4138 6180
340 292 1508 334 tW

2555 294 3122 304 ...ι-...ψ-

2803 295 2970 345 Ξ
2993 294 3377 347 riu
3475 295 3593 348 ΞΗ,

636 497 1528 662 EDlTIONlS
1612 496 2274 627 MAFFEI
2353 458 3302 628 PREFATIO.

1337 757 2646 811 ψ

387 970 519 1026 Cum
549 963 947 1038 deprehensum
995 973 1167 1031 nuper
1198 956 1267 1010 sit
1292 954 1350 1010 S.
1395 949 1581 1007 Hilarii
1613 944 1918 1003 Pictavien-
1945 942 1994 1004 Α
2025 928 2246 1038 tionem,
2276 949 2334 995 ut
2358 940 2554 1038 eruditi
2584 942 2756 1038 seculi
2787 943 2944 1015 genio
2980 959 3188 1011 morem
3229 960 3436 1017 geram,
3463 946 3623 1004 exui-

321 1067 395 1121 sis
424 1076 589 1134 opera
611 1061 665 1115 in
701 1071 861 1129 quam
892 1053 1075 1109 multis
1101 1046 1438 1106 bibliothecis
1473 1040 1792 1104 desiderari,
1822 1051 1920 1134 ve-

322 1133 624 1219 naliaivero
651 1155 704 1210 in
725 1151 877 1208 Italia
912 1149 1160 1203 tmiversa
1189 1144 1274 1198 vix
1307 1139 1528 1211 reperiri
1553 1180 1568 1204 ,
1593 1133 1924 1206 prarstautis-

322 1254 489 1309 simus
517 1247 912 1304 Canonicorum
943 1237 1338 1297 Veronensium
1380 1241 1574 1290 castus.
1599 1239 1761 1297 atque
1786 1223 1922 1280 adeo

321 1347 436 1417 ejus
485 1336 934 1410 Archipresbyter
968 1333 1205 1389 Joannes
1249 1325 1573 1384 Franciscus
1616 1318 1920 1417 Musellius,

321 1411 624 1494 studiorum
673 1428 851 1484 fautor
890 1421 1208 1487 acerrimus,
1253 1418 1568 1489 piarumque
1609 1429 1674 1468 ac
1703 1411 1926 1467 eximia-

320 1542 435 1585 rum
465 1538 648 1582 rerum
675 1526 968 1592 perpetuus
996 1522 1203 1578 auctor,
1234 1507 1617 1566 vetustissimis
1636 1504 1798 1560 etiam
1820 1502 1924 1557 Ca-

319 1617 647 1693 pitularibus
698 1609 977 1671 codicibus
1021 1619 1216 1662 novam
1263 1602 1551 1668 editionem
1583 1605 1673 1654 aut
1714 1595 1921 1693 augeri,

319 1688 408 1768 aut
436 1720 770 1779 magnopere
801 1699 1054 1759 illustrari
1079 1710 1240 1769 posse
1279 1703 1588 1766 Sperantes,
1618 1699 1677 1746 ut
1700 1688 1925 1760 praecla-

321 1804 517 1860 rissimi
547 1799 720 1856 Patris
746 1796 944 1866 scripta
971 1794 1022 1848 in
1052 1791 1154 1846 hac
1178 1788 1398 1844 civitate
1431 1785 1572 1857 typis
1609 1783 1786 1838 denuo
1816 1789 1924 1836 Ira-

319 1895 602 1955 derentur,
653 1886 1004 1944 constituere.
1054 1881 1186 1937 Cum
1235 1892 1365 1934 vero
1405 1891 1523 1931 eam
1566 1873 1698 1929 mihi
1737 1884 1922 1926 curam

320 1983 649 2043 demandare
672 1979 982 2050 placuisset,
1004 1973 1268 2038 viderem,
1319 1984 1386 2025 ne
1433 1967 1562 2039 quid
1608 1964 1774 2020 editio
1807 1965 1923 2019 luec

317 2073 630 2134 detrimenti
665 2079 921 2141 caperet;
962 2067 1089 2137 quin
1119 2066 1161 2118 si
1186 2059 1484 2118 anteriores
1538 2071 1730 2113 omnes
1782 2068 1923 2110 novo

316 2170 609 2228 accedente
639 2163 838 2231 studio,
873 2170 1034 2232 atque
1080 2157 1286 2214 iteratis
1314 2154 1460 2210 curis
1483 2149 1794 2222 supergredi
1824 2163 1922 2204 no-

313 2263 398 2320 bis
438 2262 649 2323 liceret,
699 2267 757 2312 ut
786 2254 838 2311 id
885 2237 1220 2324 nequaquam
1273 2245 1808 2318 praetermitteretur;
1853 2240 1921 2296 ad

2025 1032 2154 1088 bere
2183 1049 2365 1105 pergo.
2395 1034 2547 1090 Alter
2577 1050 2642 1090 ex
2667 1036 2771 1092 illis
2799 1051 2936 1106 opus
2963 1039 3205 1093 continet
3231 1040 3298 1096 de
3338 1041 3622 1100 Trinitate.

2029 1125 2188 1181 Liber
2209 1137 2292 1181 est
2319 1128 2542 1183 maximi
2569 1129 3131 1202 moduli,singularem
3158 1143 3267 1188 tum
3295 1134 3622 1204 litterarum,

2027 1227 2137 1272 tum
2194 1220 2519 1274 membranae
2576 1221 3022 1291 magniﬁcentiam
3077 1232 3394 1293 ostentans,
3459 1226 3630 1298 ﬁgura

2026 1311 2309 1381 quadrata,
2338 1312 2457 1366 laevi
2485 1312 2669 1368 charta
2690 1329 2754 1369 ac
2776 1314 3092 1385 plerumque
3106 1317 3307 1382 subtili,
3325 1327 3629 1376 atramento

2027 1403 2289 1457 inllavum
2320 1412 2598 1475 vergente,
2625 1407 2888 1476 scriptura
2919 1407 3100 1476 biﬁda,
3126 1423 3285 1485 atque
3315 1427 3343 1464 a
3371 1415 3631 1483 temporis

2029 1493 2237 1563 injuriis
2264 1495 2496 1549 intacta:
2524 1496 2634 1552 oris
2659 1497 2765 1554 late
2792 1485 3377 1559 circumalbicantibus.
3404 1503 3631 1577 Integra:

2029 1590 2234 1660 paginae
2265 1589 2542 1660 exemplar
2569 1592 2740 1647 vides.

2100 1703 2298 1760 Eadem
2331 1720 2542 1774 manus,
2577 1707 2710 1762 nihil
2765 1723 2988 1780 prorsus
3029 1711 3096 1766 ab
3139 1711 3240 1766 hac
3275 1712 3631 1784 amplitudine

2027 1805 2082 1851 et
2111 1797 2392 1868 scriptura:
2437 1799 2721 1870 majestate
2751 1801 3066 1868 deﬂectens,
3100 1812 3305 1873 perstat
3347 1820 3516 1877 usque
3561 1807 3634 1865 ad

2027 1897 2349 1944 extremum.
2387 1890 2498 1947 Sub
2522 1891 2679 1946 ﬁnem
2711 1900 2819 1947 tres
2850 1902 2944 1948 aut
2986 1904 3218 1964 quatuor
3254 1893 3634 1956 desiderantur

2026 1982 2248 2046 charta»,
2282 1993 2609 2052 quapropter
2645 1998 2744 2038 nec
2781 1983 3011 2052 librarii,
3045 2000 3144 2041 nec
3174 1988 3432 2058 temporis
3462 2003 3627 2060 supe-

2028 2080 2142 2126 rest
2168 2081 2292 2128 uota
2315 2089 2330 2139 ;
2356 2074 2449 2129 sed
2474 2075 2662 2144 quinto
2691 2084 2782 2130 aut
2810 2086 2963 2130 sexto
2984 2077 3169 2132 seculo
3211 2088 3490 2135 exaratum
3531 2095 3629 2136 co-

2027 2163 2200 2221 dicem
2230 2166 2425 2221 iudicia
2459 2168 2783 2237 persuadent
2801 2169 3003 2226 omnia.
3030 2171 3382 2241 Antiquitatis
3402 2174 3630 2246 gloriam

2029 2258 2249 2313 minime
2275 2273 2404 2327 ergo
2443 2257 2617 2315 codex
2663 2269 2848 2316 noster
2893 2262 3191 2332 percelebri
3243 2265 3320 2320 illi
3359 2267 3634 2335 concedit,

315 2365 650 2424 posuemam
701 2346 988 2418 praecipue,
1019 2357 1138 2412 quae
1183 2355 1213 2395 a
1263 2335 1628 2394 Benedictinis
1665 2333 1922 2389 Maurinaa

2027 2349 2117 2417 qui
2145 2348 2198 2403 in
2228 2349 2465 2406 Archivo
2496 2349 2764 2406 Vaticanae
2793 2352 3036 2408 Basilica:
3058 2355 3380 2425 custoditur,
3407 2369 3462 2414 et
3483 2333 3632 2417 velut

313 2442 751 2517 congregationis
791 2435 1066 2494 Monachis
1107 2432 1383 2490 elaborata
1432 2439 1538 2495 est,
1571 2443 1641 2484 ne
1669 2427 1797 2482 dum
1831 2427 1918 2482 in-

312 2538 672 2611 Spiciendam,
701 2533 796 2590 sed
822 2540 1080 2604 quantum
1111 2527 1309 2598 ingenii
1351 2525 1456 2580 mei
1485 2524 1718 2579 tenuitas
1773 2520 1922 2577 fere-

314 2632 430 2697 bat,
459 2625 835 2685 excutiendam
875 2623 1036 2678 etiam
1078 2633 1140 2674 ac
1170 2615 1539 2688 pensitaudam
1579 2627 1666 2669 me
1694 2611 1919 2667 contuli.

314 2723 704 2779 Verumtamen
747 2717 891 2772 illam
932 2721 1040 2768 tam
1084 2710 1262 2775 docte,
1293 2716 1400 2762 tam
1451 2705 1756 2775 diligenter,
1813 2712 1920 2757 tam

314 2815 562 2873 studiose
591 2808 916 2872 confectam,
947 2803 1294 2873 numerisque
1329 2798 1580 2854 omnibus
1616 2795 1920 2851 absolutam

316 2907 603 2980 percipere
627 2900 757 2957 mihi
787 2899 935 2954 visus
963 2911 1106 2961 sum,
1139 2903 1195 2948 ut
1232 2892 1300 2948 ab
1328 2906 1390 2948 ea
1421 2887 1777 2946 recedendum
1822 2885 1924 2942 mi-

317 2999 466 3056 nime
496 2991 870 3056 existimarim,
897 2998 952 3046 et
983 2987 1176 3059 piaculi
1211 2986 1328 3040 loco
1357 2983 1599 3038 duxerim
1647 2980 1923 3037 intermis-

316 3105 447 3148 cere
487 3087 800 3160 quidquam,
851 3082 1188 3149 laudatzeque
1232 3090 1419 3131 eorum
1457 3073 1724 3128 editorum
1765 3069 1924 3126 indu-

315 3186 470 3243 striae
553 3179 1060 3253 quomodocumque
1134 3184 1327 3228 manus
1405 3167 1626 3222 inferre.
1721 3168 1922 3219 Auctor

323 3285 615 3350 pwpterea
651 3271 749 3338 fui,
775 3280 834 3325 ut
861 3266 1108 3324 Parisina
1139 3263 1297 3334 plane
1325 3258 1492 3316 editio
1530 3254 1918 3350 recudereturi

319 3347 483 3426 simul
507 3376 708 3432 tamen,
741 3360 883 3434 quod
907 3359 1066 3414 unice
1090 3355 1246 3412 nobis
1275 3357 1545 3423 Superest,
1572 3347 1822 3421 quicquid
1853 3347 1921 3404 ad

323 3477 442 3518 eam
466 3455 761 3514 ornandam
791 3469 858 3509 ex
881 3465 1013 3507 mss.
1042 3446 1319 3505 codicibus
1347 3447 1544 3500 nostris
1572 3443 1686 3498 erui
1719 3447 1920 3513 posset,

321 3543 1131 3621 excerpereturdiligentissime
1153 3550 1312 3611 atque
1337 3537 1389 3594 in
1420 3536 1691 3608 publicum
1721 3533 1921 3589 bonum

318 3647 680 3704 emitteretur.
708 3638 894 3708 Neque
927 3634 1072 3692 enim
1109 3631 1362 3688 assentiri
1393 3628 1638 3700 profecto
1681 3639 1919 3698 possem,

318 3749 378 3796 ut
400 3741 456 3794 in
483 3737 585 3791 hac
621 3732 758 3788 urbe
785 3743 1002 3802 quoque
1049 3742 1166 3781 mos
1195 3723 1521 3794 arriperetur
1548 3735 1734 3775 eorum
1769 3729 1922 3790 typo-

317 3828 676 3905 grapborum,
715 3823 807 3897 qui
862 3823 1070 3877 lucrum
1096 3821 1412 3890 papyraceis
1454 3814 1720 3870 mercibus
1759 3825 1925 3867 aucu-

319 3922 522 3996 paturi,
545 3921 613 3975 de
640 3926 943 3974 atramento
969 3928 1033 3969 ac
1059 3911 1126 3967 de
1160 3910 1470 3966 chartarum
1491 3905 1743 3977 plaustris
1765 3905 1924 3960 unice

318 4025 451 4074 sunt
480 4012 718 4076 solliciti,
736 4023 960 4080 remque
985 4005 1256 4062 librariam
1280 4019 1311 4058 e
1346 4002 1594 4056 litteratis
1616 3997 1924 4054 hominibus

319 4108 564 4182 pendere
606 4106 936 4178 ignorantes,
967 4101 1230 4157 editiones
1263 4096 1385 4152 alibi
1418 4095 1584 4151 factas
1625 4093 1774 4148 nullo
1804 4103 1919 4145 stu.

319 4203 409 4258 dio
435 4199 725 4262 recuduut,
759 4193 988 4252 consilio
1031 4191 1200 4247 nullo.
1233 4189 1268 4245 li
1301 4188 1508 4243 scilicet
1534 4201 1602 4241 ne
1629 4184 1696 4240 de
1728 4182 1923 4252 praefa-

319 4293 559 4351 tiuncula
587 4290 836 4347 addenda
867 4287 1104 4360 cogitant
1129 4282 1367 4354 quidem,
1416 4279 1614 4336 nedum
1667 4275 1923 4332 illustrari

321 4393 482 4449 novis
510 4388 680 4452 curis,
711 4361 870 4455 attfue
888 4380 1072 4450 augeri
1111 4385 1353 4433 veterum
1388 4372 1722 4442 Scriptorum
1745 4367 1924 4439 Opera

322 4494 601 4559 satagant;
626 4455 753 4553 quin
781 4492 902 4532 cum
931 4475 1037 4530 duo
1065 4482 1155 4527 aut
1187 4471 1307 4536 tria,
1329 4463 1920 4559 titulumexbiben‘tes,

326 4582 394 4637 de
413 4554 514 4635 suo
545 4576 790 4648 proferre
817 4567 977 4624 verba
1001 4571 1280 4636 cogantur,
1329 4560 1416 4616 illa
1463 4557 1680 4630 ipsimet
1733 4554 1914 4648 adjun-

328 4681 483 4745 gunt,
507 4647 667 4742 atque
694 4665 898 4722 solosco
923 4661 1124 4730 aliquo,
1166 4658 1212 4712 si
1244 4657 1355 4711 Deo
1385 4653 1581 4726 placet,
1629 4650 1727 4745 vel
1745 4647 1924 4745 lepida

325 4741 556 4840 quadam
584 4741 888 4818 iridiculave
918 4751 1144 4810 formula
1194 4748 1315 4806 libri
1355 4741 1927 4840 fronteminsignittnt

324 4833 652 4933 quandoque
685 4865 749 4907 ac
778 4849 1131 4916 distinguunt.
1161 4841 1556 4914 Deplorandum
1599 4839 1722 4933 hoc,
1761 4845 1817 4933 et
1847 4833 1926 4933 fa-

326 4927 436 5008 tale
495 4942 882 5021 propemodum
925 4939 1113 4994 Italico
1169 4935 1371 4991 nomini
1415 4933 1616 4989 malum
1665 4927 1806 4984 haud
1853 4928 1924 4982 ita

324 5041 571 5120 profecto
595 5039 866 5110 glisceret,
889 5031 1052 5089 modo
1087 5030 1174 5102 qui
1202 5029 1370 5085 libros
1403 5027 1614 5083 delectu
1655 5023 1804 5120 nullo
1825 5064 1840 5089 ,
1870 5029 1927 5079 et

1947 3717 1992 3780 C

2029 2437 2186 2493 unice
2215 2439 2618 2496 vetustissimus
2648 2441 2715 2497 ad
2741 2441 2881 2498 hanc
2910 2443 3055 2498 diem
3084 2445 3480 2516 depraedicatus
3505 2461 3587 2506 est
3612 2469 3628 2507 :

2026 2530 2169 2601 quod
2220 2531 2364 2586 enim
2413 2547 2534 2587 eum
2585 2532 2647 2587 P.
2704 2533 3044 2591 Mabillonius
3095 2535 3318 2605 dixerit,
3369 2541 3632 2611 scriptum

2026 2637 2149 2678 esse
2177 2623 2270 2678 sub
2297 2626 2449 2694 ﬁnem
2487 2627 2646 2681 seculi
2679 2629 2851 2696 quarti
2879 2639 2968 2683 aut
3008 2630 3214 2686 ineunte
3261 2634 3463 2700 quinto,
3510 2649 3632 2705 qua:

2028 2715 2191 2770 verba
2220 2715 2279 2770 P.
2311 2714 2592 2773 Cutantius
2617 2721 2810 2790 repetit
2836 2722 2887 2775 iu
2919 2722 3239 2793 praefatione
3259 2765 3274 2790 ,
3315 2725 3366 2780 id
3398 2741 3550 2782 mero
3575 2737 3636 2784 et

2027 2806 2391 2863 involuntario
2422 2809 2575 2881 lapsu
2601 2812 2731 2867 viris
2761 2812 3090 2869 doctissimis
3135 2815 3409 2874 excidisse
3448 2829 3623 2888 patet,

2023 2911 2146 2954 cum
2175 2899 2242 2954 ad
2273 2915 2472 2956 annum
2503 2903 2772 2959 decimum
2797 2914 2850 2960 et
2872 2907 3362 2978 quingentesimum
3384 2911 3630 2981 ejusdem

2024 2992 2368 3048 collationem
2400 3005 2655 3052 revocent
2685 3013 2698 3051 :
2728 3013 2836 3068 quo
2856 3008 3088 3068 constat,
3133 3003 3226 3057 sub
3274 3004 3432 3074 ﬁnem
3469 3008 3637 3063 secuti

2023 3086 2208 3152 quinti,
2240 3097 2329 3140 aut
2356 3089 2560 3142 ineunte
2582 3098 2725 3142 sexto
2771 3089 2870 3160 (Re
2899 3089 3046 3162 Dipt.
3071 3091 3159 3146 lib.
3212 3109 3267 3159 v,
3315 3112 3437 3166 pag.
3470 3097 3627 3170 550),

2024 3178 2410 3233 enuntiandum
2437 3178 2624 3235 fuisse.
2651 3180 2848 3237 Verum
2870 3184 3130 3254 suspicari
3155 3200 3242 3240 me
3259 3188 3631 3257 vehementer,

2025 3267 2486 3336 hallucinationis,
2524 3281 2616 3326 aut
2640 3274 2842 3328 erroris
2870 3275 3141 3346 quidpiam
3168 3278 3220 3332 in
3243 3278 3446 3348 judicio
3473 3280 3542 3337 de
3561 3296 3632 3338 eo

2024 3362 2211 3417 codice
2236 3361 2302 3417 ad
2334 3361 2474 3418 hanc
2503 3362 2646 3420 diem
2679 3365 2788 3420 lato
2819 3365 3066 3434 subesse,
3094 3367 3402 3436 aclatitare,
3427 3387 3631 3443 nequa-

2026 3471 2186 3527 quam
2217 3456 2518 3512 dissimulo.
2557 3458 2816 3524 Quamvis
2843 3460 2986 3514 enim
3025 3476 3055 3515 e
3083 3461 3466 3519 Mabilloniano
3505 3479 3633 3535 spe~

2023 3551 2222 3605 cimine
2247 3550 2442 3606 eximia
2476 3550 2600 3606 libri
2630 3560 2872 3607 vetustas
2903 3562 3182 3623 appareat,
3215 3570 3323 3611 non
3359 3557 3631 3627 ejusmodi

2023 3653 2247 3714 apparet
2277 3653 2476 3710 tamen,
2529 3659 2648 3713 quas
2689 3643 2985 3699 secundum
3029 3647 3438 3703 observationes
3477 3664 3630 3705 com-

2029 3737 2262 3792 munitcr
2299 3735 2566 3791 adhibitas
2613 3752 2781 3808 usque
2809 3753 2874 3792 eo
2913 3741 3158 3794 revocari
3203 3740 3393 3810 possit.
3437 3740 3630 3798 Testes

2029 3829 2278 3900 appello,
2318 3829 2646 3900 quicumque
2699 3831 2751 3884 iu
2795 3831 2986 3901 priscis
3031 3833 3404 3902 perquirendis
3433 3836 3634 3892 codici-

2029 3920 2150 3988 bus,
2211 3935 2274 3974 ac
2324 3920 2560 3976 terendis
2616 3921 2838 3977 minime
2887 3922 3303 3992 perfunctoriam
3349 3927 3636 3997 posuerint

2027 4027 2269 4082 operam.
2304 4005 2756 4083 Libero'siquidem
2785 4013 2852 4070 de
2897 4031 3003 4084 quo
3029 4017 3236 4086 agimus
3274 4033 3336 4073 ea
3365 4020 3632 4088 scriptura

2027 4114 2259 4167 constat,
2285 4105 2336 4158 in
2368 4120 2528 4174 quam
2561 4105 2798 4176 sequiori
2845 4121 2961 4160 :evo
3007 4108 3207 4162 sensim
3248 4108 3466 4165 deflexit
3521 4111 3631 4166 Ro-

2028 4208 2308 4249 manorum
2342 4196 2589 4261 uncialis,
2617 4196 2736 4249 solo
2774 4195 2816 4250 N
2856 4195 3115 4267 majorem
3157 4214 3220 4255 ac
3250 4202 3482 4270 priscam
3514 4201 3628 4258 for-

2029 4300 2170 4340 mam
2200 4285 2488 4342 retinente.
2520 4285 2617 4341 lllo
2643 4287 2914 4344 scribendi
2935 4304 3135 4360 genere
3162 4292 3314 4347 multi
3348 4295 3530 4350 multis
3575 4298 3630 4352 in

2028 4376 2164 4432 locis
2184 4377 2524 4447 reperiuntur
2561 4377 2798 4447 codices,
2838 4395 3064 4449 quorum
3112 4368 3418 4454 quempiam
3465 4401 3629 4443 nemo

2028 4484 2282 4540 umquam
2312 4467 2411 4524 fuit
2443 4468 2533 4540 qui
2569 4470 2620 4525 in
2653 4480 2853 4526 tantam
2881 4481 3202 4530 vetustatem
3231 4487 3519 4534 assereret.
3553 4482 3628 4537 At

2029 4562 2098 4616 de
2126 4561 2393 4632 adscripta
2420 4562 2626 4632 epoclta
2665 4563 2790 4632 quid
2829 4563 3110 4621 dicemus?
3137 4567 3252 4623 haec
3295 4570 3503 4626 scilicet
3532 4571 3658 4646 ba-g

2028 4657 2141 4713 beri
2168 4657 2417 4713 dicuntur
2457 4657 2524 4712 ad
2553 4658 2793 4714 calcem:
2826 4659 3035 4716 Contuli
3076 4662 3130 4716 in
3168 4664 3371 4720 nomine
3422 4665 3631 4723 Domini

2027 4748 2155 4806 Iesu
2197 4751 2388 4807 Christi
2433 4762 2560 4822 aput
2593 4751 2806 4808 Kasulis
2831 4757 3136 4810 constitutus
3165 4773 3300 4812 anno
3347 4760 3630 4829 quartode-

2027 4845 2160 4899 cimo
2189 4843 2537 4899 Trasamundi
2583 4847 2718 4916 regis
2750 4862 2768 4900 :
2807 4861 2928 4917 qua:
2963 4847 3181 4917 quidem
3208 4849 3372 4905 verba
3398 4853 3624 4924 inscrip-

2030 4939 2217 4992 tionem
2241 4936 2512 5008 cujusdam
2535 4937 2752 4992 studiosi
2793 4937 3132 4994 Mabillonius
3173 4942 3445 5011 appellat;
3499 4959 3628 5002 vere

2029 5039 2208 5088 autem
2237 5031 2305 5085 ab
2328 5029 2420 5085 illo
2440 5029 2649 5100 adjecta
2676 5041 2822 5096 sunt,
2847 5030 2936 5100 qui
2961 5030 3226 5097 codicem,
3257 5042 3314 5088 ut
3343 5048 3462 5090 mos
3486 5043 3628 5104 erat,

326 5107 517 5194 audito
547 5107 753 5188 tantum
795 5130 1089 5184 Auctorum
1134 5125 1353 5179 nomine
1399 5121 1580 5175 statim
1630 5107 2258 5184 redimunt,Dcontulit
2306 5131 2466 5193 atque
2525 5122 2850 5178 emendavit.
2899 5121 2990 5178 Sic
3043 5122 3112 5178 ad
3168 5124 3372 5180 calcem
3419 5125 3627 5199 Virgilii

330 5229 436 5286 sibi
465 5231 719 5282 caverent
744 5219 1152 5291 aliquantisper,
1202 5228 1302 5270 nec
1335 5213 1478 5285 quod
1529 5210 1835 5268 inconsulto
1873 5216 1930 5266 et
2030 5214 2255 5273 Medicei
2300 5214 2576 5271 adnotavit
2622 5213 2808 5269 Ruﬁus
2846 5213 3189 5285 Apronianus
3227 5233 3242 5271 :
3285 5215 3413 5289 Legi
3454 5226 3502 5274 et
3547 5220 3631 5274 dt-

331 5319 580 5391 imperite
632 5316 688 5372 in
719 5315 821 5370 hoc
848 5325 1047 5384 genere
1094 5309 1385 5381 peragitur,
1438 5303 1626 5361 eadem
1673 5302 1930 5358 comitate
2030 5309 2239 5376 stincxi,
2268 5317 2400 5376 etc.,
2443 5307 2658 5374 deinde,
2708 5307 2965 5364 Distincxi
3003 5311 3308 5380 emendans,
3341 5321 3448 5370 etc.
3490 5314 3630 5372 Cum

333 5414 668 5483 exciperent,
687 5421 753 5463 ac
767 5403 908 5477 quod
931 5402 1170 5458 studiose
1183 5409 1344 5471 atque
1365 5397 1568 5453 utiliter
1596 5394 1927 5452 elaboratur.

406 5505 524 5562 Jam
553 5517 684 5560 vero
703 5515 828 5557 cum
857 5499 967 5555 duo
991 5494 1257 5568 praecipue
1286 5492 1343 5548 in
1365 5489 1762 5564 Capitularibus
1795 5489 1930 5546 scri-

333 5599 442 5658 niis
470 5599 530 5654 S.
554 5594 742 5651 Hilarii
764 5591 979 5650 codices
1001 5589 1323 5652 habeantur,
1354 5584 1552 5657 quibus
1590 5600 1694 5640 non
1735 5584 1932 5640 multas

334 5691 498 5747 velim
527 5703 592 5745 ex
624 5687 778 5743 istius
793 5681 940 5741 modi
970 5680 1212 5752 reliquiis
1235 5721 1251 5748 ,
1269 5691 1608 5750 quacumque
1632 5676 1848 5733 tandem
1875 5676 1930 5733 in

337 5784 668 5843 Bibliotheca
697 5777 1076 5852 superantibus
1103 5785 1399 5848 anteponas
1416 5813 1430 5828 .
1453 5787 1643 5829 eorum
1683 5770 1928 5842 descrip-

2029 5417 2162 5474 ergo
2188 5402 2241 5458 in
2273 5401 2536 5456 Hilariani
2566 5399 2770 5456 codicis
2793 5402 3189 5473 subscriptione
3227 5417 3428 5461 annum
3469 5421 3631 5478 quar-

2034 5492 2416 5549 tumdecimum
2463 5490 2812 5547 Trasamundi
2855 5493 3010 5564 Regis
3041 5493 3232 5565 legerit
3280 5496 3624 5567 Holstenius,

2037 5599 2183 5642 anno
2212 5585 2399 5640 saltem
2427 5583 2629 5640 Chrisﬁ
2661 5583 2757 5639 DX
2787 5585 3044 5655 scriptum
3076 5581 3242 5644 fuisse
3276 5605 3465 5645 omnes
3499 5591 3630 5647 sub-

2039 5678 2165 5736 inde
2199 5676 2404 5733 assensi
2445 5686 2592 5732 sunt.
2640 5676 2764 5732 [λιιιξο
2807 5676 3155 5734 nihilominus
3194 5679 3376 5750 opinio
3405 5680 3631 5738 multum
3679 5753 3684 5758 η

2037 5772 2338 5830 inﬁrmetur
2367 5785 2590 5830 necesse
2623 5779 2726 5840 est,
2761 5770 2852 5827 ubi
2895 5771 3384 5832 animadvertamus
3411 5776 3634 5832 verbum
