4138 6180
482 247 546 302 ιιι
1812 235 2068 296 ἷιΙᾹΗἘΙ

2175 233 2445 292 ιιτιοκιδ
3689 239 3748 293 ιν

482 361 638 425 illud,
697 367 851 428 prout
907 357 958 410 in
1011 355 1302 426 Specimine
1354 361 1791 422 repra-senMur,
1841 366 1938 405 nec
1985 365 2082 420 pro
2109 356 2162 412 Α
2190 349 2329 400 bium
2358 358 2633 400 revocatct
2667 360 2770 400 non
2801 345 2988 409 defuit,
3021 361 3118 400 nec
3149 346 3338 417 Operis
3367 348 3629 419 inscriptio
3662 371 3752 424 ap-

484 449 826 507 Trasamuiidi
845 489 858 512 ,
889 463 987 504 nec
1008 463 1106 520 pro
1130 444 1460 502 Trasamund
1479 444 1580 515 legi
1608 457 1797 515 posse;
1823 442 1914 498 ubi
1933 443 2082 506 enim

484 545 572 598 m?
628 543 716 596 ubi
769 559 802 596 a
847 538 1083 610 duplex?
1138 537 1226 592 tibi
1272 537 1344 592 u?
1398 551 1587 594 vereor
1637 551 1765 605 ergo
1819 549 1886 590 ne
1935 534 2080 590 aliud

491 635 760 705 quoddam
791 634 859 686 ibi
894 633 1065 686 latitet
1094 646 1287 684 nomen
1313 646 1326 692 ;
1356 629 1501 683 circa
1532 627 1658 682 illtid
1690 642 1838 692 vero,
1871 627 1959 696 qui
1987 641 2080 680 co-

485 726 660 781 dicem
691 741 795 780 non
827 725 1072 788 viderim,
1098 721 1517 776 divinationibus
1538 735 1717 790 parco.
1749 719 1917 774 liictio
1945 735 2081 789 quo-

483 833 608 888 que,
639 833 793 888 quam
844 832 938 885 pro
985 813 1218 868 Putzalis
1267 814 1473 882 acet-pit
1511 810 1852 874 Holstenius,
1889 819 1943 865 et
1981 825 2078 880 pro

482 909 698 968 Kasulis
741 909 1083 966 Maliilloiiius
1123 907 1306 972 habet,
1332 905 1400 959 de
1426 903 1621 960 Casula
1673 904 1949 972 explicans
1977 904 2078 974 By-

485 1010 697 1056 zacente
721 999 1008 1070 provincia:
1033 999 1272 1064 civitate,
1299 995 1452 1050 valde
1477 996 1528 1050 in
1566 994 1817 1062 ambiguo
1842 1005 1922 1048 est
1944 1010 1958 1058 ;
1983 1010 2080 1048 ne-

481 1110 586 1165 que
617 1095 761 1150 enim
792 1094 1018 1163 primam
1077 1091 1333 1154 litteram,
1386 1097 1466 1142 ut"
1498 1088 1570 1142 ibi
1624 1086 1916 1156 effingitur,
1980 1101 2078 1156 pro

481 1187 665 1257 Kappa
706 1188 969 1256 recipient
1015 1182 1482 1254 diplomaticorum
1531 1181 1809 1237 hominum
1859 1180 1992 1242 lilii;
2023 1189 2078 1235 et

481 1281 678 1336 mirum
711 1279 875 1333 videri
905 1279 1093 1348 possit,
1124 1275 1431 1346 Augustini,
1463 1272 1740 1344 Cypriani,
1763 1271 2077 1327 Tertulliani

481 1372 536 1426 in
575 1371 750 1425 Africa
799 1371 997 1438 scripta
1027 1367 1354 1437 exemplaria
1395 1380 1500 1421 non
1531 1364 1737 1430 haberi,
1769 1363 1954 1421 haberi
1982 1379 2079 1418 au-

481 1472 591 1521 tem
615 1465 800 1520 Hilarii
828 1463 1200 1520 Pictaviensis.

551 1555 622 1611 At
652 1556 720 1611 de
751 1555 832 1610 his
861 1554 1116 1625 quidquid
1167 1552 1455 1622 unicuique
1500 1551 1630 1607 libet
1669 1551 1941 1615 credatur,
1977 1566 2076 1606 ne-

480 1665 586 1719 que
613 1652 755 1704 enim
786 1649 1073 1720 quidquam
1107 1649 1387 1718 praefracte
1417 1656 1616 1713 statuo,
1645 1661 1820 1719 neque
1839 1647 1984 1702 aliud
2024 1648 2076 1701 in

2183 447 2398 510 pareat,
2431 455 2550 508 qnze
2578 436 2939 493 diversimode
2985 438 3188 506 prolata
3227 447 3328 493 est.
3370 438 3546 495 Utrum
3581 443 3751 499 itidem

2183 530 2332 587 libris
2365 546 2441 586 xu
2483 531 2573 586 ille
2601 529 2669 585 de
2717 531 2820 586 lide
2873 529 3223 586 Orientalium
3266 531 3662 602 adjnngeretur,
3691 552 3755 593 ex

2183 639 2287 692 quo
2311 623 2690 678 Cassiodm-itts
2712 627 2951 678 tredecim
2974 627 3128 679 libros
3152 627 3282 679 beati
3306 625 3496 680 Hilarii
3515 629 3575 680 de
3595 640 3758 687 sancta

2183 714 2430 770 Triuitate
2458 717 2809 782 memoravit,
2843 733 2906 771 ex
2951 717 3048 773 Ms.
3082 718 3408 771 mutilatione
3447 721 3758 789 ignoramus.

2183 805 2328 861 Libri
2355 809 2404 860 iii
2437 808 2610 876 capita
2633 809 2880 863 videnlur
2901 809 3084 874 dividi,
3110 813 3203 863 sed
3230 811 3513 864 admodum
3545 813 3763 880 prolixa.

2183 899 2312 966 Quae
2341 899 2639 954 afferuntur
2668 905 3014 956 auctoritates
3058 902 3302 956 vei-sibus
3327 904 3636 958 ari-tioribus
3685 905 3764 958 iii-

2183 992 2291 1063 digi
2316 1008 2474 1048 antur
2502 1012 2514 1047 :
2545 996 2704 1048 verba
2727 994 2780 1057 si
2798 1010 2914 1062 qua:
2940 996 3151 1048 fuerant.
3175 995 3395 1060 omissa,
3421 997 3619 1050 minuto
3643 994 3767 1048 cha-

2184 1097 2388 1143 ractere
2417 1089 2764 1156 superaddita
2787 1089 3050 1153 visuntur,
3074 1098 3130 1144 at
3152 1091 3390 1160 ejusdem
3420 1089 3607 1162 ubique
3639 1088 3766 1159 figu-

2185 1195 2260 1235 τω
2287 1195 2349 1236 ac
2380 1181 2601 1248 majoris
2627 1179 2832 1235 formae.

2253 1270 2385 1328 Cum
2417 1272 2598 1328 multis
2638 1271 2835 1328 abhinc
2862 1272 3016 1328 annis
3047 1272 3252 1345 (neque
3282 1273 3424 1330 enim
3478 1275 3767 1345 ἐχθεσινός,

2181 1374 2275 1420 aut
2305 1367 2507 1420 hornus
2538 1367 2622 1424 hic
2649 1366 2800 1422 labor
2823 1367 2930 1440 est)
2952 1369 3001 1420 in
3032 1367 3172 1422 hunc
3195 1367 3510 1440 praeclarum
3533 1351 3769 1426 codiceni

2181 1457 2358 1527 primo
2382 1457 2691 1513 incidissem
2713 1497 2728 1524 ,
2757 1459 2956 1528 impetu
2983 1459 3214 1529 quodam
3245 1459 3312 1514 ad
3345 1460 3679 1518 decantatum
3709 1459 3770 1515 li-

2183 1549 2265 1604 bri
2307 1551 2564 1614 secundi,
2596 1553 2770 1622 capite
2819 1551 2870 1604 in
2920 1562 3190 1621 postrema
3236 1551 3472 1612 editione
3519 1553 3771 1624 vigesimo

2183 1643 2412 1714 septimo
2431 1683 2447 1708 ,
2478 1641 2869 1711 inspiciendum
2913 1643 3091 1700 locum
3123 1658 3208 1700 me
3236 1645 3436 1700 contuli
3467 1662 3478 1700 :
3507 1659 3574 1700 ex
3604 1660 3667 1701 eo
3697 1645 3772 1702 si-

477 1745 768 1818 przesentia
799 1743 866 1797 ad
897 1757 1006 1797 rem
1038 1743 1271 1813 pertinet
1295 1751 1554 1808 nostram,
1581 1742 1682 1797 nisi
1707 1753 1764 1796 ut
1793 1758 1856 1798 ex
1879 1742 2077 1814 utrins-
2107 1745 2155 1805 Β
2184 1737 2398 1808 quidem
2423 1735 2702 1791 acerrima:
2726 1751 2847 1790 cum
2871 1745 3058 1790 octavo
3084 1752 3147 1792 ac
3179 1754 3320 1793 nono
3352 1741 3534 1793 seculo
3555 1749 3777 1793 conten-

478 1822 583 1910 que
613 1824 923 1910 speciminis
952 1822 1242 1891 collatione
1278 1835 1558 1891 vetustatis
1601 1836 1756 1892 laude
1804 1836 2080 1896 Veronen-

474 1947 588 2004 sem
612 1931 854 1988 codicem
885 1928 1292 1986 anteferendum
1321 1942 1464 1992 esse,
1505 1929 1694 1984 doctus
1722 1929 1892 1983 lector
1913 1944 2080 2000 agno-

479 2035 611 2079 scat.
645 2024 798 2094 Quod
825 2026 868 2078 si
893 2033 1158 2078 vetustate
1185 2038 1520 2095 nequaquam
1551 2023 1904 2092 prmcelleret,
1945 2025 2078 2082 satis

478 2115 740 2186 pra‘cellit
768 2116 1145 2171 emendatione
1195 2129 1258 2169 ae
1307 2114 1447 2180 fide;
1494 2115 1688 2170 menda
1715 2115 1984 2185 siquidem
2022 2117 2077 2170 in

479 2208 740 2263 Vaticano
767 2208 1044 2284 abundare
1081 2208 1288 2262 monuit
1317 2209 1624 2278 Cutaiitius,
1648 2223 1770 2265 cum
1813 2210 1866 2263 in
1907 2209 2079 2266 Vero-

477 2301 636 2357 nensi
666 2317 884 2371 perraro
913 2311 1218 2364 occurrant,
1251 2300 1322 2356 ita
1357 2311 1413 2356 ut
1436 2305 1878 2372 paragrammatis
1900 2303 2080 2358 minus

477 2395 874 2452 coiitatninatos
906 2393 1118 2448 codices
1156 2409 1352 2464 paucos
1393 2394 1638 2452 viderim.
1687 2396 1888 2450 Priscae
1913 2396 2076 2452 etiam

478 2487 877 2559 orthographia:
898 2489 1306 2546 commendatur
1322 2504 1420 2546 usu
1440 2504 1457 2553 ;
1483 2498 1764 2558 propterea
1784 2488 1872 2548 ubi
1895 2502 2078 2544 exem-

476 2581 550 2652 pli
572 2581 738 2654 gratia
767 2582 820 2634 in
847 2581 1008 2638 editis
1023 2581 1320 2652 attingimus
1343 2579 1527 2652 (hujus
1547 2582 1799 2640 editionis
1818 2580 1926 2636 col.
1955 2579 2074 2650 54),

476 2677 532 2731 in
561 2692 662 2738 ms.
696 2685 778 2734 est
805 2675 1151 2749 adtingimus;
1186 2676 1271 2731 tibi
1299 2690 1350 2732 c.
1384 2673 1514 2741 2:25,
1549 2686 1603 2730 ut
1635 2675 1687 2729 id
1715 2675 1779 2731 de
1823 2693 1924 2745 quo
1963 2677 2078 2746 agi-

472 2777 558 2822 tur
595 2779 930 2839 assequatar;
960 2772 1010 2824 in
1044 2788 1146 2826 ius.
1171 2769 1516 2839 adsequamur
1547 2787 1566 2823 :
1596 2769 1792 2842 quibus
1829 2769 2078 2828 lectioni-

473 2864 576 2922 bus
596 2879 788 2919 sensus
819 2879 1032 2934 quoiiue
1061 2862 1382 2920 restituitur.
1413 2862 1572 2918 Plura
1602 2863 1654 2916 in
1689 2865 1954 2919 Anetores
1982 2879 2076 2917 ve-

474 2967 619 3013 teres
644 2958 847 3016 invecta
893 2967 1014 3011 sunt
1041 2957 1347 3027 aenigmata,
1379 2955 1520 3025 quod
1556 2954 1756 3010 librarii
1798 2954 2072 3023 vulgarent

476 3048 860 3120 pronuntiandi
891 3048 1171 3112 mollitiem
1203 3056 1512 3117 sequentes,
1558 3061 1588 3102 a
1617 3056 1761 3102 recta
1791 3045 1892 3102 hac
1933 3048 2072 3103 scri-

2186 1833 2380 1896 tiones,
2400 1843 2510 1885 tum
2533 1845 2599 1884 eo
2620 1832 2850 1886 maxime
2873 1839 3114 1900 tempore
3140 1833 3344 1888 iterata:
3376 1835 3518 1889 inter
3544 1833 3780 1890 eruditos

2183 1926 2328 1979 viros
2371 1924 2650 1980 fervebant
2692 1923 3129 1996 disceptationes.
3185 1924 3486 1982 Censebam
3531 1929 3781 1997 equidem

2181 2033 2303 2074 eam
2330 2019 2710 2073 controversia:
2741 2027 2969 2088 partem,
2999 2034 3118 2088 quin
3147 2034 3212 2073 ex
3239 2021 3477 2091 antiquis
3503 2021 3782 2076 codicibus

2184 2109 2412 2180 pendet,
2435 2111 2536 2166 hoc
2562 2111 2900 2181 potissimum
2932 2129 3093 2182 supra
3120 2123 3347 2170 eteteros
3374 2117 3596 2186 antiquo
3622 2126 3786 2186 atque

2181 2204 2382 2259 exitiiio
2409 2203 2594 2259 codice
2611 2205 2935 2276 diremptum
2955 2208 3048 2262 iri:
3071 2207 3165 2263 sed
3190 2209 3405 2277 mirum,
3439 2212 3491 2265 in
3517 2209 3620 2265 hoc
3644 2226 3783 2282 quo-

2181 2311 2286 2365 que
2305 2295 2447 2366 quod
2474 2311 2574 2352 nos
2593 2298 2853 2367 ancipites
2873 2297 3048 2353 adlmc
3070 2299 3355 2371 relinquat,
3377 2318 3462 2357 me
3486 2304 3786 2372 deprehen-

2181 2385 2350 2442 disse.
2373 2386 2699 2453 Qnmstionis
2727 2402 2889 2460 caput
2923 2403 3024 2457 est,
3059 2403 3236 2448 utrum
3281 2394 3333 2448 in
3390 2393 3498 2451 fine
3545 2395 3793 2467 prandisti

2179 2481 2370 2548 capitis
2407 2481 2686 2551 legendum
2727 2484 2830 2546 sit,
2864 2483 2986 2538 dum
3014 2488 3185 2541 carnis
3214 2488 3476 2544 lium’litas
3501 2488 3793 2556 adoretur,

2178 2585 2246 2626 an
2278 2587 2426 2640 vero,
2449 2573 2573 2628 dum
2599 2577 2772 2630 carnis
2801 2576 3068 2632 humilitas
3092 2580 3399 2648 adaptatur;
3419 2598 3658 2652 eumque
3685 2581 3792 2637 dis-

2177 2675 2402 2734 crepent
2429 2681 2497 2722 eo
2528 2667 2646 2721 loco
2672 2685 2778 2724 non
2805 2670 2989 2726 excusi
3014 2681 3216 2726 tantum
3238 2714 3254 2737 .
3283 2674 3378 2730 sed
3408 2687 3462 2730 et
3502 2676 3700 2745 scripti
3731 2677 3796 2732 li-

2183 2757 2264 2812 bri
2291 2799 2306 2822 ,
2342 2769 2458 2812 utra
2490 2758 2820 2826 praeferenda
2849 2763 2918 2817 sit
2950 2764 3142 2829 lectio,
3172 2775 3290 2824 utra
3321 2768 3390 2820 ah
3416 2780 3647 2826 auctore
3677 2769 3797 2838 ipso

2179 2848 2483 2906 deﬂuxerit.
2535 2851 2592 2907 Id
2641 2853 2858 2922 quidem
2917 2864 2994 2910 tot
3052 2859 3544 2919 concertationibus
3591 2877 3796 2933 nequa-

2176 2957 2336 3011 quam
2372 2943 2777 3013 disqnirendum
2824 2958 3114 3012 erat,cnm
3163 2950 3233 3005 ab
3272 2962 3496 3022 utraque
3555 2955 3794 3014 lectione

2179 3051 2371 3093 sensus
2417 3038 2548 3093 ﬂuat
2585 3040 2916 3098 orthodoxus
2951 3063 2964 3098 :
2994 3054 3139 3114 patet
3174 3047 3318 3102 enim
3350 3047 3574 3104 verbum
3627 3051 3796 3122 αάομσο

476 3141 638 3197 bendi
669 3157 854 3196 norma
885 3141 1224 3196 dellexerint.
1258 3139 1392 3208 Quis
1420 3140 1674 3208 explicet.
1701 3141 1934 3208 exempli
1957 3158 2080 3210 gra-
2105 3124 2151 3188 (ἶ
2188 3139 2327 3184 iam?
2363 3130 2430 3184 de
2479 3132 2810 3189 humanitate
2855 3138 3256 3206 intelligendum
3297 3154 3418 3196 esse
3444 3157 3474 3195 a
3507 3141 3652 3198 Filio
3698 3147 3795 3202 ad-

477 3236 573 3302 tia,
605 3235 808 3290 lloratii
840 3248 1052 3288 versum
1087 3233 1259 3297 illum,
1291 3241 1352 3287 ut
1379 3232 1737 3288 communiter
1771 3233 2008 3302 legitur?

569 3371 686 3423 Cum
711 3369 987 3419 ridentibus
1005 3367 1239 3423 arrident,
1268 3379 1376 3415 cum
1403 3365 1635 3416 ﬂentibus
1677 3365 1870 3415 adsunt.

473 3505 544 3562 At
576 3505 658 3560 cui
691 3511 900 3560 constet
935 3501 1216 3572 scripsisse
1244 3500 1463 3564 Poetam
1497 3501 1771 3570 adrident,
1825 3502 2080 3573 intelligit

423 3637 430 3641 -
471 3601 676 3663 statim,
707 3595 1039 3668 respondens
1068 3595 1288 3660 verbum
1316 3596 1442 3656 esse
1467 3597 1684 3667 adﬂent,
1710 3613 1816 3668 quo
1838 3602 2078 3668 reposito

469 3693 673 3762 optime
701 3689 944 3760 procedit
964 3689 1251 3748 sententia.
1274 3687 1452 3748 Nolim
1477 3699 1653 3744 tamen
1681 3701 1934 3761 urgeatur
1961 3691 2077 3747 hinc

467 3783 653 3856 regula
703 3795 1116 3854 usquequaque,
1148 3779 1218 3836 ita
1261 3789 1318 3834 nt
1356 3780 1518 3834 etiam
1563 3782 1796 3837 exsilium
1835 3784 2076 3844 scribere

468 3884 786 3940 teneamur,
814 3874 1060 3945 quamvis
1089 3872 1407 3944 quibusdam
1435 3889 1466 3928 e
1494 3875 1767 3929 veteribus
1794 3875 2076 3936 Gramma-

469 3969 593 4024 ticis
621 3965 974 4022 edicentihus.
1008 3963 1083 4020 lta
1119 3963 1334 4027 quidem
1380 3964 1432 4020 in
1479 3974 1749 4036 postrema
1794 3966 1853 4022 S.
1886 3966 2072 4032 Hilarii

468 4061 708 4118 editione
748 4057 945 4116 factum
991 4065 1094 4122 est,
1129 4053 1280 4110 libris
1311 4064 1487 4112 tamen
1531 4055 1730 4112 nostris
1775 4058 2074 4120 vetustissi-

467 4154 573 4209 mis
627 4150 848 4206 minime
893 4147 1330 4218 suffragantibus.
1383 4146 1754 4210 Arcbaismutn
1818 4152 1957 4220 sapit
2015 4151 2070 4216 in

466 4243 653 4300 codice
707 4250 892 4302 nostro
958 4241 1264 4294 thensaurus
1318 4256 1531 4311 quoque
1580 4257 1685 4300 non
1746 4259 1848 4300 una
1917 4246 2068 4310 vice;

465 4345 527 4396 ut
564 4335 615 4402 in
644 4332 883 4402 compari
906 4330 1016 4386 alio
1041 4345 1162 4386 mox
1190 4331 1494 4386 enarrando
1533 4341 1792 4387 tractatus
1830 4335 1883 4389 in
1914 4336 2066 4392 Psal.

464 4444 585 4485 mos
613 4427 1028 4496 complet-teme,
1063 4423 1327 4497 [annoma
1355 4438 1504 4488 sum;
1534 4438 1655 4480 nam
1688 4434 1742 4479 et
1772 4425 1822 4480 in
1849 4425 2068 4496 Virgilio

463 4519 700 4576 Medicco
715 4515 1053 4574 Formonsum
1069 4513 1256 4568 Pastor
1270 4514 1697 4572 animadvertere
1718 4517 1955 4574 memini.
1972 4521 2069 4575 Μι-
2093 4500 2149 4562 D

461 4627 584 4666 rum
612 4621 692 4664 est
719 4624 876 4680 quam
903 4606 968 4660 ad
987 4603 1363 4682 deformandas
1389 4605 1626 4676 cnjusvis
1658 4607 1852 4680 linguae
1877 4610 2070 4666 dictio-

460 4718 558 4759 nes
572 4714 831 4773 perpetuo
844 4713 1191 4772 propensum,
1207 4699 1259 4755 in
1283 4708 1580 4771 pugnantes
1593 4699 1670 4758 ini
1685 4699 1817 4758 irem
1836 4717 2066 4774 corrup-

461 4797 639 4852 tiones
669 4797 870 4858 feratur
893 4795 1118 4866 vulgus;
1149 4807 1268 4848 nam
1295 4794 1384 4863 qui
1410 4809 1443 4848 η
1471 4809 1753 4863 perperam
1779 4797 2060 4856 intruden-

459 4903 543 4956 tes
573 4893 904 4954 thensaurum
935 4900 990 4945 et
1017 4893 1333 4964 formonsum
1362 4889 1734 4956 enuntiabant,
1767 4891 1925 4948 iidem
1957 4893 2060 4948 alia

458 4985 744 5042 eli'erentes
773 4984 966 5049 verba,
1010 4999 1128 5046 eam
1161 4983 1392 5052 litteram
1431 4982 1622 5053 injuria
1670 4985 2055 5048 extrudebant;

458 5075 759 5150 cujnsmpdi
813 5075 1130 5142 elocutionis
1181 5073 1402 5143 vestigia
1471 5076 1523 5138 in
1588 5075 1900 5147 Vespasiani
1959 5094 2059 5142 riu-

457 5171 708 5230 mismate
770 5166 1260 5238 animadvertebam
1323 5182 1521 5238 nuper,
1570 5167 1736 5234 Roma
1797 5168 2055 5241 Βρεμι-θαι

457 5267 777 5336 praeferente
806 5279 900 5336 pro
936 5263 1221 5334 Resurgens
1249 5277 1268 5317 :
1292 5263 1417 5334 quin
1461 5264 1660 5336 (requa;
1690 5278 1786 5332 Pro
1816 5267 2052 5335 frequens

453 5366 508 5412 et
532 5356 632 5412 alia
664 5355 713 5410 id
742 5371 911 5428 genus
933 5371 1038 5414 non
1062 5356 1112 5416 in
1137 5353 1262 5418 Mss.
1291 5364 1516 5422 tantum,
1548 5355 1643 5422 sed
1669 5364 1722 5412 et
1749 5356 1800 5412 in
1833 5359 2051 5427 quibus-

453 5451 538 5504 vis
584 5447 944 5503 monumentis
981 5461 1222 5522 persmpe
1274 5447 1580 5510 occurrunt.
1633 5449 1699 5512 At
1757 5448 2048 5514 dolendum

456 5555 798 5611 summopere
867 5539 1092 5608 primam
1155 5553 1308 5608 atque
1370 5553 1431 5594 ac
1500 5548 1824 5608 postremam
1891 5542 2053 5598 char-

449 5639 566 5686 ‘tam
615 5632 774 5690 malo.
806 5630 1036 5700 quodam
1084 5627 1193 5684 fato
1235 5644 1264 5682 a
1307 5628 1494 5684 codice
1546 5640 1735 5686 nostro
1783 5631 2050 5692 abscissas

454 5719 649 5788 fuisse;
694 5722 762 5778 ita
809 5730 868 5778 ut
907 5735 1006 5779 nec
1048 5720 1295 5790 Auctoris
1326 5736 1556 5788 nomen,
1582 5723 1724 5798 quod
1753 5724 1844 5797 qui
1869 5728 1922 5782 in
1948 5723 2049 5782 du-

2183 3234 2397 3290 sumpta
2416 3262 2430 3284 ,
2457 3239 2562 3277 non
2591 3241 2620 3277 a
2645 3225 2802 3282 Patre
2815 3227 3086 3298 adoptata.
3113 3229 3357 3286 Historia’
3401 3245 3581 3290 tamen
3617 3240 3792 3292 inter-

2181 3322 2320 3378 erat,
2354 3324 2410 3367 ut
2440 3315 2707 3384 pracipne
2733 3318 2874 3387 quod
2904 3320 2968 3374 ad
3000 3320 3235 3376 Felicem
3263 3324 3634 3396 Orgelitannm
3669 3329 3797 3399 Epi-

2181 3423 2404 3479 δεονιιιιι
2431 3417 2657 3478 speetat,
2688 3409 2810 3464 facti
2832 3413 3033 3466 veritas
3058 3413 3431 3480 detegeretur:
3463 3419 3586 3475 huic
3612 3437 3794 3493 εχιιο-

2181 3503 2360 3557 nendo
2388 3501 2736 3572 supersedeo.
2761 3518 2883 3558 cum
2911 3506 3042 3559 satis
3073 3505 3393 3570 innotescat.
3419 3520 3473 3594 et
3493 3527 3520 3564 a
3547 3518 3796 3571 recenti-

2180 3594 2278 3650 bus
2325 3595 2694 3664 Scriptoribus
2741 3592 2856 3649 fuse
2907 3605 3068 3666 atque
3117 3597 3390 3668 eleganter
3445 3592 3793 3674 proponatur

2179 3686 2625 3757 discutiaturque.
2651 3687 2761 3758 Ego
2784 3688 2910 3759 quid
2932 3689 3099 3746 codex
3128 3702 3313 3748 noster
3339 3691 3474 3750 ferat
3503 3696 3640 3752 bona
3683 3702 3793 3759 lide

2179 3779 2467 3834 exhibebo.

2249 3873 2488 3927 Primum
2529 3874 2690 3944 igitur
2719 3892 2814 3945 pro
2841 3887 3122 3946 comperto
3150 3877 3410 3935 habeatur
3438 3882 3489 3938 in
3512 3883 3613 3942 hoc
3640 3886 3789 3946 libro

2177 3981 2457 4021 ADOBA'I'UII
2498 3969 2754 4037 scriptum
2794 3985 2950 4037 esse,
2999 3971 3144 4025 nullo
3185 3973 3486 4030 abrasionis
3527 3981 3783 4048 vestigio,

2177 4057 2321 4112 nulla
2365 4060 2852 4128 superinductionis
2885 4064 3192 4133 suspicione
3223 4083 3234 4118 :
3260 4078 3313 4120 at
3352 4082 3474 4122 cum
3507 4081 3626 4136 post
3655 4088 3782 4132 eam

2174 4153 2464 4207 dictionem
2498 4170 2524 4206 a
2567 4154 2740 4224 capite
2772 4165 3074 4210 resumatur
3102 4173 3287 4212 versus
3313 4201 3326 4221 .
3356 4160 3406 4216 in
3437 4175 3604 4217 vacuo
3629 4168 3781 4236 quod

2174 4251 2418 4299 remanet
2459 4247 2656 4313 spatio,
2707 4245 2823 4302 sive
2867 4248 3079 4316 eadem,
3121 4250 3238 4306 sive
3285 4253 3439 4319 paulo
3487 4259 3778 4322 posteriori

2172 4349 2354 4400 manu,
2379 4351 2692 4392 sporn-run
2720 4338 2985 4409 adjectum
3016 4340 3200 4397 fuisse.
3232 4342 3402 4398 Priori
3432 4347 3597 4401 verbo
3626 4351 3777 4408 nulla

2171 4429 2388 4499 quidem
2418 4429 2648 4500 irrogata
2675 4443 2755 4485 est
2775 4434 3121 4498 contumelia,
3146 4435 3238 4489 sed
3270 4437 3480 4492 lineolis
3509 4453 3779 4510 Superpo-

2173 4521 2314 4587 sitis,
2338 4530 2497 4590 atque
2520 4521 2566 4576 R
2595 4521 2648 4577 in
2679 4525 2940 4593 superiori
2973 4526 3212 4595 margine
3240 4526 3532 4598 adscripti),
3559 4532 3773 4588 indiCa-

2173 4625 2260 4669 tur
2280 4616 2346 4676 de
2367 4629 2539 4681 more,
2563 4616 2826 4686 adjectam
2849 4617 3137 4673 dictionem
3160 4631 3416 4677 anteriori
3439 4636 3775 4683 substituen-

2169 4707 2292 4764 dam
2323 4723 2480 4777 esse,
2506 4710 2558 4764 in
2589 4710 2709 4766 aliis
2740 4721 2914 4766 tamen
2940 4711 3212 4768 codicibus
3239 4717 3437 4770 certius
3462 4715 3638 4772 adhuc
3661 4729 3770 4774 tes-

2167 4801 2447 4856 timonium
2481 4802 2902 4872 q'equirendtim.
2948 4802 3002 4858 ld
3047 4806 3097 4862 in
3149 4807 3250 4859 hoc
3302 4807 3475 4872 libro,
3513 4820 3568 4862 ut
3608 4822 3656 4864 et
3711 4812 3764 4868 in

2164 4892 2304 4960 aliis,
2333 4894 2398 4950 ad
2422 4893 2580 4950 dubia
2621 4896 2735 4951 loca
2761 4910 2933 4965 graece
2960 4896 3120 4952 eliam
3150 4881 3471 4968 quandoque
3500 4901 3761 4969 innuitttr,

2162 4999 2260 5055 pro
2289 4985 2334 5040 Β
2363 4988 2594 5056 require,
2627 4986 2665 5042 Ζ
2701 4986 2976 5057 adposito,
3023 4989 3124 5044 hoc
3169 5000 3271 5054 est,
3301 4995 3460 5056 ζήτει.
3494 4991 3551 5052 In
3596 4996 3765 5054 verbo

2159 5079 2436 5149 adoptatur
2460 5076 2648 5134 eadem
2673 5078 2971 5138 litterarum
2998 5080 3186 5151 ﬁgura,
3209 5080 3348 5137 idem
3377 5099 3598 5153 prorsus
3618 5096 3761 5142 atra-

2159 5172 2324 5230 menti
2353 5171 2532 5235 eolor;
2564 5181 2618 5222 at
2645 5171 2749 5226 levi
2773 5173 2988 5227 cultello
3023 5172 3190 5228 luisse
3227 5174 3354 5230 olim
3381 5187 3637 5245 apparet,
3669 5179 3760 5248 qui

2158 5263 2385 5326 litteras,
2406 5273 2460 5318 et
2489 5265 2856 5332 superpositas
2886 5266 3109 5320 lineolas
3135 5265 3404 5324 abducere
3437 5276 3671 5333 tentant,
3697 5286 3760 5328 ac

2157 5355 2363 5412 delere.
2387 5355 2518 5422 Quae
2549 5357 2763 5426 quidem
2809 5359 2989 5414 omnia
3032 5359 3084 5416 iii
3139 5359 3234 5414 has
3282 5363 3623 5431 conjecturas
3671 5380 3759 5428 me

2157 5445 2491 5516 pertrahunt.
2522 5445 2756 5518 Liquido
2803 5449 3036 5518 primum
3063 5489 3076 5513 ,
3119 5449 3373 5523 nullaque
3419 5452 3757 5512 litBsitatione

2158 5538 2398 5596 exaravit
2428 5539 2675 5596 librarius
2701 5540 2947 5600 adoretur
2964 5558 2983 5607 ,'
3013 5551 3067 5596 at
3099 5543 3211 5600 sive
3239 5545 3306 5600 ah
3338 5547 3452 5615 ipso
3475 5545 3576 5602 alia
3607 5556 3754 5615 post-

2159 5633 2375 5692 modum
2407 5633 2728 5704 exemplaria
2761 5635 3095 5703 inspiciente,
3131 5636 3244 5691 sire
3271 5637 3340 5692 ab
3369 5637 3476 5694 alio
3502 5641 3754 5710 quopiam

2155 5728 2430 5798 adoptatur
2459 5727 2695 5785 additum
2715 5736 2800 5785 est
2820 5768 2836 5795 ,
2859 5738 2915 5787 et
2939 5729 3098 5794 simul
3127 5739 3181 5784 ut
3201 5730 3448 5794 adoratur
3475 5745 3752 5805 expunge-
