4138 6180
324 297 365 352 ν
1712 285 1897 346 PREI

2000 288 2103 349 ΓΙΟ.
2642 299 2644 302 ’
3525 298 3595 358 γι

322 422 458 470 retur
499 410 775 468 monitum.
810 409 959 502 alter
999 406 1196 464 exinde
1230 407 1464 502 accessit
1484 448 1499 474 ,
1528 405 1616 462 cui
1655 404 1891 502 secunda
1920 403 1971 466 Α
1997 433 2225 492 certem,
2251 424 2490 498 facieque
2516 427 2627 498 ipsa
2659 443 2722 485 ac
2767 440 3061 501 comm“
3090 430 3312 502 majoris
3337 410 3598 498 gemma

322 506 468 560 lectio
507 519 607 558 non
640 501 993 573 probabatur;
1026 509 1312 570 propterea
1357 499 1580 555 verbum
1617 497 1893 570 adaptatur

319 608 527 652 conatus
555 603 634 649 est
655 593 886 659 auferre,
920 592 1217 648 abrasionis
1247 591 1524 647 nttbeculis
1549 591 1599 648 id
1629 591 1758 645 satis
1786 601 1893 645 tes-

319 689 556 744 tantibus.
585 686 770 755 Colligi
799 687 922 740 bittc
948 692 1157 756 potest,
1190 684 1418 738 libenter
1451 682 1664 753 quidem
1701 682 1892 736 adora-

318 793 393 837 tur
421 782 604 836 lectum
635 779 762 832 olim
793 777 980 842 fuisse,
1010 777 1077 832 de
1105 792 1165 830 ea
1200 786 1377 830 tamen
1407 774 1635 829 lectione
1661 773 1895 843 antiqui-

318 885 393 930 lus
415 889 635 944 quoque,
669 882 724 927 et
747 872 916 926 multo
941 879 1064 925 ante
1092 869 1327 925 Felicem
1349 867 1715 939 Orgelitanum
1739 867 1893 923 dubi-

319 978 468 1024 tatum
514 982 656 1022 esse.
685 965 866 1035 Neque
910 965 1049 1019 buuc
1080 963 1321 1019 codicem
1347 979 1513 1018 unum
1539 978 1603 1017 ex
1643 963 1707 1015 iis
1734 975 1854 1018 esse
1873 1000 1889 1026 ,

318 1060 492 1128 quibus
522 1057 692 1122 Felix,
714 1059 796 1113 vel
825 1058 940 1128 ejus
971 1057 1207 1112 fautores
1227 1071 1418 1111 manus
1449 1056 1752 1126 iniecerint,
1776 1069 1892 1109 sus-

316 1153 464 1222 picari
501 1165 784 1219 possumus
804 1191 819 1216 ,
849 1164 967 1205 cum
995 1151 1243 1204 adoratur
1272 1149 1492 1203 minime
1521 1149 1770 1204 abrasum
1800 1146 1891 1202 sit.

317 1246 437 1300 llinc
457 1253 508 1298 et
535 1245 584 1296 in
613 1244 870 1311 Vaticano
890 1242 1097 1304 codice,
1125 1251 1182 1296 ut
1210 1240 1390 1308 audio,
1410 1249 1757 1296 controversa
1787 1238 1894 1294 dic-

316 1337 381 1391 tio
407 1353 435 1389 a
454 1336 691 1390 secundo
717 1335 924 1390 calamo
952 1335 1378 1392 immutationem
1406 1343 1488 1388 est
1519 1348 1696 1405 passa.
1724 1333 1801 1387 Ex
1828 1345 1894 1386 eo

313 1427 489 1482 accidit
516 1426 859 1494 utiadoratur
895 1425 1116 1497 legerint
1147 1425 1465 1482 Hittcmarus
1515 1434 1674 1496 atque
1714 1423 1896 1479 Alcui-

315 1534 423 1582 nus,
454 1518 730 1590 adoptatur
752 1533 880 1573 vero
902 1517 1214 1588 Agobardus
1242 1516 1646 1588 Lugdunensis;
1672 1517 1759 1586 qui
1794 1514 1896 1570 Fe-

309 1613 451 1668 licem
505 1611 822 1676 confutans,
872 1620 1033 1682 atque
1097 1611 1273 1666 omnia
1328 1626 1447 1680 quae
1509 1618 1897 1680 praecesserant

312 1707 465 1776 probe
482 1706 708 1772 callens,
741 1705 809 1759 ab
839 1705 986 1758 omni
1029 1703 1215 1758 lraude
1241 1704 1339 1758 sibi
1367 1704 1496 1758 satis
1529 1704 1739 1758 cavisse
1777 1716 1894 1757 cre-

1999 514 2066 570 tis
2093 525 2428 586 aucupentur
2457 517 2638 576 iidem.
2661 519 2719 574 S.
2748 520 2934 576 Hilarii
2965 520 3246 586 Trachalus
3273 522 3326 582 in
3348 522 3598 592 Psalmos

1997 611 2376 678 complectitur
2409 652 2423 674 ,
2483 627 2711 682 quorum
2779 630 2896 674 rara
2959 616 3249 679 admodum
3305 628 3600 680 occurrunt

1996 704 2194 774 scripta
2223 705 2572 775 exemplaria.
2611 705 2735 762 Illos
2755 707 2806 762 in
2829 724 2902 772 tr,
2932 724 3025 764 xut
3047 720 3100 768 et
3120 726 3205 767 XCI
3235 711 3285 766 in
3314 727 3415 776 ms.
3448 713 3599 779 Vati-

1996 810 2134 852 cano
2155 797 2312 853 unice
2337 796 2402 851 ad
2428 798 2564 854 banc
2595 797 2738 854 diem
2766 807 3010 868 repertos
3031 803 3347 872 comprobat
3375 815 3591 872 noster,

1997 887 2086 956 qui
2118 887 2318 956 pariter
2348 898 2611 943 recenset.
2647 887 2788 943 Libri
2828 889 2998 946 forma
3030 891 3202 946 media
3235 901 3288 948 et
3341 895 3596 964 oblonga,

2000 995 2068 1034 ne
2097 978 2353 1049 quadrata
2381 979 2537 1036 unice
2569 982 2620 1036 iu
2648 982 2820 1050 pretio
2850 982 2920 1036 sit
2955 1000 2968 1037 :
2995 983 3307 1042 membrana
3339 986 3427 1048 ubi
3461 986 3600 1041 inof-

2001 1070 2171 1136 fensa,
2217 1070 2441 1125 candida
2491 1081 2596 1138 est,
2630 1072 2874 1144 adeoque
2917 1074 3126 1132 Subtilis
3177 1090 3241 1132 ac
3293 1077 3493 1141 tenuis,
3542 1090 3600 1134 ut

1998 1165 2242 1234 qumdam
2274 1163 2400 1218 folia
2432 1174 2630 1220 tactum
2657 1165 2893 1234 effugere
2935 1166 3215 1226 videantur
3263 1188 3275 1223 :
3327 1178 3600 1234 atramen-

2001 1269 2111 1314 tum
2153 1259 2579 1327 xerampelinum
2608 1269 2712 1326 est,
2744 1267 2800 1316 et
2822 1260 3163 1322 subalbicatts
3193 1279 3206 1317 :
3237 1265 3504 1335 scriptura
3547 1269 3598 1322 itt

1999 1349 2133 1404 duas
2160 1350 2438 1405 columnas
2465 1349 2720 1417 discreta,
2747 1361 2802 1408 ut
2833 1353 2887 1410 in
2909 1354 3203 1420 specimine
3224 1357 3493 1426 conSpicis
3515 1358 3601 1413 di-

2001 1443 2232 1512 ligenter
2259 1443 2472 1514 quidem
2499 1444 2704 1511 afﬁcto,
2735 1461 2834 1502 nec
2857 1454 3034 1502 tamen
3065 1447 3269 1504 codicis
3298 1447 3513 1518 faciem,
3539 1466 3603 1506 ac

2001 1534 2301 1590 litterarum
2325 1534 2642 1605 elegantiam
2671 1536 2804 1592 satis
2831 1537 3186 1607 exprimente.

2074 1625 2174 1682 Ubi
2204 1626 2390 1682 Graeca
2410 1626 2653 1684 incidunt
2678 1629 2862 1695 verba,
2891 1629 3199 1686 accentibus
3237 1646 3301 1686 ac
3328 1632 3605 1703 spiritibus

2003 1719 2164 1774 nullis
2195 1719 2540 1790 eltinguntur.
2571 1721 2936 1790 Quacumque
2963 1722 3078 1777 sive
3113 1737 3180 1778 ex
3202 1722 3320 1777 aliis
3349 1723 3601 1790 Psalmis,

310 1798 504 1853 dendus
525 1809 628 1853 est.
656 1798 798 1853 Satis
825 1812 952 1867 ergo
993 1797 1283 1852 verisimile
1323 1805 1580 1866 apparet,
1609 1795 1897 1851 lectionem
1927 1800 1976 1860 B
2004 1810 2118 1865 sive
2167 1809 2383 1865 aliunde
2414 1819 2626 1880 summa
2672 1810 2964 1870 moraniur
2988 1855 3004 1880 ν
3061 1823 3396 1884 δεροηυηιυι.
3445 1824 3502 1870 ιη
3548 1818 3602 1873 in

311 1891 621 1960 adoptatura
642 1889 825 1944 Felice
853 1904 958 1943 non
987 1889 1160 1958 primo
1189 1887 1566 1958 excogitatam,
1590 1886 1684 1942 sed
1719 1887 1769 1941 in
1801 1885 1900 1940 ali-

308 1998 406 2052 quo
450 1983 635 2037 codice
689 1985 959 2036 inventam
1001 1995 1153 2046 esse;
1182 1995 1412 2050 cumque
1442 1979 1542 2034 sibi
1574 1978 1891 2049 propitiam,

311 2091 366 2129 ac
397 2084 451 2129 nt
472 2075 717 2128 accidere
744 2073 881 2129 solet
904 2071 1462 2143 prmjudicio‘quOdatn
1487 2071 1785 2140 occupatis,
1813 2086 1901 2138 er-

312 2167 409 2221 rori
439 2181 535 2221 suo
569 2165 835 2220 faventem
867 2164 1006 2218 male
1031 2171 1321 2232 reputaret,
1350 2163 1400 2218 in
1428 2163 1896 2234 Aquisgranenses

306 2258 510 2314 codices
536 2259 726 2316 dolose
748 2257 1024 2317 induxisse
1048 2275 1059 2310 :
1084 2255 1246 2314 Forte
1266 2257 1424 2311 etiam
1451 2256 1732 2319 lectionem
1753 2255 1900 2316 illam

305 2353 423 2408 odio
458 2352 660 2408 deinde
705 2351 1006 2407 habuerunt
1031 2349 1294 2414 Catholici
1325 2365 1388 2404 ex
1421 2349 1524 2404 hoc
1554 2349 1706 2420 ipso,
1739 2364 1898 2420 quem

307 2444 451 2499 Felix
481 2445 558 2498 illi
585 2452 956 2514 superstruere
988 2457 1228 2507 errorem
1259 2451 1481 2496 COllalllS
1513 2450 1626 2502 est;
1659 2440 1897 2510 adoptio-

307 2539 386 2592 nis
411 2539 739 2608 cmteroquin
761 2551 898 2592 voce
922 2537 1052 2598 satis
1080 2535 1212 2604 ipsis
1239 2546 1486 2604 suspecta
1513 2535 1898 2606 ppstArianam

306 2632 574 2686 haeresim.
610 2629 660 2684 Ν
667 2647 732 2684 οη
764 2647 854 2700 per
879 2629 1207 2696 adeptionem
1235 2629 1343 2682 [nec
1369 2632 1505 2698 facta
1534 2634 1652 2681 sunt
1676 2668 1690 2694 ,
1719 2627 1849 2684 absit
1879 2643 1900 2681 .'

303 2723 367 2776 ita
401 2722 451 2777 in
480 2720 776 2792 Capitulari
798 2721 903 2776 alio
918 2720 1214 2775 Coocilium
1237 2718 1568 2788 Epltesinum
1590 2719 1901 2774 continente

300 2814 480 2868 codice
505 2831 572 2870 ea
599 2814 761 2868 verba
786 2814 843 2870 S.
863 2812 1143 2873 Athanasii
1168 2813 1218 2866 in
1241 2811 1478 2880 Epistola
1503 2811 1568 2866 ad
1595 2809 1898 2881 Epictetum

300 2904 458 2959 latine
505 2905 808 2961 redduntur
864 2923 879 2960 :
928 2906 986 2962 οὐ
1039 2905 1174 2960 θέσει
1221 2901 1278 2959 δὲ
1322 2909 1492 2960 ταῦτα
1539 2903 1773 2976 ἐγένετο,
1828 2907 1899 2973 μή

298 3001 487 3071 γένοιτο
520 3015 537 3051 :
570 3013 694 3070 quae
723 2998 775 3052 in
815 2995 1070 3052 Conciliis
1095 2995 1237 3051 edita
1281 2997 1459 3050 versio
1497 3010 1658 3064 prave
1687 3003 1902 3048 contor-

297 3100 436 3161 quet.
470 3091 852 3149 Cassiodorius
892 3091 943 3154 in
977 3088 1177 3144 Psalm.
1224 3104 1272 3155 ι,
1313 3100 1522 3160 propter
1562 3088 1900 3154 humilitatem

2001 1903 2270 1970 exemplo,
2321 1903 2481 1972 priori
2536 1903 2697 1962 etiam
2753 1919 2918 1960 versu
2963 1904 3254 1968 rubricata.
3312 1906 3600 1976 liubricata

1999 2000 2176 2048 autem
2203 1994 2362 2049 verba
2393 1993 2688 2056 auri.olim
2733 1995 3100 2066 superinducti
3152 1997 3345 2056 alicubi
3379 2000 3604 2070 vestigia

1999 2085 2252 2140 retinent.
2307 2084 2628 2156 Scriptionis
2693 2088 2902 2158 species
2951 2086 3234 2158 Virgilium
3302 2088 3602 2158 Mediceum

2001 2175 2214 2248 (parum
2265 2176 2495 2234 feliciter
2523 2178 2591 2232 ab
2614 2177 2775 2239 editis
2817 2179 3200 2250 speciminibus
3241 2190 3604 2251 repraesenta-

2001 2266 2136 2337 tum)
2185 2268 2236 2327 in
2266 2283 2330 2324 eo
2385 2269 2654 2342 principia:
2678 2268 2863 2348 rpfert,
2895 2269 3039 2340 quod
3084 2271 3275 2336 littera:
3315 2271 3604 2338 mediocris

2002 2358 2203 2428 pariter
2229 2358 2337 2414 sint
2369 2359 2769 2429 magnitudinis,
2799 2370 2853 2428 et
2879 2360 3087 2416 calamo
3121 2362 3387 2428 subtiliori
3414 2379 3606 2432 exara-

2002 2461 2102 2506 tae:
2137 2451 2279 2522 quod
2313 2451 2353 2508 P
2377 2461 2431 2507 et
2458 2452 2504 2520 ρ
2544 2451 2874 2521 descendant
2903 2469 3216 2523 numquam,
3264 2471 3437 2528 neque
3464 2457 3602 2522 infra

2003 2544 2419 2615 protenduntur;
2461 2553 2518 2599 et
2541 2545 2682 2615 quod
2713 2546 2764 2600 in
2796 2546 2840 2601 T
2870 2555 3174 2618 transversa
3216 2549 3354 2612 linea
3389 2552 3476 2612 vix
3508 2567 3604 2624 ap-

1999 2645 2205 2709 pareat,
2236 2646 2294 2692 ut
2321 2635 2560 2705 etiarn-in
2590 2637 2634 2694 (ἓ
2665 2647 2720 2694 ct
2759 2639 2814 2708 in
2843 2639 2885 2706 L
2915 2638 3198 2706 inferiores
3240 2641 3451 2696 ductus.
3482 2641 3602 2703 Cac-

2003 2741 2176 2796 terum
2205 2740 2389 2788 noster
2424 2730 2592 2800 magis
2630 2729 2853 2796 alfabre,
2888 2731 3249 2804 distincteque
3299 2747 3363 2800 ac
3386 2734 3604 2806 aequali-

2003 2832 2083 2876 ter
2103 2821 2405 2891 descriptus
2444 2831 2526 2876 est
2557 2837 2569 2874 :
2596 2835 2664 2876 ne
2691 2819 2818 2892 quid
2856 2835 2884 2874 a
2918 2831 3064 2876 recta
3097 2821 3234 2892 linea
3261 2821 3314 2876 in
3353 2825 3602 2880 versibus

2001 2913 2288 2978 exarandis
2320 2928 2511 2978 manus
2559 2913 2900 2982 deﬂecteret,
2930 2915 3119 2984 calami
3163 2916 3249 2974 via
3287 2917 3424 2988 stylo
3460 2917 3604 2988 (ipsi.

2001 3019 2163 3080 gnata
2210 3008 2420 3064 visitur.
2477 3008 2560 3070 Ab
2609 3008 2988 3076 emendatione
3041 3024 3254 3088 quoque
3301 3013 3600 3090 generatim

2001 3099 2300 3156 laudandus
2331 3099 2467 3168 liber
2500 3117 2512 3152 :
2546 3099 2898 3172 quamobrem
2944 3099 3144 3162 librarii
3173 3100 3291 3181 iure
3322 3103 3514 3170 merito
3545 3103 3600 3170 in

297 3186 461 3250 carnis
489 3186 800 3255 adsumptae.
818 3183 952 3238 Hinc
972 3181 1232 3238 Alcuintts
1253 3179 1417 3235 Felici
1443 3197 1455 3232 :
1481 3188 1536 3233 tu
1557 3179 1761 3244 omnino
1781 3194 1894 3260 ρει·-
1925 3173 1972 3238 C
2004 3193 2280 3248 hominum
2313 3192 2625 3259 memnrinm
2651 3206 2847 3247 nomen
2873 3173 3266 3262 revnnnbnnns,
3289 3193 3431 3273 qnnd
3459 3209 3599 3277 nun,

296 3278 582 3342 vanissime
611 3276 740 3332 dicis
767 3275 1047 3344 adoptatur
1077 3290 1091 3327 :
1120 3272 1368 3344 quamvis
1411 3287 1516 3326 non
1552 3286 1614 3336 ea
1646 3285 1896 3340 perversa

298 3380 475 3434 essent
516 3370 705 3435 verba,
737 3368 830 3424 sed
881 3365 1273 3436 interpretatio.
1307 3364 1431 3424 llaec
1474 3371 1652 3420 autem
1693 3361 1895 3430 omnia,

304 3476 356 3522 ut
377 3474 604 3532 constet,
625 3480 784 3535 quam
808 3464 874 3530 ab
895 3464 1136 3532 antiquo,
1167 3472 1220 3517 et
1241 3477 1337 3518 cur
1363 3462 1407 3516 is
1436 3461 1586 3516 locus
1613 3459 1900 3538 dupliciter

298 3562 349 3616 in
385 3560 534 3618 libris
577 3560 994 3620 describeretur.
1023 3557 1291 3614 Czeterutn
1343 3556 1615 3628 quomodo
1667 3555 1900 3624 Hilarius

293 3655 409 3725 ipse
455 3654 772 3724 Scripserit,
830 3653 958 3724 mihi
1013 3652 1227 3723 quidem
1283 3650 1440 3714 facile
1491 3651 1706 3722 cognitu
1752 3648 1901 3706 vide-

294 3758 376 3804 tur
403 3750 663 3814 omnino;
703 3757 1013 3803 contextum
1053 3748 1196 3801 enim
1245 3744 1683 3815 percurrentibus
1720 3743 1897 3802 statim

292 3842 493 3913 patebit
539 3857 727 3900 vocem
783 3841 1031 3896 adoratur
1082 3837 1332 3896 oraturize
1377 3835 1691 3907 elegantiae,
1737 3850 1898 3906 quam

291 3935 492 3990 Auctor
537 3934 609 3996 ibi
637 3943 892 4000 sectatur,
941 3932 1158 3988 minimc
1178 3929 1488 3994 convenire.
1523 3926 1666 3992 Parit
1704 3926 1895 3997 Virgo,

289 4037 465 4096 partus
520 4043 559 4080 a
615 4025 720 4082 Deo
772 4035 886 4089 est;
940 4026 1112 4088 infans
1167 4023 1341 4091 vagit,
1399 4020 1664 4076 laudantes
1716 4019 1902 4092 Angela

289 4122 610 4185 audiuntur;
659 4119 816 4187 panni
859 4121 1091 4181 sordent,
1137 4113 1275 4178 Deus
1313 4113 1556 4184 aduratur
1583 4130 1601 4167 :
1627 4113 1696 4167 ita
1735 4122 1902 4184 potes-

290 4213 403 4266 tati:
433 4215 664 4284 dignitas
691 4228 790 4266 non
821 4211 1100 4272 amittitur,
1123 4208 1248 4262 dum
1276 4208 1444 4264 carnis
1473 4206 1734 4260 humilitas
1776 4205 1900 4259 ado-

287 4315 449 4360 ratur.
501 4304 689 4374 Neque
718 4311 841 4372 apte
889 4300 1193 4363 immediata
1235 4299 1496 4358 orationis
1539 4298 1778 4354 membra
1821 4297 1902 4354 bis

290 4400 481 4456 eodem
538 4397 706 4454 verbo
755 4383 1108 4462 clauduntur,
1167 4409 1340 4463 neque
1395 4392 1674 4456 mirificum
1734 4389 1897 4456 illttd,

288 4492 426 4558 quod
453 4507 524 4549 ex
555 4489 816 4559 appositis
837 4498 1133 4558 aucupatur
1161 4485 1426 4552 Hilarius.
1448 4485 1618 4550 oritur
1645 4483 1756 4538 ullo
1781 4472 1902 4536 mo-

290 4581 387 4644 do,
421 4582 466 4636 si
499 4581 823 4652 dignitatem
862 4595 968 4644 non
1009 4580 1246 4646 amittat,
1278 4578 1365 4647 qui
1410 4577 1696 4646 adorator;
1727 4575 1898 4630 oritur

290 4684 468 4738 autem
501 4673 732 4742 Optime,
765 4674 809 4728 si
855 4673 1165 4744 digttiiatem
1198 4686 1305 4726 non
1340 4672 1569 4742 amittat,
1605 4670 1694 4740 qui
1721 4670 1899 4726 carnis

291 4765 656 4838 ltumiliiatem
687 4765 926 4834 adeptat.
961 4765 1066 4819 Cur
1099 4779 1227 4820 vero
1270 4763 1416 4824 Felix
1466 4762 1897 4828 criminationem

292 4857 409 4918 falsi
434 4859 608 4921 veteri
646 4857 826 4926 aliiuo
857 4857 1068 4927 prolato
1098 4859 1282 4911 codice
1309 4855 1582 4925 adaptatur
1612 4855 1900 4923 cxltibeute

293 4965 399 5010 non
429 4949 714 5020 repulerit,
740 4951 820 5005 vel
846 4949 1099 5005 invidiam
1133 4950 1319 5016 saltem
1353 4964 1456 5018 non
1476 4950 1749 5014 tuinuerit,
1775 4963 1900 5018 pro—

293 5042 436 5110 fecto
460 5063 570 5102 non
597 5044 857 5122 intelligo.
880 5043 1082 5110 Eodem
1105 5052 1253 5107 certe
1278 5059 1437 5109 sensu
1465 5044 1696 5102 llilarius
1728 5044 1779 5098 in
1803 5059 1899 5112 ex-

294 5138 569 5204 positione
596 5135 790 5194 Psalmi
820 5150 1003 5200 cxxvtt
1048 5134 1270 5204 protulit
1297 5151 1386 5206 per
1411 5135 1738 5208 adoptionem
1779 5149 1900 5202 cor-

298 5228 446 5295 poris
479 5246 493 5281 :
531 5227 729 5281 frustra
755 5241 884 5282 vero
929 5226 1213 5296 legendum
1260 5240 1378 5282 esse
1422 5243 1510 5298 per
1553 5227 1896 5298 adeptionem,

298 5325 548 5392 quamvis
571 5322 881 5376 Erasmiana
912 5320 1148 5376 editiOne
1168 5320 1490 5390 sulfragante
1511 5363 1525 5387 ,
1553 5321 1630 5375 rir
1660 5321 1902 5393 ingenio-

298 5427 390 5468 sus
430 5415 753 5484 coniiciebat
781 5412 894 5482 (De
927 5424 1044 5472 vett.
1079 5412 1276 5488 Hann,
1308 5423 1446 5480 etc.,
1479 5431 1531 5486 p.
1563 5411 1668 5467 460
1691 5412 1741 5484 );
1773 5427 1896 5488 nam

298 5507 631 5576 adoptionem
651 5506 870 5578 prtcfet‘t
893 5487 1364 5576 prmStantissiiittts
1395 5506 1636 5570 muniunt
1667 5487 1899 5574 Capituli

300 5599 475 5652 nostri
511 5599 640 5653 liber
669 5601 842 5665 alter,
875 5598 1026 5667 cuius
1053 5598 1162 5666 jam
1195 5598 1510 5653 relationem
1545 5597 1892 5667 ingredimur.

371 5693 583 5760 Paucos
605 5695 818 5774 quidem
855 5709 920 5764 ex
963 5692 1354 5766 Ecclesiasticis
1381 5693 1680 5762 praesertim
1711 5706 1902 5746 manu-

304 5786 540 5858 scriptos
584 5787 804 5848 codices
847 5787 1109 5859 reperias,
1147 5787 1237 5858 qui
1279 5799 1401 5842 cum
1451 5784 1555 5842 ltoc
1583 5785 1901 5858 antiquitate

2003 3294 2083 3348 ter
2112 3301 2339 3351 morem,
2391 3285 2479 3340 ubi
2536 3285 2711 3350 minus
2747 3285 3165 3356 exspectandum
3201 3293 3342 3356 erat,
3372 3287 3602 3354 incurri-

2002 3392 2123 3434 mus
2152 3395 2164 3430 :
2198 3377 2249 3432 in
2282 3375 2623 3447 alpltabetico
2648 3376 2855 3442 scilicet
2882 3376 3097 3440 Psalmo
3125 3391 3312 3446 cxvttt,
3340 3384 3460 3448 post
3481 3378 3595 3446 illa,

2000 3469 2199 3527 Littera
2225 3468 2355 3530 IIII
2372 3469 2602 3540 expiicit,
2622 3468 2801 3539 incipit
2820 3466 3014 3522 Littera
3056 3467 3094 3521 V
3119 3469 3596 3546 feliciter,exiguis,

2000 3567 2096 3628 sed
2127 3567 2435 3636 majuscula’
2465 3566 2689 3636 pariter,
2720 3572 2778 3619 ut
2798 3579 3072 3628 vocamus,
3107 3563 3292 3634 figura:
3319 3566 3602 3636 characte-

2000 3659 2148 3714 ribtts
2207 3658 2401 3728 legitur
2446 3656 2668 3725 inferius
2707 3674 2719 3712 :
2779 3655 2968 3712 Scribit
3005 3657 3324 3728 antiquarius
3356 3655 3600 3726 Eulaliae

2000 3751 2091 3808 NT
2123 3751 2194 3806 ita
2225 3752 2546 3822 colligantur
2571 3750 2638 3820 Ν,
2661 3749 2804 3822 quod
2835 3750 3140 3822 compendii
3161 3766 3329 3824 genus
3354 3761 3599 3822 veterum

2003 3845 2237 3916 lapidum
2261 3860 2416 3904 usum
2463 3846 2623 3913 sapit.
2656 3841 2713 3908 in
2755 3843 2943 3906 eodem
2976 3843 3187 3912 Psalmp
3221 3852 3337 3920 post
3363 3844 3600 3914 litteram

1999 3941 2286 4006 decimam,
2337 3939 2474 3994 intra
2529 3937 2791 4000 circulum
2830 3937 3029 4007 Christi
3084 3951 3488 4010 tnouograntma
3545 3936 3602 4006 in

2001 4033 2154 4103 apice
2179 4047 2286 4101 prae
2306 4044 2365 4085 se
2383 4029 2644 4086 ferentem
2669 4046 2682 4082 :
2705 4027 2952 4094 Scribtori
2979 4029 3100 4094 vita,
3126 4029 3308 4098 legenti
3338 4029 3595 4094 doctrina.

2073 4123 2511 4193 Antiquariorum
2571 4135 2794 4189 munus,
2863 4135 3090 4188 quorum
3148 4118 3401 4190 frequens
3454 4119 3598 4186 apud

2002 4226 2212 4272 veteres
2262 4214 2464 4268 mentio
2497 4253 2512 4277 ,
2568 4211 2809 4278 Valentis
2856 4210 2938 4265 lex
3004 4225 3147 4276 anno
3197 4224 3450 4272 CCCLxxtt
3493 4211 3599 4286 iatn

2006 4309 2172 4379 probe
2222 4305 2506 4372 describit.
2564 4304 2890 4382 Antiquarios
2932 4303 3001 4357 ad
3031 4302 3346 4360 bibliothecae
3399 4305 3600 4372 codices

2004 4399 2412 4469 componendas,
2443 4397 2522 4452 vel
2563 4413 2658 4467 pro
2711 4405 2957 4466 uetustate
3000 4396 3335 4468 reparandas,
3378 4407 3596 4467 quatuor

2009 4494 2215 4548 Greece:
2259 4501 2306 4547 et
2362 4502 2463 4556 tres
2492 4491 2711 4552 Latinas
2756 4490 3006 4560 scribendi
3065 4491 3251 4558 peritos
3303 4489 3402 4560 legi
3442 4491 3596 4564 jube-

1922 4559 2114 4640 Dmus
2164 4584 2246 4655 (C.
2279 4583 2381 4638 Th.
2428 4584 2491 4638 de
2538 4583 2749 4650 Antiqu.
2797 4582 2834 4642 ι.
2881 4581 2964 4648 ιι).
3014 4581 3250 4650 isidprus
3314 4559 3384 4642 ita
3426 4559 3600 4640 dictos

2006 4687 2193 4748 putat,
2254 4677 2377 4748 quia
2432 4674 2784 4746 tantummodo
2849 4684 3015 4735 vetera
3067 4674 3366 4746 scriberent
3421 4672 3596 4752 (Qrig.

2000 4773 2090 4828 lib.
2117 4773 2218 4843 v1).
2250 4772 2342 4826 sed
2384 4781 2648 4843 repugnat
2691 4769 2925 4838 Euthalii
2956 4768 3124 4836 nostri
3164 4768 3478 4839 auctoritas,
3508 4766 3601 4848 qui

2001 4879 2061 4919 se
2097 4862 2460 4934 antiquarium
2505 4870 2677 4926 vocat,
2728 4859 2908 4928 Hilarii
2954 4874 3288 4930 nequaquam
3346 4869 3473 4926 tunc
3503 4872 3601 4930 ye-

2002 4964 2195 5022 tustos,
2233 4955 2326 5011 sed
2356 4955 2494 5010 forte
2533 4953 2772 5010 calentes
2792 4951 2968 5006 adhuc
2996 4952 3412 5018 commentarios
3455 4959 3606 5004 tran-

2002 5049 2267 5106 seribens.
2302 5048 2414 5118 Ego
2466 5047 2602 5114 inter
2661 5045 2908 5118 librarios
2937 5057 3003 5099 eo
3045 5043 3342 5114 priusertim
3383 5043 3605 5116 nomine

2006 5143 2235 5211 donatos
2273 5141 2490 5214 opinor,
2522 5143 2612 5213 qui
2666 5154 2773 5208 non
2828 5139 3104 5218 cursoriis,
3157 5152 3253 5193 seu
3306 5137 3602 5222 celeribus,

2005 5249 2122 5304 qua:
2151 5233 2390 5296 barbaris
2417 5232 2724 5304 nominibus
2758 5245 2864 5304 non
2911 5231 3028 5304 sine
3064 5229 3203 5302 miri)
3230 5239 3285 5288 et
3314 5229 3606 5307 universali

2005 5341 2190 5392 errore
2220 5325 2487 5396 designari
2533 5324 2730 5391 solcnt,
2764 5323 2858 5392 sed
2900 5323 3213 5398 majoribus,
3245 5333 3607 5398 accurateque

2003 5417 2196 5486 effictis
2238 5419 2449 5489 litteris,
2492 5432 2556 5472 ac
2595 5416 2868 5488 diligentia
2896 5415 3149 5489 singulari
3197 5415 3412 5472 codices
3465 5398 3604 5492 con-.-

2001 5519 2216 5570 strttere
2244 5510 2640 5580 profiterentur.
2673 5508 2922 5574 Graecum
2945 5507 3264 5576 vocabulum
3293 5508 3452 5570 docet
3477 5507 3608 5568 Kal.-

2005 5602 2264 5679 λιγράφος,
2304 5601 2569 5670 siquidem
2601 5601 2929 5676 Antiquarius
2973 5598 3213 5664 redditur
3248 5599 3300 5654 itt
3329 5596 3604 5662 veteribus

2005 5694 2233 5766 Glossis.
2267 5695 2528 5767 i’rmcepit
2570 5694 2868 5766 Imperator
2892 5691 3277 5762 Constantinus
3318 5687 3544 5760 epistola
3569 5701 3605 5762 ξι

2008 5788 2345 5847 Tlteodorito
2373 5789 2426 5845 in
2452 5790 2826 5848 Ecclesiastica
2856 5789 3088 5846 Historia
3116 5784 3228 5861 (lib.
3256 5799 3296 5855 ι,
3319 5799 3364 5838 c.
3394 5780 3486 5854 16)
3521 5797 3607 5854 re-
