4138 6180
454 292 543 350 VII
1812 289 2066 345 MAFFEI
2111 288 2451 346 EDITIONIS
3636 297 3750 353 V'lll

445 407 580 473 ista,
608 415 668 462 ut
716 403 785 460 ad
835 404 1124 460 multarum
1155 400 1312 458 Urbis
1357 414 1469 457 suae
1499 401 1862 458 Ecclesiarum
1893 419 2048 459 usum
2076 407 2129 466 Α
2222 404 2340 460 Jam
2365 419 2493 461 vero
2523 416 2580 461 ut
2622 407 2876 478 quidquid
2915 407 2980 462 ad
3011 407 3398 480 detergendum
3435 419 3597 482 atque
3637 427 3752 467 am-

445 514 722 556 sacrarutn
750 498 1150 568 Scripturarutn
1176 495 1561 567 quinquaginta
1595 497 1926 554 membranei
1953 514 2050 554 co-

449 590 603 647 dices
649 590 1049 647 conﬁcerentur
1093 589 1198 645 ὑπὸ
1244 596 1499 661 τεχνιτῶν
1549 589 1923 665 Καλλιγρὰφων,
1967 595 2052 645 καὶ

446 686 676 763 ἀκριϐῶς
701 689 792 744 τὴν
816 683 1003 754 τέχνην
1024 683 1397 756 ἐπισταμένων,
1428 681 1492 735 ab
1529 682 1810 750 artiﬁcibus
1841 683 2052 753 pulchre

445 775 812 837 scribentibus,
865 784 1014 839 atque
1055 785 1215 828 artem
1248 778 1464 844 perfecte
1511 775 1812 830 callentibus
1845 791 1864 829 :
1891 777 2052 832 vertit

445 866 780 938 Epiphanius
810 867 1177 923 Scholasticus
1217 867 1267 921 in
1317 867 1630 937 Tripartita,
1666 869 1728 922 ab
1769 869 2052 937 artiﬁcibus

448 960 755 1030 antiquariis
776 1001 789 1024 ,
819 968 868 1014 et
899 963 1118 1030 perfecte
1159 967 1316 1012 artem
1359 960 1634 1013 scientibus
1655 960 1771 1028 (lib.
1799 977 1856 1027 tt,
1886 979 1931 1015 c.
1967 962 2045 1032 6).

447 1050 743 1122 Propterea
773 1051 1106 1123 Augustinus
1134 1052 1188 1106 in
1215 1051 1476 1108 Sermone
1496 1052 1562 1107 de
1577 1053 1772 1110 Verbis
1802 1055 2009 1110 Domini
2033 1073 2046 1109 :

452 1143 554 1209 Qui
583 1146 714 1201 ridet
740 1145 930 1200 litteras
959 1146 1013 1199 in
1039 1144 1212 1198 codice
1239 1146 1428 1214 aptime
1453 1147 1667 1215 scripto,
1698 1157 1744 1200 et
1785 1165 1885 1201 non
1911 1149 2050 1202 novit

451 1237 638 1308 legere,
676 1237 854 1291 laudat
877 1238 1153 1308 antiquarii
1170 1253 1397 1299 manum,
1419 1236 1682 1291 adntirans
1706 1239 1912 1306 apicum
1935 1239 2051 1308 pul-

447 1329 809 1383 chritudinem.
856 1327 910 1383 Id
937 1337 1112 1383 autem
1146 1327 1378 1382 nominis
1407 1329 1646 1397 sequiori
1677 1345 1791 1384 ωνο
1820 1330 2049 1386 librariis

448 1422 669 1492 majoris
687 1421 872 1477 formae
899 1422 1092 1477 litteris
1111 1422 1324 1477 codices
1345 1421 1725 1492 efﬁngentibus
1755 1424 2047 1480 adh-.rsisse

442 1529 574 1587 puto
594 1559 607 1582 ,
637 1516 778 1586 quod
806 1517 1054 1586 antiquos
1085 1517 1356 1570 imitantes
1401 1516 1713 1586 primmvam
1747 1517 2046 1572 litterarum

443 1608 670 1679 ﬁgurato
694 1617 971 1662 servarent
993 1625 1006 1662 :
1025 1622 1197 1678 neque
1218 1607 1363 1662 enim
1384 1608 1553 1678 prima
1582 1616 1673 1662 aut
1702 1609 1932 1664 secunda
1957 1610 2048 1663 lin-

443 1715 566 1772 guae
588 1703 791 1758 Latina:
803 1712 960 1758 relate
976 1719 1036 1758 ea
1056 1704 1467 1773 signiﬁcatione,
1488 1705 1580 1760 sed
1601 1721 1698 1775 pro
1716 1706 2048 1776 antiquitatis

2153 496 2498 566 pliticandum
2540 497 2797 554 Hilarium
2838 499 3086 554 conferre
3123 501 3336 570 utrique
3372 502 3586 559 codices
3621 519 3749 574 pos-

2153 599 2309 655 sent,
2382 590 2452 645 ob
2494 592 2682 648 oculos
2739 591 3059 658 haberetur,
3097 593 3296 664 Joseph
3361 594 3745 666 Blancbinius,

2153 682 2482 740 Veronensis
2548 684 2803 739 Ecclesiae
2866 685 3193 750 Canonicus,
3255 702 3320 743 ac
3389 687 3744 744 Bibliotheca-

2153 775 2302 840 rius,
2354 777 2600 829 maxima:
2637 777 2748 846 spei
2786 776 3032 845 juvenis,
3086 779 3523 848 perceiebrisque
3571 781 3746 852 patrui

2153 868 2454 936 condignus
2484 868 2677 930 Innres,
2734 883 2854 922 eum
2891 869 3236 924 Benedictina
3267 871 3504 926 editione
3543 873 3749 930 solidos

2153 959 2399 1025 contulit,
2456 969 2509 1012 et
2559 960 2828 1014 variantes
2866 961 3123 1016 lectiones
3158 977 3347 1018 omnes
3380 978 3586 1018 summa
3619 964 3747 1020 dili-

2151 1051 2328 1120 gentia
2380 1065 2442 1105 ac
2469 1049 2576 1105 ﬁde
2611 1051 2886 1105 adnotavit
2937 1052 3205 1118 distincte,
3249 1063 3408 1124 atque
3458 1055 3743 1111 ordinatim

2152 1145 2440 1212 congessit.
2469 1143 2688 1199 Multum
2721 1146 2880 1199 etiam
2912 1160 3092 1215 opera:
3120 1147 3172 1201 in
3204 1148 3268 1202 iis
3303 1149 3511 1204 erudite
3548 1165 3743 1218 posue-

2151 1243 2277 1289 runt
2299 1234 2562 1290 Sacerdos
2587 1237 2815 1291 eximius
2843 1237 3151 1293 Dominicus
3173 1239 3483 1304 Vallarsius,
3513 1256 3612 1296 nec
3639 1256 3744 1297 non

2153 1328 2214 1385 P.
2247 1330 2552 1385 Alexander
2580 1329 2886 1385 Bonifacius
2929 1346 2994 1386 ex
3025 1331 3258 1387 Oratorii
3299 1333 3744 1405 Congregatione,

2152 1438 2272 1493 qua:
2304 1438 2494 1493 magno
2519 1434 2571 1478 et
2615 1425 2829 1493 pietatis
2857 1435 2909 1480 et
2940 1425 3238 1481 litterarum
3271 1428 3412 1482 bono
3445 1430 3622 1497 paucis
3650 1430 3746 1483 ab-

2152 1514 2278 1571 hinc
2303 1517 2458 1570 annis
2497 1517 2548 1571 in
2591 1515 2690 1570 hac
2725 1517 2941 1572 civitate
2983 1518 3200 1573 coaluit.
3235 1519 3535 1576 Varietates
3568 1531 3746 1576 autem

2153 1622 2389 1673 nostras,
2425 1619 2481 1665 ut
2509 1625 2538 1664 a
2575 1611 2807 1676 caeteris,
2844 1627 2962 1681 quae
2991 1621 3366 1682 supponuntur
3397 1613 3585 1681 textui,
3619 1613 3750 1670 faci-

2154 1701 2258 1756 lius
2285 1712 2660 1767 secernantur,
2685 1702 2977 1757 numericis
2997 1702 3339 1773 designamus
3365 1704 3505 1760 netis
3529 1721 3543 1758 :
3572 1719 3750 1775 neque

444 1795 652 1850 cultore
669 1796 1002 1867 antiquarius
1016 1797 1403 1868 usurpabatur:
1425 1808 1705 1868 propterea
1726 1809 1914 1853 auctor
1933 1799 2044 1852 Dia-
2081 1799 2127 1856 B
2157 1802 2334 1847 tamen
2359 1793 2635 1848 universas
2658 1793 2879 1848 omnino
2909 1793 3279 1857 exhibuimus;
3312 1795 3437 1865 Quid
3465 1796 3608 1848 enim
3647 1795 3751 1849 uli-

443 1888 552 1960 logi
576 1889 644 1944 de
670 1889 986 1946 Oratoribus
1015 1892 1434 1947 :criminabimur
1463 1901 1509 1946 te
1532 1893 1876 1962 antiquariis;
1907 1902 1960 1947 et
1992 1893 2045 1947 in

441 1981 634 2036 eodem
688 1981 828 2037 libro
856 2000 869 2036 :
902 2000 992 2037 nec
1018 1999 1321 2054 quemquam
1350 1983 1480 2038 adeo
1521 1985 1865 2052 antiquarium
1894 1993 2040 2054 puto,

449 2081 554 2128 etc.
591 2073 790 2130 Vocem
814 2075 1004 2130 eodem
1032 2089 1196 2130 sensu
1228 2074 1488 2132 adhibent
1514 2075 1791 2131 Juvenalis
1815 2091 1878 2130 ac
1914 2076 2046 2131 Sue-

452 2165 654 2220 tonius.
717 2163 987 2222 Caeterum
1040 2165 1402 2236 antiquarium
1460 2177 1746 2234 nostrum,
1801 2168 2048 2237 quamvis

447 2253 699 2311 Graecum
729 2273 924 2312 nomen
952 2274 1060 2328 pra:
1086 2273 1145 2313 se
1165 2258 1451 2322 ferentem,
1483 2256 1730 2313 Graecum
1764 2257 1927 2313 fuisse
1956 2274 2049 2315 ne-

423 2362 719 2419 .quaquam
745 2352 1106 2421 suspicemur,
1134 2365 1255 2404 cum
1287 2349 1494 2404 Latinis
1534 2349 1686 2404 libris
1716 2364 1936 2419 Operam
1960 2350 2050 2404 da-

446 2451 550 2506 ret,
583 2452 631 2496 et
661 2457 757 2512 pro
788 2440 1033 2497 Eutltalio
1061 2443 1154 2515 (ab
1174 2443 1398 2498 ἐυθαλιῖν
1429 2441 1691 2513 siquidem
1737 2440 2048 2513 deducitur)

445 2534 721 2589 Eutalium
748 2536 1032 2592 scriberet.

463 2632 469 2638 '
515 2627 576 2682 In
606 2643 794 2692 vacuo,
823 2629 965 2698 quod
995 2637 1349 2694 remanserat,
1374 2629 1548 2698 spatio
1570 2628 1636 2682 ad
1667 2628 1825 2682 linem
1849 2626 2048 2682 Psaltni

444 2736 572 2778 cxxt
604 2722 820 2779 diverso
849 2739 1073 2794 prorsus
1120 2723 1390 2780 scribendi
1415 2737 1639 2794 genere,
1669 2731 1723 2777 et
1759 2721 2048 2777 recentiori

442 2825 749 2870 atramento
773 2816 936 2872 verba
971 2815 1087 2871 hare
1115 2817 1384 2886 posterior
1403 2831 1596 2871 manus
1625 2815 1872 2885 adposuit
1898 2815 2048 2885 quasi

447 2907 770 2963 ludibunda:
800 2908 866 2962 In
894 2910 1098 2963 nomine
1118 2907 1326 2963 Domini
1350 2907 1505 2963 lhum
1526 2907 1577 2962 X
1583 2909 1632 2978 pi
1657 2908 1890 2977 Ariperto
1913 2907 2051 2977 Rege

444 3000 544 3072 fuit
566 3016 682 3054 uera
713 3001 911 3066 iustitia
951 3009 998 3054 et
1029 3001 1348 3056 sincera.....
1379 2999 1582 3056 Deinde
1606 3041 1622 3068 ,
1655 2998 1858 3054 Builius
1883 2999 2051 3053 Abbas

444 3091 510 3146 de
541 3091 902 3145 Monastirium
930 3093 1003 3146 sci
1055 3090 1250 3146 Tltome
1289 3093 1525 3164 Apostoli
1554 3094 1657 3146 cuit
1699 3091 1942 3162 vocapolo
1975 3101 2050 3145 est

2151 1887 2316 1942 litatis
2363 1885 2452 1940 tibi
2492 1895 2679 1957 patens
2736 1903 2889 1942 error
2940 1887 2992 1940 in
3034 1885 3276 1942 codicem
3321 1887 3617 1957 irrepserit,
3663 1889 3750 1944 vel

2149 1977 2238 2033 ubi
2297 1993 2383 2033 res
2451 1978 2604 2034 nihili
2663 1979 3017 2033 moneantur?
3079 1978 3469 2035 Adscribentur
3533 1980 3749 2052 quidem

2151 2071 2480 2142 aliquando,
2535 2074 2743 2129 etiamsi
2800 2089 2828 2127 a
2894 2073 3234 2144 praecedente
3291 2073 3499 2152 editore
3559 2089 3749 2130 recen-

2151 2165 2266 2219 sita:
2296 2165 2425 2219 item
2478 2165 2695 2230 l'uerint,
2747 2175 2804 2220 ut
2839 2174 3072 2231 constet,
3121 2165 3440 2234 quibusnam
3471 2181 3500 2222 e
3525 2167 3752 2222 diversis

2151 2259 2473 2314 lectionibus
2528 2269 2636 2313 tam
2687 2259 2975 2330 insignium
3029 2259 3464 2316 membranarum
3514 2260 3753 2317 calculus

2150 2352 2390 2406 accedat.
2425 2352 2480 2406 In
2511 2360 2711 2407 textqu
2757 2367 2818 2407 ea
2869 2360 3070 2407 tantum
3104 2353 3429 2432 recepimus,
3460 2369 3580 2425 qua:
3603 2354 3750 2409 illum

2151 2445 2372 2498 omnino
2419 2445 2707 2510 resarcire,
2761 2443 2848 2498 vel
2891 2454 3002 2499 tuto
3035 2445 3318 2501 restituere
3357 2455 3565 2517 pateat;
3607 2447 3750 2518 quod

2151 2536 2286 2592 locis
2341 2536 2605 2607 pluribus,
2667 2537 2938 2607 praecipue
2989 2545 3308 2593 tractatuum
3363 2539 3417 2592 in
3463 2538 3748 2608 Psalmos,

2152 2641 2410 2701 praestare
2455 2619 2713 2699 contigit:
2750 2629 3019 2699 prioribus
3052 2639 3231 2685 tamen
3262 2630 3580 2686 lectionibus
3629 2646 3753 2702 per-

2152 2732 2316 2794 petuo
2347 2721 2638 2791 adpositis,
2674 2732 2730 2776 ut
2785 2723 3048 2790 integrum
3091 2721 3379 2793 unicuique
3417 2723 3754 2791 liberumque

2147 2814 2407 2883 judicium
2439 2813 2528 2868 sit.
2564 2812 2710 2868 Idem
2754 2829 3010 2884 prorsus,
3054 2829 3176 2870 cum
3219 2815 3546 2870 Cassiodorii
3591 2814 3753 2872 Com-

2154 2905 2432 2974 plexiones
2458 2905 2629 2975 primo
2651 2906 2975 2970 emitterem,
3001 2905 3245 2974 praestiti,
3269 2921 3334 2961 ex
3361 2922 3586 2977 quarum
3615 2906 3754 2964 Prte-

2154 2998 2377 3062 fatione,
2411 3007 2468 3053 ut
2493 2998 2560 3053 de
2580 2999 2807 3053 consilio
2838 2999 2890 3053 in
2935 2998 3033 3053 hac
3065 3000 3224 3053 etiam
3251 3001 3570 3055 recensione
3601 3000 3755 3055 adhi-

2155 3091 2267 3146 bito
2296 3092 2426 3145 satis
2472 3099 2717 3154 constet,
2764 3092 2870 3146 duo
2921 3091 3078 3147 liceat
3127 3091 3291 3146 verba
3343 3091 3750 3149 transcribere:

445 3181 688 3238 Pineolo.
735 3182 794 3238 S.
827 3183 1051 3238 Thema:
1081 3183 1388 3254 Templum,
1435 3191 1489 3238 et
1532 3181 1862 3246 Conventus,
1886 3197 2044 3251 quem
2075 3192 2121 3254 ί]
2154 3184 2605 3248 Emendationum,
2647 3201 2775 3256 quas
2812 3201 2932 3238 raro
2959 3184 3191 3250 adtribui,
3220 3185 3304 3239 ubi
3342 3201 3512 3255 aperte
3538 3188 3754 3258 pretium

445 3275 613 3330 modo
641 3274 747 3330 PP.
778 3275 1087 3330 Carmelita:
1129 3275 1428 3343 possident,
1477 3273 1542 3328 ad
1567 3283 1783 3344 pontem
1809 3283 1892 3328 est
1917 3273 2052 3328 situs

445 3367 673 3440 Pignolo
704 3384 875 3439 usque
916 3369 969 3423 in
1013 3368 1152 3422 hanc
1193 3368 1336 3423 diem
1367 3377 1752 3437 nuncupatum.
1787 3367 2053 3422 Monaste-

443 3462 584 3517 rium
614 3462 685 3516 ibi
715 3462 901 3526 fuisse,
927 3471 982 3515 et
1007 3460 1298 3516 Monachus
1318 3475 1441 3515 cum
1464 3458 1673 3515 Abbate
1691 3474 1790 3513 suo
1813 3473 2054 3512 commo-

441 3561 592 3608 ratos
622 3551 750 3607 olim
781 3568 902 3608 esse
931 3561 1155 3607 noverat
1186 3566 1364 3607 nemo.
1395 3551 1616 3621 Lingua:
1662 3549 1859 3604 Italicze
1889 3563 2049 3618 quam

445 3645 698 3714 proxime
745 3643 813 3698 ab
868 3658 929 3699 ea
981 3659 1149 3714 usque
1191 3652 1350 3698 aetate
1404 3643 1796 3712 praeluderetur
1863 3641 2049 3707 vides;

442 3735 590 3806 quod
614 3734 759 3790 enim
785 3750 928 3790 nunc
957 3734 1116 3789 Abate
1143 3735 1228 3789 del
1267 3734 1319 3788 Μ
1329 3733 1583 3788 onasterio
1608 3733 1860 3796 dicimus,
1885 3733 2054 3788 Abbas
2089 3743 2094 3748 '

444 3828 510 3884 de
535 3828 900 3883 Monastirium
921 3828 1213 3899 vulgariler
1248 3827 1614 3892 scribebatur;
1639 3841 1866 3898 cumque
1888 3842 1975 3879 um
1999 3826 2052 3880 in

444 3937 477 3976 ο
510 3921 784 3992 popularis
825 3921 1192 3992 pronuntiatio
1213 3935 1358 4002 saepe
1387 3927 1756 3982 converteret,
1786 3927 1844 3972 ut
1868 3919 1994 3973 item
2022 3932 2053 3973 e

446 4027 580 4068 mss.
628 4012 827 4079 didici,
871 4021 926 4068 et
982 4013 1066 4067 hic
1109 4013 1271 4067 etiam
1324 4021 1547 4082 apparet
1592 4009 1861 4082 (vocapolo
1907 4009 2050 4063 enim

442 4119 546 4177 pro
572 4105 869 4160 vocabulum
891 4103 1018 4177 est),
1048 4120 1078 4160 a
1105 4105 1313 4176 vulgari
1343 4104 1520 4175 lingua
1553 4104 1716 4159 verba
1744 4118 1930 4173 parum
1961 4102 2056 4156 de-

445 4186 695 4254 ﬂectunt.
723 4199 838 4254 Sub
866 4201 1010 4270 Rege
1031 4200 1284 4269 Ariperto
1305 4201 1565 4270 scriptum
1589 4198 1830 4254 codicem
1861 4213 1928 4253 ex
1956 4197 2054 4251 hac

447 4301 576 4346 nota
611 4307 718 4346 non
745 4291 967 4347 deluere
983 4293 1072 4362 qui
1100 4302 1420 4362 arguerent;
1453 4301 1507 4345 at
1534 4294 1830 4348 litterarum
1856 4292 2050 4357 forma,

444 4385 672 4456 ipsaque
699 4385 860 4455 hujus
885 4384 1204 4455 adjectionis
1233 4383 1416 4452 facies,
1448 4386 1580 4439 satis
1601 4384 1890 4440 ostendunt
1915 4385 2054 4439 mul-

449 4485 508 4532 to
552 4479 916 4532 recentiorem
977 4477 1176 4544 fuisse;
1227 4486 1282 4534 et
1333 4477 1573 4547 profecto
1630 4477 1731 4532 nisi
1779 4477 1917 4531 liber
1965 4477 2053 4531 hic

2153 3277 2238 3342 sit,
2264 3277 2566 3341 admonebo,
2600 3285 2653 3328 ut
2691 3286 2738 3331 et
2787 3278 2916 3343 ipsa:
2964 3279 3025 3330 ab
3065 3277 3182 3332 aliis
3211 3278 3470 3331 emendari
3511 3279 3707 3350 possint
3734 3297 3755 3335 :

2155 3369 2251 3422 hoc
2279 3371 2323 3423 si
2370 3370 2720 3440 prmstitissent
2750 3357 3019 3424 transactis
3049 3372 3360 3440 temporibus
3393 3369 3591 3440 Critici,
3622 3369 3756 3429 vete-

2153 3475 2271 3513 rum
2315 3460 2507 3529 scripta
2535 3460 2799 3531 aliquanto
2841 3461 3018 3514 melius
3049 3477 3495 3530 pernosceremus;
3523 3464 3757 3520 innume-

2155 3571 2239 3608 ros
2265 3555 2400 3608 enim
2428 3555 2564 3608 locos
2592 3571 2653 3608 ea:
2687 3554 2899 3608 arbitrio
2928 3554 3230 3624 reﬁcientes,
3256 3557 3584 3626 antiquorum
3613 3559 3757 3612 codi-

2156 3663 2272 3702 cum
2301 3647 2538 3702 lectiones
2568 3645 2712 3700 nobis
2735 3645 3107 3701 subduxerunt.
3133 3645 3318 3704 Exiles
3347 3655 3526 3703 autem
3554 3661 3621 3703 ac
3649 3648 3756 3702 mi-

2157 3747 2315 3794 nutas
2339 3737 2660 3810 quandoque
2703 3737 3200 3793 animadversiones
3245 3737 3539 3809 culpandas
3593 3740 3648 3794 in
3673 3739 3756 3796 his

2156 3832 2318 3886 rebus
2340 3822 2444 3884 non
2465 3829 2706 3896 esse,vel
2723 3829 3163 3893 conteumendas,
3186 3830 3420 3886 Hilarius
3441 3832 3571 3901 ipse,
3595 3847 3756 3902 quem

2157 3923 2509 3976 doctissimum
2538 3920 2747 3976 Patrem
2800 3920 3175 3978 Cassiodorius
3220 3932 3512 3994 nuncupat,
3561 3924 3752 3991 docet;

2157 4013 2411 4070 Ariaoam
2429 4013 2572 4067 enim
2591 4012 2920 4080 impietatem
2938 4013 3196 4084 increpat,
3219 4029 3340 4085 quae
3359 4031 3413 4069 se
3432 4016 3501 4069 ad
3520 4016 3756 4084 fraudem

2156 4105 2368 4176 syllaba:
2387 4106 2690 4177 adjectione,
2719 4121 2834 4175 qua:
2860 4107 2912 4160 in
2937 4105 3078 4159 libris
3103 4123 3202 4160 non
3231 4116 3413 4174 exstat,
3441 4109 3704 4163 instruxit.

2233 4198 2345 4266 Ego
2374 4197 2589 4267 quidem
2627 4207 2736 4251 tum
2762 4213 2826 4252 ex
2857 4198 3094 4251 omnium
3144 4200 3396 4270 congerie
3424 4241 3438 4265 ,
3467 4216 3590 4271 qua:
3621 4200 3751 4256 mihi

2158 4290 2483 4345 exhibendae
2515 4291 2849 4356 viderentur,
2881 4292 3172 4346 varietates
3197 4307 3601 4363 excerpseram,
3640 4303 3751 4351 tum

2158 4382 2618 4438 adnotatiunculas
2644 4384 2924 4455 quasdam,
2955 4385 3135 4454 paucis
3158 4395 3337 4441 tamen
3365 4387 3522 4453 locis,
3541 4387 3754 4458 adjece-

2158 4490 2270 4529 ram
2294 4485 2693 4531 :veruuitamen
2715 4492 2836 4531 cum
2859 4477 3111 4532 acciderit
3148 4494 3254 4544 me,
3280 4489 3564 4551 antequam
3589 4481 3754 4552 praelo

444 4569 726 4639 utriusque
742 4570 976 4638 Ariperti
1003 4583 1174 4623 :evum
1200 4569 1358 4639 longe
1385 4567 2052 4638 antevertat,_conjecturis
2079 4580 2133 4640 Β
2159 4569 2367 4638 singula
2407 4569 2780 4635 traderentur,
2822 4585 3046 4640 peregre
3101 4570 3250 4627 exire
3289 4580 3344 4626 et
3381 4571 3754 4642 impressionis

446 4660 721 4718 ﬁdendum
755 4663 934 4728 nullis,
958 4673 1118 4733 atque
1147 4662 1357 4717 indiciis
1390 4662 1819 4733 quibuscumque
1843 4663 2053 4717 tutiori-

445 4752 552 4809 bus
584 4756 636 4809 in
665 4766 940 4825 posterum
983 4754 1394 4811 valedicendum
1435 4768 1450 4808 :
1485 4769 1659 4824 neque
1695 4755 1837 4809 enim
1879 4754 1945 4808 ad
1974 4755 2053 4823 ip-

444 4859 568 4902 sum
590 4848 855 4916 codicem,
887 4851 970 4905 vel
997 4849 1065 4904 ad
1103 4849 1220 4918 ejus
1249 4863 1634 4904 amanuensem
1658 4864 1718 4904 ea
1741 4848 2051 4904 referuntur

443 4941 633 5005 verba,
672 4940 767 4995 sed
808 4950 864 4996 ut
902 4957 934 4997 e
974 4942 1096 4997 loco
1142 4950 1198 4997 et
1228 4942 1388 4996 modo
1417 4956 1637 5012 prorsus
1666 4949 1897 5006 constat,
1937 4941 2049 4998 sive

441 5034 607 5091 Builii
630 5033 878 5101 Abbatis,
909 5035 1030 5091 sive
1058 5035 1219 5090 otiosi
1257 5035 1554 5107 cujuspiam
1586 5035 1734 5089 lusus
1764 5035 1857 5089 fuit
1880 5050 2049 5090 vacuo

442 5126 542 5182 illo
565 5127 740 5196 spatio
762 5128 1054 5194 abutentis,
1078 5127 1220 5198 quod
1245 5128 1296 5182 in
1330 5127 1601 5198 plerisque
1627 5129 1789 5183 etiam
1821 5128 2048 5197 impres-

440 5216 520 5272 sis
543 5216 693 5273 libris
721 5231 1007 5272 occurrere
1050 5218 1340 5290 aliquando
1367 5218 1528 5274 solet.
1561 5219 1708 5274 Alios
1735 5229 1923 5274 contra
1949 5235 2048 5274 au-

441 5307 575 5374 divi,
605 5322 671 5363 eo
695 5309 839 5379 quod
877 5309 1141 5379 nigrescat
1181 5309 1372 5366 horum
1415 5310 1723 5376 verborum,
1764 5309 1879 5368 fere
1908 5302 1966 5366 ul
1995 5312 2046 5366 in

441 5397 725 5456 hodiernis
784 5399 1088 5470 scripturis,
1125 5409 1525 5471 atramentum,
1578 5409 1823 5458 recenter
1865 5403 2045 5458 addita

442 5491 610 5548 fuisse
630 5507 915 5564 perperam
945 5491 1318 5548 existimantes
1363 5511 1376 5548 :
1409 5495 1483 5551 ita
1533 5496 1786 5551 nimirum
1815 5498 1866 5550 in
1896 5511 2049 5552 erro-

441 5600 560 5641 rem
585 5586 737 5655 proni
761 5595 1022 5656 perpetuo
1043 5594 1190 5654 sunt,
1219 5585 1546 5658 quicumque
1569 5605 1675 5644 non
1704 5588 1882 5645 omnia
1914 5605 2047 5662 pen-

443 5678 628 5742 sitant,
662 5688 718 5734 et
753 5695 860 5734 ttno
890 5687 1099 5735 tantum
1149 5688 1469 5751 argumento
1497 5681 1641 5738 ducti
1678 5683 1731 5738 in
1759 5681 1844 5739 bis
1882 5683 2044 5740 rebus

441 5766 707 5826 calculum
731 5779 956 5841 ponunt.

2156 4671 2396 4732 tempore
2423 4662 2632 4729 abesse,
2661 4663 3040 4733 autographas,
3063 4681 3196 4735 quas
3215 4665 3470 4722 dederam
3498 4667 3750 4736 schedas,

2154 4754 2244 4823 qui
2292 4756 2473 4824 operis
2531 4764 2586 4808 et
2628 4755 2991 4811 emendationi
3039 4770 3304 4827 praeerant
3347 4759 3416 4814 ob
3459 4759 3748 4828 implexam

2155 4847 2473 4915 scripturam
2517 4861 2850 4916 nequaquam
2883 4859 3234 4920 assequentes
3255 4893 3269 4916 ,
3307 4850 3550 4922 quaedam
3580 4851 3746 4906 omit-

2151 4946 2268 4993 tere
2302 4938 2474 4992 coacti
2511 4949 2670 5004 sunt,
2719 4939 2966 5009 quaedam
3009 4941 3282 5012 aliquanto
3333 4944 3641 5000 immutare.
3687 4943 3746 5001 Id

2151 5044 2286 5088 vero
2325 5029 2536 5085 etiamsi
2574 5043 2761 5099 parum
2802 5031 3002 5089 referat
3025 5075 3039 5098 ,
3073 5043 3200 5088 sunt
3238 5036 3332 5106 qui
3373 5049 3461 5091 me
3495 5035 3744 5107 adigant,

2153 5132 2213 5177 ut
2266 5137 2336 5177 ex
2387 5121 2770 5192 praetermissis
2809 5133 2903 5178 aut
2950 5125 3284 5195 interpolatis
3335 5128 3422 5183 hic
3459 5135 3746 5200 sequentes

2153 5213 2456 5269 exhibeam.
2491 5213 2896 5284 Adscripseram
2925 5230 3074 5286 ergo.

2225 5350 2340 5426 Gol.
2391 5351 2489 5418 15,
2532 5352 2583 5426 ιτ
2615 5351 2798 5426 Priore
2825 5351 3169 5426 _Veronensis
3226 5353 3349 5410 libri
3391 5359 3748 5426 quaternione

2152 5421 2434 5495 abscisso,
2473 5423 2791 5495 variantium
2825 5422 3114 5478 lectionum
3159 5427 3329 5495 prima
3363 5421 3747 5485 occurrittenet

2152 5507 2251 5563 pro
2276 5493 2470 5557 tenuit;
2501 5504 2554 5547 ιιι
2578 5494 2800 5548 habetur
2826 5496 2985 5561 paulo
3005 5505 3130 5550 ante
3153 5493 3174 5550 εὴ
3199 5496 3428 5563 Quartus
3488 5501 3616 5555 liber
3644 5517 3744 5558 au-

2149 5565 2398 5641 spicatur.
2437 5563 2520 5619 Ab
2553 5566 2618 5619 iis
2655 5565 2831 5619 verbis
2875 5565 2977 5620 sub
3011 5567 3170 5641 tinem
3201 5571 3518 5641 paragraphi
3547 5573 3742 5628 decimi

2151 5651 2184 5688 a
2211 5638 2444 5708 sttisnon
2471 5645 2728 5708 receptum
2759 5651 2898 5689 nunc
2925 5653 3024 5690 ms.
3052 5636 3258 5708 incipit.

2221 5705 2283 5761 C.
2320 5707 2404 5772 17,
2430 5708 2485 5762 2.
2524 5706 2635 5783 Pin:
2663 5708 2910 5760 doctrina:
2931 5708 2984 5763 in
3015 5705 3218 5783 textum
3245 5727 3585 5783 receperam,
3615 5714 3744 5769 sub-

2150 5786 2236 5835 tus
2267 5794 2490 5838 monens
2523 5796 2536 5834 :
2565 5781 2638 5835 ita
2676 5795 2774 5834 ms.
2817 5789 3018 5849 noster,
3044 5781 3135 5838 ubi
3170 5781 3227 5838 in
3253 5781 3495 5841 anteriori
3521 5785 3743 5842 editione
