4138 6180
456 292 524 347 x1
1782 285 2037 343 nArrEt
2077 282 2413 371 EDITIONIS

518 410 581 462 (Σ.
612 408 737 473 285,
770 409 818 463 l.
850 407 1000 463 Nihil
1021 409 1102 463 hic
1125 408 1506 461 adnotaverunt.

518 478 582 535 C.
612 480 734 535 329.
772 480 823 536 l.
861 479 1042 535 Oleum
1062 477 1407 533 exultationis.

520 549 580 607 C.
615 551 740 615 567,
774 551 827 606 5.
868 551 1074 604 lnlicita
1100 558 1190 604 est.

520 624 580 677 (Ζ.
614 625 740 686 587),
770 623 823 678 3.
860 622 1150 689 Fmpetitur.

519 694 581 747 C.
614 693 742 755 395,
767 693 821 749 ‘2.
860 687 1106 747 Matutam
1135 691 1464 752 matutinum,
1500 689 1659 757 paulo
1691 687 1829 742 infra
1854 687 2040 741 little:-

450 774 548 819 tem
590 779 863 819 mmmam:
896 775 963 817 tta
1011 766 1245 817 Hilarius
1289 763 1573 829 Paschatn,
1608 772 1737 833 etc,
1785 772 1840 814 ut
1882 760 2042 814 Eras-

453 852 571 889 mus
596 836 970 889 animadvertit
1004 838 1053 888 in
1087 833 1417 899 przrl‘atiune.
2000 851 2004 855 ‘

524 907 582 959 (ἶ.
612 906 739 971 4ιιο,
774 909 824 959 t5.
867 907 922 961 In
958 923 1057 960 ms.
1090 907 1275 968 iniqui,
1305 906 1435 957 utin
1462 905 1705 957 Romano
1725 901 1989 957 Ps:tlterio
2023 916 2036 953 :

454 993 554 1032 nec
580 980 686 1032 alio
735 994 896 1032 μειιειι
957 978 1314 1048 Hieronymus
1357 987 1744 1046 persaquutores
1792 972 1998 1026 sceleris
2025 1012 2036 1034 ,

456 1050 504 1101 id
536 1059 636 1107 est.
682 1049 920 1112 scelesti;
968 1065 1088 1102 naut
1114 1055 1168 1101 et
1196 1048 1411 1100 Plautus
1449 1047 1636 1115 ﬂagitii
1667 1053 2040 1114 persequentem

453 1120 586 1174 dixit
617 1137 710 1188 pro
730 1120 912 1189 ﬂagitii
942 1128 1203 1181 antatore,
1226 1133 1321 1170 seu
1346 1116 1628 1185 flagitiose.

523 1189 583 1245 C.
614 1191 741 1253 450,
775 1187 827 1244 5⁷.
869 1190 927 1243 lu
956 1189 1211 1243 anteriori
1234 1189 1467 1243 editione
1488 1199 1604 1241 erat
1646 1187 1849 1248 mentis,
1880 1201 2040 1252 quam

456 1262 747 1317 dictionem
781 1261 1092 1315 EraSmiat;a
1127 1277 1234 1314 non
1268 1262 1445 1323 habet,
1471 1275 1570 1313 nec
1603 1259 1736 1314 liber
1766 1267 1967 1311 uoster.

522 1335 580 1386 C.
617 1335 738 1399 517,
770 1334 820 1387 l.
867 1332 960 1386 llic
990 1332 1090 1386 loci
1115 1332 1314 1386 deserit
1360 1348 1459 1384 nos
1490 1331 1591 1384 sub
1631 1339 1709 1384 tot
1737 1328 2042 1383 seculorum

454 1404 689 1473 pondere
730 1404 986 1461 fatiscens
1013 1404 1179 1458 codex
1200 1444 1215 1470 ,
1263 1402 1550 1471 posrremis
1582 1400 1786 1456 chartis
1822 1412 2045 1470 prorsus

454 1476 631 1530 exesis
654 1487 741 1528 aut
771 1476 968 1529 misere
997 1476 1303 1545 discerptis.

530 1590 689 1661 Exegi
711 1591 1079 1645 monimentum
1103 1590 1240 1662 febre
1264 1590 1548 1655 molestius,
1571 1589 1623 1644 in
1642 1589 1760 1657 ipso
1774 1585 2046 1643 scribendi

454 1693 587 1757 ausu:
633 1683 824 1737 subtus
863 1683 1207 1747 addiderant,
1245 1682 1593 1737 lloratianum
1626 1697 1839 1736 versum
1884 1679 2047 1752 paulo

2083 862 2287 931 'est,

3643 283 3745 345 XII

2065 403 2118 464 Α
2144 401 2196 455 in
2224 416 2325 456 ms.
2361 400 2558 470 legitur
2582 417 2597 454 :
2619 402 2826 455 Annum
2845 402 3022 455 azterni
3042 409 3090 454 et
3116 400 3247 463 beati
3266 399 3407 455 illius
3441 399 3607 456 seculi
3630 399 3740 454 sine

2140 494 2295 549 dubio
2334 494 2602 560 declarat,
2642 494 2764 563 quia
2798 492 3035 548 bonitatis
3071 491 3279 546 Domini
3313 493 3394 546 hic
3429 508 3595 546 annus
3634 498 3730 551 est.

2146 584 2321 660 Hujus
2351 587 2476 641 anni
2511 584 2822 649 benedicitur
2849 602 3066 652 corona,
3096 586 3298 639 uisitata
3326 586 3458 639 enim
3486 592 3622 638 terra
3641 582 3735 654 ju-

2142 678 2487 731 cundissitnus
2536 693 2698 735 annus
2753 686 2801 729 et
2853 678 3190 732 suavissirnus
3237 678 3367 741 erit;
3417 677 3525 731 haec
3597 676 3732 731 enim

2145 767 2334 823 Christi
2381 778 2456 822 est
2507 776 2752 839 potestate
2799 769 3031 822 uictoria.
3093 768 3257 839 Magis
3309 777 3731 833 consentaneum

2359 860 2616 917 llilarium
2674 861 2848 931 ipsum
2904 860 2975 915 ita
3022 861 3278 931 primitus
3353 860 3737 923 elucubrasse,

2145 955 2340 1011 deinde
2369 957 2583 1009 auxisse
2612 954 2764 1009 novis
2792 954 2958 1020 curis,
2993 963 3046 1008 et
3075 956 3125 1013 in
3161 953 3475 1023 ampliorem
3507 952 3734 1008 lor-niam

2146 1047 2434 1117 redegisse.
2471 1046 2630 1101 Forte
2655 1047 2943 1102 SertnOnes
2971 1045 3037 1100 ad
3071 1046 3321 1115 populum
3349 1044 3621 1098 habendos
3656 1045 3727 1099 ita

2148 1144 2295 1212 prius
2321 1142 2580 1204 esuravit,
2616 1156 2752 1210 quos
2781 1140 2975 1194 exinde
3005 1141 3055 1193 in
3097 1138 3523 1193 Commentarios
3557 1148 3730 1191 trans-

2147 1233 2301 1290 fodit.
2358 1234 2647 1303 Propterea
2682 1234 2732 1287 in
2765 1234 2903 1289 Psal.
2935 1248 3041 1289 va
3072 1232 3157 1291 illa
3185 1232 3363 1287 otunizt
3405 1246 3504 1286 ms.
3542 1229 3731 1285 transic

2147 1329 2206 1382 lit
2225 1369 2239 1393 ,
2267 1343 2389 1398 (tua:
2414 1327 2480 1381 ad
2511 1326 2852 1383 Grmeitatem
2885 1328 3187 1395 pertinent,
3217 1335 3269 1381 et
3298 1341 3328 1379 c
3358 1324 3528 1380 (ἐπ’ωεὶ
3558 1331 3736 1378 textus

2146 1420 2375 1476 lectione
2421 1418 2777 1475 deducuntur.
2820 1418 2930 1473 Nec
2976 1429 3151 1471 tamen
3197 1416 3250 1470 in
3291 1418 3388 1471 hac
3428 1414 3736 1485 conjectura

2148 1512 2279 1567 satis
2298 1512 2713 1583 acquiescimus:
2737 1511 2896 1565 nimis
2922 1511 3065 1565 enim
3090 1525 3276 1564 manca
3307 1509 3623 1581 plerumque
3643 1522 3742 1562 ex-

2151 1605 2347 1675 pasitio
2376 1615 2458 1660 est
2479 1646 2493 1671 ,
2538 1605 2823 1674 pluresque
2855 1603 3185 1659 Psalmorum
3217 1602 3510 1657 versiculos
3541 1608 3735 1671 priete-

2154 1697 2246 1764 rit,
2276 1712 2410 1764 quos
2443 1700 2791 1764 interpretem
2818 1695 2874 1749 in
2895 1695 2958 1747 iis
2983 1709 3101 1764 qua:
3129 1694 3323 1747 desunt
3351 1692 3612 1762 attigisse,
3644 1688 3745 1743 ali-

454 1775 819 1845 detorquens;
852 1790 915 1830 ac
946 1778 989 1830 si
1030 1775 1333 1846 gratularer
1370 1775 1529 1837 mihi,
1558 1773 1701 1846 quod
1724 1790 1787 1828 eo
1811 1773 2042 1853 tatndem

2150 1789 2366 1862 quando
2395 1786 2659 1843 sententia
2688 1785 3040 1843 demenstrat.
3069 1784 3322 1853 Quaedam
3352 1775 3511 1839 etiam
3539 1781 3745 1849 addun-

453 1866 638 1920 labore
681 1867 882 1924 levatus
911 1882 1085 1925 essem
1116 1884 1129 1920 :
1159 1868 1333 1921 varias
1373 1866 1638 1938 siquidem
1676 1865 1938 1925 lectiones
1967 1866 2048 1920 iu-

457 1958 627 2013 virem
657 1959 925 2025 conferre,
962 1958 1228 2029 fugientes
1254 1956 1463 2015 litteras
1492 1962 1763 2032 persequi,
1800 1961 2047 2016 codicum

456 2052 637 2120 apices
664 2060 914 2121 captare;
946 2061 1004 2107 et
1031 2042 1152 2107 cum
1178 2053 1326 2107 miris
1357 2053 1701 2107 librariorum
1730 2052 2049 2127 sphalmatis

455 2145 778 2217 confligere,
828 2163 913 2201 res
943 2155 1028 2202 est
1081 2147 1413 2202 incredibilis
1464 2147 1728 2205 molestia:
1776 2148 1965 2218 plena,
1996 2154 2051 2202 et

458 2237 812 2308 undequaque
837 2238 1087 2307 periculis
1111 2239 1492 2309 circumsepta.
1525 2240 1673 2311 lpsas
1694 2241 2050 2311 praecedentis

455 2331 681 2387 editoris
708 2331 953 2387 eruditas
978 2332 1355 2388 adnotationes
1377 2347 1497 2387 cum
1527 2349 1922 2404 percurrerem,
1953 2336 2052 2391 ali-

455 2438 558 2494 qua
603 2422 828 2478 Parisiui
858 2424 1102 2494 quamvis
1131 2424 1526 2496 diligentis-inti
1559 2426 1874 2497 typographi
1900 2442 2048 2489 men-

455 2517 519 2573 da
553 2525 741 2575 nostro
769 2518 1151 2584 ostendebam;
1185 2529 1237 2572 ut
1279 2519 1346 2573 ab
1377 2518 1442 2574 iis
1489 2519 1588 2574 sibi
1628 2529 1874 2587 caveret;
1906 2523 2051 2578 velut

460 2624 580 2680 pag.
608 2608 736 2673 I75,
766 2608 861 2663 ubi
889 2609 1046 2665 Tullii
1084 2610 1236 2665 locus
1271 2610 1495 2666 atl‘ertur
1524 2623 1754 2683 negante
1790 2613 2048 2667 adverbio

457 2700 865 2772 pr:etertuisso:
901 2700 1061 2756 modo
1096 2713 1273 2755 autem
1323 2701 1373 2755 id
1394 2702 1611 2773 quidem
1656 2704 2047 2775 typographum

457 2806 723 2862 nostrum,
761 2810 880 2865 pag.
924 2796 1049 2860 l97,
1082 2796 1390 2867 reposuisse
1413 2796 1569 2852 video
1592 2838 1608 2865 ,
1636 2796 1729 2853 sed
1758 2798 2047 2865 dictionem

454 2887 613 2942 aliam
641 2890 981 2957 prmterisse:
1019 2890 1117 2959 legi
1150 2892 1293 2944 enim
1323 2890 1478 2946 debet
1507 2907 1522 2957 ;
1547 2891 1683 2959 quod
1702 2892 1790 2962 qui
1826 2892 2045 2959 dubitat,

456 2980 597 3051 haud
611 2996 736 3036 sane
770 2981 1034 3051 intelligo,
1067 2998 1159 3037 cur
1183 3000 1283 3039 non
1321 2983 1489 3050 idem,
1522 2983 1617 3039 Sol
1636 2984 1723 3052 sit,
1768 3000 1833 3038 an
1874 2984 2048 3040 nullus

454 3077 542 3141 sit,
568 3075 803 3130 dubitare
825 3077 1003 3145 possit.

2152 1891 2254 1943 tur,
2276 1898 2395 1951 qua-
2419 1881 2601 1937 llilarii
2625 1896 2729 1933 non
2763 1879 3031 1943 videntur,
3062 1886 3119 1932 ut
3146 1877 3210 1932 ad
3240 1877 3379 1931 P~al.
3406 1891 3552 1940 LXIV,
3584 1891 3635 1927 n.
3665 1873 3698 1933 4
3724 1910 3742 1930 .

2152 1971 2383 2027 Ecclesia
2412 1972 2637 2027 nondum
2666 1969 2853 2026 Christi
2881 1972 3098 2024 adventu
3126 1969 3435 2023 inluminata
3453 2009 3465 2030 ,
3501 1968 3595 2037 fuit
3624 1966 3724 2020 ali-

2150 2066 2353 2137 quando
2381 2071 2524 2119 vanis
2550 2061 2995 2137 superstitionibus
3023 2061 3243 2114 obnoxia
3269 2103 3282 2126 ,
3316 2076 3433 2115 cum
3480 2069 3736 2125 praecepta

2151 2159 2383 2229 gentilia,
2408 2167 2513 2214 etc.
2548 2158 2661 2212 lloc
2690 2159 2741 2211 in
2769 2154 2927 2209 editis
2951 2153 3019 2208 de
3043 2153 3260 2209 humani
3286 2154 3499 2223 generis
3522 2151 3742 2206 univer-

2150 2252 2311 2307 sitate
2360 2251 2667 2320 profertur,
2699 2264 2860 2319 quant
2910 2247 3167 2302 Eerlesire
3213 2247 3431 2303 nomine
3469 2261 3741 2315 nunquam

2152 2344 2451 2413 iudigitavit
2473 2342 2681 2398 Auctor
2710 2352 2914 2398 uoster.
2933 2343 3118 2412 Neque
3140 2341 3272 2395 illud
3295 2340 3363 2394 ab
3385 2354 3450 2394 eo
3478 2355 3597 2394 esse
3627 2353 3749 2393 Cl‘C-e

2150 2436 2375 2497 dideriut
2426 2437 2478 2490 iu
2530 2436 2671 2492 Psal.
2698 2452 2877 2493 cxxtv.
2923 2436 3033 2493 Hoc
3067 2426 3179 2490 loco
3209 2436 3261 2489 in
3302 2434 3529 2488 circuitu
3563 2431 3744 2509 populi

2153 2528 2493 2600 Euangelium
2521 2530 2797 2601 signiﬁcat.
2824 2530 2936 2586 Nec
2980 2531 3095 2585 loca
3117 2529 3313 2585 desunt
3339 2528 3515 2583 minus
3546 2539 3747 2595 Oppor-

2153 2631 2278 2677 tune
2301 2623 2567 2688 mutilata,
2597 2634 2651 2679 et
2671 2624 2848 2679 minus
2873 2625 3148 2694 eleganter
3172 2635 3436 2676 connexa.
3465 2618 3741 2688 Suspicari

2151 2727 2279 2783 ergo
2317 2715 2599 2784 quisquam
2645 2716 2814 2786 possit
2868 2715 2935 2785 ab
2986 2715 3088 2768 alia
3139 2728 3298 2768 manu
3338 2711 3433 2766 has
3481 2712 3746 2777 epitomas

2153 2805 2484 2873 processisse
2505 2848 2518 2868 ,
2553 2816 2606 2860 et
2656 2806 2706 2860 in
2737 2806 3010 2877 prepriutu
3047 2822 3200 2860 usutn
3240 2806 3309 2861 ita
3339 2803 3407 2858 ab
3437 2803 3618 2872 aliquo
3650 2804 3748 2859 hos

2151 2898 2568 2953 commentarios
2605 2914 2917 2954 conversos.
2954 2899 3093 2966 Quin
3124 2909 3176 2952 et
3201 2898 3291 2952 illa
3320 2896 3605 2964 aliquando
3657 2910 3749 2948 su-

2152 2990 2321 3061 spicio
2367 2991 2616 3060 incessit;
2662 3008 2786 3047 num
2834 2993 2884 3045 in
2921 2990 3359 3055 commentarios,
3409 3005 3542 3058 quos
3583 2987 3749 3041 hdie-

2152 3096 2292 3144 mus,
2321 3084 2564 3137 extranei
2596 3084 2882 3154 quicquam
2914 3094 2965 3137 et
2994 3083 3153 3138 alicui
3185 3082 3511 3139 insinuatum
3545 3077 3698 3132 fuerit
3727 3094 3743 3144 ;

526 3167 906 3224 Verumtamen
958 3178 1152 3239 praeter
1173 3170 1413 3226 diversas
1440 3169 1526 3226 hic
1545 3180 1600 3226 et
1620 3171 1723 3226 sub
1750 3178 1895 3227 textu
1927 3187 2052 3242 pro-
2079 3181 2125 3245 ο
2159 3174 2306 3230 velut
2331 3189 2453 3244 qua:
2484 3177 2536 3230 in
2565 3176 2904 3245 eupositione
2935 3175 3074 3231 Psal.
3107 3190 3208 3230 va
3236 3190 3264 3227 a
3295 3173 3604 3228 Graecarum
3634 3171 3748 3225 dic-

457 3263 589 3321 latas
618 3262 899 3328 lectiones,
933 3263 1141 3334 aliquos
1165 3279 1228 3318 ex
1257 3263 1440 3318 Hilarii
1472 3265 1786 3319 tractatibus
1818 3266 1869 3321 in
1896 3262 2051 3335 Psal-

459 3368 574 3409 mos
606 3355 800 3409 retinet
825 3353 991 3409 codex
1024 3366 1209 3410 noster
1252 3356 1524 3410 tuullOlies
1550 3397 1566 3422 ,
1600 3372 1698 3413 nec
1727 3361 1906 3428 paucis
1932 3361 2050 3414 dic-

458 3451 693 3506 tionibus
716 3492 731 3516 ,
765 3450 844 3504 vel
876 3466 983 3504 uno
1022 3460 1225 3505 tantum
1267 3462 1357 3505 aut
1401 3451 1572 3505 altero
1604 3467 1763 3506 versu
1793 3453 1861 3508 ab
1889 3439 2050 3509 editis

458 3544 796 3600 recedentes.
826 3543 930 3598 Eos
988 3551 1044 3598 ut
1066 3544 1265 3614 jacent,
1290 3543 1576 3613 diligenter
1596 3544 1895 3615 exscriptos
1922 3560 2052 3600 eon-

448 3633 680 3704 juuetim
727 3634 1044 3707 adponituus
1099 3644 1151 3690 et
1207 3634 1523 3691 exhibemus
1557 3652 1567 3688 :
1598 3650 1813 3699 errores
1843 3645 2049 3709 tanturn

458 3727 717 3802 quosdam
759 3728 1070 3783 sustulimus
1092 3769 1105 3793 ,
1146 3736 1200 3782 et
1226 3728 1490 3783 dictiOnes
1523 3728 1721 3797 profeta
1742 3770 1758 3797 ,
1787 3729 2046 3800 ﬁlasofus,

455 3819 797 3873 centensimus
817 3861 831 3884 ,
865 3830 969 3874 etc.
995 3862 1009 3886 ,
1037 3818 1104 3873 ad
1131 3835 1475 3874 communem
1516 3836 1669 3875 usum
1695 3823 2045 3878 traduximus.

456 3910 745 3968 Varietatis
791 3912 929 3966 ratio
979 3912 1028 3967 in
1056 3926 1121 3967 eo
1172 3914 1442 3982 przt‘cipllc
1486 3914 1744 3980 vcrzitur,
1787 3925 1843 3973 ut
1880 3916 2050 3975 multo

457 4004 731 4061 brmiutes
761 4002 814 4058 hi
849 4007 1015 4058 nostri
1054 4004 1182 4065 sint,
1220 4005 1465 4074 pluresve
1491 4022 1593 4076 qua
1620 4008 1868 4075 periodos
1894 4050 1909 4075 ,
1945 4022 2048 4076 qua

453 4095 685 4163 integras
720 4098 936 4166 paginas
966 4096 1079 4151 sive
1105 4097 1335 4166 scriptus
1364 4100 1501 4153 liber
1530 4107 1758 4165 resecet,
1787 4102 1903 4154 sive
1933 4102 2052 4155 vul-

453 4191 562 4256 gati
592 4186 935 4241 interseraut.
970 4187 1249 4257 Quodnam
1293 4188 1362 4244 de
1398 4189 1707 4260 hujusmodi
1746 4189 2049 4249 differentia

449 4279 709 4347 judicium
746 4281 1021 4339 ferendum
1063 4282 1131 4337 sit
1170 4284 1360 4337 doetus
1403 4283 1597 4340 Lector
1632 4294 1851 4343 statuet.
1887 4287 2048 4358 Cogi-

451 4378 687 4427 taverant
736 4373 914 4442 prius,
964 4389 1090 4427 num
1125 4387 1192 4428 ex
1221 4389 1317 4429 ore
1363 4376 1756 4441 pronuntiantis
1796 4388 2048 4447 exceptos

452 4466 691 4521 notarius
722 4466 869 4520 vocis
898 4466 1228 4522 celeritatem
1260 4468 1395 4523 haud
1420 4483 1718 4537 assequens
1739 4471 2048 4535 decurtatos

2156 3269 2357 3322 Iionum
2402 3271 2728 3339 proprietate
2766 3286 2829 3324 ac
2857 3271 2906 3324 vi
2937 3270 3250 3325 derivantur
3279 3286 3292 3323 :
3318 3267 3548 3322 llilarius
3578 3266 3745 3335 siqui-

2152 3359 2273 3425 dem
2326 3359 2623 3421 ercarum
2648 3362 2935 3416 litterarum
2965 3362 3241 3429 quamdam
3272 3372 3475 3415 tantum
3505 3360 3743 3414 anrulam

2151 3463 2409 3523 ceperat,
2438 3455 2483 3509 si
2514 3455 2844 3527 Hieronymo
2886 3455 3020 3511 fides
3055 3456 3109 3510 in
3145 3455 3387 3525 Epistula
3421 3454 3487 3509 ad
3519 3454 3746 3509 Marcel-

2154 3549 2295 3617 lam;
2328 3564 2488 3618 quam
2518 3549 2879 3617 suSpicionem
2911 3559 3084 3604 tamen
3111 3565 3222 3602 rem
3248 3547 3640 3619 perpendentes
3663 3564 3746 3602 rc-

2149 3643 2399 3713 jetimtts.
2442 3642 2639 3701 Verum
2683 3643 2750 3699 de
2787 3642 2869 3699 his
2913 3643 3247 3699 eruditorum
3293 3642 3567 3696 hominum
3603 3638 3748 3709 judi-

2151 3734 2293 3795 cium
2321 3744 2461 3791 esto.

2222 3824 2344 3895 lpso
2385 3826 2538 3881 initio
2576 3826 2775 3898 aliquid
2805 3826 2999 3882 deesse
3020 3870 3033 3892 ,
3060 3828 3234 3897 Spatio
3279 3826 3466 3880 relicto
3497 3823 3746 3879 librarius

2152 3920 2359 3989 ipuuit:
2395 3920 2521 3975 hinc
2547 3929 2650 3986 est,
2680 3920 2823 3991 quod
2862 3935 2892 3974 a
2924 3921 3194 3975 versiculo
3223 3921 3452 3989 septimo
3481 3917 3746 3988 rxpo.~itio

2150 4013 2388 4082 incipiat.
2438 4013 2550 4071 Sub
2588 4013 2749 4069 linem
2781 4027 2997 4083 quoque
3038 4011 3177 4071 Psal.
3225 4027 3403 4067 cxxxn
3443 4009 3744 4065 mutilatum

2151 4105 2454 4173 dignosces.
2493 4104 2589 4161 Ulli
2636 4106 2690 4160 in
2735 4105 2892 4160 editis
2935 4104 3040 4159 col.
3085 4104 3339 4158 editionis
3369 4112 3570 4157 nostra:
3603 4101 3741 4156 188:

2151 4199 2409 4253 Accinctio
2439 4199 2676 4269 potentia:
2700 4199 2742 4251 ei
2769 4198 2904 4263 quod
2932 4196 3187 4267 indigebat
3215 4197 3417 4267 corpori
3448 4204 3740 4265 coaptatur.

2154 4289 2275 4345 Non
2305 4291 2437 4345 enim
2468 4290 2624 4344 virtus
2647 4289 2947 4360 accingitur,
2985 4288 3075 4343 sed
3104 4288 3156 4342 in
3176 4289 3360 4344 virtute
3397 4288 3487 4344 Dei
3510 4289 3733 4358 potentia

2151 4382 2301 4435 homo
2333 4396 2480 4451 quem
2515 4381 2761 4434 Dominus
2786 4380 3056 4452 assumpsit
3093 4381 3412 4450 accingitur:
3441 4382 3606 4434 multo
3627 4396 3741 4436 mc-

2150 4477 2253 4531 lius
2284 4476 2589 4545 explicatur
2610 4474 2661 4528 in
2697 4488 2798 4526 ius.
2831 4471 2951 4526 Non
2978 4474 3112 4525 enim
3134 4473 3291 4526 virtus
3319 4473 3623 4543 accingitur,
3656 4472 3744 4527 sed

450 4560 718 4630 dedisset;
757 4568 814 4616 ut
840 4560 1125 4632 quamdam
1157 4561 1390 4621 Cmsaris
1430 4564 1727 4625 oralionem
1746 4604 1763 4639 ι
1786 4581 1906 4639 quae
1935 4567 2037 4622 cir-
2071 4572 2126 4632 Ι)
2150 4570 2202 4623 in
2231 4570 2412 4624 virtute
2442 4567 2537 4621 Dei
2563 4567 2786 4641 potentia
2817 4566 3033 4623 hominis
3052 4584 3070 4631 ;
3089 4566 3142 4618 id
3159 4574 3252 4635 est,
3277 4566 3325 4620 ei
3352 4566 3581 4634 corporis
3604 4565 3742 4636 quod

450 4653 850 4709 etnuferebatur
870 4696 884 4720 ,
910 4654 1248 4710 existimabat
1280 4656 1551 4726 Augu~tus
1581 4657 1645 4712 ab
1678 4661 1922 4714 actuariis
1953 4677 2045 4714 ea:-

436 4756 649 4818 .ceptam
675 4747 807 4801 male
833 4746 1247 4818 subsequentibus
1268 4750 1420 4803 verba
1458 4750 1670 4805 dicentis
1701 4750 1882 4824 (Suet.
1911 4753 2043 4813 Cres,

453 4851 504 4892 (ε.
537 4836 663 4909 55).
696 4841 763 4893 At
791 4840 967 4897 obstat
1011 4841 1396 4911 consequentia
1443 4844 1741 4908 sermonis,
1772 4854 1829 4900 et
1865 4845 2043 4903 addita

451 4931 612 4985 etiam
657 4932 921 4986 interdum
949 4934 1144 4999 verba,
1179 4948 1242 4988 ac
1278 4943 1511 4991 mutatus
1541 4951 1646 4991 non
1679 4934 2047 5006 infrequenter

450 5022 709 5076 orationis
726 5032 1043 5078 contextus:
1066 5027 1152 5081 ubi
1170 5026 1314 5080 enim
1337 5026 1565 5096 exempli
1588 5041 1747 5083 causa
1774 5031 1825 5082 in
1851 5028 2041 5084 editis:

452 5115 657 5173 Annum
690 5117 1014 5189 benignitatis
1040 5120 1132 5173 Dei
1152 5136 1216 5174 ex
1238 5120 1547 5193 propheticis
1569 5133 1720 5185 atque
1739 5123 2046 5192 Apostolicis

454 5212 705 5267 doctrinis
732 5215 1057 5285 cognovimus
1087 5218 1205 5284 (Ad
1228 5217 1362 5286 psal.
1397 5216 1520 5287 va)
1544 5235 1558 5284 ;
1586 5228 1639 5273 et
1671 5206 1795 5291 post
1817 5222 1994 5292 aliqua
2029 5240 2043 5279 :

454 5305 696 5380 Namque
724 5311 965 5367 bonitatis
996 5310 1203 5367 Domini
1244 5315 1326 5369 hic
1347 5333 1513 5370 annus
1538 5326 1612 5371 est
1634 5357 1647 5379 ,
1671 5334 1772 5385 quo
1793 5328 1938 5371 erunt
1967 5319 2050 5373 in-

452 5402 652 5470 defessa
681 5404 772 5459 illa
799 5406 1027 5474 benignae
1062 5407 1409 5465 retributionis
1439 5420 1671 5482 ternpora
1699 5412 2041 5481 auspicando.

457 5495 632 5567 Hujus
652 5499 810 5569 igitur
838 5502 961 5562 anui
980 5500 1070 5561 Dei
1096 5499 1356 5562 benedicrt
1384 5520 1625 5563 coronam
1637 5505 2047 5577 jucundissimus

455 5600 501 5643 et
551 5593 889 5647 suavissimus
936 5594 1153 5649 visitata:
1204 5604 1352 5647 terra:
1418 5596 1777 5671 inebrialwqtte
1824 5596 2043 5667 fructus.

460 5683 589 5740 Haec
633 5688 768 5741 enim
812 5688 1001 5755 Christi
1043 5697 1147 5755 est,
1191 5688 1406 5762 depulsa
1448 5706 1720 5761 corporum
1754 5700 2048 5744 nostrorum

2151 4663 2321 4716 deerat
2365 4668 2654 4729 conpletur.
2702 4657 2833 4729 Ejus
2883 4676 3000 4727 ergo
3043 4658 3263 4712 homnis
3305 4658 3531 4727 potentia
3556 4699 3569 4719 ,
3596 4674 3743 4728 quem

2151 4753 2293 4808 Deus
2318 4752 2602 4821 adsumpsit
2626 4793 2640 4816 ,
2669 4751 2954 4820 accingitur
2976 4752 3028 4803 in
3056 4752 3256 4804 virtute.
3303 4750 3420 4804 .lam
3451 4765 3579 4805 vero
3608 4750 3745 4806 nihil

2152 4846 2284 4900 ultra
2314 4854 2366 4900 te
2391 4843 2872 4909 morantur,amice
2903 4841 3113 4909 Lector,
3149 4852 3203 4898 et
3232 4843 3398 4914 ipsos,
3424 4850 3480 4896 ut
3508 4844 3558 4895 iu
3593 4842 3743 4897 codi-

2150 4954 2213 4994 ce
2242 4946 2539 5008 apparent,
2574 4936 2859 4992 TraCtatus
2880 4977 2894 5001 ,
2924 4938 3037 4993 sive
3068 4951 3343 4992 sermones
3366 4977 3380 5001 ,
3422 4948 3511 4990 aut
3538 4951 3744 4995 sermo-.-

2149 5046 2277 5086 num
2307 5029 2743 5085 adumbrationes
2771 5030 2963 5095 mavis,
2995 5030 3086 5084 tibi
3119 5030 3189 5083 ob
3213 5029 3400 5085 oculos
3422 5030 3680 5085 sistimus.

2527 5186 2778 5245 INCIPIT
2821 5185 3138 5242 PSALML‘S
3179 5142 3361 5242 ixut.

2580 5301 2635 5356 lu
2666 5316 2827 5357 FINEI
2857 5299 3098 5356 Pettalus
3118 5299 3317 5356 DAVID.

2228 5420 2453 5489 Exaudi,
2484 5419 2640 5485 Deus,
2661 5419 2935 5477 orationem
2951 5431 3134 5478 meum,
3165 5416 3286 5469 dum
3312 5415 3556 5481 deprecor
3581 5415 3649 5468 ad
3664 5425 3709 5469 te
3725 5431 3746 5468 :

2153 5514 2185 5555 u
2212 5495 2390 5551 timore
2414 5490 2609 5559 inimici
2631 5507 2749 5545 erue
2767 5489 2991 5543 animam
3012 5503 3195 5540 meum.
3250 5490 3475 5559 Scrutati
3502 5498 3618 5540 sunt
3648 5489 3748 5549 ini-

2152 5569 2389 5637 quitates.
2415 5565 2705 5636 defecerunt
2735 5570 3018 5637 scrutantes
3044 5559 3306 5637 scrutinio:
3341 5557 3572 5637 Spiritus
3602 5560 3745 5613 enim

2158 5624 2516 5707 i’ropltetalis',
2541 5637 2630 5703 qui
2657 5647 2747 5707 per
2778 5632 2941 5707 David
2976 5624 3313 5707 loquebatur",
3368 5631 3589 5707 audietis
3630 5645 3748 5707 tnu-

2155 5725 2241 5763 nta
2266 5699 2327 5761 'et
2355 5706 2533 5762 sciens
2561 5699 2862 5767 'universa,
2898 5702 3000 5756 hoc
3031 5699 3082 5756 in
3115 5702 3232 5756 loco
3278 5715 3381 5757 non
3436 5704 3603 5757 eolqu
3653 5699 3752 5755 .lu-

477 5782 820 5850 (Orruptione,
846 5792 893 5836 et
920 5790 1177 5856 perempta
1205 5783 1384 5837 mortis
1410 5791 1674 5854 potestate,
1700 5782 1954 5838 uictoria:
1984 5781 2063 5838 ita
2155 5780 2401 5837 diuorum
2458 5777 2748 5847 malignam
2822 5773 3297 5844 conspirationem,
3354 5786 3536 5830 verum
3584 5775 3747 5829 etiam
