  <div class='ocr_page' id='page_1' title='image "/cluster/home/n/w/nwhite01/storage/ocr_20150623/9/hvd.32044096580378/016.png"; bbox 0 0 4138 6180; ppageno 0'>
   <div class='ocr_carea' id='block_1_1' title="bbox 433 253 554 314">
    <p class='ocr_par' dir='ltr' id='par_1_1' title="bbox 433 253 554 314">
     <span class='ocr_line' id='line_1_1' title="bbox 433 253 554 314; baseline 0.008 -2"><span class='ocrx_word' id='word_1_1' title='bbox 433 253 554 314; x_wconf 64' lang='grc' dir='ltr'>Χῖιι</span> 
     </span>
    </p>
   </div>
   <div class='ocr_carea' id='block_1_2' title="bbox 1900 255 2289 313">
    <p class='ocr_par' dir='ltr' id='par_1_2' title="bbox 1900 255 2289 313">
     <span class='ocr_line' id='line_1_2' title="bbox 1900 255 2289 313; baseline -0.005 -2"><span class='ocrx_word' id='word_1_2' title='bbox 1900 255 2289 313; x_wconf 68' lang='lat' dir='ltr'><strong>PREFATIO.</strong></span> 
     </span>
    </p>
   </div>
   <div class='ocr_carea' id='block_1_3' title="bbox 3607 255 3724 314">
    <p class='ocr_par' dir='ltr' id='par_1_3' title="bbox 3607 255 3724 314">
     <span class='ocr_line' id='line_1_3' title="bbox 3607 255 3724 314; baseline 0 -1"><span class='ocrx_word' id='word_1_3' title='bbox 3607 255 3724 314; x_wconf 77' lang='lat' dir='ltr'><strong>XIV</strong></span> 
     </span>
    </p>
   </div>
   <div class='ocr_carea' id='block_1_4' title="bbox 434 370 3465 443">
    <p class='ocr_par' dir='ltr' id='par_1_4' title="bbox 434 370 3465 443">
     <span class='ocr_line' id='line_1_4' title="bbox 434 370 3465 443; baseline -0.001 -15"><span class='ocrx_word' id='word_1_4' title='bbox 434 373 889 443; x_wconf 67' lang='lat' dir='ltr'><strong>Philosophorum</strong></span> <span class='ocrx_word' id='word_1_5' title='bbox 921 371 1133 428; x_wconf 72' lang='lat' dir='ltr'><strong>inanem</strong></span> <span class='ocrx_word' id='word_1_6' title='bbox 1161 371 1438 426; x_wconf 76' lang='lat' dir='ltr'><strong>scientiam</strong></span> <span class='ocrx_word' id='word_1_7' title='bbox 1465 414 1474 430; x_wconf 82' lang='lat'><strong>.</strong></span> <span class='ocrx_word' id='word_1_8' title='bbox 1530 379 1596 443; x_wconf 74' lang='lat' dir='ltr'><strong>et</strong></span> <span class='ocrx_word' id='word_1_9' title='bbox 1639 371 2023 426; x_wconf 66' lang='lat' dir='ltr'><strong>[hereticorum</strong></span> <span class='ocrx_word' id='word_1_10' title='bbox 2054 373 2104 432; x_wconf 80' lang='grc' dir='ltr'><strong>Α</strong></span> <span class='ocrx_word' id='word_1_11' title='bbox 2133 379 2221 425; x_wconf 88' lang='lat' dir='ltr'><strong>tur</strong></span> <span class='ocrx_word' id='word_1_12' title='bbox 2246 370 2529 425; x_wconf 83' lang='lat' dir='ltr'><strong>adversum</strong></span> <span class='ocrx_word' id='word_1_13' title='bbox 2564 371 2664 424; x_wconf 88' lang='lat' dir='ltr'><strong>ista</strong></span> <span class='ocrx_word' id='word_1_14' title='bbox 2697 380 3020 426; x_wconf 84' lang='lat' dir='ltr'><strong>scrutantes.</strong></span> <span class='ocrx_word' id='word_1_15' title='bbox 3050 373 3183 425; x_wconf 77' lang='lat' dir='ltr'><strong>Post</strong></span> <span class='ocrx_word' id='word_1_16' title='bbox 3212 371 3325 426; x_wconf 68' lang='lat' dir='ltr'><strong>hac</strong></span> <span class='ocrx_word' id='word_1_17' title='bbox 3347 372 3416 425; x_wconf 86' lang='lat' dir='ltr'><strong>ait</strong></span> <span class='ocrx_word' id='word_1_18' title='bbox 3455 391 3465 424; x_wconf 89' lang='lat'><strong>:</strong></span> 
     </span>
    </p>
   </div>
   <div class='ocr_carea' id='block_1_5' title="bbox 433 441 2019 513">
    <p class='ocr_par' dir='ltr' id='par_1_5' title="bbox 433 441 2019 513">
     <span class='ocr_line' id='line_1_5' title="bbox 433 441 2019 513; baseline -0.001 -13"><span class='ocrx_word' id='word_1_19' title='bbox 433 441 744 513; x_wconf 71' lang='lat' dir='ltr'><strong>perversam</strong></span> <span class='ocrx_word' id='word_1_20' title='bbox 777 445 1167 497; x_wconf 86' lang='lat' dir='ltr'><strong>contumaciam</strong></span> <span class='ocrx_word' id='word_1_21' title='bbox 1201 442 1510 512; x_wconf 71' lang='lat' dir='ltr'><strong>pronuntiat</strong></span> <span class='ocrx_word' id='word_1_22' title='bbox 1553 441 1839 511; x_wconf 81' lang='lat' dir='ltr'><strong>aliquando</strong></span> <span class='ocrx_word' id='word_1_23' title='bbox 1887 443 2019 499; x_wconf 83' lang='lat' dir='ltr'><strong>deli-</strong></span> 
     </span>
    </p>
   </div>
   <div class='ocr_carea' id='block_1_6' title="bbox 433 514 1743 580">
    <p class='ocr_par' dir='ltr' id='par_1_6' title="bbox 433 514 1743 580">
     <span class='ocr_line' id='line_1_6' title="bbox 433 514 1743 580; baseline -0.003 -10"><span class='ocrx_word' id='word_1_24' title='bbox 433 533 558 570; x_wconf 93' lang='lat' dir='ltr'><strong>cere</strong></span> <span class='ocrx_word' id='word_1_25' title='bbox 592 535 603 567; x_wconf 94' lang='lat'><strong>:</strong></span> <span class='ocrx_word' id='word_1_26' title='bbox 639 517 688 569; x_wconf 89' lang='lat' dir='ltr'><strong>iu</strong></span> <span class='ocrx_word' id='word_1_27' title='bbox 708 518 808 570; x_wconf 85' lang='lat' dir='ltr'><strong>hoc</strong></span> <span class='ocrx_word' id='word_1_28' title='bbox 835 516 1067 569; x_wconf 80' lang='lat' dir='ltr'><strong>cauitqu</strong></span> <span class='ocrx_word' id='word_1_29' title='bbox 1088 515 1413 580; x_wconf 69' lang='lat' dir='ltr'><strong>ostenditur,</strong></span> <span class='ocrx_word' id='word_1_30' title='bbox 1439 529 1559 568; x_wconf 89' lang='lat' dir='ltr'><strong>cum</strong></span> <span class='ocrx_word' id='word_1_31' title='bbox 1578 514 1706 568; x_wconf 79' lang='lat' dir='ltr'><strong>dicit</strong></span> <span class='ocrx_word' id='word_1_32' title='bbox 1731 532 1743 566; x_wconf 89' lang='lat'><strong>:</strong></span> 
     </span>
    </p>
   </div>
   <div class='ocr_carea' id='block_1_7' title="bbox 507 584 1435 651">
    <p class='ocr_par' dir='ltr' id='par_1_7' title="bbox 507 584 1435 651">
     <span class='ocr_line' id='line_1_7' title="bbox 507 584 1435 651; baseline -0.004 -11"><span class='ocrx_word' id='word_1_33' title='bbox 507 587 825 642; x_wconf 71' lang='lat' dir='ltr'><strong>Perserutati</strong></span> <span class='ocrx_word' id='word_1_34' title='bbox 851 597 968 644; x_wconf 80' lang='lat' dir='ltr'><strong>sunt</strong></span> <span class='ocrx_word' id='word_1_35' title='bbox 997 587 1284 651; x_wconf 71' lang='lat' dir='ltr'><strong>iniquitates</strong></span> <span class='ocrx_word' id='word_1_36' title='bbox 1301 627 1314 648; x_wconf 90' lang='lat'><strong>,</strong></span> <span class='ocrx_word' id='word_1_37' title='bbox 1427 584 1435 590; x_wconf 84' lang='grc'><strong>’</strong></span> 
     </span>
    </p>
   </div>
   <div class='ocr_carea' id='block_1_8' title="bbox 505 657 1409 726">
    <p class='ocr_par' dir='ltr' id='par_1_8' title="bbox 505 657 1409 726">
     <span class='ocr_line' id='line_1_8' title="bbox 505 657 1409 726; baseline -0.006 -14"><span class='ocrx_word' id='word_1_38' title='bbox 505 658 814 726; x_wconf 73' lang='grc' dir='ltr'>Βρ[ι’ί·ριίιιιι</span> <span class='ocrx_word' id='word_1_39' title='bbox 838 668 1122 710; x_wconf 84' lang='lat' dir='ltr'><strong>scrutantes</strong></span> <span class='ocrx_word' id='word_1_40' title='bbox 1147 657 1409 710; x_wconf 86' lang='lat' dir='ltr'><strong>scrutinio.</strong></span> 
     </span>
    </p>
   </div>
   <div class='ocr_carea' id='block_1_9' title="bbox 504 727 2018 796">
    <p class='ocr_par' dir='ltr' id='par_1_9' title="bbox 504 727 2018 796">
     <span class='ocr_line' id='line_1_9' title="bbox 504 727 2018 796; baseline -0.001 -12"><span class='ocrx_word' id='word_1_41' title='bbox 504 730 1174 794; x_wconf 73' lang='lat' dir='ltr'><strong>Otnuimnergomalorum</strong></span> <span class='ocrx_word' id='word_1_42' title='bbox 1207 729 1479 782; x_wconf 85' lang='lat' dir='ltr'><strong>hominum</strong></span> <span class='ocrx_word' id='word_1_43' title='bbox 1511 729 1717 796; x_wconf 84' lang='lat' dir='ltr'><strong>ingenia</strong></span> <span class='ocrx_word' id='word_1_44' title='bbox 1744 727 2018 796; x_wconf 79' lang='lat' dir='ltr'><strong>deﬁciunt,</strong></span> 
     </span>
    </p>
   </div>
   <div class='ocr_carea' id='block_1_10' title="bbox 432 799 1986 867">
    <p class='ocr_par' dir='ltr' id='par_1_10' title="bbox 432 799 1986 867">
     <span class='ocr_line' id='line_1_10' title="bbox 432 799 1986 867; baseline -0.001 -13"><span class='ocrx_word' id='word_1_45' title='bbox 432 812 494 854; x_wconf 89' lang='lat' dir='ltr'><strong>ut</strong></span> <span class='ocrx_word' id='word_1_46' title='bbox 522 801 753 854; x_wconf 69' lang='lat' dir='ltr'><strong>()Slttndll</strong></span> <span class='ocrx_word' id='word_1_47' title='bbox 782 800 1066 867; x_wconf 76' lang='lat' dir='ltr'><strong>I’roplieta.</strong></span> <span class='ocrx_word' id='word_1_48' title='bbox 1103 799 1458 867; x_wconf 67' lang='lat' dir='ltr'><strong>Philosophus</strong></span> <span class='ocrx_word' id='word_1_49' title='bbox 1474 803 1616 853; x_wconf 90' lang='lat' dir='ltr'><strong>enim</strong></span> <span class='ocrx_word' id='word_1_50' title='bbox 1641 801 1819 853; x_wconf 89' lang='lat' dir='ltr'><strong>mundi</strong></span> <span class='ocrx_word' id='word_1_51' title='bbox 1845 801 1986 853; x_wconf 88' lang='lat' dir='ltr'><strong>dotni</strong></span> 
     </span>
    </p>
   </div>
   <div class='ocr_carea' id='block_1_11' title="bbox 434 871 2022 941">
    <p class='ocr_par' dir='ltr' id='par_1_11' title="bbox 434 871 2022 941">
     <span class='ocr_line' id='line_1_11' title="bbox 434 871 2022 941; baseline -0.001 -15"><span class='ocrx_word' id='word_1_52' title='bbox 434 885 616 926; x_wconf 83' lang='lat' dir='ltr'><strong>natum</strong></span> <span class='ocrx_word' id='word_1_53' title='bbox 651 878 955 941; x_wconf 80' lang='lat' dir='ltr'><strong>impugnat,</strong></span> <span class='ocrx_word' id='word_1_54' title='bbox 988 888 1124 924; x_wconf 80' lang='lat' dir='ltr'><strong>nuur</strong></span> <span class='ocrx_word' id='word_1_55' title='bbox 1147 871 1328 940; x_wconf 81' lang='lat' dir='ltr'><strong>aquis.</strong></span> <span class='ocrx_word' id='word_1_56' title='bbox 1366 887 1505 925; x_wconf 87' lang='lat' dir='ltr'><strong>nunc</strong></span> <span class='ocrx_word' id='word_1_57' title='bbox 1538 881 1716 935; x_wconf 69' lang='lat' dir='ltr'><strong>terrm,</strong></span> <span class='ocrx_word' id='word_1_58' title='bbox 1747 887 1885 925; x_wconf 89' lang='lat' dir='ltr'><strong>nunc</strong></span> <span class='ocrx_word' id='word_1_59' title='bbox 1911 887 2022 925; x_wconf 74' lang='lat' dir='ltr'><strong>ete-</strong></span> 
     </span>
    </p>
   </div>
   <div class='ocr_carea' id='block_1_12' title="bbox 430 943 2023 1010">
    <p class='ocr_par' dir='ltr' id='par_1_12' title="bbox 430 943 2023 1010">
     <span class='ocr_line' id='line_1_12' title="bbox 430 943 2023 1010; baseline -0.001 -13"><span class='ocrx_word' id='word_1_60' title='bbox 430 945 487 997; x_wconf 87' lang='lat' dir='ltr'><strong>Io</strong></span> <span class='ocrx_word' id='word_1_61' title='bbox 543 944 632 996; x_wconf 85' lang='lat' dir='ltr'><strong>Dei</strong></span> <span class='ocrx_word' id='word_1_62' title='bbox 686 961 880 996; x_wconf 66' lang='lat' dir='ltr'><strong>nomen</strong></span> <span class='ocrx_word' id='word_1_63' title='bbox 938 943 1248 1010; x_wconf 82' lang='lat' dir='ltr'><strong>indulgens;</strong></span> <span class='ocrx_word' id='word_1_64' title='bbox 1316 943 1608 998; x_wconf 68' lang='lat' dir='ltr'><strong>&quot;ceri-tiens</strong></span> <span class='ocrx_word' id='word_1_65' title='bbox 1668 952 1842 996; x_wconf 74' lang='lat' dir='ltr'><strong>autem</strong></span> <span class='ocrx_word' id='word_1_66' title='bbox 1894 943 2023 995; x_wconf 88' lang='lat' dir='ltr'><strong>doe-</strong></span> 
     </span>
    </p>
   </div>
   <div class='ocr_carea' id='block_1_13' title="bbox 432 1014 2020 1082">
    <p class='ocr_par' dir='ltr' id='par_1_13' title="bbox 432 1014 2020 1082">
     <span class='ocr_line' id='line_1_13' title="bbox 432 1014 2020 1082; baseline -0.001 -13"><span class='ocrx_word' id='word_1_67' title='bbox 432 1016 626 1069; x_wconf 75' lang='lat' dir='ltr'><strong>trinam</strong></span> <span class='ocrx_word' id='word_1_68' title='bbox 659 1014 776 1068; x_wconf 82' lang='lat' dir='ltr'><strong>ﬁdei</strong></span> <span class='ocrx_word' id='word_1_69' title='bbox 809 1014 1063 1068; x_wconf 77' lang='lat' dir='ltr'><strong>mentitur</strong></span> <span class='ocrx_word' id='word_1_70' title='bbox 1097 1030 1108 1065; x_wconf 89' lang='lat'><strong>:</strong></span> <span class='ocrx_word' id='word_1_71' title='bbox 1144 1023 1328 1066; x_wconf 77' lang='lat' dir='ltr'><strong>contra</strong></span> <span class='ocrx_word' id='word_1_72' title='bbox 1375 1030 1510 1081; x_wconf 82' lang='lat' dir='ltr'><strong>quos</strong></span> <span class='ocrx_word' id='word_1_73' title='bbox 1541 1030 1730 1067; x_wconf 87' lang='lat' dir='ltr'><strong>omnes</strong></span> <span class='ocrx_word' id='word_1_74' title='bbox 1781 1015 2020 1082; x_wconf 76' lang='lat' dir='ltr'><strong>pervigili</strong></span> 
     </span>
    </p>
   </div>
   <div class='ocr_carea' id='block_1_14' title="bbox 429 1084 2023 1154">
    <p class='ocr_par' dir='ltr' id='par_1_14' title="bbox 429 1084 2023 1154">
     <span class='ocr_line' id='line_1_14' title="bbox 429 1084 2023 1154; baseline 0 -15"><span class='ocrx_word' id='word_1_75' title='bbox 429 1101 556 1140; x_wconf 88' lang='lat' dir='ltr'><strong>cura</strong></span> <span class='ocrx_word' id='word_1_76' title='bbox 581 1126 594 1147; x_wconf 92' lang='lat'><strong>,</strong></span> <span class='ocrx_word' id='word_1_77' title='bbox 630 1096 684 1139; x_wconf 91' lang='lat' dir='ltr'><strong>et</strong></span> <span class='ocrx_word' id='word_1_78' title='bbox 721 1087 934 1144; x_wconf 85' lang='lat' dir='ltr'><strong>assidua</strong></span> <span class='ocrx_word' id='word_1_79' title='bbox 966 1084 1030 1138; x_wconf 86' lang='lat' dir='ltr'><strong>ad</strong></span> <span class='ocrx_word' id='word_1_80' title='bbox 1069 1085 1344 1136; x_wconf 82' lang='lat' dir='ltr'><strong>Dominum</strong></span> <span class='ocrx_word' id='word_1_81' title='bbox 1374 1085 1618 1138; x_wconf 76' lang='lat' dir='ltr'><strong>oratione</strong></span> <span class='ocrx_word' id='word_1_82' title='bbox 1644 1087 1910 1154; x_wconf 74' lang='lat' dir='ltr'><strong>pugnavit.</strong></span> <span class='ocrx_word' id='word_1_83' title='bbox 1943 1086 2023 1139; x_wconf 84' lang='lat' dir='ltr'><strong>0h</strong></span> 
     </span>
    </p>
   </div>
   <div class='ocr_carea' id='block_1_15' title="bbox 435 1155 2023 1223">
    <p class='ocr_par' dir='ltr' id='par_1_15' title="bbox 435 1155 2023 1223">
     <span class='ocr_line' id='line_1_15' title="bbox 435 1155 2023 1223; baseline 0 -13"><span class='ocrx_word' id='word_1_84' title='bbox 435 1158 536 1210; x_wconf 77' lang='lat' dir='ltr'><strong>hoc</strong></span> <span class='ocrx_word' id='word_1_85' title='bbox 568 1156 727 1219; x_wconf 80' lang='lat' dir='ltr'><strong>igitur</strong></span> <span class='ocrx_word' id='word_1_86' title='bbox 754 1158 1011 1223; x_wconf 74' lang='lat' dir='ltr'><strong>Propheta</strong></span> <span class='ocrx_word' id='word_1_87' title='bbox 1056 1155 1190 1208; x_wconf 79' lang='lat' dir='ltr'><strong>dixit</strong></span> <span class='ocrx_word' id='word_1_88' title='bbox 1225 1174 1236 1209; x_wconf 92' lang='lat'>:</span> <span class='ocrx_word' id='word_1_89' title='bbox 1274 1155 1500 1221; x_wconf 70' lang='lat' dir='ltr'><strong>Exaudi,</strong></span> <span class='ocrx_word' id='word_1_90' title='bbox 1537 1155 1698 1221; x_wconf 83' lang='lat' dir='ltr'><strong>Deus,</strong></span> <span class='ocrx_word' id='word_1_91' title='bbox 1741 1157 2023 1210; x_wconf 84' lang='lat' dir='ltr'><strong>orationem</strong></span> 
     </span>
    </p>
   </div>
   <div class='ocr_carea' id='block_1_16' title="bbox 430 1228 1222 1297">
    <p class='ocr_par' dir='ltr' id='par_1_16' title="bbox 430 1228 1222 1297">
     <span class='ocr_line' id='line_1_16' title="bbox 430 1228 1222 1297; baseline -0.004 -16"><span class='ocrx_word' id='word_1_92' title='bbox 430 1245 620 1286; x_wconf 85' lang='lat' dir='ltr'><strong>meam.</strong></span> <span class='ocrx_word' id='word_1_93' title='bbox 644 1229 761 1281; x_wconf 86' lang='lat' dir='ltr'><strong>dum</strong></span> <span class='ocrx_word' id='word_1_94' title='bbox 790 1230 1033 1297; x_wconf 82' lang='lat' dir='ltr'><strong>deprecor</strong></span> <span class='ocrx_word' id='word_1_95' title='bbox 1057 1228 1124 1279; x_wconf 85' lang='lat' dir='ltr'><strong>ad</strong></span> <span class='ocrx_word' id='word_1_96' title='bbox 1156 1236 1222 1281; x_wconf 87' lang='lat' dir='ltr'><strong>te.</strong></span> 
     </span>
    </p>
   </div>
   <div class='ocr_carea' id='block_1_17' title="bbox 504 1299 2025 1367">
    <p class='ocr_par' dir='ltr' id='par_1_17' title="bbox 504 1299 2025 1367">
     <span class='ocr_line' id='line_1_17' title="bbox 504 1299 2025 1367; baseline 0 -15"><span class='ocrx_word' id='word_1_97' title='bbox 504 1299 841 1367; x_wconf 73' lang='lat' dir='ltr'><strong>Vigilandnm</strong></span> <span class='ocrx_word' id='word_1_98' title='bbox 872 1313 1003 1363; x_wconf 82' lang='lat' dir='ltr'><strong>ergo</strong></span> <span class='ocrx_word' id='word_1_99' title='bbox 1032 1300 1080 1350; x_wconf 91' lang='lat' dir='ltr'><strong>in</strong></span> <span class='ocrx_word' id='word_1_100' title='bbox 1103 1299 1344 1352; x_wconf 84' lang='lat' dir='ltr'><strong>oratione</strong></span> <span class='ocrx_word' id='word_1_101' title='bbox 1378 1299 1466 1352; x_wconf 86' lang='lat' dir='ltr'><strong>Dei</strong></span> <span class='ocrx_word' id='word_1_102' title='bbox 1499 1307 1612 1361; x_wconf 87' lang='lat' dir='ltr'><strong>est,</strong></span> <span class='ocrx_word' id='word_1_103' title='bbox 1643 1308 1700 1352; x_wconf 92' lang='lat' dir='ltr'><strong>ut</strong></span> <span class='ocrx_word' id='word_1_104' title='bbox 1727 1314 1847 1353; x_wconf 92' lang='lat' dir='ltr'><strong>cum</strong></span> <span class='ocrx_word' id='word_1_105' title='bbox 1904 1299 2025 1352; x_wconf 81' lang='lat' dir='ltr'><strong>lati-</strong></span> 
     </span>
    </p>
   </div>
   <div class='ocr_carea' id='block_1_18' title="bbox 427 1368 2022 1438">
    <p class='ocr_par' dir='ltr' id='par_1_18' title="bbox 427 1368 2022 1438">
     <span class='ocr_line' id='line_1_18' title="bbox 427 1368 2022 1438; baseline 0 -17"><span class='ocrx_word' id='word_1_106' title='bbox 427 1376 540 1437; x_wconf 79' lang='lat' dir='ltr'><strong>gari</strong></span> <span class='ocrx_word' id='word_1_107' title='bbox 574 1372 750 1424; x_wconf 85' lang='lat' dir='ltr'><strong>anima</strong></span> <span class='ocrx_word' id='word_1_108' title='bbox 784 1369 838 1423; x_wconf 90' lang='lat' dir='ltr'><strong>in</strong></span> <span class='ocrx_word' id='word_1_109' title='bbox 867 1368 1132 1435; x_wconf 64' lang='lat' dir='ltr'><strong>pressaris</strong></span> <span class='ocrx_word' id='word_1_110' title='bbox 1175 1371 1435 1436; x_wconf 72' lang='lat' dir='ltr'><strong>cmperit,</strong></span> <span class='ocrx_word' id='word_1_111' title='bbox 1467 1371 1608 1424; x_wconf 79' lang='lat' dir='ltr'><strong>Deus</strong></span> <span class='ocrx_word' id='word_1_112' title='bbox 1636 1387 1847 1438; x_wconf 67' lang='lat' dir='ltr'><strong>semper</strong></span> <span class='ocrx_word' id='word_1_113' title='bbox 1904 1387 2022 1424; x_wconf 86' lang='lat' dir='ltr'><strong>ora—</strong></span> 
     </span>
    </p>
   </div>
   <div class='ocr_carea' id='block_1_19' title="bbox 431 1441 2020 1512">
    <p class='ocr_par' dir='ltr' id='par_1_19' title="bbox 431 1441 2020 1512">
     <span class='ocr_line' id='line_1_19' title="bbox 431 1441 2020 1512; baseline 0 -16"><span class='ocrx_word' id='word_1_114' title='bbox 431 1451 513 1496; x_wconf 67' lang='lat' dir='ltr'><strong>tus</strong></span> <span class='ocrx_word' id='word_1_115' title='bbox 545 1443 818 1502; x_wconf 77' lang='lat' dir='ltr'><strong>exaudiat,</strong></span> <span class='ocrx_word' id='word_1_116' title='bbox 876 1457 1080 1509; x_wconf 80' lang='lat' dir='ltr'><strong>nosque</strong></span> <span class='ocrx_word' id='word_1_117' title='bbox 1123 1441 1191 1494; x_wconf 84' lang='lat' dir='ltr'><strong>ab</strong></span> <span class='ocrx_word' id='word_1_118' title='bbox 1235 1441 1320 1496; x_wconf 88' lang='lat' dir='ltr'><strong>his</strong></span> <span class='ocrx_word' id='word_1_119' title='bbox 1362 1457 1482 1511; x_wconf 67' lang='lat' dir='ltr'><strong>qua:</strong></span> <span class='ocrx_word' id='word_1_120' title='bbox 1511 1442 1760 1496; x_wconf 81' lang='lat' dir='ltr'><strong>timemus</strong></span> <span class='ocrx_word' id='word_1_121' title='bbox 1791 1442 2020 1512; x_wconf 83' lang='lat' dir='ltr'><strong>eripiat;</strong></span> 
     </span>
    </p>
   </div>
   <div class='ocr_carea' id='block_1_20' title="bbox 427 1512 1081 1582">
    <p class='ocr_par' dir='ltr' id='par_1_20' title="bbox 427 1512 1081 1582">
     <span class='ocr_line' id='line_1_20' title="bbox 427 1512 1081 1582; baseline -0.006 -16"><span class='ocrx_word' id='word_1_122' title='bbox 427 1513 481 1568; x_wconf 81' lang='lat' dir='ltr'><strong>in</strong></span> <span class='ocrx_word' id='word_1_123' title='bbox 513 1515 760 1582; x_wconf 75' lang='lat' dir='ltr'><strong>Sequenti</strong></span> <span class='ocrx_word' id='word_1_124' title='bbox 795 1512 939 1566; x_wconf 82' lang='lat' dir='ltr'><strong>enim</strong></span> <span class='ocrx_word' id='word_1_125' title='bbox 973 1513 1081 1565; x_wconf 89' lang='lat' dir='ltr'><strong>ait:</strong></span> 
     </span>
    </p>
   </div>
   <div class='ocr_carea' id='block_1_21' title="bbox 498 1583 1601 1652">
    <p class='ocr_par' dir='ltr' id='par_1_21' title="bbox 498 1583 1601 1652">
     <span class='ocr_line' id='line_1_21' title="bbox 498 1583 1601 1652; baseline 0.002 -16"><span class='ocrx_word' id='word_1_126' title='bbox 498 1587 544 1642; x_wconf 79' lang='grc' dir='ltr'><em>Α</em></span> <span class='ocrx_word' id='word_1_127' title='bbox 567 1587 747 1638; x_wconf 85' lang='lat' dir='ltr'><strong>timore</strong></span> <span class='ocrx_word' id='word_1_128' title='bbox 771 1584 966 1636; x_wconf 81' lang='lat' dir='ltr'><strong>inimici</strong></span> <span class='ocrx_word' id='word_1_129' title='bbox 997 1583 1134 1652; x_wconf 81' lang='lat' dir='ltr'><strong>eripe</strong></span> <span class='ocrx_word' id='word_1_130' title='bbox 1163 1583 1388 1640; x_wconf 84' lang='lat' dir='ltr'><strong>animam</strong></span> <span class='ocrx_word' id='word_1_131' title='bbox 1418 1599 1601 1640; x_wconf 83' lang='lat' dir='ltr'><strong>meam.</strong></span> 
     </span>
    </p>
   </div>
   <div class='ocr_carea' id='block_1_22' title="bbox 498 1657 2024 1726">
    <p class='ocr_par' dir='ltr' id='par_1_22' title="bbox 498 1657 2024 1726">
     <span class='ocr_line' id='line_1_22' title="bbox 498 1657 2024 1726; baseline 0.001 -16"><span class='ocrx_word' id='word_1_132' title='bbox 498 1657 642 1710; x_wconf 85' lang='lat' dir='ltr'><strong>Dens</strong></span> <span class='ocrx_word' id='word_1_133' title='bbox 661 1658 806 1710; x_wconf 90' lang='lat' dir='ltr'><strong>enim</strong></span> <span class='ocrx_word' id='word_1_134' title='bbox 841 1671 944 1708; x_wconf 90' lang='lat' dir='ltr'><strong>non</strong></span> <span class='ocrx_word' id='word_1_135' title='bbox 970 1665 1093 1726; x_wconf 84' lang='lat' dir='ltr'><strong>tunc</strong></span> <span class='ocrx_word' id='word_1_136' title='bbox 1124 1666 1327 1708; x_wconf 88' lang='lat' dir='ltr'><strong>tantntn</strong></span> <span class='ocrx_word' id='word_1_137' title='bbox 1351 1657 1585 1710; x_wconf 81' lang='lat' dir='ltr'><strong>orandus</strong></span> <span class='ocrx_word' id='word_1_138' title='bbox 1611 1663 1695 1710; x_wconf 79' lang='lat' dir='ltr'><strong>est</strong></span> <span class='ocrx_word' id='word_1_139' title='bbox 1723 1697 1736 1719; x_wconf 91' lang='lat'><strong>,</strong></span> <span class='ocrx_word' id='word_1_140' title='bbox 1768 1670 1887 1710; x_wconf 91' lang='lat' dir='ltr'><strong>cum</strong></span> <span class='ocrx_word' id='word_1_141' title='bbox 1905 1672 2024 1726; x_wconf 74' lang='lat' dir='ltr'><strong>qua:</strong></span> 
     </span>
    </p>
   </div>
   <div class='ocr_carea' id='block_1_23' title="bbox 427 1725 2020 1797">
    <p class='ocr_par' dir='ltr' id='par_1_23' title="bbox 427 1725 2020 1797">
     <span class='ocr_line' id='line_1_23' title="bbox 427 1725 2020 1797; baseline -0.001 -15"><span class='ocrx_word' id='word_1_142' title='bbox 427 1728 685 1782; x_wconf 88' lang='lat' dir='ltr'><strong>timentur</strong></span> <span class='ocrx_word' id='word_1_143' title='bbox 710 1727 1010 1782; x_wconf 78' lang='lat' dir='ltr'><strong>event-rint.</strong></span> <span class='ocrx_word' id='word_1_144' title='bbox 1040 1725 1263 1797; x_wconf 88' lang='lat' dir='ltr'><strong>Semper</strong></span> <span class='ocrx_word' id='word_1_145' title='bbox 1296 1729 1472 1794; x_wconf 89' lang='lat' dir='ltr'><strong>itaque</strong></span> <span class='ocrx_word' id='word_1_146' title='bbox 1505 1728 1787 1782; x_wconf 67' lang='lat' dir='ltr'><strong>indi-fessis</strong></span> <span class='ocrx_word' id='word_1_147' title='bbox 1844 1725 2020 1794; x_wconf 83' lang='lat' dir='ltr'><strong>preci-</strong></span> 
     </span>
    </p>
   </div>
   <div class='ocr_carea' id='block_1_24' title="bbox 425 1799 2018 1867">
    <p class='ocr_par' dir='ltr' id='par_1_24' title="bbox 425 1799 2018 1867">
     <span class='ocr_line' id='line_1_24' title="bbox 425 1799 2018 1867; baseline 0 -13"><span class='ocrx_word' id='word_1_148' title='bbox 425 1800 528 1854; x_wconf 67' lang='lat' dir='ltr'><strong>Irus</strong></span> <span class='ocrx_word' id='word_1_149' title='bbox 558 1800 790 1853; x_wconf 29' lang='lat' dir='ltr'><strong>orandus</strong></span> <span class='ocrx_word' id='word_1_150' title='bbox 820 1807 900 1851; x_wconf 83' lang='lat' dir='ltr'><strong>est</strong></span> <span class='ocrx_word' id='word_1_151' title='bbox 924 1839 938 1859; x_wconf 93' lang='lat'><strong>,</strong></span> <span class='ocrx_word' id='word_1_152' title='bbox 975 1809 1026 1849; x_wconf 92' lang='lat' dir='ltr'><strong>ut</strong></span> <span class='ocrx_word' id='word_1_153' title='bbox 1053 1814 1150 1852; x_wconf 85' lang='lat' dir='ltr'><strong>nos</strong></span> <span class='ocrx_word' id='word_1_154' title='bbox 1195 1816 1222 1849; x_wconf 77' lang='grc' dir='ltr'><strong>ιι</strong></span> <span class='ocrx_word' id='word_1_155' title='bbox 1289 1799 1480 1852; x_wconf 82' lang='lat' dir='ltr'><strong>timore</strong></span> <span class='ocrx_word' id='word_1_156' title='bbox 1527 1815 1714 1854; x_wconf 87' lang='lat' dir='ltr'><strong>eorum</strong></span> <span class='ocrx_word' id='word_1_157' title='bbox 1737 1841 1750 1859; x_wconf 89' lang='lat'><strong>,</strong></span> <span class='ocrx_word' id='word_1_158' title='bbox 1793 1815 2018 1867; x_wconf 89' lang='lat' dir='ltr'><strong>quorum</strong></span> 
     </span>
    </p>
   </div>
   <div class='ocr_carea' id='block_1_25' title="bbox 426 1869 2019 1938">
    <p class='ocr_par' dir='ltr' id='par_1_25' title="bbox 426 1869 2019 1938">
     <span class='ocr_line' id='line_1_25' title="bbox 426 1869 2019 1938; baseline -0.001 -13"><span class='ocrx_word' id='word_1_159' title='bbox 426 1871 756 1925; x_wconf 74' lang='lat' dir='ltr'><strong>dominatum</strong></span> <span class='ocrx_word' id='word_1_160' title='bbox 812 1869 1100 1933; x_wconf 83' lang='lat' dir='ltr'><strong>timemus,</strong></span> <span class='ocrx_word' id='word_1_161' title='bbox 1151 1869 1363 1934; x_wconf 86' lang='lat' dir='ltr'><strong>eripiat.</strong></span> <span class='ocrx_word' id='word_1_162' title='bbox 1411 1869 1674 1938; x_wconf 59' lang='lat' dir='ltr'><strong>Propheta</strong></span> <span class='ocrx_word' id='word_1_163' title='bbox 1730 1886 1878 1938; x_wconf 77' lang='lat' dir='ltr'><strong>ergo,</strong></span> <span class='ocrx_word' id='word_1_164' title='bbox 1912 1887 2019 1925; x_wconf 82' lang='lat' dir='ltr'><strong>non</strong></span> 
     </span>
    </p>
   </div>
   <div class='ocr_carea' id='block_1_26' title="bbox 425 1940 2020 2011">
    <p class='ocr_par' dir='ltr' id='par_1_26' title="bbox 425 1940 2020 2011">
     <span class='ocr_line' id='line_1_26' title="bbox 425 1940 2020 2011; baseline 0.001 -17"><span class='ocrx_word' id='word_1_165' title='bbox 425 1943 642 2008; x_wconf 81' lang='lat' dir='ltr'><strong>ignarus</strong></span> <span class='ocrx_word' id='word_1_166' title='bbox 670 1958 791 2011; x_wconf 62' lang='lat' dir='ltr'><strong>quae</strong></span> <span class='ocrx_word' id='word_1_167' title='bbox 813 1950 1069 1994; x_wconf 74' lang='lat' dir='ltr'><strong>eventura</strong></span> <span class='ocrx_word' id='word_1_168' title='bbox 1094 1943 1221 1997; x_wconf 61' lang='lat' dir='ltr'><strong>sint.</strong></span> <span class='ocrx_word' id='word_1_169' title='bbox 1252 1940 1659 1995; x_wconf 76' lang='lat' dir='ltr'><strong>imminentilins</strong></span> <span class='ocrx_word' id='word_1_170' title='bbox 1687 1957 1903 2009; x_wconf 72' lang='lat' dir='ltr'><strong>semper</strong></span> <span class='ocrx_word' id='word_1_171' title='bbox 1925 1943 2020 1995; x_wconf 86' lang='lat' dir='ltr'><strong>tri-</strong></span> 
     </span>
    </p>
   </div>
   <div class='ocr_carea' id='block_1_27' title="bbox 421 2013 2018 2070">
    <p class='ocr_par' dir='ltr' id='par_1_27' title="bbox 421 2013 2018 2070">
     <span class='ocr_line' id='line_1_27' title="bbox 421 2013 2018 2070; baseline -0.001 -2"><span class='ocrx_word' id='word_1_172' title='bbox 421 2013 790 2068; x_wconf 78' lang='lat' dir='ltr'><strong>bulationibus</strong></span> <span class='ocrx_word' id='word_1_173' title='bbox 817 2013 1037 2070; x_wconf 73' lang='lat' dir='ltr'><strong>anxius,</strong></span> <span class='ocrx_word' id='word_1_174' title='bbox 1069 2019 1124 2064; x_wconf 79' lang='lat' dir='ltr'><strong>et</strong></span> <span class='ocrx_word' id='word_1_175' title='bbox 1153 2013 1218 2064; x_wconf 86' lang='lat' dir='ltr'><strong>ad</strong></span> <span class='ocrx_word' id='word_1_176' title='bbox 1271 2028 1484 2064; x_wconf 77' lang='lat' dir='ltr'><strong>omnem</strong></span> <span class='ocrx_word' id='word_1_177' title='bbox 1543 2014 1785 2066; x_wconf 80' lang='lat' dir='ltr'><strong>timorem</strong></span> <span class='ocrx_word' id='word_1_178' title='bbox 1817 2014 2018 2068; x_wconf 63' lang='lat' dir='ltr'><strong>inilII‘Ci</strong></span> 
     </span>
    </p>
   </div>
   <div class='ocr_carea' id='block_1_28' title="bbox 419 2083 2016 2152">
    <p class='ocr_par' dir='ltr' id='par_1_28' title="bbox 419 2083 2016 2152">
     <span class='ocr_line' id='line_1_28' title="bbox 419 2083 2016 2152; baseline 0.001 -14"><span class='ocrx_word' id='word_1_179' title='bbox 419 2085 724 2146; x_wconf 74' lang='lat' dir='ltr'><strong>sollicitus,</strong></span> <span class='ocrx_word' id='word_1_180' title='bbox 751 2083 1060 2138; x_wconf 76' lang='lat' dir='ltr'><strong>Deumorat</strong></span> <span class='ocrx_word' id='word_1_181' title='bbox 1100 2083 1168 2135; x_wconf 87' lang='lat' dir='ltr'><strong>ob</strong></span> <span class='ocrx_word' id='word_1_182' title='bbox 1199 2099 1256 2134; x_wconf 90' lang='lat' dir='ltr'><strong>ea</strong></span> <span class='ocrx_word' id='word_1_183' title='bbox 1304 2098 1423 2152; x_wconf 72' lang='lat' dir='ltr'><strong>qua:</strong></span> <span class='ocrx_word' id='word_1_184' title='bbox 1461 2085 1639 2146; x_wconf 83' lang='lat' dir='ltr'><strong>timet,</strong></span> <span class='ocrx_word' id='word_1_185' title='bbox 1695 2097 1746 2136; x_wconf 89' lang='grc' dir='ltr'><strong>ιιι</strong></span> <span class='ocrx_word' id='word_1_186' title='bbox 1792 2101 1912 2139; x_wconf 84' lang='lat' dir='ltr'><strong>cum</strong></span> <span class='ocrx_word' id='word_1_187' title='bbox 1967 2087 2016 2140; x_wconf 93' lang='lat' dir='ltr'><strong>in</strong></span> 
     </span>
    </p>
   </div>
   <div class='ocr_carea' id='block_1_29' title="bbox 422 2154 2016 2223">
    <p class='ocr_par' dir='ltr' id='par_1_29' title="bbox 422 2154 2016 2223">
     <span class='ocr_line' id='line_1_29' title="bbox 422 2154 2016 2223; baseline 0 -14"><span class='ocrx_word' id='word_1_188' title='bbox 422 2156 773 2211; x_wconf 81' lang='lat' dir='ltr'><strong>trilmlatiOuc</strong></span> <span class='ocrx_word' id='word_1_189' title='bbox 823 2154 982 2208; x_wconf 70' lang='lat' dir='ltr'><strong>fuerit</strong></span> <span class='ocrx_word' id='word_1_190' title='bbox 1027 2154 1382 2215; x_wconf 79' lang='lat' dir='ltr'><strong>exaudiatur;</strong></span> <span class='ocrx_word' id='word_1_191' title='bbox 1420 2155 1760 2223; x_wconf 84' lang='lat' dir='ltr'><strong>nequeenim</strong></span> <span class='ocrx_word' id='word_1_192' title='bbox 1793 2157 1881 2210; x_wconf 89' lang='lat' dir='ltr'><strong>Dei</strong></span> <span class='ocrx_word' id='word_1_193' title='bbox 1914 2157 2016 2210; x_wconf 85' lang='lat' dir='ltr'><strong>titi-</strong></span> 
     </span>
    </p>
   </div>
   <div class='ocr_carea' id='block_1_30' title="bbox 417 2224 2020 2294">
    <p class='ocr_par' dir='ltr' id='par_1_30' title="bbox 417 2224 2020 2294">
     <span class='ocr_line' id='line_1_30' title="bbox 417 2224 2020 2294; baseline 0 -12"><span class='ocrx_word' id='word_1_194' title='bbox 417 2226 774 2284; x_wconf 80' lang='lat' dir='ltr'><strong>sericordiam</strong></span> <span class='ocrx_word' id='word_1_195' title='bbox 801 2235 977 2280; x_wconf 89' lang='lat' dir='ltr'><strong>metus</strong></span> <span class='ocrx_word' id='word_1_196' title='bbox 1007 2235 1212 2289; x_wconf 75' lang='lat' dir='ltr'><strong>noster,</strong></span> <span class='ocrx_word' id='word_1_197' title='bbox 1236 2226 1327 2280; x_wconf 90' lang='lat' dir='ltr'><strong>sed</strong></span> <span class='ocrx_word' id='word_1_198' title='bbox 1353 2224 1484 2280; x_wconf 88' lang='lat' dir='ltr'><strong>lides</strong></span> <span class='ocrx_word' id='word_1_199' title='bbox 1537 2240 1906 2294; x_wconf 81' lang='lat' dir='ltr'><strong>promeretur;</strong></span> <span class='ocrx_word' id='word_1_200' title='bbox 1965 2237 2020 2282; x_wconf 85' lang='lat' dir='ltr'><strong>et</strong></span> 
     </span>
    </p>
   </div>
   <div class='ocr_carea' id='block_1_31' title="bbox 418 2299 660 2366">
    <p class='ocr_par' dir='ltr' id='par_1_31' title="bbox 418 2299 660 2366">
     <span class='ocr_line' id='line_1_31' title="bbox 418 2299 660 2366; baseline 0 -17"><span class='ocrx_word' id='word_1_201' title='bbox 418 2299 618 2366; x_wconf 77' lang='lat' dir='ltr'><strong>adjecit</strong></span> <span class='ocrx_word' id='word_1_202' title='bbox 647 2316 660 2349; x_wconf 91' lang='lat'><strong>:</strong></span> 
     </span>
    </p>
   </div>
   <div class='ocr_carea' id='block_1_32' title="bbox 498 2368 2017 2436">
    <p class='ocr_par' dir='ltr' id='par_1_32' title="bbox 498 2368 2017 2436">
     <span class='ocr_line' id='line_1_32' title="bbox 498 2368 2017 2436; baseline 0.001 -14"><span class='ocrx_word' id='word_1_203' title='bbox 498 2369 776 2424; x_wconf 72' lang='lat' dir='ltr'><strong>Protexisti</strong></span> <span class='ocrx_word' id='word_1_204' title='bbox 805 2385 885 2424; x_wconf 88' lang='lat' dir='ltr'><strong>me</strong></span> <span class='ocrx_word' id='word_1_205' title='bbox 913 2377 1209 2422; x_wconf 85' lang='lat' dir='ltr'><strong>aconventu</strong></span> <span class='ocrx_word' id='word_1_206' title='bbox 1258 2368 1670 2436; x_wconf 87' lang='lat' dir='ltr'><strong>malignantium,</strong></span> <span class='ocrx_word' id='word_1_207' title='bbox 1714 2386 1746 2423; x_wconf 90' lang='lat' dir='ltr'><strong>a</strong></span> <span class='ocrx_word' id='word_1_208' title='bbox 1782 2371 2017 2424; x_wconf 76' lang='lat' dir='ltr'><strong>multitu—</strong></span> 
     </span>
    </p>
   </div>
   <div class='ocr_carea' id='block_1_33' title="bbox 422 2440 2018 2516">
    <p class='ocr_par' dir='ltr' id='par_1_33' title="bbox 422 2440 2018 2516">
     <span class='ocr_line' id='line_1_33' title="bbox 422 2440 2018 2516; baseline -0.002 -25"><span class='ocrx_word' id='word_1_209' title='bbox 422 2440 544 2516; x_wconf 77' lang='lat' dir='ltr'><strong>dine</strong></span> <span class='ocrx_word' id='word_1_210' title='bbox 570 2441 890 2516; x_wconf 77' lang='lat' dir='ltr'><strong>operantium</strong></span> <span class='ocrx_word' id='word_1_211' title='bbox 945 2440 1302 2516; x_wconf 75' lang='lat' dir='ltr'><strong>iniquitatem;</strong></span> <span class='ocrx_word' id='word_1_212' title='bbox 1355 2442 1440 2506; x_wconf 89' lang='lat' dir='ltr'><strong>qui</strong></span> <span class='ocrx_word' id='word_1_213' title='bbox 1480 2453 1788 2494; x_wconf 58' lang='lat' dir='ltr'><strong>emacuerunt</strong></span> <span class='ocrx_word' id='word_1_214' title='bbox 1812 2452 1865 2494; x_wconf 82' lang='lat' dir='ltr'><strong>ut</strong></span> <span class='ocrx_word' id='word_1_215' title='bbox 1903 2448 2018 2516; x_wconf 63' lang='grc' dir='ltr'><strong>θέα..</strong></span> 
     </span>
    </p>
   </div>
   <div class='ocr_carea' id='block_1_34' title="bbox 420 2511 2016 2581">
    <p class='ocr_par' dir='ltr' id='par_1_34' title="bbox 420 2511 2016 2581">
     <span class='ocr_line' id='line_1_34' title="bbox 420 2511 2016 2581; baseline 0.001 -17"><span class='ocrx_word' id='word_1_216' title='bbox 420 2513 564 2566; x_wconf 84' lang='lat' dir='ltr'><strong>dium</strong></span> <span class='ocrx_word' id='word_1_217' title='bbox 593 2511 796 2581; x_wconf 77' lang='lat' dir='ltr'><strong>linguas</strong></span> <span class='ocrx_word' id='word_1_218' title='bbox 824 2528 964 2572; x_wconf 83' lang='lat' dir='ltr'><strong>suas,</strong></span> <span class='ocrx_word' id='word_1_219' title='bbox 987 2511 1312 2564; x_wconf 81' lang='lat' dir='ltr'><strong>intenderunt</strong></span> <span class='ocrx_word' id='word_1_220' title='bbox 1331 2526 1528 2575; x_wconf 86' lang='lat' dir='ltr'><strong>arcani,</strong></span> <span class='ocrx_word' id='word_1_221' title='bbox 1553 2529 1656 2564; x_wconf 86' lang='lat' dir='ltr'><strong>rem</strong></span> <span class='ocrx_word' id='word_1_222' title='bbox 1682 2511 1933 2579; x_wconf 52' lang='lat' dir='ltr'><strong>naturam,</strong></span> <span class='ocrx_word' id='word_1_223' title='bbox 1963 2525 2016 2570; x_wconf 80' lang='lat' dir='ltr'><strong>ut</strong></span> 
     </span>
    </p>
   </div>
   <div class='ocr_carea' id='block_1_35' title="bbox 420 2583 1407 2651">
    <p class='ocr_par' dir='ltr' id='par_1_35' title="bbox 420 2583 1407 2651">
     <span class='ocr_line' id='line_1_35' title="bbox 420 2583 1407 2651; baseline 0 -17"><span class='ocrx_word' id='word_1_224' title='bbox 420 2585 729 2651; x_wconf 84' lang='lat' dir='ltr'><strong>sagittentin</strong></span> <span class='ocrx_word' id='word_1_225' title='bbox 760 2583 972 2636; x_wconf 87' lang='lat' dir='ltr'><strong>obscuro</strong></span> <span class='ocrx_word' id='word_1_226' title='bbox 996 2583 1407 2636; x_wconf 87' lang='lat' dir='ltr'><strong>immaculatum.</strong></span> 
     </span>
    </p>
   </div>
   <div class='ocr_carea' id='block_1_36' title="bbox 489 2654 2011 2723">
    <p class='ocr_par' dir='ltr' id='par_1_36' title="bbox 489 2654 2011 2723">
     <span class='ocr_line' id='line_1_36' title="bbox 489 2654 2011 2723; baseline 0.001 -13"><span class='ocrx_word' id='word_1_227' title='bbox 489 2654 597 2710; x_wconf 73' lang='lat' dir='ltr'><strong>Sed</strong></span> <span class='ocrx_word' id='word_1_228' title='bbox 626 2671 783 2708; x_wconf 70' lang='lat' dir='ltr'><strong>arcus</strong></span> <span class='ocrx_word' id='word_1_229' title='bbox 815 2654 1096 2707; x_wconf 64' lang='lat' dir='ltr'><strong>homicidas</strong></span> <span class='ocrx_word' id='word_1_230' title='bbox 1128 2654 1303 2723; x_wconf 79' lang='lat' dir='ltr'><strong>lingua</strong></span> <span class='ocrx_word' id='word_1_231' title='bbox 1360 2668 1575 2722; x_wconf 78' lang='lat' dir='ltr'><strong>semper</strong></span> <span class='ocrx_word' id='word_1_232' title='bbox 1621 2654 1856 2709; x_wconf 86' lang='lat' dir='ltr'><strong>intentus</strong></span> <span class='ocrx_word' id='word_1_233' title='bbox 1896 2667 2011 2723; x_wconf 91' lang='lat' dir='ltr'><strong>est,</strong></span> 
     </span>
    </p>
   </div>
   <div class='ocr_carea' id='block_1_37' title="bbox 417 2725 2015 2794">
    <p class='ocr_par' dir='ltr' id='par_1_37' title="bbox 417 2725 2015 2794">
     <span class='ocr_line' id='line_1_37' title="bbox 417 2725 2015 2794; baseline 0.001 -14"><span class='ocrx_word' id='word_1_234' title='bbox 417 2736 471 2781; x_wconf 87' lang='lat' dir='ltr'><strong>et</strong></span> <span class='ocrx_word' id='word_1_235' title='bbox 515 2741 744 2781; x_wconf 85' lang='lat' dir='ltr'><strong>acumen</strong></span> <span class='ocrx_word' id='word_1_236' title='bbox 805 2725 963 2794; x_wconf 82' lang='lat' dir='ltr'><strong>gladii</strong></span> <span class='ocrx_word' id='word_1_237' title='bbox 1015 2726 1206 2792; x_wconf 75' lang='lat' dir='ltr'><strong>lingua:</strong></span> <span class='ocrx_word' id='word_1_238' title='bbox 1263 2725 1382 2793; x_wconf 84' lang='lat' dir='ltr'><strong>ejus</strong></span> <span class='ocrx_word' id='word_1_239' title='bbox 1425 2733 1620 2791; x_wconf 78' lang='lat' dir='ltr'><strong>pra-stu</strong></span> <span class='ocrx_word' id='word_1_240' title='bbox 1669 2735 1780 2788; x_wconf 86' lang='lat' dir='ltr'><strong>est;</strong></span> <span class='ocrx_word' id='word_1_241' title='bbox 1831 2729 2015 2784; x_wconf 79' lang='lat' dir='ltr'><strong>anaut</strong></span> 
     </span>
    </p>
   </div>
   <div class='ocr_carea' id='block_1_38' title="bbox 416 2795 2011 2868">
    <p class='ocr_par' dir='ltr' id='par_1_38' title="bbox 416 2795 2011 2868">
     <span class='ocr_line' id='line_1_38' title="bbox 416 2795 2011 2868; baseline 0.002 -16"><span class='ocrx_word' id='word_1_242' title='bbox 416 2799 562 2852; x_wconf 87' lang='lat' dir='ltr'><strong>enim</strong></span> <span class='ocrx_word' id='word_1_243' title='bbox 602 2798 828 2851; x_wconf 79' lang='lat' dir='ltr'><strong>lethales</strong></span> <span class='ocrx_word' id='word_1_244' title='bbox 855 2798 972 2862; x_wconf 82' lang='lat' dir='ltr'><strong>ejus</strong></span> <span class='ocrx_word' id='word_1_245' title='bbox 999 2799 1236 2864; x_wconf 69' lang='lat' dir='ltr'><strong>Sugitur,</strong></span> <span class='ocrx_word' id='word_1_246' title='bbox 1271 2806 1324 2850; x_wconf 88' lang='lat' dir='ltr'><strong>et</strong></span> <span class='ocrx_word' id='word_1_247' title='bbox 1355 2811 1460 2848; x_wconf 88' lang='lat' dir='ltr'><strong>non</strong></span> <span class='ocrx_word' id='word_1_248' title='bbox 1495 2795 1715 2850; x_wconf 90' lang='lat' dir='ltr'><strong>dnhium</strong></span> <span class='ocrx_word' id='word_1_249' title='bbox 1741 2807 1848 2862; x_wconf 84' lang='lat' dir='ltr'><strong>e-t,</strong></span> <span class='ocrx_word' id='word_1_250' title='bbox 1883 2800 2011 2868; x_wconf 86' lang='lat' dir='ltr'><strong>quid</strong></span> 
     </span>
    </p>
   </div>
   <div class='ocr_carea' id='block_1_39' title="bbox 415 2868 2013 2937">
    <p class='ocr_par' dir='ltr' id='par_1_39' title="bbox 415 2868 2013 2937">
     <span class='ocr_line' id='line_1_39' title="bbox 415 2868 2013 2937; baseline 0.002 -14"><span class='ocrx_word' id='word_1_251' title='bbox 415 2870 659 2923; x_wconf 79' lang='lat' dir='ltr'><strong>efﬁciant</strong></span> <span class='ocrx_word' id='word_1_252' title='bbox 681 2911 695 2931; x_wconf 85' lang='lat'><strong>,</strong></span> <span class='ocrx_word' id='word_1_253' title='bbox 725 2868 824 2922; x_wconf 86' lang='lat' dir='ltr'><strong>hoc</strong></span> <span class='ocrx_word' id='word_1_254' title='bbox 853 2869 997 2922; x_wconf 86' lang='lat' dir='ltr'><strong>enim</strong></span> <span class='ocrx_word' id='word_1_255' title='bbox 1026 2878 1301 2935; x_wconf 71' lang='lat' dir='ltr'><strong>quzerunt,</strong></span> <span class='ocrx_word' id='word_1_256' title='bbox 1336 2869 1668 2937; x_wconf 72' lang='lat' dir='ltr'><strong>utsagittrnt</strong></span> <span class='ocrx_word' id='word_1_257' title='bbox 1699 2871 1748 2922; x_wconf 93' lang='lat' dir='ltr'><strong>iu</strong></span> <span class='ocrx_word' id='word_1_258' title='bbox 1782 2872 2013 2926; x_wconf 87' lang='lat' dir='ltr'><strong>ohscuro</strong></span> 
     </span>
    </p>
   </div>
   <div class='ocr_carea' id='block_1_40' title="bbox 417 2939 2010 3008">
    <p class='ocr_par' dir='ltr' id='par_1_40' title="bbox 417 2939 2010 3008">
     <span class='ocr_line' id='line_1_40' title="bbox 417 2939 2010 3008; baseline 0.001 -15"><span class='ocrx_word' id='word_1_259' title='bbox 417 2941 854 2994; x_wconf 84' lang='lat' dir='ltr'><strong>immaculatum:</strong></span> <span class='ocrx_word' id='word_1_260' title='bbox 887 2939 1027 2992; x_wconf 89' lang='lat' dir='ltr'><strong>hunc</strong></span> <span class='ocrx_word' id='word_1_261' title='bbox 1071 2940 1217 2993; x_wconf 85' lang='lat' dir='ltr'><strong>enim</strong></span> <span class='ocrx_word' id='word_1_262' title='bbox 1249 2939 1440 3008; x_wconf 71' lang='lat' dir='ltr'><strong>qua&#39;rit</strong></span> <span class='ocrx_word' id='word_1_263' title='bbox 1485 2940 1750 3008; x_wconf 81' lang='lat' dir='ltr'><strong>malignus</strong></span> <span class='ocrx_word' id='word_1_264' title='bbox 1800 2941 2010 2996; x_wconf 87' lang='lat' dir='ltr'><strong>interti-</strong></span> 
     </span>
    </p>
   </div>
   <div class='ocr_carea' id='block_1_41' title="bbox 413 3009 2012 3075">
    <p class='ocr_par' dir='ltr' id='par_1_41' title="bbox 413 3009 2012 3075">
     <span class='ocr_line' id='line_1_41' title="bbox 413 3009 2012 3075; baseline 0.001 -9"><span class='ocrx_word' id='word_1_265' title='bbox 413 3027 541 3066; x_wconf 89' lang='lat' dir='ltr'><strong>cere</strong></span> <span class='ocrx_word' id='word_1_266' title='bbox 571 3012 968 3064; x_wconf 83' lang='lat' dir='ltr'><strong>immaculatum</strong></span> <span class='ocrx_word' id='word_1_267' title='bbox 991 3053 1008 3074; x_wconf 86' lang='lat'><strong>,</strong></span> <span class='ocrx_word' id='word_1_268' title='bbox 1055 3012 1139 3063; x_wconf 89' lang='lat' dir='ltr'><strong>cui</strong></span> <span class='ocrx_word' id='word_1_269' title='bbox 1174 3027 1265 3075; x_wconf 79' lang='lat' dir='ltr'><strong>per</strong></span> <span class='ocrx_word' id='word_1_270' title='bbox 1294 3011 1620 3075; x_wconf 88' lang='lat' dir='ltr'><strong>Baptismum</strong></span> <span class='ocrx_word' id='word_1_271' title='bbox 1655 3009 1789 3065; x_wconf 81' lang='lat' dir='ltr'><strong>facta</strong></span> <span class='ocrx_word' id='word_1_272' title='bbox 1823 3018 2012 3068; x_wconf 87' lang='lat' dir='ltr'><strong>remis-</strong></span> 
     </span>
    </p>
   </div>
   <div class='ocr_carea' id='block_1_42' title="bbox 413 3081 2010 3148">
    <p class='ocr_par' dir='ltr' id='par_1_42' title="bbox 413 3081 2010 3148">
     <span class='ocr_line' id='line_1_42' title="bbox 413 3081 2010 3148; baseline 0.002 -10"><span class='ocrx_word' id='word_1_273' title='bbox 413 3085 498 3138; x_wconf 85' lang='lat' dir='ltr'><strong>sio</strong></span> <span class='ocrx_word' id='word_1_274' title='bbox 528 3094 611 3136; x_wconf 83' lang='lat' dir='ltr'><strong>est</strong></span> <span class='ocrx_word' id='word_1_275' title='bbox 642 3091 887 3138; x_wconf 86' lang='lat' dir='ltr'><strong>veterum</strong></span> <span class='ocrx_word' id='word_1_276' title='bbox 909 3081 1224 3148; x_wconf 88' lang='lat' dir='ltr'><strong>criminum,</strong></span> <span class='ocrx_word' id='word_1_277' title='bbox 1249 3081 1485 3135; x_wconf 91' lang='lat' dir='ltr'><strong>nondum</strong></span> <span class='ocrx_word' id='word_1_278' title='bbox 1536 3092 1712 3136; x_wconf 86' lang='lat' dir='ltr'><strong>tamen</strong></span> <span class='ocrx_word' id='word_1_279' title='bbox 1745 3083 2010 3141; x_wconf 86' lang='lat' dir='ltr'><strong>doetrinis</strong></span> 
     </span>
    </p>
   </div>
   <div class='ocr_carea' id='block_1_43' title="bbox 2203 443 3615 500">
    <p class='ocr_par' dir='ltr' id='par_1_43' title="bbox 2203 443 3615 500">
     <span class='ocr_line' id='line_1_43' title="bbox 2203 443 3615 500; baseline 0.002 -6"><span class='ocrx_word' id='word_1_280' title='bbox 2203 443 2416 496; x_wconf 80' lang='lat' dir='ltr'><strong>Accedet</strong></span> <span class='ocrx_word' id='word_1_281' title='bbox 2443 443 2595 495; x_wconf 83' lang='lat' dir='ltr'><strong>homo</strong></span> <span class='ocrx_word' id='word_1_282' title='bbox 2626 443 2694 496; x_wconf 84' lang='lat' dir='ltr'><strong>ad</strong></span> <span class='ocrx_word' id='word_1_283' title='bbox 2723 461 2809 496; x_wconf 88' lang='lat' dir='ltr'><strong>cor</strong></span> <span class='ocrx_word' id='word_1_284' title='bbox 2836 443 3028 500; x_wconf 87' lang='lat' dir='ltr'><strong>altum.</strong></span> <span class='ocrx_word' id='word_1_285' title='bbox 3056 453 3102 497; x_wconf 85' lang='lat' dir='ltr'><strong>et</strong></span> <span class='ocrx_word' id='word_1_286' title='bbox 3120 443 3427 497; x_wconf 74' lang='lat' dir='ltr'><strong>exaltabitur</strong></span> <span class='ocrx_word' id='word_1_287' title='bbox 3461 443 3615 500; x_wconf 82' lang='lat' dir='ltr'><strong>Deus.</strong></span> 
     </span>
    </p>
   </div>
   <div class='ocr_carea' id='block_1_44' title="bbox 2155 513 3725 578">
    <p class='ocr_par' dir='ltr' id='par_1_44' title="bbox 2155 513 3725 578">
     <span class='ocr_line' id='line_1_44' title="bbox 2155 513 3725 578; baseline -0.002 -10"><span class='ocrx_word' id='word_1_288' title='bbox 2155 513 2258 568; x_wconf 83' lang='lat' dir='ltr'><strong>Per</strong></span> <span class='ocrx_word' id='word_1_289' title='bbox 2271 514 2516 568; x_wconf 65' lang='lat' dir='ltr'><strong>virtutem</strong></span> <span class='ocrx_word' id='word_1_290' title='bbox 2533 515 2924 570; x_wconf 76' lang='lat' dir='ltr'><strong>cnimdoctrim</strong></span> <span class='ocrx_word' id='word_1_291' title='bbox 2945 515 3034 569; x_wconf 85' lang='lat' dir='ltr'><strong>Dei</strong></span> <span class='ocrx_word' id='word_1_292' title='bbox 3049 517 3306 570; x_wconf 84' lang='lat' dir='ltr'><strong>eruditur.</strong></span> <span class='ocrx_word' id='word_1_293' title='bbox 3324 516 3468 568; x_wconf 70' lang='lat' dir='ltr'><strong>t&#39;lt‘tll</strong></span> <span class='ocrx_word' id='word_1_294' title='bbox 3487 517 3535 570; x_wconf 81' lang='grc' dir='ltr'><strong>ἱ·ι</strong></span> <span class='ocrx_word' id='word_1_295' title='bbox 3562 515 3725 578; x_wconf 80' lang='lat' dir='ltr'><strong>altum</strong></span> 
     </span>
    </p>
   </div>
   <div class='ocr_carea' id='block_1_45' title="bbox 2121 584 3726 655">
    <p class='ocr_par' dir='ltr' id='par_1_45' title="bbox 2121 584 3726 655">
     <span class='ocr_line' id='line_1_45' title="bbox 2121 584 3726 655; baseline 0.001 -19"><span class='ocrx_word' id='word_1_296' title='bbox 2121 599 2216 638; x_wconf 86' lang='lat' dir='ltr'><strong>eor</strong></span> <span class='ocrx_word' id='word_1_297' title='bbox 2247 585 2315 639; x_wconf 65' lang='lat' dir='ltr'><strong>sit</strong></span> <span class='ocrx_word' id='word_1_298' title='bbox 2339 627 2350 646; x_wconf 85' lang='lat'><strong>,</strong></span> <span class='ocrx_word' id='word_1_299' title='bbox 2376 585 2439 638; x_wconf 81' lang='lat' dir='ltr'><strong>ad</strong></span> <span class='ocrx_word' id='word_1_300' title='bbox 2473 584 2634 638; x_wconf 65' lang='lat' dir='ltr'><strong>Deum</strong></span> <span class='ocrx_word' id='word_1_301' title='bbox 2655 626 2667 644; x_wconf 86' lang='lat'><strong>.</strong></span> <span class='ocrx_word' id='word_1_302' title='bbox 2697 586 2808 638; x_wconf 72' lang='lat' dir='ltr'><strong>ha~c</strong></span> <span class='ocrx_word' id='word_1_303' title='bbox 2855 585 3048 640; x_wconf 67' lang='lat' dir='ltr'><strong>divina-</strong></span> <span class='ocrx_word' id='word_1_304' title='bbox 3081 589 3408 652; x_wconf 72' lang='lat' dir='ltr'><strong>Operationts</strong></span> <span class='ocrx_word' id='word_1_305' title='bbox 3463 588 3726 655; x_wconf 65' lang='lat' dir='ltr'><strong>prwrouia</strong></span> 
     </span>
    </p>
   </div>
   <div class='ocr_carea' id='block_1_46' title="bbox 2127 657 3726 723">
    <p class='ocr_par' dir='ltr' id='par_1_46' title="bbox 2127 657 3726 723">
     <span class='ocr_line' id='line_1_46' title="bbox 2127 657 3726 723; baseline 0.004 -19"><span class='ocrx_word' id='word_1_306' title='bbox 2127 657 2500 722; x_wconf 77' lang='lat' dir='ltr'><strong>proferentur;</strong></span> <span class='ocrx_word' id='word_1_307' title='bbox 2533 659 2598 706; x_wconf 91' lang='lat' dir='ltr'><strong>ila</strong></span> <span class='ocrx_word' id='word_1_308' title='bbox 2632 667 2680 708; x_wconf 88' lang='lat' dir='ltr'><strong>ut</strong></span> <span class='ocrx_word' id='word_1_309' title='bbox 2711 671 2895 708; x_wconf 82' lang='lat' dir='ltr'><strong>eorum</strong></span> <span class='ocrx_word' id='word_1_310' title='bbox 2920 657 3180 719; x_wconf 79' lang='lat' dir='ltr'><strong>ipsoutm,</strong></span> <span class='ocrx_word' id='word_1_311' title='bbox 3207 658 3296 723; x_wconf 90' lang='lat' dir='ltr'><strong>qui</strong></span> <span class='ocrx_word' id='word_1_312' title='bbox 3345 659 3455 711; x_wconf 82' lang='lat' dir='ltr'><strong>ha-c</strong></span> <span class='ocrx_word' id='word_1_313' title='bbox 3488 659 3726 718; x_wconf 85' lang='lat' dir='ltr'><strong>audiant,</strong></span> 
     </span>
    </p>
   </div>
   <div class='ocr_carea' id='block_1_47' title="bbox 2122 725 3729 796">
    <p class='ocr_par' dir='ltr' id='par_1_47' title="bbox 2122 725 3729 796">
     <span class='ocr_line' id='line_1_47' title="bbox 2122 725 3729 796; baseline 0.001 -16"><span class='ocrx_word' id='word_1_314' title='bbox 2122 725 2464 780; x_wconf 71' lang='lat' dir='ltr'><strong>confessione</strong></span> <span class='ocrx_word' id='word_1_315' title='bbox 2497 728 2772 790; x_wconf 80' lang='lat' dir='ltr'><strong>laudetur;</strong></span> <span class='ocrx_word' id='word_1_316' title='bbox 2802 727 2900 779; x_wconf 84' lang='lat' dir='ltr'><strong>hoc</strong></span> <span class='ocrx_word' id='word_1_317' title='bbox 2924 740 3005 779; x_wconf 76' lang='lat' dir='ltr'><strong>est</strong></span> <span class='ocrx_word' id='word_1_318' title='bbox 3037 745 3192 796; x_wconf 78' lang='lat' dir='ltr'><strong>t-igo:</strong></span> <span class='ocrx_word' id='word_1_319' title='bbox 3225 730 3438 782; x_wconf 76' lang='lat' dir='ltr'><strong>Accedet</strong></span> <span class='ocrx_word' id='word_1_320' title='bbox 3480 729 3630 782; x_wconf 77' lang='lat' dir='ltr'><strong>Immo</strong></span> <span class='ocrx_word' id='word_1_321' title='bbox 3661 729 3729 782; x_wconf 78' lang='lat' dir='ltr'><strong>ad</strong></span> 
     </span>
    </p>
   </div>
   <div class='ocr_carea' id='block_1_48' title="bbox 2123 797 3723 867">
    <p class='ocr_par' dir='ltr' id='par_1_48' title="bbox 2123 797 3723 867">
     <span class='ocr_line' id='line_1_48' title="bbox 2123 797 3723 867; baseline 0.002 -17"><span class='ocrx_word' id='word_1_322' title='bbox 2123 815 2208 850; x_wconf 88' lang='lat' dir='ltr'><strong>cor</strong></span> <span class='ocrx_word' id='word_1_323' title='bbox 2257 799 2444 860; x_wconf 89' lang='lat' dir='ltr'><strong>altum,</strong></span> <span class='ocrx_word' id='word_1_324' title='bbox 2476 809 2520 850; x_wconf 88' lang='lat' dir='ltr'><strong>et</strong></span> <span class='ocrx_word' id='word_1_325' title='bbox 2560 799 2862 850; x_wconf 76' lang='lat' dir='ltr'><strong>exaltabitur</strong></span> <span class='ocrx_word' id='word_1_326' title='bbox 2886 797 3042 850; x_wconf 80' lang='lat' dir='ltr'><strong>Deus.</strong></span> <span class='ocrx_word' id='word_1_327' title='bbox 3065 797 3446 867; x_wconf 82' lang='lat' dir='ltr'><strong>Cognitaenim</strong></span> <span class='ocrx_word' id='word_1_328' title='bbox 3480 815 3723 853; x_wconf 80' lang='lat' dir='ltr'><strong>srrutan-</strong></span> 
     </span>
    </p>
   </div>
   <div class='ocr_carea' id='block_1_49' title="bbox 2126 869 3724 936">
    <p class='ocr_par' dir='ltr' id='par_1_49' title="bbox 2126 869 3724 936">
     <span class='ocr_line' id='line_1_49' title="bbox 2126 869 3724 936; baseline 0.001 -14"><span class='ocrx_word' id='word_1_329' title='bbox 2126 870 2252 922; x_wconf 90' lang='lat' dir='ltr'><strong>timn</strong></span> <span class='ocrx_word' id='word_1_330' title='bbox 2311 869 2645 930; x_wconf 71' lang='lat' dir='ltr'><strong>defectione,</strong></span> <span class='ocrx_word' id='word_1_331' title='bbox 2677 877 2732 922; x_wconf 85' lang='lat' dir='ltr'><strong>et</strong></span> <span class='ocrx_word' id='word_1_332' title='bbox 2780 870 3068 924; x_wconf 83' lang='lat' dir='ltr'><strong>accedente</strong></span> <span class='ocrx_word' id='word_1_333' title='bbox 3116 870 3331 924; x_wconf 72' lang='lat' dir='ltr'><strong>homine</strong></span> <span class='ocrx_word' id='word_1_334' title='bbox 3381 871 3560 925; x_wconf 85' lang='lat' dir='ltr'><strong>cordis</strong></span> <span class='ocrx_word' id='word_1_335' title='bbox 3609 871 3724 936; x_wconf 87' lang='lat' dir='ltr'><strong>alti,</strong></span> 
     </span>
    </p>
   </div>
   <div class='ocr_carea' id='block_1_50' title="bbox 2126 940 3718 1010">
    <p class='ocr_par' dir='ltr' id='par_1_50' title="bbox 2126 940 3718 1010">
     <span class='ocr_line' id='line_1_50' title="bbox 2126 940 3718 1010; baseline 0.001 -18"><span class='ocrx_word' id='word_1_336' title='bbox 2126 940 2516 1008; x_wconf 73' lang='lat' dir='ltr'><strong>magniﬁcentia</strong></span> <span class='ocrx_word' id='word_1_337' title='bbox 2556 940 2645 994; x_wconf 89' lang='lat' dir='ltr'><strong>Dei</strong></span> <span class='ocrx_word' id='word_1_338' title='bbox 2670 943 2980 1009; x_wconf 77' lang='lat' dir='ltr'><strong>agnoscitur</strong></span> <span class='ocrx_word' id='word_1_339' title='bbox 3012 960 3023 994; x_wconf 90' lang='lat'>:</span> <span class='ocrx_word' id='word_1_340' title='bbox 3056 957 3180 993; x_wconf 75' lang='lat' dir='ltr'><strong>nam</strong></span> <span class='ocrx_word' id='word_1_341' title='bbox 3214 943 3328 998; x_wconf 71' lang='lat' dir='ltr'><strong>quis</strong></span> <span class='ocrx_word' id='word_1_342' title='bbox 3375 957 3477 995; x_wconf 86' lang='lat' dir='ltr'><strong>neu</strong></span> <span class='ocrx_word' id='word_1_343' title='bbox 3515 944 3718 1010; x_wconf 62' lang='lat' dir='ltr'><strong>magni</strong></span> 
     </span>
    </p>
   </div>
   <div class='ocr_carea' id='block_1_51' title="bbox 2126 1010 3728 1081">
    <p class='ocr_par' dir='ltr' id='par_1_51' title="bbox 2126 1010 3728 1081">
     <span class='ocr_line' id='line_1_51' title="bbox 2126 1010 3728 1081; baseline -0.001 -17"><span class='ocrx_word' id='word_1_344' title='bbox 2126 1010 2306 1064; x_wconf 81' lang='lat' dir='ltr'><strong>ﬁeahit</strong></span> <span class='ocrx_word' id='word_1_345' title='bbox 2339 1012 2500 1064; x_wconf 85' lang='lat' dir='ltr'><strong>Deum</strong></span> <span class='ocrx_word' id='word_1_346' title='bbox 2526 1053 2538 1074; x_wconf 83' lang='lat'><strong>,</strong></span> <span class='ocrx_word' id='word_1_347' title='bbox 2560 1028 2718 1080; x_wconf 63' lang='lat' dir='ltr'><strong>quem</strong></span> <span class='ocrx_word' id='word_1_348' title='bbox 2747 1013 2928 1064; x_wconf 84' lang='lat' dir='ltr'><strong>mutuli</strong></span> <span class='ocrx_word' id='word_1_349' title='bbox 2958 1012 3112 1081; x_wconf 87' lang='lat' dir='ltr'><strong>hujus</strong></span> <span class='ocrx_word' id='word_1_350' title='bbox 3144 1014 3728 1077; x_wconf 77' lang='lat' dir='ltr'><strong>cognmeritcondito-</strong></span> 
     </span>
    </p>
   </div>
   <div class='ocr_carea' id='block_1_52' title="bbox 2127 1082 3723 1151">
    <p class='ocr_par' dir='ltr' id='par_1_52' title="bbox 2127 1082 3723 1151">
     <span class='ocr_line' id='line_1_52' title="bbox 2127 1082 3723 1151; baseline 0.002 -20"><span class='ocrx_word' id='word_1_351' title='bbox 2127 1083 2278 1135; x_wconf 79' lang='lat' dir='ltr'><strong>rem?</strong></span> <span class='ocrx_word' id='word_1_352' title='bbox 2311 1083 2429 1151; x_wconf 79' lang='lat' dir='ltr'><strong>quis</strong></span> <span class='ocrx_word' id='word_1_353' title='bbox 2454 1098 2556 1134; x_wconf 90' lang='lat' dir='ltr'><strong>non</strong></span> <span class='ocrx_word' id='word_1_354' title='bbox 2587 1094 2816 1148; x_wconf 83' lang='lat' dir='ltr'><strong>metuet,</strong></span> <span class='ocrx_word' id='word_1_355' title='bbox 2843 1100 2999 1150; x_wconf 84' lang='lat' dir='ltr'><strong>qut-nt</strong></span> <span class='ocrx_word' id='word_1_356' title='bbox 3021 1082 3256 1147; x_wconf 69' lang='lat' dir='ltr'><strong>JlldIt&#39;elll</strong></span> <span class='ocrx_word' id='word_1_357' title='bbox 3277 1083 3448 1136; x_wconf 77' lang='lat' dir='ltr'><strong>sciet?</strong></span> <span class='ocrx_word' id='word_1_358' title='bbox 3477 1086 3594 1151; x_wconf 53' lang='lat' dir='ltr'><strong>quis</strong></span> <span class='ocrx_word' id='word_1_359' title='bbox 3620 1101 3723 1139; x_wconf 85' lang='lat' dir='ltr'><strong>non</strong></span> 
     </span>
    </p>
   </div>
   <div class='ocr_carea' id='block_1_53' title="bbox 2125 1156 3727 1222">
    <p class='ocr_par' dir='ltr' id='par_1_53' title="bbox 2125 1156 3727 1222">
     <span class='ocr_line' id='line_1_53' title="bbox 2125 1156 3727 1222; baseline -0.001 -15"><span class='ocrx_word' id='word_1_360' title='bbox 2125 1156 2334 1207; x_wconf 57' lang='lat' dir='ltr'><strong>renasci</strong></span> <span class='ocrx_word' id='word_1_361' title='bbox 2369 1156 2420 1206; x_wconf 89' lang='lat' dir='ltr'><strong>in</strong></span> <span class='ocrx_word' id='word_1_362' title='bbox 2447 1156 2673 1208; x_wconf 73' lang='lat' dir='ltr'><strong>innocen</strong></span> <span class='ocrx_word' id='word_1_363' title='bbox 2707 1157 2805 1204; x_wconf 88' lang='lat' dir='ltr'><strong>iam</strong></span> <span class='ocrx_word' id='word_1_364' title='bbox 2838 1157 3046 1222; x_wconf 86' lang='lat' dir='ltr'><strong>t-npiat,</strong></span> <span class='ocrx_word' id='word_1_365' title='bbox 3080 1157 3727 1220; x_wconf 66' lang='grc' dir='ltr'><strong>011111ιιι·(;ιι;ιῑίΐθιιιὶ5&gt;ἰιι-</strong></span> 
     </span>
    </p>
   </div>
   <div class='ocr_carea' id='block_1_54' title="bbox 2126 1225 3727 1292">
    <p class='ocr_par' dir='ltr' id='par_1_54' title="bbox 2126 1225 3727 1292">
     <span class='ocr_line' id='line_1_54' title="bbox 2126 1225 3727 1292; baseline 0.001 -16"><span class='ocrx_word' id='word_1_366' title='bbox 2126 1239 2246 1278; x_wconf 78' lang='lat' dir='ltr'><strong>nem</strong></span> <span class='ocrx_word' id='word_1_367' title='bbox 2273 1241 2366 1292; x_wconf 87' lang='lat' dir='ltr'><strong>per</strong></span> <span class='ocrx_word' id='word_1_368' title='bbox 2394 1241 2584 1277; x_wconf 79' lang='lat' dir='ltr'><strong>novam</strong></span> <span class='ocrx_word' id='word_1_369' title='bbox 2614 1226 2947 1277; x_wconf 84' lang='lat' dir='ltr'><strong>nativitatem</strong></span> <span class='ocrx_word' id='word_1_370' title='bbox 2978 1225 3247 1289; x_wconf 81' lang='lat' dir='ltr'><strong>aet-ipiat?</strong></span> <span class='ocrx_word' id='word_1_371' title='bbox 3281 1227 3401 1289; x_wconf 87' lang='lat' dir='ltr'><strong>quis</strong></span> <span class='ocrx_word' id='word_1_372' title='bbox 3424 1227 3532 1291; x_wconf 86' lang='lat' dir='ltr'><strong>jam</strong></span> <span class='ocrx_word' id='word_1_373' title='bbox 3569 1243 3727 1280; x_wconf 80' lang='lat' dir='ltr'><strong>rena—</strong></span> 
     </span>
    </p>
   </div>
   <div class='ocr_carea' id='block_1_55' title="bbox 2127 1295 3724 1364">
    <p class='ocr_par' dir='ltr' id='par_1_55' title="bbox 2127 1295 3724 1364">
     <span class='ocr_line' id='line_1_55' title="bbox 2127 1295 3724 1364; baseline 0.003 -16"><span class='ocrx_word' id='word_1_374' title='bbox 2127 1305 2210 1350; x_wconf 82' lang='lat' dir='ltr'><strong>tus</strong></span> <span class='ocrx_word' id='word_1_375' title='bbox 2240 1311 2458 1364; x_wconf 86' lang='lat' dir='ltr'><strong>peccare</strong></span> <span class='ocrx_word' id='word_1_376' title='bbox 2513 1311 2615 1349; x_wconf 90' lang='lat' dir='ltr'><strong>non</strong></span> <span class='ocrx_word' id='word_1_377' title='bbox 2659 1296 2894 1360; x_wconf 65' lang='lat' dir='ltr'><strong>desinat,</strong></span> <span class='ocrx_word' id='word_1_378' title='bbox 2945 1305 2999 1349; x_wconf 82' lang='lat' dir='ltr'><strong>et</strong></span> <span class='ocrx_word' id='word_1_379' title='bbox 3048 1297 3098 1348; x_wconf 90' lang='lat' dir='ltr'><strong>in</strong></span> <span class='ocrx_word' id='word_1_380' title='bbox 3166 1295 3468 1349; x_wconf 78' lang='lat' dir='ltr'><strong>innocentia</strong></span> <span class='ocrx_word' id='word_1_381' title='bbox 3517 1299 3724 1364; x_wconf 69' lang='lat' dir='ltr'><strong>paruuli</strong></span> 
     </span>
    </p>
   </div>
   <div class='ocr_carea' id='block_1_56' title="bbox 2128 1367 3725 1435">
    <p class='ocr_par' dir='ltr' id='par_1_56' title="bbox 2128 1367 3725 1435">
     <span class='ocr_line' id='line_1_56' title="bbox 2128 1367 3725 1435; baseline 0.001 -15"><span class='ocrx_word' id='word_1_382' title='bbox 2128 1381 2464 1431; x_wconf 79' lang='lat' dir='ltr'><strong>permanere,</strong></span> <span class='ocrx_word' id='word_1_383' title='bbox 2485 1382 2606 1420; x_wconf 90' lang='lat' dir='ltr'><strong>cum</strong></span> <span class='ocrx_word' id='word_1_384' title='bbox 2638 1367 2821 1420; x_wconf 86' lang='lat' dir='ltr'><strong>talintn</strong></span> <span class='ocrx_word' id='word_1_385' title='bbox 2843 1369 2980 1420; x_wconf 77' lang='lat' dir='ltr'><strong>sciat</strong></span> <span class='ocrx_word' id='word_1_386' title='bbox 3019 1383 3240 1435; x_wconf 80' lang='lat' dir='ltr'><strong>regnum</strong></span> <span class='ocrx_word' id='word_1_387' title='bbox 3267 1382 3388 1419; x_wconf 84' lang='lat' dir='ltr'><strong>esse</strong></span> <span class='ocrx_word' id='word_1_388' title='bbox 3420 1368 3725 1422; x_wconf 51' lang='lat' dir='ltr'><strong>caelorum?</strong></span> 
     </span>
    </p>
   </div>
   <div class='ocr_carea' id='block_1_57' title="bbox 2128 1437 3720 1507">
    <p class='ocr_par' dir='ltr' id='par_1_57' title="bbox 2128 1437 3720 1507">
     <span class='ocr_line' id='line_1_57' title="bbox 2128 1437 3720 1507; baseline 0.001 -17"><span class='ocrx_word' id='word_1_389' title='bbox 2128 1437 2253 1492; x_wconf 80' lang='lat' dir='ltr'><strong>IIa-c</strong></span> <span class='ocrx_word' id='word_1_390' title='bbox 2287 1438 2553 1506; x_wconf 65' lang='lat' dir='ltr'><strong>prnl&#39;eSsio</strong></span> <span class='ocrx_word' id='word_1_391' title='bbox 2578 1448 2755 1494; x_wconf 66' lang='lat' dir='ltr'><strong>nostra</strong></span> <span class='ocrx_word' id='word_1_392' title='bbox 2783 1439 3135 1491; x_wconf 89' lang='lat' dir='ltr'><strong>scrutantium</strong></span> <span class='ocrx_word' id='word_1_393' title='bbox 3173 1439 3382 1507; x_wconf 85' lang='lat' dir='ltr'><strong>ingenia</strong></span> <span class='ocrx_word' id='word_1_394' title='bbox 3434 1438 3672 1492; x_wconf 73' lang='lat' dir='ltr'><strong>deliilitat</strong></span> <span class='ocrx_word' id='word_1_395' title='bbox 3706 1456 3720 1507; x_wconf 91' lang='lat'>;</span> 
     </span>
    </p>
   </div>
   <div class='ocr_carea' id='block_1_58' title="bbox 2129 1508 3723 1578">
    <p class='ocr_par' dir='ltr' id='par_1_58' title="bbox 2129 1508 3723 1578">
     <span class='ocr_line' id='line_1_58' title="bbox 2129 1508 3723 1578; baseline 0.002 -17"><span class='ocrx_word' id='word_1_396' title='bbox 2129 1508 2242 1562; x_wconf 80' lang='lat' dir='ltr'><strong>ha-c</strong></span> <span class='ocrx_word' id='word_1_397' title='bbox 2269 1509 2527 1562; x_wconf 70' lang='lat' dir='ltr'><strong>doctrina:</strong></span> <span class='ocrx_word' id='word_1_398' title='bbox 2553 1510 2790 1578; x_wconf 82' lang='lat' dir='ltr'><strong>specula,</strong></span> <span class='ocrx_word' id='word_1_399' title='bbox 2820 1525 2940 1577; x_wconf 72' lang='lat' dir='ltr'><strong>qute</strong></span> <span class='ocrx_word' id='word_1_400' title='bbox 2969 1510 3316 1577; x_wconf 78' lang='lat' dir='ltr'><strong>parvulorum</strong></span> <span class='ocrx_word' id='word_1_401' title='bbox 3339 1511 3544 1570; x_wconf 77' lang='lat' dir='ltr'><strong>sagittae</strong></span> <span class='ocrx_word' id='word_1_402' title='bbox 3575 1524 3723 1577; x_wconf 86' lang='lat' dir='ltr'><strong>sunt,</strong></span> 
     </span>
    </p>
   </div>
   <div class='ocr_carea' id='block_1_59' title="bbox 2126 1580 3722 1648">
    <p class='ocr_par' dir='ltr' id='par_1_59' title="bbox 2126 1580 3722 1648">
     <span class='ocr_line' id='line_1_59' title="bbox 2126 1580 3722 1648; baseline 0.001 -16"><span class='ocrx_word' id='word_1_403' title='bbox 2126 1581 2318 1633; x_wconf 87' lang='lat' dir='ltr'><strong>stultas</strong></span> <span class='ocrx_word' id='word_1_404' title='bbox 2376 1580 2766 1648; x_wconf 77' lang='lat' dir='ltr'><strong>disputationes</strong></span> <span class='ocrx_word' id='word_1_405' title='bbox 2830 1583 3145 1640; x_wconf 79' lang='lat' dir='ltr'><strong>vulnerant;</strong></span> <span class='ocrx_word' id='word_1_406' title='bbox 3192 1582 3524 1634; x_wconf 82' lang='lat' dir='ltr'><strong>annuntialis</strong></span> <span class='ocrx_word' id='word_1_407' title='bbox 3578 1584 3722 1644; x_wconf 79' lang='lat' dir='ltr'><strong>enim</strong></span> 
     </span>
    </p>
   </div>
   <div class='ocr_carea' id='block_1_60' title="bbox 2127 1650 3721 1722">
    <p class='ocr_par' dir='ltr' id='par_1_60' title="bbox 2127 1650 3721 1722">
     <span class='ocr_line' id='line_1_60' title="bbox 2127 1650 3721 1722; baseline 0.001 -17"><span class='ocrx_word' id='word_1_408' title='bbox 2127 1651 2384 1720; x_wconf 84' lang='lat' dir='ltr'><strong>Operibus</strong></span> <span class='ocrx_word' id='word_1_409' title='bbox 2436 1651 2560 1712; x_wconf 74' lang='lat' dir='ltr'><strong>Di-i.</strong></span> <span class='ocrx_word' id='word_1_410' title='bbox 2607 1660 2733 1704; x_wconf 89' lang='lat' dir='ltr'><strong>tunc</strong></span> <span class='ocrx_word' id='word_1_411' title='bbox 2794 1651 3051 1722; x_wconf 80' lang='lat' dir='ltr'><strong>ineqiient</strong></span> <span class='ocrx_word' id='word_1_412' title='bbox 3111 1650 3248 1704; x_wconf 76' lang='lat' dir='ltr'><strong>facta</strong></span> <span class='ocrx_word' id='word_1_413' title='bbox 3298 1653 3415 1718; x_wconf 79' lang='lat' dir='ltr'><strong>ejus</strong></span> <span class='ocrx_word' id='word_1_414' title='bbox 3469 1653 3721 1722; x_wconf 79' lang='lat' dir='ltr'><strong>intelligi.</strong></span> 
     </span>
    </p>
   </div>
   <div class='ocr_carea' id='block_1_61' title="bbox 2054 1721 3723 1820">
    <p class='ocr_par' dir='ltr' id='par_1_61' title="bbox 2054 1721 3723 1820">
     <span class='ocr_line' id='line_1_61' title="bbox 2054 1721 3723 1820; baseline 0.001 -47"><span class='ocrx_word' id='word_1_415' title='bbox 2054 1757 2099 1820; x_wconf 79' lang='grc' dir='ltr'><strong>Β</strong></span> <span class='ocrx_word' id='word_1_416' title='bbox 2135 1733 2259 1820; x_wconf 67' lang='lat' dir='ltr'><strong>tune</strong></span> <span class='ocrx_word' id='word_1_417' title='bbox 2292 1726 2341 1820; x_wconf 63' lang='lat' dir='ltr'><strong>illi</strong></span> <span class='ocrx_word' id='word_1_418' title='bbox 2377 1723 2458 1820; x_wconf 47' lang='lat' dir='ltr'><strong>hiis</strong></span> <span class='ocrx_word' id='word_1_419' title='bbox 2486 1721 2858 1820; x_wconf 48' lang='lat' dir='ltr'><strong>llmialiitIur&#39;Jn.</strong></span> <span class='ocrx_word' id='word_1_420' title='bbox 2882 1735 2999 1820; x_wconf 42' lang='lat' dir='ltr'><strong>tusi,</strong></span> <span class='ocrx_word' id='word_1_421' title='bbox 3037 1737 3158 1820; x_wconf 61' lang='lat' dir='ltr'><strong>tunc</strong></span> <span class='ocrx_word' id='word_1_422' title='bbox 3189 1737 3311 1820; x_wconf 62' lang='grc' dir='ltr'>ἓιιιιι</span> <span class='ocrx_word' id='word_1_423' title='bbox 3342 1738 3530 1776; x_wconf 66' lang='lat' dir='ltr'><strong>on‘ines</strong></span> <span class='ocrx_word' id='word_1_424' title='bbox 3569 1724 3723 1820; x_wconf 39' lang='lat' dir='ltr'><strong>&#39;rclrti</strong></span> 
     </span>
    </p>
   </div>
   <div class='ocr_carea' id='block_1_62' title="bbox 2126 1793 3770 1857">
    <p class='ocr_par' dir='ltr' id='par_1_62' title="bbox 2126 1793 3770 1857">
     <span class='ocr_line' id='line_1_62' title="bbox 2126 1793 3770 1857; baseline 0.003 -15"><span class='ocrx_word' id='word_1_425' title='bbox 2126 1794 2288 1847; x_wconf 76' lang='lat' dir='ltr'><strong>corde</strong></span> <span class='ocrx_word' id='word_1_426' title='bbox 2323 1794 2634 1848; x_wconf 86' lang='lat' dir='ltr'><strong>landahunt.</strong></span> <span class='ocrx_word' id='word_1_427' title='bbox 2682 1796 2733 1846; x_wconf 91' lang='lat' dir='ltr'><strong>ln</strong></span> <span class='ocrx_word' id='word_1_428' title='bbox 2763 1797 2841 1844; x_wconf 77' lang='lat' dir='ltr'><strong>his</strong></span> <span class='ocrx_word' id='word_1_429' title='bbox 2873 1806 2955 1846; x_wconf 82' lang='lat' dir='ltr'><strong>est</strong></span> <span class='ocrx_word' id='word_1_430' title='bbox 2985 1793 3162 1846; x_wconf 73' lang='grc' dir='ltr'>Ιςιιιίίιει</span> <span class='ocrx_word' id='word_1_431' title='bbox 3189 1795 3535 1857; x_wconf 83' lang='lat' dir='ltr'><strong>Sanctorum,</strong></span> <span class='ocrx_word' id='word_1_432' title='bbox 3569 1797 3618 1848; x_wconf 91' lang='lat' dir='ltr'><strong>in</strong></span> <span class='ocrx_word' id='word_1_433' title='bbox 3643 1795 3724 1852; x_wconf 90' lang='lat' dir='ltr'><strong>his</strong></span> <span class='ocrx_word' id='word_1_434' title='bbox 3765 1819 3770 1824; x_wconf 90' lang='lat'><strong><em>-</em></strong></span> 
     </span>
    </p>
   </div>
   <div class='ocr_carea' id='block_1_63' title="bbox 2124 1865 3719 1934">
    <p class='ocr_par' dir='ltr' id='par_1_63' title="bbox 2124 1865 3719 1934">
     <span class='ocr_line' id='line_1_63' title="bbox 2124 1865 3719 1934; baseline 0.001 -17"><span class='ocrx_word' id='word_1_435' title='bbox 2124 1881 2247 1934; x_wconf 75' lang='lat' dir='ltr'><strong>Spt&#39;S</strong></span> <span class='ocrx_word' id='word_1_436' title='bbox 2281 1866 2583 1918; x_wconf 58' lang='lat' dir='ltr'><strong>ﬁrmissima</strong></span> <span class='ocrx_word' id='word_1_437' title='bbox 2613 1881 2625 1928; x_wconf 89' lang='lat'><strong>;</strong></span> <span class='ocrx_word' id='word_1_438' title='bbox 2661 1867 2729 1916; x_wconf 91' lang='lat' dir='ltr'><strong>oh</strong></span> <span class='ocrx_word' id='word_1_439' title='bbox 2781 1867 2893 1918; x_wconf 77' lang='lat' dir='ltr'><strong>lure</strong></span> <span class='ocrx_word' id='word_1_440' title='bbox 2929 1866 3092 1918; x_wconf 85' lang='lat' dir='ltr'><strong>Deum</strong></span> <span class='ocrx_word' id='word_1_441' title='bbox 3126 1866 3212 1934; x_wconf 88' lang='lat' dir='ltr'><strong>qui</strong></span> <span class='ocrx_word' id='word_1_442' title='bbox 3247 1875 3394 1917; x_wconf 83' lang='lat' dir='ltr'><strong>rerto</strong></span> <span class='ocrx_word' id='word_1_443' title='bbox 3425 1875 3545 1918; x_wconf 79' lang='lat' dir='ltr'><strong>sunt</strong></span> <span class='ocrx_word' id='word_1_444' title='bbox 3568 1865 3570 1868; x_wconf 73' lang='grc'>’</span> <span class='ocrx_word' id='word_1_445' title='bbox 3595 1881 3719 1918; x_wconf 84' lang='lat' dir='ltr'><strong>cor-</strong></span> 
     </span>
    </p>
   </div>
   <div class='ocr_carea' id='block_1_64' title="bbox 2123 1937 3719 2003">
    <p class='ocr_par' dir='ltr' id='par_1_64' title="bbox 2123 1937 3719 2003">
     <span class='ocr_line' id='line_1_64' title="bbox 2123 1937 3719 2003; baseline 0.003 -16"><span class='ocrx_word' id='word_1_446' title='bbox 2123 1939 2189 1990; x_wconf 90' lang='lat' dir='ltr'><strong>de</strong></span> <span class='ocrx_word' id='word_1_447' title='bbox 2222 1937 2533 2000; x_wconf 86' lang='lat' dir='ltr'><strong>laudalutnt,</strong></span> <span class='ocrx_word' id='word_1_448' title='bbox 2562 1938 2794 1991; x_wconf 86' lang='lat' dir='ltr'><strong>scientes</strong></span> <span class='ocrx_word' id='word_1_449' title='bbox 2829 1952 2948 1988; x_wconf 54' lang='grc' dir='ltr'><strong>θςδθ</strong></span> <span class='ocrx_word' id='word_1_450' title='bbox 2979 1938 3318 1987; x_wconf 69' lang='lat' dir='ltr'><strong>renns~orem</strong></span> <span class='ocrx_word' id='word_1_451' title='bbox 3354 1949 3719 2003; x_wconf 83' lang='lat' dir='ltr'><strong>peccatorum,</strong></span> 
     </span>
    </p>
   </div>
   <div class='ocr_carea' id='block_1_65' title="bbox 2122 2006 3719 2075">
    <p class='ocr_par' dir='ltr' id='par_1_65' title="bbox 2122 2006 3719 2075">
     <span class='ocr_line' id='line_1_65' title="bbox 2122 2006 3719 2075; baseline -0.001 -13"><span class='ocrx_word' id='word_1_452' title='bbox 2122 2007 2313 2062; x_wconf 79' lang='lat' dir='ltr'><strong>mortis</strong></span> <span class='ocrx_word' id='word_1_453' title='bbox 2371 2015 2790 2075; x_wconf 79' lang='lat' dir='ltr'><strong>peremptorem,</strong></span> <span class='ocrx_word' id='word_1_454' title='bbox 2839 2006 3022 2060; x_wconf 74' lang='lat' dir='ltr'><strong>Zalioli</strong></span> <span class='ocrx_word' id='word_1_455' title='bbox 3075 2007 3496 2068; x_wconf 77' lang='lat' dir='ltr'><strong>deheliaturt-m,</strong></span> <span class='ocrx_word' id='word_1_456' title='bbox 3551 2008 3719 2062; x_wconf 84' lang='lat' dir='ltr'><strong>Deum</strong></span> 
     </span>
    </p>
   </div>
   <div class='ocr_carea' id='block_1_66' title="bbox 2122 2076 3722 2148">
    <p class='ocr_par' dir='ltr' id='par_1_66' title="bbox 2122 2076 3722 2148">
     <span class='ocr_line' id='line_1_66' title="bbox 2122 2076 3722 2148; baseline 0.004 -20"><span class='ocrx_word' id='word_1_457' title='bbox 2122 2079 2482 2138; x_wconf 82' lang='lat' dir='ltr'><strong>t-tDominnm</strong></span> <span class='ocrx_word' id='word_1_458' title='bbox 2508 2088 2750 2133; x_wconf 86' lang='lat' dir='ltr'><strong>nostrum</strong></span> <span class='ocrx_word' id='word_1_459' title='bbox 2795 2078 2976 2132; x_wconf 60' lang='lat' dir='ltr'><strong>Jesum</strong></span> <span class='ocrx_word' id='word_1_460' title='bbox 3015 2076 3326 2146; x_wconf 73' lang='lat' dir='ltr'><strong>Christum,</strong></span> <span class='ocrx_word' id='word_1_461' title='bbox 3367 2079 3455 2148; x_wconf 90' lang='lat' dir='ltr'><strong>qui</strong></span> <span class='ocrx_word' id='word_1_462' title='bbox 3501 2087 3583 2134; x_wconf 79' lang='lat' dir='ltr'><strong>est</strong></span> <span class='ocrx_word' id='word_1_463' title='bbox 3628 2079 3722 2134; x_wconf 80' lang='lat' dir='ltr'><strong>be-</strong></span> 
     </span>
    </p>
   </div>
   <div class='ocr_carea' id='block_1_67' title="bbox 2122 2149 3011 2205">
    <p class='ocr_par' dir='ltr' id='par_1_67' title="bbox 2122 2149 3011 2205">
     <span class='ocr_line' id='line_1_67' title="bbox 2122 2149 3011 2205; baseline -0.004 -1"><span class='ocrx_word' id='word_1_464' title='bbox 2122 2149 2370 2205; x_wconf 85' lang='lat' dir='ltr'><strong>nedictus</strong></span> <span class='ocrx_word' id='word_1_465' title='bbox 2396 2151 2448 2204; x_wconf 91' lang='lat' dir='ltr'><strong>in</strong></span> <span class='ocrx_word' id='word_1_466' title='bbox 2473 2152 2650 2204; x_wconf 79' lang='lat' dir='ltr'><strong>secula</strong></span> <span class='ocrx_word' id='word_1_467' title='bbox 2684 2151 3011 2205; x_wconf 83' lang='lat' dir='ltr'><strong>seculorum.</strong></span> 
     </span>
    </p>
   </div>
   <div class='ocr_carea' id='block_1_68' title="bbox 2499 2263 3324 2320">
    <p class='ocr_par' dir='ltr' id='par_1_68' title="bbox 2499 2263 3324 2320">
     <span class='ocr_line' id='line_1_68' title="bbox 2499 2263 3324 2320; baseline 0 -2"><span class='ocrx_word' id='word_1_468' title='bbox 2499 2264 2745 2320; x_wconf 79' lang='lat' dir='ltr'><strong>INCIPIT</strong></span> <span class='ocrx_word' id='word_1_469' title='bbox 2789 2263 3099 2320; x_wconf 80' lang='lat' dir='ltr'><strong>I‘S.\L‘.\IUS</strong></span> <span class='ocrx_word' id='word_1_470' title='bbox 3139 2264 3324 2320; x_wconf 60' lang='lat' dir='ltr'><strong>LXIV.</strong></span> 
     </span>
    </p>
   </div>
   <div class='ocr_carea' id='block_1_69' title="bbox 2562 2374 3272 2413">
    <p class='ocr_par' dir='ltr' id='par_1_69' title="bbox 2562 2374 3272 2413">
     <span class='ocr_line' id='line_1_69' title="bbox 2562 2374 3272 2413; baseline 0.001 -1"><span class='ocrx_word' id='word_1_471' title='bbox 2562 2374 2612 2412; x_wconf 74' lang='lat' dir='ltr'>IN</span> <span class='ocrx_word' id='word_1_472' title='bbox 2639 2374 2797 2412; x_wconf 71' lang='lat' dir='ltr'>FINEII</span> <span class='ocrx_word' id='word_1_473' title='bbox 2829 2374 3061 2413; x_wconf 55' lang='lat' dir='ltr'><strong>PSALNUS</strong></span> <span class='ocrx_word' id='word_1_474' title='bbox 3092 2375 3272 2413; x_wconf 71' lang='lat' dir='ltr'><strong>DAVID.</strong></span> 
     </span>
    </p>
   </div>
   <div class='ocr_carea' id='block_1_70' title="bbox 2196 2447 3719 2520">
    <p class='ocr_par' dir='ltr' id='par_1_70' title="bbox 2196 2447 3719 2520">
     <span class='ocr_line' id='line_1_70' title="bbox 2196 2447 3719 2520; baseline 0.003 -18"><span class='ocrx_word' id='word_1_475' title='bbox 2196 2447 2265 2520; x_wconf 70' lang='lat' dir='ltr'><strong>Te</strong></span> <span class='ocrx_word' id='word_1_476' title='bbox 2279 2448 2416 2503; x_wconf 82' lang='lat' dir='ltr'><strong>decet</strong></span> <span class='ocrx_word' id='word_1_477' title='bbox 2441 2449 2676 2520; x_wconf 79' lang='lat' dir='ltr'><strong>hymnus,</strong></span> <span class='ocrx_word' id='word_1_478' title='bbox 2695 2447 2855 2515; x_wconf 79' lang='lat' dir='ltr'><strong>Deus,</strong></span> <span class='ocrx_word' id='word_1_479' title='bbox 2875 2451 2926 2503; x_wconf 88' lang='lat' dir='ltr'><strong>in</strong></span> <span class='ocrx_word' id='word_1_480' title='bbox 2943 2451 3092 2516; x_wconf 83' lang='lat' dir='ltr'><strong>Sion,</strong></span> <span class='ocrx_word' id='word_1_481' title='bbox 3108 2461 3152 2504; x_wconf 90' lang='lat' dir='ltr'><strong>et</strong></span> <span class='ocrx_word' id='word_1_482' title='bbox 3179 2449 3268 2504; x_wconf 83' lang='lat' dir='ltr'><strong>tibi</strong></span> <span class='ocrx_word' id='word_1_483' title='bbox 3293 2451 3529 2506; x_wconf 81' lang='lat' dir='ltr'><strong>reddetur</strong></span> <span class='ocrx_word' id='word_1_484' title='bbox 3549 2462 3719 2508; x_wconf 87' lang='lat' dir='ltr'><strong>votum</strong></span> 
     </span>
    </p>
   </div>
   <div class='ocr_carea' id='block_1_71' title="bbox 2119 2519 2506 2573">
    <p class='ocr_par' dir='ltr' id='par_1_71' title="bbox 2119 2519 2506 2573">
     <span class='ocr_line' id='line_1_71' title="bbox 2119 2519 2506 2573; baseline 0.003 -1"><span class='ocrx_word' id='word_1_485' title='bbox 2119 2519 2171 2572; x_wconf 85' lang='lat' dir='ltr'><strong>in</strong></span> <span class='ocrx_word' id='word_1_486' title='bbox 2196 2519 2227 2572; x_wconf 89' lang='lat' dir='ltr'><strong><em>J</em></strong></span> <span class='ocrx_word' id='word_1_487' title='bbox 2237 2519 2506 2573; x_wconf 76' lang='lat' dir='ltr'><strong>erusalein.</strong></span> 
     </span>
    </p>
   </div>
   <div class='ocr_carea' id='block_1_72' title="bbox 2195 2591 3714 2661">
    <p class='ocr_par' dir='ltr' id='par_1_72' title="bbox 2195 2591 3714 2661">
     <span class='ocr_line' id='line_1_72' title="bbox 2195 2591 3714 2661; baseline 0.005 -19"><span class='ocrx_word' id='word_1_488' title='bbox 2195 2592 2288 2644; x_wconf 86' lang='lat' dir='ltr'><strong>llic</strong></span> <span class='ocrx_word' id='word_1_489' title='bbox 2317 2593 2553 2660; x_wconf 84' lang='lat' dir='ltr'><strong>psalmus</strong></span> <span class='ocrx_word' id='word_1_490' title='bbox 2578 2591 2794 2661; x_wconf 85' lang='lat' dir='ltr'><strong>proprie</strong></span> <span class='ocrx_word' id='word_1_491' title='bbox 2844 2594 2893 2646; x_wconf 92' lang='lat' dir='ltr'><strong>in</strong></span> <span class='ocrx_word' id='word_1_492' title='bbox 2949 2593 3106 2647; x_wconf 89' lang='lat' dir='ltr'><strong>littem</strong></span> <span class='ocrx_word' id='word_1_493' title='bbox 3154 2601 3209 2646; x_wconf 89' lang='lat' dir='ltr'><strong>et</strong></span> <span class='ocrx_word' id='word_1_494' title='bbox 3245 2595 3714 2658; x_wconf 70' lang='lat' dir='ltr'><strong>congregationem</strong></span> 
     </span>
    </p>
   </div>
   <div class='ocr_carea' id='block_1_73' title="bbox 2117 2665 3716 2732">
    <p class='ocr_par' dir='ltr' id='par_1_73' title="bbox 2117 2665 3716 2732">
     <span class='ocr_line' id='line_1_73' title="bbox 2117 2665 3716 2732; baseline 0.004 -16"><span class='ocrx_word' id='word_1_495' title='bbox 2117 2666 2390 2732; x_wconf 79' lang='lat' dir='ltr'><strong>gentium,</strong></span> <span class='ocrx_word' id='word_1_496' title='bbox 2417 2681 2533 2730; x_wconf 73' lang='lat' dir='ltr'><strong>qua:</strong></span> <span class='ocrx_word' id='word_1_497' title='bbox 2570 2665 2732 2716; x_wconf 77' lang='lat' dir='ltr'><strong>Dt&#39;lllll</strong></span> <span class='ocrx_word' id='word_1_498' title='bbox 2767 2666 3052 2717; x_wconf 66' lang='lat' dir='ltr'><strong>laudatum</strong></span> <span class='ocrx_word' id='word_1_499' title='bbox 3099 2676 3262 2726; x_wconf 82' lang='lat' dir='ltr'><strong>sunt,</strong></span> <span class='ocrx_word' id='word_1_500' title='bbox 3295 2665 3472 2718; x_wconf 73' lang='lat' dir='ltr'><strong>dit-tus</strong></span> <span class='ocrx_word' id='word_1_501' title='bbox 3511 2678 3584 2718; x_wconf 66' lang='grc' dir='ltr'><strong>ρει</strong></span> <span class='ocrx_word' id='word_1_502' title='bbox 3615 2683 3626 2718; x_wconf 89' lang='lat'><strong>:</strong></span> <span class='ocrx_word' id='word_1_503' title='bbox 3664 2669 3716 2722; x_wconf 89' lang='lat' dir='ltr'><strong>in</strong></span> 
     </span>
    </p>
   </div>
   <div class='ocr_carea' id='block_1_74' title="bbox 2118 2734 3713 2802">
    <p class='ocr_par' dir='ltr' id='par_1_74' title="bbox 2118 2734 3713 2802">
     <span class='ocr_line' id='line_1_74' title="bbox 2118 2734 3713 2802; baseline 0.001 -14"><span class='ocrx_word' id='word_1_504' title='bbox 2118 2734 2340 2788; x_wconf 58' lang='lat' dir='ltr'><strong>exordio</strong></span> <span class='ocrx_word' id='word_1_505' title='bbox 2369 2745 2544 2787; x_wconf 92' lang='lat' dir='ltr'><strong>autem</strong></span> <span class='ocrx_word' id='word_1_506' title='bbox 2577 2735 2694 2802; x_wconf 89' lang='lat' dir='ltr'><strong>ejus</strong></span> <span class='ocrx_word' id='word_1_507' title='bbox 2737 2741 3030 2788; x_wconf 78' lang='lat' dir='ltr'><strong>St‘l&#39;UIltIlllll</strong></span> <span class='ocrx_word' id='word_1_508' title='bbox 3081 2736 3521 2790; x_wconf 55' lang='lat' dir='ltr'><strong>euttsuetndinem</strong></span> <span class='ocrx_word' id='word_1_509' title='bbox 3561 2753 3713 2790; x_wconf 86' lang='lat' dir='ltr'><strong>suam</strong></span> 
     </span>
    </p>
   </div>
   <div class='ocr_carea' id='block_1_75' title="bbox 2119 2805 3600 2874">
    <p class='ocr_par' dir='ltr' id='par_1_75' title="bbox 2119 2805 3600 2874">
     <span class='ocr_line' id='line_1_75' title="bbox 2119 2805 3600 2874; baseline 0.002 -16"><span class='ocrx_word' id='word_1_510' title='bbox 2119 2805 2376 2874; x_wconf 72' lang='lat' dir='ltr'><strong>propheta</strong></span> <span class='ocrx_word' id='word_1_511' title='bbox 2410 2809 2705 2858; x_wconf 88' lang='lat' dir='ltr'><strong>orationem</strong></span> <span class='ocrx_word' id='word_1_512' title='bbox 2744 2821 2958 2859; x_wconf 88' lang='lat' dir='ltr'><strong>omnem</strong></span> <span class='ocrx_word' id='word_1_513' title='bbox 2991 2806 3054 2855; x_wconf 88' lang='lat' dir='ltr'><strong>ad</strong></span> <span class='ocrx_word' id='word_1_514' title='bbox 3093 2807 3370 2858; x_wconf 83' lang='lat' dir='ltr'><strong>Dominum</strong></span> <span class='ocrx_word' id='word_1_515' title='bbox 3401 2807 3600 2872; x_wconf 81' lang='lat' dir='ltr'><strong>dirigit.</strong></span> 
     </span>
    </p>
   </div>
   <div class='ocr_carea' id='block_1_76' title="bbox 2193 2874 3716 2946">
    <p class='ocr_par' dir='ltr' id='par_1_76' title="bbox 2193 2874 3716 2946">
     <span class='ocr_line' id='line_1_76' title="bbox 2193 2874 3716 2946; baseline 0.003 -18"><span class='ocrx_word' id='word_1_516' title='bbox 2193 2876 2261 2930; x_wconf 81' lang='lat' dir='ltr'><strong>Te</strong></span> <span class='ocrx_word' id='word_1_517' title='bbox 2285 2878 2444 2936; x_wconf 81' lang='lat' dir='ltr'><strong>decet,</strong></span> <span class='ocrx_word' id='word_1_518' title='bbox 2478 2874 2716 2936; x_wconf 85' lang='lat' dir='ltr'><strong>Domine,</strong></span> <span class='ocrx_word' id='word_1_519' title='bbox 2733 2879 2970 2946; x_wconf 81' lang='lat' dir='ltr'><strong>hymnus,</strong></span> <span class='ocrx_word' id='word_1_520' title='bbox 2997 2874 3153 2940; x_wconf 85' lang='lat' dir='ltr'><strong>Deus,</strong></span> <span class='ocrx_word' id='word_1_521' title='bbox 3173 2878 3224 2928; x_wconf 88' lang='lat' dir='ltr'><strong>in</strong></span> <span class='ocrx_word' id='word_1_522' title='bbox 3249 2876 3398 2939; x_wconf 87' lang='lat' dir='ltr'><strong>Sion,</strong></span> <span class='ocrx_word' id='word_1_523' title='bbox 3419 2889 3464 2930; x_wconf 82' lang='lat' dir='ltr'><strong>et</strong></span> <span class='ocrx_word' id='word_1_524' title='bbox 3487 2877 3575 2931; x_wconf 87' lang='lat' dir='ltr'><strong>tibi</strong></span> <span class='ocrx_word' id='word_1_525' title='bbox 3599 2879 3716 2932; x_wconf 83' lang='lat' dir='ltr'><strong>red-</strong></span> 
     </span>
    </p>
   </div>
   <div class='ocr_carea' id='block_1_77' title="bbox 2116 2946 2864 3002">
    <p class='ocr_par' dir='ltr' id='par_1_77' title="bbox 2116 2946 2864 3002">
     <span class='ocr_line' id='line_1_77' title="bbox 2116 2946 2864 3002; baseline -0.001 -2"><span class='ocrx_word' id='word_1_526' title='bbox 2116 2946 2262 3001; x_wconf 83' lang='lat' dir='ltr'><strong>detur</strong></span> <span class='ocrx_word' id='word_1_527' title='bbox 2294 2959 2458 3002; x_wconf 84' lang='lat' dir='ltr'><strong>votum</strong></span> <span class='ocrx_word' id='word_1_528' title='bbox 2488 2951 2539 3000; x_wconf 89' lang='lat' dir='ltr'><strong>in</strong></span> <span class='ocrx_word' id='word_1_529' title='bbox 2559 2947 2864 3001; x_wconf 78' lang='lat' dir='ltr'><strong>Jerusalem.</strong></span> 
     </span>
    </p>
   </div>
   <div class='ocr_carea' id='block_1_78' title="bbox 2188 3016 3712 3088">
    <p class='ocr_par' dir='ltr' id='par_1_78' title="bbox 2188 3016 3712 3088">
     <span class='ocr_line' id='line_1_78' title="bbox 2188 3016 3712 3088; baseline 0.001 -17"><span class='ocrx_word' id='word_1_530' title='bbox 2188 3022 2315 3071; x_wconf 73' lang='lat' dir='ltr'><strong>Sion</strong></span> <span class='ocrx_word' id='word_1_531' title='bbox 2349 3020 2566 3088; x_wconf 85' lang='lat' dir='ltr'><strong>quidem</strong></span> <span class='ocrx_word' id='word_1_532' title='bbox 2614 3035 2768 3071; x_wconf 81' lang='lat' dir='ltr'><strong>lttotts</strong></span> <span class='ocrx_word' id='word_1_533' title='bbox 2811 3029 2890 3072; x_wconf 89' lang='lat' dir='ltr'><strong>est</strong></span> <span class='ocrx_word' id='word_1_534' title='bbox 2936 3017 3188 3083; x_wconf 79' lang='lat' dir='ltr'><strong>adjarens</strong></span> <span class='ocrx_word' id='word_1_535' title='bbox 3230 3016 3529 3072; x_wconf 54' lang='lat' dir='ltr'><strong>Jerusalem</strong></span> <span class='ocrx_word' id='word_1_536' title='bbox 3564 3039 3575 3072; x_wconf 93' lang='lat'>:</span> <span class='ocrx_word' id='word_1_537' title='bbox 3618 3022 3712 3078; x_wconf 79' lang='lat' dir='ltr'><strong>sed</strong></span> 
     </span>
    </p>
   </div>
   <div class='ocr_carea' id='block_1_79' title="bbox 2119 3087 3708 3159">
    <p class='ocr_par' dir='ltr' id='par_1_79' title="bbox 2119 3087 3708 3159">
     <span class='ocr_line' id='line_1_79' title="bbox 2119 3087 3708 3159; baseline 0.004 -18"><span class='ocrx_word' id='word_1_538' title='bbox 2119 3087 2220 3143; x_wconf 90' lang='lat' dir='ltr'><strong>hoc</strong></span> <span class='ocrx_word' id='word_1_539' title='bbox 2249 3087 2378 3143; x_wconf 80' lang='lat' dir='ltr'><strong>loco</strong></span> <span class='ocrx_word' id='word_1_540' title='bbox 2403 3093 2598 3143; x_wconf 82' lang='lat' dir='ltr'><strong>mutuis</strong></span> <span class='ocrx_word' id='word_1_541' title='bbox 2629 3106 2819 3143; x_wconf 82' lang='lat' dir='ltr'><strong>nomen</strong></span> <span class='ocrx_word' id='word_1_542' title='bbox 2853 3101 2906 3141; x_wconf 84' lang='lat' dir='ltr'><strong>et</strong></span> <span class='ocrx_word' id='word_1_543' title='bbox 2932 3091 3078 3141; x_wconf 81' lang='lat' dir='ltr'><strong>urlus</strong></span> <span class='ocrx_word' id='word_1_544' title='bbox 3109 3090 3400 3143; x_wconf 70' lang='lat' dir='ltr'><strong>Ecclesium</strong></span> <span class='ocrx_word' id='word_1_545' title='bbox 3427 3090 3708 3159; x_wconf 67' lang='lat' dir='ltr'><strong>signiﬁcat,</strong></span> 
     </span>
    </p>
   </div>
   <div class='ocr_carea' id='block_1_80' title="bbox 412 3148 3709 3229">
    <p class='ocr_par' dir='ltr' id='par_1_80' title="bbox 412 3148 3709 3229">
     <span class='ocr_line' id='line_1_80' title="bbox 412 3148 3709 3229; baseline 0.002 -21"><span class='ocrx_word' id='word_1_546' title='bbox 412 3154 749 3229; x_wconf 80' lang='lat' dir='ltr'><strong>Spiritalthus</strong></span> <span class='ocrx_word' id='word_1_547' title='bbox 776 3154 1042 3229; x_wconf 31' lang='lat' dir='ltr'><strong>erud-itum</strong></span> <span class='ocrx_word' id='word_1_548' title='bbox 1063 3196 1078 3218; x_wconf 91' lang='lat'><strong>,</strong></span> <span class='ocrx_word' id='word_1_549' title='bbox 1108 3153 1201 3206; x_wconf 85' lang='lat' dir='ltr'><strong>sed</strong></span> <span class='ocrx_word' id='word_1_550' title='bbox 1231 3153 1528 3229; x_wconf 59' lang='grc' dir='ltr'>μὶιιιιιιίοιξιῐι</span> <span class='ocrx_word' id='word_1_551' title='bbox 1555 3195 1570 3214; x_wconf 83' lang='grc'><em>,</em></span> <span class='ocrx_word' id='word_1_552' title='bbox 1630 3163 1682 3204; x_wconf 82' lang='lat' dir='ltr'><strong>et</strong></span> <span class='ocrx_word' id='word_1_553' title='bbox 1730 3170 1792 3208; x_wconf 82' lang='lat' dir='ltr'><strong>ex</strong></span> <span class='ocrx_word' id='word_1_554' title='bbox 1856 3172 2010 3211; x_wconf 68' lang='lat' dir='ltr'><strong>nova)</strong></span> <span class='ocrx_word' id='word_1_555' title='bbox 2037 3148 2081 3209; x_wconf 88' lang='lat' dir='ltr'><strong>C</strong></span> <span class='ocrx_word' id='word_1_556' title='bbox 2117 3177 2233 3226; x_wconf 71' lang='lat' dir='ltr'><strong>qua!</strong></span> <span class='ocrx_word' id='word_1_557' title='bbox 2263 3176 2462 3229; x_wconf 77' lang='lat' dir='ltr'><strong>corpus</strong></span> <span class='ocrx_word' id='word_1_558' title='bbox 2492 3177 2567 3213; x_wconf 68' lang='lat' dir='ltr'><strong>est</strong></span> <span class='ocrx_word' id='word_1_559' title='bbox 2600 3159 2797 3214; x_wconf 77' lang='lat' dir='ltr'><strong>Chrisn</strong></span> <span class='ocrx_word' id='word_1_560' title='bbox 2832 3161 3032 3213; x_wconf 88' lang='lat' dir='ltr'><strong>Domini</strong></span> <span class='ocrx_word' id='word_1_561' title='bbox 3078 3160 3276 3218; x_wconf 63' lang='lat' dir='ltr'><strong>nostri.</strong></span> <span class='ocrx_word' id='word_1_562' title='bbox 3311 3159 3428 3227; x_wconf 87' lang='lat' dir='ltr'><strong>ipso</strong></span> <span class='ocrx_word' id='word_1_563' title='bbox 3458 3148 3668 3217; x_wconf 81' lang='lat' dir='ltr'><strong>dicente</strong></span> <span class='ocrx_word' id='word_1_564' title='bbox 3695 3148 3709 3219; x_wconf 79' lang='grc' dir='ltr'>ξ</span> 
     </span>
    </p>
   </div>
   <div class='ocr_carea' id='block_1_81' title="bbox 411 3224 2013 3297">
    <p class='ocr_par' dir='ltr' id='par_1_81' title="bbox 411 3224 2013 3297">
     <span class='ocr_line' id='line_1_81' title="bbox 411 3224 2013 3297; baseline 0.001 -17"><span class='ocrx_word' id='word_1_565' title='bbox 411 3226 707 3280; x_wconf 73' lang='lat' dir='ltr'><strong>nativitatis</strong></span> <span class='ocrx_word' id='word_1_566' title='bbox 732 3224 955 3297; x_wconf 79' lang='lat' dir='ltr'><strong>infantia</strong></span> <span class='ocrx_word' id='word_1_567' title='bbox 984 3235 1227 3278; x_wconf 81' lang='lat' dir='ltr'><strong>teut-rum</strong></span> <span class='ocrx_word' id='word_1_568' title='bbox 1250 3269 1263 3284; x_wconf 86' lang='lat'><strong>,</strong></span> <span class='ocrx_word' id='word_1_569' title='bbox 1291 3225 1486 3297; x_wconf 66' lang='lat' dir='ltr'><strong>qnmrit</strong></span> <span class='ocrx_word' id='word_1_570' title='bbox 1516 3225 1720 3280; x_wconf 86' lang='lat' dir='ltr'><strong>intento</strong></span> <span class='ocrx_word' id='word_1_571' title='bbox 1749 3242 1874 3280; x_wconf 88' lang='lat' dir='ltr'><strong>arcu</strong></span> <span class='ocrx_word' id='word_1_572' title='bbox 1919 3245 2013 3297; x_wconf 87' lang='lat' dir='ltr'><strong>per</strong></span> 
     </span>
    </p>
   </div>
   <div class='ocr_carea' id='block_1_82' title="bbox 410 3296 1669 3364">
    <p class='ocr_par' dir='ltr' id='par_1_82' title="bbox 410 3296 1669 3364">
     <span class='ocr_line' id='line_1_82' title="bbox 410 3296 1669 3364; baseline -0.002 -14"><span class='ocrx_word' id='word_1_573' title='bbox 410 3313 593 3351; x_wconf 84' lang='lat' dir='ltr'><strong>rerum</strong></span> <span class='ocrx_word' id='word_1_574' title='bbox 626 3296 979 3364; x_wconf 73' lang='lat' dir='ltr'><strong>ignorantiam</strong></span> <span class='ocrx_word' id='word_1_575' title='bbox 1013 3296 1299 3350; x_wconf 81' lang='lat' dir='ltr'><strong>vulnerare</strong></span> <span class='ocrx_word' id='word_1_576' title='bbox 1332 3315 1342 3348; x_wconf 76' lang='grc' dir='ltr'><strong>ε</strong></span> <span class='ocrx_word' id='word_1_577' title='bbox 1377 3296 1452 3348; x_wconf 88' lang='lat' dir='ltr'><strong>ait</strong></span> <span class='ocrx_word' id='word_1_578' title='bbox 1477 3298 1621 3350; x_wconf 86' lang='lat' dir='ltr'><strong>enim</strong></span> <span class='ocrx_word' id='word_1_579' title='bbox 1657 3315 1669 3348; x_wconf 91' lang='lat'>:</span> 
     </span>
    </p>
   </div>
   <div class='ocr_carea' id='block_1_83' title="bbox 486 3367 1676 3434">
    <p class='ocr_par' dir='ltr' id='par_1_83' title="bbox 486 3367 1676 3434">
     <span class='ocr_line' id='line_1_83' title="bbox 486 3367 1676 3434; baseline -0.001 -12"><span class='ocrx_word' id='word_1_580' title='bbox 486 3368 669 3422; x_wconf 76' lang='lat' dir='ltr'><strong>Subito</strong></span> <span class='ocrx_word' id='word_1_581' title='bbox 701 3367 1014 3434; x_wconf 77' lang='lat' dir='ltr'><strong>sagittabunt</strong></span> <span class='ocrx_word' id='word_1_582' title='bbox 1042 3384 1155 3422; x_wconf 86' lang='lat' dir='ltr'><strong>eum</strong></span> <span class='ocrx_word' id='word_1_583' title='bbox 1173 3409 1187 3430; x_wconf 90' lang='lat'><strong>,</strong></span> <span class='ocrx_word' id='word_1_584' title='bbox 1218 3376 1263 3420; x_wconf 87' lang='lat' dir='ltr'><strong>et</strong></span> <span class='ocrx_word' id='word_1_585' title='bbox 1291 3385 1390 3420; x_wconf 85' lang='lat' dir='ltr'><strong>non</strong></span> <span class='ocrx_word' id='word_1_586' title='bbox 1416 3369 1676 3421; x_wconf 88' lang='lat' dir='ltr'><strong>timebunt.</strong></span> 
     </span>
    </p>
   </div>
   <div class='ocr_carea' id='block_1_84' title="bbox 485 3439 2003 3506">
    <p class='ocr_par' dir='ltr' id='par_1_84' title="bbox 485 3439 2003 3506">
     <span class='ocr_line' id='line_1_84' title="bbox 485 3439 2003 3506; baseline 0.001 -14"><span class='ocrx_word' id='word_1_587' title='bbox 485 3439 736 3492; x_wconf 72' lang='lat' dir='ltr'><strong>Naturam</strong></span> <span class='ocrx_word' id='word_1_588' title='bbox 770 3440 1064 3506; x_wconf 55' lang='lat' dir='ltr'><strong>simplicem</strong></span> <span class='ocrx_word' id='word_1_589' title='bbox 1097 3449 1147 3490; x_wconf 86' lang='lat' dir='ltr'><strong>et</strong></span> <span class='ocrx_word' id='word_1_590' title='bbox 1192 3439 1622 3502; x_wconf 76' lang='lat' dir='ltr'><strong>immaculatum,</strong></span> <span class='ocrx_word' id='word_1_591' title='bbox 1674 3440 1809 3494; x_wconf 85' lang='lat' dir='ltr'><strong>hanc</strong></span> <span class='ocrx_word' id='word_1_592' title='bbox 1861 3442 2003 3497; x_wconf 79' lang='lat' dir='ltr'><strong>enim</strong></span> 
     </span>
    </p>
   </div>
   <div class='ocr_carea' id='block_1_85' title="bbox 412 3509 2001 3580">
    <p class='ocr_par' dir='ltr' id='par_1_85' title="bbox 412 3509 2001 3580">
     <span class='ocr_line' id='line_1_85' title="bbox 412 3509 2001 3580; baseline 0.003 -19"><span class='ocrx_word' id='word_1_593' title='bbox 412 3509 592 3564; x_wconf 76' lang='lat' dir='ltr'><strong>l&#39;allere</strong></span> <span class='ocrx_word' id='word_1_594' title='bbox 617 3521 895 3578; x_wconf 64' lang='lat' dir='ltr'><strong>quaerunt.</strong></span> <span class='ocrx_word' id='word_1_595' title='bbox 936 3511 1056 3563; x_wconf 86' lang='lat' dir='ltr'><strong>huic</strong></span> <span class='ocrx_word' id='word_1_596' title='bbox 1086 3514 1324 3563; x_wconf 77' lang='lat' dir='ltr'><strong>occultos</strong></span> <span class='ocrx_word' id='word_1_597' title='bbox 1371 3511 1592 3578; x_wconf 85' lang='lat' dir='ltr'><strong>laqueos</strong></span> <span class='ocrx_word' id='word_1_598' title='bbox 1633 3514 2001 3580; x_wconf 74' lang='lat' dir='ltr'><strong>prmtendunt,</strong></span> 
     </span>
    </p>
   </div>
   <div class='ocr_carea' id='block_1_86' title="bbox 409 3581 2002 3650">
    <p class='ocr_par' dir='ltr' id='par_1_86' title="bbox 409 3581 2002 3650">
     <span class='ocr_line' id='line_1_86' title="bbox 409 3581 2002 3650; baseline 0.004 -16"><span class='ocrx_word' id='word_1_599' title='bbox 409 3591 466 3634; x_wconf 90' lang='lat' dir='ltr'><strong>ut</strong></span> <span class='ocrx_word' id='word_1_600' title='bbox 508 3598 601 3648; x_wconf 85' lang='lat' dir='ltr'><strong>per</strong></span> <span class='ocrx_word' id='word_1_601' title='bbox 631 3584 856 3636; x_wconf 85' lang='lat' dir='ltr'><strong>latentes</strong></span> <span class='ocrx_word' id='word_1_602' title='bbox 886 3581 1105 3634; x_wconf 87' lang='lat' dir='ltr'><strong>insidias</strong></span> <span class='ocrx_word' id='word_1_603' title='bbox 1133 3581 1456 3635; x_wconf 76' lang='lat' dir='ltr'><strong>interliCiaut</strong></span> <span class='ocrx_word' id='word_1_604' title='bbox 1484 3585 1856 3650; x_wconf 71' lang='lat' dir='ltr'><strong>innocentem;</strong></span> <span class='ocrx_word' id='word_1_605' title='bbox 1913 3600 2002 3640; x_wconf 84' lang='lat' dir='ltr'><strong>se-</strong></span> 
     </span>
    </p>
   </div>
   <div class='ocr_carea' id='block_1_87' title="bbox 406 3654 800 3720">
    <p class='ocr_par' dir='ltr' id='par_1_87' title="bbox 406 3654 800 3720">
     <span class='ocr_line' id='line_1_87' title="bbox 406 3654 800 3720; baseline 0.008 -16"><span class='ocrx_word' id='word_1_606' title='bbox 406 3657 589 3720; x_wconf 85' lang='lat' dir='ltr'><strong>quitur</strong></span> <span class='ocrx_word' id='word_1_607' title='bbox 609 3654 752 3707; x_wconf 77' lang='lat' dir='ltr'><strong>rnim</strong></span> <span class='ocrx_word' id='word_1_608' title='bbox 789 3671 800 3706; x_wconf 94' lang='lat'><strong>:</strong></span> 
     </span>
    </p>
   </div>
   <div class='ocr_carea' id='block_1_88' title="bbox 481 3723 2002 3790">
    <p class='ocr_par' dir='ltr' id='par_1_88' title="bbox 481 3723 2002 3790">
     <span class='ocr_line' id='line_1_88' title="bbox 481 3723 2002 3790; baseline 0.001 -15"><span class='ocrx_word' id='word_1_609' title='bbox 481 3723 842 3776; x_wconf 77' lang='lat' dir='ltr'><strong>Firnmvernnt</strong></span> <span class='ocrx_word' id='word_1_610' title='bbox 870 3723 966 3776; x_wconf 87' lang='lat' dir='ltr'><strong>sibi</strong></span> <span class='ocrx_word' id='word_1_611' title='bbox 988 3723 1192 3776; x_wconf 81' lang='lat' dir='ltr'><strong>verbum</strong></span> <span class='ocrx_word' id='word_1_612' title='bbox 1225 3724 1437 3786; x_wconf 86' lang='lat' dir='ltr'><strong>malum,</strong></span> <span class='ocrx_word' id='word_1_613' title='bbox 1491 3724 1898 3790; x_wconf 80' lang='lat' dir='ltr'><strong>disputaverunt,</strong></span> <span class='ocrx_word' id='word_1_614' title='bbox 1945 3737 2002 3782; x_wconf 81' lang='lat' dir='ltr'><strong>ut</strong></span> 
     </span>
    </p>
   </div>
   <div class='ocr_carea' id='block_1_89' title="bbox 402 3795 1857 3862">
    <p class='ocr_par' dir='ltr' id='par_1_89' title="bbox 402 3795 1857 3862">
     <span class='ocr_line' id='line_1_89' title="bbox 402 3795 1857 3862; baseline 0.001 -15"><span class='ocrx_word' id='word_1_615' title='bbox 402 3796 771 3848; x_wconf 80' lang='lat' dir='ltr'><strong>absconderem</strong></span> <span class='ocrx_word' id='word_1_616' title='bbox 797 3796 1026 3862; x_wconf 85' lang='lat' dir='ltr'><strong>laqueos,</strong></span> <span class='ocrx_word' id='word_1_617' title='bbox 1055 3795 1294 3848; x_wconf 69' lang='lat' dir='ltr'><strong>dixerunt</strong></span> <span class='ocrx_word' id='word_1_618' title='bbox 1325 3812 1336 3847; x_wconf 93' lang='lat'>:</span> <span class='ocrx_word' id='word_1_619' title='bbox 1372 3795 1498 3858; x_wconf 80' lang='lat' dir='ltr'><strong>Quis</strong></span> <span class='ocrx_word' id='word_1_620' title='bbox 1528 3795 1709 3848; x_wconf 79' lang='lat' dir='ltr'><strong>videbit</strong></span> <span class='ocrx_word' id='word_1_621' title='bbox 1731 3795 1857 3849; x_wconf 84' lang='lat' dir='ltr'><strong>eos?</strong></span> 
     </span>
    </p>
   </div>
   <div class='ocr_carea' id='block_1_90' title="bbox 475 3866 1993 3936">
    <p class='ocr_par' dir='ltr' id='par_1_90' title="bbox 475 3866 1993 3936">
     <span class='ocr_line' id='line_1_90' title="bbox 475 3866 1993 3936; baseline 0.003 -18"><span class='ocrx_word' id='word_1_622' title='bbox 475 3868 704 3932; x_wconf 78' lang='lat' dir='ltr'><strong>Semper</strong></span> <span class='ocrx_word' id='word_1_623' title='bbox 734 3868 876 3920; x_wconf 89' lang='lat' dir='ltr'><strong>enim</strong></span> <span class='ocrx_word' id='word_1_624' title='bbox 907 3882 970 3919; x_wconf 82' lang='lat' dir='ltr'><strong>ex</strong></span> <span class='ocrx_word' id='word_1_625' title='bbox 1001 3882 1058 3920; x_wconf 77' lang='lat' dir='ltr'><strong>se</strong></span> <span class='ocrx_word' id='word_1_626' title='bbox 1087 3867 1346 3919; x_wconf 86' lang='lat' dir='ltr'><strong>adversus</strong></span> <span class='ocrx_word' id='word_1_627' title='bbox 1377 3866 1533 3918; x_wconf 87' lang='lat' dir='ltr'><strong>ﬁdem</strong></span> <span class='ocrx_word' id='word_1_628' title='bbox 1593 3877 1788 3932; x_wconf 71' lang='lat' dir='ltr'><strong>pra~sto</strong></span> <span class='ocrx_word' id='word_1_629' title='bbox 1832 3878 1993 3936; x_wconf 88' lang='lat' dir='ltr'><strong>sunt;</strong></span> 
     </span>
    </p>
   </div>
   <div class='ocr_carea' id='block_1_91' title="bbox 400 3937 1994 4007">
    <p class='ocr_par' dir='ltr' id='par_1_91' title="bbox 400 3937 1994 4007">
     <span class='ocr_line' id='line_1_91' title="bbox 400 3937 1994 4007; baseline 0.003 -17"><span class='ocrx_word' id='word_1_630' title='bbox 400 3946 454 3990; x_wconf 88' lang='lat' dir='ltr'><strong>et</strong></span> <span class='ocrx_word' id='word_1_631' title='bbox 477 3937 599 3989; x_wconf 89' lang='lat' dir='ltr'><strong>ideo</strong></span> <span class='ocrx_word' id='word_1_632' title='bbox 621 3938 818 3992; x_wconf 90' lang='lat' dir='ltr'><strong>dictum</strong></span> <span class='ocrx_word' id='word_1_633' title='bbox 850 3949 931 3990; x_wconf 80' lang='lat' dir='ltr'><strong>est</strong></span> <span class='ocrx_word' id='word_1_634' title='bbox 959 3955 971 3988; x_wconf 88' lang='lat'><strong>:</strong></span> <span class='ocrx_word' id='word_1_635' title='bbox 999 3937 1378 3990; x_wconf 81' lang='lat' dir='ltr'><strong>Absconderunt</strong></span> <span class='ocrx_word' id='word_1_636' title='bbox 1402 3937 1628 4007; x_wconf 84' lang='lat' dir='ltr'><strong>laqueos,</strong></span> <span class='ocrx_word' id='word_1_637' title='bbox 1655 3947 1700 3990; x_wconf 86' lang='lat' dir='ltr'><strong>et</strong></span> <span class='ocrx_word' id='word_1_638' title='bbox 1720 3939 1955 3994; x_wconf 75' lang='lat' dir='ltr'><strong>dixerunt</strong></span> <span class='ocrx_word' id='word_1_639' title='bbox 1980 3959 1994 3994; x_wconf 89' lang='lat'><strong>:</strong></span> 
     </span>
    </p>
   </div>
   <div class='ocr_carea' id='block_1_92' title="bbox 404 4007 2000 4076">
    <p class='ocr_par' dir='ltr' id='par_1_92' title="bbox 404 4007 2000 4076">
     <span class='ocr_line' id='line_1_92' title="bbox 404 4007 2000 4076; baseline 0.003 -17"><span class='ocrx_word' id='word_1_640' title='bbox 404 4007 535 4074; x_wconf 80' lang='lat' dir='ltr'><strong>Quis</strong></span> <span class='ocrx_word' id='word_1_641' title='bbox 561 4007 744 4061; x_wconf 82' lang='lat' dir='ltr'><strong>videbit</strong></span> <span class='ocrx_word' id='word_1_642' title='bbox 779 4009 902 4062; x_wconf 79' lang='lat' dir='ltr'><strong>eos?</strong></span> <span class='ocrx_word' id='word_1_643' title='bbox 928 4009 983 4064; x_wconf 89' lang='lat' dir='ltr'><strong>Si</strong></span> <span class='ocrx_word' id='word_1_644' title='bbox 1007 4008 1301 4062; x_wconf 69' lang='lat' dir='ltr'>HJ&#39;I‘L‘IICIIS</span> <span class='ocrx_word' id='word_1_645' title='bbox 1343 4021 1646 4076; x_wconf 77' lang='lat' dir='ltr'><strong>pervertere</strong></span> <span class='ocrx_word' id='word_1_646' title='bbox 1685 4010 1840 4063; x_wconf 86' lang='lat' dir='ltr'><strong>ﬁdem</strong></span> <span class='ocrx_word' id='word_1_647' title='bbox 1879 4021 2000 4065; x_wconf 84' lang='lat' dir='ltr'><strong>tet:-</strong></span> 
     </span>
    </p>
   </div>
   <div class='ocr_carea' id='block_1_93' title="bbox 399 4079 1995 4148">
    <p class='ocr_par' dir='ltr' id='par_1_93' title="bbox 399 4079 1995 4148">
     <span class='ocr_line' id='line_1_93' title="bbox 399 4079 1995 4148; baseline 0.004 -18"><span class='ocrx_word' id='word_1_648' title='bbox 399 4088 506 4136; x_wconf 89' lang='lat' dir='ltr'><strong>Iet.</strong></span> <span class='ocrx_word' id='word_1_649' title='bbox 541 4080 855 4134; x_wconf 79' lang='lat' dir='ltr'><strong>incredibile</strong></span> <span class='ocrx_word' id='word_1_650' title='bbox 897 4091 979 4133; x_wconf 86' lang='lat' dir='ltr'><strong>est</strong></span> <span class='ocrx_word' id='word_1_651' title='bbox 1020 4081 1232 4148; x_wconf 88' lang='lat' dir='ltr'><strong>quantis</strong></span> <span class='ocrx_word' id='word_1_652' title='bbox 1256 4095 1372 4133; x_wconf 88' lang='lat' dir='ltr'><strong>eam</strong></span> <span class='ocrx_word' id='word_1_653' title='bbox 1407 4079 1637 4147; x_wconf 75' lang='lat' dir='ltr'><strong>ingeniis</strong></span> <span class='ocrx_word' id='word_1_654' title='bbox 1680 4082 1995 4138; x_wconf 83' lang='lat' dir='ltr'><strong>sahvertere</strong></span> 
     </span>
    </p>
   </div>
   <div class='ocr_carea' id='block_1_94' title="bbox 396 4151 1993 4222">
    <p class='ocr_par' dir='ltr' id='par_1_94' title="bbox 396 4151 1993 4222">
     <span class='ocr_line' id='line_1_94' title="bbox 396 4151 1993 4222; baseline 0.004 -19"><span class='ocrx_word' id='word_1_655' title='bbox 396 4151 714 4203; x_wconf 88' lang='lat' dir='ltr'><strong>eontetnlat.</strong></span> <span class='ocrx_word' id='word_1_656' title='bbox 747 4151 805 4206; x_wconf 90' lang='lat' dir='ltr'><strong>Si</strong></span> <span class='ocrx_word' id='word_1_657' title='bbox 849 4166 998 4219; x_wconf 83' lang='lat' dir='ltr'><strong>spem</strong></span> <span class='ocrx_word' id='word_1_658' title='bbox 1049 4152 1367 4205; x_wconf 59' lang='lat' dir='ltr'><strong>aeternitatis</strong></span> <span class='ocrx_word' id='word_1_659' title='bbox 1415 4162 1611 4203; x_wconf 81' lang='lat' dir='ltr'><strong>nostra-</strong></span> <span class='ocrx_word' id='word_1_660' title='bbox 1654 4151 1993 4222; x_wconf 69' lang='lat' dir='ltr'><strong>philosttphia</strong></span> 
     </span>
    </p>
   </div>
   <div class='ocr_carea' id='block_1_95' title="bbox 396 4222 1992 4291">
    <p class='ocr_par' dir='ltr' id='par_1_95' title="bbox 396 4222 1992 4291">
     <span class='ocr_line' id='line_1_95' title="bbox 396 4222 1992 4291; baseline 0.005 -19"><span class='ocrx_word' id='word_1_661' title='bbox 396 4223 697 4291; x_wconf 84' lang='lat' dir='ltr'><strong>impugnet,</strong></span> <span class='ocrx_word' id='word_1_662' title='bbox 729 4224 922 4277; x_wconf 90' lang='lat' dir='ltr'><strong>mirum</strong></span> <span class='ocrx_word' id='word_1_663' title='bbox 949 4224 999 4275; x_wconf 91' lang='lat' dir='ltr'><strong>in</strong></span> <span class='ocrx_word' id='word_1_664' title='bbox 1026 4222 1240 4275; x_wconf 91' lang='lat' dir='ltr'><strong>modum</strong></span> <span class='ocrx_word' id='word_1_665' title='bbox 1273 4239 1433 4275; x_wconf 83' lang='lat' dir='ltr'><strong>tntiue</strong></span> <span class='ocrx_word' id='word_1_666' title='bbox 1463 4222 1662 4276; x_wconf 71' lang='lat' dir='ltr'><strong>bonum</strong></span> <span class='ocrx_word' id='word_1_667' title='bbox 1710 4229 1992 4289; x_wconf 59' lang='lat' dir='ltr'><strong>prementis</strong></span> 
     </span>
    </p>
   </div>
   <div class='ocr_carea' id='block_1_96' title="bbox 395 4293 1990 4364">
    <p class='ocr_par' dir='ltr' id='par_1_96' title="bbox 395 4293 1990 4364">
     <span class='ocr_line' id='line_1_96' title="bbox 395 4293 1990 4364; baseline 0.001 -20"><span class='ocrx_word' id='word_1_668' title='bbox 395 4293 522 4364; x_wconf 70' lang='lat' dir='ltr'><strong>vine</strong></span> <span class='ocrx_word' id='word_1_669' title='bbox 555 4295 696 4360; x_wconf 87' lang='lat' dir='ltr'><strong>ponit</strong></span> <span class='ocrx_word' id='word_1_670' title='bbox 733 4297 782 4346; x_wconf 91' lang='lat' dir='ltr'><strong>in</strong></span> <span class='ocrx_word' id='word_1_671' title='bbox 813 4308 1038 4364; x_wconf 84' lang='lat' dir='ltr'><strong>corpore</strong></span> <span class='ocrx_word' id='word_1_672' title='bbox 1060 4335 1073 4358; x_wconf 95' lang='lat'><strong>,</strong></span> <span class='ocrx_word' id='word_1_673' title='bbox 1131 4294 1200 4346; x_wconf 77' lang='lat' dir='ltr'><strong>ita</strong></span> <span class='ocrx_word' id='word_1_674' title='bbox 1229 4302 1287 4346; x_wconf 91' lang='lat' dir='ltr'><strong>ut</strong></span> <span class='ocrx_word' id='word_1_675' title='bbox 1319 4293 1514 4356; x_wconf 83' lang='lat' dir='ltr'><strong>ingenii</strong></span> <span class='ocrx_word' id='word_1_676' title='bbox 1544 4295 1623 4345; x_wconf 92' lang='lat' dir='ltr'><strong>sui</strong></span> <span class='ocrx_word' id='word_1_677' title='bbox 1658 4293 1858 4349; x_wconf 85' lang='lat' dir='ltr'><strong>virtute</strong></span> <span class='ocrx_word' id='word_1_678' title='bbox 1878 4311 1990 4352; x_wconf 67' lang='grc' dir='ltr'><strong>ιοω-</strong></span> 
     </span>
    </p>
   </div>
   <div class='ocr_carea' id='block_1_97' title="bbox 394 4362 1989 4432">
    <p class='ocr_par' dir='ltr' id='par_1_97' title="bbox 394 4362 1989 4432">
     <span class='ocr_line' id='line_1_97' title="bbox 394 4362 1989 4432; baseline 0.004 -17"><span class='ocrx_word' id='word_1_679' title='bbox 394 4362 548 4418; x_wconf 82' lang='lat' dir='ltr'><strong>lestis</strong></span> <span class='ocrx_word' id='word_1_680' title='bbox 593 4366 861 4417; x_wconf 88' lang='lat' dir='ltr'><strong>institutio</strong></span> <span class='ocrx_word' id='word_1_681' title='bbox 903 4362 1084 4417; x_wconf 61' lang='lat' dir='ltr'><strong>thrui</strong></span> <span class='ocrx_word' id='word_1_682' title='bbox 1135 4365 1320 4432; x_wconf 83' lang='lat' dir='ltr'><strong>possit.</strong></span> <span class='ocrx_word' id='word_1_683' title='bbox 1374 4364 1610 4432; x_wconf 84' lang='lat' dir='ltr'><strong>Uterque</strong></span> <span class='ocrx_word' id='word_1_684' title='bbox 1658 4377 1789 4430; x_wconf 83' lang='lat' dir='ltr'><strong>ergo</strong></span> <span class='ocrx_word' id='word_1_685' title='bbox 1838 4382 1989 4422; x_wconf 88' lang='lat' dir='ltr'><strong>scru-</strong></span> 
     </span>
    </p>
   </div>
   <div class='ocr_carea' id='block_1_98' title="bbox 393 4433 1986 4504">
    <p class='ocr_par' dir='ltr' id='par_1_98' title="bbox 393 4433 1986 4504">
     <span class='ocr_line' id='line_1_98' title="bbox 393 4433 1986 4504; baseline 0.005 -18"><span class='ocrx_word' id='word_1_686' title='bbox 393 4442 572 4487; x_wconf 85' lang='lat' dir='ltr'><strong>tantes</strong></span> <span class='ocrx_word' id='word_1_687' title='bbox 626 4435 880 4489; x_wconf 87' lang='lat' dir='ltr'><strong>deﬁciunt</strong></span> <span class='ocrx_word' id='word_1_688' title='bbox 931 4451 1025 4498; x_wconf 86' lang='lat' dir='ltr'><strong>pro</strong></span> <span class='ocrx_word' id='word_1_689' title='bbox 1069 4436 1256 4490; x_wconf 85' lang='lat' dir='ltr'><strong>eodem</strong></span> <span class='ocrx_word' id='word_1_690' title='bbox 1301 4435 1565 4499; x_wconf 83' lang='lat' dir='ltr'><strong>PrOpheta</strong></span> <span class='ocrx_word' id='word_1_691' title='bbox 1613 4452 1626 4490; x_wconf 92' lang='lat'>:</span> <span class='ocrx_word' id='word_1_692' title='bbox 1681 4433 1986 4504; x_wconf 82' lang='lat' dir='ltr'><strong>Defecerunt</strong></span> 
     </span>
    </p>
   </div>
   <div class='ocr_carea' id='block_1_99' title="bbox 391 4507 1980 4577">
    <p class='ocr_par' dir='ltr' id='par_1_99' title="bbox 391 4507 1980 4577">
     <span class='ocr_line' id='line_1_99' title="bbox 391 4507 1980 4577; baseline 0.001 -19"><span class='ocrx_word' id='word_1_693' title='bbox 391 4515 678 4560; x_wconf 82' lang='lat' dir='ltr'><strong>scrutantes</strong></span> <span class='ocrx_word' id='word_1_694' title='bbox 708 4507 974 4560; x_wconf 81' lang='lat' dir='ltr'><strong>scrutinio.</strong></span> <span class='ocrx_word' id='word_1_695' title='bbox 1006 4507 1110 4560; x_wconf 81' lang='lat' dir='ltr'><strong>Sed</strong></span> <span class='ocrx_word' id='word_1_696' title='bbox 1142 4507 1266 4575; x_wconf 86' lang='lat' dir='ltr'><strong>quid</strong></span> <span class='ocrx_word' id='word_1_697' title='bbox 1305 4507 1370 4560; x_wconf 87' lang='lat' dir='ltr'><strong>ad</strong></span> <span class='ocrx_word' id='word_1_698' title='bbox 1408 4508 1571 4560; x_wconf 87' lang='lat' dir='ltr'><strong>Deum</strong></span> <span class='ocrx_word' id='word_1_699' title='bbox 1603 4507 1830 4559; x_wconf 91' lang='lat' dir='ltr'><strong>humana</strong></span> <span class='ocrx_word' id='word_1_700' title='bbox 1863 4525 1980 4577; x_wconf 85' lang='lat' dir='ltr'><strong>per-</strong></span> 
     </span>
    </p>
   </div>
   <div class='ocr_carea' id='block_1_100' title="bbox 391 4577 1983 4647">
    <p class='ocr_par' dir='ltr' id='par_1_100' title="bbox 391 4577 1983 4647">
     <span class='ocr_line' id='line_1_100' title="bbox 391 4577 1983 4647; baseline 0.006 -21"><span class='ocrx_word' id='word_1_701' title='bbox 391 4577 809 4643; x_wconf 83' lang='lat' dir='ltr'><strong>versilas?qnid</strong></span> <span class='ocrx_word' id='word_1_702' title='bbox 854 4578 1109 4631; x_wconf 78' lang='lat' dir='ltr'><strong>adversus</strong></span> <span class='ocrx_word' id='word_1_703' title='bbox 1158 4579 1404 4647; x_wconf 88' lang='lat' dir='ltr'><strong>opiﬁcem</strong></span> <span class='ocrx_word' id='word_1_704' title='bbox 1440 4577 1620 4644; x_wconf 70' lang='lat' dir='ltr'><strong>Oper-is</strong></span> <span class='ocrx_word' id='word_1_705' title='bbox 1673 4581 1983 4646; x_wconf 84' lang='lat' dir='ltr'><strong>ingenium?</strong></span> 
     </span>
    </p>
   </div>
   <div class='ocr_carea' id='block_1_101' title="bbox 392 4647 1980 4718">
    <p class='ocr_par' dir='ltr' id='par_1_101' title="bbox 392 4647 1980 4718">
     <span class='ocr_line' id='line_1_101' title="bbox 392 4647 1980 4718; baseline 0.006 -21"><span class='ocrx_word' id='word_1_706' title='bbox 392 4647 522 4718; x_wconf 88' lang='lat' dir='ltr'><strong>licet</strong></span> <span class='ocrx_word' id='word_1_707' title='bbox 547 4651 798 4704; x_wconf 81' lang='lat' dir='ltr'><strong>omnibus</strong></span> <span class='ocrx_word' id='word_1_708' title='bbox 820 4649 1148 4718; x_wconf 83' lang='lat' dir='ltr'><strong>argumentis</strong></span> <span class='ocrx_word' id='word_1_709' title='bbox 1200 4650 1264 4703; x_wconf 89' lang='lat' dir='ltr'><strong>ad</strong></span> <span class='ocrx_word' id='word_1_710' title='bbox 1323 4650 1668 4704; x_wconf 71' lang='lat' dir='ltr'><strong>evertendam</strong></span> <span class='ocrx_word' id='word_1_711' title='bbox 1701 4655 1980 4707; x_wconf 81' lang='lat' dir='ltr'><strong>veritatem</strong></span> 
     </span>
    </p>
   </div>
   <div class='ocr_carea' id='block_1_102' title="bbox 390 4717 1983 4786">
    <p class='ocr_par' dir='ltr' id='par_1_102' title="bbox 390 4717 1983 4786">
     <span class='ocr_line' id='line_1_102' title="bbox 390 4717 1983 4786; baseline 0.004 -14"><span class='ocrx_word' id='word_1_712' title='bbox 390 4717 665 4786; x_wconf 71' lang='lat' dir='ltr'><strong>ingenium</strong></span> <span class='ocrx_word' id='word_1_713' title='bbox 698 4738 852 4776; x_wconf 87' lang='lat' dir='ltr'><strong>suum</strong></span> <span class='ocrx_word' id='word_1_714' title='bbox 890 4717 1178 4783; x_wconf 83' lang='lat' dir='ltr'><strong>ostendat,</strong></span> <span class='ocrx_word' id='word_1_715' title='bbox 1234 4721 1449 4775; x_wconf 83' lang='lat' dir='ltr'><strong>deﬁciet</strong></span> <span class='ocrx_word' id='word_1_716' title='bbox 1500 4730 1676 4774; x_wconf 83' lang='lat' dir='ltr'><strong>tamen</strong></span> <span class='ocrx_word' id='word_1_717' title='bbox 1725 4721 1983 4779; x_wconf 84' lang='lat' dir='ltr'><strong>adversus</strong></span> 
     </span>
    </p>
   </div>
   <div class='ocr_carea' id='block_1_103' title="bbox 385 4791 1982 4866">
    <p class='ocr_par' dir='ltr' id='par_1_103' title="bbox 385 4791 1982 4866">
     <span class='ocr_line' id='line_1_103' title="bbox 385 4791 1982 4866; baseline 0.005 -25"><span class='ocrx_word' id='word_1_718' title='bbox 385 4792 671 4846; x_wconf 63' lang='lat' dir='ltr'><strong>veritatem</strong></span> <span class='ocrx_word' id='word_1_719' title='bbox 704 4793 944 4849; x_wconf 84' lang='lat' dir='ltr'><strong>adsertio</strong></span> <span class='ocrx_word' id='word_1_720' title='bbox 995 4791 1241 4846; x_wconf 72' lang='lat' dir='ltr'><strong>falsitatis</strong></span> <span class='ocrx_word' id='word_1_721' title='bbox 1290 4810 1304 4848; x_wconf 91' lang='lat'><strong>:</strong></span> <span class='ocrx_word' id='word_1_722' title='bbox 1358 4800 1518 4863; x_wconf 84' lang='lat' dir='ltr'><strong>atque</strong></span> <span class='ocrx_word' id='word_1_723' title='bbox 1549 4793 1667 4846; x_wconf 90' lang='lat' dir='ltr'><strong>ideo</strong></span> <span class='ocrx_word' id='word_1_724' title='bbox 1696 4794 1982 4866; x_wconf 78' lang='lat' dir='ltr'><strong>subsequi-</strong></span> 
     </span>
    </p>
   </div>
   <div class='ocr_carea' id='block_1_104' title="bbox 387 4869 522 4915">
    <p class='ocr_par' dir='ltr' id='par_1_104' title="bbox 387 4869 522 4915">
     <span class='ocr_line' id='line_1_104' title="bbox 387 4869 522 4915; baseline 0 -1"><span class='ocrx_word' id='word_1_725' title='bbox 387 4869 476 4915; x_wconf 85' lang='lat' dir='ltr'><strong>tur</strong></span> <span class='ocrx_word' id='word_1_726' title='bbox 511 4879 522 4914; x_wconf 88' lang='lat'><strong>:</strong></span> 
     </span>
    </p>
   </div>
   <div class='ocr_carea' id='block_1_105' title="bbox 458 4931 1985 5006">
    <p class='ocr_par' dir='ltr' id='par_1_105' title="bbox 458 4931 1985 5006">
     <span class='ocr_line' id='line_1_105' title="bbox 458 4931 1985 5006; baseline 0.004 -20"><span class='ocrx_word' id='word_1_727' title='bbox 458 4931 785 4989; x_wconf 75' lang='lat' dir='ltr'><strong>Persei-ututi</strong></span> <span class='ocrx_word' id='word_1_728' title='bbox 828 4943 947 4989; x_wconf 87' lang='lat' dir='ltr'><strong>sunt</strong></span> <span class='ocrx_word' id='word_1_729' title='bbox 991 4935 1304 5005; x_wconf 82' lang='lat' dir='ltr'><strong>iniquitates,</strong></span> <span class='ocrx_word' id='word_1_730' title='bbox 1357 4935 1651 5006; x_wconf 80' lang='lat' dir='ltr'><strong>defecerunt</strong></span> <span class='ocrx_word' id='word_1_731' title='bbox 1702 4947 1985 4992; x_wconf 85' lang='lat' dir='ltr'><strong>scrutantes</strong></span> 
     </span>
    </p>
   </div>
   <div class='ocr_carea' id='block_1_106' title="bbox 384 5007 654 5059">
    <p class='ocr_par' dir='ltr' id='par_1_106' title="bbox 384 5007 654 5059">
     <span class='ocr_line' id='line_1_106' title="bbox 384 5007 654 5059; baseline 0.007 -2"><span class='ocrx_word' id='word_1_732' title='bbox 384 5007 654 5059; x_wconf 79' lang='lat' dir='ltr'><strong>scrutinio.</strong></span> 
     </span>
    </p>
   </div>
   <div class='ocr_carea' id='block_1_107' title="bbox 461 5074 1980 5147">
    <p class='ocr_par' dir='ltr' id='par_1_107' title="bbox 461 5074 1980 5147">
     <span class='ocr_line' id='line_1_107' title="bbox 461 5074 1980 5147; baseline 0.004 -19"><span class='ocrx_word' id='word_1_733' title='bbox 461 5074 757 5145; x_wconf 80' lang='lat' dir='ltr'><strong>Exquirant</strong></span> <span class='ocrx_word' id='word_1_734' title='bbox 776 5077 896 5132; x_wconf 80' lang='lat' dir='ltr'><strong>licet</strong></span> <span class='ocrx_word' id='word_1_735' title='bbox 915 5079 1092 5132; x_wconf 88' lang='lat' dir='ltr'><strong>omnia</strong></span> <span class='ocrx_word' id='word_1_736' title='bbox 1109 5077 1432 5132; x_wconf 85' lang='lat' dir='ltr'><strong>naturalium</strong></span> <span class='ocrx_word' id='word_1_737' title='bbox 1451 5093 1734 5132; x_wconf 86' lang='lat' dir='ltr'><strong>causarum</strong></span> <span class='ocrx_word' id='word_1_738' title='bbox 1750 5091 1980 5147; x_wconf 76' lang='lat' dir='ltr'><strong>secreta,</strong></span> 
     </span>
    </p>
   </div>
   <div class='ocr_carea' id='block_1_108' title="bbox 382 5145 1984 5218">
    <p class='ocr_par' dir='ltr' id='par_1_108' title="bbox 382 5145 1984 5218">
     <span class='ocr_line' id='line_1_108' title="bbox 382 5145 1984 5218; baseline 0.004 -19"><span class='ocrx_word' id='word_1_739' title='bbox 382 5145 435 5200; x_wconf 90' lang='lat' dir='ltr'><strong>in</strong></span> <span class='ocrx_word' id='word_1_740' title='bbox 466 5148 582 5213; x_wconf 80' lang='lat' dir='ltr'><strong>ipsa</strong></span> <span class='ocrx_word' id='word_1_741' title='bbox 611 5158 787 5203; x_wconf 88' lang='lat' dir='ltr'><strong>tamen</strong></span> <span class='ocrx_word' id='word_1_742' title='bbox 827 5163 1009 5218; x_wconf 83' lang='lat' dir='ltr'><strong>operis</strong></span> <span class='ocrx_word' id='word_1_743' title='bbox 1049 5152 1128 5203; x_wconf 84' lang='lat' dir='ltr'><strong>sui</strong></span> <span class='ocrx_word' id='word_1_744' title='bbox 1187 5150 1490 5203; x_wconf 86' lang='lat' dir='ltr'><strong>intentione</strong></span> <span class='ocrx_word' id='word_1_745' title='bbox 1530 5151 1818 5213; x_wconf 87' lang='lat' dir='ltr'><strong>deﬁciunt,</strong></span> <span class='ocrx_word' id='word_1_746' title='bbox 1855 5145 1984 5206; x_wconf 49' lang='lat' dir='ltr'><strong>doc;</strong></span> 
     </span>
    </p>
   </div>
   <div class='ocr_carea' id='block_1_109' title="bbox 384 5221 1980 5287">
    <p class='ocr_par' dir='ltr' id='par_1_109' title="bbox 384 5221 1980 5287">
     <span class='ocr_line' id='line_1_109' title="bbox 384 5221 1980 5287; baseline 0.005 -18"><span class='ocrx_word' id='word_1_747' title='bbox 384 5221 541 5272; x_wconf 83' lang='lat' dir='ltr'><strong>trinis</strong></span> <span class='ocrx_word' id='word_1_748' title='bbox 561 5221 875 5286; x_wconf 84' lang='lat' dir='ltr'><strong>Spritalilms</strong></span> <span class='ocrx_word' id='word_1_749' title='bbox 907 5222 1141 5275; x_wconf 79' lang='lat' dir='ltr'><strong>refutati.</strong></span> <span class='ocrx_word' id='word_1_750' title='bbox 1180 5221 1278 5287; x_wconf 75' lang='lat' dir='ltr'><strong>Qui</strong></span> <span class='ocrx_word' id='word_1_751' title='bbox 1329 5221 1637 5276; x_wconf 81' lang='lat' dir='ltr'><strong>euim.......</strong></span> <span class='ocrx_word' id='word_1_752' title='bbox 1672 5223 1848 5276; x_wconf 85' lang='lat' dir='ltr'><strong>omnia</strong></span> <span class='ocrx_word' id='word_1_753' title='bbox 1878 5224 1980 5278; x_wconf 88' lang='lat' dir='ltr'><strong>do-</strong></span> 
     </span>
    </p>
   </div>
   <div class='ocr_carea' id='block_1_110' title="bbox 382 5291 1979 5350">
    <p class='ocr_par' dir='ltr' id='par_1_110' title="bbox 382 5291 1979 5350">
     <span class='ocr_line' id='line_1_110' title="bbox 382 5291 1979 5350; baseline 0.008 -12"><span class='ocrx_word' id='word_1_754' title='bbox 382 5300 509 5342; x_wconf 80' lang='lat' dir='ltr'><strong>cent</strong></span> <span class='ocrx_word' id='word_1_755' title='bbox 537 5292 754 5344; x_wconf 89' lang='lat' dir='ltr'><strong>audient</strong></span> <span class='ocrx_word' id='word_1_756' title='bbox 795 5308 822 5346; x_wconf 87' lang='lat' dir='ltr'><strong>a</strong></span> <span class='ocrx_word' id='word_1_757' title='bbox 864 5294 1020 5346; x_wconf 89' lang='lat' dir='ltr'><strong>nohis</strong></span> <span class='ocrx_word' id='word_1_758' title='bbox 1048 5302 1267 5346; x_wconf 75' lang='lat' dir='ltr'><strong>aeterna:</strong></span> <span class='ocrx_word' id='word_1_759' title='bbox 1297 5291 1506 5345; x_wconf 90' lang='lat' dir='ltr'><strong>virtutis</strong></span> <span class='ocrx_word' id='word_1_760' title='bbox 1539 5297 1723 5346; x_wconf 83' lang='lat' dir='ltr'><strong>llettui.</strong></span> <span class='ocrx_word' id='word_1_761' title='bbox 1771 5293 1888 5348; x_wconf 74' lang='lat' dir='ltr'><strong>lam</strong></span> <span class='ocrx_word' id='word_1_762' title='bbox 1935 5296 1979 5350; x_wconf 90' lang='lat' dir='ltr'><strong>si</strong></span> 
     </span>
    </p>
   </div>
   <div class='ocr_carea' id='block_1_111' title="bbox 379 5359 1981 5425">
    <p class='ocr_par' dir='ltr' id='par_1_111' title="bbox 379 5359 1981 5425">
     <span class='ocr_line' id='line_1_111' title="bbox 379 5359 1981 5425; baseline 0.006 -13"><span class='ocrx_word' id='word_1_763' title='bbox 379 5359 546 5415; x_wconf 75' lang='lat' dir='ltr'><strong>ﬁdem</strong></span> <span class='ocrx_word' id='word_1_764' title='bbox 599 5361 894 5417; x_wconf 75' lang='lat' dir='ltr'><strong>Ila&#39;relicns</strong></span> <span class='ocrx_word' id='word_1_765' title='bbox 942 5364 1222 5419; x_wconf 75' lang='lat' dir='ltr'><strong>destruere</strong></span> <span class='ocrx_word' id='word_1_766' title='bbox 1251 5371 1458 5425; x_wconf 63' lang='lat' dir='ltr'><strong>tentet,</strong></span> <span class='ocrx_word' id='word_1_767' title='bbox 1499 5364 1585 5416; x_wconf 79' lang='lat' dir='ltr'><strong>Dei</strong></span> <span class='ocrx_word' id='word_1_768' title='bbox 1617 5364 1807 5418; x_wconf 79' lang='lat' dir='ltr'><strong>Filium</strong></span> <span class='ocrx_word' id='word_1_769' title='bbox 1839 5381 1981 5420; x_wconf 85' lang='lat' dir='ltr'><strong>sem-</strong></span> 
     </span>
    </p>
   </div>
   <div class='ocr_carea' id='block_1_112' title="bbox 378 5433 1973 5506">
    <p class='ocr_par' dir='ltr' id='par_1_112' title="bbox 378 5433 1973 5506">
     <span class='ocr_line' id='line_1_112' title="bbox 378 5433 1973 5506; baseline 0.004 -22"><span class='ocrx_word' id='word_1_770' title='bbox 378 5445 481 5506; x_wconf 75' lang='lat' dir='ltr'><strong>per</strong></span> <span class='ocrx_word' id='word_1_771' title='bbox 505 5433 668 5487; x_wconf 67' lang='lat' dir='ltr'><strong>luism</strong></span> <span class='ocrx_word' id='word_1_772' title='bbox 697 5447 979 5506; x_wconf 68' lang='lat' dir='ltr'><strong>cognoscet</strong></span> <span class='ocrx_word' id='word_1_773' title='bbox 1004 5477 1017 5499; x_wconf 95' lang='lat'><strong>,</strong></span> <span class='ocrx_word' id='word_1_774' title='bbox 1051 5435 1196 5488; x_wconf 83' lang='lat' dir='ltr'><strong>nullo</strong></span> <span class='ocrx_word' id='word_1_775' title='bbox 1227 5451 1255 5489; x_wconf 86' lang='lat' dir='ltr'><strong>a</strong></span> <span class='ocrx_word' id='word_1_776' title='bbox 1282 5436 1436 5488; x_wconf 87' lang='lat' dir='ltr'><strong>Patre</strong></span> <span class='ocrx_word' id='word_1_777' title='bbox 1459 5435 1741 5489; x_wconf 84' lang='lat' dir='ltr'><strong>intervallo</strong></span> <span class='ocrx_word' id='word_1_778' title='bbox 1768 5447 1973 5506; x_wconf 85' lang='lat' dir='ltr'><strong>tempo-</strong></span> 
     </span>
    </p>
   </div>
   <div class='ocr_carea' id='block_1_113' title="bbox 377 5503 1965 5577">
    <p class='ocr_par' dir='ltr' id='par_1_113' title="bbox 377 5503 1965 5577">
     <span class='ocr_line' id='line_1_113' title="bbox 377 5503 1965 5577; baseline 0.004 -23"><span class='ocrx_word' id='word_1_779' title='bbox 377 5503 455 5577; x_wconf 53' lang='lat' dir='ltr'><strong>ris</strong></span> <span class='ocrx_word' id='word_1_780' title='bbox 483 5503 812 5577; x_wconf 73' lang='lat' dir='ltr'><strong>separatum.</strong></span> <span class='ocrx_word' id='word_1_781' title='bbox 845 5504 1342 5577; x_wconf 78' lang='lat' dir='ltr'><strong>Cognoscotipsuui</strong></span> <span class='ocrx_word' id='word_1_782' title='bbox 1393 5521 1516 5560; x_wconf 87' lang='lat' dir='ltr'><strong>esse</strong></span> <span class='ocrx_word' id='word_1_783' title='bbox 1563 5509 1837 5565; x_wconf 85' lang='lat' dir='ltr'><strong>virtutem.</strong></span> <span class='ocrx_word' id='word_1_784' title='bbox 1881 5503 1965 5562; x_wconf 21' lang='lat' dir='ltr'><strong>Isa-</strong></span> 
     </span>
    </p>
   </div>
   <div class='ocr_carea' id='block_1_114' title="bbox 375 5576 1970 5648">
    <p class='ocr_par' dir='ltr' id='par_1_114' title="bbox 375 5576 1970 5648">
     <span class='ocr_line' id='line_1_114' title="bbox 375 5576 1970 5648; baseline 0.007 -26"><span class='ocrx_word' id='word_1_785' title='bbox 375 5576 812 5648; x_wconf 83' lang='lat' dir='ltr'><strong>pientiamDei,</strong></span> <span class='ocrx_word' id='word_1_786' title='bbox 871 5576 1101 5631; x_wconf 80' lang='lat' dir='ltr'><strong>hominis</strong></span> <span class='ocrx_word' id='word_1_787' title='bbox 1174 5578 1541 5642; x_wconf 80' lang='lat' dir='ltr'><strong>conditorem;</strong></span> <span class='ocrx_word' id='word_1_788' title='bbox 1595 5581 1733 5632; x_wconf 89' lang='lat' dir='ltr'><strong>hunc</strong></span> <span class='ocrx_word' id='word_1_789' title='bbox 1799 5580 1970 5648; x_wconf 90' lang='lat' dir='ltr'><strong>prima</strong></span> 
     </span>
    </p>
   </div>
   <div class='ocr_carea' id='block_1_115' title="bbox 375 5647 1969 5720">
    <p class='ocr_par' dir='ltr' id='par_1_115' title="bbox 375 5647 1969 5720">
     <span class='ocr_line' id='line_1_115' title="bbox 375 5647 1969 5720; baseline 0.006 -24"><span class='ocrx_word' id='word_1_790' title='bbox 375 5647 564 5720; x_wconf 65' lang='lat' dir='ltr'><strong>mutuli</strong></span> <span class='ocrx_word' id='word_1_791' title='bbox 594 5647 816 5701; x_wconf 89' lang='lat' dir='ltr'><strong>crimina</strong></span> <span class='ocrx_word' id='word_1_792' title='bbox 846 5649 1049 5703; x_wconf 87' lang='lat' dir='ltr'><strong>diluvio</strong></span> <span class='ocrx_word' id='word_1_793' title='bbox 1073 5649 1311 5704; x_wconf 72' lang='lat' dir='ltr'><strong>ahluis~e</strong></span> <span class='ocrx_word' id='word_1_794' title='bbox 1337 5691 1346 5706; x_wconf 89' lang='lat'><strong>.</strong></span> <span class='ocrx_word' id='word_1_795' title='bbox 1383 5654 1520 5703; x_wconf 85' lang='lat' dir='ltr'><strong>hunc</strong></span> <span class='ocrx_word' id='word_1_796' title='bbox 1550 5650 1764 5719; x_wconf 84' lang='lat' dir='ltr'><strong>Moysen</strong></span> <span class='ocrx_word' id='word_1_797' title='bbox 1797 5647 1969 5720; x_wconf 80' lang='lat' dir='ltr'><strong>legem</strong></span> 
     </span>
    </p>
   </div>
   <div class='ocr_carea' id='block_1_116' title="bbox 374 5714 1971 5790">
    <p class='ocr_par' dir='ltr' id='par_1_116' title="bbox 374 5714 1971 5790">
     <span class='ocr_line' id='line_1_116' title="bbox 374 5714 1971 5790; baseline 0.01 -29"><span class='ocrx_word' id='word_1_798' title='bbox 374 5714 613 5790; x_wconf 60' lang='lat' dir='ltr'><strong>dedisse,</strong></span> <span class='ocrx_word' id='word_1_799' title='bbox 647 5721 787 5773; x_wconf 92' lang='lat' dir='ltr'><strong>hunc</strong></span> <span class='ocrx_word' id='word_1_800' title='bbox 816 5721 866 5773; x_wconf 87' lang='lat' dir='ltr'><strong>iti</strong></span> <span class='ocrx_word' id='word_1_801' title='bbox 901 5720 1184 5788; x_wconf 81' lang='lat' dir='ltr'><strong>PrOphetis</strong></span> <span class='ocrx_word' id='word_1_802' title='bbox 1234 5722 1430 5786; x_wconf 58' lang='lat' dir='ltr'><strong>fuisse,</strong></span> <span class='ocrx_word' id='word_1_803' title='bbox 1463 5722 1603 5776; x_wconf 74' lang='lat' dir='ltr'><strong>hunc</strong></span> <span class='ocrx_word' id='word_1_804' title='bbox 1635 5714 1741 5790; x_wconf 52' lang='lat' dir='ltr'><strong>&#39;per</strong></span> <span class='ocrx_word' id='word_1_805' title='bbox 1793 5714 1971 5778; x_wconf 69' lang='lat' dir='ltr'><strong>carnis</strong></span> 
     </span>
    </p>
   </div>
   <div class='ocr_carea' id='block_1_117' title="bbox 376 5785 1970 5868">
    <p class='ocr_par' dir='ltr' id='par_1_117' title="bbox 376 5785 1970 5868">
     <span class='ocr_line' id='line_1_117' title="bbox 376 5785 1970 5868; baseline 0.006 -26"><span class='ocrx_word' id='word_1_806' title='bbox 376 5785 744 5846; x_wconf 80' lang='lat' dir='ltr'><strong>infirmitatem</strong></span> <span class='ocrx_word' id='word_1_807' title='bbox 770 5794 948 5847; x_wconf 86' lang='lat' dir='ltr'><strong>carnis</strong></span> <span class='ocrx_word' id='word_1_808' title='bbox 967 5785 1190 5864; x_wconf 73' lang='lat' dir='ltr'><strong>gloriam</strong></span> <span class='ocrx_word' id='word_1_809' title='bbox 1227 5785 1536 5850; x_wconf 82' lang='lat' dir='ltr'><strong>renovasse.</strong></span> <span class='ocrx_word' id='word_1_810' title='bbox 1586 5785 1844 5852; x_wconf 79' lang='lat' dir='ltr'><strong>Deﬁcient</strong></span> <span class='ocrx_word' id='word_1_811' title='bbox 1871 5795 1970 5868; x_wconf 61' lang='grc' dir='ltr'><strong>ἱεὶς</strong></span> 
     </span>
    </p>
   </div>
   <div class='ocr_carea' id='block_1_118' title="bbox 2011 4543 2065 4602">
    <p class='ocr_par' dir='ltr' id='par_1_118' title="bbox 2011 4543 2065 4602">
     <span class='ocr_line' id='line_1_118' title="bbox 2011 4543 2065 4602; baseline 0 0"><span class='ocrx_word' id='word_1_812' title='bbox 2011 4543 2065 4602; x_wconf 94' lang='lat' dir='ltr'><strong>D</strong></span> 
     </span>
    </p>
   </div>
   <div class='ocr_carea' id='block_1_119' title="bbox 2119 3229 3711 3300">
    <p class='ocr_par' dir='ltr' id='par_1_119' title="bbox 2119 3229 3711 3300">
     <span class='ocr_line' id='line_1_119' title="bbox 2119 3229 3711 3300; baseline 0.003 -16"><span class='ocrx_word' id='word_1_813' title='bbox 2119 3229 2233 3300; x_wconf 83' lang='lat' dir='ltr'><strong>Ego</strong></span> <span class='ocrx_word' id='word_1_814' title='bbox 2262 3244 2430 3284; x_wconf 84' lang='lat' dir='ltr'><strong>autem</strong></span> <span class='ocrx_word' id='word_1_815' title='bbox 2459 3234 2759 3286; x_wconf 76' lang='lat' dir='ltr'><strong>constitutus</strong></span> <span class='ocrx_word' id='word_1_816' title='bbox 2789 3249 2900 3286; x_wconf 87' lang='lat' dir='ltr'><strong>sum</strong></span> <span class='ocrx_word' id='word_1_817' title='bbox 2926 3248 3015 3284; x_wconf 74' lang='lat' dir='ltr'><strong>rex</strong></span> <span class='ocrx_word' id='word_1_818' title='bbox 3037 3232 3098 3285; x_wconf 86' lang='lat' dir='ltr'><strong>ab</strong></span> <span class='ocrx_word' id='word_1_819' title='bbox 3129 3248 3185 3284; x_wconf 88' lang='lat' dir='ltr'><strong>eo</strong></span> <span class='ocrx_word' id='word_1_820' title='bbox 3215 3247 3371 3296; x_wconf 82' lang='lat' dir='ltr'><strong>super</strong></span> <span class='ocrx_word' id='word_1_821' title='bbox 3401 3231 3530 3286; x_wconf 85' lang='lat' dir='ltr'><strong>Sion</strong></span> <span class='ocrx_word' id='word_1_822' title='bbox 3565 3251 3711 3289; x_wconf 85' lang='lat' dir='ltr'><strong>mou-</strong></span> 
     </span>
    </p>
   </div>
   <div class='ocr_carea' id='block_1_120' title="bbox 2114 3301 3710 3375">
    <p class='ocr_par' dir='ltr' id='par_1_120' title="bbox 2114 3301 3710 3375">
     <span class='ocr_line' id='line_1_120' title="bbox 2114 3301 3710 3375; baseline 0.003 -21"><span class='ocrx_word' id='word_1_823' title='bbox 2114 3313 2209 3356; x_wconf 87' lang='lat' dir='ltr'><strong>tem</strong></span> <span class='ocrx_word' id='word_1_824' title='bbox 2239 3315 2470 3358; x_wconf 73' lang='lat' dir='ltr'><strong>sanetum</strong></span> <span class='ocrx_word' id='word_1_825' title='bbox 2499 3306 2607 3375; x_wconf 74' lang='lat' dir='ltr'><strong>ejus</strong></span> <span class='ocrx_word' id='word_1_826' title='bbox 2679 3302 2918 3374; x_wconf 51' lang='lat' dir='ltr'><strong>Hymnus~</strong></span> <span class='ocrx_word' id='word_1_827' title='bbox 2961 3318 3088 3371; x_wconf 77' lang='lat' dir='ltr'><strong>ergo</strong></span> <span class='ocrx_word' id='word_1_828' title='bbox 3116 3301 3219 3375; x_wconf 88' lang='lat' dir='ltr'><strong>hic</strong></span> <span class='ocrx_word' id='word_1_829' title='bbox 3263 3304 3370 3355; x_wconf 77' lang='lat' dir='ltr'><strong>Uro</strong></span> <span class='ocrx_word' id='word_1_830' title='bbox 3415 3306 3710 3370; x_wconf 84' lang='lat' dir='ltr'><strong>condet-et,</strong></span> 
     </span>
    </p>
   </div>
   <div class='ocr_carea' id='block_1_121' title="bbox 2113 3374 3710 3444">
    <p class='ocr_par' dir='ltr' id='par_1_121' title="bbox 2113 3374 3710 3444">
     <span class='ocr_line' id='line_1_121' title="bbox 2113 3374 3710 3444; baseline 0 -17"><span class='ocrx_word' id='word_1_831' title='bbox 2113 3376 2200 3444; x_wconf 86' lang='lat' dir='ltr'><strong>qui</strong></span> <span class='ocrx_word' id='word_1_832' title='bbox 2228 3375 2292 3427; x_wconf 87' lang='lat' dir='ltr'><strong>sit</strong></span> <span class='ocrx_word' id='word_1_833' title='bbox 2324 3377 2373 3428; x_wconf 86' lang='lat' dir='ltr'><strong>ill</strong></span> <span class='ocrx_word' id='word_1_834' title='bbox 2417 3374 2653 3428; x_wconf 67' lang='lat' dir='ltr'><strong>Ecclesia</strong></span> <span class='ocrx_word' id='word_1_835' title='bbox 2684 3417 2696 3434; x_wconf 83' lang='lat'><strong>,</strong></span> <span class='ocrx_word' id='word_1_836' title='bbox 2729 3375 2952 3440; x_wconf 77' lang='lat' dir='ltr'><strong>spiritali</strong></span> <span class='ocrx_word' id='word_1_837' title='bbox 2986 3374 3194 3426; x_wconf 68' lang='lat' dir='ltr'><strong>cantico</strong></span> <span class='ocrx_word' id='word_1_838' title='bbox 3222 3375 3493 3437; x_wconf 74' lang='lat' dir='ltr'><strong>innocens,</strong></span> <span class='ocrx_word' id='word_1_839' title='bbox 3528 3388 3579 3430; x_wconf 89' lang='lat' dir='ltr'><strong>et</strong></span> <span class='ocrx_word' id='word_1_840' title='bbox 3618 3379 3710 3433; x_wconf 72' lang='grc' dir='ltr'><strong>Ι)οί</strong></span> 
     </span>
    </p>
   </div>
   <div class='ocr_carea' id='block_1_122' title="bbox 2113 3446 3149 3513">
    <p class='ocr_par' dir='ltr' id='par_1_122' title="bbox 2113 3446 3149 3513">
     <span class='ocr_line' id='line_1_122' title="bbox 2113 3446 3149 3513; baseline -0.003 -13"><span class='ocrx_word' id='word_1_841' title='bbox 2113 3446 2362 3500; x_wconf 74' lang='grc' dir='ltr'>ΙειιιιΙιιιιιε</span> <span class='ocrx_word' id='word_1_842' title='bbox 2381 3447 2552 3499; x_wconf 65' lang='lat' dir='ltr'><strong>doli-is</strong></span> <span class='ocrx_word' id='word_1_843' title='bbox 2579 3464 2588 3496; x_wconf 89' lang='lat'>:</span> <span class='ocrx_word' id='word_1_844' title='bbox 2616 3447 2736 3510; x_wconf 87' lang='lat' dir='ltr'><strong>quia</strong></span> <span class='ocrx_word' id='word_1_845' title='bbox 2769 3447 3149 3513; x_wconf 71' lang='lat' dir='ltr'><strong>SIIIISt&#39;tIIIIlUl&#39;:</strong></span> 
     </span>
    </p>
   </div>
   <div class='ocr_carea' id='block_1_123' title="bbox 2172 3515 3633 3579">
    <p class='ocr_par' dir='ltr' id='par_1_123' title="bbox 2172 3515 3633 3579">
     <span class='ocr_line' id='line_1_123' title="bbox 2172 3515 3633 3579; baseline 0.001 -10"><span class='ocrx_word' id='word_1_846' title='bbox 2172 3515 2390 3575; x_wconf 73' lang='lat' dir='ltr'><strong>Exaudi</strong></span> <span class='ocrx_word' id='word_1_847' title='bbox 2426 3519 2700 3572; x_wconf 86' lang='lat' dir='ltr'><strong>orationem</strong></span> <span class='ocrx_word' id='word_1_848' title='bbox 2725 3532 2922 3579; x_wconf 82' lang='lat' dir='ltr'><strong>meam;</strong></span> <span class='ocrx_word' id='word_1_849' title='bbox 2955 3517 3020 3568; x_wconf 80' lang='lat' dir='ltr'><strong>ad</strong></span> <span class='ocrx_word' id='word_1_850' title='bbox 3053 3527 3098 3568; x_wconf 89' lang='lat' dir='ltr'><strong>te</strong></span> <span class='ocrx_word' id='word_1_851' title='bbox 3125 3517 3290 3569; x_wconf 81' lang='lat' dir='ltr'><strong>omnis</strong></span> <span class='ocrx_word' id='word_1_852' title='bbox 3313 3533 3430 3569; x_wconf 84' lang='lat' dir='ltr'><strong>caro</strong></span> <span class='ocrx_word' id='word_1_853' title='bbox 3455 3519 3633 3570; x_wconf 84' lang='lat' dir='ltr'><strong>veniet.</strong></span> 
     </span>
    </p>
   </div>
   <div class='ocr_carea' id='block_1_124' title="bbox 2183 3587 3709 3654">
    <p class='ocr_par' dir='ltr' id='par_1_124' title="bbox 2183 3587 3709 3654">
     <span class='ocr_line' id='line_1_124' title="bbox 2183 3587 3709 3654; baseline 0.002 -13"><span class='ocrx_word' id='word_1_854' title='bbox 2183 3587 2295 3641; x_wconf 86' lang='lat' dir='ltr'><strong>Non</strong></span> <span class='ocrx_word' id='word_1_855' title='bbox 2328 3591 2469 3642; x_wconf 89' lang='lat' dir='ltr'><strong>enim</strong></span> <span class='ocrx_word' id='word_1_856' title='bbox 2503 3590 2631 3642; x_wconf 85' lang='lat' dir='ltr'><strong>dicit</strong></span> <span class='ocrx_word' id='word_1_857' title='bbox 2668 3605 2828 3641; x_wconf 80' lang='lat' dir='ltr'><strong>meant</strong></span> <span class='ocrx_word' id='word_1_858' title='bbox 2856 3629 2869 3650; x_wconf 94' lang='lat'><strong>,</strong></span> <span class='ocrx_word' id='word_1_859' title='bbox 2897 3591 2959 3640; x_wconf 89' lang='lat' dir='ltr'><strong>&#39;ut</strong></span> <span class='ocrx_word' id='word_1_860' title='bbox 3001 3587 3227 3640; x_wconf 54' lang='grc' dir='ltr'>ιιίοριιιικ</span> <span class='ocrx_word' id='word_1_861' title='bbox 3271 3603 3493 3652; x_wconf 74' lang='lat' dir='ltr'><strong>persona</strong></span> <span class='ocrx_word' id='word_1_862' title='bbox 3530 3598 3709 3654; x_wconf 64' lang='lat' dir='ltr'><strong>posset</strong></span> 
     </span>
    </p>
   </div>
   <div class='ocr_carea' id='block_1_125' title="bbox 2108 3656 3706 3726">
    <p class='ocr_par' dir='ltr' id='par_1_125' title="bbox 2108 3656 3706 3726">
     <span class='ocr_line' id='line_1_125' title="bbox 2108 3656 3706 3726; baseline 0.003 -17"><span class='ocrx_word' id='word_1_863' title='bbox 2108 3656 2327 3726; x_wconf 78' lang='lat' dir='ltr'><strong>intelligi</strong></span> <span class='ocrx_word' id='word_1_864' title='bbox 2357 3678 2368 3712; x_wconf 89' lang='lat'>:</span> <span class='ocrx_word' id='word_1_865' title='bbox 2396 3660 2517 3713; x_wconf 88' lang='lat' dir='ltr'><strong>licet</strong></span> <span class='ocrx_word' id='word_1_866' title='bbox 2547 3659 2687 3713; x_wconf 89' lang='lat' dir='ltr'><strong>enim</strong></span> <span class='ocrx_word' id='word_1_867' title='bbox 2720 3658 2870 3712; x_wconf 89' lang='lat' dir='ltr'><strong>multi</strong></span> <span class='ocrx_word' id='word_1_868' title='bbox 2901 3657 3030 3716; x_wconf 75' lang='lat' dir='ltr'><strong>huc.</strong></span> <span class='ocrx_word' id='word_1_869' title='bbox 3063 3667 3312 3724; x_wconf 87' lang='lat' dir='ltr'><strong>tanquam</strong></span> <span class='ocrx_word' id='word_1_870' title='bbox 3345 3659 3574 3718; x_wconf 74' lang='lat' dir='ltr'><strong>dre~5et.</strong></span> <span class='ocrx_word' id='word_1_871' title='bbox 3608 3662 3706 3714; x_wconf 85' lang='lat' dir='ltr'><strong>ad-</strong></span> 
     </span>
    </p>
   </div>
   <div class='ocr_carea' id='block_1_126' title="bbox 2104 3729 3700 3796">
    <p class='ocr_par' dir='ltr' id='par_1_126' title="bbox 2104 3729 3700 3796">
     <span class='ocr_line' id='line_1_126' title="bbox 2104 3729 3700 3796; baseline 0.002 -14"><span class='ocrx_word' id='word_1_872' title='bbox 2104 3729 2376 3795; x_wconf 89' lang='lat' dir='ltr'><strong>diderunt,</strong></span> <span class='ocrx_word' id='word_1_873' title='bbox 2414 3748 2518 3784; x_wconf 85' lang='lat' dir='ltr'><strong>non</strong></span> <span class='ocrx_word' id='word_1_874' title='bbox 2553 3740 2730 3784; x_wconf 89' lang='lat' dir='ltr'><strong>tamen</strong></span> <span class='ocrx_word' id='word_1_875' title='bbox 2756 3731 2804 3782; x_wconf 94' lang='lat' dir='ltr'><strong>in</strong></span> <span class='ocrx_word' id='word_1_876' title='bbox 2829 3729 3153 3782; x_wconf 84' lang='lat' dir='ltr'><strong>aulltenticis</strong></span> <span class='ocrx_word' id='word_1_877' title='bbox 3184 3739 3356 3781; x_wconf 77' lang='lat' dir='ltr'><strong>exstat</strong></span> <span class='ocrx_word' id='word_1_878' title='bbox 3385 3747 3396 3779; x_wconf 93' lang='lat'><strong>:</strong></span> <span class='ocrx_word' id='word_1_879' title='bbox 3431 3729 3700 3796; x_wconf 82' lang='lat' dir='ltr'><strong>Propheta</strong></span> 
     </span>
    </p>
   </div>
   <div class='ocr_carea' id='block_1_127' title="bbox 2103 3799 3706 3870">
    <p class='ocr_par' dir='ltr' id='par_1_127' title="bbox 2103 3799 3706 3870">
     <span class='ocr_line' id='line_1_127' title="bbox 2103 3799 3706 3870; baseline 0.002 -17"><span class='ocrx_word' id='word_1_880' title='bbox 2103 3800 2248 3854; x_wconf 90' lang='lat' dir='ltr'><strong>enim</strong></span> <span class='ocrx_word' id='word_1_881' title='bbox 2284 3818 2386 3854; x_wconf 80' lang='lat' dir='ltr'><strong>nun</strong></span> <span class='ocrx_word' id='word_1_882' title='bbox 2412 3819 2508 3854; x_wconf 85' lang='lat' dir='ltr'><strong>suo</strong></span> <span class='ocrx_word' id='word_1_883' title='bbox 2535 3817 2731 3862; x_wconf 84' lang='lat' dir='ltr'><strong>sensu,</strong></span> <span class='ocrx_word' id='word_1_884' title='bbox 2757 3800 2849 3855; x_wconf 76' lang='lat' dir='ltr'><strong>sed</strong></span> <span class='ocrx_word' id='word_1_885' title='bbox 2883 3802 3168 3870; x_wconf 85' lang='lat' dir='ltr'><strong>inspiratus</strong></span> <span class='ocrx_word' id='word_1_886' title='bbox 3204 3799 3317 3852; x_wconf 69' lang='lat' dir='ltr'><strong>haec</strong></span> <span class='ocrx_word' id='word_1_887' title='bbox 3345 3799 3582 3870; x_wconf 89' lang='lat' dir='ltr'><strong>loquitur</strong></span> <span class='ocrx_word' id='word_1_888' title='bbox 3606 3844 3620 3867; x_wconf 94' lang='lat'><strong>,</strong></span> <span class='ocrx_word' id='word_1_889' title='bbox 3651 3812 3706 3860; x_wconf 78' lang='lat' dir='ltr'><strong>et</strong></span> 
     </span>
    </p>
   </div>
   <div class='ocr_carea' id='block_1_128' title="bbox 2101 3871 3701 3940">
    <p class='ocr_par' dir='ltr' id='par_1_128' title="bbox 2101 3871 3701 3940">
     <span class='ocr_line' id='line_1_128' title="bbox 2101 3871 3701 3940; baseline 0.003 -16"><span class='ocrx_word' id='word_1_890' title='bbox 2101 3872 2332 3940; x_wconf 83' lang='lat' dir='ltr'><strong>suhjecit</strong></span> <span class='ocrx_word' id='word_1_891' title='bbox 2357 3889 2370 3925; x_wconf 90' lang='lat'>:</span> <span class='ocrx_word' id='word_1_892' title='bbox 2399 3873 2576 3926; x_wconf 82' lang='lat' dir='ltr'><strong>Omnis</strong></span> <span class='ocrx_word' id='word_1_893' title='bbox 2605 3889 2723 3925; x_wconf 90' lang='lat' dir='ltr'><strong>caro</strong></span> <span class='ocrx_word' id='word_1_894' title='bbox 2749 3874 2816 3924; x_wconf 88' lang='lat' dir='ltr'><strong>ad</strong></span> <span class='ocrx_word' id='word_1_895' title='bbox 2846 3883 2890 3925; x_wconf 85' lang='lat' dir='ltr'><strong>te</strong></span> <span class='ocrx_word' id='word_1_896' title='bbox 2921 3871 3098 3924; x_wconf 78' lang='lat' dir='ltr'><strong>veniet.</strong></span> <span class='ocrx_word' id='word_1_897' title='bbox 3131 3871 3364 3925; x_wconf 61' lang='lat' dir='ltr'><strong>I‘.t&#39;(‘It!sI:t</strong></span> <span class='ocrx_word' id='word_1_898' title='bbox 3394 3874 3534 3924; x_wconf 88' lang='lat' dir='ltr'><strong>enim</strong></span> <span class='ocrx_word' id='word_1_899' title='bbox 3565 3889 3701 3938; x_wconf 62' lang='lat' dir='ltr'><strong>nono</strong></span> 
     </span>
    </p>
   </div>
   <div class='ocr_carea' id='block_1_129' title="bbox 2101 3942 3702 4010">
    <p class='ocr_par' dir='ltr' id='par_1_129' title="bbox 2101 3942 3702 4010">
     <span class='ocr_line' id='line_1_129' title="bbox 2101 3942 3702 4010; baseline 0.003 -16"><span class='ocrx_word' id='word_1_900' title='bbox 2101 3943 2225 3997; x_wconf 86' lang='lat' dir='ltr'><strong>dum</strong></span> <span class='ocrx_word' id='word_1_901' title='bbox 2254 3943 2450 3999; x_wconf 83' lang='lat' dir='ltr'><strong>ChriSti</strong></span> <span class='ocrx_word' id='word_1_902' title='bbox 2480 3943 2711 3998; x_wconf 36' lang='lat' dir='ltr'><strong>adventu</strong></span> <span class='ocrx_word' id='word_1_903' title='bbox 2757 3944 3090 4006; x_wconf 86' lang='lat' dir='ltr'><strong>inluminata,</strong></span> <span class='ocrx_word' id='word_1_904' title='bbox 3128 3942 3224 3994; x_wconf 83' lang='lat' dir='ltr'><strong>l&#39;nit</strong></span> <span class='ocrx_word' id='word_1_905' title='bbox 3244 3943 3529 4010; x_wconf 69' lang='lat' dir='ltr'><strong>aliqu-tudo</strong></span> <span class='ocrx_word' id='word_1_906' title='bbox 3554 3945 3702 4000; x_wconf 82' lang='lat' dir='ltr'><strong>vanis</strong></span> 
     </span>
    </p>
   </div>
   <div class='ocr_carea' id='block_1_130' title="bbox 2098 4015 3704 4082">
    <p class='ocr_par' dir='ltr' id='par_1_130' title="bbox 2098 4015 3704 4082">
     <span class='ocr_line' id='line_1_130' title="bbox 2098 4015 3704 4082; baseline 0.002 -16"><span class='ocrx_word' id='word_1_907' title='bbox 2098 4017 2567 4082; x_wconf 76' lang='lat' dir='ltr'><strong>superstitiunilnis</strong></span> <span class='ocrx_word' id='word_1_908' title='bbox 2637 4016 2910 4078; x_wconf 74' lang='lat' dir='ltr'><strong>obnoxia,</strong></span> <span class='ocrx_word' id='word_1_909' title='bbox 2955 4029 3073 4066; x_wconf 87' lang='lat' dir='ltr'><strong>cum</strong></span> <span class='ocrx_word' id='word_1_910' title='bbox 3152 4026 3415 4080; x_wconf 69' lang='lat' dir='ltr'><strong>pra-cepta</strong></span> <span class='ocrx_word' id='word_1_911' title='bbox 3485 4015 3704 4077; x_wconf 73' lang='lat' dir='ltr'><strong>gentilia</strong></span> 
     </span>
    </p>
   </div>
   <div class='ocr_carea' id='block_1_131' title="bbox 2096 4085 3698 4152">
    <p class='ocr_par' dir='ltr' id='par_1_131' title="bbox 2096 4085 3698 4152">
     <span class='ocr_line' id='line_1_131' title="bbox 2096 4085 3698 4152; baseline 0.001 -15"><span class='ocrx_word' id='word_1_912' title='bbox 2096 4099 2286 4139; x_wconf 80' lang='lat' dir='ltr'><strong>omnes</strong></span> <span class='ocrx_word' id='word_1_913' title='bbox 2329 4089 2573 4142; x_wconf 66' lang='lat' dir='ltr'><strong>homines</strong></span> <span class='ocrx_word' id='word_1_914' title='bbox 2630 4088 2693 4138; x_wconf 86' lang='lat' dir='ltr'><strong>ad</strong></span> <span class='ocrx_word' id='word_1_915' title='bbox 2741 4086 2972 4138; x_wconf 75' lang='lat' dir='ltr'><strong>studium</strong></span> <span class='ocrx_word' id='word_1_916' title='bbox 3015 4085 3301 4148; x_wconf 87' lang='lat' dir='ltr'><strong>impietatis</strong></span> <span class='ocrx_word' id='word_1_917' title='bbox 3353 4085 3655 4139; x_wconf 81' lang='lat' dir='ltr'><strong>imlinerent</strong></span> <span class='ocrx_word' id='word_1_918' title='bbox 3683 4127 3698 4152; x_wconf 87' lang='lat'><strong>,</strong></span> 
     </span>
    </p>
   </div>
   <div class='ocr_carea' id='block_1_132' title="bbox 2098 4153 3699 4226">
    <p class='ocr_par' dir='ltr' id='par_1_132' title="bbox 2098 4153 3699 4226">
     <span class='ocr_line' id='line_1_132' title="bbox 2098 4153 3699 4226; baseline -0.001 -19"><span class='ocrx_word' id='word_1_919' title='bbox 2098 4155 2263 4209; x_wconf 88' lang='lat' dir='ltr'><strong>Deum</strong></span> <span class='ocrx_word' id='word_1_920' title='bbox 2313 4159 2361 4210; x_wconf 93' lang='lat' dir='ltr'><strong>iu</strong></span> <span class='ocrx_word' id='word_1_921' title='bbox 2395 4157 2547 4226; x_wconf 74' lang='lat' dir='ltr'><strong>lignis</strong></span> <span class='ocrx_word' id='word_1_922' title='bbox 2587 4165 2640 4209; x_wconf 91' lang='lat' dir='ltr'><strong>et</strong></span> <span class='ocrx_word' id='word_1_923' title='bbox 2683 4155 2962 4224; x_wconf 83' lang='lat' dir='ltr'><strong>lapidihns&#39;</strong></span> <span class='ocrx_word' id='word_1_924' title='bbox 2995 4153 3353 4226; x_wconf 73' lang='lat' dir='ltr'><strong>pra-dicendo.</strong></span> <span class='ocrx_word' id='word_1_925' title='bbox 3383 4153 3570 4209; x_wconf 75' lang='lat' dir='ltr'><strong>Sciens</strong></span> <span class='ocrx_word' id='word_1_926' title='bbox 3601 4173 3699 4206; x_wconf 83' lang='lat' dir='ltr'><strong>au.</strong></span> 
     </span>
    </p>
   </div>
   <div class='ocr_carea' id='block_1_133' title="bbox 2096 4225 3698 4298">
    <p class='ocr_par' dir='ltr' id='par_1_133' title="bbox 2096 4225 3698 4298">
     <span class='ocr_line' id='line_1_133' title="bbox 2096 4225 3698 4298; baseline 0.002 -20"><span class='ocrx_word' id='word_1_927' title='bbox 2096 4235 2202 4279; x_wconf 89' lang='lat' dir='ltr'><strong>tem</strong></span> <span class='ocrx_word' id='word_1_928' title='bbox 2231 4228 2450 4292; x_wconf 84' lang='lat' dir='ltr'><strong>antiqua</strong></span> <span class='ocrx_word' id='word_1_929' title='bbox 2489 4227 2710 4281; x_wconf 73' lang='lat' dir='ltr'><strong>crimina</strong></span> <span class='ocrx_word' id='word_1_930' title='bbox 2734 4227 2970 4298; x_wconf 72' lang='lat' dir='ltr'><strong>snalieo</strong></span> <span class='ocrx_word' id='word_1_931' title='bbox 2997 4225 3353 4294; x_wconf 82' lang='lat' dir='ltr'><strong>propitianda,</strong></span> <span class='ocrx_word' id='word_1_932' title='bbox 3386 4226 3546 4280; x_wconf 87' lang='lat' dir='ltr'><strong>veniet</strong></span> <span class='ocrx_word' id='word_1_933' title='bbox 3575 4243 3698 4298; x_wconf 86' lang='lat' dir='ltr'><strong>ergo</strong></span> 
     </span>
    </p>
   </div>
   <div class='ocr_carea' id='block_1_134' title="bbox 2092 4296 3045 4351">
    <p class='ocr_par' dir='ltr' id='par_1_134' title="bbox 2092 4296 3045 4351">
     <span class='ocr_line' id='line_1_134' title="bbox 2092 4296 3045 4351; baseline -0.001 -1"><span class='ocrx_word' id='word_1_934' title='bbox 2092 4299 2256 4350; x_wconf 88' lang='lat' dir='ltr'><strong>omnis</strong></span> <span class='ocrx_word' id='word_1_935' title='bbox 2281 4313 2402 4350; x_wconf 89' lang='lat' dir='ltr'><strong>caro</strong></span> <span class='ocrx_word' id='word_1_936' title='bbox 2429 4299 2496 4351; x_wconf 84' lang='lat' dir='ltr'><strong>ad</strong></span> <span class='ocrx_word' id='word_1_937' title='bbox 2522 4315 2635 4351; x_wconf 85' lang='lat' dir='ltr'><strong>eum</strong></span> <span class='ocrx_word' id='word_1_938' title='bbox 2671 4313 2689 4350; x_wconf 93' lang='lat'><strong><em>:</em></strong></span> <span class='ocrx_word' id='word_1_939' title='bbox 2720 4297 2789 4350; x_wconf 91' lang='lat' dir='ltr'><strong>ait</strong></span> <span class='ocrx_word' id='word_1_940' title='bbox 2820 4296 3004 4350; x_wconf 71' lang='lat' dir='ltr'><strong>dicem</strong></span> <span class='ocrx_word' id='word_1_941' title='bbox 3033 4315 3045 4349; x_wconf 87' lang='lat'><strong>:</strong></span> 
     </span>
    </p>
   </div>
   <div class='ocr_carea' id='block_1_135' title="bbox 2174 4367 3695 4439">
    <p class='ocr_par' dir='ltr' id='par_1_135' title="bbox 2174 4367 3695 4439">
     <span class='ocr_line' id='line_1_135' title="bbox 2174 4367 3695 4439; baseline 0.003 -19"><span class='ocrx_word' id='word_1_942' title='bbox 2174 4367 2334 4422; x_wconf 81' lang='lat' dir='ltr'><strong>Verba</strong></span> <span class='ocrx_word' id='word_1_943' title='bbox 2380 4371 2667 4439; x_wconf 88' lang='lat' dir='ltr'><strong>iniquorum</strong></span> <span class='ocrx_word' id='word_1_944' title='bbox 2699 4368 3075 4434; x_wconf 76' lang='lat' dir='ltr'><strong>prtevaluerunt</strong></span> <span class='ocrx_word' id='word_1_945' title='bbox 3107 4384 3261 4437; x_wconf 83' lang='lat' dir='ltr'><strong>super</strong></span> <span class='ocrx_word' id='word_1_946' title='bbox 3289 4384 3379 4422; x_wconf 91' lang='lat' dir='ltr'><strong>nos</strong></span> <span class='ocrx_word' id='word_1_947' title='bbox 3400 4411 3411 4432; x_wconf 85' lang='lat'><strong>,</strong></span> <span class='ocrx_word' id='word_1_948' title='bbox 3442 4378 3488 4421; x_wconf 86' lang='lat' dir='ltr'><strong>et</strong></span> <span class='ocrx_word' id='word_1_949' title='bbox 3514 4369 3695 4439; x_wconf 81' lang='lat' dir='ltr'><strong>impie-</strong></span> 
     </span>
    </p>
   </div>
   <div class='ocr_carea' id='block_1_136' title="bbox 2088 4439 3330 4511">
    <p class='ocr_par' dir='ltr' id='par_1_136' title="bbox 2088 4439 3330 4511">
     <span class='ocr_line' id='line_1_136' title="bbox 2088 4439 3330 4511; baseline -0.001 -19"><span class='ocrx_word' id='word_1_950' title='bbox 2088 4439 2271 4494; x_wconf 87' lang='lat' dir='ltr'><strong>tatibus</strong></span> <span class='ocrx_word' id='word_1_951' title='bbox 2299 4442 2482 4495; x_wconf 85' lang='lat' dir='ltr'><strong>nostris</strong></span> <span class='ocrx_word' id='word_1_952' title='bbox 2509 4452 2562 4494; x_wconf 88' lang='lat' dir='ltr'><strong>tu</strong></span> <span class='ocrx_word' id='word_1_953' title='bbox 2594 4439 2967 4510; x_wconf 83' lang='lat' dir='ltr'><strong>propitiaberis.</strong></span> <span class='ocrx_word' id='word_1_954' title='bbox 3328 4509 3330 4511; x_wconf 90' lang='lat'><em>_</em></span> 
     </span>
    </p>
   </div>
   <div class='ocr_carea' id='block_1_137' title="bbox 2160 4510 3686 4582">
    <p class='ocr_par' dir='ltr' id='par_1_137' title="bbox 2160 4510 3686 4582">
     <span class='ocr_line' id='line_1_137' title="bbox 2160 4510 3686 4582; baseline 0.001 -17"><span class='ocrx_word' id='word_1_955' title='bbox 2160 4511 2292 4566; x_wconf 86' lang='lat' dir='ltr'><strong>Nam</strong></span> <span class='ocrx_word' id='word_1_956' title='bbox 2315 4523 2573 4582; x_wconf 83' lang='lat' dir='ltr'><strong>quantum</strong></span> <span class='ocrx_word' id='word_1_957' title='bbox 2605 4514 2764 4580; x_wconf 74' lang='lat' dir='ltr'><strong>prosit</strong></span> <span class='ocrx_word' id='word_1_958' title='bbox 2816 4525 3053 4564; x_wconf 86' lang='lat' dir='ltr'><strong>errorem</strong></span> <span class='ocrx_word' id='word_1_959' title='bbox 3083 4511 3332 4577; x_wconf 78' lang='lat' dir='ltr'><strong>gentilem</strong></span> <span class='ocrx_word' id='word_1_960' title='bbox 3387 4510 3686 4581; x_wconf 75' lang='lat' dir='ltr'><strong>reliquisse,</strong></span> 
     </span>
    </p>
   </div>
   <div class='ocr_carea' id='block_1_138' title="bbox 2089 4582 3658 4653">
    <p class='ocr_par' dir='ltr' id='par_1_138' title="bbox 2089 4582 3658 4653">
     <span class='ocr_line' id='line_1_138' title="bbox 2089 4582 3658 4653; baseline 0.004 -21"><span class='ocrx_word' id='word_1_961' title='bbox 2089 4583 2386 4638; x_wconf 89' lang='lat' dir='ltr'><strong>doctrinam</strong></span> <span class='ocrx_word' id='word_1_962' title='bbox 2429 4583 2649 4653; x_wconf 87' lang='lat' dir='ltr'><strong>impiam</strong></span> <span class='ocrx_word' id='word_1_963' title='bbox 2681 4582 2948 4652; x_wconf 68' lang='lat' dir='ltr'><strong>Sprevisse</strong></span> <span class='ocrx_word' id='word_1_964' title='bbox 2973 4622 2987 4643; x_wconf 84' lang='lat'><strong>,</strong></span> <span class='ocrx_word' id='word_1_965' title='bbox 3037 4584 3270 4636; x_wconf 86' lang='lat' dir='ltr'><strong>ostendit</strong></span> <span class='ocrx_word' id='word_1_966' title='bbox 3313 4582 3534 4635; x_wconf 79' lang='lat' dir='ltr'><strong>inferius</strong></span> <span class='ocrx_word' id='word_1_967' title='bbox 3560 4627 3573 4650; x_wconf 92' lang='lat'><strong>,</strong></span> <span class='ocrx_word' id='word_1_968' title='bbox 3605 4585 3658 4639; x_wconf 91' lang='lat' dir='ltr'><strong>di</strong></span> 
     </span>
    </p>
   </div>
   <div class='ocr_carea' id='block_1_139' title="bbox 2091 4668 2264 4708">
    <p class='ocr_par' dir='ltr' id='par_1_139' title="bbox 2091 4668 2264 4708">
     <span class='ocr_line' id='line_1_139' title="bbox 2091 4668 2264 4708; baseline 0 -2"><span class='ocrx_word' id='word_1_969' title='bbox 2091 4668 2224 4708; x_wconf 79' lang='lat' dir='ltr'>CCIIS</span> <span class='ocrx_word' id='word_1_970' title='bbox 2251 4674 2264 4706; x_wconf 71' lang='grc' dir='ltr'>ζ</span> 
     </span>
    </p>
   </div>
   <div class='ocr_carea' id='block_1_140' title="bbox 2161 4723 3690 4795">
    <p class='ocr_par' dir='ltr' id='par_1_140' title="bbox 2161 4723 3690 4795">
     <span class='ocr_line' id='line_1_140' title="bbox 2161 4723 3690 4795; baseline 0.001 -17"><span class='ocrx_word' id='word_1_971' title='bbox 2161 4724 2348 4778; x_wconf 84' lang='lat' dir='ltr'><strong>Beatus</strong></span> <span class='ocrx_word' id='word_1_972' title='bbox 2372 4741 2516 4793; x_wconf 84' lang='lat' dir='ltr'><strong>quem</strong></span> <span class='ocrx_word' id='word_1_973' title='bbox 2540 4724 2733 4795; x_wconf 84' lang='lat' dir='ltr'><strong>elegisti</strong></span> <span class='ocrx_word' id='word_1_974' title='bbox 2771 4733 2816 4778; x_wconf 87' lang='lat' dir='ltr'><strong>et</strong></span> <span class='ocrx_word' id='word_1_975' title='bbox 2861 4723 3192 4794; x_wconf 84' lang='lat' dir='ltr'><strong>adsumpsisti</strong></span> <span class='ocrx_word' id='word_1_976' title='bbox 3217 4765 3230 4788; x_wconf 90' lang='lat'><strong>,</strong></span> <span class='ocrx_word' id='word_1_977' title='bbox 3263 4733 3316 4777; x_wconf 88' lang='lat' dir='ltr'><strong>ut</strong></span> <span class='ocrx_word' id='word_1_978' title='bbox 3360 4723 3604 4778; x_wconf 81' lang='lat' dir='ltr'><strong>inhabitet</strong></span> <span class='ocrx_word' id='word_1_979' title='bbox 3637 4726 3690 4780; x_wconf 86' lang='lat' dir='ltr'><strong>in</strong></span> 
     </span>
    </p>
   </div>
   <div class='ocr_carea' id='block_1_141' title="bbox 2089 4798 2577 4850">
    <p class='ocr_par' dir='ltr' id='par_1_141' title="bbox 2089 4798 2577 4850">
     <span class='ocr_line' id='line_1_141' title="bbox 2089 4798 2577 4850; baseline 0.002 -3"><span class='ocrx_word' id='word_1_980' title='bbox 2089 4798 2427 4850; x_wconf 85' lang='lat' dir='ltr'><strong>tabernaculis</strong></span> <span class='ocrx_word' id='word_1_981' title='bbox 2459 4798 2577 4849; x_wconf 86' lang='lat' dir='ltr'><strong>tuis.</strong></span> 
     </span>
    </p>
   </div>
   <div class='ocr_carea' id='block_1_142' title="bbox 2160 4866 3686 4936">
    <p class='ocr_par' dir='ltr' id='par_1_142' title="bbox 2160 4866 3686 4936">
     <span class='ocr_line' id='line_1_142' title="bbox 2160 4866 3686 4936; baseline 0 -14"><span class='ocrx_word' id='word_1_982' title='bbox 2160 4867 2344 4922; x_wconf 71' lang='lat' dir='ltr'><strong>Omnis</strong></span> <span class='ocrx_word' id='word_1_983' title='bbox 2396 4868 2657 4936; x_wconf 87' lang='lat' dir='ltr'><strong>siquidem</strong></span> <span class='ocrx_word' id='word_1_984' title='bbox 2695 4881 2819 4920; x_wconf 89' lang='lat' dir='ltr'><strong>earo</strong></span> <span class='ocrx_word' id='word_1_985' title='bbox 2850 4866 3026 4920; x_wconf 86' lang='lat' dir='ltr'><strong>veniet</strong></span> <span class='ocrx_word' id='word_1_986' title='bbox 3072 4867 3134 4918; x_wconf 87' lang='lat' dir='ltr'><strong>ad</strong></span> <span class='ocrx_word' id='word_1_987' title='bbox 3183 4866 3370 4925; x_wconf 87' lang='lat' dir='ltr'><strong>Deum.</strong></span> <span class='ocrx_word' id='word_1_988' title='bbox 3421 4866 3470 4920; x_wconf 88' lang='lat' dir='ltr'><strong>id</strong></span> <span class='ocrx_word' id='word_1_989' title='bbox 3495 4879 3594 4930; x_wconf 89' lang='lat' dir='ltr'><strong>est,</strong></span> <span class='ocrx_word' id='word_1_990' title='bbox 3620 4884 3686 4923; x_wconf 65' lang='lat' dir='ltr'><strong>ex</strong></span> 
     </span>
    </p>
   </div>
   <div class='ocr_carea' id='block_1_143' title="bbox 2089 4939 3683 5007">
    <p class='ocr_par' dir='ltr' id='par_1_143' title="bbox 2089 4939 3683 5007">
     <span class='ocr_line' id='line_1_143' title="bbox 2089 4939 3683 5007; baseline 0.001 -15"><span class='ocrx_word' id='word_1_991' title='bbox 2089 4941 2232 4992; x_wconf 89' lang='lat' dir='ltr'><strong>Omni</strong></span> <span class='ocrx_word' id='word_1_992' title='bbox 2287 4939 2559 4992; x_wconf 87' lang='lat' dir='ltr'><strong>hominum</strong></span> <span class='ocrx_word' id='word_1_993' title='bbox 2588 4953 2788 5007; x_wconf 79' lang='lat' dir='ltr'><strong>genere</strong></span> <span class='ocrx_word' id='word_1_994' title='bbox 2827 4941 3312 5006; x_wconf 74' lang='lat' dir='ltr'><strong>etmgregalntntur.</strong></span> <span class='ocrx_word' id='word_1_995' title='bbox 3360 4939 3465 4992; x_wconf 84' lang='lat' dir='ltr'><strong>Sed</strong></span> <span class='ocrx_word' id='word_1_996' title='bbox 3497 4940 3683 4994; x_wconf 80' lang='lat' dir='ltr'><strong>beatus</strong></span> 
     </span>
    </p>
   </div>
   <div class='ocr_carea' id='block_1_144' title="bbox 2088 5009 3680 5079">
    <p class='ocr_par' dir='ltr' id='par_1_144' title="bbox 2088 5009 3680 5079">
     <span class='ocr_line' id='line_1_144' title="bbox 2088 5009 3680 5079; baseline 0.001 -16"><span class='ocrx_word' id='word_1_997' title='bbox 2088 5018 2171 5063; x_wconf 86' lang='lat' dir='ltr'><strong>est</strong></span> <span class='ocrx_word' id='word_1_998' title='bbox 2193 5011 2300 5074; x_wconf 90' lang='lat' dir='ltr'><strong>ille,</strong></span> <span class='ocrx_word' id='word_1_999' title='bbox 2327 5012 2549 5079; x_wconf 85' lang='lat' dir='ltr'><strong>quisque</strong></span> <span class='ocrx_word' id='word_1_1000' title='bbox 2584 5010 2742 5063; x_wconf 78' lang='lat' dir='ltr'><strong>fuerit</strong></span> <span class='ocrx_word' id='word_1_1001' title='bbox 2765 5009 3003 5069; x_wconf 83' lang='lat' dir='ltr'><strong>elecms;</strong></span> <span class='ocrx_word' id='word_1_1002' title='bbox 3037 5010 3186 5061; x_wconf 84' lang='lat' dir='ltr'><strong>multi</strong></span> <span class='ocrx_word' id='word_1_1003' title='bbox 3215 5011 3355 5062; x_wconf 89' lang='lat' dir='ltr'><strong>enim</strong></span> <span class='ocrx_word' id='word_1_1004' title='bbox 3385 5013 3680 5064; x_wconf 72' lang='lat' dir='ltr'><strong>secundum</strong></span> 
     </span>
    </p>
   </div>
   <div class='ocr_carea' id='block_1_145' title="bbox 2087 5079 3684 5149">
    <p class='ocr_par' dir='ltr' id='par_1_145' title="bbox 2087 5079 3684 5149">
     <span class='ocr_line' id='line_1_145' title="bbox 2087 5079 3684 5149; baseline 0 -15"><span class='ocrx_word' id='word_1_1005' title='bbox 2087 5079 2432 5149; x_wconf 78' lang='lat' dir='ltr'><strong>Evangelintn</strong></span> <span class='ocrx_word' id='word_1_1006' title='bbox 2467 5083 2634 5135; x_wconf 74' lang='lat' dir='ltr'><strong>vocati</strong></span> <span class='ocrx_word' id='word_1_1007' title='bbox 2657 5088 2811 5143; x_wconf 89' lang='lat' dir='ltr'><strong>sunt,</strong></span> <span class='ocrx_word' id='word_1_1008' title='bbox 2856 5082 2946 5132; x_wconf 91' lang='lat' dir='ltr'><strong>sed</strong></span> <span class='ocrx_word' id='word_1_1009' title='bbox 2984 5082 3130 5146; x_wconf 89' lang='lat' dir='ltr'><strong>pauci</strong></span> <span class='ocrx_word' id='word_1_1010' title='bbox 3161 5081 3337 5134; x_wconf 85' lang='lat' dir='ltr'><strong>electi.</strong></span> <span class='ocrx_word' id='word_1_1011' title='bbox 3374 5081 3542 5134; x_wconf 81' lang='lat' dir='ltr'><strong>Electt</strong></span> <span class='ocrx_word' id='word_1_1012' title='bbox 3583 5098 3684 5134; x_wconf 74' lang='lat' dir='ltr'><strong>ad-</strong></span> 
     </span>
    </p>
   </div>
   <div class='ocr_carea' id='block_1_146' title="bbox 2089 5150 3680 5220">
    <p class='ocr_par' dir='ltr' id='par_1_146' title="bbox 2089 5150 3680 5220">
     <span class='ocr_line' id='line_1_146' title="bbox 2089 5150 3680 5220; baseline 0.001 -16"><span class='ocrx_word' id='word_1_1013' title='bbox 2089 5161 2193 5206; x_wconf 84' lang='lat' dir='ltr'><strong>tetn</strong></span> <span class='ocrx_word' id='word_1_1014' title='bbox 2223 5165 2344 5206; x_wconf 87' lang='lat' dir='ltr'><strong>sunt</strong></span> <span class='ocrx_word' id='word_1_1015' title='bbox 2380 5154 2603 5220; x_wconf 88' lang='lat' dir='ltr'><strong>nuptiali</strong></span> <span class='ocrx_word' id='word_1_1016' title='bbox 2649 5164 2834 5215; x_wconf 82' lang='lat' dir='ltr'><strong>veste,</strong></span> <span class='ocrx_word' id='word_1_1017' title='bbox 2881 5150 2973 5202; x_wconf 73' lang='lat' dir='ltr'><strong>5rd</strong></span> <span class='ocrx_word' id='word_1_1018' title='bbox 3006 5160 3057 5203; x_wconf 88' lang='lat' dir='ltr'><strong>et</strong></span> <span class='ocrx_word' id='word_1_1019' title='bbox 3100 5167 3231 5216; x_wconf 88' lang='lat' dir='ltr'><strong>puro</strong></span> <span class='ocrx_word' id='word_1_1020' title='bbox 3267 5152 3426 5220; x_wconf 85' lang='lat' dir='ltr'><strong>atque</strong></span> <span class='ocrx_word' id='word_1_1021' title='bbox 3469 5151 3680 5218; x_wconf 73' lang='lat' dir='ltr'><strong>integro</strong></span> 
     </span>
    </p>
   </div>
   <div class='ocr_carea' id='block_1_147' title="bbox 2086 5221 3681 5291">
    <p class='ocr_par' dir='ltr' id='par_1_147' title="bbox 2086 5221 3681 5291">
     <span class='ocr_line' id='line_1_147' title="bbox 2086 5221 3681 5291; baseline 0.001 -15"><span class='ocrx_word' id='word_1_1022' title='bbox 2086 5237 2238 5276; x_wconf 76' lang='lat' dir='ltr'><strong>nova:</strong></span> <span class='ocrx_word' id='word_1_1023' title='bbox 2270 5224 2562 5278; x_wconf 86' lang='lat' dir='ltr'><strong>nativitatis</strong></span> <span class='ocrx_word' id='word_1_1024' title='bbox 2605 5238 2832 5291; x_wconf 87' lang='lat' dir='ltr'><strong>corpore</strong></span> <span class='ocrx_word' id='word_1_1025' title='bbox 2877 5221 3162 5288; x_wconf 86' lang='lat' dir='ltr'><strong>splendidi.</strong></span> <span class='ocrx_word' id='word_1_1026' title='bbox 3196 5222 3294 5285; x_wconf 83' lang='lat' dir='ltr'><strong>Qui</strong></span> <span class='ocrx_word' id='word_1_1027' title='bbox 3326 5233 3502 5276; x_wconf 87' lang='lat' dir='ltr'><strong>atttent</strong></span> <span class='ocrx_word' id='word_1_1028' title='bbox 3536 5225 3681 5278; x_wconf 77' lang='lat' dir='ltr'><strong>clrc-</strong></span> 
     </span>
    </p>
   </div>
   <div class='ocr_carea' id='block_1_148' title="bbox 2089 5293 3680 5361">
    <p class='ocr_par' dir='ltr' id='par_1_148' title="bbox 2089 5293 3680 5361">
     <span class='ocr_line' id='line_1_148' title="bbox 2089 5293 3680 5361; baseline 0.001 -15"><span class='ocrx_word' id='word_1_1029' title='bbox 2089 5303 2170 5346; x_wconf 58' lang='lat' dir='ltr'><strong>lus-</strong></span> <span class='ocrx_word' id='word_1_1030' title='bbox 2198 5303 2299 5356; x_wconf 88' lang='lat' dir='ltr'><strong>est,</strong></span> <span class='ocrx_word' id='word_1_1031' title='bbox 2348 5297 2488 5350; x_wconf 83' lang='lat' dir='ltr'><strong>scite</strong></span> <span class='ocrx_word' id='word_1_1032' title='bbox 2516 5311 2612 5347; x_wconf 90' lang='lat' dir='ltr'><strong>nos</strong></span> <span class='ocrx_word' id='word_1_1033' title='bbox 2640 5293 2886 5347; x_wconf 82' lang='lat' dir='ltr'><strong>convenit</strong></span> <span class='ocrx_word' id='word_1_1034' title='bbox 2912 5293 2980 5343; x_wconf 88' lang='lat' dir='ltr'><strong>oh</strong></span> <span class='ocrx_word' id='word_1_1035' title='bbox 3012 5309 3168 5361; x_wconf 89' lang='lat' dir='ltr'><strong>quam</strong></span> <span class='ocrx_word' id='word_1_1036' title='bbox 3203 5309 3313 5346; x_wconf 79' lang='lat' dir='ltr'><strong>rem</strong></span> <span class='ocrx_word' id='word_1_1037' title='bbox 3345 5294 3504 5347; x_wconf 79' lang='lat' dir='ltr'><strong>luero.</strong></span> <span class='ocrx_word' id='word_1_1038' title='bbox 3537 5296 3680 5348; x_wconf 79' lang='lat' dir='ltr'><strong>elec-</strong></span> 
     </span>
    </p>
   </div>
   <div class='ocr_carea' id='block_1_149' title="bbox 2086 5364 3678 5432">
    <p class='ocr_par' dir='ltr' id='par_1_149' title="bbox 2086 5364 3678 5432">
     <span class='ocr_line' id='line_1_149' title="bbox 2086 5364 3678 5432; baseline 0.001 -15"><span class='ocrx_word' id='word_1_1039' title='bbox 2086 5373 2209 5428; x_wconf 85' lang='lat' dir='ltr'><strong>tus,</strong></span> <span class='ocrx_word' id='word_1_1040' title='bbox 2258 5365 2322 5418; x_wconf 88' lang='lat' dir='ltr'><strong>ad</strong></span> <span class='ocrx_word' id='word_1_1041' title='bbox 2373 5366 2423 5419; x_wconf 90' lang='lat' dir='ltr'><strong>id</strong></span> <span class='ocrx_word' id='word_1_1042' title='bbox 2454 5366 2655 5420; x_wconf 84' lang='lat' dir='ltr'><strong>scilicet</strong></span> <span class='ocrx_word' id='word_1_1043' title='bbox 2696 5365 2836 5425; x_wconf 86' lang='lat' dir='ltr'><strong>quod</strong></span> <span class='ocrx_word' id='word_1_1044' title='bbox 2887 5364 3220 5432; x_wconf 85' lang='lat' dir='ltr'><strong>insequitur:</strong></span> <span class='ocrx_word' id='word_1_1045' title='bbox 3256 5376 3308 5420; x_wconf 86' lang='lat' dir='ltr'><strong>ut</strong></span> <span class='ocrx_word' id='word_1_1046' title='bbox 3337 5364 3579 5418; x_wconf 81' lang='lat' dir='ltr'><strong>inhabitet</strong></span> <span class='ocrx_word' id='word_1_1047' title='bbox 3625 5367 3678 5418; x_wconf 88' lang='lat' dir='ltr'><strong>in</strong></span> 
     </span>
    </p>
   </div>
   <div class='ocr_carea' id='block_1_150' title="bbox 2083 5435 3674 5502">
    <p class='ocr_par' dir='ltr' id='par_1_150' title="bbox 2083 5435 3674 5502">
     <span class='ocr_line' id='line_1_150' title="bbox 2083 5435 3674 5502; baseline 0.001 -13"><span class='ocrx_word' id='word_1_1048' title='bbox 2083 5437 2418 5490; x_wconf 86' lang='lat' dir='ltr'><strong>tabernaculis</strong></span> <span class='ocrx_word' id='word_1_1049' title='bbox 2462 5435 2578 5488; x_wconf 89' lang='lat' dir='ltr'><strong>Dei.</strong></span> <span class='ocrx_word' id='word_1_1050' title='bbox 2629 5436 2816 5489; x_wconf 83' lang='lat' dir='ltr'><strong>Omnis</strong></span> <span class='ocrx_word' id='word_1_1051' title='bbox 2858 5450 2986 5502; x_wconf 83' lang='lat' dir='ltr'><strong>ergo</strong></span> <span class='ocrx_word' id='word_1_1052' title='bbox 3032 5436 3286 5501; x_wconf 77' lang='lat' dir='ltr'><strong>perl&#39;ectio</strong></span> <span class='ocrx_word' id='word_1_1053' title='bbox 3325 5436 3586 5494; x_wconf 84' lang='lat' dir='ltr'><strong>bonorum</strong></span> <span class='ocrx_word' id='word_1_1054' title='bbox 3623 5439 3674 5492; x_wconf 90' lang='lat' dir='ltr'><strong>in</strong></span> 
     </span>
    </p>
   </div>
   <div class='ocr_carea' id='block_1_151' title="bbox 2077 5507 3670 5579">
    <p class='ocr_par' dir='ltr' id='par_1_151' title="bbox 2077 5507 3670 5579">
     <span class='ocr_line' id='line_1_151' title="bbox 2077 5507 3670 5579; baseline -0.002 -18"><span class='ocrx_word' id='word_1_1055' title='bbox 2077 5509 2261 5577; x_wconf 88' lang='lat' dir='ltr'><strong>requie</strong></span> <span class='ocrx_word' id='word_1_1056' title='bbox 2316 5507 2516 5579; x_wconf 84' lang='lat' dir='ltr'><strong>(suppl.</strong></span> <span class='ocrx_word' id='word_1_1057' title='bbox 2575 5507 2922 5575; x_wconf 83' lang='lat' dir='ltr'><strong>habitationis)</strong></span> <span class='ocrx_word' id='word_1_1058' title='bbox 2981 5507 3220 5563; x_wconf 60' lang='lat' dir='ltr'><strong>caelestis</strong></span> <span class='ocrx_word' id='word_1_1059' title='bbox 3277 5519 3359 5561; x_wconf 88' lang='lat' dir='ltr'><strong>est</strong></span> <span class='ocrx_word' id='word_1_1060' title='bbox 3407 5525 3418 5559; x_wconf 92' lang='lat'><strong>:</strong></span> <span class='ocrx_word' id='word_1_1061' title='bbox 3477 5509 3670 5579; x_wconf 80' lang='lat' dir='ltr'><strong>multas</strong></span> 
     </span>
    </p>
   </div>
   <div class='ocr_carea' id='block_1_152' title="bbox 2075 5577 3666 5638">
    <p class='ocr_par' dir='ltr' id='par_1_152' title="bbox 2075 5577 3666 5638">
     <span class='ocr_line' id='line_1_152' title="bbox 2075 5577 3666 5638; baseline -0.003 -7"><span class='ocrx_word' id='word_1_1062' title='bbox 2075 5581 2216 5631; x_wconf 89' lang='lat' dir='ltr'><strong>enim</strong></span> <span class='ocrx_word' id='word_1_1063' title='bbox 2248 5577 2553 5636; x_wconf 65' lang='lat' dir='ltr'><strong>mansiones</strong></span> <span class='ocrx_word' id='word_1_1064' title='bbox 2591 5580 2844 5632; x_wconf 85' lang='lat' dir='ltr'><strong>Dominns</strong></span> <span class='ocrx_word' id='word_1_1065' title='bbox 2877 5579 2926 5630; x_wconf 91' lang='lat' dir='ltr'><strong>in</strong></span> <span class='ocrx_word' id='word_1_1066' title='bbox 2958 5581 3109 5634; x_wconf 69' lang='lat' dir='ltr'><strong>t&#39;CBIIS</strong></span> <span class='ocrx_word' id='word_1_1067' title='bbox 3137 5593 3254 5631; x_wconf 78' lang='lat' dir='ltr'><strong>esse</strong></span> <span class='ocrx_word' id='word_1_1068' title='bbox 3284 5587 3539 5638; x_wconf 80' lang='lat' dir='ltr'><strong>testatur;</strong></span> <span class='ocrx_word' id='word_1_1069' title='bbox 3572 5577 3666 5632; x_wconf 83' lang='lat' dir='ltr'><strong>Sed</strong></span> 
     </span>
    </p>
   </div>
   <div class='ocr_carea' id='block_1_153' title="bbox 2075 5647 3670 5718">
    <p class='ocr_par' dir='ltr' id='par_1_153' title="bbox 2075 5647 3670 5718">
     <span class='ocr_line' id='line_1_153' title="bbox 2075 5647 3670 5718; baseline -0.004 -14"><span class='ocrx_word' id='word_1_1070' title='bbox 2075 5650 2285 5704; x_wconf 86' lang='lat' dir='ltr'><strong>Patrem</strong></span> <span class='ocrx_word' id='word_1_1071' title='bbox 2313 5658 2429 5703; x_wconf 91' lang='lat' dir='ltr'><strong>orat</strong></span> <span class='ocrx_word' id='word_1_1072' title='bbox 2454 5665 2504 5703; x_wconf 91' lang='lat' dir='ltr'><strong>tn</strong></span> <span class='ocrx_word' id='word_1_1073' title='bbox 2541 5652 2825 5718; x_wconf 53' lang='lat' dir='ltr'><strong>lavatigelio</strong></span> <span class='ocrx_word' id='word_1_1074' title='bbox 2848 5690 2862 5714; x_wconf 97' lang='lat'><strong>,</strong></span> <span class='ocrx_word' id='word_1_1075' title='bbox 2888 5660 2943 5700; x_wconf 94' lang='lat' dir='ltr'><strong>nt</strong></span> <span class='ocrx_word' id='word_1_1076' title='bbox 2973 5649 3212 5716; x_wconf 59' lang='lat' dir='ltr'><strong>AptisltiIi</strong></span> <span class='ocrx_word' id='word_1_1077' title='bbox 3243 5649 3330 5701; x_wconf 90' lang='lat' dir='ltr'><strong>uhi</strong></span> <span class='ocrx_word' id='word_1_1078' title='bbox 3358 5659 3410 5700; x_wconf 92' lang='lat' dir='ltr'><strong>et</strong></span> <span class='ocrx_word' id='word_1_1079' title='bbox 3461 5647 3573 5709; x_wconf 82' lang='lat' dir='ltr'><strong>ipse</strong></span> <span class='ocrx_word' id='word_1_1080' title='bbox 3600 5653 3670 5704; x_wconf 78' lang='lat' dir='ltr'><strong>sit</strong></span> 
     </span>
    </p>
   </div>
   <div class='ocr_carea' id='block_1_154' title="bbox 2075 5718 3672 5790">
    <p class='ocr_par' dir='ltr' id='par_1_154' title="bbox 2075 5718 3672 5790">
     <span class='ocr_line' id='line_1_154' title="bbox 2075 5718 3672 5790; baseline -0.003 -15"><span class='ocrx_word' id='word_1_1081' title='bbox 2075 5730 2344 5782; x_wconf 83' lang='lat' dir='ltr'><strong>maneant,</strong></span> <span class='ocrx_word' id='word_1_1082' title='bbox 2375 5722 2560 5774; x_wconf 71' lang='lat' dir='ltr'><strong>dicens</strong></span> <span class='ocrx_word' id='word_1_1083' title='bbox 2587 5739 2599 5774; x_wconf 88' lang='lat'>:</span> <span class='ocrx_word' id='word_1_1084' title='bbox 2631 5720 2803 5783; x_wconf 82' lang='lat' dir='ltr'><strong>Pater,</strong></span> <span class='ocrx_word' id='word_1_1085' title='bbox 2831 5736 2956 5790; x_wconf 89' lang='lat' dir='ltr'><strong>quos</strong></span> <span class='ocrx_word' id='word_1_1086' title='bbox 2988 5721 3109 5773; x_wconf 84' lang='lat' dir='ltr'><strong>mihi</strong></span> <span class='ocrx_word' id='word_1_1087' title='bbox 3139 5719 3320 5773; x_wconf 85' lang='lat' dir='ltr'><strong>dedisti</strong></span> <span class='ocrx_word' id='word_1_1088' title='bbox 3349 5718 3480 5778; x_wconf 87' lang='lat' dir='ltr'><strong>volo,</strong></span> <span class='ocrx_word' id='word_1_1089' title='bbox 3502 5729 3553 5769; x_wconf 90' lang='lat' dir='ltr'><strong>ut</strong></span> <span class='ocrx_word' id='word_1_1090' title='bbox 3585 5719 3672 5777; x_wconf 78' lang='lat' dir='ltr'><strong>ubi</strong></span> 
     </span>
    </p>
   </div>
   <div class='ocr_carea' id='block_1_155' title="bbox 2072 5790 3674 5866">
    <p class='ocr_par' dir='ltr' id='par_1_155' title="bbox 2072 5790 3674 5866">
     <span class='ocr_line' id='line_1_155' title="bbox 2072 5790 3674 5866; baseline -0.003 -16"><span class='ocrx_word' id='word_1_1091' title='bbox 2072 5809 2167 5866; x_wconf 86' lang='lat' dir='ltr'><strong>ego</strong></span> <span class='ocrx_word' id='word_1_1092' title='bbox 2190 5807 2323 5858; x_wconf 88' lang='lat' dir='ltr'><strong>sum,</strong></span> <span class='ocrx_word' id='word_1_1093' title='bbox 2348 5792 2415 5848; x_wconf 84' lang='lat' dir='ltr'><strong>ibi</strong></span> <span class='ocrx_word' id='word_1_1094' title='bbox 2441 5793 2541 5848; x_wconf 87' lang='lat' dir='ltr'><strong>sint</strong></span> <span class='ocrx_word' id='word_1_1095' title='bbox 2566 5809 2764 5850; x_wconf 85' lang='lat' dir='ltr'><strong>mecum</strong></span> <span class='ocrx_word' id='word_1_1096' title='bbox 2784 5793 2893 5866; x_wconf 85' lang='lat' dir='ltr'><strong>(Jo.</strong></span> <span class='ocrx_word' id='word_1_1097' title='bbox 2918 5804 3045 5857; x_wconf 79' lang='lat' dir='ltr'><strong>xvu,</strong></span> <span class='ocrx_word' id='word_1_1098' title='bbox 3069 5792 3146 5863; x_wconf 72' lang='grc'><strong>4).</strong></span> <span class='ocrx_word' id='word_1_1099' title='bbox 3170 5791 3247 5846; x_wconf 78' lang='lat' dir='ltr'><strong>Ex</strong></span> <span class='ocrx_word' id='word_1_1100' title='bbox 3279 5790 3522 5858; x_wconf 85' lang='lat' dir='ltr'><strong>plurimis</strong></span> <span class='ocrx_word' id='word_1_1101' title='bbox 3542 5805 3674 5866; x_wconf 76' lang='lat' dir='ltr'><strong>ergo</strong></span> 
     </span>
    </p>
   </div>
  </div>
