4138 6180
391 291 539 350 XVII

1841 284 2232 344 PRIEFATIO.

3531 284 3703 343 XVIII

398 404 611 458 cultura
643 400 737 457 Dei
782 399 982 473 fuerint
1008 397 1182 473 'opera
1202 442 1219 468 ,
1248 401 1546 458 ubertatem
1578 411 1998 470 consequentur.
2029 403 2085 463 Α
2125 471 2136 473 Δ
2185 400 2366 455 Omnis
2394 407 2529 473 terra
2557 399 2767 473 adorent
2798 399 2914 473 tibi,
2948 407 2994 455 et
3018 401 3238 473 psallent
3264 401 3393 457 tibi:
3431 399 3705 458 Psalmum

402 476 502 532 Ubi
549 486 730 545 autem
760 474 894 530 lines
917 472 1116 529 deserti
1146 473 1496 545 pinguescent
1519 514 1534 536 ,
1564 473 1850 545 Ecclesia),
1880 489 2001 544 qua:

398 546 620 602 deserta
667 543 805 610 fuit,
856 545 1087 614 populus
1113 543 1547 615 repromissionis
1590 544 1766 600 fructu
1811 543 2001 601 iterum

396 615 625 672 ditatur.
645 615 702 671 In
717 616 945 672 collibus
965 631 1093 671 vero
1110 617 1466 672 exsultatione
1490 616 1746 672 accinctis
1768 616 2003 672 gloriosa

401 697 696 758 martyrum
727 687 918 758 gaudia
949 688 1296 758 nuntiantur;
1330 687 1385 742 hi
1429 687 1570 742 enim
1607 695 1734 743 sunt
1772 686 2004 742 homini-

399 758 506 814 bus
531 757 746 813 czeteris
792 757 1035 813 altiores.
1066 757 1200 814 Cum
1229 769 1410 815 autem
1459 761 1652 814 arietes
1689 759 1869 814 ovium
1916 759 2001 814 in-

403 829 660 902 ducatur,
690 829 1134 902 patriarcharum,
1165 840 1218 886 et
1253 832 1659 902 prophetarum,
1692 839 1747 885 et
1773 832 2003 902 Apostoe

403 901 579 957 lorum
619 910 821 956 aeterna
867 901 953 955 illa
986 910 1040 957 et
1083 902 1236 957 beata
1263 901 1426 957 vestis
1451 942 1466 969 ,
1494 903 1582 970 qui
1628 901 1792 956 duces
1832 901 2004 956 sancti

401 975 582 1044 gregis
607 980 769 1044 sunt,
800 972 1120 1028 ostenditur.
1153 972 1266 1028 Hoc
1303 987 1432 1043 ergo
1463 972 1776 1028 indumento
1805 973 2004 1028 arietes

402 1043 584 1099 avium
612 1043 900 1098 iuduentur
919 1084 933 1108 .
961 1053 1016 1100 et
1037 1044 1140 1099 hoc
1177 1045 1430 1115 gloriosae
1457 1044 1876 1100 immortalitatis
1905 1044 2002 1098 ha-

403 1115 519 1172 bitu
550 1115 875 1171 vestiuntur.

477 1185 545 1241 Et
577 1186 832 1242 convalles
857 1227 871 1252 ,
897 1185 1092 1254 inquit,
1131 1185 1462 1241 abundabunt
1499 1189 1753 1256 frumento
1781 1201 1798 1240 :
1828 1184 2006 1240 humi-

403 1257 572 1314 liores
607 1258 848 1323 scilicet,
894 1266 1054 1327 atque
1100 1261 1279 1328 operis
1326 1259 1448 1311 boni
1481 1258 1726 1312 homines
1775 1257 2005 1313 fructum

402 1328 530 1386 vita:
557 1329 872 1394 sortientur,
903 1344 1008 1382 non
1035 1329 1178 1384 enim
1211 1329 1507 1384 ubertatem
1539 1329 1917 1398 replehuntur,
1949 1337 2008 1382 ut

404 1401 582 1470 campi
610 1442 624 1466 ,
658 1415 832 1470 neque
860 1400 1218 1455 exsultatione
1245 1401 1592 1469 accingentnr
1617 1440 1631 1464 ,
1662 1409 1719 1453 ιιι
1749 1409 1958 1454 montes
1986 1439 2002 1464 ,

403 1475 497 1528 sed
526 1471 799 1527 frumento
823 1479 1024 1525 tantum
1054 1471 1436 1536 abundabunt;
1470 1470 1518 1524 id
1536 1470 1847 1526 estvivendi
1873 1470 2004 1524 sub.

401 1544 599 1598 stantia
630 1558 736 1597 non
763 1542 1020 1596 carebunt
1051 1560 1063 1596 :
1094 1541 1146 1597 hi
1177 1542 1321 1597 enim
1350 1542 1525 1610 campi
1555 1583 1570 1606 ,
1605 1540 1721 1595 haec
1748 1541 1958 1595 deserta
1987 1582 2003 1606 ,

402 1614 456 1670 Iti
484 1615 653 1670 colles
681 1655 694 1680 ,
725 1614 813 1667 isti
851 1613 1046 1668 arietes
1070 1654 1085 1678 ,
1130 1614 1244 1668 hmc
1281 1614 1551 1667 convallia
1595 1611 1884 1666 clamabunt
1911 1653 1925 1677 ,
1953 1621 2008 1667 et

405 1689 656 1758 hymnum
705 1685 921 1758 dicent,
959 1695 1012 1739 et
1058 1684 1291 1758 ob_ln_ec
1333 1683 1542 1758 diversa
1569 1684 2005 1758 _retributi0n_um

2107 471 2290 527 dicant
2304 471 2513 596 gemini
2556 479 2672 541 tuo,
2700 472 2996 528 Altissime.
3032 472 3226 542 Venite,
3259 474 3451 546 inquit,
3479 486 3525 529 et
3546 475 3710 529 videte

2107 559 2264 596 onera
2355 560 2422 596 ρι.

2107 559 2264 616 Opera
2280 614 2287 616 Α
2304 559 2422 597 υρι.

2178 614 2460 687 Invitantis
2474 614 2695 670 verbum
2721 622 2824 680 est,
2849 613 3147 687 doctrinam
3175 615 3317 673 enim
3343 616 3432 672 Dei
3455 624 3707 687 tanquam

2106 684 2160 740 in
2190 686 2387 758 vicinio
2431 687 2747 742 collocatam
2778 687 2974 755 posuit.
3008 686 3075 740 Et
3102 706 3217 743 cum
3246 689 3484 753 venisset,
3514 684 3709 758 inquit,

2105 757 2473 831 euangelizavjt
2501 774 2682 831 pacem
2711 758 2792 831 Itis
2815 759 2904 831 qui
2931 758 2994 831 de
3022 759 3190 831 longe,
3219 769 3268 814 et
3310 776 3486 830 pacem
3513 757 3601 813 his
3621 757 3708 829 qui

2105 829 2170 904 de
2193 827 2353 900 prope
2379 827 2596 901 (Ep/res.
2628 845 2688 894 ιι,
2715 827 2930 904 17)(βχ
2960 829 3078 899 lege
3107 827 3252 886 enim
3275 827 3432 904 multi
3451 827 3704 900 tanquam

2105 899 2174 973 de
2196 899 2364 968 prope
2390 899 2685 973 manentes
2717 901 3102 973 crediderunt;
3137 917 3208 956 ex
3240 899 3491 973 gentibus
3525 899 3709 956 autem

2105 970 2264 1041 longe
2289 972 2477 1043 positis
2496 971 2781 1041 Propheta:
2803 970 3116 1040 praedicatio
3136 970 3326 1029 omnes
3343 974 3409 1028 ad
3427 973 3527 1028 Dei
3543 987 3708 1043 opera

2105 1042 2660 1116 Continendaadvocat
2680 1059 2693 1096 :
2717 1043 2812 1097 sed
2838 1058 2946 1116 non
2968 1057 3237 1116 ea_0pera,
3256 1061 3376 1116 quas
3392 1042 3708 1116 cunctorum

2107 1113 2280 1169 oculis
2305 1114 2545 1182 subjecta
2573 1123 2716 1177 sunt,
2747 1115 2894 1180 coeli,
2935 1113 3096 1178 aeris,
3120 1113 3363 1170 terraiac
3380 1117 3542 1170 maris
3564 1134 3576 1167 :
3595 1115 3712 1172 lnrc

2107 1186 2253 1240 enim
2280 1199 2469 1238 omnes
2491 1194 2816 1240 contuentur
2839 1203 2853 1241 :
2884 1184 2979 1238 sed
3006 1200 3066 1239 ea
3091 1201 3211 1255 qua:
3235 1187 3467 1242 fidelium
3500 1195 3706 1241 tantum

2108 1255 2287 1309 studio
2310 1263 2586 1324 comperta
2609 1265 2874 1310 suntcum
2898 1258 3098 1326 ingenti
3116 1266 3170 1310 et
3190 1257 3492 1312 admirabili
3513 1261 3711 1314 virtute

2107 1325 2446 1381 Pharaonem
2481 1344 2576 1394 pro
2608 1326 2898 1397 impietatis
2927 1342 3039 1381 sua:
3081 1330 3286 1383 meritis
3317 1330 3366 1382 in
3399 1330 3709 1398 exemplum

2109 1397 2326 1452 humani
2359 1398 2567 1452 timoris
2607 1398 2906 1466 oppressit;
2947 1413 3065 1454 cum
3107 1415 3256 1456 mare
3295 1397 3706 1465 siccatum’est;

2108 1483 2230 1541 cum
2253 1468 2488 1541 Jordane
2522 1470 2750 1538 populus
2782 1469 3008 1541 pedibus
3034 1484 3280 1539 egressus
3303 1481 3424 1526 cst:
3457 1472 3521 1525 ad
3553 1470 3711 1541 hujus

2108 1539 2270 1666 agitur
2295 1539 2389 1594 Dei
2410 1554 2572 1610 opera
2603 1541 2906 1596 contuenda
2937 1540 3202 1610 Propheta
3249 1553 3437 1613 gentes
3461 1539 3708 1608 advocat,

2149 1626 2296 1666 tcens
2325 1629 2336 1664 :

2149 1626 2336 1666 ICGHS:

2193 1681 2386 1745 Venite,
2415 1691 2463 1736 et
2514 1682 2678 1736 videte
2703 1697 2859 1752 opera
2882 1679 3112 1748 Domini,
3140 1683 3381 1739 terribilis
3411 1685 3462 1740 in
3487 1685 3713 1741 consiliis

403 1752 956 1844 prmmiaIintlefessis
1016 1756 1263 1812 maximis
1305 1755 1524 1810 vocibus
1569 1755 1664 1812 Dei
1713 1755 2004 1826 potentiam
2035 1782 2084 1844 B
2110 1771 2262 1844 super:
2281 1753 2416 1820 ﬁlios
2448 1753 2734 1844 hominum.
2763 1752 2863 1844 Qtﬁi
2891 1755 3304 1844 convertitnlnaae
3330 1757 3629 1840 itaaridam,
3658 1759 3714 1812 in

405 1827 794 1900 pradicabunt.

804 1940 1054 1998 INCIPIT
1095 1939 1413 1998 PSALMUS
1450 1940 1610 1998 LXV.

480 2036 712 2092 Jubilate
753 2031 886 2102 Deo,
933 2035 1096 2089 omnis
1135 2043 1291 2102 terra,
1331 2031 1598 2087 Psalmum
1626 2033 1779 2090 dicite
1815 2035 2009 2090 nomini

408 2127 545 2166 eius.

431 2130 722 2236 Jugrimum
741 2194 870 2248 ergo
884 2175 1223 2248 jubilandum
1241 2174 1352 2231 Deo
1377 2185 1695 2248 praemonet,
1714 2177 2006 2248 secundum

404 2252 745 2326 psallendum
789 2246 1374 2326 nominiejuskdehinc
1392 2247 1620 2326 dandam
1640 2246 2012 2326 gloriamlan-

406 2318 614 2380 dationi
641 2323 794 2392 ejus;
826 2329 955 2375 tunc
978 2319 1128 2374 dices
1159 2318 1386 2392 Domino
1416 2319 1544 2392 Deo,
1577 2318 1729 2392 quam
1761 2319 2014 2392 terribilia

407 2406 532 2450 sunt
561 2389 714 2466 opera
742 2403 858 2447 tua:
889 2402 1162 2466 postremo
1172 2390 1566 2466 confitendum,
1599 2389 1665 2466 [η
1687 2390 2015 2466 multitudine

409 2460 614 2522 virtutis
651 2476 754 2520 tua:
785 2460 1087 2518 mentiantur
1124 2460 1214 2514 tibi
1243 2461 1439 2516 inimici
1477 2461 1571 2515 tui.
1608 2461 1714 2517 Sed
1742 2461 1808 2516 ad
1840 2465 2010 2516 ratio-

412 2553 563 2605 nem,
590 2534 1020 2607 atqueord‘inem
1054 2533 1209 2607 hujus
1239 2531 1506 2607 sermonis
1539 2533 1903 2607 necessarium
1931 2539 2016 2607 est

411 2609 493 2674 id,
521 2601 1079 2680 quodidiflicultatem
1099 2601 1273 2671 all'crt,
1304 2603 1490 2673 paucis
1517 2602 1818 2660 absolvere.
1850 2601 1907 2659 In
1938 2603 2016 2658 la-

413 2675 554 2736 tinis'
571 2677 852 2734 codicibus
878 2676 949 2730 ita
979 2675 1204 2744 legimus
1233 2691 1244 2728 :

484 2751 712 2806 Jubilate
739 2749 845 2803 Deo
866 2789 881 2814 ,
913 2747 1078 2801 omnis
1108 2754 1263 2800 terra.

483 2821 592 2879 Sed
615 2830 874 2891 quantum
901 2817 966 2875 ad
998 2818 1196 2891 eloquii
1229 2817 1396 2891 nostri
1425 2817 1869 2891 consuetudinem
1895 2832 2016 2888 per—

410 2893 570 2954 tinet,
589 2887 816 2962 jubilum
839 2887 1124 2962 pastoralis
1151 2887 1481 2962 agrestisque
1501 2890 1645 2944 vocis
1667 2905 1856 2962 sonum
1879 2887 2017 2944 nun-

411 2959 700 3035 cupamus,
730 2959 857 3035 cuni
898 2961 958 3035 in
994 2959 1370 3035 solitudinibus
1400 2971 1490 3015 aut
1531 2961 1887 3035 respondens,
1925 2970 2020 3035 aut

413 3031 700 3107 requirens
735 3034 916 3107 ducta
947 3032 999 3086 in
1031 3031 1256 3107 longum
1286 3047 1450 3107 sonus
1494 3031 1661 3107 vocis
1685 3033 1916 3107 auditur.
1958 3032 2014 3107 l_u

413 3102 620 3165 Graecis
640 3122 769 3161 vero
797 3103 968 3167 libris.
1000 3102 1091 3174 qui
1119 3119 1184 3174 ex
1216 3103 1484 3158 l‘lebraico
1513 3102 1738 3172 proximi
1769 3105 2017 3174 sunttsi-

2111 1823 2325 1895 ﬂumine
2354 1825 2730 1893 pertransibunt
2753 1823 2897 1895 pede.
2929 1825 3037 1880 Sed
3063 1825 3190 1895 quid
3215 1827 3280 1880 ad
3314 1829 3578 1883 universa:
3605 1823 3712 1883 ter-

2113 1893 2187 1951 ra:
2217 1895 2449 1969 salutem
2467 1895 2675 1964 proﬁcit
2691 1893 3015 1969 ?Videamus
3031 1893 3156 1969 quid
3181 1897 3338 1952 nobis
3363 1908 3510 1954 lauto
3529 1908 3712 1969 postea

2112 1967 2292 2040 gentis
2322 1965 2587 2040 Jordanes
2617 1978 2744 2022 tunc
2781 1965 3336 2040 arefactusimpertit.
3382 1965 3541 2040 hujus
3565 1970 3712 2027 enim

2111 2039 2267 2111 aquis
2316 2038 2544 2111 primum
2590 2045 2930 2111 peccatorum
2969 2037 3172 2093 ablutio
3197 2039 3404 2094 Joanne
3445 2037 3714 2111 paeniten-

2114 2109 2244 2164 tiam
2274 2109 2602 2179 pra-dicante
2627 2109 2822 2164 donata
2853 2117 2935 2162 est
2965 2127 2977 2163 :
3010 2124 3104 2178 per
3135 2111 3277 2166 hunc
3311 2109 3455 2166 enim
3491 2113 3709 2168 [luvium

2114 2183 2168 2235 in
2219 2179 2655 2248 repromissionis
2699 2191 2894 2235 terram
2940 2181 3136 2249 popqu
3169 2183 3269 2236 iter
3313 2183 3518 2249 fuerat;
3569 2198 3714 2240 nunc

2114 2267 2330 2322 quoque
2364 2266 2458 2317 per
2486 2267 2606 2323 eum
2640 2251 2724 2306 via
2755 2249 2910 2305 nobis
2938 2255 3174 2307 caelestis
3197 2254 3345 2323 regni
3375 2253 3714 2310 demonstra-

2117 2333 2224 2388 tur,
2269 2323 2424 2391 aquis
2465 2322 2596 2390 ipsis
2632 2323 2907 2390 Baptismo
2949 2323 3158 2378 Domini
3204 2322 3558 2382 consecratis.
3609 2325 3712 2384 Ubi

2116 2394 2404 2448 (tutabimur
2439 2394 2491 2446 in
2519 2395 2650 2462 ipso,
2686 2391 2948 2460 Propheta
2975 2394 3202 2462 subjecit
3227 2437 3242 2460 ,
3271 2395 3458 2453 dicens
3483 2416 3498 2453 :

2194 2463 2296 2531 Qui
2317 2463 2662 2518 dominabitur
2686 2465 2736 2518 in
2761 2465 2990 2534 potentia
3014 2481 3109 2520 sua
3133 2467 3188 2520 in
3209 2478 3478 2524 aeternum.

2187 2534 2510 2605 Unigenitus
2539 2536 2682 2590 enim
2717 2535 2810 2590 Dei
2839 2536 2998 2612 filius,
3040 2545 3096 2591 et
3132 2537 3176 2592 si
3203 2541 3447 2609 regnavit
3472 2555 3714 2612 semper,

2119 2621 2225 2662 non
2247 2616 2424 2679 tamen
2448 2621 2663 2679 semper
2686 2609 2928 2679 regnavit
2955 2608 3007 2662 in
3034 2608 3300 2677 corpore:
3327 2626 3448 2664 nam
3471 2611 3574 2666 hoc
3597 2608 3716 2668 loco

2120 2686 2335 2753 tempus
2381 2677 2511 2753 illud
2554 2677 2886 2753 ostenditur,
2911 2692 3018 2753 quo
3061 2679 3363 2748 glorificato
3400 2681 3454 2736 in
3484 2683 3712 2753 gloriam

2122 2747 2454 2822 Deicorpori
2481 2759 2534 2803 et
2563 2764 2762 2822 nomen
2797 2748 2888 2802 Dei
2915 2747 3170 2822 donatur,
3199 2759 3252 2804 et
3274 2747 3520 2822 regnuni.

2194 2819 2452 2894 Quoniam
2489 2819 2716 2894 probasti
2757 2835 2872 2885 nos,
2902 2818 3220 2891 Deus,_igne
3259 2818 3359 2878 ηοέ
3388 2825 3716 2894 examinasti,

2119 2892 2246 2961 sicut
2274 2892 2389 2961 igne
2417 2891 2741 2945 examinatur
2774 2901 3062 2961 argentum.

2192 2960 2622 3038 Comparationis
2648 2960 2948 3038 similitudo
2974 2974 3056 3017 est
3086 2980 3098 3017 :
3132 2963 3474 3021 examinandi
3507 2967 3718 3038 argenti

2123 3033 2210 3088 illa
2252 3036 2366 3107 sola
2413 3033 2550 3107 ratio
2589 3042 2694 3107 est,
2725 3043 2794 3107 ut
2823 3032 3034 3097 sordes,
3073 3051 3192 3103 qua:
3232 3053 3298 3092 ex
3353 3038 3518 3107 prima
3559 3032 3719 3097 terra:

2126 3104 2351 3159 materie
2391 3102 2737 3167 adhaeseriut,
2765 3102 3164 3174 decoquautur;
3207 3117 3262 3161 et
3302 3102 3456 3164 si'ex
3495 3110 3722 3168 alterius

413 3179 816 3252 gnitigatiouem
867 3173 1132 3252 ejusmodi
1166 3173 1326 3252 habet
1365 3190 1696 3240 ΑιΑιΑοιιυς,
1729 3189 1887 3252 quem
1915 3173 2018 3229 La-
2049 3173 2095 3238 C
2128 3175 2327 3252 mgalli
2356 3183 2543 3252 natura
2575 3175 2808 3252 admixta
2842 3173 3056 3252 fuerint,
3089 3187 3403 3248 purgentur.

415 3244 514 3306 {ini
539 3249 769 3321 jubilum
799 3256 1001 3315 ponunt
1029 3244 1331 3321 {significat
1361 3261 1543 3300 vocem
1573 3247 1840 3299 exercitus
1879 3261 2018 3314 prm-

417 3314 598 3378 Iiantis
625 3321 721 3394 (al.
755 3314 1132 3390 proterentis),
1153 3326 1242 3394 aut
1283 3315 1642 3394 iri-concursu
1671 3326 1877 3394 prapter
1911 3332 2022 3370 rem

425 3387 654 3460 hostem,
672 3387 768 3446 aut
789 3387 1096 3445 successum
1124 3387 1363 3460 victoria;
1381 3388 1754 3460 exsultationis
1770 3387 1914 3460 voce
1925 3397 2024 3460 gle-

427 3457 776 3519 stantis.'Vox
805 3469 985 3516 autem
1005 3458 1382 3514 exsultationis
1401 3459 1649 3514 dissentit
1667 3474 1693 3509 a
1709 3458 1900 3528 jubilo.
1923 3457 2023 3512 Po-

423 3537 513 3592 siti
541 3537 700 3605 igitur
720 3543 774 3588 et
796 3547 1109 3605 nossemus
1135 3530 1328 3605 invitae
1352 3532 1504 3605 istius
1539 3529 1752 3605 praeliis,
1777 3537 1831 3584 et
1851 3528 2024 3605 iu_h_oc

422 3599 601 3662 carnis
627 3616 681 3674 et
734 3604 1008 3672 sanguinis
1038 3603 1202 3655 nostri
1241 3601 1562 3674 certamine,
1590 3599 2019 3674 adversumllia-

420 3672 630 3742 bolum,
674 3671 1050 3744 exercitusque
1099 3674 1216 3742 ejus
1268 3675 1449 3744 armis
1479 3671 1810 3744 sitiritalibus
1860 3671 2022 3744 dimi-

421 3761 648 3806 cantes:
677 3757 898 3817 propter
927 3742 1069 3817 quod
1105 3759 1387 3817 monemur
1437 3743 1547 3798 Deo
1581 3742 1633 3797 in
1668 3758 1800 3817 voce
1836 3743 2021 3817 essul-

425 3821 645 3876 tationis
678 3813 959 3888 'jubilareC
999 3815 1296 3888 Ferendus;
1329 3825 1412 3871 est
1473 3828 1601 3888 ergo
1667 3813 2024 3888 confessionis

425 3904 629 3948 nosme
666 3885 918 3944 sermone
974 3885 1148 3942 omnis
1174 3886 1429 3956 profanus
1457 3885 1702 3950 auditor,
1751 3896 1804 3940 et
1832 3887 2024 3938 adver-

425 3979 548 4021 sum
573 3961 877 4023 Diabolum,
911 3973 1167 4029 armaque
1207 3958 1345 4027 ejus,
1377 3959 1682 4012 orationum
1715 3965 2020 4029 nostrarum

426 4034 607 4090 sonitu
634 4030 946 4088 certandum
976 4028 1092 4092 est,
1118 4040 1172 4084 et
1197 4029 1324 4086 belli
1346 4029 1518 4085 nostri
1543 4028 1820 4083 victoriam
1846 4028 2026 4083 exsul-

430 4105 656 4162 tationis
686 4118 816 4158 voce
838 4100 1181 4156 monstranda
1202 4109 1306 4156 est.

503 4176 702 4232 Audiat
727 4173 929 4228 orantis
950 4173 1129 4244 populi
1162 4186 1348 4227 vocem
1376 4170 1515 4244 quis,
1549 4178 1698 4225 extra
1715 4167 2024 4244 _Ecclesiam

430 4258 685 4320 spectans
711 4241 1524 4320 celebres'bymnorumsonitus
1551 4257 1671 4296 cum
1697 4241 1889 4296 devota
1937 4255 2025 4320 re:

429 4309 1112 4391 sponsioueconfessionis
1135 4314 1402 4391 accipiat:
1452 4327 1673 4391 necesse
1715 4322 1797 4367 est
1829 4309 2028 4365 terreni

431 4383 651 4447 omnem
677 4389 1072 4451 adversantem,
1094 4401 1216 4441 cum
1243 4384 1428 4440 audiat
1449 4383 1696 4439 victrices
1730 4396 1891 4439 voces
1933 4397 2030 4437 no-

431 4475 575 4519 stras
592 4459 963 4517 exsultationis
981 4458 1152 4528 gloria
1169 4470 1460 4528 personare
1486 4472 1498 4508 :
1523 4453 1650 4509 Date
1668 4455 1886 4525 gloriam
1912 4453 2029 4506 lau-

434 4535 634 4588 datiom'
661 4533 774 4602 ejus
804 4548 823 4586 :
860 4531 950 4584 tali
981 4527 1123 4602 enim
1167 4527 1468 4582 laudatione
1499 4536 2027 4602 cumgentes__opera

438 4614 621 4660 nostra
650 4597 993 4665 contuentur,
1019 4599 1230 4654 Patrem
1261 4609 1523 4661 nostrum,
1549 4597 1638 4669 qui
1671 4598 1720 4651 in
1744 4597 1896 4654 ctelis
1925 4607 2029 4662 est,

441 4675 884 4739 ntagnilicabunt,
908 4681 962 4726 et
988 4671 1191 4725 dabunt
1219 4669 1421 4724 nomini
1444 4669 1562 4739 ejus
1592 4669 1837 4736 gloriam.

513 4692 534 4728 ᾖ
569 4692 884 4736 nttlcauunt,
908 4692 962 4726 ΕΙ.
988 4692 1191 4725 αςιυιιιιι
1219 4692 1421 4724 1101111111
1444 4692 1562 4739 ιεμιδ
1592 4692 1780 4736 8101⁷131

513 4692 684 4801 ὗὶεἱιε
713 4743 865 4799 Deo:
891 4743 1052 4808 Quam
1081 4741 1326 4795 terribilia
1346 4751 1462 4812 sunt
1485 4755 1638 4812 opera
1664 4740 1782 4794 tua!

513 4817 645 4885 Quis
683 4821 828 4872 enim
877 4830 983 4869 non
1026 4812 1255 4885 trepidet
1291 4811 1357 4866 ad
1401 4810 1734 4885 majestatem
1793 4810 1910 4881 ejus
1947 4811 2036 4883 qui

438 4883 622 4946 secula
673 4886 984 4951 instituerit,
1025 4884 1280 4940 mundum
1311 4883 1634 4950 condiderit,
1672 4891 1912 4953 tempora
1945 4898 2039 4951 per

442 4962 590 5017 vices
630 4959 908 5016 dimensus
933 4958 1001 5012 sit
1025 4998 1040 5020 ,
1063 4956 1258 5011 coelum
1295 4955 1452 5009 astris
1497 4955 1790 5020 ornaverit,
1841 4964 2038 5008 terram

443 5032 712 5088 fructibus
752 5028 1060 5100 repleverit,
1093 5041 1245 5081 mare
1282 5025 1523 5100 obicibus
1558 5024 1906 5100 concluserit,
1940 5025 2038 5079 ho-

446 5105 674 5169 minem,
701 5111 761 5157 ut
797 5097 880 5156 liis
905 5109 998 5154 aut
1024 5105 1286 5161 uteretur,
1315 5100 1407 5152 a‘ut
1437 5097 1829 5163 dominaretur,
1862 5098 2034 5169 elege-

446 5175 562 5232 rit?
602 5167 704 5229 Per
749 5173 863 5228 haec
908 5171 1084 5226 omnia
1131 5169 1343 5242 virtutis
1391 5171 1558 5242 signa
1591 5169 1872 5239 potestatis
1923 5167 2042 5242 ejus

445 5247 725 5302 aeternitas
761 5245 1021 5309 noscitur,
1054 5242 1155 5296 ἰδίει
1183 5240 1324 5295 enim
1357 5237 1602 5297 teri'ibile'
1627 5254 1824 5294 nomen
1852 5237 2042 5294 condi-

451 5317 586 5373 toris
625 5316 903 5373 efliciunt:
944 5313 1134 5385 horum
1174 5312 1334 5385 igitur
1361 5326 1583 5385 operum
1627 5310 1876 5385 conditor
1923 5323 2044 5385 esse

453 5389 619 5453 Deus,
669 5403 700 5442 a
745 5385 898 5443 nobis
933 5381 1304 5456 praedicandus
1336 5381 1440 5452 est,
1473 5392 1526 5440 et
1571 5397 1602 5436 a
1642 5381 1852 5438 caeteris
1878 5381 2044 5437 conli-

455 5460 673 5516 tendus.

527 5528 597 5586 In
632 5529 959 5585 multitudine
990 5527 1190 5584 uirtutis
1236 5535 1337 5583 tua:
1379 5524 1688 5579 mentiemur
1730 5522 1820 5580 tibi
1851 5523 2050 5579 inimici

530 5675 612 5749 Ex
660 5673 1003 5749 multitudine
1051 5670 1255 5749 scilicet
1301 5668 1513 5726 virtutis
1561 5667 1655 5749 Dei
1700 5665 2051 5749 falsorumin

459 5745 566 5802 diis
599 5746 876 5802 nominum
915 5760 1048 5800 vana
1090 5742 1417 5806 efficiuntur,
1462 5748 1518 5796 et
1555 5739 1680 5811 quia
1727 5739 2054 5796 mentiemur

460 5817 684 5885 inimici,
707 5818 833 5889 quid
859 5833 890 5875 a
919 5816 1127 5874 cunctis
1152 5814 1268 5872 ﬁeri
1299 5822 1564 5885 oporteat,
1595 5811 1818 5870 docetur
1845 5811 1915 5868 ita
1941 5829 1953 5864 :

2197 3245 2337 3324 Deus
2368 3246 2857 3324 itaquecredentes
2888 3247 2937 3300 in
2970 3263 3050 3324 se,
3078 3245 3464 3324 non'tauquam
3501 3253 3719 3324 ignarus

2123 3318 2414 3381 examinat,
2467 3317 2560 3372 sed
2615 3318 2911 3373 secundum
2960 3320 3274 3387 Apostolum
3325 3317 3719 3382 tentatiimibus

2124 3388 2498 3458 probationem
2557 3389 2734 3444 affert.
2794 3389 2882 3444 Sic
2939 3389 3120 3458 itaque
3177 3392 3558 3449 examinantur
3594 3411 3719 3452 cre-

2122 3459 2332 3531 dentes,
2365 3470 2420 3531 nt
2440 3460 2571 3531 igne
2601 3461 2838 3531 purgati,
2874 3467 2928 3514 et
2957 3460 3286 3517 admixtione
3315 3463 3564 3520 vitiorum
3595 3483 3716 3522 car-

2124 3530 2324 3584 naliqu
2358 3529 2622 3593 deﬂuenti,
2655 3530 2992 3600 splendeant,
3023 3533 3365 3588 examinante
3395 3535 3721 3593 innocentia:

2123 3600 2386 3674 claritate.
2435 3600 2814 3674 Tentationum
2863 3615 3044 3657 autem
3093 3619 3330 3674 genera,
3379 3615 3434 3661 et
3479 3607 3725 3666 diversas

2123 3671 2419 3743 Martyrum
2453 3673 2705 3727 victorias
2734 3683 3054 3729 contuentes
3090 3671 3288 3730 scimus
3315 3677 3506 3743 quibus
3549 3681 3722 3736 modis

2123 3743 2318 3797 animae
2362 3753 2628 3810 ponantur
2665 3746 2716 3799 in
2763 3746 2949 3799 vitain.
2979 3746 3083 3800 Alii
3128 3747 3180 3800 in
3229 3749 3455 3803 vinculis
3483 3753 3722 3808 carceris

2125 3814 2449 3888 gloriantur,
2483 3815 2571 3868 alii
2617 3817 2740 3870 cmsi
2778 3816 2840 3888 in
2888 3817 3199 3872 verberibus
3239 3821 3591 3888 gratulantur.
3630 3823 3723 3879 alii

2126 3888 2377 3955 potestati
2421 3885 2718 3941 desecanda
2767 3887 2997 3942 felicium
3040 3885 3273 3957 capitum
3311 3893 3450 3946 colla
3492 3894 3722 3948 subruit-

2092 3991 2094 3994 μ
2126 3965 2280 4032 tum;
2310 3958 2488 4027 plures
2515 3957 2567 4032 in
2597 3969 2898 4032 exstructos
2919 3974 3078 4032 rogos
3104 3970 3349 4027 currunt,
3378 3972 3432 4018 et
3456 3965 3726 4032 trcpidan-

2128 4028 2270 4083 tibus
2302 4044 2472 4096 pteute
2503 4029 2761 4084 ministris
2789 4030 2966 4099 ignem
2997 4028 3135 4085 Saltu
3172 4033 3381 4086 devotae
3422 4028 3724 4090 festinatio-

2127 4101 2214 4152 nis
2237 4100 2506 4161 insiliunt;
2539 4099 2628 4153 alii
2663 4102 2712 4153 in
2737 4100 3058 4172 profundum
3090 4101 3489 4172 demergentes,
3521 4121 3626 4160 non
3668 4106 3722 4162 in

2127 4184 2297 4240 aquas
2330 4179 2632 4240 necaturas.
2661 4169 2758 4223 sed
2791 4175 2842 4223 in
2881 4169 3217 4240 refrigerium
3243 4169 3506 4229 aeternum
3539 4176 3720 4232 Beati-

2130 4239 2332 4294 tudinis
2357 4239 2632 4312 decidunt,
2663 4248 2776 4296 toto
2799 4241 2914 4310 ipso
2937 4239 3166 4312 corpore
3197 4243 3310 4300 Deo
3345 4245 3574 4302 hostiam
3601 4259 3723 4305 tan-

2129 4326 2288 4382 quam
2322 4311 2629 4365 holocausta
2666 4312 2990 4380 praebentes.

2203 4382 2471 4460 Percurrit
2508 4396 2636 4460 ergo
2665 4399 2763 4454 per
2795 4384 2909 4460 haec
2938 4384 3245 4452 passionum
3269 4401 3466 4458 genera
3496 4405 3563 4446 ex
3596 4406 3722 4460 per-

2131 4469 2264 4580 sona
2309 4452 2690 4523 Apostolorum
2735 4464 2791 4510 et
2831 4455 3119 4526 Martyrum
3152 4452 3497 4530 propheticus
3545 4452 3724 4519 sermo

2175 4538 2356 4580 tcens:

2175 4538 2356 4580 ICCDS:

2058 4569 2112 4630 D
2207 4595 2339 4674 Igne
2366 4611 2459 4674 nos
2490 4597 2828 4674 examinasti,
2874 4597 3004 4652 sicut
3041 4598 3159 4674 igne
3184 4602 3506 4656 examinatur
3538 4618 3731 4674 argen-

2140 4677 2245 4722 tum
2273 4683 2291 4721 :
2319 4667 2571 4721 induxisti
2594 4685 2688 4722 nos
2713 4669 2767 4722 in
2789 4669 3046 4739 laqueum,
3064 4667 3131 4726 id
3163 4683 3247 4726 est
3274 4674 3325 4726 in
3351 4667 3728 4732 custodité'ca-

2140 4749 2290 4816 tetras
2315 4755 2326 4791 :
2358 4739 2571 4816 posuisti
2588 4739 2938 4816 tribulationes
2961 4742 3015 4795 in
3037 4743 3248 4816 dorsum
3265 4756 3514 4813 nostrum,
3541 4762 3729 4816 pmnas

2138 4810 2346 4885 scilicet
2369 4811 2674 4885 verberum,
2697 4813 2889 4885 quibus
2909 4813 3204 4885 Apostolus
3227 4814 3414 4870 Petrus
3441 4810 3656 4885 gaudet,
3673 4828 3731 4874 et

2141 4881 2344 4959 Paulus
2353 4880 2917 4959 exsultatzimposuisti
2929 4880 3323 4959 Itomine_s_super
3336 4880 3505 4959 capita
3525 4880 3700 4944 nostra
3715 4905 3735 4945 :

2140 4953 2464 5024 transivimus
2491 4969 2580 5024 per
2605 4954 2773 5024 ignem
2801 4963 2847 5008 et
2882 4971 3088 5023 aquam.
3126 4953 3242 5009 Non
3279 4959 3331 5012 in
3371 4953 3452 5012 his
3477 4960 3732 5016 dissolvi-

2143 4970 2464 5007 transivimus
2527 4970 2580 5005 er
2605 4970 2773 5024 ignem
2801 4970 2847 5008 et
2882 4971 3088 5023 aquam.
3126 4970 3242 5009 non
3279 4974 3331 5012 tn
3371 4970 3452 5012 tus
3477 4970 3732 5016 dissolvi-

2143 5033 2247 5090 tur,
2272 5023 2428 5078 scdin
2453 4970 2595 5078 aliud
2619 5041 2712 5093 per
2733 5025 2818 5078 illa
2835 5026 3215 5092 transducitur,
3240 5042 3362 5083 cum
3383 5029 3537 5086 dicit:
3565 5030 3734 5086 Tran-

2139 5095 2347 5168 si‘vimus
2368 5111 2458 5166 per
2479 5095 2648 5166 ignem
2669 5105 2714 5150 et
2735 5111 2959 5168 aquam;
2985 5104 3042 5168 et
3064 5097 3152 5152 ubi
3183 5100 3576 5164 transducatur.
3610 5102 3738 5160 Pro-

2141 5166 2304 5246 pheta
2336 5180 2441 5246 non
2486 5169 2695 5246 ignorat
2721 5166 2921 5246 _dice_n_s
2959 5183 2972 5220 :
3007 5166 3267 5246 Induxiin
3305 5189 3398 5246 nos
3429 5174 3485 5227 in
3518 5176 3738 5246 refrige-

2143 5236 2300 5291 rium.
2335 5236 2764 5317 Resurrectionis
2790 5239 2997 5293 scilicet
3023 5240 3167 5317 diem
3216 5241 3500 5312 significat,
3548 5236 3600 5300 in
3629 5236 3736 5317 qua

2145 5319 2271 5392 post
2295 5310 2486 5364 mortis
2506 5309 2660 5364 istius
2681 5318 2894 5380 tempus
2919 5325 3027 5366 non
3053 5310 3231 5379 ﬂetur,
3261 5309 3367 5370 non
3390 5309 3665 5386 peccatur;
3683 5326 3738 5375 et

2147 5388 2364 5435 vivitur.

2220 5449 2452 5506 Introibo
2477 5452 2532 5506 in
2556 5451 2768 5526 domum
2795 5461 2938 5508 tuam
2959 5454 3014 5509 in
3039 5455 3385 5526 holocaustis;
3409 5458 3620 5515 reddant
3647 5459 3742 5516 tibi

2149 5531 2267 5595 vota
2287 5538 2420 5588 mea,
2448 5539 2563 5595 quin
2583 5523 2928 5580 distinxerunt
2949 5527 3090 5581 labia
3119 5543 3248 5584 mea.

2222 5593 2668 5674 Hascerg‘osunt
2697 5596 2752 5651 in
2790 5596 3149 5674 tribulatione
3177 5601 3409 5674 primum
3447 5600 3740 5674 Martyrum

2151 5675 2277 5723 vota
2295 5672 2318 5733 ;’
2354 5673 2482 5721 tunc
2509 5665 2726 5734 deinde,
2757 5676 2819 5724 ut
2839 5683 2908 5725 ex
2932 5669 3088 5726 nobis
3128 5665 3429 5729 holocausta
3465 5665 3750 5730 medullam

2153 5746 2552 5795 consummant.
2600 5737 2776 5797 luduti
2817 5748 2944 5796 sunt
2988 5741 3185 5799 arietes
3212 5743 3390 5798 ovium
3426 5758 3441 5795 :
3476 5741 3563 5798 hic
3600 5745 3750 5800 enim

2157 5811 2354 5867 arietes
2390 5824 2512 5868 cum
2559 5810 2782 5870 incenso
2829 5811 3009 5871 ovium
3062 5811 3324 5884 Martyres
3376 5812 3749 5886 intelliguntur
