4138 6180
431 324 561 383 XIX
1809 313 1901 368 MA
1912 308 1995 368 FF
2000 311 2029 366 Ε

2134 302 2430 362 pmoms
3576 306 3581 319 ’
3642 284 3738 358 sx

440 446 712 509 tamquam
737 435 1006 509 principes
1030 427 1593 509 gregum-donemus
1618 436 1823 509 autem.
1839 426 2039 509 arietes
2066 425 2120 488 Α
2146 416 2899 509 βεεεῑιίιοερνξειιέιξὶιςξὲρξ
2917 416 3499 509 εῖξιξβξξάειξέιψέιί

439 496 818 566 ειιιηἹιιεειίεο
847 496 1163 565 οιῗειιειῖιιιιζ
1213 500 1306 557 sed
1339 499 1500 555 etiam
1532 499 1700 555 boves
1742 496 2038 554 oﬂ‘erentur

435 598 556 635 cum
589 580 785 641 hircis;
817 577 869 632 id
888 588 971 632 est
997 574 1332 631 contumacis
1364 582 1571 627 naturze
1601 585 1794 642 pecora
1826 569 1892 642 ad
1922 566 2039 625 cul-

438 662 611 706 turam
644 650 737 705 Dei
754 649 1065 712 domantur,
1092 646 1180 711 qui
1204 643 1305 700 sub
1336 640 1615 698 momento
1633 640 1892 712 temporis
1914 657 2040 695 eru-

437 724 531 776 diti
564 723 694 778 sint.
724 720 837 775 Non
861 732 988 789 ergo
1017 717 1087 772 de
1110 716 1402 786 pecudibus
1430 714 1546 769 haec
1574 713 1958 789 loquit.iir,__sed
1983 713 2037 789 in

439 794 611 848 bobus
630 790 881 846 Ecclesiae
914 782 1146 844 hominis
1183 789 1346 858 figura
1379 782 1708 858 monstratur
1741 801 1752 839 :
1798 783 1920 839 illos
1934 782 2040 858 sci-

434 866 580 925 licet,
616 877 752 934 quos
782 860 1169 934 persecutionis
1194 853 1484 934 tempestas
1513 858 1563 910 in
1594 854 1886 934 Martyrum
1916 853 2037 934 glo-

437 937 576 991 riam
596 926 893 1003 generavit.
920 926 1134 1003 Scimus
1164 926 1321 985 eniin‘
1342 926 1522 1003 pinres
1553 942 1648 997 per
1677 928 2037 1003 ignorantiam

436 996 684 1076 exemplo
730 1004 1018 1076 Martyrum
1069 1001 1135 1056 ad
1181 998 1499 1076 martyrium
1535 996 1865 1076 cucurriSse,
1913 996 2037 1076 titlei

436 1067 696 1147 martjrio
725 1067 950 1147 gloriam
978 1072 1300 1147 consecutos
1320 1067 1337 1137 ξ
1358 1071 1543 1147 qualis
1559 1073 1658 1124 fuit
1688 1069 1942 1147 ille‘unus
1971 1067 2040 1124 de

435 1140 750 1213 latronibus:
799 1150 888 1217 qui
934 1158 1054 1201 cum
1086 1142 1317 1197 Domino
1363 1140 1652 1196 cruciﬁxus
1690 1141 1744 1194 in
1783 1141 1900 1264 ᾖδε
1942 1152 2038 1195 sua

435 1220 779 1264 damnatione.
828 1218 993 1264 Delum
1036 1212 1315 1264 cntifessus
1353 1214 1456 1264 est.
1507 1212 1741 1264 dicens:
1843 1220 2038 1264 emento

433 1220 779 1274 damnatione
817 1212 994 1272 'Deum
1036 1212 1315 1269 cuufessus
1353 1214 1456 1276 est,
1507 1212 1693 1267 dicens
1727 1229 1741 1266 :
1783 1212 2038 1265 Memento

434 1289 798 1367 mei,Domine,
814 1304 928 1343 cum
944 1287 1136 1367 veneris
1157 1285 1211 1339 in
1223 1300 1435 1367 regnum
1451 1280 1909 1367 ιιιιιιιι.(ιιιιιε.]ςξιιῐζ

435 1352 550 1416 Cui'
568 1363 634 1414 ita
663 1352 982 1428 responsum
1023 1372 1051 1411 a
1089 1356 1196 1411 Deo
1231 1352 1347 1410 est:
1379 1353 1542 1409 Amen
1564 1352 1681 1408 dico
1724 1352 1837 1420 tibi,
1888 1352 2040 1407 hodie

433 1447 633 1485 mecum
658 1431 758 1485 eris
780 1431 832 1485 iu
869 1428 1141 1483 Paradiso.
1172 1428 1363 1483 Postea
1394 1428 1536 1483 enim
1562 1438 1719 1495 quam
1750 1439 2036 1495 perSonam

435 1500 840 1572 Apostolorum,
869 1501 1187 1572 Martyrum,
1223 1498 1617 1572 Prophetarum
1645 1496 1879 1565 Spiritus
1913 1510 2039 1572 pro-

436 1566 666 1642 plieialis
709 1566 1042 1636 ostenderai,
1072 1571 1268 1640 quibus
1315 1566 1490 1626 modis
1521 1567 1715 1623 animae
1757 1573 1944 1623 essent
1981 1566 2036 1623 in

440 1645 569 1709 vita,
600 1644 868 1713 eloquitur
897 1643 1119 1698 dicens:

508 1715 717 1840 gemma
738 1715 858 1796 fecit
886 1714 1074 1797 anima:
1103 1728 1247 1767 uteie.

559 1801 658 1839 aut:
681 1801 825 1840 enim
856 1801 1088 1839 annnam
1123 1798 1247 1840 nosu

559 1801 658 1839 aut:
681 1777 825 1840 enim
856 1788 1088 1839 animam
1123 1787 1303 1854 posuit
1324 1782 1377 1838 in
1405 1783 1593 1845 vitam,
1618 1778 1763 1854 hanc
1789 1777 2035 1854 inrem-

433 1860 640 1929 gcrium
666 1857 900 1921 induxit,
925 1856 1041 1929 haec
1062 1850 1469 1929 in'holocaustts
1489 1853 1709 1929 domum
1738 1851 1831 1907 Dei
1848 1850 2038 1929 introi-

435 1922 532 1984 vit.
566 1928 757 1983 Meruit
782 1942 910 1997 ergo
937 1927 1072 1981 bona
1100 1927 1299 1987 anima.
1332 1938 1453 1995 quae
1482 1924 1548 1978 ad
1589 1924 1755 1997 Deum
1796 1937 1893 1978 ore
1921 1922 2031 1997 cla-

439 2001 626 2063 mavit,
671 2015 774 2051 non
819 1994 869 2052 in
924 1998 1122 2066 lingua,
1164 1996 1258 2053 sed
1301 1994 1394 2052 sub
1439 1997 1654 2065 lingua:
1708 1995 1760 2049 in
1811 1994 2038 2066 occultis

439 2069 656 2126 scilicet
697 2070 875 2140 lingua
911 2065 1077 2140 Deum
1116 2069 1363 2124 confessa
1399 2078 1501 2133 est,
1543 2074 1763 2137 pmpter
1796 2065 1938 2136 quod
1967 2080 2037 2120 ex

437 2141 728 2212 Martyrum
758 2138 984 2208 persona
1016 2138 1216 2212 dictum
1246 2149 1332 2196 est
1357 2155 1371 2193 :

511 2206 831 2287 Injustitiam
859 2212 903 2264 si
933 2211 1194 2287 conspeaji
1215 2212 1267 2265 in
1297 2210 1452 2287 corde
1484 2224 1618 2287 meo,
1659 2225 1762 2287 non
1793 2206 2037 2287 exaudiat

438 2278 601 2356 Deus.
655 2285 935 2356 Propterea
960 2278 1216 2337 exaudivit
1240 2298 1322 2337 me
1350 2280 1510 2345 Deus,
1540 2279 1758 2334 intendit
1786 2278 1893 2333 voci
1919 2292 2038 2332 ora-

442 2355 597 2409 tionis
626 2370 767 2408 mete.

509 2425 566 2480 In
598 2426 763 2481 corde
798 2440 897 2480 suo
936 2423 1142 2479 nullum
1181 2423 1393 2480 scilicet
1443 2422 1629 2477 vitium
1675 2418 2030 2483 contrahens;

440 2494 527 2550 hic
553 2498 699 2567 enim,
720 2494 913 2567 dignus
940 2494 1035 2549 fuit
1057 2495 1251 2550 audiri.
1290 2493 1349 2567 In
1372 2490 1478 2547 vita
1508 2494 1630 2567 ejus
1652 2490 1829 2567 anima
1858 2490 2035 2567 posita

437 2572 522 2622 est
560 2584 573 2621 :
605 2556 921 2638 pedesvejus
956 2581 1064 2621 non
1084 2565 1338 2620 commoti
1365 2572 1517 2638 sont,
1538 2556 1597 2619 ct
1620 2564 1673 2617 in
1691 2556 2033 2638 refrigerium

436 2633 686 2693 inductus
711 2633 901 2703 εςι,ἐι
926 2638 1144 2691 domum
1178 2638 1267 2691 Dei
1306 2637 1570 2701 introivit,
1607 2642 1661 2690 et
1695 2650 1814 2705 qua:
1842 2633 2036 2687 distin-

439 2719 599 2764 xerat
621 2710 773 2763 labiis
794 2718 914 2762 vota
940 2709 1220 2777 persiilvit,
1247 2706 1480 2761 dicendo
1513 2724 1526 2759 :

507 2779 809 2835 Benedictus
834 2776 973 2833 Deus
993 2780 1080 2848 qui
1100 2796 1201 2833 non
1223 2780 1411 2833 amovit
1426 2776 1830 2847 deprecationem
1866 2788 2036 2848 meum

435 2861 481 2903 et
507 2851 911 2905 misericordiam
940 2846 1088 2904 suum
1113 2867 1143 2904 a
1169 2860 1265 2903 me.
1301 2846 1534 2904 Laudem
1582 2848 1690 2902 Deo
1715 2852 1949 2915 emptam
1981 2846 2034 2900 in

435 2922 659 2976 exordio
693 2922 913 2986 Psalmi,
948 2923 998 2976 in
1032 2923 1139 2976 fine
1165 2920 1554 2976 confes~usest
1587 2918 1777 2987 Deum,
1801 2918 1884 2972 cui
1912 2918 2032 2988 glo-

436 2994 515 3047 ria
537 2999 621 3049 est
645 2994 697 3048 in
720 2992 900 3048 secula
931 2994 1257 3047 seculorum.

836 3100 1083 3159 INCIPIT
1108 3102 1428 3159 PSALMUS
1452 3100 1645 3157 CXIX.

941 3173 1221 3229 Canticum
1252 3173 1536 3244 graduum.

507 3263 588 3319 Ad
615 3272 683 3330 te,
713 3264 952 3331 Domine,
982 3281 1099 3320 cum
1127 3266 1402 3320 tributarer
1427 3263 1668 3331 clamavi,
1710 3273 1758 3319 et
1780 3261 2037 3319 exaudiui

435 3349 535 3390 me.

506 3407 841 3462 Psalmorum
865 3408 1027 3471 tituli,
1058 3416 1115 3461 ut
1141 3408 1194 3462 in
1223 3407 1453 3463 Psalmis
1479 3405 1802 3467 ostenditur,
1834 3406 2036 3461 habent

434 3492 562 3533 suas
590 3480 834 3547 proprias
872 3479 1315 3549 significationes,
1347 3482 1610 3533 rationem
1636 3486 1690 3533 et
1714 3491 2032 3547 argumenta

434 3552 783 3621 scriptorum,
815 3566 934 3620 qua:
960 3550 1262 3621 subiacent,
1299 3550 1619 3606 brevissime
1644 3550 1988 3605 continentes
2015 3567 2029 3604 :

434 3620 502 3675 de
527 3621 722 3690 quibus
749 3636 889 3677 nimc
928 3635 1033 3676 non
1062 3630 1144 3676 est
1172 3636 1395 3677 necesse
1425 3628 1676 3675 tractare.
1707 3622 1858 3674 'l'unc
1885 3622 2029 3674 enim

435 3691 486 3762 id
507 3691 620 3746 ﬁeri
641 3703 1001 3761 oportet,cum
1017 3692 1262 3746 Psalmus
1282 3692 1648 3762 unusquisque
1671 3690 1987 3746 tractabitur
2013 3708 2027 3744 :

435 3760 588 3816 Nunc
629 3760 760 3817 vero
800 3765 1076 3817 Canticum
1117 3764 1381 3833 graduum
1410 3760 1762 3833 attingimus,
1800 3777 2028 3830 quorum

436 3834 691 3904 continua
723 3844 775 3887 et
796 3834 1017 3904 aequalis
1048 3835 1326 3904 inscriptio
1347 3842 1449 3888 est.
1478 3835 1532 3888 lu
1560 3835 1828 3902 plerisque
1846 3844 2027 3888 autem

432 3903 658 3959 Psalmis
709 3906 871 3959 multa
910 3903 1225 3961 secundum
1253 3906 1552 3968 historiam,
1595 3913 1651 3959 et
1685 3904 1928 3959 ordinem
1971 3903 2026 3959 in

432 3975 981 4046 superscriptiouibus
1000 3991 1187 4031 eorum
1210 3976 1524 4046 esseindita
1549 3976 1807 4045 legimus:
1829 3986 1883 4029 ut
1902 3987 2025 4029 cum

431 4045 566 4116 fugit
604 4048 769 4101 David
807 4062 836 4101 ιι
890 4046 1027 4103 facie
1061 4046 1153 4102 ﬁlii
1202 4048 1286 4102 sui
1321 4045 1582 4111 Ahsalou,
1638 4062 1760 4101 cum
1800 4046 2027 4100 mutavit

426 4119 633 4171 vultum
664 4132 821 4173 suum
859 4132 1043 4173 coram
1063 4117 1377 4174 Abimelech
1394 4160 1409 4185 ,
1432 4132 1552 4174 cum
1574 4126 1693 4186 post
1710 4117 1976 4173 Bersabee
1993 4131 2023 4172 a

430 4186 638 4242 Nathan
673 4189 941 4260 Propheta
970 4198 1238 4255 nmnetur,
1269 4199 1325 4245 et
1364 4191 1416 4244 in
1453 4190 1675 4260 reliquis
1709 4189 1877 4245 sicubi
1904 4203 2022 4260 ges-

431 4268 607 4311 torum
634 4258 831 4313 veritas
851 4259 980 4329 ipsis
997 4260 1332 4315 Psalmorum
1363 4261 1537 4315 titulis
1565 4258 1892 4314 continetur.
1915 4258 2022 4315 Sed

430 4330 741 4384 meminisse
772 4345 871 4383 nos
890 4340 1123 4398 Oportet,
1152 4330 1393 4398 ejusdem
1422 4331 1666 4384 Psalmos
1686 4345 1791 4384 non
1821 4330 2023 4385 idcirco

428 4415 621 4454 omnes
641 4401 999 4471 corporaliter
1022 4400 1432 4471 intelligendos;
1457 4401 1585 4469 quin
1609 4400 1785 4470 potius
1808 4409 2024 4467 oportet

428 4486 530 4525 nos
549 4470 1269 4539 spiritalemintelligentiam
1293 4470 1394 4527 sub
1416 4471 1515 4524 hac
1543 4481 1815 4541 gestarum
1839 4486 2020 4526 rerum

426 4541 944 4597 commemoratione
970 4542 1239 4597 suscitari.
1272 4542 1413 4598 Ertio
1443 4543 1488 4597 si
1511 4542 1804 4596 secundum
1836 4543 2021 4598 titulos

422 4613 824 4682 superscriptos
847 4613 900 4667 in
931 4615 1030 4668 hoc
1051 4614 1282 4677 Psalmo,
1314 4612 1514 4683 aliquid
1532 4612 1612 4667 ~de
1642 4614 1860 4667 historia
1884 4628 2019 4669 con-

426 4683 616 4747 tineat,
654 4684 944 4740 videndum
992 4691 1094 4739 est.
1138 4685 1192 4738 ln
1238 4684 1412 4739 Esaiae
1440 4687 1586 4739 enim
1627 4683 1783 4749 libro,
1831 4693 2022 4741 orante

427 4753 686 4827 Ezechia,
707 4758 917 4826 signum
939 4756 988 4811 ei
1013 4757 1241 4825 positum
1263 4764 1345 4811 est
1370 4756 1422 4809 in
1448 4755 1701 4827 gradibus
1722 4768 2022 4827 prorogatae

427 4826 636 4879 salutis.
690 4828 855 4881 Erant
899 4835 1080 4882 autem
1132 4828 1184 4880 in
1215 4827 1377 4881 domo
1421 4826 1541 4896 ejus
1576 4826 1774 4895 gradus
1807 4826 2018 4894 decem,

427 4910 563 4968 quos
592 4897 673 4951 sol
705 4897 844 4952 ultra
875 4900 1134 4968 temporis
1156 4897 1241 4952 sui
1262 4902 1481 4953 curstfni
1508 4898 1715 4952 lumine
1732 4912 1837 4951 suo
1866 4912 2023 4953 accc-

425 4966 590 5021 dente
630 4966 999 5035 conscendit,
1028 4973 1350 5039 rursumque
1403 4968 1492 5039 die
1539 4972 1727 5023 mortis
1779 4968 2018 5037 ejusdem

426 5042 685 5106 temporis
716 5040 802 5093 sui
833 5039 1034 5096 lumine
1064 5038 1360 5095 decedente
1387 5038 1686 5094 descendit.
1731 5039 1839 5095 Sed
1873 5040 2019 5095 nulla

424 5109 493 5182 ad
525 5111 757 5182 psalmos
786 5109 1025 5167 historia;
1064 5110 1359 5166 similitudo
1381 5119 1491 5182 est.
1527 5109 1639 5167 Hoc
1667 5119 1844 5182 tamen
1875 5111 2021 5182 quod

426 5178 675 5235 Ezechiae
715 5180 897 5235 datum
938 5191 1023 5236 est
1047 5182 1279 5250 signum,
1323 5181 1607 5237 manifeste
1646 5178 2019 5239 ostendit'Dei

427 5250 607 5324 lumen
641 5251 746 5317 bis,
775 5252 967 5322 quibus
993 5266 1094 5324 pro
1124 5254 1329 5309 meritis
1360 5254 1551 5308 futurae
1590 5254 1715 5308 vitae
1743 5253 2020 5310 beatitudo

427 5322 752 5397 imponitur,
775 5322 1063 5390 accedere;
1085 5325 1191 5380 illis
1212 5340 1341 5397 vero
1363 5326 1556 5397 quibus
1582 5325 1667 5397 sit
1683 5335 1893 5395 negata,
1914 5325 2021 5381 dis-

428 5394 643 5465 cedere.
693 5394 824 5448 Esse
851 5402 1030 5449 autem
1058 5397 1108 5449 in
1140 5396 1340 5465 templo
1361 5394 1557 5460 gradus
1584 5394 1911 5465 quindecim,
1939 5397 2022 5451 hi-

427 5463 591 5518 storia
632 5465 785 5519 nobis
812 5467 984 5520 locuta
1017 5474 1124 5531 est,
1155 5463 1556 5537 dispositosque
1595 5463 1809 5522 indities
1835 5463 2018 5524 cousi-

427 5546 594 5608 stere,
611 5536 802 5605 quibus
824 5537 1066 5606 quaedam
1087 5538 1237 5607 quasi
1260 5536 1493 5608 dignitas
1511 5541 1562 5592 tu
1580 5538 2022 5595 antecedentibus

427 5602 795 5680 omitteretur:
842 5602 903 5662 ut
941 5602 1172 5680 iLevitici
1219 5602 1449 5678 militum
1479 5610 1859 5675 consisterent,
1904 5620 2026 5680 post

431 5675 720 5751 Israelita,
764 5686 891 5735 tunc
934 5675 1236 5751 Proselyti,‘
1276 5687 1333 5734 et
1375 5681 1632 5747 deinceps
1670 5681 1781 5735 alii.
1823 5675 2023 5737 PsaInii

432 5749 576 5823 enim
604 5765 715 5823 non
759 5752 841 5806 sui
872 5761 1077 5823 tantum
1108 5749 1365 5819 teuiporis
1394 5756 1502 5823 res
1531 5754 1794 5823 nuntiant,
1831 5753 2025 5823 quibus

428 5820 619 5891 scripti
656 5831 813 5892 sunt;
850 5821 951 5881 sed
988 5820 1276 5891 universis,
1314 5822 1406 5893 qui
1452 5822 1505 5879 in
1550 5821 1716 5877 vitam
1752 5820 2025 5893 venirent,

2066 1812 2115 1884 Β

2047 4586 2101 4647 D

2144 506 2286 558 nius,
2319 506 2416 561 per
2442 505 2580 561 quos
2607 490 2900 546 ascendere
2939 489 3004 561 ad
3040 488 3178 551 leca,
3204 504 3325 558 qua:
3353 496 3480 543 sunt
3519 488 3747 561 Sancto?

2142 577 2284 627 rtun,
2314 559 2607 631 possimus.
2642 561 2857 616 Arduus
2885 560 3028 615 enim
3055 563 3226 631 usque
3256 561 3309 631 in
3337 574 3422 625 ea,
3450 568 3507 615 et
3534 559 3745 630 augusti

2142 630 2351 688 itineris
2375 646 2636 687 ascensus
2663 642 2765 686 est.
2800 631 2927 687 Ideo
2953 634 3028 686 ait
3061 630 3224 686 David
3253 630 3516 701 Propheta
3546 647 3559 683 :

2213 705 2296 757 Ad
2321 714 2388 768 te,
2421 703 2656 765 Domine,
2694 718 2810 757 cum
2834 703 3110 756 tribularet-
3141 700 3378 764 clamavi,
3413 709 3460 755 et
3488 700 3747 755 exaudiui

2139 790 2241 829 me.
2268 774 2407 829 Cum
2440 775 2587 847 enim
2632 777 2752 845 quis
2778 777 3058 847 deprecans
3084 776 3230 847 juste
3253 775 3437 827 clamet
3462 773 3531 847 ad
3564 771 3745 847 Dom_i-

2142 858 2299 909 nnm;
2329 846 2507 899 audiet
2534 842 2792 900 continuo
2819 842 3211 901 dicentcm'sibi
3237 863 3250 899 :
3284 859 3413 899 ecce
3433 844 3645 899 adsum.
3676 842 3745 898 Et

2142 918 2263 987 quia
2280 918 2462 987 adest,
2497 919 2687 971 iterum
2717 917 2987 985 rogandus
3011 926 3133 972 est:

2214 985 2455 1048 Domine.
2491 988 2653 1043 libera
2688 991 2912 1043 animam
2941 1003 3108 1041 meum
3153 1004 3183 1038 ιι
3216 986 3364 1041 labiis
3401 987 3592 1056 iniquis
3638 996 3685 1040 et
3708 1002 3746 1040 a

2142 1058 2321 1130 lingua
2359 1061 2558 1114 dolosa.
2597 1060 2787 1114 Dolosa
2829 1069 3009 1114 autem
3042 1059 3219 1129 lingua
3250 1074 3399 1130 opus
3432 1067 3515 1113 est
3556 1056 3740 1122 fallax,

2180 1128 2284 1185 ιιὸά
2319 1146 2412 1199 per
2440 1131 2565 1186 vitze
2605 1131 2915 1200 temporalis
2940 1144 3095 1195 spem
3128 1128 3345 1184 deducit
3386 1128 3439 1183 in
3486 1138 3739 1184 mortem.

2142 1146 2534 1255 2|aareticorum
2561 1216 2772 1255 uuoaue
2803 1202 2901 1255 ista
2943 1199 3221 1255 mendacia
3261 1209 3407 1255 sunt.
3437 1200 3595 1255 aliter
3624 1215 3739 1253 om-

2193 1203 2534 1257 aareticorum
2561 1199 2772 1272 quoque
2803 1202 2901 1256 ista
2943 1199 3221 1256 mendacia
3261 1209 3407 1265 sunt,
3437 1200 3595 1272 aliter
3624 1215 3742 1272 om-

2143 1273 2231 1326 nia
2254 1273 2468 1328 tradere
2498 1282 2553 1328 et
2578 1270 2798 1338 docere,
2829 1288 2987 1343 quam
3009 1274 3211 1340 Scripta
3235 1280 3381 1326 sunt.
3414 1270 3494 1325 Ab
3525 1270 3608 1325 his
3641 1271 3743 1341 igi-

2144 1349 2231 1398 tur
2262 1359 2359 1407 per
2384 1344 2477 1399 Dei
2510 1344 2936 1399 misericordiam
2969 1355 3188 1398 orantes
3214 1343 3541 1407 liberantur:
3577 1348 3633 1396 ct
3659 1346 3745 1395 in-

2144 1423 2226 1469 ter
2252 1429 2439 1471 eorum
2472 1414 2868 1479 tribulationes,
2916 1414 3217 1470 clamantes
3254 1413 3321 1468 ad
3364 1414 3529 1467 Deum
3578 1428 3744 1467 exau-

2141 1486 2375 1540 diemur.
2412 1486 2526 1542 Sub
2554 1485 2655 1541 hoc
2678 1486 3048 1553 subsequitur.

2215 1556 2353 1629 Quid
2398 1556 2547 1629 detur
2574 1557 2682 1623 tibi,
2729 1556 2943 1629 etquid
2979 1563 3271 1629 apponatur
3301 1554 3488 1629 tibiad
3514 1555 3747 1627 linguam

2141 1626 2417 1682 dolosam?
2456 1627 2506 1681 id
2553 1640 2636 1684 est
2681 1626 2945 1697 quid'tibi
2991 1626 3248 1683 adversus
3293 1626 3747 1694 falsitateui’i-jus

2142 1699 2378 1767 praesidii
2412 1698 2702 1754 afferatur?
2729 1714 3045 1767 respOnsum
3091 1708 3213 1753 est:
3245 1698 3464 1767 Sagittae
3510 1706 3742 1764 potentes

2142 1780 2309 1824 acuta:
2329 1771 2384 1823 in
2402 1772 2702 1826 carbonibus
2719 1770 3063 1825 desolatoriis.
3084 1770 3343 1838 Sagittam
3368 1777 3547 1823 autem
3571 1769 3745 1836 ipsum

2149 1841 2429 1896 Dominum
2478 1852 2843 1907 nuncupatum
2876 1842 3062 1895 Esaias
3111 1841 3376 1903 ostendit,
3424 1839 3531 1892 hoc
3579 1838 3744 1893 tundo

2141 1911 2366 1968 dicens:
2398 1910 2582 1967 Posuit
2607 1928 2690 1968 me
2715 1924 2767 1965 ut
2787 1915 3025 1982 sagittam
3056 1911 3286 1975 electam,
3322 1919 3367 1982 et
3407 1911 3463 1964 in
3502 1910 3746 1982 pharetra

2140 1999 2236 2038 sua
2272 1983 2536 2049 abscondit
2562 2000 2661 2049 me,
2691 1993 2740 2036 et
2761 1981 2865 2045 ait,
2889 1981 3094 2037 Grande
3116 1982 3206 2035 tibi
3232 1991 3304 2035 est
3333 1981 3447 2045 hoc,
3480 1981 3649 2035 vocari
3696 1989 3745 2034 te

2140 2068 2354 2125 puerum
2370 2070 2539 2109 meum
2556 2052 2655 2125 (Is.
2676 2068 2824 2117 χιιι,
2841 2051 2919 2123 2).
2939 2053 3059 2109 Sint
3075 2064 3202 2123 ergo
3219 2053 3300 2106 lia:
3317 2052 3525 2125 sagitta:
3543 2063 3748 2107 utrum-

2141 2122 2249 2193 que
2277 2127 2327 2179 in
2359 2122 2577 2179 moduni
2605 2122 2952 2193 exspectatis,
2986 2126 3066 2179 vel
3090 2122 3153 2178 in,
3174 2122 3391 2191 ptenatn
3416 2122 3742 2193 iniquorum,

2140 2197 2224 2249 vel
2264 2197 2315 2249 in
2343 2206 2653 2251 sanctorum
2692 2209 2981 2263 corporum
3027 2205 3306 2263 peccatum
3349 2194 3739 2249 vulnerantes:
3798 2252 3807 2259 ,

2140 2266 2320 2337 sitque
2339 2266 2421 2320 vel
2445 2265 2733 2321 devastans
2750 2265 2935 2332 carbo,
2960 2265 3041 2321 vel
3060 2281 3314 2337 purgans,
3349 2273 3537 2337 purgat
3559 2275 3743 2320 autem

2138 2336 2205 2390 ad
2235 2338 2523 2403 perfectam
2554 2339 2913 2394 innocentiam
2943 2336 3282 2393 confitentes.

2216 2406 2328 2480 Heu
2356 2408 2477 2466 me!
2502 2411 2638 2479 quod
2662 2409 2917 2464 incolatus
2939 2425 3084 2464 meus
3117 2410 3452 2480 prolongatus
3483 2417 3576 2480 est.
3614 2406 3744 2463 Post

2138 2477 2282 2550 enim
2313 2477 2534 2550 sagittas
2567 2480 2797 2545 Domini,
2838 2488 2892 2534 et
2919 2480 3039 2535 illos
3076 2477 3341 2536 carbones
3383 2479 3740 2535 ilcsiilatorios

2137 2548 2282 2623 beati
2312 2548 2454 2605 illius
2476 2551 2630 2623 regni
2661 2550 2887 2618 gloriam
2911 2550 3203 2623 desiderat.
3232 2551 3419 2623 Neque
3444 2550 3619 2605 solum
3641 2550 3743 2607 dc-

2136 2621 2359 2686 sidcrat,
2393 2622 2498 2677 sed
2516 2636 2706 2678 omnes
2733 2635 2912 2675 moras
2937 2623 3051 2677 odit
3075 2622 3307 2678 dicendo
3332 2621 3374 2675 *ε

2216 2692 2328 2765 Heu
2350 2694 2469 2748 me!
2493 2694 2632 2763 quod
2656 2694 2911 2747 incolatus
2933 2710 3076 2749 meus
3099 2712 3159 2763 pr
3175 2695 3445 2765 olongatns
3467 2695 3576 2749 est!
3608 2692 3739 2749 Tale

2138 2762 2240 2817 hoc
2266 2763 2466 2818 dictum
2497 2762 2602 2829 est,
2638 2772 2696 2818 ut
2720 2781 2841 2817 eum
2873 2765 2922 2817 iu
2954 2762 3251 2834 Evau’gi-Iio
3279 2762 3546 2831 petimus:
3577 2765 3741 2820 Adve-

2135 2835 2244 2907 niat
2268 2850 2483 2904 regnum
2510 2843 2677 2899 tuum,
2712 2836 2804 2903 ﬁat
2822 2836 3056 2890 voluntas
3096 2840 3183 2892 tua
3218 2834 3398 2907 (Matt.
3429 2852 3505 2901 γι,
3538 2837 3647 2906 10).
3679 2834 3737 2891 lit

2137 2904 2241 2961 hoc
2272 2907 2430 2977 igitur
2456 2922 2686 2975 corpore
2710 2909 2914 2976 positus
2937 2910 3212 2978 prophetae
3228 2904 3478 2978 spiritus,
3511 2904 3735 2961 uiuiium

2136 2977 2239 3031 sibi
2274 2979 2536 3046 prolixum
2567 2978 2859 3032 incolatum
2882 2981 3124 3049 queritur
3157 2980 3265 3049 hic,
3288 2977 3551 3033 festinans
3582 2986 3738 3048 perc-

2134 3050 2334 3118 grinari
2356 3065 2385 3104 a
2413 3050 2664 3110 terrenis,
2698 3060 2752 3104 et
2779 3046 3020 3105 incolare
3063 3046 3345 3116 caelestia;
3381 3057 3439 3104 ut
3463 3046 3739 3105 derelictis

2140 3122 2517 3189 prtesentibus,
2549 3131 2912 3192 consequatur
2934 3123 3220 3177 invisibilia
3243 3130 3297 3177 et
3325 3130 3561 3176 acterna:
3588 3122 3737 3177 ideo-

2060 3196 2107 3259 ί]
2140 3206 2246 3260 que
2272 3193 2349 3247 ait
2378 3211 2391 3245 :

2217 3260 2332 3337 Heu
2359 3264 2479 3318 me!
2520 3263 2660 3337 quod
2690 3262 2943 3337 incolatus
2967 3279 3112 3337 meus
3129 3264 3464 3337 prolongatus
3485 3269 3561 3337 est
3586 3278 3605 3317 :
3636 3263 3735 3319 Ita-

2139 3331 2293 3407 bitavi
2318 3348 2434 3407 cum
2455 3331 2854 3407 inhabitantibus
2870 3336 3054 3390 Cedar.
3085 3331 3259 3391 cedar
3283 3331 3415 3407 gens
3431 3336 3514 3389 est
3536 3335 3737 3407 [suise-

2120 3404 2353 3459 ‘litarum
2401 3403 2613 3461 deserta
2671 3405 2912 3461 incolens
2937 3445 2952 3472 ,
2986 3406 3140 3475 cujus
3180 3403 3313 3460 lines
3357 3421 3526 3474 usque
3553 3404 3736 3460 Medos

2137 3487 2191 3531 et
2223 3476 2416 3532 Persas
2447 3478 2813 3545 proteruntur.
2838 3476 3014 3531 Cedar
3052 3478 3194 3532 enini
3222 3477 3413 3531 Ismael
3445 3478 3583 3531 tilius
3615 3477 3733 3541 fuit,

2134 3545 2331 3602 Genesi
2357 3556 2618 3602 testante:
2644 3547 2961 3615 Primitivus,
2979 3550 3172 3615 inquit,
3198 3548 3393 3603 lsmaet
3419 3546 3671 3610 Naveoth,
3688 3557 3739 3602 et

2136 3615 2467 3691 Cedar(Par.
2481 3635 2519 3684 ι,
2535 3618 2649 3690 29).
2672 3621 2731 3673 ili
2745 3629 3024 3675 suutuunc
3040 3615 3289 3676 Saraceni
3309 3622 3617 3691 nuncupati.
3634 3618 3738 3687 Qui

2134 3704 2262 3760 ergo
2286 3690 2527 3762 Psalmos
2557 3693 2687 3745 istos
2710 3698 2922 3746 terreno
2945 3692 3158 3761 ingenio
3183 3690 3563 3762 intelligendos
3585 3701 3737 3755 puta-

2134 3772 2344 3823 verunt,
2374 3760 2424 3814 id
2448 3763 2632 3833 Volunt
2654 3778 2718 3818 cx
2745 3776 2971 3827 persona
2990 3760 3176 3832 populi
3193 3760 3387 3833 captivi
3407 3761 3735 3833 Prophetam

2131 3832 2702 3904 conquestumfuisse,
2731 3834 2873 3904 quod
2912 3834 2964 3889 in
3003 3832 3322 3889 habitaculis
3344 3832 3735 3904 Cedarlongus

2131 3902 2208 3957 illi
2243 3904 2442 3974 populo
2486 3902 2648 3960 fuerit
2686 3902 2972 3960 incolatns.
3007 3904 3116 3964 Sed
3148 3908 3402 3959 virtutem
3432 3903 3578 3959 verbi
3625 3902 3735 3960 non

2129 3974 2209 4030 sic
2236 3974 2539 4044 intelligere
2576 3975 2837 4032 debemus
2862 3993 2876 4031 :
2900 3974 3075 4031 Cedar
3120 3978 3266 4031 enim
3292 3975 3588 4030 secundum
3624 3975 3735 4031 lle-

2128 4044 2364 4118 braicain
2394 4047 2650 4118 linguam,
2689 4057 2747 4104 ut
2778 4048 3056 4103 nobiscum
3102 4047 3498 4118 pronuntiatur,
3539 4045 3736 4118 obscu-

2128 4117 2277 4189 ratio
2309 4127 2411 4171 est.
2446 4117 2691 4174 Meminit
2736 4118 2909 4189 hujus.
2943 4116 3272 4173 tabernaculi
3315 4132 3513 4188 Sponsa
3560 4116 3648 4171 illa
3675 4116 3732 4171 in

2126 4187 2365 4244 Cauticis
2394 4190 2727 4260 canticorum
2775 4187 2995 4260 dicens;
3024 4189 3190 4260 Nigra
3226 4187 3363 4256 sum,
3388 4197 3459 4260 _et
3506 4191 3735 4259 formosa

2125 4275 2241 4313 sum
2264 4261 2375 4328 ﬁlia
2400 4257 2746 4329 Hierusalem,
2776 4262 2911 4315 sicut
2939 4257 3345 4315 Tabeiitaculum
3372 4257 3555 4315 Cedar.

2197 4329 2464 4403 PrOpbeta
2508 4345 2677 4401 ergo,
2750 4332 2893 4403 quia
2927 4333 3229 4398 iniquorum
3281 4332 3611 4403 cinisortium
3672 4337 3734 4386 et

2125 4399 2512 4455 habitationem
2541 4399 2736 4457 eorum
2762 4399 2820 4457 in
2847 4402 3149 4457 obscuratis
3181 4404 3378 4469 odii-et,
3411 4402 3532 4458 ideo
3556 4403 3630 4456 ait
3660 4420 3674 4456 ε

2196 4468 2250 4524 Μ
2259 4472 2422 4527 ultum
2446 4473 2745 4545 incolafuit
2774 4475 2945 4529 anima
2963 4490 3113 4539 mea;
3141 4489 3260 4527 cum
3288 4468 3370 4527 Itis
3395 4475 3484 4545 qui
3515 4473 3731 4545 oderant

2125 4558 2303 4613 pacem
2323 4585 2335 4606 .
2356 4558 2500 4617 eram
2522 4544 2789 4615 paciﬁcus,
2817 4561 2934 4601 cum
2955 4545 3196 4617 loquebar
3218 4547 3329 4600 illis
3362 4544 3731 4615 impugnabant

2122 4628 2205 4669 me
2229 4616 2408 4669 aratis.

2196 4631 2205 4666 Β
2264 4630 2408 4669 ratis.

2196 4630 2324 4761 tam
2350 4685 2568 4761 quidem
2599 4687 2853 4761 propheta
2880 4686 3129 4761 pacificus
3151 4686 3445 4761 cumpacis
3470 4685 3724 4761 inimicis;

2124 4757 2217 4812 sed
2252 4757 2883 4829 praedicatiou‘em’ipsius
2911 4759 3157 4825 oderant;
3189 4769 3243 4815 et
3265 4757 3309 4811 εί
3340 4759 3583 4813 doctrina
3632 4759 3725 4813 Dei

2123 4829 2628 4901 cmumovcbantur.
2663 4830 2771 4885 Hos
2797 4843 2927 4901 ergo
2952 4831 3215 4886 modestia
3244 4845 3339 4886 sua
3373 4829 3642 4897 Pr0pheta
3670 4831 3724 4885 in

2122 4913 2255 4970 pace
2276 4899 2565 4972 cohibebat
2590 4918 2605 4972 ς
2637 4899 2879 4972 ideoque
2909 4903 3205 4971 praedicare
3233 4916 3418 4972 pacem
3460 4902 3725 4972 propheta

2123 4982 2230 5025 non
2252 4971 2478 5039 desinit;
2508 4971 2602 5027 sed
2626 4970 3205 5043 pacis'praedicatorem
3230 4970 3430 5028 inimici
3448 4970 3601 5043 pacis
3625 4971 3728 5027 im-

2124 5052 2381 5114 pugnant.

2510 5134 2763 5194 INCIPIT
2813 5137 3131 5203 PSALMUS
3167 5136 3334 5197 CXX.

2626 5247 2897 5289 CANTICUI
2948 5249 3220 5290 ςωυωι.

2120 5325 2377 5453 ’,δάκρυανὶ
2410 5327 2589 5383 acutos
2616 5338 2752 5386 meos
2776 5331 2834 5384 in
2860 5339 3083 5397 montes,
3112 5329 3252 5385 unde
3276 5327 3441 5386 veniet
3458 5326 3724 5383 auxilium

2232 5417 2269 5452 ι.

2232 5417 2269 5452 ι.

2199 5471 2458 5545 Humana:
2511 5473 2707 5545 mentis
2756 5482 2941 5527 natura
2969 5488 3032 5528 ea
3059 5482 3160 5545 est,
3200 5481 3258 5527 ut
3301 5472 3346 5526 si
3393 5471 3723 5545 cogitatione

2125 5540 2800 5614 aliquidcontemplemur,
2822 5545 2945 5598 talis
2974 5558 3034 5598 se
3052 5543 3210 5598 nobis
3235 5540 3572 5614 unaquaeque
3600 5556 3724 5612 spe-

2127 5613 2238 5687 cies
2267 5612 2539 5681 exhibeat,
2568 5614 2790 5687 .qualem
2833 5630 2953 5671 eam
2987 5625 3041 5670 et
3082 5612 3371 5686 cogitando
3406 5612 3719 5687 for-fluentes2

2122 5683 2523 5755 Quoquozenim
2553 5682 2745 5740 mentis
2777 5696 2975 5741 nostra:
3006 5682 3190 5741 oculos
3223 5686 3639 5748 intenderinlus,
3668 5682 3723 5739 id

2130 5755 2304 5828 ipsum
2324 5756 2554 5828 'iugquod
2582 5756 2672 5828 tisi
2700 5763 2824 5828 sunt
2848 5756 3097 5814 referunt
3131 5758 3198 5813 ad
3226 5771 3462 5814 sensum.
3499 5755 3727 5828 Levavit

2130 5822 2341 5898 ergoin
2365 5822 2575 5885 tuentes
2602 5822 2871 5899 Propheta
2913 5829 3139 5886 oculos:
3172 5842 3443 5901 quemnam
3487 5825 3725 5885 oculos?
