4138 6180
410 254 536 314 XXI

1844 252 2235 313 PREFATIO.

3558 219 3702 318 ttxu

406 380 607 436 nempe
631 365 701 422 de
736 364 931 443 quibus
964 368 1383 443 scriptum‘est:
1415 367 1606 443 Revela
1640 369 1820 443 oculos
1839 383 1998 443 meos,
2027 371 2076 429 Λ
2179 370 2433 427 Dominus
2473 373 2723 428 custodiet
2751 374 2945 429 exitum
2974 368 3135 427 tuum'
3164 380 3211 429 et
3238 373 3503 429 introitum
3535 382 3702 443 (nimi,

402 448 455 493 et
501 453 803 522 cognoscam
831 438 1089 522 mirabilia
1118 438 1191 522 de
1229 439 1340 522 lege
1377 441 1709 522 tua_(cxvnt,_
1742 440 1852 522 l8).
1882 439 1999 522 Non

401 508 614 582 ergoin
638 509 689 563 id
711 509 1132 582 revelandisunt
1152 508 1317 574 oculi,
1348 511 1491 582 quod
1512 508 1876 577 cernebatur,
1906 508 2001 565 sed

399 576 489 652 ad
507 578 561 652 id
584 576 996 652 quod‘intelligi
1014 589 1243 651 optatur
1290 582 1344 636 in
1369 576 1529 652 'lege.
1581 581 1772 637 Mentis
1816 583 2002 652 oculos

400 648 673 724 Propheta
705 648 1035 707 elevavit'in
1065 648 1328 709 montes:
1356 648 1622 724 quosnam
1653 654 1704 707 in
1746 648 2002 724 ntontes‘.l

400 737 513 776 non
540 720 660 775 illos
687 725 902 794 utique,
938 738 1075 794 quos
1104 720 1541 792 aspectus—videt
1579 727 1864 789 humanus,
1905 720 2001 778 sed

400 803 618 848 montes
639 793 933 863 accipimus
962 793 1310 865 propheticos
1340 793 1509 851 libros
1546 811 1612 850 ex
1643 805 1783 851 terra
1827 795 1880 849 in
1919 794 2001 849 al-

400 873 520 938 t_um
544 865 806 938 elevatos,
854 879 952 934 per
980 880 1115 934 quos
1139 868 1210 921 sit
1236 867 1289 922 in
1318 868 1600 938 superiora
1644 880 1996 938 conscensus.

403 934 716 1009 Poterimus
758 943 938 1009 autem
985 947 1043 992 et
1086 947 1299 1009 montes
1347 934 1649 1009 intelligere
1693 936 2001 1009 evangelica

398 1006 680 1079 mysteria,
727 1005 1082 1079 etleorum
1122 1007 1368 1079 virtutes,
1417 1021 1472 1064 et
1520 1005 2002 1079 potestates,'quo-

395 1077 518 1149 rum
545 1077 845 1134 ministerio
874 1078 1030 1134 nobis
1067 1078 1135 1133 ad
1169 1081 1364 1135 caelum
1395 1077 1682 1149 prsestatur
1723 1077 1998 1135 ascensus.

393 1145 456 1202 ln
478 1146 580 1202 hos
610 1148 771 1220 igitur
800 1159 1014 1204 montes
1044 1150 1306 1220 propheta
1331 1145 1519 1209 oculos
1547 1150 1725 1207 cordis
1755 1150 1998 1219 elevans,

393 1228 450 1273 et
480 1220 535 1274 in
562 1219 646 1291 his
690 1220 853 1291 igitur
888 1219 1261 1290 intelligentia:
1304 1237 1416 1278 suae
1463 1224 1641 1279 lumen
1687 1220 1999 1289 intendens,

392 1297 566 1362 totum
595 1290 648 1345 id
688 1290 832 1362 quod
857 1293 1185 1362 cogitatione
1224 1293 1453 1360 viderat,
1492 1304 1674 1349 mente
1713 1293 1998 1359 continuit,

391 1361 575 1431 sciens
605 1361 744 1417 unde
770 1361 1055 1417 venturum
1083 1374 1229 1420 esset
1258 1362 1535 1431 auxilium,
1558 1373 1612 1420 et
1637 1364 1854 1420 dicens:

469 1424 624 1506 Unde
667 1434 829 1487 ueniet
872 1435 1129 1506 auxilium
1169 1437 1311 1491 mihi.
1359 1424 1677 1506 Statimque,
1697 1436 1799 1490 sibi
1847 1435 2002 1492 bedta

391 1502 737 1579 confessione
758 1505 1048 1576 reSpondet
1065 1506 1373 1579 :uAuxilium
1393 1523 1561 1579 meum
1573 1502 1620 1579 ia
1649 1505 1895 1573 Domino,
1914 1506 2005 1579 qui

390 1574 512 1644 fecit
536 1576 725 1630 cretum
763 1585 811 1630 et
840 1574 1049 1631 terram.
1082 1575 1208 1632 Haec
1237 1577 1365 1633 felix
1392 1576 1544 1643 ﬁdes,
1579 1576 1696 1633 haec
1719 1593 1847 1633 vera
1872 1574 2000 1633 con-

389 1644 558 1719 fessio
588 1657 694 1712 est,
748 1646 866 1719 haec
910 1663 1034 1719 spes
1074 1657 1295 1704 aeternas
1339 1649 1580 1707 cmlestis
1608 1646 2003 1706 benedictionis

392 1716 552 1788 digna
580 1717 920 1774 muneribus.
942 1716 1088 1774 'Tum
1111 1720 1279 1776 dicit:

470 1789 740 1862 Auxilium
759 1805 932 1862 meum
958 1807 991 1844 α
1024 1790 1270 1862 Domino,
1306 1792 1392 1861 qui
1431 1792 1550 1862 fecit
1592 1791 1774 1847 cretum
1816 1803 1863 1847 et
1895 1800 1997 1845 ter-

390 1876 511 1913 ram
543 1860 816 1935 :ideoque
864 1861 982 1935 ait:
1013 1860 1232 1917 Intende
1277 1860 1331 1916 in
1377 1860 1771 1918 commotionem
1817 1863 1999 1935 pedem

390 1941 559 2004 tuum,
588 1948 747 2001 neque
767 1930 984 1986 dormiet
1004 1936 1090 2004 qui
1109 1934 1330 1989 custodit
1350 1943 1417 1988 te.

466 2003 568 2076 Pes
587 2000 672 2076 est
699 2018 824 2073 pars
852 2000 1118 2076 corporis,
1148 2020 1309 2076 omne
1337 2020 1537 2076 corpus
1562 2006 1615 2060 in
1644 2020 1733 2063 res
1762 2000 1997 2076 agendas

388 2072 812 2144 efﬁciendasque
837 2072 1246 2146 circumferens.
1268 2074 1380 2132 Sub
1403 2072 1554 2146 pedis
1578 2072 1998 2132 nomine'motus

386 2146 592 2219 mentis
615 2155 814 2219 nostra:
846 2145 1194 2219 incessusque
1213 2145 1500 2219 signiﬁcat,
1532 2157 1587 2204 et
1617 2150 1669 2202 in
1690 2148 1998 2219 Evangeliis

390 2217 652 2272 Dominus
702 2215 865 2285 pedes
894 2216 1052 2288 alios
1103 2215 1455 2288 signiﬁcans,
1510 2219 1700 2288 pedem
1745 2215 1996 2275 dextrum

390 2287 847 2360 scandalizentem
888 2287 1047 2358 jussit
1074 2287 1278 2360 abscidi
1319 2287 1549 2360 dicens:
1575 2288 1652 2360 Et
1678 2290 1723 2345 si
1753 2307 1842 2360 pes
1879 2300 2000 2346 tuus

392 2361 570 2433 dexter
604 2358 922 2433 scandalizat
961 2370 1029 2433 te,
1057 2359 1300 2433 abscinde
1324 2376 1441 2433 eum
1536 2358 1706 2433 Marc.
1739 2358 1812 2433 txg,
1858 2363 1929 2416 M
1953 2364 1994 2429 ).

390 2429 546 2503 Ergo
573 2439 629 2483 ut
655 2430 800 2503 oculi
840 2430 1161 2503 mentis,‘ita
1196 2441 1253 2503 et
1284 2432 1449 2502 pedes
1479 2429 1810 2503 intelligendi
1848 2442 1995 2498 sunt,

387 2500 656 2557 habentes
683 2500 736 2555 in
767 2515 827 2556 se
849 2510 905 2557 et
944 2500 1308 2570 intelligentiae
1342 2503 1515 2557 visum
1538 2544 1555 2570 ,
1601 2500 1676 2559 et'
1707 2503 1999 2559 voluntatis

388 2572 707 2645 motionem.
735 2572 801 2627 Et
815 2572 1080 2642 subjecit:
1115 2572 1294 2643 Neque
1319 2573 1538 2645 dormiet
1564 2576 1649 2645 qui
1677 2574 1898 2629 custodit
1928 2584 1995 2630 te.

467 2643 698 2716 Domino
720 2646 898 2715 itaque
918 2645 1245 2716 manentein
1275 2644 1455 2716 nobis,
1480 2643 1706 2716 pervigil
1726 2645 1994 2710 custodia,

388 2723 447 2789 et
477 2714 747 2789 indefessa
779 2714 1005 2789 munitio
1031 2722 1134 2789 est.
1165 2714 1368 2789 Verum
1395 2715 1442 2771 si
1470 2714 1565 2786 per
1597 2714 1839 2789 teporem
1866 2716 1991 2773 ﬁdei

388 2784 751 2857 dormiamus,
781 2786 983 2843 dormit
1009 2793 1064 2842 et
1092 2788 1207 2857 ipse
1246 2784 1560 2853 nobiscum;
1600 2784 1708 2843 non
1755 2786 1899 2844 enim
1945 2789 1997 2843 in

389 2855 510 2928 Deo
530 2873 757 2913 somnus
783 2865 888 2926 est,
932 2858 1087 2928 cujus
1115 2855 1323 2928 'Angeli
1358 2866 1411 2928 et
1442 2858 1681 2926 nomine,
1728 2869 1782 2915 et
1810 2868 1998 2914 natura

389 2927 683 3000 vigilantes
712 2939 868 2997 sunt;
909 2927 1008 2984 sed
1052 2929 1177 2999 quia
1205 2927 1501 3000 secundum
1546 2930 1708 2985 ﬁdem
1754 2940 1997 2985 nostram

388 3008 490 3053 aut
505 3000 812 3068 vigilantem
833 3009 926 3056 aut
946 3000 1303 3055 dormientem
1322 2999 1415 3055 Dei
1430 3000 1695 3056 auxilium
1716 3002 1997 3057 nobiscum

390 3081 488 3125 aut
516 3071 778 3145 vigilabit,
810 3083 900 3145 aut
927 3070 1195 3145 dormiet;
1230 3069 1433 3145 idcirco
1462 3072 1725 3145 Dominus
1747 3074 1999 3145 frequen-

392 3148 561 3213 terget
583 3141 815 3213 vigilans
836 3142 1188 3213 signiﬁcatur,
1221 3152 1273 3197 et
1300 3141 1597 3198 dormiens.
1845 3141 1861 3145 ⁷
1900 3208 1909 3213 _

462 3211 720 3284 Dominus
748 3211 995 3284 protectio
1023 3222 1111 3267 tua
1133 3229 1289 3283 super
1311 3229 1519 3267 manum
1550 3214 1747 3270 dextrte
1765 3224 1883 3270 tuw.

464 3283 697 3357 §emper
716 3283 990 3357 Scriptura
1016 3285 1262 3339 dextram
1294 3296 1499 3352 partem
1531 3288 1789 3357 optimam
1834 3297 1998 3357 atque

391 3354 683 3410 utillimam
723 3354 1080 3420 demonStrat,
1124 3371 1341 3410 manum
1374 3371 1501 3411 vero
1527 3354 1779 3412 elTectum
1820 3354 2001 3415 omnis

393 3427 578 3499 operis
605 3426 920 3499 accipimus,
953 3426 1094 3481 unde
1121 3426 1248 3499 illud
1271 3427 1433 3499 etiam
1455 3429 1535 3483 sic
1559 3427 1762 3484 dictum
1796 3439 1881 3484 est
1902 3444 1997 3499 per

399 3496 762 3566 Prophetam’:
787 3498 973 3552 Libera
993 3513 1073 3551 me
1096 3496 1163 3551 de
1189 3510 1277 3551 ore
1304 3497 1491 3563 leonis,
1520 3508 1568 3553 et
1588 3501 1653 3553 de
1672 3516 1829 3554 manu
1856 3496 2001 3557 canis

394 3569 600 3643 unicam
626 3585 789 3643 meum
814 3568 933 3642 (Ps.
982 3584 1095 3643 ut,
1120 3568 1243 3643 ξς).
1283 3568 1526 3624 Liberari
1561 3584 1623 3627 se
1649 3572 1717 3625 ab
1742 3572 2001 3643 operibus

393 3639 620 3694 malitiae
660 3639 983 3710 deprecatur
1020 3657 1034 3693 :
1082 3639 1281 3699 idcirco
1324 3656 1480 3707 super
1522 3658 1728 3696 manum
1776 3639 2003 3697 dextera:

392 3711 643 3765 custodia
679 3709 770 3766 Dei
796 3710 1078 3782 vigilatum
1106 3709 1454 3780 promittitur,
1488 3720 1548 3765 ttt
1590 3713 1794 3768 illibata
1825 3715 1877 3767 in
1904 3728 2002 3769 no-

389 3781 481 3836 bis
510 3782 687 3854 bonae
710 3780 1002 3854 voluntatis
1033 3794 1592 3854 operauperseverent
1612 3826 1626 3851 ,
1657 3784 1851 3854 quibus
1882 3799 2001 3839 ma-

390 3853 651 3925 nentibus
678 3853 732 3909 in
760 3852 916 3908 nobis
942 3851 1131 3925 aeterni
1170 3851 1317 3925 illius
1342 3862 1398 3907 et
1425 3852 1564 3909 beati
1609 3851 1867 3925 temporis
1908 3870 2000 3910 re-

390 3936 503 3994 gno
550 3923 765 3981 detersa
812 3922 960 3979 omni
990 3923 1304 3994 inﬁrmitate
1334 3933 1565 3979 utemur.
1613 3922 1747 3982 Nam
1791 3936 1847 3981 et
1894 3926 2001 3981 hoc

393 3993 555 4050 nobis
582 3995 727 4066 quod
751 3995 998 4066 sequitur
1021 3993 1326 4065 Prophetiae
1354 3996 1574 4066 spiritus
1602 3997 1890 4069 pollicetur
1912 3996 1998 4053 di-

390 4078 525 4121 cens
555 4085 570 4121 ε

467 4135 579 4210 ξει-
602 4137 743 4210 diem
767 4138 844 4192 sol
868 4152 971 4192 non
999 4144 1113 4210 uret
1139 4142 1204 4210 te,
1239 4152 1402 4208 neque
1425 4137 1547 4192 lana
1576 4146 1668 4210 per
1688 4144 1909 4194 noctem.

464 4206 702 4278 Spiritus
727 4210 871 4265 enim
892 4208 1227 4279 prephetalis
1253 4206 1402 4263 novit
1428 4206 1585 4264 illam'
1613 4210 1999 4266 beatitudinem

388 4288 723 4351 temporum,
753 4281 804 4334 in
826 4293 989 4351 quaa
1012 4278 1165 4333 nobis
1197 4280 1370 4336 omnis
1398 4279 1695 4351 demutatio
1722 4292 2000 4351 corporea:

390 4350 727 4406 inﬁrmitatis
757 4350 1047 4415 abscedet;
1079 4351 1145 4422 in
1175 4364 1279 4420 qua
1314 4364 1419 4407 non
1460 4350 1648 4421 frigus,
1688 4360 1793 4407 n‘on
1824 4350 1997 4422 Calor,

390 4437 503 4477 non
529 4437 659 4488 nox,
690 4422 786 4478 sed
814 4430 1014 4476 mterna
1037 4421 1172 4493 dies,
1202 4430 1258 4476 et
1282 4424 1431 4476 beata
1456 4424 1744 4488 temperies
1765 4425 1856 4489 sit,
1882 4421 2002 4493 jus—

390 4494 527 4548 titir
556 4494 611 4549 itt
635 4508 735 4549 nos
765 4492 882 4565 solio.
909 4492 1244 4565 dominante,
1272 4494 1425 4562 cujus
1458 4495 1722 4563 temporis
1752 4492 1998 4565 requiem

387 4565 506 4633 jam
531 4568 583 4619 in
613 4579 801 4621 eremo
828 4558 1085 4617 Dominus
1110 4558 1481 4635 praetor-mam,
1510 4558 1708 4635 populo
1728 4558 2001 4621 suo-diur-

393 4652 527 4690 num
548 4637 784 4710 calorem
808 4636 860 4689 in
883 4636 1138 4710 columna
1167 4634 1346 4710 nubis,
1374 4645 1430 4690 et
1456 4634 1779 4710 nocturnum
1828 4635 1999 4710 frigus

391 4720 463 4762 ac
488 4706 735 4763 tenebras
760 4705 814 4760 in
845 4706 1096 4761 columna
1128 4706 1265 4776 ignis
1292 4706 1649 4778 temperabat.
1683 4706 1739 4761 in
1773 4709 1871 4778 hac
1897 4705 1999 4775 igi-

391 4787 485 4832 tur
512 4780 840 4833 seternoruu‘t
871 4786 1174 4847 temporum
1221 4779 1462 4831 custodia
1512 4777 1739 4848 quisque
1781 4777 1995 4834 Domini

390 4848 693 4904 custodiam
734 4848 1060 4919 promeruit,
1095 4848 1462 4918 permanebit,
1493 4860 1562 4903 ne
1595 4851 1718 4919 gelu
1745 4850 1886 4906 luna:
1941 4856 2000 4906 et

392 4920 580 4976 calore
604 4920 735 4975 solis
766 4930 995 4982 uratur;
1026 4920 1121 4973 sed
1152 4919 1322 4973 seculi
1367 4920 1527 4989 hujus
1557 4920 1766 4990 injuriis
1797 4921 1994 4977 libera-

394 4998 489 5061 tus
513 4990 571 5045 in
609 5000 833 5056 artemo,
860 4999 917 5046 et
946 4990 1103 5045 beato
1129 5000 1295 5060 regno
1320 4994 1564 5061 corporis
1601 4992 1682 5045 sui
1706 5001 1881 5046 sumat
1906 5006 1995 5048 so-

394 5060 567 5134 lidam
614 5062 1109 5134 immutabilemque
1131 5071 1398 5134 naturam.
1426 5060 1686 5134 Sequitur
1712 5062 1914 5121 deinde
1940 5081 1954 5118 :

468 5130 726 5187 Dominus
752 5132 999 5188 custodiet
1029 5141 1076 5187 te
1104 5132 1168 5186 ab
1196 5132 1337 5186 omni
1356 5135 1513 5187 malo.

468 5201 713 5259 Fidelem
734 5206 973 5259 animam
1005 5202 1073 5258 ab
1101 5204 1246 5258 omni
1277 5203 1420 5258 malo
1448 5204 1706 5261 Dominus
1730 5205 1995 5273 custodit,

394 5275 454 5329 id
477 5285 559 5347 est
596 5292 664 5330 ne
691 5290 815 5331 eum
846 5275 1099 5330 Diabolus
1143 5282 1474 5347 corrumpat,
1524 5286 1599 5332 ne’
1635 5278 1720 5333 iur
1748 5277 1998 5347 obrepat,

394 5360 472 5401 ne
500 5346 657 5415 lupus
688 5346 908 5409 laceret,
942 5360 1015 5402 ne
1035 5347 1120 5402 leo
1152 5354 1342 5402 vastet.
1385 5345 1508 5402 Haec
1542 5350 1686 5404 enim
1724 5360 1851 5404 suttt
1881 5345 2001 5403 Dia-

396 5417 516 5472 boli
538 5418 836 5473 ministeria
865 5418 1006 5472 vitiis
1036 5432 1374 5481 consumere,
1406 5417 1785 5475 blandimentis
1810 5420 2004 5475 subre-

398 5504 553 5559 pere,
586 5487 1071 5545 obtrectationibus
1111 5489 1372 5554 lacerare,
1402 5498 1457 5543 et
1499 5498 1606 5545 tota
1640 5491 1853 5546 virtutis
1890 5505 2007 5546 sua:

395 5569 934 5634 potestatevastare.
950 5562 1031 5634 Ab
1060 5561 1159 5615 hoc
1175 5559 1337 5630 igitur
1354 5561 1497 5634 omni
1521 5563 1662 5616 malo
1683 5573 2003 5634 exspectan-

397 5631 473 5687 da
497 5631 743 5687 custodia
771 5639 856 5687 est
881 5648 893 5684 :
926 5631 1126 5687 idcirco
1154 5633 1501 5701 consequitur
1526 5651 1540 5688 :
1784 5631 1798 5634 '
1863 5636 1871 5640 “

473 5702 740 5758 Custodiet
768 5704 996 5757 animam
1017 5712 1157 5758 tuam
1177 5701 1445 5758 Dominus.
1481 5702 1559 5761 Ne
1581 5702 1712 5774 quid
1744 5712 1822 5760 tot
1851 5704 2010 5760 malis

395 5776 455 5834 in
484 5790 603 5831 eam
635 5775 703 5831 sit
734 5775 1032 5846 potestatis.

2027 1757 2077 1818 Β

2028 4527 2084 4588 D

2106 458 2171 498 ea:
2191 444 2289 516 {ioc
2319 460 2454 516 nunc
2476 454 2523 499 et
2545 461 2703 516 usque
2745 446 2799 499 in
2819 444 3066 499 secutum.

2182 512 2315 586 cum
2340 514 2482 569 enim
2509 512 2768 571 exeuntes
2796 516 2865 572 de
2891 530 3119 586 corpore
3148 514 3215 569 ad
3246 515 3521 571 introitum
3555 516 3703 572 illum

2104 585 2252 653 regni
2280 586 2517 641 cmlestis
2545 602 2637 654 per
2661 587 2958 642 custodiam
2980 585 3188 640 Domini
3211 586 3395 641 ﬁdeles
3408 603 3599 641 omnes
3617 604 3704 642 re-

2103 656 2478 719 servabuntur,
2512 657 2563 711 in
2606 659 2724 712 sinu
2758 659 2965 713 scilicet
3005 658 3218 713 interim
3262 657 3496 713 Abrahae
3538 657 3709 714 collo—
3766 668 3779 675 ’

2104 728 2243 792 cati;
2274 743 2382 797 quo
2409 744 2576 799 usque
2602 728 2909 785 introeundi
2941 744 3152 799 rursum
3182 730 3235 783 in
3280 744 3501 799 regnum
3533 730 3705 785 coelo-

2106 814 2224 852 rum
2273 798 2503 869 tempus
2530 799 2799 856 adveniat.
2852 798 3133 856 Custodiet
3176 798 3431 855 Dominus
3476 803 3704 865 exitum,

2103 869 2372 925 custodiet
2398 871 2676 926 introitum
2709 890 2721 924 :
2755 871 2869 941 ipse
2899 881 2983 927 est
3008 871 3183 943 enim,
3203 872 3293 940 qui
3323 872 3434 925 ait:
3466 870 3576 943 Ego
3592 887 3707 927 sum

2095 942 2264 1016 janua
2281 958 2300 1008 ;
2325 952 2400 1009 et,
2420 959 2579 1016 nemo
2603 943 2744 998 vadit
2766 944 2841 1016 ad
2868 953 3086 1016 patrem,
3131 942 3374 1016 nisi__per
3403 959 3480 997 me
3514 941 3702 1016 (Joan.

2104 1004 2159 1085 it,
2194 1004 2248 1077 7;
2264 1004 2486 1085 me).
2512 1012 2631 1085 Ipse
2654 1023 2741 1069 est
2764 1004 3018 1070 Dominus
3036 1004 3193 1070 Jesus
3210 1004 3463 1069 Christus
3509 1004 3601 1085 qui
3622 1022 3707 1069 est

2103 1080 2423 1141 benedictus
2448 1084 2502 1140 in
2535 1080 2738 1141 secula.

2485 1192 2733 1253 lNClPIT
2775 1196 3093 1255 PSALMUS
3133 1196 3318 1253 CXXI.

2427 1283 2710 1324 remensa
2780 1276 3048 1325 CAN'ncou
3111 1283 3381 1326 cultorum.

2178 1354 2410 1434 Lanatus
2439 1377 2553 1417 sum
2582 1362 2635 1416 in
2656 1360 2736 1417 his
2755 1378 2866 1434 quas
2889 1361 3029 1418 dicta
3065 1373 3184 1419 sunt
3210 1362 3338 1417 mihi
3367 1379 3381 1417 :
3416 1362 3468 1417 in
3498 1363 3711 1419 domum

2105 1428 2316 1486 Domini
2341 1433 2548 1487 ibimus.
2766 1428 2778 1434 ’
3022 1483 3024 1486 ,

2178 1503 2279 1571 Qui
2301 1519 2399 1574 spe
2416 1504 2653 1559 cwlestis
2674 1504 2925 1561 desiderii
2948 1514 3181 1571 tenetur,
3207 1504 3335 1559 nihil
3361 1505 3708 1562 obscuritatis

2107 1574 2177 1646 in‘
2195 1574 2297 1630 hoc
2322 1575 2544 1646 spiritus
2574 1575 2786 1631 Psalmo
2814 1576 3030 1631 habebit
3060 1594 3074 1630 :
3108 1592 3339 1645 namque
3368 1593 3489 1631 cum
3516 1593 3575 1633 se
3603 1592 3707 1633 me-

2109 1643 2324 1700 minerit
2353 1643 2611 1719 scriptum
2634 1647 2997 1719 cohaeredem,
3027 1656 3081 1702 et
3107 1643 3338 1702 similem
3361 1647 3604 1719 Angelis,
3635 1664 3707 1704 ex

2111 1714 2506 1773 resurrectione
2529 1714 2927 1787 renovandum,
2953 1718 3298 1788 futurumque
3323 1714 3553 1775 incolam
3574 1721 3706 1773 civi-

2107 1788 2229 1842 tatis
2254 1790 2492 1844 cmlestis
2513 1790 2648 1845 vivis
2676 1789 2944 1861 lapidibus
2967 1801 3276 1857 exstructa),
3292 1791 3359 1845 de
3377 1806 3479 1861 qua
3507 1791 3705 1861 Paulus

2104 1868 2372 1933 memorat
2396 1879 2408 1912 :
2426 1861 2558 1933 jam
2583 1878 2685 1916 non
2712 1860 2832 1917 estis
2858 1863 3088 1928 aduente,
3117 1878 3277 1933 neque
3306 1863 3584 1933 peregrini.
3617 1860 3708 1915 sed

2101 1930 2222 1987 estis
2250 1932 2381 1985 cives
2409 1926 2747 2005 Sanctorum,
2782 1943 2829 1988 et
2857 1926 3122 2005 domestici
3152 1926 3270 2005 Dei,
3304 1926 3708 2005 super-aediﬁcati

2101 2018 2256 2077 super
2287 1998 2678 2077 fundamentum
2706 2004 3073 2072 Apostolorum
3118 2003 3282 2077 (Eph.
3308 1998 3485 2077 ιι,’19)
3519 1998 3710 2077 :cnm-

2101 2089 2206 2144 que
2234 2074 2429 2146 legerit
2471 2090 2557 2137 ea,
2589 2092 2708 2146 quae
2736 2092 2881 2132 nunc
2924 2086 3070 2138 sunt.
3103 2074 3355 2144 exparte
3395 2075 3708 2130 adnuntiata

2102 2143 2172 2200 ab
2216 2143 2436 2217 Angelis
2484 2143 2707 2202 formata
2755 2148 2807 2201 in
2854 2147 2994 2217 lege,
3026 2143 3271 2215 exposita
3317 2160 3348 2200 a
3394 2145 3701 2215 Prophetis,

2104 2216 2394 2288 przedicata
2419 2217 2487 2274 ab
2511 2218 2814 2287 Apostolis;
2839 2216 2964 2273 tunc
2982 2219 3102 2287 ipse
3123 2218 3225 2273 sibi
3248 2219 3555 2273 necessario
3581 2230 3708 2288 pro-

2102 2286 2378 2360 clatnab‘it,
2410 2286 2659 2356 exemplo
2683 2289 2969 2360 Propheta:
2994 2286 3182 2345 dicens
3211 2306 3241 2360 :7
3268 2359 3271 2360 ν
3326 2356 3342 2360 _
3410 2346 3419 2360 _,

2175 2356 2533 2433 Ltetatussum
2552 2359 2607 2413 in
2628 2361 2706 2415 his
2721 2356 2837 2433 qua:
2852 2361 2991 2414 dicta
3018 2370 3138 2433 sunt
3152 2359 3296 2433 mihi.
3318 2356 3425 2415 Sed
3448 2372 3567 2429 qua:
3585 2365 3711 2433 sunt

2103 2427 2195 2483 illa
2224 2446 2344 2503 quae
2370 2431 2692 2503 dictasunt,
2733 2426 2795 2486 in
2822 2433 3016 2503 quibus
3062 2431 3245 2487 laetitia
3287 2426 3537 2503 suscepta
3576 2426 3706 2487 est?

2104 2515 2306 2586 nempe
2326 2501 2378 2557 id
2401 2501 2840 2586 quodseq'uitur}

2177 2571 2247 2627 In
2272 2571 2481 2627 domum
2510 2571 2722 2632 Domini
2749 2574 2958 2629 ibimus.
3012 2624 3017 2627 ν

2178 2643 2321 2715 Ergo
2342 2646 2465 2715 quia
2487 2646 2602 2700 haec
2630 2656 2789 2701 antea
2812 2647 2956 2701 dicta
2980 2656 3126 2713 sunt,
3159 2652 3443 2714 propterea
3471 2642 3704 2715 ljtctatur,

2104 2712 2389 2786 gaudetnr,
2419 2715 2562 2786 quod
2605 2716 2839 2771 eundum
2880 2716 2933 2771 in
2964 2712 3182 2771 domum
3215 2712 3421 2786 Domini
3453 2712 3708 2786 sinQnat

2105 2780 2286 2840 autem
2335 2780 2403 2840 sit
2430 2780 2624 2841 domus
2657 2787 2867 2842 Domini
2896 2828 2911 2849 ,
2960 2788 3013 2842 in
3042 2787 3147 2841 alio
3203 2785 3417 2841 Psalmo
3443 2780 3706 2848 declarat,

2105 2850 2326 2911 dicens:
2350 2857 2605 2925 Quoniam
2626 2858 2777 2927 elegit
2801 2858 3054 2913 Dominus
3083 2856 3236 2923 Sion,
3268 2857 3497 2927 prtelegit
3523 2868 3633 2909 eam
3654 2857 3709 2909 in

2107 2928 2473 2983 habitationem
2498 2929 2617 2983 sibi.
2660 2927 2789 2984 ch
2815 2932 3011 2998 requies
3044 2945 3161 2984 mea
3197 2927 3252 2983 in
3303 2929 3478 2998 secula
3514 2927 3717 2982 seculo-

2104 3016 2243 3073 rum,
2260 3001 2350 3073 [tie
2374 3000 2617 3073 habitabo
2640 2997 2890 3073 quoniam
2910 3000 3120 3073 prwlegi
3141 3016 3252 3055 eam
3291 2997 3470 3073 (Psal.
3517 3014 3708 3066 cxxxr,

2111 3071 2222 3143 l5}.
2256 3070 2391 3143 Non,
2412 3072 2597 3143 utique
2632 3070 2776 3127 hanc
2807 3070 3113 3143 terrenam,
3149 3085 3269 3143 quze
3297 3070 3587 3141 prophetas
3614 3085 3712 3124 oc-

2024 3143 2071 3207 C
2104 3142 2236 3197 Cidit
2281 3151 2337 3198 et
2383 3142 2669 3212 lapidavit;
2716 3143 2810 3200 sed
2870 3145 3016 3199 illam
3066 3142 3290 3199 liberam
3335 3150 3390 3197 et
3432 3142 3710 3198 caelestem

2105 3212 2463 3287 Hierusalem.
2518 3211 2593 3287 Ne
2623 3212 2758 3270 forte
2798 3216 2923 3287 quis
2969 3216 3179 3287 ignoret
3206 3215 3261 3269 in
3289 3228 3483 3269 vanum
3530 3228 3629 3268 nos
3656 3216 3709 3267 in

2104 3299 2224 3357 eam
2269 3286 2487 3340 domum
2513 3286 2706 3354 ituras,
2740 3286 2969 3357 subjecit
2995 3286 3182 3341 dicens
3209 3304 3221 3357 ς

2180 3352 2387 3412 Stantes
2411 3368 2557 3413 erant
2583 3350 2736 3427 pedes
2759 3350 2924 3413 nostri
2951 3358 3003 3411 in
3025 3358 3173 3411 atriis
3205 3353 3525 3427 Hierusalem
3549 3368 3568 3409 :
3593 3350 3713 3427 Non

2104 3426 2311 3500 incerta
2344 3426 2610 3500 nuntiant,
2642 3444 2747 3483 non
2775 3429 3045 3500 incognita
3069 3429 3409 3500 pollicentur.
3439 3426 3585 3481 llanc
3609 3426 3709 3481 do-

2105 3513 2253 3569 mum
2280 3497 2695 3556 desiderabilem
2728 3497 3121 3557 et'dilectama
3150 3499 3334 3554 multis
3368 3499 3707 3569 agnovimus.

2104 3568 2239 3624 Nam
2268 3571 2319 3623 itt
2351 3571 2456 3624 :tlio
2489 3572 2696 3636 psalmo
2725 3572 2799 3625 ait
2825 3589 2836 3624 :

2185 3640 2354 3712 Unam
2388 3642 2506 3710 petii
2534 3659 2564 3694 τι
2597 3640 2724 3707 Deo,
2756 3642 2889 3695 hanc
2932 3642 3210 3712 requiram.
3241 3648 3305 3712 ut
3320 3639 3634 3712 inhabilem
3659 3640 3715 3694 in

2108 3712 2262 3786 domo
2287 3706 2519 3786 Domini
2534 3706 2766 3786 omnibus
2781 3714 2966 3786 diebus
2996 3706 3111 3786 uita:
3136 3718 3262 3786 mea:
3288 3706 3407 3786 (Ps.
3434 3725 3583 3786 μη,
3607 3708 3649 3786 4-
3669 3716 3709 3783 ).

2074 3848 2079 3853 Α
2107 3782 2237 3838 Haec
2267 3783 2460 3838 domus
2490 3783 2866 3840 desiderabilis
2893 3793 2995 3853 est,
3038 3774 3388 3839 fundamento
3425 3774 3712 3838 duodecim

2107 3855 2357 3927 vivarum
2399 3868 2735 3927 gemmarum
2766 3870 2888 3912 esse
2931 3856 3082 3911 vivos
3108 3854 3315 3926 lapides
3367 3860 3710 3927 etstructos,

2108 3925 2362 3980 excisos:
2400 3924 2627 3996 primum
2662 3927 2712 3981 id
2746 3942 2892 3997 opus
2921 3924 3293 3982 :ediﬁcationis
3334 3933 3417 3997 est
3445 3939 3476 3978 a
3527 3924 3711 3997 Moyse

2109 3997 2164 4051 in
2197 3998 2334 4067 lege,
2363 3995 2698 4068 a’prophetis
2719 3995 2775 4053 in
2800 3995 3147 4068 ‘passionibus
3172 3998 3306 4062 suis,
3336 3995 3403 4068 ab
3428 3995 3715 4068 ‘Apostolis

2107 4068 2163 4121 in
2195 4065 2493 4141 martyriis.
2523 4065 2563 4123 li
2590 4065 2966 4141 aediﬁcatores,
3000 4071 3114 4141 haec
3147 4069 3354 4130 civitas,
3389 4066 3711 4141 hiostantes

2108 4147 2238 4192 sunt
2265 4136 2428 4211 pedes
2468 4140 2813 4211 Sanctorum,
2860 4139 3014 4209 cujus
3072 4139 3266 4211 domus
3304 4136 3556 4211 custodes
3587 4145 3711 4193 sunt

2109 4206 2383 4280 apostoli,
2410 4210 2606 4280 quibus
2625 4208 2763 4264 datae
2791 4218 2913 4263 sunt
2932 4206 3142 4274 claves,
3170 4209 3326 4280 sicuti
3356 4206 3558 4280 dictum
3582 4217 3666 4262 est
3696 4226 3710 4263 :

2115 4278 2278 4352 Vobis
2304 4277 2441 4334 dabo
2465 4280 2650 4352 claues
2686 4281 2834 4352 regni
2868 4280 3130 4352 calorum.
3166 4278 3311 4352 Haec
3349 4277 3711 4352 estHierusa-

2111 4351 2230 4412 lem,
2256 4365 2372 4421 qute
2393 4344 2684 4420 wdiﬁtatur
2711 4344 2767 4405 ιιὶ
2788 4351 2964 4407 ciuitas
2992 4367 3011 4406 :
3044 4351 3336 4406 aediﬁcatur
3365 4350 3508 4405 enim
3541 4366 3713 4420 usque

2110 4423 2179 4478 ad
2221 4420 2363 4479 diem
2393 4426 2896 4488 consummationis,
2921 4420 3093 4477 donec
3122 4424 3279 4477 intret
3313 4421 3366 4475 in
3390 4434 3508 4477 eam
3542 4422 3713 4490 pleni-

2109 4494 2242 4549 tudo
2285 4495 2557 4568 gentium,
2610 4495 2759 4565 cujus
2783 4494 3112 4568 participatio
3141 4502 3216 4547 eet
3260 4494 3313 4546 in
3340 4494 3531 4568 ipsum.
3567 4493 3714 4568 _Qui-

2110 4563 2343 4635 cumque
2368 4567 2510 4620 enim
2539 4576 2599 4621 se
2641 4563 2681 4618 a'
2699 4563 2842 4621 coetu
2864 4563 3184 4621 Sanctorum
3238 4571 3294 4620 et
3340 4563 3715 4635 abAEcclesiaa

2110 4632 2342 4705 corpore
2364 4644 2655 4707 separant,
2709 4638 3174 4707 participationem
3199 4638 3401 4707 sanctae
3428 4632 3581 4707 istius
3609 4635 3713 4707 do-

2113 4702 2232 4762 mus
2255 4721 2360 4761 non
2398 4702 2858 4775 h‘abebuttthuia
2887 4702 3227 4776 participatio
3269 4704 3506 4760 civitatis
3551 4702 3713 4775 hujus

2111 4780 2165 4832 itt
2196 4779 2368 4848 ipsun't
2410 4788 2534 4833 est:
2563 4788 2753 4835 omnes
2799 4775 2966 4844 enim,
3011 4775 3102 4849 qui
3135 4788 3242 4833 uno
3270 4775 3453 4831 attimo
3480 4786 3626 4845 sunt,
3656 4777 3712 4832 in

2109 4864 2175 4905 ea
2204 4854 2364 4904 erunt
2393 4868 2405 4903 :

2182 4918 2538 4976 Ascenderunt
2575 4920 2741 4976 tribus
2770 4920 2932 4977 tribus
2972 4919 3181 4974 Domini
3242 4916 3380 4974 Sunt
3423 4917 3568 4989 enim
3619 4917 3713 4989 qui

2112 5002 2375 5064 l'tOnssunt
2400 4992 2645 5064 Domini,
2678 4994 2870 5064 quibus
2909 4990 3129 5064 dictum~
3156 4998 3284 5064 est:
3308 4989 3430 5064 Δνοις
3465 4988 3589 5064 estis
3614 4988 3714 5058 ﬁlii

2112 5062 2341 5135 Didbali.
2395 5062 2592 5119 Tribus
2621 5059 2772 5135 ergo,
2804 5078 2923 5135 qua;
2953 5072 3080 5117 sunt
3106 5061 3344 5135 Domini,
3395 5059 3706 5135 ascenderit,

2112 5134 2168 5189 id
2189 5134 2271 5190 est
2297 5136 2389 5205 qui
2411 5133 2707 5191 secundum
2737 5133 3104 5191 testimonium
3135 5134 3226 5190 Dei
3254 5135 3456 5189 intrant
3476 5133 3529 5187 in
3556 5140 3717 5189 sauc-

2114 5213 2223 5261 tam
2251 5207 2547 5264 civitatem.

2188 5277 2271 5351 Ad
2299 5278 2664 5351 conﬁtendum,
2697 5276 3129 5351 inquit,_inomini
3174 5281 3309 5351 ejus.
3356 5270 3465 5332 Sed
3506 5272 3720 5351 Confes-

2119 5346 2202 5403 sio
2233 5350 2338 5404 ista
2360 5344 2621 5419 judicium
2651 5344 3076 5405 estfludicatur
3113 5344 3259 5404 enim
3306 5354 3404 5419 per
3431 5361 3548 5414 eos,
3596 5348 3714 5417 qui-

2120 5419 2223 5474 bus
2245 5420 2445 5475 dictum
2476 5430 2599 5475 est:
2632 5420 2866 5475 sedebitis
2905 5437 3057 5489 super
3100 5419 3370 5474 duodecim
3417 5419 3713 5489 tribunalia,

2108 5491 2413 5563 judicantes
2463 5491 2731 5545 d'todrcim
2783 5486 3192 5547 tribus'lsrael.
3247 5491 3361 5545 Non
3408 5491 3581 5563 solum
3659 5486 3718 5543 hi

2116 5561 2458 5634 judicabant,
2488 5563 2582 5617 sed
2602 5570 2657 5619 et
2683 5563 2884 5634 Regina
2913 5563 3095 5619 Anstt‘i
3118 5572 3174 5618 et
3197 5563 3312 5631 ipsa
3348 5561 3630 5632 judicabit,
3663 5567 3719 5612 et

2114 5631 2374 5705 {indvitur
2416 5631 2893 5700 condemnabam;
2927 5635 3050 5705 quia
3080 5635 3130 5688 hi
3163 5631 3533 5705 pmttitentiam
3577 5641 3721 5705 prte-

2120 5704 2339 5778 dicante
2374 5705 2508 5762 Jona
2538 5706 2798 5778 propheta
2824 5702 3072 5777 egerunt,
3102 5702 3389 5778 et’Regina
3416 5702 3601 5778 Austri
3643 5715 3715 5757 ex

2121 5775 2332 5832 ultimis
2371 5772 2549 5835 terrae"
2573 5772 2815 5850 partibus
2846 5772 3068 5834 veniens
3114 5772 3432 5847 sapientiam
3476 5772 3723 5829 Solomo-
