4138 6180
479 219 651 279 XXIII

1566 221 1829 279 MAFFEI
1866 217 2206 278 EDITIONIS
2243 217 2642 277 PRIEF-A'I‘IO.

3606 218 3784 276 XXIV

481 335 566 390 nis
596 330 800 416 audivit
829 347 843 388 :
897 332 950 417 in
981 345 1085 404 qua
1113 333 1297 418 regina
1325 330 1587 417 Ecclesia
1622 334 1926 418 ﬁgiiracst,
1955 350 2073 406 qua:
2103 352 2152 412 Α
2189 406 2201 418 ⁸
2258 332 2324 389 Et
2351 333 2604 418 Dominus
2623 334 2677 386 in
2704 329 2921 418 circuitu
2955 329 3131 417 populi
3167 329 3248 416 sui
3290 345 3352 386 ex
3380 331 3488 418 hoc.
3521 340 3571 418 εξ
3615 348 3786 403 usque

481 406 763 475 peregrina
817 414 872 460 et
930 406 1198 472 incognita
1244 406 1575 474 pteniteutize
1623 407 1874 474 credidit,
1907 418 1957 462 et
1990 423 2079 462 sa-

484 478 743 547 pientiam
777 476 1108 532 desideravit
1132 478 1340 534 audire.

553 547 689 613 Quia
734 547 855 622 illic
884 547 1128 622 sederunt
1177 550 1318 604 sedes
1342 549 1401 622 in
1418 547 1705 622 judicium,
1728 549 1872 604 sedes
1924 567 2080 622 super

480 618 691 672 domum
726 617 912 674 Dauid.
945 619 1098 676 Sicut
1144 622 1289 676 enim
1337 621 1390 675 in
1418 617 1650 674 'caateris
1698 621 1829 675 locis
1879 617 2077 676 nomen

481 689 579 764 Dei
601 705 666 744 ex
699 704 943 764 corpore
973 701 1092 754 est;
1144 706 1287 747 nunc
1334 706 1548 764 quoque
1577 691 1859 760 Scriptura
1900 692 2079 762 ipsum

482 761 647 816 Dettm
698 761 859 817 David
904 773 1196 835 nuncupat,
1245 761 1444 819 nomen
1468 761 1530 818 ei
1561 778 1626 818 ex
1649 773 1876 833 parente
1902 761 2080 820 carnis

484 846 792 888 assumens.

555 904 754 979 Rogat:
780 919 894 979 qua:
909 905 977 958 ad
1006 921 1181 976 pacem
1203 916 1324 961 sunt
1348 905 1693 962 Hierusalem.
1734 905 1942 979 Rogate
1969 921 2078 961 non

481 975 693 1048 orandi,
738 975 836 1031 sed
860 975 1225 1047 interrogandi
1269 993 1450 1034 sermo
1477 988 1598 1034 est:
1635 975 1844 1048 pacem'
1869 979 2081 1034 discere

483 1047 537 1102 in
562 1047 840 1102 voluntate
871 1058 954 1102 est
975 1048 1327 1104 audientium.
1357 1051 1491 1105 Cum
1521 1047 1663 1104 enim
1691 1049 1760 1104 de
1787 1064 1921 1120 pace
1961 1051 2078 1118 ejus

482 1121 954 1189 interrogaverint,
1012 1130 1138 1175 tunc
1177 1121 1518 1188 ltetabuntur,
1572 1129 1697 1176 tunc
1743 1120 2082 1176 conﬁdenter

482 1189 665 1244 dicere
698 1197 986 1258 poterunt:
1016 1193 1067 1245 in
1097 1192 1306 1246 domum
1353 1191 1450 1246 Dei
1496 1193 1704 1245 ibimus.
1742 1191 1946 1246 Dehinc
1991 1207 2082 1247 se-

483 1261 667 1330 quitur
697 1277 710 1315 :
745 1278 847 1331 pax
875 1263 927 1316 in
967 1266 1150 1319 virtute
1189 1275 1299 1328 tua,
1330 1273 1375 1318 et
1408 1263 1727 1316 abundantia
1756 1263 1808 1316 in
1857 1263 2084 1318 turribus

484 1331 602 1386 tuis.
639 1331 748 1404 Pax
779 1345 939 1403 atque
962 1336 1131 1389 virtus
1160 1335 1354 1389 domus
1384 1334 1544 1404 hujus
1572 1335 1808 1388 invicem
1837 1348 2082 1390 connexa

483 1413 621 1476 sunt
655 1403 777 1458 sibi.
807 1405 914 1460 Sed
960 1407 1011 1459 in
1038 1408 1184 1460 omni
1226 1421 1424 1476 genere
1464 1403 1702 1459 civitatis
1728 1405 1861 1459 nihil
1909 1420 2085 1474 neque

485 1472 716 1548 ﬁrmius,
747 1491 920 1548 neque
945 1476 1153 1543 utilius,
1189 1472 1366 1548 ncque
1409 1477 1678 1531 excelsius
1711 1476 1948 1548 turribus
1977 1472 2080 1531 est.

483 1543 617 1598 Nam
648 1560 769 1600 cum
797 1545 865 1600 de
895 1563 1024 1616 pace
1067 1543 1565 1604 virtutis'memoria
1597 1557 1764 1616 esset,
1804 1547 2086 1602 abundan-

485 1616 611 1669 tiam
631 1616 978 1691 beatitudinis
1013 1622 1263 1686 perl'ecta:
1295 1619 1526 1675 civitatis
1559 1618 1719 1690 hujus
1750 1619 2084 1690 principibus

486 1688 842 1761 populorum,
879 1688 1174 1759 tamquam
1245 1691 1570 1746 ﬁrmissimis
1634 1688 1694 1745 et
1751 1688 2084 1761 gravissimis

487 1756 792 1826 deputavit,
815 1760 1002 1816 dicens
1030 1756 1043 1813 Ξ

564 1827 629 1882 Et
655 1828 976 1903 abundantia
1019 1833 1072 1886 in
1105 1831 1330 1887 turribus
1361 1834 1461 1888 luis
1490 1847 1510 1887 .°
1557 1831 1661 1888 Per
1696 1832 1839 1903 quod
1879 1831 2080 1888 intelli-

485 1898 648 1970 gitur,
675 1901 1056 1974 abundantiam
1087 1903 1225 1958 hanc
1264 1919 1368 1959 non
1419 1898 1780 1974 promiscuam
1832 1906 2083 1960 omnibus

486 1986 642 2038 esse;
670 1973 762 2026 sed
792 1972 1057 2028 Fidelium
1087 1984 1314 2041 tanunn,
1351 1972 1431 2030 et'
1454 1976 1785 2030 Sanctorum
1817 1977 2080 2040 virorum,

490 2043 582 2114 qui
632 2047 847 2100 caeteris
899 2047 1050 2100 velut
1097 2047 1332 2102 turribus
1395 2046 1743 2102 a‘diliciorum
1781 2049 2082 2113 emineant;

568 2115 1037 2190 est‘Patriarchx,
1098 2117 1404 2190 Prophetar,
1464 2119 1730 2190 Apostoii,
1781 2119 2081 2190 Martyres;

487 2183 556 2239 de
590 2185 784 2253 quibus
811 2187 1068 2242 Dominus
1097 2190 1149 2242 in
1191 2183 1489 2261 Evangeliq
1512 2183 1595 2244 'ait
1627 2207 1638 2242 :
1665 2189 1842 2252 Pater,
1870 2183 1963 2261 pr'o
2006 2183 2085 2243 his

489 2265 536 2332 t_e
564 2271 708 2328 rogo,
750 2267 805 2311 ut
844 2275 1220 2332 omnesunum
1245 2261 1406 2314 simus
1433 2259 1540 2332 (Jo.
1566 2277 1697 2326 xvn,
1728 2261 1826 2330 2|)
1856 2259 1980 2316 :‘hic
2003 2269 2086 2316 est

488 2324 748 2456 Dominuls
774 2341 958 2386 noster
986 2330 1162 2386 .Jesus
1191 2324 1476 2400 Christus,
1507 2333 1600 2404 qui
1641 2324 1724 2389 εει
1768 2324 2087 2389 benedictus

489 2412 546 2454 tn
575 2414 699 2456 secu
725 2416 775 2455 a.
1119 2438 1132 2454 .

489 2412 546 2454 ιιι
575 2412 775 2456 8801113.

853 2515 1099 2572 INCIPIT
1139 2516 1454 2574 PSALMUS
1492 2517 1728 2574 CXXIV.

829 2623 1118 2665 FELICITER
1153 2625 1426 2667 CANTICUII
1467 2625 1741 2668 GRADUUM.

491 2699 594 2767 Qui
623 2699 888 2768 conﬁdunt
909 2701 963 2754 in
983 2699 1229 2767 Domino,
1265 2705 1398 2758 sicut
1437 2719 1582 2757 mons
1626 2702 1756 2758 Sion
1802 2718 1904 2756 non
1947 2718 2086 2756 com-

561 2781 797 2846 movetur
828 2773 909 2846 in_
943 2784 1186 2846 (sternunt
1213 2791 1228 2840 ;
1261 2774 1579 2846 quiiltabitat
1634 2775 1687 2827 in
1737 2772 2088 2839 Hierusalem,

558 2843 834 2966 molntesin
863 2843 1080 2897 circuitu
1105 2848 1240 2917 ejus,
1264 2843 1310 2901 et
1340 2845 1591 2901 Dominus
1635 2846 1690 2898 in
1730 2846 1952 2899 circuitu
1995 2862 2090 2916 po-

565 2929 632 2966 pu
658 2928 673 2966 t
701 2929 804 2965 sui.

565 2928 673 2980 putt
701 2929 804 2965 sut.

561 2983 657 3038 Est
703 2983 848 3067 enim
889 2999 1055 3067 mons
1108 2985 1236 3067 Sion
1277 2989 1488 3067 civitati
1519 2987 1854 3067 Hierusalem
1911 2987 2098 3067 immi;

489 3069 626 3110 nens
659 3071 671 3109 :
706 3066 788 3109 est
812 3066 991 3110 autem
1023 3057 1211 3112 eadem
1243 3060 1432 3114 civitas
1462 3061 1534 3114 ita
1583 3059 1752 3127 posita
1776 3101 1790 3125 ,
1841 3069 1898 3113 ut
1941 3057 2085 3115 circa

489 3128 660 3196 ipsam
692 3129 874 3200 plures
899 3133 1008 3181 sint
1034 3140 1265 3184 montes.
1298 3131 1396 3198 Qui
1440 3146 1568 3200 ergo
1611 3131 1835 3186 conlidit
1881 3132 1933 3185 in
1983 3131 2084 3185 Do-

489 3200 657 3264 mino,
692 3199 839 3252 illum
890 3201 1185 3267 profectum
1235 3200 1472 3265 habebit,
1520 3199 1576 3255 ut
1625 3202 1694 3255 sit
1739 3203 1879 3256 sicut
1930 3217 2086 3257 mons

486 3269 638 3341 Sion.
688 3269 802 3341 Non
857 3271 1001 3341 enim
1049 3271 1384 3327 Hierusalem
1443 3274 1556 3341 ipsa
1606 3272 2086 3328 sanctiﬁcationem

489 3338 852 3394 habitantibus
873 3340 1154 3406 afferebat,
1185 3351 1244 3397 ut
1269 3338 1524 3398 habitat—io
1553 3347 1670 3412 ejus
1701 3342 1910 3399 ﬁrmata
1942 3352 2089 3400 esset

488 3419 693 3484 aeterna
725 3428 738 3465 :
771 3427 893 3465 cum
923 3413 1117 3468 exinde
1149 3415 1453 3482 sacrilegia,
1477 3415 1654 3470 credes
1677 3418 2084 3484 prephetarum,

483 3483 748 3557 judicium
776 3485 965 3557 mortis
989 3485 1044 3557 in
1071 3485 1260 3551 Deum,
1293 3486 1412 3557 fuga
1444 3483 1849 3556 Apostoltirum,
1899 3486 2088 3542 Crueis

487 3553 800 3629 scandalum
854 3554 942 3629 sit.
1005 3555 1318 3612 llabitantes
1354 3553 1546 3614 'autein
1603 3560 1654 3611 in
1709 3573 1829 3612 eam
1875 3559 2088 3629 quoties

485 3626 720 3699 captivi?
755 3625 980 3699 quoties
1031 3629 1326 3699 perempti?
1376 3629 1442 3683 ad
1487 3629 1729 3684 ultimum
1758 3625 1951 3684 civitas
1991 3646 2086 3684 ea-

487 3695 610 3750 dem
639 3695 882 3770 iunditus
923 3695 1099 3754 diruta
1141 3695 1244 3754 est'.
1293 3699 1627 3756 Hierusalem
1677 3702 1854 3770 itaque
1897 3716 2087 3756 eversa

491 3767 670 3839 p0pul_i
701 3766 819 3837 ejus
839 3770 1091 3824 exstincti
1117 3783 1242 3825 sunt
1273 3791 1285 3824 :
1319 3771 1480 3828 hodie
1509 3773 1559 3826 in
1582 3788 1643 3826 ea
1675 3766 1781 3825 non
1796 3771 2084 3839 Sacerdos,

488 3854 594 3914 non
639 3837 930 3907 Propheta,
979 3857 1093 3914 non
1120 3843 1388 3914 princeps.
1432 3844 1496 3898 Et
1525 3843 1797 3913 quomodo
1827 3837 2087 3900 habitatio

485 3909 602 3979 ejus
625 3925 730 3966 non
761 3909 1190 3968 commovebitur
1221 3914 1272 3968 in
1294 3909 1598 3970 {eternum'i
1637 3925 1691 3970 et
1741 3914 2000 3969 Dominus
2031 3915 2082 3969 in

490 3983 933 4056 (_:ifcu_itu_p0puli
967 3983 1126 4054 ejus?
1154 3985 1249 4040 sed
1278 3986 1402 4056 quia
1435 3987 1487 4041 in
1520 3987 1620 4040 hoc
1650 3997 1833 4042 monte
1883 3985 2086 4043 fructus

488 4052 794 4130 Prophetize
823 4052 1009 4130 nullus
1029 4065 1131 4120 est,
1165 4052 1308 4126 quid
1341 4058 1394 4130 in
1424 4065 1606 4130 monte
1653 4057 1874 4130 intelligi
1924 4073 2086 4130 opor-

488 4133 598 4199 t_eat
623 4123 810 4199 Esaias
839 4125 1022 4194 docet,
1072 4123 1308 4185 montem
1344 4129 1558 4184 Domini
1595 4123 1864 4185 excelsun.
1916 4123 2084 4199 signi-

488 4193 658 4248 ﬁcans
705 4194 771 4246 ad
819 4211 980 4263 quem
1024 4209 1210 4265 gentes
1248 4210 1488 4256 ventura:
1517 4210 1722 4256 essent.
1757 4201 1893 4255 Ecce
1938 4193 2086 4255 mitto

489 4266 541 4319 in
567 4265 907 4341 fundamenta
930 4266 1059 4321 Sion
1087 4269 1312 4337 lapidem
1340 4272 1667 4341 prwclarum,
1702 4273 1942 4336 electam,
1991 4290 2086 4326 an-

485 4337 739 4410 gularem,
771 4338 1086 4410 pretiosum;
1133 4348 1180 4393 et
1213 4342 1300 4410 qui
1340 4337 1507 4395 credit
1563 4343 1616 4395 in
1663 4359 1778 4396 eum
1823 4359 1926 4396 non
1964 4359 2084 4396 con-

486 4407 728 4482 fundetur
759 4407 877 4482 (Eg.
912 4425 1103 4482 ιιξγιιι,
1132 4407 1246 4482 16)’.
1303 4411 1414 4467 Hoc
1440 4414 1492 4466 in
1525 4412 1643 4467 loco
1676 4412 2083 4469 fundamentum

485 4479 1098 4553 Christttm‘signiﬁcat;
1151 4479 1245 4553 per
1293 4500 1451 4553 quem
1498 4484 1651 4540 beata
1702 4485 1790 4538 illa
1840 4484 2082 4540 Ecclesia

487 4550 710 4626 intelligi
742 4549 980 4617 videtur,
1013 4549 1172 4626 quam
1197 4549 1488 4626 Apostolus
1507 4555 1611 4610 alic
1639 4557 1854 4626 nomine
1885 4555 2077 4611 Hieru-

487 4623 654 4676 salem
687 4632 958 4691 nuncupat
1003 4623 1188 4680 dicens
1227 4623 1406 4692 {Quae
1452 4644 1582 4680 nunc
1631 4637 1704 4681 est
1759 4625 2082 4682 Hierusalem

486 4695 703 4748 serviens
732 4711 845 4748 cum
868 4695 992 4770 ﬁliis
1016 4697 1122 4770 suis
1149 4697 1167 4767 (
1190 4694 1309 4754 Gal.
1345 4713 1416 4763 tv,
1448 4695 1560 4768 9-5)
1592 4713 1604 4753 :
1633 4714 1698 4752 ea
1739 4708 1918 4753 autem
1960 4714 2082 4770 quae

488 4778 700 4820 Sursum
743 4773 835 4840 est
873 4767 1230 4834 Hierusalem,
1280 4770 1448 4825 libera
1475 4767 1573 4840 est,
1625 4784 1746 4840 quae
1784 4785 1856 4825 est
1909 4767 2080 4825 mater

487 4846 690 4922 nostra.
742 4836 1012 4922 Habemus
1017 4849 1438 4922 ergohmontem
1488 4836 1619 4896 Sion
1644 4836 1878 4910 Domini,
1913 4841 2078 4922 habe-

487 4921 608 4961 mus
627 4915 682 4960 et
719 4907 986 4964 civitatem
1017 4907 1116 4966 Dei
1137 4911 1508 4967 Hierusalem:
1548 4927 1595 4966 et
1643 4927 1835 4967 uomet.
1866 4907 2079 4967 montis

490 4977 862 5053 interpretatio
899 4989 982 5035 est
1003 4983 1318 5053 speet-latio.
1349 4983 1649 5053 Sequemur
1686 4999 1816 5053 ergo
1846 4982 2080 5052 Aposto-

487 5048 632 5125 l_um,_
659 5065 964 5125 sequamur:
1001 5048 1368 5125 Evangelium,
1417 5048 1708 5125 s‘equtmur
1751 5048 2076 5125 Proyhetas.

484 5118 829 5176 Conﬁdamus
852 5121 906 5176 in
937 5118 1185 5189 Domino’,
1261 5128 1311 5181 ui
1341 5118 1702 5182 mons'dictus
1747 5136 1829 5183 est
1860 5118 1875 5181 ἔ
1928 5128 2080 5182 babi-

488 5200 662 5248 temus
693 5207 834 5248 nunc
862 5197 916 5248 tn
937 5191 1182 5254 Ecclesia
1211 5143 1570 5254 ﬂierusalem.
1597 5213 1719 5254 tum
1755 5212 1866 5254 non
1890 5213 2052 5254 move

488 5200 662 5276 iemus
693 5207 834 5276 nunc
862 5197 916 5248 tn
937 5191 1182 5254 Ecclesia
1211 5191 1570 5264 Hierusalem,
1597 5213 1719 5269 qua:
1755 5212 1866 5256 non
1890 5213 2052 5255 move

490 5271 574 5320 tur
601 5271 654 5320 in
677 5273 937 5321 aeternum
947 5305 962 5321 .

2181 406 2236 459 in
2278 407 2529 460 secnlum.
2561 405 2674 460 Hoc
2713 405 2764 458 in
2799 404 2917 459 loco
2955 402 3260 458 itt'circuitu
3308 403 3488 473 pepuli
3530 402 3789 474 Evange-

2182 477 2312 548 lium
2359 477 2643 548 signiﬁcat.
2687 475 2928 545 Namque
2970 490 3090 532 eum
3121 474 3188 529 ad
3239 474 3485 548 Moysem
3521 475 3789 530 Dominus

2181 546 2430 603 dixisset:
2457 547 2592 602 Ecce
2618 547 2830 618 angelus
2858 563 3002 618 meus
3039 546 3293 601 antecedet
3325 556 3409 610 te;
3433 546 3524 618 ille
3551 562 3789 618 respon-

2182 619 2298 674 dit:
2323 619 2440 673 Nisi
2464 631 2519 672 tu
2542 616 2734 674 mecum
2757 617 3007 690 ambules,
3038 634 3101 672 ne
3120 618 3452 690 mcexpellas
3481 617 3620 690 Altinc
3650 616 3786 690 (Ex.

2181 706 2362 756 xxxu;
2387 690 2476 746 54.
2508 705 2697 751 xxxnr,
2723 687 2834 761 IS).
2857 689 3066 761 Bonum
3094 687 3308 760 quidem
3337 688 3642 761 przesidium
3661 687 3792 761 ’Λη-

2181 763 2310 830 geli.
2329 762 2422 817 sed
2448 763 2642 818 melius
2662 759 2868 816 Domini
2893 777 2905 813 :
2931 759 3279 816 multis’enim
3301 759 3476 814 anima
3499 770 3680 815 nostra
3705 760 3796 814 la-

2181 834 2336 902 queis
2353 834 2647 903 appetitur,
2680 833 2864 887 multis
2891 832 3150 886 adversus
3171 846 3268 886 nos
3288 831 3453 886 armis
3472 830 3793 887 dimicatur.

2181 903 2369 960 Sciens
2399 921 2528 976 ergo
2571 906 2829 958 Dominus
2861 919 2966 958 non
2994 904 3251 976 adversus
3289 917 3508 976 carnem
3553 912 3608 958 et
3653 917 3796 976 san:

2181 977 2397 1043 guinem
2454 973 2608 1031 nobis
2662 991 2894 1047 pugnam
2946 989 3106 1047 esse,
3137 973 3231 1030 sed
3281 973 3542 1028 adversus
3597 973 3800 1047 mundi

2184 1047 2346 1118 hujus
2378 1045 2696 1116 potestatem
2718 1089 2731 1112 ,
2760 1048 2832 1101 ait
2855 1045 3144 1114 Evangelia
3186 1059 3568 1118 consummatis
3597 1064 3610 1099 ε
3649 1045 3800 1100 Ecce

2183 1117 2278 1190 ego
2309 1119 2569 1174 vobiscum
2595 1121 2704 1190 sunt
2729 1117 2960 1171 omnibus
2982 1119 3161 1190 diebus
3189 1132 3347 1186 usque
3375 1117 3428 1170 in
3459 1133 3803 1171 consumma-

2185 1188 2372 1274 tionem
2402 1190 2580 1245 swculi
2601 1189 2825 1274 ‘(Mat’tlu
2845 1205 3038 1270 _xxvm,
3063 1188 3180 1259 20).

2259 1262 2361 1326 Qui
2390 1280 2491 1316 non
2536 1260 2776 1332 relinquit
2809 1260 3001 1329 virgam
3046 1269 3367 1332 peccatorum
3412 1275 3565 1332 super
3595 1271 3800 1314 sortem

2174 1335 2475 1406 justorunt;
2500 1342 2553 1387 ut
2592 1331 2695 1387 non
2725 1333 2998 1387 extendant
3032 1332 3166 1404 justi
3212 1332 3265 1384 in
3296 1331 3563 1401 iniquitate
3601 1347 3801 1386 manus

2186 1421 2328 1458 suas.

2259 1477 2313 1530 In
2343 1476 2490 1545 virga
2522 1484 2840 1546 potestatem
2886 1473 3116 1544 intelligi
3151 1473 3424 1546 convenit.
3449 1472 3662 1546 Virgam
3693 1488 3802 1530 ac-

2185 1547 2329 1616 cepit
2392 1544 2625 1619 Meyses,
2659 1562 2796 1619 iqua
2844 1554 3025 1619 posset
3077 1549 3250 1619 facere
3306 1545 3455 1619 signa
3503 1561 3517 1598 :
3568 1544 3686 1619 fuit-
3727 1553 3801 1601 et

2188 1615 2334 1689 virga
2388 1615 2613 1682 Aaron,
2650 1618 2828 1689 fuitet
2886 1617 3056 1689 virga
3086 1616 3315 1682 Pharao,
3371 1617 3468 1689 fuit
3536 1627 3589 1670 et
3639 1615 3798 1687 virga

2187 1687 2707 1746 Nabuchodonosor.
2753 1688 2896 1758 Ergo
2922 1687 2989 1741 in’
3015 1688 3240 1742 circuitu
3284 1703 3382 1741 nos
3416 1687 3556 1742 Deus
3599 1697 3793 1742 custo-

2112 1738 2161 1800 Β
2187 1738 2298 1826 uti}
2310 1738 3486 1830 Ἰῖἔέἶῲἑῖἑόὲιοῖιὶ⁰ιῖόέὶτᾶἇίιῷὲᾶεεῖόῦιιῖιί
3516 1738 3797 1830 iisiis.

2185 1833 2537 1904 relinquatur.
2568 1831 2799 1904 Veniunt
2842 1831 3056 1900 quidem
3103 1829 3498 1904 tribulationes,
3545 1829 3637 1884 sed
3676 1845 3793 1886 non

2185 1901 2546 1973 permanent:
2581 1903 2803 1957 veniunt
2859 1903 3282 1971 persecutiones,
3326 1901 3421 1955 sed
3469 1917 3571 1954 non
3612 1904 3794 1970 persi-

2187 1985 2352 2030 stunt.
2396 1976 2511 2029 Non
2566 1975 2710 2028 enim
2765 1989 2930 2043 super
2977 1980 3176 2028 sortem
3208 1983 3443 2026 nostram
3491 1973 3794 2041 peccaturis

2185 2047 2334 2117 virga
2381 2047 2809 2116 derelinquitur;
2866 2045 3125 2117 Dominus
3178 2059 3406 2113 namque
3453 2044 3503 2096 in
3555 2044 3793 2117 circuitu

2187 2115 2369 2189 populi
2400 2118 2482 2173 sui
2514 2115 2678 2173 estin
2727 2129 3029 2189 :cternum.
3060 2115 3230 2189 Quam
3263 2126 3440 2189 autem
3475 2115 3798 2189 retributio-

2188 2186 2311 2245 nein
2339 2205 2370 2244 a
2392 2191 2502 2245 Deo
2531 2197 2804 2244 mereatur
2832 2188 2897 2251 is,
2944 2188 3033 2255 qui
3081 2187 3149 2241 ab
3175 2187 3321 2240 omni
3366 2186 3642 2256 iniquitate
3670 2201 3797 2241 ma-

2188 2276 2290 2316 nus
2317 2277 2443 2316 suas
2461 2260 2750 2323 abstineat,
2776 2259 3075 2324 insequitur
3093 2259 3278 2312 dicens
3307 2273 3322 2311 :
3413 2311 3422 2318 ,

2259 2331 2504 2401 Benefac,
2538 2331 2774 2394 Domine,
2805 2329 2949 2384 bonis
2974 2339 3022 2384 et
3048 2330 3200 2383 rectis
3228 2328 3402 2401 corde.

2260 2399 2703 2458 Nam‘retribntio
2734 2409 2794 2455 ut
2839 2401 3014 2467 bonis,
3049 2402 3120 2455 ita
3147 2409 3203 2456 et
3245 2400 3401 2456 malis
3447 2415 3553 2455 non
3598 2399 3782 2469 deest;

2188 2474 2328 2530 sicut
2354 2474 2705 2543 subsequitur
2729 2490 2741 2525 :

2260 2542 2588 2600 Declinantes
2613 2555 2782 2599 autem
2805 2544 2872 2597 ad
2902 2543 3235 2613 obligationes
3267 2542 3489 2598 adducet
3534 2543 3790 2599 Dominus

2189 2635 2303 2671 cum
2325 2615 2651 2680 operantibus
2692 2615 3028 2686 iniquitatem.
3053 2616 3154 2684 Qui
3199 2617 3344 2672 enim
3394 2629 3648 2684 Operatur
3679 2617 3788 2670 itii-

2189 2689 2474 2758 quitatem,
2503 2688 2636 2757 legis
2676 2687 2882 2742 alienus
2911 2698 2993 2741 est
3034 2706 3047 2742 :
3095 2688 3184 2756 qui
3230 2700 3410 2742 autem
3457 2687 3690 2741 declinat
3719 2703 3790 2744 ex

2192 2761 2330 2830 lege,
2367 2769 2729 2830 transgressor
2759 2768 2841 2830 est
2873 2759 3024 2828 legis.
3050 2758 3133 2813 Ab
3162 2758 3243 2813 his
3273 2773 3400 2827 ergo
3431 2773 3582 2813 mens
3603 2769 3791 2814 nostra

2191 2829 2472 2885 alienanda
2509 2829 2614 2892 est,
2643 2845 2710 2886 ne
2751 2829 3047 2884 adducatur
3086 2831 3247 2885 homo
3287 2846 3409 2884 cum
3439 2831 3791 2898 aperantibus

2193 2901 2548 2974 iniquitatem.
2601 2902 2701 2969 Qui
2755 2902 2923 2974 enim_
2966 2903 3065 2956 ista
3121 2901 3371 2956 universa
3419 2901 3792 2974 observaverit

2195 2972 2356 3027 homo
2404 2973 2678 3044 paciﬁcus.
2741 2988 2844 3026 non
2893 2972 3218 3042 derelinquit
3271 2987 3434 3044 super
3475 2987 3535 3026 se
3583 2972 3790 3041 virgam

2195 3043 2523 3115 peccatoris;
2555 3045 2650 3100 sed
2679 3044 2782 3099 ﬁde
2814 3045 3047 3114 perfecta
3078 3053 3358 3115 permanet
3381 3043 3432 3098 in
3478 3053 3740 3115 mternum
3763 3061 3788 3115 7:

2111 3116 2158 3182 C
2192 3113 2247 3172 et
2275 3119 2459 3172 audiet
2510 3132 2606 3185 pro
2653 3113 2862 3170 meritis
2905 3115 3006 3171 sibi
3055 3115 3222 3188 dici‘:
3251 3113 3370 3188 Pax
3407 3130 3560 3186 super
3593 3113 3790 3169 Israel.
3851 3179 3864 3188 .

2192 3189 2286 3244 Ille
2323 3197 2408 3243 est
2450 3184 2593 3243 enim
2645 3203 2746 3257 pax
2791 3197 2998 3251 nostra,
3048 3188 3136 3255 qui
3173 3184 3296 3240 fecit
3341 3184 3567 3256 utraque
3598 3201 3788 3254 unum,

2190 3260 2446 3384 Dominqs
2477 3269 2659 3315 noster
2687 3259 2844 3313 Jesus
2889 3257 3160 3326 Christus,
3207 3259 3295 3328 qui
3341 3266 3425 3312 est
3471 3258 3792 3313 benedictus

2190 3347 2245 3384 in
2273 3345 2402 3384 secu
2424 3347 2475 3384 τι.

2190 3347 2245 3386 ιιι
2273 3345 2475 3386 secula.

2528 3445 2777 3502 INCIPIT
2813 3444 3128 3502 PSALMUS
3165 3444 3424 3502 CXXXII.

2193 3538 2325 3594 Ecce
2350 3556 2500 3609 quam
2532 3540 2716 3594 bonunt
2767 3548 2840 3594 est
2879 3551 2926 3594 et
2939 3538 3228 3612 jucundum
3259 3538 3492 3592 habitare
3521 3542 3708 3610 fratres
3733 3541 3790 3596 in

2905 3627 3084 3664 unum.

2261 3704 2467 3759 Bonum
2497 3715 2551 3758 et
2584 3703 2878 3772 jucundum
2909 3712 2993 3757 est
3020 3705 3069 3756 in
3100 3719 3263 3758 unum
3292 3701 3536 3759 habitare
3572 3702 3786 3760 fratres.

2189 3775 2321 3832 Cum
2352 3778 2405 3832 in
2451 3793 2613 3830 unum
2656 3775 2919 3838 habitant,
2951 3786 3217 3829 conventu
3252 3775 3510 3829 Ecclesia!
3555 3791 3788 3846 congre-

2189 3859 2422 3918 gantur:
2472 3863 2594 3902 cum
2642 3847 2835 3901 fratres
2866 3859 3240 3914 nuneupantur
3287 3846 3458 3900 unicae
3497 3847 3789 3902 voluntatis

2190 3919 2454 3975 charitate
2482 3919 2782 3973 concordes
2807 3925 2952 3971 sunt.
2985 3919 3064 3970 Ad
3101 3919 3326 3987 primam
3358 3917 3500 3972 enim
3551 3921 3788 3985 Aposto-

2193 3991 2365 4062 lorum
2397 3988 2831 4062 praedicationem
2861 3987 2964 4062 boc
2986 4004 3236 4060 magnum
3268 3998 3594 4062 przeeeptum
3619 3988 3792 4045 fuisse

2190 4059 2419 4133 legimus
2463 4060 2604 4132 quod
2629 4061 2858 4133 dicitur:
2913 4059 3044 4133 Erat
3060 4059 3196 4133 enim
3221 4061 3448 4133 omnium
3471 4061 3789 4133 credentium

2190 4130 2299 4203 cor,
2325 4145 2370 4188 et
2399 4130 2573 4188 ani—ma
2603 4149 2706 4186 una
2721 4131 2857 4203 (ᾼοι.
2881 4146 2955 4203 tv,
2985 4130 3099 4202 ‘52).
3129 4132 3239 4187 Hoc
3265 4131 3443 4201 itaque
3465 4132 3661 4202 popqu
3696 4132 3790 4188 Dei

2188 4201 2455 4276 congruit,
2487 4204 2586 4259 sub
2617 4201 2908 4276 uno'Patre
2929 4201 3125 4258 fratres
3150 4218 3290 4266 esse,
3326 4203 3428 4276 sub
3447 4201 3556 4276 uno
3583 4203 3791 4276 Spiritu

2191 4272 2354 4330 unum
2386 4290 2531 4337 esse,
2577 4273 2678 4328 sub
2705 4288 2807 4327 una
2838 4272 3002 4328 domo
3051 4276 3332 4330 unanimes
3381 4272 3656 4338 incedere,
3689 4275 3790 4330 sub

2191 4362 2297 4401 uno
2322 4360 2550 4416 corpore
2580 4347 2736 4416 unius
2779 4345 3022 4414 corporis
3053 4345 3292 4400 membra
3312 4359 3453 4416 esse.
3483 4344 3788 4416 Jucundum

2189 4429 2244 4472 et
2271 4414 2474 4473 bonuin
2503 4424 2587 4470 est
2617 4415 2859 4470 habitare
2891 4416 3083 4470 fratres
3117 4423 3166 4470 in
3199 4432 3386 4471 unum.
3411 4414 3789 4485 Comparatio-

2109 4510 2164 4571 D
2190 4505 2312 4571 nem
2339 4504 2467 4545 vero
2499 4487 2659 4558 hujus
2686 4487 2811 4543 boni
2833 4486 3164 4558 jncundique
3186 4487 3456 4558 Propheta
3485 4485 3787 4555 constituit,

2187 4561 2374 4616 dicens
2401 4580 2414 4616 :

2261 4632 2408 4688 Sicut
2437 4639 2749 4702 unguentum
2770 4629 2841 4702 de
2889 4629 3076 4702 capite,
3108 4631 3244 4699 quod
3275 4629 3529 4684 descendit
3569 4629 3623 4683 in
3666 4629 3788 4684 bar-

2186 4704 2325 4770 bam,
2352 4700 2547 4767 Aaron,
2573 4702 2712 4771 quod
2744 4700 3006 4754 descendit
3061 4701 3114 4754 in
3144 4719 3289 4756 orant
3344 4702 3629 4756 uestimenti
3651 4703 3787 4772 ejus.

2184 4777 2362 4830 Aaron
2388 4782 2740 4845 unguentum,
2766 4773 3087 4845 compositio
3112 4772 3215 4828 fuit
3239 4788 3302 4830 ex
3335 4773 3612 4837 odoribus,
3649 4773 3792 4828 unde

2185 4847 2435 4918 unguitur
2449 4843 2505 4918 in
2524 4845 2882 4918 sacerdotem.
2905 4843 3051 4898 Hanc
3071 4845 3532 4918 consecrationem
3560 4845 3791 4914 primum

2183 4915 2462 4974 Sacerdoti
2487 4931 2587 4972 suo
2618 4917 2728 4971 Deo
2755 4930 2876 4971 esse
2915 4917 3261 4984 complacuit.
3317 4915 3602 4970 Dominum
3651 4931 3788 4981 quo-

2183 5004 2287 5059 que
2313 5001 2554 5044 nostrum
2582 4986 2925 5044 invisibiliter
2961 4997 3180 5042 unctum
3209 5001 3330 5042 esse
3373 5000 3403 5040 a
3445 4986 3791 5042 consortibus

2184 5063 2317 5116 suis.
2347 5059 2541 5116 Unctio
2571 5061 2670 5114 ista
2719 5068 2933 5114 terrena
2986 5073 3094 5112 non
3139 5067 3224 5114 est
3265 5075 3279 5112 :
3331 5073 3439 5113 non
3487 5073 3678 5126 cornu,
3732 5065 3792 5112 ut

2185 5147 2340 5204 reges
2368 5130 2763 5202 unguebantur,
2809 5129 2905 5204 sed
2945 5128 3064 5204 oleo
3097 5129 3302 5183 laetitiae
3332 5137 3526 5186 unctus
3547 5139 3651 5186 est.
3683 5128 3789 5185 De-

2186 5199 2349 5275 nique
2380 5199 2501 5274 post
2531 5203 2669 5260 hanc
2689 5202 2996 5259 unctionem
3028 5199 3332 5258 Aaron.....
