4138 6180
1700 286 2211 296 ω

773 462 1401 592 EPISTO
1425 463 1656 588 LA
1742 466 2085 589 NUN
2107 466 3142 602 CUPATORIA

1262 719 1707 793 EDITION
1716 719 1814 794 IS
1871 721 2081 795 BEN
2095 723 2637 798 ΕΒΙΟΤΙΝᾹΞ

532 901 1252 966 EMINENTISSIMI
1312 902 1388 964 D.
1448 903 1524 964 D.
1586 903 1944 968 CIESARI
2007 906 2393 972 ESTRIEO
2453 909 2515 971 S.
2575 910 2650 972 R.
2709 910 2783 972 Ε.
2844 912 3372 978 CARDINALI.

369 1141 518 1200 ίηῑθΐ
563 1142 868 1217 Ρῐῖθθῖριιοε
911 1143 1209 1200 ειυάίονιιῐη
1258 1153 1588 1211 ηοειτοτυιη,
1642 1145 1808 1200 immo
1847 1154 1900 1202 et
1931 1147 2060 1206 Ain
2102 1152 2500 1222 prolusionibus
2545 1153 2663 1209 istis
2707 1153 2970 1225 publicis,
3021 1157 3216 1225 quibus
3263 1159 3327 1214 ad
3370 1160 3608 1218 lauream

301 1239 468 1292 totius
516 1236 962 1308 Gougregationis
1008 1248 1204 1294 nostra:
1251 1248 1508 1308 patronos
1547 1254 1610 1294 ac
1641 1237 1904 1306 fautores,

300 1349 425 1389 cum
456 1342 508 1388 te
537 1331 642 1400 iam
667 1331 867 1385 dudum
899 1331 952 1386 in
976 1331 1159 1401 primis
1184 1334 1559 1403 suspiciamus,
1587 1334 1910 1389 EIINENTIS-

301 1442 425 1483 ειιιε
459 1427 701 1493 Domus;
739 1425 940 1480 nemini
990 1426 1183 1480 mirum
1232 1426 1400 1481 videri
1443 1426 1625 1492 debet,
1661 1427 1804 1498 quod
1847 1428 1905 1484 S.

301 1523 489 1580 Hilarii
517 1523 716 1592 Opera,
749 1537 868 1592 quze
897 1521 1048 1576 novis
1078 1523 1352 1593 reetiguita
1383 1521 1546 1587 curis,
1585 1530 1637 1577 et
1662 1538 1759 1592 pro
1791 1537 1910 1578 mo-

299 1617 432 1674 dulo
479 1632 510 1671 a
561 1615 716 1672 nobis
763 1614 1026 1670 illustrata
1073 1616 1125 1670 in
1168 1615 1342 1671 lucem
1393 1616 1572 1671 denuo
1620 1617 1909 1686 prodeunt,

301 1712 628 1769 Eminentia:
655 1719 761 1764 tum.
787 1722 1159 1778 nuncnpemus
1192 1718 1245 1763 et
1271 1708 1580 1764 offeramus.
1615 1708 1747 1763 Nam
1793 1718 1913 1779 post

304 1815 392 1862 tot
412 1804 707 1861 honoriﬁca
725 1802 1051 1865 testimonia,
1075 1801 1270 1872 quibus
1291 1817 1396 1857 non
1421 1801 1582 1857 modo
1601 1803 1909 1858 universum

305 1910 511 1956 emtum
554 1907 822 1962 nostrum,
874 1909 1060 1950 verum
1101 1894 1263 1949 etiam
1306 1895 1663 1965 quorumdam
1691 1912 1721 1950 e
1753 1895 1912 1950 soda-

305 1995 452 2052 libus
486 1993 708 2059 nostris,
752 2001 862 2046 tttm
895 1990 948 2044 in
980 1999 1288 2044 sanctorum
1318 1989 1540 2044 Patrum
1585 1990 1802 2059 scriptis
1828 2006 1914 2046 re-

305 2087 616 2150 censendis.
667 2086 865 2141 tumin
913 2084 1166 2140 eruendis
1211 2085 1533 2140 venerandzc
1579 2085 1914 2155 antiquitatis

306 2179 678 2237 monumentis
696 2180 911 2234 labores
941 2180 1167 2233 suminis
1197 2177 1569 2244 Pontiﬁcibus,
1601 2192 1758 2232 sacro
1793 2177 1913 2232 Uol-

308 2274 475 2346 legio.
507 2273 713 2344 totique
739 2272 997 2328 Romanae
1023 2273 1187 2328 curia:
1208 2273 1506 2344 approbare
1536 2271 1785 2342 dignatus
1815 2285 1909 2334 es;

308 2384 448 2424 sane
492 2367 938 2425 committendum
987 2382 1094 2423 non
1126 2377 1266 2431 erat,
1295 2374 1355 2421 ut
1405 2373 1515 2420 tam
1561 2378 1826 2434 propensa
1860 2363 1914 2417 in

308 2477 418 2518 nos
441 2461 814 2518 benevolentia
837 2471 891 2516 et
913 2461 1218 2515 humanitas
1248 2460 1424 2515 debita
1450 2459 1585 2530 grati
1608 2460 1772 2512 animi
1804 2468 1912 2513 tes-

2010 1247 2340 1302 doetoraletn
2372 1258 2423 1304 te
2449 1250 2795 1315 disponebas,
2825 1268 2983 1322 quam
3015 1253 3159 1308 edito
3201 1256 3454 1326 singulari
3486 1274 3611 1314 eru-

2012 1341 2230 1397 ditionis
2255 1344 2564 1411 Specimine,
2602 1361 2744 1400 anno
2770 1346 2943 1402 aetatis
2981 1347 3241 1418 vigesimo
3271 1351 3443 1418 primo
3471 1367 3612 1407 non-

2011 1441 2138 1497 dum
2170 1442 2434 1505 absoluto.
2465 1459 2675 1499 summo
2704 1445 2942 1499 omnium
2985 1445 3174 1514 plausu
3214 1456 3492 1501 aSsecutus
3513 1462 3607 1512 es;

2012 1534 2206 1593 deinde
2233 1538 2283 1591 in
2312 1538 2476 1592 variis
2501 1539 2800 1593 actionibus
2829 1547 2976 1593 tanto
3013 1541 3209 1605 studio,
3255 1549 3398 1595 tanta
3442 1541 3616 1598 felici-

2014 1639 2122 1686 tate
2164 1646 2226 1685 ac
2253 1631 2571 1686 dexteritate
2615 1631 2913 1694 asseruisti,
2945 1641 3002 1685 ut
3030 1631 3177 1686 nulla
3208 1631 3292 1687 vel
3332 1633 3616 1702 repentina

2014 1727 2226 1782 occasio
2274 1735 2326 1781 te
2371 1742 2620 1795 umquam
2682 1726 3002 1793 imparatum
3065 1726 3362 1794 invenerit,
3433 1726 3614 1794 nulla,

2014 1819 2354 1885 quantumvis
2377 1817 2613 1873 difﬁcilis
2636 1826 2691 1874 et
2719 1817 2908 1885 ardua,
2934 1819 3208 1874 turbatum
3239 1827 3290 1873 te
3321 1829 3374 1874 et
3398 1823 3616 1875 anxium

2015 1912 2272 1968 eil'eeerit.

2086 2004 2203 2060 Jam
2226 2021 2358 2060 vero
2379 2013 2580 2075 quanta
2605 2006 2906 2061 reverentia
2937 2005 3182 2075 Magnum
3213 2005 3504 2062 Gallicana:
3531 2021 3621 2063 ec-

2015 2099 2196 2155 clesia:
2223 2099 2534 2163 Prtesulem,
2561 2100 2868 2170 pervigilem
2892 2109 3052 2167 atque
3075 2099 3402 2155 indefessum
3426 2101 3622 2156 domus

2017 2194 2112 2250 Dei
2137 2193 2524 2258 speculatorem
2549 2193 2828 2261 suspicies.
2853 2208 2974 2246 eum
3006 2202 3061 2246 tu
3084 2193 3198 2260 ipse
3218 2193 3463 2248 ecclesite
3485 2193 3624 2249 Lau«

2018 2285 2268 2348 dunensi,
2293 2285 2606 2338 meritorum
2632 2284 2798 2353 magis
2819 2300 2978 2353 quam
2997 2285 3168 2338 aetatis
3188 2284 3365 2338 habita
3391 2287 3623 2352 ratione,

2017 2377 2328 2432 nominante
2357 2391 2482 2445 rege
2510 2376 2793 2444 praaieetus
2817 2417 2832 2441 ,
2861 2376 3114 2431 assiduus
3135 2377 3187 2431 in
3213 2377 3624 2432 lustrationibus

2021 2469 2419 2540 parochiarum,
2453 2467 2674 2524 sedulus
2718 2468 2770 2523 in
2801 2468 3140 2524 celebrandis
3169 2468 3623 2536 ordinationibus,

307 2552 603 2609 tiﬁcatione
633 2552 996 2608 fraudaretur.
1030 2551 1182 2621 Quod
1207 2561 1542 2621 repugnante
1571 2550 1822 2620 aequitate
1848 2563 1915 2604 ne

2026 2563 2274 2637 frequens
2296 2569 2348 2623 in
2371 2569 2798 2625 administrando
2826 2568 3037 2637 populis
3073 2569 3178 2622 tuis
3199 2567 3626 2624 conﬁrniatiOnis

309 2649 575 2714 eveniret,
625 2646 760 2702 nihil
800 2648 1156 2717 Opportunins
1197 2646 1480 2716 aptiusqne
1508 2643 1662 2699 nobis
1696 2657 1916 2698 succur-

304 2761 435 2804 rere
455 2755 689 2816 poterat,
721 2761 879 2816 quam
926 2760 1062 2801 nova
1093 2743 1208 2799 haec
1237 2743 1416 2812 magni
1461 2741 1645 2796 Hilarii
1680 2741 1918 2810 Operum

308 2841 498 2903 editio.
529 2855 673 2913 quas.
706 2840 750 2894 si
777 2839 993 2911 quidem
1021 2837 1368 2909 prtesentium
1396 2850 1460 2890 ac
1487 2835 1786 2890 futurorum
1819 2835 1918 2888 lto-

310 2935 519 2990 minum
548 2933 722 2988 oculis
748 2931 965 3002 indigna
1009 2947 1118 2986 non
1147 2929 1272 2997 erit,
1306 2927 1716 2985 beneﬁcentiam
1761 2926 1918 2982 istam

309 3029 503 3088 reddet
533 3027 918 3084 immortalem.

385 3123 569 3194 Neque
593 3136 724 3177 vero
747 3130 855 3175 tam
881 3121 1083 3177 bonum
1113 3127 1166 3175 et
1206 3117 1460 3174 idoneum
1489 3130 1586 3185 pro
1626 3114 1781 3169 nobis
1825 3127 1920 3168 va-

312 3215 460 3279 dem,
488 3215 565 3270 uti
597 3227 900 3283 speramus,
934 3226 1188 3266 recusare
1212 3208 1468 3274 volueris,
1500 3209 1921 3263 Eatnsnrtssme

315 3308 550 3375 Domita,
581 3314 772 3377 utpote
799 3305 889 3374 qui
926 3315 979 3359 et
1007 3301 1268 3358 solvendo
1300 3317 1404 3356 non
1432 3301 1606 3370 impar
1636 3300 1727 3363 sit,
1759 3307 1812 3352 et
1837 3298 1918 3352 fu-

315 3410 472 3458 turus
499 3400 716 3456 debitor
750 3397 972 3453 minime
1014 3411 1263 3451 morosus
1298 3403 1352 3448 ct
1401 3393 1664 3464 ingratus,
1707 3390 1920 3458 qualem

321 3503 470 3552 certe
498 3494 578 3549 vel
606 3502 796 3563 optare
827 3489 1119 3561 potuisses.
1141 3488 1195 3543 Si
1223 3486 1366 3542 enim
1388 3485 1604 3556 generis
1621 3483 1921 3539 claritatem

320 3589 533 3658 quaeris,
559 3586 790 3644 eximius
815 3584 931 3653 ipse
957 3583 1172 3654 inclytae
1192 3581 1366 3649 gentis
1385 3577 1602 3632 Estrteac
1623 3574 1880 3643 splendor
1907 3591 1920 3626 :

317 3683 418 3739 fuit
445 3683 558 3746 ille,
587 3679 728 3751 quod
760 3695 825 3734 ex
848 3677 1144 3732 Fortunato
1165 3672 1443 3734 discimus.
1470 3672 1603 3725 inter
1628 3669 1925 3724 Gallicanos

320 3777 548 3851 familias
578 3773 815 3842 lampade
855 3769 1136 3826 nobilitatis
1183 3784 1284 3821 non
1323 3765 1564 3819 obscurus
1598 3760 1919 3835 (Fortunat.

321 3874 418 3928 lib.
472 3889 490 3930 ι
536 3869 641 3925 Vit.
683 3867 743 3924 S.
775 3864 1000 3930 Hilarii;
1035 3862 1178 3918 Hier.
1228 3859 1382 3928 praaf.
1424 3857 1475 3912 in
1504 3858 1596 3913 lib.
1643 3871 1680 3909 tt
1709 3855 1921 3908 Comm.

317 3967 387 4024 ad
412 3965 580 4039 Gal.).
604 3965 660 4022 Si
683 3963 994 4028 candorem,
1017 3961 1061 4014 si
1082 3971 1406 4030 generosum
1431 3964 1636 4023 pectus,
1661 3967 1779 4021 quae
1799 3957 1926 4003 sunt

318 4059 485 4116 animi
514 4057 589 4112 tui
620 4055 794 4122 dotes,
843 4068 1030 4108 amas:
1064 4050 1203 4107 idem
1235 4057 1352 4104 erat
1380 4046 1546 4119 gratia
1579 4043 1927 4116 generositatis

320 4163 367 4210 et
391 4155 562 4209 nitore
587 4149 804 4222 pectoris
824 4155 1059 4202 ornatus.
1093 4149 1159 4200 At
1185 4143 1411 4200 fortasse
1437 4139 1820 4206 eloquentiam,
1846 4136 1927 4189 vir

319 4246 438 4318 ipse
466 4241 963 4313 eloquentissimus,
993 4237 1218 4294 ulterius
1247 4235 1399 4304 cupis
1427 4252 1440 4289 :
1472 4231 1785 4288 Rhodanum
1813 4228 1924 4283 elo-

321 4341 542 4410 quentia:
580 4352 706 4394 eum
756 4341 910 4390 vocat
958 4332 1341 4402 Hieronymus.
1388 4327 1571 4383 Placet
1597 4323 1820 4384 libertas
1845 4319 1927 4376 di-

320 4431 496 4491 eeudi.
534 4429 749 4502 qualem
787 4428 840 4483 in
874 4427 1128 4482 Romanis
1163 4425 1270 4481 illis
1297 4424 1528 4481 comitiis
1555 4423 1752 4492 schius
1777 4420 1930 4478 exhi-

322 4522 526 4577 buisti?
573 4518 747 4576 Nemo
776 4518 977 4573 Hilario
1028 4519 1078 4572 in
1128 4516 1358 4572 dicendo
1405 4515 1623 4572 liberior
1662 4523 1755 4568 aut
1799 4526 1929 4566 con-

326 4613 575 4678 stantior,
596 4612 676 4667 vel
705 4609 1021 4666 Constantio
1043 4612 1283 4679 Augusto
1302 4616 1458 4663 teste.
1479 4607 1712 4678 Denique
1733 4604 1777 4659 si
1806 4603 1928 4660 ﬁdei

327 4705 604 4762 catholica:
644 4719 884 4760 amorem
931 4703 1363 4760 ardentissimum
1405 4701 1637 4770 probas,
1681 4708 1738 4754 ut
1781 4709 1929 4754 certe

326 4799 558 4872 probare
587 4809 638 4854 te
662 4798 1051 4858 demonstrant.
1083 4813 1203 4867 qua:
1229 4795 1293 4849 ad
1317 4793 1667 4865 detegenda!!!
1695 4801 1748 4846 υῐ
1776 4793 1826 4845 ῖιι
1851 4792 1928 4861 ῘΡ·

329 4901 502 4948 somet
529 4901 650 4948 ortu
691 4905 792 4946 suo
829 4889 1200 4958 conﬁgendznn
1237 4888 1495 4943 nefariam
1533 4885 1780 4940 haeresim
1806 4899 1927 4938 cum

331 4982 784 5039 Eminentissimis
825 4981 1043 5051 collegis
1089 4981 1193 5035 tttis
1239 4995 1407 5048 nuper
1456 4977 1747 5047 prmstitisti
1787 4994 1800 5030 :
1836 4975 1932 5030 fuit

333 5075 571 5130 Hilarius
613 5075 890 5145 religionis
917 5073 1167 5129 columna
1196 5088 1314 5140 quae
1346 5081 1619 5124 nutantem
1649 5067 1793 5123 fnl~it
1821 5067 1928 5122 Ec-

331 5166 572 5233 clesiam,
605 5167 952 5235 ejusdemque
974 5164 1237 5219 beneﬁcio
1252 5161 1423 5217 Gallia
1451 5170 1680 5216 monstra
1704 5179 1805 5215 non
1831 5160 1929 5214 Ita-

335 5259 461 5324 buit,
489 5260 696 5314 Itatresis
739 5259 964 5330 periculo
986 5257 1049 5312 ab
1089 5259 1201 5326 ipso
1234 5255 1450 5311 liberata
1475 5271 1493 5310 :
1516 5256 1606 5326 qui
1637 5269 1931 5327 permensus

334 5361 411 5407 est
433 5352 602 5407 orbem
627 5328 880 5407 terrarum
902 5352 1039 5406 malo
1065 5350 1296 5424 perﬁdiw
1325 5350 1569 5420 infectum
1588 5391 1603 5414 ,
1645 5357 1701 5402 ut
1723 5357 1931 5403 cunctos
1963 5328 2009 5387 Ι)

333 5445 404 5499 ad
423 5445 822 5500 emendationem
844 5455 893 5498 et
914 5443 1258 5514 paenitentiam
1287 5451 1563 5497 revocaret.
1596 5439 1748 5496 Unde
1775 5441 1842 5494 ab
1867 5456 1934 5497 eo

333 5540 620 5610 quaesitum
652 5538 707 5592 in
733 5538 962 5593 concilio
987 5537 1339 5600 Seleuciensi,
1370 5551 1483 5607 qua:
1507 5546 1634 5589 esset
1664 5533 1935 5589 Gallorum

335 5631 486 5702 ﬁdes,
518 5631 697 5703 ibique
720 5633 774 5686 in
807 5631 1159 5701 spectaculum
1187 5630 1366 5684 mundi
1401 5628 1680 5699 productus
1703 5638 1777 5683 est
1805 5644 1824 5682 :
1853 5627 1934 5683 Tu

332 5740 467 5782 vero
493 5725 544 5780 in
570 5726 796 5796 Eumpa:
818 5727 1082 5781 theatrum
1111 5723 1398 5780 identidem
1423 5722 1735 5795 productus,
1763 5721 1930 5778 Galli-

335 5834 487 5878 caute
513 5818 772 5879 Ecclesia:
797 5820 957 5876 ﬁdem
987 5834 1051 5876 ac
1081 5819 1248 5892 Regni
1272 5818 1414 5890 jura,
1453 5817 1682 5890 primum
1714 5815 1932 5889 quidem

868 5915 1143 5976 PATBOL.
1190 5911 1304 5976 1X.

2022 2673 2391 2725 sacramento,
2451 2678 2680 2729 quorum
2740 2677 3022 2716 numerum
3071 2675 3208 2729 pene
3256 2659 3625 2714 incredibilem

2022 2767 2176 2807 saera
2207 2755 2458 2810 unctione
2483 2755 2708 2813 tinxisti.
2741 2753 2932 2822 quibus
2962 2760 3211 2808 senectus
3238 2760 3288 2805 et
3319 2751 3627 2807 invaletudo

2022 2846 2324 2903 decessoris
2357 2850 2429 2904 ttti
2463 2848 2563 2904 hoc
2593 2847 2911 2904 beneﬁcium
2943 2855 3305 2912 negaverant;
3351 2847 3629 2918 imperatis

2025 2955 2120 3010 per
2147 2942 2450 2996 universam
2490 2942 2766 2997 dimccsim
2807 2940 2874 2994 de
2911 2955 3097 2996 rerum
3137 2940 3628 2995 ecclesiasticarum

2023 3046 2123 3086 usu
2155 3043 2313 3101 atque
2341 3033 2584 3087 doctrina
2625 3042 2776 3088 certo
2809 3041 3050 3103 tempore
3079 3033 3479 3087 recurrentibus
3511 3032 3626 3086 col-

2025 3124 2242 3196 loquiis,
2289 3126 2436 3180 clero
2479 3125 2545 3179 ad
2576 3126 2903 3180 exactiorem
2937 3124 3273 3192 disciplinam
3301 3123 3624 3192 revocando,

2025 3228 2208 3272 erecto
2235 3233 2264 3272 a
2299 3216 2659 3273 fundamentis
2700 3217 3013 3283 seminario,
3049 3215 3270 3270 fundato
3302 3217 3354 3272 in
3382 3233 3628 3271 commo-

2025 3309 2152 3366 dum
2185 3327 2476 3382 egenorum
2524 3311 2806 3380 utriusque
2836 3326 3018 3371 sexus.
3057 3325 3368 3378 puerorum,
3413 3325 3627 3377 senum,

2028 3402 2405 3460 invalidorum.
2442 3413 2546 3459 tam
2580 3405 2750 3471 urbis,
2780 3420 2937 3475 quam
2968 3405 3230 3460 universae
3254 3404 3505 3460 ditecesis
3537 3419 3630 3458 xe—

2028 3498 2317 3565 nodochio,
2353 3499 2594 3564 monitis,
2641 3498 3126 3562 adhortationibus,
3176 3497 3365 3554 edictis
3415 3497 3629 3554 abunde

2028 3591 2350 3654 ostenderis,
2383 3592 2510 3660 quid
2538 3591 2728 3646 deceat
2759 3591 3034 3645 ministros
3066 3589 3288 3655 Christi,
3327 3601 3380 3645 et
3411 3591 3630 3660 diSpeu-

2029 3695 2238 3743 satores
2260 3685 2636 3758 mysteriorum
2657 3685 2772 3750 Dei,
2794 3700 2927 3752 quos
2953 3684 3182 3751 Spiritus
3213 3694 3429 3738 sanctus
3453 3684 3632 3753 posuit

2030 3778 2314 3848 episcopos
2334 3794 2522 3847 regere
2551 3778 2847 3833 Ecclesiam
2876 3777 2966 3831 Dei
2985 3778 3008 3831 ?
3029 3776 3160 3832 Cum
3189 3787 3366 3832 autem
3399 3776 3628 3832 Romam

2029 3878 2316 3932 eVocatus.
2362 3885 2424 3924 ac
2472 3884 2626 3925 sacro
2671 3867 3032 3924 Cardinalium
3078 3869 3240 3924 coetui
3291 3867 3625 3936 adseriptus,

2033 3961 2286 4017 Ecclesia:
2314 3968 2369 4015 et
2393 3961 2543 4032 regni
2568 3961 2776 4029 negotia
2801 3975 2896 4030 per
2919 3961 3096 4030 plures
3119 3975 3289 4014 annos
3310 3961 3627 4022 sustineres;

2031 4067 2098 4107 ne
2131 4060 2207 4106 tot
2234 4062 2380 4108 recte
2409 4053 2648 4107 instituta
2682 4052 2733 4106 in
2771 4052 2990 4108 dioecesi
3019 4052 3362 4106 Laudunensi
3398 4051 3626 4120 longiori

2029 4142 2268 4198 absentia
2289 4144 2684 4206 detererentur,
2732 4151 3005 4198 annuente
3048 4158 3195 4212 rege,
3228 4159 3293 4196 ex
3338 4152 3425 4196 tua
3463 4151 3625 4212 gente

2032 4234 2126 4289 tibi
2153 4251 2520 4291 successorem
2547 4234 2812 4305 delegisti,
2842 4233 2935 4304 qtti
2955 4251 3076 4304 qua:
3104 4252 3134 4290 a
3171 4242 3224 4291 te
3251 4237 3453 4304 Optime
3493 4251 3628 4306 prte-

2031 4327 2160 4383 stita
2201 4341 2266 4382 ac
2291 4326 2525 4382 stabilita
2556 4327 2793 4393 fuerant,
2831 4341 2934 4381 non
2969 4327 3128 4381 modo
3159 4343 3398 4393 servare,
3433 4327 3527 4382 sed
3573 4337 3630 4383 et

2030 4434 2408 4475 consummare
2438 4426 2636 4488 pesset,
2670 4418 3020 4474 consiliorum
3054 4428 3264 4472 tuorum
3306 4434 3412 4473 non
3451 4418 3626 4473 solum

2031 4513 2328 4582 particeps,
2371 4509 2464 4566 sed
2495 4509 2743 4575 aemulus,
2775 4527 2878 4582 qua
2910 4510 2962 4565 in
2993 4525 3052 4566 re
3081 4526 3418 4580 nequaquam
3455 4521 3504 4563 te
3541 4510 3627 4564 di-

2031 4605 2150 4660 vina
2180 4605 2394 4662 bonitas
2422 4603 2686 4670 destituit,
2718 4614 2810 4658 aut
2853 4603 3045 4660 fefellit
3087 4615 3332 4660 eventus.
3381 4602 3464 4658 Ad
3503 4604 3619 4660 hgec

2033 4715 2152 4755 cum
2175 4699 2285 4769 jam
2317 4698 2572 4769 plurimas
2594 4697 2884 4753 Galliarum
2914 4697 3178 4753 dioeceses
3197 4709 3398 4753 exortte
3418 4697 3626 4752 dissen-

2033 4793 2212 4848 siones
2257 4791 2596 4854 iovasissent,
2644 4801 2699 4846 et
2744 4790 2956 4859 ipsimet
3003 4791 3236 4859 episeOpi
3289 4793 3338 4844 in
3370 4789 3625 4846 adversas

2034 4896 2212 4955 partes
2237 4883 2567 4939 distraltendi
2593 4882 2935 4948 viderentur;
2968 4897 2998 4936 a
3027 4882 3205 4936 studio
3229 4883 3459 4952 partium
3493 4883 3627 4937 alie-

2033 4993 2151 5043 nus,
2185 4975 2424 5033 veritatis
2450 4987 2500 5031 et
2530 4975 2880 5043 subjectionis
2909 4990 3118 5039 amans,
3153 4991 3213 5029 ea
3243 4976 3512 5045 aequitate,
3561 4991 3626 5031 ea

2033 5069 2312 5142 prudentia
2334 5069 2575 5124 ecclesiae
2606 5067 2946 5122 Laudunensi
2983 5069 3322 5136 prospexisti,
3361 5077 3414 5122 ut
3442 5078 3627 5136 pacata

2032 5178 2246 5234 semper
2271 5174 2325 5218 et
2361 5164 2429 5218 ab
2460 5163 2542 5218 his
2572 5163 2822 5232 procellis
2866 5161 3031 5216 libera
3075 5171 3291 5232 tutaque
3335 5161 3622 5216 exstiterit.

2034 5258 2141 5313 Nec
2167 5259 2387 5328 privatas
2434 5268 2636 5313 tantum
2668 5255 2914 5311 ecclesia:
2959 5264 3063 5310 tua:
3099 5254 3466 5326 tranquillitati
3517 5265 3631 5310 stu-

2037 5351 2216 5418 dlllsll,
2275 5367 2460 5407 verum
2511 5350 2636 5406 dum
2677 5349 2746 5406 de
2773 5349 3148 5420 componendo
3196 5358 3340 5405 tanto
3390 5353 3624 5420 negotio,

2039 5443 2397 5515 sedandisque
2421 5443 2876 5509 contentionibus,
2909 5459 3027 5512 qua:
3073 5444 3124 5497 in
3152 5453 3393 5512 aperlam
3424 5443 3633 5499 discor-

2038 5537 2182 5593 diam
2228 5553 2513 5607 erumpere
2559 5539 2890 5608 potuissent,
2926 5547 3204 5608 ageretur;
3259 5539 3550 5594 accersitus
3599 5553 3631 5593 a

2038 5646 2186 5701 rege,
2233 5630 2476 5685 Ροιιιὶίίοἰ
2507 5639 2712 5702 gratus,
2746 5630 2945 5686 nemini
2974 5643 3278 5700 suspectus,
3311 5634 3429 5700 quis
3460 5631 3633 5686 nescit

2039 5737 2200 5793 quam
2231 5723 2462 5794 egregie,
2488 5738 2648 5792 quam
2679 5721 2911 5779 feliciter
2935 5721 3190 5780 labomsti
3216 5723 3269 5779 in
3303 5722 3635 5781 restituenda

2042 5816 2296 5876 Ecclesiae
2315 5816 2603 5876 Gallicanae
2626 5833 2776 5891 pace,
2795 5833 2915 5889 quae
2939 5817 3285 5889 vigetadhuc,
3302 5827 3478 5889 et‘taui
3502 5819 3639 5877 altas

3204 5911 3227 5970 1
