4138 6180
503 243 559 300 lt
1743 235 2084 302 Pii/EFATlf

2189 235 2556 302 iENlleALIS.
3738 237 3810 294 12

497 362 707 418 radices
731 360 862 433 egit,
885 369 944 416 ut
971 361 1225 416 victuram
1256 370 1488 427 semper,
1519 354 1938 425 duratttramqne
1967 371 2092 421 spc-
2123 360 2169 418 Α
2202 357 2378 428 ignota
2402 356 2693 427 loquimur.
2717 351 2916 410 Vivunt
2938 353 3113 410 adhuc
3134 359 3238 408 tam
3263 349 3527 424 splendidi
3552 350 3806 407 facinoris

500 455 718 512 remus?

574 549 637 602 Et
664 549 791 620 quid
824 551 1038 610 mirum,
1060 547 1106 601 si
1129 554 1271 600 tanta
1302 543 1556 599 facilitate
1581 559 1668 597 res
1691 542 1952 596 maximas
1975 539 2096 595 fidei

502 653 606 698 tuac
635 643 952 698 commissas
981 640 1144 710 geris,
1175 639 1262 703 qui
1289 639 1355 693 ab
1381 637 1742 693 illustrissimo
1777 644 2016 704 parente,
2042 632 2095 687 in

500 735 739 790 Romana
770 735 1031 804 legatione
1058 747 1146 786 res
1173 731 1404 786 Gallicas
1433 729 1646 791 fortiter
1684 737 1894 799 agente,
1929 725 2098 786 fueris

495 829 561 883 ad
587 826 890 881 difficiliora
934 826 1144 896 negotia
1173 824 1516 879 sermonibus
1557 833 1604 876 ct
1650 820 1914 892 exemplis
1960 834 2098 889 pene

491 918 670 974 adhuc
698 933 830 988 puer
857 917 1206 978 informatus!
1240 915 1480 979 Scilicet,
1511 912 1656 983 quod
1680 929 1744 969 ex
1767 925 1980 968 summo
2005 924 2098 979 ge.

493 1027 644 1073 nere,
680 1012 825 1082 pacis
857 1010 1091 1080 bellique
1121 1008 1436 1063 muneribus
1475 1007 1803 1071 clarissimo,
1833 1013 1986 1058 ortus
2014 1017 2097 1068 es,

488 1114 542 1160 et
571 1105 711 1174 quod
741 1105 795 1159 in
839 1104 974 1159 urbe
1003 1103 1172 1156 Roma
1202 1099 1484 1166 educatus,
1537 1100 1652 1152 base
1680 1105 1732 1158 te
1773 1106 1829 1152 et
1866 1097 1933 1154 ad
1969 1111 2098 1172 pur-

491 1214 707 1268 puram,
737 1205 794 1253 et
812 1195 879 1251 ad
908 1211 1100 1270 magna
1132 1207 1359 1264 qumque
1386 1192 1620 1264 gerenda
1668 1203 1852 1247 natum
1882 1200 2099 1268 porten-

490 1291 712 1347 debant.

558 1384 729 1451 Quam
773 1397 880 1438 non
928 1397 1126 1437 vanum
1175 1397 1332 1435 omen
1384 1379 1567 1443 fuerit,
1613 1387 1880 1432 testantur
1907 1376 2097 1443 variae,

485 1491 617 1546 quas
650 1475 705 1529 in
733 1473 1048 1536 Germania,
1082 1473 1354 1528 Lusitania
1392 1481 1550 1542 atque
1588 1470 1762 1535 Italia,
1795 1470 2099 1540 praesertim

482 1582 618 1622 vero
662 1571 713 1620 in
759 1567 871 1634 ipsa
903 1567 1036 1619 urbe
1081 1565 1250 1618 Roma
1284 1563 1498 1641 gessisti
1539 1561 1869 1633 legationes,
1902 1561 2100 1631 quibus

486 1667 630 1714 tanta
659 1657 935 1729 diligentia
959 1656 1274 1727 perfunctus
1305 1672 1364 1710 es
1392 1656 1564 1720 solus,
1595 1667 1653 1710 ut
1683 1655 1812 1710 nulli
1842 1670 2098 1724 umquam

2201 449 2448 524 praeclari
2497 457 2702 518 testes,
2756 446 2979 520 ejusque
3032 449 3288 508 memoria
3341 445 3538 518 vigebit
3585 460 3805 514 semper

2199 541 2339 611 apud
2369 551 2637 610 posteros.
2688 539 2800 593 Non
2834 540 3092 594 miramur
3140 540 3322 610 itaque
3347 539 3394 592 si
3443 549 3493 593 te
3537 536 3800 592 factorum

2199 635 2369 704 gloria
2413 635 2606 704 ubique
2645 633 2908 702 sequitur,
2939 649 3058 703 qua:
3101 633 3300 687 utinam
3332 631 3410 687 sic
3450 631 3516 685 ad
3559 640 3804 701 posteros

2201 728 2489 798 pertinget,
2522 736 2580 782 ut
2619 726 2939 781 inscribalur
2983 735 3200 780 {Illel‘lli'c
3232 724 3304 778 illi
3356 723 3666 788 memorize,
3716 722 3801 777 cui

2201 821 2330 875 nihil
2353 821 2486 889 perit
2511 838 2522 872 :
2547 818 3001 890 quemadmodum
3023 817 3210 872 llilarii
3232 816 3391 878 fama,
3414 832 3519 871 non
3544 825 3796 870 contenta

2201 911 2389 968 Gallia:
2411 914 2679 976 terminis,
2709 921 2925 966 exteras
2943 909 3105 965 etiam
3131 909 3396 976 nationes,
3428 909 3594 962 immo
3621 916 3674 963 et
3701 921 3807 962 ca:-

2202 1007 2282 1060 ios
2314 1010 2457 1077 ipsos
2485 1007 2744 1075 implevit,
2777 1007 3090 1062 meritorum
3122 1007 3291 1077 gratia
3323 1016 3691 1076 percurrente,
3722 1005 3807 1060 id-

2201 1116 2306 1172 que
2344 1101 2631 1166 efficit-nte,
2668 1109 2725 1156 ut
2746 1101 2796 1158 in
2829 1111 3056 1176 utroque
3089 1099 3221 1158 orbe
3261 1099 3588 1159 sanctissimi
3620 1098 3808 1158 Ponti-

2202 1193 2317 1262 ﬁcis
2345 1193 2510 1265 gloria
2535 1193 2797 1252 militaret.

2278 1286 2407 1340 Dum
2436 1286 2490 1341 in
2516 1285 2630 1341 haec
2657 1296 2776 1346 vota
2806 1285 3121 1352 desinimus,
3154 1284 3431 1344 modestia:
3470 1284 3806 1344 consulimus

2203 1386 2329 1445 tute,
2362 1375 2776 1437 EIINENTISSIIB
2816 1377 3090 1438 Eccwsu:
3131 1393 3418 1444 PRINCEPS.
3464 1393 3586 1454 qua:
3616 1394 3716 1438 nec
3748 1393 3810 1436 se

2202 1471 2507 1528 immodicis
2536 1473 2734 1542 patitur
2755 1473 2967 1532 onerari
2992 1473 3296 1542 praeceniis,
3331 1486 3431 1530 nec
3456 1486 3578 1532 cum
3610 1473 3803 1543 Magno

2203 1563 2406 1624 Hilario
2435 1563 2690 1620 conferri.
2726 1563 2782 1619 In
2815 1580 2880 1620 eo
2923 1563 3189 1636 siquidem
3224 1565 3389 1620 multa
3424 1565 3655 1637 suspicis
3687 1566 3810 1626 imi-

2203 1658 2427 1726 tatione,
2459 1657 2623 1712 immo
2662 1665 2715 1712 et
2740 1657 3097 1718 admiratione
3132 1657 3324 1730 digna,
3368 1656 3543 1718 zelum
3577 1673 3672 1728 pro
3715 1672 3809 1712 ca-

476 1752 696 1821 negotio
713 1749 970 1815 defueris;
993 1760 1139 1804 tanta
1165 1751 1425 1816 religione
1453 1765 1515 1804 ac
1539 1749 1804 1803 charitate
1825 1764 1949 1808 cum
1973 1747 2094 1802 aliis
2124 1742 2170 1802 B
2200 1749 2399 1805 tltolica
2429 1750 2654 1806 veritate
2685 1759 2737 1804 et
2766 1765 2861 1825 pro
2884 1749 3094 1822 justitia
3127 1747 3479 1820 intrepidum,
3511 1747 3681 1806 fortes
3703 1764 3801 1820 pro

481 1853 540 1896 ut
570 1843 744 1897 laudis
765 1843 1106 1897 :emuiatione
1131 1857 1198 1897 ne
1220 1842 1386 1896 latum
1415 1840 1632 1911 quidem
1659 1856 1891 1911 unguem
1923 1841 1990 1895 ab
2013 1841 2093 1894 of-

483 1935 590 1989 ficii
623 1934 911 1990 sedulitate
950 1933 1259 1990 deflexeris.
1299 1933 1426 1999 Sed,
1461 1934 1601 2004 quod
1636 1935 1689 1988 in
1721 1933 2092 1989 ecclesiastico

481 2028 600 2082 viro
623 2041 967 2095 summopere
995 2025 1322 2081 laudandum
1350 2035 1452 2092 est,
1477 2026 1811 2097 gravissimis
1833 2026 1959 2080 licet
1989 2025 2092 2080 im-

481 2135 694 2176 mersus
732 2121 981 2190 negotiis,
1016 2135 1256 2175 amorem
1289 2136 1446 2190 quem
1480 2121 1534 2175 in
1562 2120 1768 2176 litteras
1809 2131 1863 2175 et
1901 2121 1953 2175 in
1999 2121 2088 2175 lit-

479 2223 685 2270 teratos
719 2214 933 2284 juvenis
970 2228 1322 2285 conceperas,
1365 2222 1527 2269 aetate
1568 2213 1941 2286 progrediente
1982 2229 2087 2269 non

483 2308 693 2362 minore
747 2307 926 2362 studio
970 2307 1276 2373 retinuisti;
1343 2317 1398 2362 et
1440 2309 1579 2361 sicut
1635 2307 1755 2362 illas
1805 2308 2085 2378 neglexisti

478 2414 791 2469 numquam,
824 2400 894 2455 ita
921 2399 1020 2455 hos
1051 2399 1307 2471 singulari
1351 2415 1567 2471 semper
1609 2401 1984 2456 benevolentia
2027 2417 2085 2457 es

478 2493 818 2564 complexus.

550 2586 689 2654 Quid
711 2585 886 2641 dicam
909 2585 1084 2656 regias
1109 2584 1420 2652 affinitates,
1445 2601 1577 2656 quas
1599 2585 1725 2640 dum
1767 2585 1917 2656 regni
1945 2601 2084 2641 eont-

482 2679 659 2735 modis
679 2679 930 2744 inservis,
956 2678 1174 2734 Estrzra:
1193 2678 1339 2749 genti
1370 2686 1449 2732 tot
1473 2678 1602 2733 olim
1623 2679 1790 2734 titulis
1815 2679 2083 2736 decoratce

484 2770 812 2841 adiunxisti?
849 2770 1048 2826 Verum
1088 2771 1153 2826 ad
1183 2771 1396 2826 laudum
1429 2779 1641 2827 tuarum
1669 2774 1939 2828 cumulum
1971 2773 2084 2828 suf-

476 2867 591 2920 ficit
625 2867 765 2936 regis
788 2869 1027 2920 omnium
1051 2867 1267 2920 maximi
1296 2876 1402 2922 tam
1427 2866 1675 2937 benigne,
1706 2875 1812 2922 tam
1837 2879 2078 2933 strenue,

475 2966 584 3012 tam
611 2967 922 3015 constanter
953 2960 1254 3029 impensum
1280 2976 1376 3030 pro
1403 2960 1692 3016 obtinenda
1722 2960 1815 3015 tibi
1847 2975 2078 3032 purpura

474 3050 876 3120 patrocinium:
907 3051 1060 3122 cujus
1103 3051 1240 3105 adeo
1286 3052 1560 3107 excelsum
1619 3063 1672 3106 et
1717 3052 2079 3108 honorificum

2198 1842 2460 1914 religione
2491 1842 2784 1914 apologias,
2818 1842 3129 1898 diuturnum
3153 1842 3396 1912 exilium,
3422 1843 3634 1916 aliaque
3659 1858 3803 1916 prae-

2194 1935 2336 1990 clara
2362 1934 2518 2001 facta,
2541 1951 2660 2008 qua:
2681 1935 2974 2008 gloriosum
2999 1934 3198 1990 Christi
3221 1932 3562 1991 Conl’essoris
3585 1936 3796 1992 titulum

2193 2026 2296 2094 ipsi
2327 2037 2707 2100 compararunt
2732 2045 2744 2079 :
2769 2027 2911 2098 quod
2941 2045 3103 2086 unum
3137 2043 3267 2085 sane
3293 2028 3578 2101 quibusvis
3605 2029 3797 2102 elogiis

2194 2117 2456 2176 illustrius
2484 2119 2678 2176 merito
2701 2119 3001 2181 existimas.

2262 2209 2420 2264 Tanti
2466 2211 2708 2270 Doctoris
2737 2227 2802 2267 ac
2840 2212 3113 2269 Pontificis
3155 2213 3334 2290 Opera
3370 2215 3475 2269 tuis
3519 2215 3798 2286 auspiciis,

2191 2301 2293 2365 Vin
2324 2303 2744 2361 EIHNENTISSIIB
2768 2349 2783 2380 ,
2823 2306 2949 2361 dum
2992 2310 3407 2374 committimus,
3449 2324 3555 2362 non
3594 2309 3800 2364 Hilario

2189 2401 2314 2478 ipsi,
2346 2406 2440 2460 sed
2471 2406 2646 2476 nobis,
2686 2406 2986 2480 studiisque
3021 2410 3218 2468 nostris
3248 2407 3608 2480 patrocinium
3649 2420 3718 2466 ex
3746 2415 3798 2466 te

2187 2496 2556 2572 conquirimus
2583 2515 2594 2548 :
2623 2496 2767 2571 quod
2797 2513 2917 2552 cum
2947 2497 3177 2558 antehac
3207 2496 3492 2560 immeritis
3524 2497 3788 2570 praestite-

2187 2585 2282 2643 ris.
2319 2588 2367 2640 in
2395 2598 2693 2666 posterum,
2727 2591 2798 2642 uti
2821 2603 2884 2648 ex
2914 2600 3000 2643 tua
3031 2589 3362 2664 benignitate
3391 2603 3612 2664 Sperare
3639 2589 3788 2658 licet,

2187 2678 2388 2732 Hilario
2419 2681 2743 2758 SUU'ragante
2783 2697 2887 2734 non
2918 2681 3228 2757 denegabis.
3275 2681 3382 2734 Nos
3425 2697 3554 2736 vero
3593 2683 3796 2756 gratias

2187 2769 2280 2825 tibi
2313 2771 2628 2830 habebimus
2668 2773 3033 2838 immortales,
3067 2773 3209 2848 quod
3245 2783 3351 2830 tam
3385 2771 3538 2830 facile
3575 2782 3629 2830 te
3657 2789 3790 2834 exo—

2185 2863 2290 2918 rari
2335 2864 2592 2934 patiaris;
2622 2866 2848 2942 gratiam
2885 2865 3210 2937 singularem
3258 2865 3482 2940 Hilario,
3517 2866 3669 2937 cujus
3698 2865 3796 2922 be-

2183 2959 2377 3013 neficio
2417 2957 2666 3014 effectum
2696 2966 2798 3026 est,
2831 2976 2898 3016 ne
2937 2962 3104 3016 simus
3153 2961 3341 3040 ingrati
3372 2978 3384 3014 :
3415 2963 3624 3032 eritque
3673 2961 3791 3020 haec

2181 3050 2298 3120 ejus
2321 3051 2556 3128 Operum
2581 3053 2748 3108 editio
2773 3068 3013 3124 perenne
3037 3053 3394 3110 observantia:
3415 3055 3466 3108 in
3489 3061 3542 3108 te
3566 3061 3790 3124 nostra,

474 3143 548 3200 de
575 3153 627 3198 te
653 3143 936 3212 judicium,
964 3159 1215 3213 purpurae
1241 3144 1341 3212 ipsi
1371 3159 1477 3198 non
1503 3145 1698 3214 impar,
1731 3145 1922 3216 insigni
1958 3145 2082 3201 fidei
2109 3131 2153 3192 Ο
2186 3141 2428 3220 adeoque
2449 3145 2587 3222 grati
2613 3147 2776 3206 animi
2801 3154 3221 3204 monumentum.
3254 3147 3328 3202 ita
3354 3153 3554 3203 vovent

475 3243 529 3289 et
554 3235 902 3302 subjectionis
924 3237 1175 3304 exemplo
1197 3234 1550 3302 confirmasti,
1585 3251 1705 3290 cum
1742 3237 1977 3292 oblatam
2001 3237 2084 3292 di-

476 3325 795 3397 dignitatem
827 3343 888 3381 ea
913 3327 1223 3383 conditione
1261 3343 1383 3395 qua:
1409 3327 1676 3383 mandetis
1707 3328 1869 3399 regiis
1899 3330 2080 3384 minus

476 3433 714 3476 consona
759 3419 1070 3487 videbatur,
1125 3421 1240 3491 pari
1281 3421 1583 3476 constantia
1624 3421 1906 3478 recusasti.
1961 3421 2076 3478 Non

2477 3238 2797 3300 Eminentia:
2853 3247 2956 3300 tua:

2694 3332 3062 3390 Addictissimi
3092 3343 3142 3388 et
3171 3331 3648 3410 obsequentissimi

2483 3425 2729 3485 Monacbi
2758 3425 3094 3484 Benedictini
3121 3423 3444 3502 Congregat.
3473 3426 3530 3483 S.
3563 3426 3752 3484 Mauri.

485 3594 3766 3630 MM

944 3739 2014 3894 ΡΒᾸΕΡΑΤΙΟ

2189 3735 3294 3902 ΞΕΝΕΒΑΙλΙδ.

1918 3993 2390 4051 ΜΨ

551 4151 845 4210 Ecelesiam
864 4147 1072 4206 sincere
1100 4145 1346 4217 diligere,
1372 4157 1426 4202 et
1453 4147 1712 4218 inclytum
1735 4145 1875 4202 illius
1899 4145 2083 4202 defen-

480 4258 658 4298 sorem
690 4242 950 4296 Hilarium
981 4255 1190 4293 summa
1216 4240 1560 4296 observantia
1596 4256 1700 4293 non
1733 4242 1915 4296 colere
1935 4239 2082 4295 diffi-

478 4334 737 4390 cillimum
768 4341 871 4386 est.
905 4331 1038 4385 Dum
1072 4328 1294 4394 viveret,
1322 4330 1504 4383 nescio
1535 4345 1668 4399 quin
1695 4331 1975 4401 gravitatis
2011 4333 2086 4386 si-

480 4428 593 4485 mul
643 4435 698 4480 et
738 4424 1085 4496 benignitatis
1133 4435 1288 4480 notas
1331 4442 1439 4494 pra:
1470 4441 1529 4479 se
1573 4423 1816 4492 ferebat,
1863 4436 1920 4479 ut
1960 4442 2081 4480 cum

479 4521 866 4576 catholicorum
890 4517 1018 4583 dux,
1045 4516 1530 4587 literetieortuuque
1557 4527 1728 4572 terror
1753 4527 1917 4586 esset,
1937 4529 2082 4574 utro-

480 4628 706 4682 rumque
737 4620 918 4665 tamen
943 4625 1046 4664 non
1069 4609 1476 4666 admirationem
1502 4608 1698 4674 solum,
1727 4609 1819 4665 sed
1846 4621 1899 4666 et
1924 4627 2078 4666 reve-

479 4705 709 4760 rentiam
757 4703 857 4758 sibi
903 4700 1222 4757 conciliarit.
1255 4700 1389 4756 Eunt
1435 4700 1652 4772 quidem
1697 4703 1934 4757 nonnulli
1982 4719 2078 4774 per

492 4796 734 4853 fraudem
763 4804 1162 4866 Oppugnare,at
1183 4809 1364 4849 coram
1388 4795 1464 4850 illi
1489 4796 1743 4851 resistere
1775 4813 1933 4851 nemo
1952 4813 2073 4851 um-

483 4905 642 4958 quam
676 4904 837 4942 nusus
863 4899 963 4942 est.
993 4889 1210 4946 Illorum
1234 4887 1372 4944 dolis
1395 4887 1463 4942 ab
1492 4888 1784 4945 Occidente
1810 4890 2072 4956 divulsus,

479 4997 586 5036 non
618 4990 722 5036 tam
753 4981 877 5036 buic
903 4983 1035 5047 parti
1070 4991 1291 5050 ereptus
1332 4982 1477 5035 visus
1505 4994 1586 5036 est
1607 5025 1623 5048 ,
1668 4999 1826 5052 quam
1870 4985 2074 5041 Orienti

481 5073 658 5140 datus,
687 5080 744 5127 ut
775 5071 918 5128 nulla
947 5087 1071 5140 pars
1091 5072 1236 5126 orbis
1260 5071 1405 5127 illius
1425 5073 1628 5129 lumine
1651 5090 1756 5129 non
1785 5076 2071 5132 frueretur.

481 5167 620 5222 Tum
651 5166 793 5220 cutim
823 5163 1128 5220 Occidentis
1166 5166 1411 5222 ecclesia:
1437 5167 1660 5222 consilia
1698 5168 1862 5238 ipsius
1891 5173 2077 5242 exqui-

479 5274 604 5314 rere
631 5272 740 5313 non
769 5257 1078 5322 desierunt,
1123 5266 1178 5311 ut
1208 5273 1394 5312 eorum
1436 5260 1694 5328 sapientia
1737 5272 2072 5330 regerentur,

476 5360 532 5414 et
559 5349 661 5420 ipsi
688 5365 891 5405 morem
922 5364 1111 5418 gerere
1144 5347 1381 5406 Orientis
1412 5352 1650 5423 episcopi
1698 5355 1950 5421 paulatim
1989 5369 2076 5410 as-

476 5453 789 5504 sueverunt.
827 5443 1091 5510 Quocirca
1123 5444 1461 5500 tenebricOsa
1501 5445 1753 5513 hteresis,
1780 5464 1897 5517 qua:
1931 5451 1980 5504 in
2008 5451 2074 5505 iis

479 5538 791 5608 regionibus
823 5536 1181 5607 principatum
1221 5537 1466 5604 tenebat,
1513 5541 1645 5596 tanti
1674 5541 1868 5598 sideris
1895 5557 2075 5598 acces-

481 5649 600 5691 sum
629 5631 898 5690 sustinere
925 5630 1130 5686 diutius
1157 5645 1262 5684 non
1287 5631 1492 5698 valens,
1519 5635 1733 5706 sibique
1753 5647 1845 5691 aut
1872 5637 2072 5695 ceden-

476 5725 627 5790 dum,
667 5736 756 5784 aut
797 5723 1054 5780 llilarium
1087 5739 1116 5777 e
1154 5722 1350 5780 finibus
1389 5724 1489 5780 illis
1519 5729 1918 5786 exturbandum
1947 5745 2070 5788 esse

2107 4570 2161 4632 D

2190 4145 2560 4216 prospiciens,
2599 4161 2721 4201 eum
2769 4161 2908 4202 nova
2958 4147 3248 4218 splendore
3295 4147 3486 4204 Galliis
3534 4146 3788 4214 reddidit,

2185 4239 2342 4309 cujus
2365 4239 2538 4294 lucent
2566 4241 2882 4310 extinguere
2919 4256 2977 4296 se
3009 4257 3167 4312 posse
3201 4242 3581 4298 arbitrabatur.
3615 4242 3792 4298 lncul-

2187 4343 2366 4402 patum
2395 4334 2604 4398 virum,
2637 4334 2688 4388 in
2722 4350 2879 4404 quem
2913 4337 3239 4404 adversarii,
3283 4338 3642 4392 calumniandi
3675 4349 3794 4394 arte

2175 4425 2457 4506 pollentes
2479 4471 2491 4488 ,
2529 4443 2636 4481 non
2668 4438 2954 4498 potuerunt
2989 4440 3114 4485 tunc
3155 4431 3446 4506 quidquam
3479 4432 3791 4503 excogitare

2187 4523 2450 4588 criminis,
2485 4541 2593 4594 quo
2627 4525 2800 4595 ipsum
2835 4526 3150 4596 perderent!
3185 4527 3332 4583 Felix
3364 4528 3518 4602 culpa
3551 4529 3708 4583 unica
3739 4527 3792 4584 ei

2185 4615 2418 4683 objecta,
2470 4616 2612 4686 quod
2659 4618 2880 4673 Ita'resis
2924 4634 2988 4673 co
3032 4630 3298 4687 prarsente
3335 4620 3482 4674 nulla
3510 4636 3642 4692 pace
3685 4620 3790 4675 frui

2186 4706 2427 4778 nihilque
2459 4709 2636 4763 moliri
2673 4711 2973 4766 sineretur!
3025 4712 3088 4766 Et
3137 4727 3265 4766 vero
3306 4711 3485 4768 reditu
3532 4714 3701 4782 ipsius
3732 4714 3784 4766 in

2185 4801 2408 4855 nihilum
2440 4803 2623 4868 cessit,
2657 4803 2914 4876 quidquid
2941 4815 3062 4860 ante
3089 4805 3141 4860 in
3168 4806 3314 4860 Italia
3336 4850 3351 4873 ,
3384 4805 3616 4877 Illyrico,
3645 4804 3778 4860 Gal-

2184 4895 2250 4949 lla
2301 4905 2598 4950 tentaverat
2649 4915 2660 4949 :
2717 4906 2772 4952 et
2814 4899 2956 4967 apud
2994 4917 3164 4956 omnes
3207 4901 3450 4964 constitit,
3501 4899 3652 4952 unius
3682 4897 3784 4953 Hi-

2187 4989 2306 5041 larii
2349 4990 2594 5046 beneﬁcia
2621 4999 2818 5046 nostra:
2859 4991 3250 5064 (nominatim)
3283 4991 3477 5047 Gallias
3507 5009 3538 5046 a
3567 4992 3779 5063 piaculo

2183 5084 2390 5139 Ita'resis
2426 5085 2684 5139 liberatas.
2720 5087 2898 5160 (Sulp.
2933 5089 3051 5144 Sev.
3080 5091 3168 5144 lib.
3198 5106 3231 5144 Il
3254 5088 3391 5145 Hist.
3419 5090 3555 5159 sac.)

2251 5179 2310 5232 2.
2343 5179 2466 5232 llaec
2493 5187 2546 5234 et
2569 5179 2670 5233 alia
2702 5181 2980 5236 fortissimi
3011 5183 3345 5238 confessoris
3364 5193 3513 5255 gesta
3545 5182 3633 5254 qui
3659 5197 3783 5252 pro-

2183 5269 2250 5324 be
2291 5269 2754 5339 consideraverit,
2798 5271 2954 5328 facile
2998 5275 3328 5329 assentietur
3359 5289 3480 5329 eum
3529 5271 3788 5328 Ecclesiae

2180 5363 2383 5426 datum,
2405 5380 2472 5419 ne
2495 5376 2662 5436 portae
2693 5366 2886 5420 inferni
2910 5366 3168 5422 adversus
3203 5369 3350 5423 illam
3391 5367 3783 5437 prtevalerent:

2156 5470 2353 5528 ineque
2381 5456 2586 5512 inficias
2614 5459 2732 5527 ibit,
2769 5474 2976 5513 summa
3009 5476 3129 5514 cum
3160 5461 3512 5516 veneratione
3543 5475 3571 5512 a
3603 5458 3788 5514 catho-

2179 5547 2296 5604 licis
2323 5549 2693 5618 excipiendam
2723 5565 2843 5605 esse
2869 5551 3174 5607 doctrinam
3203 5554 3320 5622 ejus
3339 5597 3353 5620 ,
3384 5553 3476 5625 qui
3510 5550 3781 5607 Itmreticis

2176 5640 2312 5696 adeo
2338 5641 2769 5698 reformidandns
2797 5643 2977 5699 fuerit.
3008 5644 3126 5700 Jam
3157 5661 3282 5700 vero
3312 5655 3369 5698 nt
3401 5645 3452 5698 in
3478 5660 3596 5700 eam
3628 5641 3781 5714 quis-

2174 5750 2278 5806 que
2299 5737 2636 5793 commodius
2665 5736 2955 5809 utiliusque
2985 5738 3356 5806 incumberet,
3390 5736 3624 5810 opellam
3656 5749 3781 5791 nos-
