4138 6180
515 287 585 343 15
1765 271 2140 333 ΡΒΙΕΡΑΤΙΟ
2178 271 2594 331 GENERALIS.
3742 268 3814 325 16

427 419 451 440 κ
511 401 789 458 festinanti
831 401 1011 456 animo
1040 397 1301 468 attigisse.
1351 395 1484 451 Hinc
1518 408 1623 448 non
1666 393 1797 448 satis
1823 401 2106 446 accuratus
2135 390 2187 450 Α
2211 406 2330 461 qum
2356 391 2620 445 adversus
2652 387 2911 442 tlilarium
2961 385 3250 443 diaconum
3293 384 3558 456 baptisma
3589 382 3811 439 haereti-

515 497 806 554 lectionum
829 496 1094 551 delccms.
1127 507 1271 560 Stcpe
1298 490 1456 546 etiam
1491 489 1784 560 neglectus.
1814 485 1948 541 Hinc
1975 501 2113 556 pra:-

519 600 754 659 proper‘a
789 587 927 642 illius
955 584 1022 639 de
1050 583 1289 637 doctoris
1335 582 1502 636 nostri
1543 580 1791 648 scriptis,
1831 579 2070 632 doctrina
2094 618 2110 640 ,

492 682 704 752 gestis,
740 679 1003 743 moribus,
1037 688 1091 735 et
1121 679 1435 747 plerumque
1464 676 1592 730 falsa
1619 674 1837 743 judicia.
1874 672 2114 728 Hominis

514 775 699 830 multis
752 774 996 839 occupati
1049 773 1299 828 lubenter
1343 786 1669 827 excusamns
1723 769 1925 839 lapsus,
1971 769 2114 822 ultro

514 871 676 925 etiam
719 869 936 924 silentio
969 883 1340 937 promeremus
1361 909 1376 934 ,
1410 867 1512 920 nisi
1544 876 1680 920 natae
1716 864 1841 919 inde
1867 863 2112 934 quaedam

514 963 802 1032 opiniones
831 962 1037 1016 Hilario
1081 959 1488 1016 contumeliosa:
1533 959 1884 1028 plurimorum
1921 957 2114 1012 animis

511 1056 674 1112 altius
705 1055 1052 1112 insedissent.
1098 1055 1434 1123 Qunmquun
1481 1067 1642 1106 nemo
1680 1067 1802 1104 eum
1834 1050 1994 1105 facile
2021 1065 2116 1104 ex-

513 1156 756 1204 cusatum
787 1147 1004 1209 habent,
1042 1146 1185 1214 quod
1215 1146 1267 1200 in
1303 1143 1528 1200 dicenda
1559 1143 1626 1199 de
1667 1143 1830 1198 rebus
1861 1142 2114 1212 gravissi-

513 1241 618 1296 mis
641 1239 912 1296 sententia
937 1249 1043 1295 tam
1074 1239 1246 1294 facilis
1271 1245 1486 1306 tamque
1516 1251 1755 1306 praeceps
1780 1236 1958 1291 fuerit.
1983 1234 2114 1302 Quis

509 1337 654 1392 enim
686 1351 810 1390 eum
846 1351 952 1388 non
984 1334 1240 1400 damnet,
1274 1331 1416 1402 quod
1458 1330 1713 1402 quidquid
1756 1329 2112 1400 Hieronymus

508 1438 699 1483 contra
746 1426 1004 1481 llilarium
1034 1425 1316 1479 diaconum
1349 1423 1750 1479 aniferiannm
1793 1422 2012 1485 scribit,
2045 1421 2110 1475 ad

512 1520 775 1575 Hilarium
819 1519 1187 1573 Pictavensem
1219 1517 1530 1586 episcopum
1564 1515 1783 1575 referat.
1820 1513 1938 1567 licet
1968 1522 2115 1582 post-

511 1612 735 1668 modum
765 1615 990 1665 l‘ateatnr
1013 1626 1070 1665 se
1099 1611 1356 1665 incertum
1386 1623 1530 1671 esse,
1557 1625 1622 1660 an
1655 1605 1914 1660 adversus
1937 1605 2108 1675 ipsum

505 1702 819 1774 Hieronymi
847 1702 986 1756 dieta
1011 1700 1356 1770 intelligenda
1386 1699 1534 1754 sint?
1561 1699 1628 1754 Ut
1653 1699 1796 1753 enim
1838 1697 2110 1752 mittamus

2215 497 2400 537 corum
2440 498 2546 536 non
2576 481 2928 550 recipientem
2973 480 3332 550 [lieronymns
3371 478 3587 545 dialogo
3623 487 3815 530 (‘0llira

2216 574 2452 630 Lucifer.
2483 572 2722 642 scripsit.
2759 573 3149 626 Animadvertit
3177 569 3393 640 quidem
3440 568 3687 624 Grinmus
3719 567 3816 622 nb-

2212 666 2400 734 jcctart
2453 665 2552 718 sibi
2604 679 2782 732 posse,
2817 679 2940 718 eum
2977 663 3047 717 ibi
3079 664 3145 716 ab
3178 661 3504 732 Hieronymo
3550 659 3811 714 Hilarium

2217 756 2413 822 notari,
2447 756 2535 826 qui
2567 755 2616 809 in
2645 755 2857 810 diaconi
2890 771 3110 809 munere
3133 753 3418 808 defunctus
3438 752 3503 806 ad
3533 754 3814 822 episeopa-

2217 860 2327 904 tum
2373 864 2662 918 numquam
2705 849 3012 919 pervenerit
3044 865 3057 902 :
3089 849 3182 903 sed
3223 847 3409 903 brevis
3456 847 3505 901 ei
3551 845 3814 903 succurrit

2216 942 2572 1011 espeditaque
2599 942 2902 1010 responsio,
2927 941 3182 997 mendum
3213 940 3263 994 in
3299 939 3612 1012 Hieronymi
3645 939 3813 995 libros

2216 1033 2517 1104 irrepsisse.
2554 1033 2670 1088 Non
2699 1033 2917 1088 levioris
2954 1033 3210 1088 momenti
3242 1043 3344 1099 est,
3369 1032 3510 1102 quod
3543 1032 3594 1086 in
3622 1031 3812 1088 eadem

2216 1129 2320 1184 vita
2351 1129 2562 1193 asserit,
2609 1128 2854 1199 quosdam
2885 1143 2948 1182 ea:
2976 1125 3045 1181 D.
3097 1126 3288 1181 Hilarii
3333 1126 3549 1198 collegio
3588 1126 3810 1194 sodales,

2213 1225 2316 1277 sive
2371 1221 2658 1276 Canonicos
2726 1237 2853 1292 quas
2907 1231 3108 1287 vocant,
3161 1220 3386 1275 extitisse
3425 1221 3512 1289 qui
3555 1219 3809 1284 dicerent,

2215 1315 2367 1368 licere
2407 1314 2534 1382 ipsis
2576 1313 2872 1368 honorabile
2902 1314 3198 1384 confugium
3228 1312 3526 1366 contrahere
3566 1328 3629 1366 ea:
3661 1313 3810 1365 insti~

2215 1417 2324 1460 tuto
2369 1405 2581 1470 Hilarii,
2618 1406 2700 1474 qui
2730 1406 2888 1476 legem
2920 1407 2982 1459 de
3009 1406 3244 1460 cmlibatu
3267 1407 3374 1460 suis
3412 1406 3621 1460 minime
3648 1407 3813 1475 scrip-

2212 1500 2399 1564 sisset,
2453 1509 2558 1554 tam
2609 1501 2790 1570 gravis
2829 1501 3143 1554 assertionis
3196 1501 3320 1555 audi
3381 1500 3611 1568 lepidam
3687 1516 3811 1571 pro-

2214 1592 2508 1656 bationem,
2545 1603 2597 1646 ut
2628 1593 2753 1647 mihi
2797 1595 3023 1647 narravit
3070 1595 3146 1648 vir
3187 1595 3506 1649 clarissimus
3550 1593 3812 1666 Gasparns

2215 1684 2501 1755 llervagius
2527 1685 2582 1738 ,1.
2621 1684 2686 1740 Π.
2721 1687 3128 1740 consultissimus
3173 1696 3220 1739 et
3268 1687 3460 1742 amicus
3487 1703 3642 1741 meus.
3679 1686 3810 1754 Qui-

505 1793 649 1862 quod
684 1776 790 1847 non
823 1792 1112 1847 admodum
1144 1792 1387 1846 abstrusa
1420 1800 1536 1846 erat
1569 1790 1727 1860 hnjns
1756 1791 1834 1844 rei
1878 1805 2076 1860 percep
2133 1776 2178 1836 Β
2211 1777 2308 1832 bus
2337 1779 2555 1848 ineptiis
2579 1777 2943 1844 confutandis,
2965 1779 3198 1850 aliisque
3228 1778 3532 1835 referendis
3559 1795 3812 1851 superse-

505 1887 602 1950 tio,
630 1897 776 1943 certe
800 1886 867 1940 ab
893 1888 1098 1940 incerto
1126 1886 1178 1940 in
1201 1885 1524 1939 catholicum
1557 1884 1813 1938 Ecclesim
1830 1884 2104 1939 doctorem

501 1995 567 2035 ac
619 1979 960 2035 defensorem
1014 1978 1309 2048 prmfractre
1365 1977 1588 2032 Interesis
1658 1977 1892 2047 suspicio
1947 1978 2104 2032 nullo

506 2081 666 2144 pacto
698 2071 982 2142 injicienda
1025 2083 1161 2128 erat.
1211 2070 1358 2126 Hanc
1391 2071 1596 2125 Erasmi
1629 2071 1920 2125 editionem
1962 2086 2105 2126 anno

505 2164 650 2220 1525
704 2163 924 2218 Bastlca:
957 2165 1097 2236 typis
1128 2163 1241 2218 suis
1271 2162 1558 2218 adornavit
1588 2161 1888 2217 Frobenins
1921 2180 1934 2214 :
1963 2162 2104 2233 apud

501 2272 696 2325 quem,
740 2257 955 2322 adjecto
1012 2256 1074 2310 de
1134 2255 1309 2308 Patris
1347 2267 1395 2309 et
1448 2252 1571 2308 Filii
1619 2255 1818 2308 unitate
1872 2255 2102 2325 pseudo-

502 2347 778 2412 Tractatu,
808 2363 949 2402 anno
980 2348 1120 2402 1555
1147 2362 1336 2402 recusa
1365 2357 1467 2402 est.

565 2441 619 2495 7.
666 2441 873 2496 Erasmi
917 2450 1095 2496 tamen
1141 2441 1378 2495 laborem
1415 2439 1704 2509 plurimum
1737 2439 1969 2493 laudavit
1998 2441 2103 2496 Lu-

493 2535 718 2592 dovicus
757 2535 996 2597 Miracus,
1044 2533 1158 2603 ipse
1201 2533 1477 2603 diligentia
1521 2531 1666 2586 vicit.
1702 2531 1833 2586 Nam
1886 2531 2103 2600 seriptis

495 2626 899 2695 exemplaribus
919 2636 1169 2680 accurate
1193 2625 1428 2689 collatis,
1452 2622 1711 2695 quidquid
1735 2625 1786 2678 in
1810 2625 1890 2680 eis
1915 2641 1942 2677 a
1972 2624 2104 2678 Fro-

491 2718 726 2777 beniana
757 2717 994 2773 editione
1042 2717 1314 2772 diversum
1367 2729 1556 2770 nactus
1601 2726 1706 2781 est,
1741 2733 1846 2770 non
1890 2717 2102 2772 minore

491 2828 622 2869 cura
656 2811 878 2866 notavit.
911 2811 1179 2866 Plurimos
1221 2810 1436 2866 codices
1488 2812 1631 2866 mirte
1677 2813 1996 2879 antiquitatis
2041 2829 2099 2866 sc

490 2903 795 2960 contulisse
851 2911 1099 2968 testatur,
1158 2918 1293 2958 unos
1343 2904 1584 2958 nominat
1625 2903 1952 2970 Victorinus,
2008 2908 2097 2974 qui

490 3006 641 3053 certe
670 2996 1003 3066 antiquitatis
1034 2997 1188 3051 titulo
1235 3012 1266 3051 a
1319 2997 1502 3052 multis
1543 2999 1700 3068 longe
1738 3009 2092 3068 superantur.

491 3088 573 3144 Es
603 3089 790 3144 eadem
814 3088 870 3144 S.
907 3089 1137 3144 Victoris
1166 3088 1491 3144 bibliotheca
1515 3091 1653 3145 eruit
1685 3091 1877 3146 librum
1907 3093 1974 3148 de
2005 3109 2095 3148 es-

2211 1872 2422 1927 demus.

2283 1964 2368 2019 l0.
2413 1963 2483 2020 Ut
2511 1966 2741 2034 primttm
2773 1965 3080 2034 lmjnsmodi
3108 1965 3272 2020 vitam
3300 2009 3313 2029 ,
3346 1966 3504 2038 eique
3531 1965 3809 2022 adhaeren-

2209 2066 2314 2111 tem
2352 2057 2557 2112 Erasmi
2583 2059 2950 2128 praefationem
2979 2059 3205 2130 perlegit
3230 2059 3497 2127 Gillotius,
3526 2071 3811 2131 utrumque

2207 2166 2365 2219 opus,
2384 2161 2439 2204 ttt
2453 2150 2797 2206 sanctissimo
2817 2153 3032 2222 prresnli
3053 2153 3529 2219 contumeliosum,
3546 2170 3609 2209 ac
3621 2153 3810 2225 pietati

2205 2245 2482 2301 catholica‘
2506 2247 2661 2301 valde
2689 2248 2930 2312 noxium,
2962 2263 2991 2300 a
3018 2247 3324 2303 Christianis
3347 2247 3641 2303 lectoribus
3668 2249 3810 2319 abji-

2206 2340 2455 2396 ciendutu
2507 2340 2786 2410 judicavit.
2821 2341 2937 2411 ipse
2973 2342 3210 2396 melioris
3251 2343 3358 2396 voti
3407 2358 3632 2412 compos
3664 2359 3812 2398 com-

2206 2436 2590 2488 mentationem
2620 2435 2699 2490 eis
2728 2435 3026 2500 substituit,
3070 2437 3122 2490 in
3167 2452 3270 2506 qua
3302 2438 3533 2506 primum
3581 2437 3802 2492 veniunt

2205 2543 2324 2595 quae
2353 2526 2421 2581 ad
2451 2526 2634 2582 Hilarii
2668 2526 2948 2582 historiam
2979 2536 3243 2597 spectant,
3277 2543 3340 2583 ex
3376 2527 3518 2583 illius
3544 2528 3803 2584 aliorum-

2204 2637 2309 2690 que
2340 2631 2579 2676 veterum
2610 2622 2824 2690 scriptis
2853 2621 3115 2687 enllccta;
3153 2633 3261 2677 ttnn
3289 2623 3355 2678 de
3385 2623 3554 2694 ipsius
3575 2624 3714 2695 stylo
3750 2635 3805 2681 et

2203 2714 2420 2783 scriptis
2447 2714 2693 2779 disserit;
2727 2730 2792 2770 ac
2823 2725 3096 2784 postremo
3140 2715 3284 2770 locos
3313 2726 3594 2785 suspectos
3629 2728 3798 2783 notat,

2203 2815 2254 2860 et
2282 2816 2539 2876 quantum
2588 2816 2762 2876 potest
2812 2807 3039 2877 benigne
3077 2809 3460 2878 interpretatur
3494 2827 3507 2862 :
3541 2825 3675 2879 Opus
3703 2826 3802 2880 pro

2202 2899 2287 2952 illa
2319 2907 2477 2954 mtatc
2506 2900 2832 2969 exquisitum
2860 2911 2913 2954 et
2942 2900 3100 2955 laude
3130 2901 3368 2970 dignum,
3400 2903 3644 2971 quamvis
3677 2917 3800 2971 per-

2203 2991 2366 3044 multa
2397 2990 2448 3044 in
2476 3006 2542 3046 eo
2574 2991 2811 3059 reperire
2838 2992 2907 3046 sit
2927 3034 2942 3058 ,
2974 3009 3093 3062 qua:
3127 2992 3367 3048 historiae
3407 2993 3518 3063 jam
3549 2994 3800 3050 litnatiori

2200 3093 2361 3156 atque
2425 3085 2747 3139 accuratiori
2810 3086 3140 3141 asSnefaetos
3206 3087 3448 3142 nonnihil
3504 3088 3796 3145 offendant.

489 3184 667 3240 sentin
696 3183 871 3237 Patris
909 3193 960 3238 et
994 3182 1138 3249 Filii,
1171 3182 1304 3236 duas
1333 3183 1398 3236 ad
1435 3184 1787 3252 Augustinum
1815 3185 2093 3252 epistolas,
2127 3163 2172 3225 (ἶ
2203 3178 2651 3234 ῧοηιηίυηιθιίοιιί
2687 3179 2810 3233 huic
2836 3179 3022 3234 Hilarii
3069 3180 3274 3250 aliquot
3317 3181 3507 3252 elogia,
3541 3198 3604 3237 ac
3635 3183 3799 3238 vitam

489 3291 555 3331 ac
583 3275 810 3329 Metrum
854 3275 908 3329 in
951 3273 1204 3330 Gt-nesim
1252 3292 1264 3326 :
1316 3290 1435 3344 qum
1464 3290 1586 3329 cum
1618 3277 1865 3344 genuinis
1911 3276 2095 3332 Hilarii

489 3369 758 3439 Operibus
786 3382 928 3420 anno
970 3365 1109 3422 1544
1156 3367 1377 3422 Parisiis
1409 3367 1548 3439 apud
1604 3366 1819 3422 viduam
1848 3367 2093 3425 Carolam

490 3459 700 3516 Guillar
725 3458 912 3514 excudi
944 3459 1170 3514 curavit.

561 3553 614 3609 8.
663 3552 786 3608 Hice
811 3551 978 3607 Mirari
1024 3551 1190 3607 editio
1229 3551 1491 3617 omnium,
1534 3568 1653 3622 quin
1706 3562 1830 3609 ante
1878 3563 1932 3610 et.
1977 3564 2097 3624 post

490 3646 758 3716 prodiere,
797 3645 921 3701 licet
950 3654 1138 3700 nostro
1177 3645 1380 3715 jndit-io
1422 3647 1757 3715 castigatior,
1800 3649 1870 3702 ita
1916 3659 2090 3706 tamen

487 3753 611 3794 rara
641 3745 745 3804 est,
793 3748 848 3792 ut
894 3737 1134 3793 InSIratis
1157 3737 1403 3807 pluribus
1434 3739 1688 3793 Parisinis
1725 3739 2090 3810 bibliothecis,

487 3847 606 3888 eam
635 3832 887 3902 detegere
931 3847 1032 3887 nos
1079 3847 1234 3900 posse
1259 3832 1371 3901 jam
1417 3833 1856 3903 desperaremus.
1885 3852 2006 3892 cum
2039 3840 2090 3893 in

487 3939 687 3995 magno
729 3923 1139 3980 Carmelitarum
1187 3925 1466 3981 Conventu
1521 3927 1862 3985 iiiietiditntts.
1916 3931 1984 3986 Et
2029 3949 2090 3988 ea

485 4019 702 4091 quidem
739 4018 1006 4086 neglecta,
1041 4018 1208 4073 immo
1246 4033 1344 4074 nec
1372 4029 1692 4087 memorata,
1728 4021 1910 4078 llilarii
1937 4023 2091 4080 lucu-

485 4113 785 4175 bratiOnes.
819 4111 1008 4180 quales
1031 4111 1100 4166 ab
1131 4110 1356 4165 Erasmo
1389 4110 1724 4180 prodierant.
1756 4117 1916 4169 tertio
1945 4114 2093 4170 Basi-

485 4202 588 4259 lete
629 4201 772 4271 apttd
817 4202 1144 4258 Frobeniunt
1175 4219 1318 4257 anno
1353 4203 1512 4261 1550.
1547 4204 1780 4274 vulgata:
1811 4215 1936 4260 sunt
1964 4207 2093 4278 vigi-

484 4297 771 4352 lantissime
811 4305 859 4348 et
903 4295 971 4348 ad
1010 4294 1162 4363 plura
1199 4295 1517 4362 exemplaria
1567 4312 1654 4365 per
1701 4295 1770 4349 ο.
1805 4295 2090 4350 Martinam
2160 4302 2163 4303 ⁷

485 4388 740 4461 Lypsium
780 4386 968 4441 collata
1009 4394 1056 4439 et
1099 4385 1379 4455 recognita.
1427 4385 1612 4456 Neque
1652 4387 1894 4455 neganda
1925 4390 2086 4444 estin

487 4479 702 4536 tuendis
732 4479 927 4551 typicis
949 4477 1315 4533 emaculandis
1342 4476 1525 4549 Lypsii
1551 4480 1825 4550 vigilantia
1861 4497 1873 4533 :
1906 4481 2000 4535 sed
2032 4481 2086 4537 in

2201 3287 2298 3342 per
2324 3272 2709 3344 Hieroiiymnm
2751 3289 2818 3327 ex
2865 3272 2958 3327 lib.
2988 3274 3056 3328 de
3082 3273 3279 3344 Script.
3310 3276 3443 3330 eccl.
3477 3291 3569 3345 per
3606 3275 3800 3331 Fortu-

2199 3376 2381 3419 natum
2413 3374 2466 3420 et
2495 3365 2811 3436 Gregorium
2855 3366 3056 3422 anon.
3106 3383 3315 3423 necnon
3367 3369 3511 3424 Petri
3559 3370 3798 3426 ltamiani

2197 3455 2264 3511 de
2297 3456 2645 3512 translatione
2675 3458 2736 3513 S.
2772 3458 2957 3513 llilarii
2995 3460 3312 3515 Sermonem
3353 3461 3550 3530 adjecit
3589 3481 3602 3516 :
3635 3463 3797 3519 libros

2198 3559 2374 3604 autem
2405 3549 2472 3604 de
2503 3551 2761 3617 essentia,
2791 3566 2853 3606 ac
2881 3551 2948 3606 de
2981 3552 3183 3607 unitate
3208 3553 3381 3609 Patris
3401 3563 3456 3610 et
3482 3554 3601 3611 Filii
3625 3598 3638 3618 ,
3669 3572 3798 3612 cen-

2200 3644 2410 3698 tonibus
2451 3643 2730 3698 dumtaxat
2759 3660 2824 3700 ex
2864 3645 3058 3714 quibus
3104 3654 3356 3702 constant
3397 3649 3614 3716 notatis,
3671 3665 3798 3721 sup.

2197 3737 2414 3806 pressit.
2449 3738 2526 3790 Ae
2555 3737 2770 3792 demum
2805 3737 2856 3792 in
2888 3737 3188 3794 indicandis
3239 3739 3508 3811 plerisque
3555 3741 3799 3812 Scriptu-

2196 3844 2376 3883 rarum
2408 3829 2540 3884 locis
2562 3844 2712 3884 suam
2747 3830 2992 3899 probavit
3021 3831 3355 3902 diligentiam
3391 3850 3403 3886 :
3435 3844 3492 3889 at
3531 3834 3796 3892 illibatum

2196 3937 2418 3992 pI'OI'SllS
2448 3923 2663 3992 reliquit
2684 3922 2871 3978 Hilarii
2903 3933 3104 3979 textum
3134 3924 3184 3978 in
3213 3941 3373 3996 quem
3401 3925 3563 3982 etiam
3592 3928 3794 3983 incuria

2193 4013 2426 4079 Nivellii,
2444 4016 2532 4085 qui
2555 4014 2694 4070 hanc
2715 4016 3006 4073 editionem
3031 4033 3117 4072 an.
3149 4018 3290 4073 1572
3307 4020 3446 4090 typis
3463 4020 3796 4091 elegantibus

2194 4107 2289 4161 sed
2311 4122 2470 4162 manu
2503 4109 2679 4165 minus
2715 4119 2964 4166 accurata
3008 4110 3310 4180 adornavit,
3343 4114 3536 4170 menda
3560 4114 3796 4187 irrepse-

2194 4212 2320 4258 runt
2349 4219 2454 4259 non
2487 4219 2678 4274 pauca.

2268 4295 2353 4350 l-l.
2397 4295 2636 4353 Tandem
2686 4307 2745 4352 ut
2788 4299 3006 4368 puriora
3075 4309 3130 4357 et
3195 4300 3496 4372 limpidiora
3544 4301 3793 4359 Rhodani

2194 4387 2354 4460 hujus
2373 4389 2551 4446 latina:
2568 4391 2887 4463 eloquentiae
2905 4395 3106 4449 ﬂuenta
3126 4394 3455 4462 laberentur,
3473 4413 3613 4452 anno
3627 4395 3788 4462 1605,

2192 4483 2428 4536 animum
2469 4483 2719 4554 adjecere
2750 4486 3067 4557 typograpbi
3118 4487 3479 4554 Parisienses;
3521 4505 3553 4543 a
3597 4489 3793 4560 quibus

483 4571 870 4643 conquirendis
925 4585 989 4626 ac
1036 4569 1384 4625 recensendis
1427 4585 1556 4626 mss.
1607 4587 1791 4625 curam
1841 4556 2316 4646 posuissqunid
2363 4591 2428 4631 eo
2479 4577 2530 4630 in
2574 4556 2788 4646 negotio
2829 4579 3125 4647 pra-stitum
3173 4583 3262 4648 sit,
3308 4597 3448 4636 nunc
3483 4556 3786 4637 audiamus.

484 4665 700 4722 videtur
721 4666 880 4735 longe
914 4664 1198 4726 minorem,
1231 4679 1390 4732 quam
1436 4663 1488 4717 in
1531 4665 1902 4733 excogitandis
1953 4683 2084 4722 con-

481 4758 728 4830 jecturis,
785 4758 837 4812 in
897 4756 1091 4829 quibus
1143 4771 1250 4811 non
1293 4772 1531 4828 semper,
1583 4758 1747 4814 immo
1796 4775 1920 4816 raro
1960 4761 2086 4818 felix

484 4851 603 4906 fuit.

555 4943 611 4998 9.
652 4942 860 4998 Nemini
891 4943 1149 4999 hactenus
1188 4952 1410 4998 venerat
1450 4943 1501 4996 in
1535 4953 1792 5010 mentem,
1828 4956 1885 5001 ut
1917 4949 2080 5006 vitam

482 5037 673 5092 Hilarii
695 5036 964 5104 Operibus
992 5037 1159 5107 ipsius
1184 5037 1557 5104 praunitteret.
1588 5037 1802 5094 Primus
1824 5039 1923 5096 hoc
1945 5057 2082 5112 Optls

479 5131 719 5198 suscepit
757 5130 1031 5186 Joltannes
1059 5131 1174 5186 Jac.
1208 5130 1496 5197 Grinmus,
1553 5133 1695 5202 quod
1745 5151 1888 5188 anno
1947 5139 2081 5196 1570

477 5222 719 5280 Eusebio
745 5223 1008 5293 Episcopo
1058 5222 1279 5279 llasileie
1331 5223 1382 5278 in
1429 5221 1605 5280 fronte
1650 5224 2076 5286 lucubrationum

477 5325 652 5379 sancti
704 5323 947 5379 Docturis
993 5323 1258 5378 edendum
1303 5325 1540 5381 tradidit.
1581 5327 1647 5381 At
1688 5343 1848 5398 quam
1872 5328 2074 5397 jejuna,

477 5413 628 5468 arida
655 5455 670 5479 ,
719 5413 1030 5486 imperfecta
1061 5429 1125 5468 ac
1155 5415 1282 5469 falsa
1314 5426 1398 5470 est
1429 5417 1572 5472 illius
1604 5419 1871 5474 nat-ratio!
1909 5418 2069 5473 Tem-

475 5521 607 5576 pora
649 5506 735 5560 vix
777 5522 1000 5574 usquam
1032 5514 1177 5561 recte
1202 5507 1460 5572 assignat,
1494 5509 1724 5577 plurima
1754 5512 1951 5564 omittit
1981 5511 2072 5564 lli-

475 5599 595 5654 larii
621 5610 798 5672 δέδιε,
825 5598 955 5652 falsa
986 5597 1202 5652 aliunde
1227 5599 1496 5663 adsciscit,
1520 5609 1574 5652 et
1600 5601 1651 5653 in
1676 5602 1943 5656 nascentis
1969 5601 2069 5655 ha:-

436 5704 658 5783 φάος
700 5692 926 5762 gratiam
969 5688 1178 5761 aliquot
1219 5689 1465 5760 adjungit
1505 5691 1726 5747 fabellas
1757 5693 1911 5747 valde
1942 5707 2070 5763 pue-

540 5787 614 5840 Ἴιιι.
641 5783 767 5844 llaec
795 5800 956 5858 porro
986 5785 1093 5842 vita
1129 5800 1197 5842 ex
1245 5782 1310 5841 iis
1344 5784 1678 5856 potissimum
1699 5786 1929 5845 conﬂata
1959 5798 2064 5858 est,

644 5979 752 6073 ἰ

2263 4669 2518 4727 Primum.
2563 4671 2831 4741 inquiunt,
2878 4671 2941 4724 ab
2989 4689 3047 4725 eo
3093 4674 3179 4744 qui
3229 4675 3504 4745 prazlegere
3549 4673 3793 4741 preloque

2187 4762 2446 4817 adornare
2473 4763 2628 4817 libros
2669 4763 2992 4818 excudendas
3020 4763 3178 4829 solet,
3215 4763 3404 4819 Hilarii
3439 4764 3612 4834 Opera
3640 4781 3791 4820 cura-

2185 4858 2349 4914 vimus
2377 4875 2490 4912 cum
2517 4857 2722 4927 optimis
2751 4857 3032 4927 quibusque
3069 4875 3188 4912 mss.
3238 4858 3497 4914 codicibus
3524 4861 3746 4929 Conferri
3770 4875 3790 4913 .'

2185 4967 2310 5021 quos
2332 4952 2541 5023 benigne
2565 4951 2710 5004 nobis
2737 4968 2798 5004 ac
2829 4951 3104 5006 liberaliter
3135 4951 3548 5018 locupletissimis
3575 4953 3682 5005 suis
3708 4951 3759 5005 bi
3770 4983 3790 4994 -

2186 5044 2444 5098 bliothecis
2497 5045 2592 5098 riri
2639 5044 2912 5099 clarissimi
2961 5056 3111 5116 atque
3160 5044 3495 5099 eruditissimi
3544 5046 3793 5115 suppedi-

2185 5147 2379 5200 tarunt,
2401 5136 2467 5189 ad
2490 5136 2644 5190 libros
2672 5138 2736 5192 de
2760 5137 3011 5192 Trinitate
3037 5137 3287 5192 Nicolaus
3319 5136 3510 5206 Faber,
3539 5139 3607 5193 ad
3627 5139 3792 5194 Trac-

2185 5239 2321 5283 tatus
2340 5227 2394 5283 in
2426 5226 2665 5284 Psalmos
2685 5229 2909 5284 Jacobus
2930 5229 3271 5301 Bongarsius,
3295 5231 3365 5284 ad
3387 5230 3790 5288 Commentarios

2183 5323 2236 5376 in
2287 5321 2588 5377 Matt/neum
2630 5323 2962 5378 recensendos
3014 5321 3212 5380 Paulus
3266 5323 3516 5379 Petaveus
3564 5324 3790 5381 Senator

2185 5414 2514 5471 Parisiensis.
2551 5416 2746 5471 Deinde
2773 5433 2888 5472 vero
2916 5435 3032 5472 cum
3068 5420 3341 5488 adscriptis
3371 5421 3440 5473 ad
3468 5437 3612 5475 oram
3647 5437 3791 5474 mar-

2179 5510 2312 5579 ginis
2339 5511 2492 5564 variis
2521 5511 2819 5565 lectionibus
2844 5528 2992 5564 suam
3035 5511 3179 5566 nobis
3218 5529 3425 5582 operam
3465 5514 3542 5568 vir
3577 5514 3788 5584 quidam

2179 5601 2505 5658 doctissimus
2544 5621 2646 5657 non
2688 5605 3003 5676 denegasset,
3048 5615 3102 5658 ut
3145 5622 3317 5660 earum
3358 5605 3556 5661 delectu
3586 5607 3781 5674 habito,

2176 5711 2292 5764 qum
2350 5698 2463 5768 jam
2537 5699 2750 5769 receptis
2819 5699 3151 5770 prteferendtc
3199 5700 3506 5767 riderentur,
3561 5699 3785 5771 reliquas

2173 5800 2522 5863 expungeret;
2547 5792 2708 5848 visum
2732 5802 2806 5849 est
2829 5792 2983 5848 etiam
3013 5792 3076 5847 ab
3103 5793 3267 5850 altero
3296 5792 3696 5864 impetrandam,
3727 5803 3782 5847 at
