4138 6180
383 262 457 319 17
1643 266 2022 326 PREFATIO
2049 268 2464 330 GENERAIJS.
3621 282 3692 338 18

374 397 488 447 eas,
522 397 637 453 qua:
680 383 734 436 in
779 383 1128 443 superioribus
1152 384 1461 440 editionibus
1491 385 1720 440 tolerata
1759 387 1985 456 fuerant,
2014 388 2062 448 A
2094 388 2282 446 liorcs.
2313 391 2689 447 Studiosorum
2717 408 2881 463 opera
2905 396 3076 460 magis
3103 404 3377 467 comparet
3420 397 3471 449 iu
3505 410 3693 452 exem-

376 475 474 528 snb
525 474 644 527 libri
685 475 876 528 calcem
923 475 1180 547 colligeret
1217 493 1231 529 :
1263 493 1327 531 ne
1350 482 1483 548 forte
1510 486 1616 531 ate
1646 477 1749 531 illa'
1788 495 1987 549 quoque

375 568 813 632 desiderarentur,
840 570 945 624 sive
969 570 1105 638 mood
1134 587 1307 624 eorum
1332 570 1493 625 verbis
1516 570 1641 624 alibi
1665 572 1819 626 citata
1844 573 1985 626 testi—

375 666 554 719 monia
597 665 833 733 quoniam
860 676 1063 733 possent
1090 682 1376 729 occurrere,
1409 667 1512 720 sive
1539 666 1675 736 quod
1706 676 1876 721 utrum
1905 668 1984 721 liis

375 757 525 811 novis
549 757 908 825 posthabendte
938 759 1147 829 fuerint,
1171 760 1374 831 judicio
1420 770 1504 813 tuo
1548 760 1701 814 velles
1743 760 1981 829 expendi.

373 848 679 922 Adjecinms
709 859 956 918 prieterea
984 848 1296 921 Fragmenta
1325 867 1386 904 ea:
1408 868 1559 920 apere
1582 851 1845 913 historico,
1869 869 1984 923 qua:

374 960 464 998 an.
501 942 640 999 1598
670 942 852 1014 (apud
900 941 1247 998 Ambrosium
1303 944 1508 998 Droaar
1561 943 1763 999 Nicolai
1821 944 1981 999 Fabri

372 1034 567 1105 opera)
591 1052 638 1089 ιι.
672 1052 719 1088 c.
752 1032 818 1088 P.
848 1033 1065 1089 Pitheus
1087 1035 1279 1103 publici
1306 1036 1438 1100 iuris
1463 1037 1604 1107 fecit,
1629 1046 1676 1090 et
1701 1038 1981 1102 exscriptos

370 1142 436 1180 ea:
473 1126 658 1180 iisdem
703 1143 829 1184 mss.
883 1126 1029 1181 libris
1077 1125 1350 1181 Tractutus
1394 1128 1447 1181 in
1496 1127 1734 1183 Psalmos
1768 1129 1854 1197 15,
1890 1129 1977 1195 14,

372 1217 481 1274 149
503 1228 558 1273 et
585 1217 710 1274 150.

446 1308 535 1364 12.
581 1309 711 1364 Post
757 1317 834 1364 tot
886 1319 1103 1381 tamque
1130 1310 1407 1366 variorum
1451 1310 1727 1367 hominum
1778 1311 1828 1366 in
1878 1312 1980 1368 hac

368 1401 614 1459 editione
646 1404 920 1476 impensas
952 1403 1188 1469 labores,
1219 1419 1325 1459 non
1355 1405 1525 1459 multo
1554 1414 1732 1460 tamen
1762 1405 1977 1473 puriora

370 1493 691 1563 prodierunt
746 1494 1089 1551 disertissimi
1136 1495 1379 1551 Doctoris
1425 1496 1646 1566 scripta.
1686 1496 1788 1564 Qui
1831 1495 1975 1553 enim

366 1585 536 1642 variis
561 1585 886 1642 lectionibus
914 1585 1206 1658 seligendis
1229 1602 1454 1657 operam
1483 1602 1634 1642 suam
1664 1588 1977 1644 commoda-

363 1678 482 1743 vit,
515 1680 633 1733 sive
654 1678 842 1749 judicii
874 1679 1034 1734 fuerit
1065 1695 1172 1735 non
1202 1679 1490 1735 admodum
1522 1680 1805 1752 exquisiti,
1836 1681 1973 1746 sive,

2088 481 2220 550 plari
2246 483 2372 537 olim
2428 485 2915 555 Aquisgranensis,
2970 494 3088 555 post
3122 485 3496 551 Corbeiensis,
3542 503 3686 545 nunc

2084 576 2470 634 Germanensis
2516 581 2852 637 bibliotheete
2884 625 2896 634 .
2928 598 2992 637 ex
3038 598 3144 651 quo
3182 598 3301 637 cum
3344 582 3495 653 plura
3543 594 3692 654 post-

2087 670 2304 727 modum
2328 672 2596 744 deseripla
2623 673 2730 728 sint
2755 675 3022 745 exempla,
3056 675 3261 743 priores
3289 676 3546 731 lectiones
3570 677 3692 732 ubi-

2085 782 2188 838 que
2212 765 2532 835 posthabita:
2557 777 2701 827 sunt.
2730 769 2893 821 immo
2916 769 3089 824 locum
3116 781 3391 825 cesserunt
3414 756 3687 828 secundis.

2084 860 2341 927 Quocirca
2393 876 2497 914 non
2542 876 2609 917 ex
2639 876 2746 915 uno
2782 860 3021 917 alterove
3062 861 3249 919 codice
3273 905 3287 928 ,
3317 863 3361 917 si
3389 866 3688 931 praesertim

2084 952 2411 1008 recentiores
2442 951 2659 1020 iuerint,
2691 952 2899 1010 sincera
2930 954 3158 1024 exprimi
3185 964 3473 1026 potuerunt
3501 955 3688 1013 Hilarii

2079 1049 2276 1116 scripta

2157 1141 2244 1195 15.
2277 1139 2466 1195 Nullus
2486 1141 2783 1197 desiderari
2805 1156 2964 1212 posse
2982 1141 3196 1197 videtur
3217 1143 3506 1213 antiquior,
3527 1157 3686 1214 quam

2082 1234 2170 1303 qui
2202 1234 2255 1288 in
2283 1234 2504 1289 arctlivo
2533 1233 2806 1289 Vaticnnre
2836 1234 3081 1290 ecclesiae
3109 1245 3437 1289 asservatur.
3463 1234 3595 1290 Nam
3626 1245 3689 1291 ut

2082 1325 2378 1380 Mabillonii
2405 1327 2574 1381 nostri
2599 1326 2692 1381 lib.
2724 1325 2792 1381 de
2829 1342 2887 1382 re
2914 1326 3262 1397 Diplomatiea
3297 1326 3406 1381 tab.
3438 1326 3493 1393 6,
3524 1328 3690 1383 verba

2083 1417 2171 1471 llic
2195 1417 2565 1472 adscribamus
2596 1434 2609 1472 :
2646 1436 2664 1470 ι
2694 1418 2937 1486 Scriptus
2966 1426 3049 1473 est
3075 1417 3270 1485 codex,
3298 1419 3342 1473 si
3365 1419 3536 1487 priora
3562 1417 3688 1474 folia

2081 1508 2400 1564 recentioris
2452 1508 2733 1577 scriptura:
2795 1509 3077 1579 excipias,
3133 1510 3234 1563 sub
3285 1510 3443 1565 linem
3498 1510 3689 1565 saeculi

2080 1602 2287 1671 quarti,
2321 1612 2408 1655 aut
2442 1603 2659 1656 ineunte
2685 1601 2893 1671 quinto,
2921 1610 2979 1654 ut
3000 1600 3315 1671 intelligitur
3340 1616 3406 1656 ex
3437 1601 3688 1671 adjuncta

2080 1693 2167 1766 (ad
2183 1695 2385 1750 calcem
2406 1692 2527 1748 libri
2548 1696 2598 1748 in
2621 1691 3021 1764 Constantium)
3047 1691 3390 1762 inscriptione
3404 1692 3683 1760 cujusdam

369 1779 429 1825 ιη
460 1785 610 1839 ⁵³⁵1³⁸
641 1770 703 1824 ίίι
730 1771 781 1824 ίη
811 1769 875 1823 iis
903 1786 1023 1841 (ιιιπε
1054 1770 1230 1826 Μίθηο
1263 1772 1479 1826 "Omine
1511 1771 1840 1839 ἐιδοτληιυτυ
1870 1771 1973 1826 δυο
2003 1780 2051 1841 Β
2079 1788 2309 1843 studiosi
2333 1829 2347 1851 ,
2378 1804 2538 1859 quam
2579 1790 2658 1844 sic
2688 1788 2856 1843 reddo
2887 1806 2900 1843 :
2930 1785 3139 1841 Contuli
3158 1788 3209 1840 in
3238 1786 3441 1839 nomine
3474 1783 3685 1839 Domini

367 1866 740 1936 perfunctorie
774 1867 991 1931 abierit,
1020 1883 1167 1938 saepe
1194 1883 1419 1923 numero
1448 1869 1671 1923 mutavit
1698 1885 1817 1940 qua:
1846 1870 1975 1924 rcti-

365 1958 548 2014 nenda
578 1958 791 2015 fuerant
815 2002 829 2024 ,
863 1970 916 2015 et
943 1969 1132 2014 contra
1162 1975 1283 2030 qua:
1314 1959 1542 2016 fuissent
1591 1961 1844 2015 mutanda
1887 1976 1973 2016 re-

366 2053 550 2108 tinuit.
582 2051 718 2108 Hinc
741 2052 832 2123 qui
883 2053 936 2106 in
968 2051 1206 2107 editione
1235 2052 1364 2107 anni
1400 2037 1528 2108 1631
1569 2053 1838 2109 variantes
1865 2053 1973 2109 lec-

366 2145 566 2212 tiones,
624 2162 742 2215 qnte
797 2147 1029 2215 primum
1069 2146 1135 2200 ad
1179 2146 1381 2202 calcem
1426 2147 1689 2216 conjecta:
1736 2146 1968 2217 fuerant,

364 2240 602 2309 propriis
630 2240 764 2295 locis
786 2239 989 2310 aptavit
1017 2248 1180 2309 atque
1219 2240 1285 2294 ad
1335 2239 1630 2311 marginem
1660 2240 1966 2309 adscripsit,

364 2348 462 2388 cas
492 2333 765 2387 revocavit
797 2349 900 2385 non
939 2332 1126 2396 semel,
1164 2348 1282 2400 qua:
1309 2332 1362 2386 in
1410 2332 1678 2402 prioribus
1714 2332 1968 2387 editioni-

363 2426 469 2482 bus
513 2425 876 2480 obtinuerant.
910 2423 1018 2482 Sed
1048 2433 1103 2479 ct
1132 2426 1461 2480 Parisienses
1507 2427 1846 2497 typograpbi,
1879 2428 1967 2497 qui

364 2516 513 2585 quod
538 2516 669 2571 artis
697 2531 809 2571 sua:
833 2531 940 2570 non
965 2525 1082 2570 erat
1109 2516 1326 2571 aliunde
1356 2516 1755 2583 mendicaruut,
1781 2518 1850 2572 ita
1877 2533 1969 2573 ne-

363 2612 648 2682 glexerunt
671 2609 813 2680 quod
838 2617 955 2663 erat
976 2610 1253 2665 industria:
1275 2626 1409 2676 sum,
1432 2622 1485 2665 ut
1512 2626 1697 2666 eorum
1720 2610 1965 2678 editioni,

362 2720 483 2776 pra:
514 2702 855 2758 multitudine
885 2703 1227 2767 tuendorum,
1271 2703 1426 2759 facile
1468 2703 1835 2760 anteferendte
1884 2703 1961 2759 vi-

363 2796 600 2851 dcantur
618 2796 971 2851 Basileenses.
988 2795 1081 2851 Illa
1100 2794 1339 2851 Colonite
1364 2797 1670 2867 Agrippina:
1687 2813 1776 2853 an.
1802 2798 1963 2866 1617,

363 2905 428 2945 ac
458 2905 671 2944 rursum
694 2888 915 2944 Parisiis
942 2906 1031 2945 au.
1064 2890 1194 2944 1651
1229 2900 1283 2944 et
1308 2889 1466 2956 1652,
1495 2906 1684 2946 recusa
1715 2901 1819 2947 est.

436 2982 528 3038 15.
574 2981 669 3037 Vel
696 2998 761 3037 ex
803 2981 905 3037 liae
944 2983 1171 3050 simplici
1216 2984 1555 3052 expositione
1600 2984 1799 3054 liquet,
1834 2983 1965 3038 nihil

362 3092 622 3147 umquam
654 3076 705 3130 in
734 3075 960 3132 edendis
991 3076 1175 3131 Hilarii
1205 3077 1418 3148 scriptis
1449 3079 1739 3147 praestitum
1766 3079 1962 3144 fuisse,

2075 1883 2203 1938 Jesu
2241 1881 2433 1939 Christi
2471 1893 2595 1951 aput
2626 1880 2841 1935 Kasulis
2880 1880 3189 1934 constitutus
3217 1894 3354 1933 anno
3387 1877 3688 1941 quarto-de-

2077 1977 2207 2030 cimo
2258 1974 2599 2029 Trasamundi
2625 1973 2778 2043 regis.
2813 1972 2912 2041 Qui
2944 1972 3248 2042 catalogum
3294 1969 3499 2025 archivi
3540 1985 3683 2042 prte-

2075 2069 2201 2124 dimi
2227 2068 2514 2133 ordinavit,
2548 2082 2644 2136 pro
2664 2077 2788 2135 aput
2825 2064 3059 2128 Kasulis.
3089 2065 3218 2137 legit
3245 2062 3482 2119 Puteolis
3505 2081 3524 2118 :
3544 2065 3684 2135 quod

2074 2170 2146 2216 est
2173 2163 2226 2214 in
2253 2160 2452 2231 Africa,
2487 2160 2692 2229 inquit,
2735 2162 2791 2213 in
2819 2160 3025 2230 regione
3065 2155 3333 2212 Numidia:
3361 2173 3450 2212 seu
3476 2155 3680 2211 Barba-

2073 2251 2185 2307 ritc.
2228 2250 2392 2322 Vulgo
2419 2250 2717 2320 appellatur
2749 2248 3048 2315 Putrazsio,
3076 2250 3229 2303 situm
3260 2249 3395 2304 inter
3423 2248 3681 2303 Tunetum

2074 2350 2118 2395 et
2145 2357 2311 2397 arcem
2340 2340 2552 2395 Calene.
2585 2339 2640 2396 Si
2663 2352 2811 2397 recte
2837 2340 3018 2410 apices
3038 2340 3240 2395 codicis
3261 2355 3541 2409 assequar,
3571 2356 3681 2397 non

2072 2432 2260 2489 dubito
2285 2449 2406 2502 esse
2443 2434 2727 2505 lugendum
2750 2477 2765 2496 ,
2807 2432 2949 2499 apud
2982 2431 3198 2487 Kasulis
3219 2475 3233 2494 .
3262 2448 3382 2503 quae
3410 2434 3537 2488 urbs
3561 2444 3682 2488 crat

2072 2526 2363 2597 provincia:
2419 2525 2737 2593 Bisacente,
2796 2524 3032 2580 Antonio
3084 2521 3273 2578 Casula
3336 2523 3474 2578 dicta
3523 2542 3537 2576 :
3587 2538 3683 2578 cu-

2066 2619 2156 2688 jus
2196 2618 2495 2688 Episcopus
2522 2617 2844 2684 Quintianus
2892 2617 3087 2686 legitur
3129 2617 3180 2671 in
3210 2615 3411 2671 Nolitia
3438 2612 3636 2670 Africa:
3660 2656 3677 2681 ,

2076 2711 2385 2780 Quintianus
2414 2708 2976 2764 Casulis—cariauensis.
3004 2707 3203 2762 Facilis
3232 2709 3429 2777 quippe
3455 2716 3539 2762 est
3566 2707 3602 2761 ά
3626 2709 3681 2764 in

2071 2812 2090 2856 t
2118 2802 2475 2873 permutatio,
2505 2802 2678 2872 qualis
2708 2809 2793 2855 est
2818 2801 2868 2854 in
2892 2801 3114 2856 vocibus
3139 2800 3263 2854 haut
3282 2841 3297 2864 ,
3319 2809 3421 2863 set,
3452 2799 3680 2871 aliisque

2070 2895 2339 2953 similibus
2358 2937 2373 2957 ,
2413 2909 2534 2965 qua:
2571 2895 2623 2949 in
2667 2908 2800 2949 mss.
2826 2893 3105 2949 codicibus
3136 2908 3240 2948 non
3270 2909 3393 2949 raro
3418 2896 3674 2949 occurrit.

2071 2987 2384 3044 Hulstenius
2421 2987 2487 3042 ad
2519 3002 2667 3042 oram
2704 2985 2928 3056 hujusce
2967 2984 3334 3041 adnotatiouis
3371 3002 3534 3041 manu
3578 3000 3678 3043 sua

2069 3081 2307 3152 scripsit,
2337 3097 2534 3136 annum
2566 3080 3108 3151 quartum-decimum
3140 3079 3494 3136 Tmsamundi
3528 3080 3671 3153 regis

361 3171 509 3242 quod
540 3170 790 3226 omnibus
832 3173 1069 3226 numeris
1113 3171 1228 3226 suis
1277 3171 1579 3226 absolutum
1624 3181 1787 3227 esset.
1821 3172 1971 3229 Badii
2000 3171 2046 3231 C
2078 3174 2830 3231 convenireanuoCbristinx.
2862 3195 2880 3228 ι
2900 3174 3168 3231 Hactenus
3186 3166 3548 3231 Mabillouius.
3564 3175 3673 3232 Sed

362 3279 600 3334 namque
640 3263 809 3319 editio
853 3264 1063 3319 mendis
1114 3273 1288 3320 scatet
1338 3264 1654 3320 innumeris.
1716 3256 1969 3321 Erasmus

367 3371 567 3432 praeter
597 3361 762 3415 libros
784 3360 850 3416 de
871 3360 1135 3416 Trinitate
1167 3361 1253 3415 vix
1279 3361 1413 3416 alios
1440 3360 1505 3416 ad
1534 3376 1664 3416 mss.
1697 3361 1853 3417 ﬁdem
1876 3378 1966 3417 re-

366 3453 658 3524 cognovit,
691 3461 746 3508 et
778 3467 872 3506 eos
901 3452 1116 3523 quidem
1156 3468 1262 3507 non
1301 3467 1496 3523 magno
1524 3454 1772 3509 examine
1810 3453 1966 3508 adhi-

365 3547 480 3603 bito
499 3548 755 3602 correxit.
783 3546 862 3602 Eo
883 3547 1188 3616 diligentior
1204 3546 1413 3602 Mirmus
1436 3562 1534 3603 nec
1558 3563 1803 3618 magnam
1833 3564 1964 3603 mss.

362 3640 575 3709 copiam
604 3653 703 3693 nec
726 3638 779 3693 in
800 3653 990 3694 omnes
1008 3638 1192 3694 Hilarii
1221 3639 1500 3695 'l‘raetatus
1522 3638 1723 3704 habuit,
1754 3648 1808 3695 et
1828 3639 1969 3710 plus-

361 3730 545 3785 culum
577 3731 797 3787 credidit
834 3732 1175 3801 prmcessoris
1199 3732 1280 3787 sui
1310 3732 1521 3803 ingenio
1540 3744 1591 3787 et
1617 3733 1965 3801 conjecturis.

360 3822 544 3878 Novas
598 3823 792 3879 deinde
847 3823 972 3879 dum
1022 3840 1087 3879 ex
1136 3826 1355 3894 proprio
1402 3825 1667 3895 excogitat
1710 3825 1966 3880 Martinus

360 3916 625 3987 Lypsius,
658 3915 897 3986 singulos
926 3915 1112 3971 llilarii
1146 3915 1311 3970 libros
1340 3916 1577 3985 pluribus
1599 3917 1651 3970 in
1687 3917 1816 3973 locis
1836 3932 1967 3971 con-

360 4009 593 4063 taminat
617 4052 631 4071 ,
665 4024 823 4079 quam
860 4010 1104 4077 castigat.
1136 4009 1290 4064 Hunc
1320 4019 1495 4065 tamen
1530 4011 1759 4066 maxime
1796 4011 1964 4066 secuti

360 4108 521 4164 sunt,
571 4097 663 4169 qui
714 4098 1099 4155 Parisieasibus
1152 4100 1497 4172 typograpbis
1549 4116 1766 4171 operam
1814 4117 1964 4156 suam

359 4196 709 4250 contulerunt
739 4213 753 4249 :
787 4204 905 4265 post
928 4212 1064 4267 quos
1107 4195 1321 4250 easdem
1365 4194 1767 4252 lucubrationes
1807 4211 1966 4252 nemo

359 4291 595 4361 amplius
622 4290 885 4346 limandos
913 4290 1167 4359 suscepit.

864 4424 930 4480 ll.
973 4424 1052 4481 De
1075 4425 1333 4481 codicibus
1352 4441 1473 4480 mss.

2074 3270 2128 3325 in
2155 3271 2373 3341 antiquo
2409 3269 2593 3325 codice
2619 3285 2725 3325 non
2755 3270 3057 3341 negandum
3091 3280 3173 3325 est
3203 3268 3396 3325 menda
3424 3284 3546 3324 esse
3577 3285 3673 3324 an-

2070 3363 2214 3431 tiqua
2239 3404 2256 3430 ,
2299 3379 2420 3433 qum
2448 3362 2593 3434 quod
2624 3362 2980 3434 llierouymus
3003 3360 3162 3431 epist.
3194 3360 3266 3416 ΞΒ
3288 3358 3353 3415 ad
3392 3359 3675 3415 Lucinium

2071 3468 2287 3525 monet,
2333 3461 2384 3514 in
2413 3470 2648 3514 mentem
2695 3471 2946 3513 revocant
2977 3476 2989 3511 :
3026 3456 3289 3530 Opuscula
3316 3475 3427 3512 mea
3464 3458 3536 3512 ad
3559 3457 3675 3511 des-

2068 3551 2364 3606 cribendum
2417 3552 2705 3605 hominibus
2744 3553 2845 3605 tuis
2881 3550 3001 3604 dedi
3023 3592 3039 3617 ,
3087 3560 3135 3605 et
3176 3550 3432 3623 descripta
3472 3552 3580 3606 vidi
3619 3552 3674 3605 in

2068 3646 2353 3719 cliartaceis
2379 3643 2638 3699 codicibus
2655 3685 2672 3709 ,
2704 3660 2765 3696 ac
2791 3645 3078 3713 frequenter
3100 3643 3280 3696 monui
3305 3652 3359 3696 ut
3383 3645 3675 3714 conferrent

2070 3736 2367 3807 diligentius
2403 3743 2450 3789 et
2491 3734 2836 3789 ernendarent.
2895 3732 3007 3805 Ego
3046 3734 3182 3788 enim
3229 3743 3372 3788 tanta
3412 3734 3676 3789 volumina

2070 3846 2179 3900 pra:
2225 3828 2511 3901 frequentia
2558 3826 2952 3881 commeantium
2996 3836 3043 3880 et
3088 3826 3469 3898 peregrinorum
3509 3824 3674 3880 turbis

2067 3924 2289 3995 relegere
2317 3940 2418 3978 non
2431 3921 2592 3993 potui.
2617 3920 2765 3976 Unde
2793 3923 2837 3975 si
2860 3931 3274 3993 paragrannnata
3297 3921 3543 3990 repereris
3564 3962 3578 3985 ,
3597 3920 3675 3974 vel

2070 4017 2238 4070 minus
2265 4015 2439 4085 aliqua
2464 4014 2720 4083 descripta
2745 4021 2902 4078 sunt,
2946 4028 3059 4080 qua:
3084 4028 3290 4066 sensum
3330 4011 3543 4082 legentis
3570 4010 3668 4062 im-

2070 4109 2313 4177 pediant;
2342 4124 2444 4162 non
2483 4107 2609 4160 milii
2647 4106 2794 4160 debes
2830 4107 3121 4176 imputare,
3143 4104 3235 4160 sed
3270 4106 3369 4159 tuis
3392 4145 3409 4171 ,
3438 4116 3485 4158 et
3509 4106 3671 4175 impe—

2066 4201 2201 4255 ritia:
2226 4200 2562 4265 notariorum,
2585 4198 3007 4268 librariorumque
3030 4198 3245 4252 incuriae
3274 4212 3293 4252 :
3319 4197 3407 4269 qui
3442 4196 3670 4252 scribunt

2069 4308 2170 4348 non
2192 4290 2329 4362 quod
2364 4290 2656 4353 inveniunt,
2681 4290 2771 4345 sed
2796 4290 2935 4359 quod
2969 4290 3261 4360 intelligunt
3277 4304 3298 4355 ;
3327 4299 3373 4344 et
3396 4293 3518 4344 dum
3544 4290 3672 4346 alie-

2068 4405 2163 4445 nos
2187 4403 2384 4443 errores
2406 4387 2674 4442 emendare
2692 4388 2947 4451 nituntur,
2970 4383 3244 4440 ostendunt
3264 4401 3405 4440 suos.
3433 4384 3568 4440 Eam
3597 4385 3671 4441 ob

2071 4500 2187 4542 rem
2219 4484 2420 4540 codicis
2452 4483 2608 4554 hujus
2644 4482 2948 4551 antiquitati
2983 4480 3116 4536 nihil
3145 4479 3447 4536 inconsulte
3482 4478 3677 4534 tribui-

441 4564 527 4618 14.
560 4564 676 4619 Non
705 4563 773 4617 ab
797 4577 864 4619 eo
889 4562 1059 4617 solum
1078 4571 1337 4630 tempore,
1353 4577 1418 4616 ex
1442 4575 1549 4633 quo
1569 4560 1870 4632 excogitata
1883 4568 1967 4616 est

2074 4594 2223 4645 mus,
2256 4593 2319 4634 ea
2343 4585 2545 4633 tantum
2573 4576 2620 4631 ei
2648 4588 2907 4631 concessa
2932 4573 3298 4640 veneratione,
3331 4582 3390 4626 ut
3412 4571 3675 4627 lectiones

365 4672 457 4713 ars
484 4658 863 4730 typograpliica
886 4698 900 4722 ,
931 4656 1024 4712 sed
1070 4665 1121 4710 et
1143 4654 1507 4723 superioribus
1534 4655 1747 4710 sa-culis
1777 4654 1970 4709 identi-

366 4750 492 4807 dem
523 4752 848 4816 extiterunt,
877 4751 964 4819 qui
998 4750 1049 4805 in
1083 4748 1530 4817 recognoscendis
1561 4747 1741 4815 Hilarii
1773 4749 1966 4820 Operi-

364 4844 468 4900 bus
516 4843 834 4899 industriam
879 4858 1029 4898 suam
1100 4842 1409 4912 probarent.
1448 4840 1529 4897 0b
1577 4840 1967 4898 reconditiores

363 4949 546 4992 autem
571 4937 713 4992 illius
740 4951 934 4992 sensus
960 4934 1209 4989 ell‘ectum
1239 4942 1341 4999 est,
1375 4943 1431 4989 ut
1463 4933 1730 4989 interdum
1765 4933 1861 4989 viri
1886 4933 1964 4989 illi

361 5030 754 5086 substituerent
785 5030 1050 5100 proprios,
1087 5027 1268 5083 verbis
1296 5027 1562 5095 obscuris,
1590 5043 1713 5099 qua:
1739 5042 1846 5083 non
1878 5042 1964 5083 sa-

362 5125 433 5179 tis
460 5124 886 5193 assequebantur
904 5162 919 5185 ,
945 5120 1050 5175 alia
1078 5119 1499 5189 superaddentes
1529 5120 1768 5190 planiora
1790 5161 1806 5186 ,
1843 5134 1966 5192 quae

362 5217 645 5273 deindein
681 5215 944 5286 exemplis
987 5214 1379 5270 recentioribus
1414 5215 1524 5270 sola
1562 5215 1808 5271 obtinere
1835 5230 1967 5271 con-

362 5317 676 5365 sueverunt.
728 5307 895 5376 Hujus
949 5306 1026 5362 rei
1081 5305 1388 5376 exemplum
1442 5307 1745 5377 suppeditat
1792 5306 1964 5362 codex

361 5403 493 5457 olim
524 5401 919 5467 Floriacensis,
952 5416 1091 5455 nunc
1121 5398 1447 5455 Colbertinte
1479 5399 1818 5456 bibliotheca?
1847 5410 1959 5457 not.

362 5494 531 5561 1191,
567 5509 636 5548 cx
675 5492 1049 5560 antiquissimo
1087 5491 1435 5548 Carnutensis
1474 5492 1719 5547 ecclesiae
1759 5508 1861 5548 ms.
1896 5493 1964 5547 ab

359 5592 522 5644 annis
562 5587 782 5645 circiter
811 5588 916 5645 700
943 5587 1244 5656 descriptus
1267 5629 1283 5653 ,
1318 5587 1367 5640 in
1398 5601 1507 5658 quo
1544 5601 1622 5642 ee
1653 5595 1856 5642 tantum
1888 5587 1967 5641 vi-

358 5694 558 5739 suntur
602 5681 895 5746 lectiones,
926 5696 1047 5751 qme
1078 5681 1131 5734 in
1169 5679 1487 5735 Carnutensi
1533 5680 1783 5736 secundis
1821 5679 1964 5736 curis

358 5775 597 5830 adtexta:
623 5782 778 5835 sunt.
816 5772 1062 5845 quamvis
1091 5774 1278 5843 prima:
1308 5781 1365 5827 ut
1394 5771 1684 5844 plurimum
1717 5772 1826 5828 sint
1852 5788 1966 5828 me-

2074 4687 2243 4743 prope
2271 4686 2490 4737 omnes,
2521 4671 2571 4725 in
2600 4670 2795 4741 quibus
2824 4684 2855 4723 a
2884 4668 3097 4723 cmteris
3123 4667 3391 4737 diserepet
3410 4709 3426 4731 ,
3450 4665 3677 4738 diligen-

2074 4772 2158 4819 ter
2186 4773 2584 4818 anuotaremus.
2628 4760 2740 4816 Has
2783 4776 2812 4814 a
2858 4759 3105 4816 Johanne
3147 4759 3381 4829 Baptista
3409 4758 3676 4815 B~ndinio

2071 4854 2344 4912 Vaticana:
2373 4854 2607 4910 basilica:
2631 4851 2906 4910 Canonico
2925 4895 2941 4920 ,
2969 4867 3093 4908 cum
3121 4866 3314 4907 novam
3346 4851 3526 4908 Hilarii
3551 4852 3676 4908 edi-

2069 4948 2271 5003 tionem
2308 4954 2558 5018 pararet,
2584 4946 2860 5013 collectas,
2903 4944 3058 5000 nobis
3098 4944 3508 5010 descripserunt
3532 4944 3668 5001 Fra-

2072 5047 2183 5095 tres
2232 5038 2401 5093 nostri
2437 5038 2525 5109 qui
2568 5037 2755 5093 Romte
2782 5044 3099 5102 versantur,
3124 5044 3180 5092 et
3205 5035 3460 5091 nonnulla
3491 5035 3671 5109 Opera

2069 5145 2168 5201 per
2191 5144 2251 5186 se
2276 5139 2525 5185 accurate
2554 5137 3004 5200 recognoscentes
3029 5125 3230 5183 laudati
3255 5125 3519 5184 Canonici
3544 5128 3671 5185 dili-

2069 5223 2304 5294 gentiam
2334 5221 2714 5293 probaverunt.

2147 5313 2235 5368 16.
2277 5312 2407 5369 Post
2425 5313 2665 5369 codicem
2688 5310 2863 5368 sancti
2890 5312 3035 5370 Petri
3060 5313 3378 5383 antiquitate
3403 5313 3676 5370 secundus

2071 5414 2176 5471 est,
2208 5404 2302 5461 sed
2332 5416 2552 5477 propter
2576 5405 2943 5460 sinceritatem
2972 5405 3130 5460 facile
3162 5405 3395 5475 primus,
3424 5406 3552 5461 olim
3578 5406 3675 5460 ab-

2070 5495 2232 5552 batis:
2253 5497 2422 5552 sancti
2456 5497 2690 5569 Dionysii
2708 5497 2856 5567 juxta
2885 5495 3151 5564 Parisios,
3179 5513 3318 5552 nunc
3348 5496 3672 5553 Colberaime

2072 5588 2417 5645 bibliothecas
2450 5605 2551 5644 ms.
2585 5589 2689 5646 825
2720 5607 2879 5660 quem
2906 5604 3027 5645 cum
3054 5589 3172 5644 aliis
3194 5589 3334 5647 bene
3362 5591 3540 5644 multis
3572 5589 3672 5643 hu-

2073 5682 2386 5738 manissime
2411 5683 2567 5739 nobis
2594 5685 2953 5757 suppeditavit
2979 5699 3267 5755 numquam
3295 5684 3426 5738 satis
3448 5698 3545 5754 pro
3571 5697 3670 5739 sua

2071 5774 2325 5831 comitate
2351 5775 2651 5832 laudandus
2679 5776 2984 5847 Stephanus
3005 5775 3253 5831 Baluzius
3273 5775 3448 5830 eidem
3474 5775 3669 5831 biblioa
