4134 6184
357 282 467 340 809

1336 276 1785 338 'TRACTATUS
1829 277 1895 337 IN
1951 275 2270 338 CXXXVIII
2305 279 2656 340 PSALMUM.

3557 287 3661 345 810

365 407 476 452 tum
505 392 875 466 evangelicum
903 405 1083 451 sermo
1103 393 1295 464 psalmi
1324 436 1338 460 ,
1364 409 1486 451 cum
1516 397 1612 465 ait,
1643 397 1809 453 Vens.
1844 396 1908 452 16
1939 412 1954 449 :
1982 397 2036 456 A
2064 398 2126 453 Si
2155 399 2273 470 erg'o
2297 399 2466 453 lumen
2485 400 2623 469 quod
2642 400 2696 453 in
2726 407 2773 453 te
2799 404 2870 454 est
2891 398 3106 455 tenebra:
3132 407 3270 469 sunt,
3301 401 3518 459 tenebrae
3542 404 3669 468 ipsa:

367 489 735 562 Imperfectum
760 507 925 545 meum
971 491 1205 546 viderunt
1235 494 1370 548 oculi
1397 495 1470 548 tui
1496 535 1511 560 ,
1567 503 1615 548 et
1643 496 1695 549 in
1721 495 1852 549 libro
1883 503 1970 548 tuo

366 599 540 638 omnes
561 582 848 638 scribentur
871 599 891 637 :
921 585 1004 638 die
1024 585 1390 656 replebantur,
1420 597 1469 641 et
1491 604 1639 642 nemo
1662 589 1715 642 in
1747 589 1846 643 Itis.
1876 591 1970 643 At-

366 690 473 746 que
500 683 556 729 ut
590 676 772 729 omnia
799 675 1096 730 secundum
1127 677 1428 734 doctrinam
1449 679 1737 736 cmlestem
1771 679 1973 736 intelli-

366 783 498 841 gere
523 768 812 838 possimus,
846 767 899 824 id
931 767 1074 840 quod
1097 769 1470 827 difﬁcultatem
1501 773 1657 828 affert
1688 773 1974 828 absolven-

368 859 497 917 dum
524 867 626 917 est.
672 859 826 929 Quod
852 861 995 918 enim
1029 863 1182 919 latini
1230 865 1581 921 translatores
1616 867 1970 938 imperfectum

371 960 708 1030 interpretati
769 968 932 1027 sunt,
1001 959 1054 1016 id
1082 961 1134 1016 in
1163 962 1361 1033 grmcis
1388 961 1541 1017 libris
1590 964 1975 1041 ἁκατέργαστον

371 1053 670 1110 scribitur:
713 1053 824 1110 Nec
853 1054 1131 1124 querimur
1169 1053 1238 1110 de
1273 1056 1684 1112 translatoribus
1714 1075 1728 1112 :
1778 1072 1978 1113 vereor

377 1148 520 1206 enim
553 1163 621 1204 ne
653 1163 760 1203 non
791 1147 957 1204 aliter
987 1148 1286 1221 signiﬁcari
1309 1150 1377 1206 ab
1405 1151 1489 1206 his
1515 1151 1776 1222 potuerit.
1798 1150 1853 1206 ld
1881 1167 1976 1206 au—

376 1249 511 1306 tem,
534 1239 674 1312 quod
701 1255 877 1312 grzece
907 1250 991 1296 est
1014 1242 1394 1319 ἀκατέργαστον
1418 1285 1433 1312 ,
1465 1244 1734 1315 signiﬁcat
1759 1244 1809 1299 id
1833 1243 1977 1315 quod

378 1336 497 1389 sine
531 1333 786 1405 (passive)
837 1335 1154 1404 operatione
1210 1343 1465 1390 maneat:
1499 1345 1555 1390 ut
1577 1337 1648 1392 sit
1671 1336 1722 1391 id
1751 1337 1924 1407 ipsum
1957 1377 1974 1406 ,

381 1440 506 1482 cum
534 1424 724 1480 factum
752 1433 934 1481 tamen
979 1440 1086 1482 non
1114 1426 1204 1480 sit.
1253 1425 1624 1500 Imperfectum
1673 1437 1850 1484 autem
1883 1443 1979 1482 no-

382 1517 593 1574 biscum
623 1518 674 1573 id
693 1517 1066 1584 demonstrat,
1092 1518 1235 1590 quod
1277 1528 1536 1589 coeptum,
1579 1535 1680 1575 nec
1706 1534 1982 1576 oconsum-

382 1619 583 1666 malum
605 1611 696 1666 sit.
729 1610 835 1667 Sed
866 1611 910 1688 si
936 1610 1166 1666 interius
1191 1610 1344 1667 verbi
1375 1609 1534 1680 hujus
1560 1611 1819 1667 virtutem
1852 1627 1983 1682 per-

382 1709 679 1758 tractemus
705 1744 720 1769 ,
747 1710 931 1774 potest
955 1717 1068 1758 non
1103 1702 1176 1774 (a)
1209 1718 1339 1759 sane
1368 1718 1396 1758 a
1423 1705 1718 1774 graecitatis
1739 1708 1985 1778 proprie-

2073 502 2278 563 quanta:
2298 503 2444 547 erunt
2473 492 2652 566 (Matt.
2681 509 2760 559 vi,
2793 493 2866 547 22
2893 505 2940 548 et
2969 492 3100 563 25)?
3128 493 3294 550 Extra
3327 497 3667 566 corporalem

2075 583 2482 652 intelligentiam
2517 584 2666 640 locus
2697 583 2800 638 iste
2847 593 2930 639 est
2962 601 2976 649 ;
3016 593 3070 640 et
3126 585 3328 640 idcirco
3355 586 3672 656 spiritaliter

2075 674 2456 744 intelligendus
2483 681 2586 730 est.
2646 673 2896 744 Apostoli
2929 675 3110 746 itaque
3155 676 3245 746 qui
3279 676 3539 732 Ecclesia:
3571 719 3584 742 ,
3615 677 3670 732 id

2077 775 2160 824 est
2187 808 2203 835 ,
2233 766 2432 823 Christi
2465 768 2710 838 corporis
2736 766 2875 824 oculi
2902 777 3028 823 sunt
3062 811 3076 835 ,
3134 768 3295 824 lucidi
3324 776 3378 824 et
3400 770 3675 838 simplices

2073 859 2338 930 jubentur
2366 874 2509 927 esse,
2550 874 2786 932 corpore
2817 868 2932 916 toto
2963 861 3140 916 lucido
3196 861 3280 916 his
3338 861 3673 932 simplicibus

2077 970 2366 1011 mansuro:
2391 955 2436 1010 si
2465 965 2645 1012 autem
2674 971 2903 1028 nequam
2931 954 3131 1011 fuerint
3157 998 3170 1022 ,
3199 964 3312 1011 toto
3330 971 3560 1027 corpore
3585 971 3678 1014 ne-

2078 1050 2316 1106 cessario
2339 1049 2628 1105 tenebroso
2651 1049 2831 1104 futuro
2864 1065 2879 1114 ;
2913 1049 3057 1104 nulla
3083 1048 3289 1104 scilicet
3311 1050 3553 1106 tenebris
3582 1065 3680 1120 spe

2078 1141 2299 1197 luminis
2325 1141 2536 1197 residua
2560 1181 2576 1208 ,
2629 1142 2674 1198 si
2702 1141 2884 1198 lumen
2918 1141 3091 1212 ipsum
3136 1141 3189 1196 in
3224 1142 3462 1197 tenebris
3484 1143 3572 1197 sit.
3599 1143 3678 1198 Ex

2080 1251 2208 1308 quo,
2228 1236 2430 1306 ingenti
2461 1235 2720 1306 periculo,
2751 1235 3061 1291 sacerdotes
3107 1235 3196 1305 qui
3236 1235 3494 1291 Ecclesiae
3537 1235 3680 1292 oculi

2082 1339 2230 1398 sunt,
2260 1331 2490 1402 negotiis
2511 1331 2717 1398 saeculi,
2739 1331 2884 1386 curis
2903 1330 3148 1402 pecunia:
3165 1340 3220 1384 et
3243 1331 3582 1385 familiarium
3600 1345 3684 1385 rc-

2081 1438 2201 1478 rum
2233 1423 2599 1486 incrementis,
2625 1431 2678 1477 et
2703 1422 3074 1477 conviviorum
3098 1422 3307 1478 luxibus
3324 1430 3677 1492 occupantur.

2084 1513 2344 1570 Ecclesia:
2373 1514 2515 1570 enim
2544 1517 2724 1571 lumen
2771 1523 2917 1582 sunt,
2966 1514 3166 1579 idest,
3216 1501 3458 1584 corporis
3508 1513 3676 1568 oculi.

2084 1606 2155 1661 Et
2206 1607 2251 1660 si
2278 1607 2457 1662 lumen
2499 1607 2673 1677 ipsum
2727 1609 2968 1664 avaritiae
3018 1618 3072 1663 et
3114 1607 3350 1664 lascivia:
3398 1616 3557 1664 nocte
3600 1616 3682 1664 te-

2085 1701 2405 1767 nebrescat;
2465 1702 2681 1772 corpori
2731 1701 2783 1757 id
2832 1710 2953 1767 est,
3029 1698 3111 1773 (ά)
3160 1702 3417 1757 Ecclesia:
3457 1703 3543 1757 cui
3590 1715 3687 1772 per

386 1802 494 1851 tate
515 1809 638 1850 esse
669 1795 969 1850 diversum.
1002 1795 1115 1851 Deo
1145 1803 1322 1852 autem
1365 1796 1464 1852 soli
1495 1798 1773 1870 proprium
1809 1807 1988 1869 potest
2017 1795 2066 1856 B
2094 1811 2190 1866 per
2212 1805 2458 1850 naturam
2493 1809 2644 1850 suam
2671 1796 2912 1850 tenebrae
2941 1803 3101 1860 sunt,
3125 1803 3339 1864 quanta:
3367 1795 3587 1864 insuper
3608 1802 3691 1848 te-

388 1902 532 1953 csse,
554 1897 614 1942 ut
643 1888 736 1952 sit,
759 1895 814 1942 et
835 1888 1066 1943 inlectus
1091 1888 1190 1943 sit:
1212 1888 1334 1958 quia
1363 1889 1507 1959 quod
1525 1899 1624 1955 est,
1645 1905 1750 1944 non
1774 1899 1857 1946 est
1887 1907 1982 1947 ue-

387 1979 657 2034 cessitatis
690 1987 748 2032 ut
773 1980 862 2033 fiat
885 1995 900 2045 ;
924 1977 1069 2050 quod
1099 1989 1281 2035 autem
1309 1980 1399 2044 sit,
1432 1995 1539 2034 non
1572 1989 1657 2036 est
1682 1995 1842 2051 quam
1868 1982 1980 2037 ﬁat.

385 2070 492 2128 Sed
520 2072 615 2142 qui
641 2080 880 2128 aeternus
904 2078 990 2126 est
1019 2112 1034 2137 ,
1066 2079 1285 2138 manet,
1337 2086 1512 2142 neque
1540 2071 1714 2128 factus
1738 2083 1840 2128 est.
1872 2075 1986 2131 Hoc

391 2180 522 2235 ergo
549 2163 949 2234 imperfectum,
973 2172 1060 2230 et,
1084 2173 1142 2220 ut
1191 2163 1257 2218 ad
1288 2164 1656 2236 intelligentia:
1687 2166 1986 2236 profectum

389 2256 574 2313 dicere
598 2255 910 2322 audeamus,
936 2257 1275 2326 inoperatum
1299 2256 1392 2311 Dei
1415 2257 1555 2312 oculi
1582 2255 1700 2326 ejus
1714 2258 1982 2312 viderunt.

461 2351 551 2407 35.
580 2347 948 2420 Imperfectum
981 2348 1125 2404 enim
1147 2357 1291 2403 tuum
1317 2349 1550 2404 viderunt
1576 2349 1713 2404 oculi
1739 2351 1858 2404 mei.
1884 2349 1991 2406 Sed

390 2443 483 2514 qui
501 2441 716 2497 tandem
732 2442 872 2497 oculi
891 2440 1195 2512 ‘lNumquid
1226 2441 1492 2512 spiritales
1523 2441 1734 2514 (divini)
1755 2442 1853 2509 illi,
1873 2442 1995 2514 qui-

393 2535 497 2592 bus
517 2535 684 2592 Deum
710 2535 922 2591 Patrem
941 2534 1088 2589 solus
1106 2534 1426 2605 Unigenitus
1440 2534 1622 2590 videt?
1645 2533 1751 2590 Sed
1779 2533 1866 2590 isti
1887 2549 1994 2590 non

396 2638 558 2702 egent
610 2628 696 2684 his
724 2644 846 2700 qua:
884 2636 1226 2700 sequuntur:
1268 2628 1334 2683 Et
1373 2629 1429 2682 in
1452 2628 1603 2695 libro,
1644 2628 1857 2698 inquit,
1909 2637 1997 2682 tuo

395 2725 903 2790 omnes-scribentur,
933 2725 1017 2780 die
1039 2724 1394 2795 replebuntur,
1424 2733 1471 2779 et
1493 2739 1638 2779 nemo
1661 2723 1715 2778 in
1740 2725 1841 2777 his.
1867 2721 1999 2777 Pro-

396 2819 597 2876 fectum
629 2817 1031 2875 indemutabilis
1059 2817 1152 2873 illa
1192 2817 1454 2889 unigeniti
1511 2817 1608 2873 Dei
1663 2824 1853 2873 natura
1882 2831 1996 2871 non

399 2916 618 2985 expetit.
655 2911 725 2968 Et
771 2912 864 2984 qui
897 2911 1113 2968 tandem
1166 2912 1215 2967 ei
1237 2912 1341 2966 erit
1369 2911 1640 2981 profectus
1674 2951 1688 2977 ,
1732 2917 1793 2965 ut
1811 2922 2001 2965 omnes

401 3010 542 3066 oculi
571 3007 688 3078 ejus
711 3006 763 3061 in
787 3006 924 3063 libro
953 3005 1277 3069 scribantur,
1307 3014 1361 3062 et
1382 3005 1469 3060 die
1491 2997 1827 3075 repleantur,
1853 3014 1912 3058 ut
1947 3004 2000 3058 in

2087 1889 2271 1944 nebra:
2300 1887 2368 1943 de
2392 1887 2643 1959 exemplo
2670 1887 2945 1944 tenebrosi
2976 1887 3196 1942 luminis
3225 1887 3548 1942 invehentur
3574 1887 3597 1939 ?
3626 1886 3692 1941 Hi

2085 1999 2216 2054 ergo
2233 1983 2374 2039 oculi
2387 1982 2506 2054 ejus
2521 1981 2894 2054 imperfectum
2913 1981 3006 2036 Dei
3025 1980 3292 2036 viderunt.
3313 1979 3688 2050 Imperfectum

2089 2085 2268 2134 autem
2299 2077 2394 2132 Dei
2425 2075 2679 2143 diximus,
2699 2074 2844 2145 quod
2875 2073 3074 2130 factum
3100 2089 3205 2129 non
3228 2074 3320 2139 sit,
3354 2081 3410 2129 et
3431 2081 3684 2129 maneat:

2091 2173 2144 2228 in
2184 2187 2292 2244 quo
2321 2169 2597 2227 mternitas
2621 2170 2830 2226 inlecta:
2857 2169 3152 2226 divinitatis
3182 2167 3507 2225 ostenditur.

2163 2275 2256 2331 '55.
2289 2273 2524 2343 Apostoli
2556 2270 2766 2328 Patrem
2785 2272 3020 2326 uiderunt
3041 2271 3092 2326 in
3122 2269 3280 2326 Filio.
3332 2271 3456 2326 Non
3483 2287 3573 2341 per
3602 2291 3694 2328 na-

2095 2375 2248 2434 turte,
2289 2367 2378 2422 sed
2409 2383 2499 2436 per
2519 2381 2731 2434 operum
2763 2364 3260 2436 contemplationem.
3291 2393 3361 2404 —-
3385 2364 3490 2420 Sed
3522 2365 3698 2420 audax

2097 2457 2238 2514 forte
2265 2466 2370 2521 est.
2389 2458 2464 2530 (e)
2491 2466 2552 2513 ut
2581 2457 2960 2512 ininitiabilem
2992 2457 3136 2511 illam
3154 2456 3250 2512 Dei
3281 2456 3453 2526 patris
3483 2456 3700 2513 mterni-

2099 2555 2263 2604 tatem
2287 2548 2458 2604 visam
2490 2548 2559 2602 ab
2583 2548 2843 2618 apostolis
2895 2560 3202 2603 asseramus
3231 2565 3245 2614 ;
3293 2548 3534 2604 maxime
3576 2562 3699 2602 cum

2099 2639 2302 2696 dictum
2334 2641 2447 2705 sit,
2478 2640 2646 2696 Deum
2703 2654 2863 2694 nemo
2914 2639 3046 2693 vidit
3095 2653 3329 2709 unquam
3363 2681 3379 2706 ,
3433 2639 3536 2694 nisi
3583 2639 3706 2693 uni-

2101 2732 2314 2804 genitus
2340 2731 2510 2788 Filius
2533 2732 2622 2802 qui
2664 2739 2748 2787 est
2781 2732 2833 2786 in
2858 2731 2978 2786 sinu
3007 2730 3200 2785 PatriS‘
3227 2729 3444 2798 (Joann.
3481 2745 3499 2786 ι
3526 2774 3542 2797 ,
3583 2730 3698 2801 18).

2105 2827 2213 2884 Sed
2236 2827 2370 2882 nihil
2397 2834 2641 2881 nostrum
2663 2824 2914 2890 dicimus,
2942 2823 3077 2879 nihil
3108 2823 3278 2879 audax
3308 2825 3664 2892 przedicamus
3687 2839 3704 2892 ;

2105 2918 2249 2975 dicat
2274 2919 2366 2974 ille
2391 2918 2482 2990 qui
2513 2917 2697 2973 dixit:
2759 2918 2858 2983 Qui
2890 2933 2970 2970 me
3015 2916 3138 2970 vidit
3163 2956 3179 2980 ,
3227 2915 3354 2970 vidit
3397 2926 3446 2970 et
3494 2915 3703 2970 Patrem

2107 3010 2321 3080 (Joann.
2354 3026 2441 3064 xiv
2471 3051 2484 3075 ,
2511 3007 2612 3081 9),”
2638 3023 2744 3064 non
2776 3009 2948 3079 ipsum
2998 3023 3058 3063 se
3086 3008 3300 3063 Patrem
3343 3022 3466 3063 esse
3500 3008 3706 3078 signiﬁ-

402 3102 489 3158 his
514 3116 674 3158 nemo
713 3100 836 3156 sit?
888 3099 1002 3157 Hoc
1031 3106 1203 3155 totum
1245 3098 1696 3155 contumeliosum
1746 3105 1803 3153 et
1831 3097 2004 3169 impu-
2107 3118 2258 3160 cans.
2277 3103 2394 3158 Non
2416 3103 2560 3158 enim
2587 3102 2798 3172 roganti
2826 3100 3077 3171 Philippo
3093 3109 3148 3155 ut
3171 3101 3270 3156 sibi
3291 3100 3504 3156 Patrem
3525 3109 3709 3156 osten-

405 3195 543 3252 dens
569 3200 656 3250 est
675 3193 908 3263 epinari.

479 3289 566 3343 δι.
614 3285 765 3342 Oculi
793 3286 1026 3357 corporis
1075 3285 1288 3352 Christi,
1327 3285 1551 3358 apostoli
1601 3295 1648 3341 et
1695 3283 2003 3340 sacerdotes.

411 3379 604 3436 Contra
648 3379 768 3434 illos
818 3379 907 3450 qui
932 3378 1150 3450 negotiis
1198 3378 1377 3433 διεθηιὶ
1403 3386 1740 3448 occupantur.
1786 3405 1856 3418 —-
1899 3374 2007 3431 Sed

412 3471 866 3547 quemadmodum
897 3470 1010 3526 ossi
1037 3471 1176 3541 ejus,
1204 3470 1254 3525 in
1279 3484 1387 3541 quo
1413 3469 1669 3525 Ecclesiae
1695 3483 1896 3539 corpus
1916 3482 2009 3523 os-

416 3565 674 3632 tenditur,
723 3579 844 3635 qua:
880 3563 1089 3619 occulta
1133 3571 1287 3618 erant
1319 3576 1425 3617 non
1447 3561 1710 3617 occultata
1735 3569 1861 3616 sunt
1889 3576 1904 3626 ;
1938 3561 2010 3616 ita

415 3659 556 3717 oculi
611 3660 729 3728 ejus
759 3657 863 3713 hoc
903 3655 1045 3727 quod
1069 3655 1447 3725 imperfectum
1501 3655 1598 3710 Dei
1626 3664 1710 3710 est
1738 3654 2009 3709 viderunt.

418 3754 493 3809 Os
515 3763 693 3808 autem
716 3751 782 3806 ad
813 3749 1110 3806 Ecclesiam
1137 3749 1348 3816 referri,
1369 3764 1488 3819 quae
1507 3763 1704 3817 corpus
1729 3755 1813 3802 est
1831 3746 2012 3802 Chris-

421 3846 466 3901 ti
499 3887 515 3912 ,
542 3845 799 3915 superius
820 3841 1220 3898 admonuimus.
1252 3840 1309 3896 ln
1337 3855 1564 3910 corpore
1577 3855 1707 3894 vero
1733 3836 1809 3909 (li)
1830 3837 2018 3892 oculos

424 3935 732 4010 principalis
776 3949 898 3992 esse
935 3934 1097 3990 ofﬁcii
1146 3948 1211 3988 ac
1252 3931 1465 3988 virtutis
1498 3974 1514 3999 ,
1543 3933 1744 3989 nemini
1796 3931 2018 3987 dubium

425 4039 531 4087 est.
584 4029 649 4084 Et
692 4028 816 4100 quia
847 4026 990 4082 oculi
1040 4026 1280 4098 potiores
1309 4026 1520 4081 ueteris
1552 4023 1810 4080 membris
1854 4033 2019 4090 sunt,

428 4123 484 4179 in
518 4121 602 4177 bis
641 4121 920 4192 apostolos
969 4118 1259 4190 signiﬁcari
1304 4134 1410 4174 non
1464 4117 1841 4188 ambigendum
1888 4121 2021 4173 est:

431 4228 528 4286 per
554 4228 690 4285 quos
716 4212 899 4268 lumen
943 4210 1201 4268 Ecclesia:
1253 4210 1325 4283 (ε)
1368 4219 1424 4266 et
1471 4211 1802 4282 operationis
1846 4210 2027 4265 divina

431 4307 690 4379 mysteria
745 4304 1074 4375 praebentur.
1127 4303 1283 4373 Quod
1322 4304 1486 4377 578
1547 4304 1806 4360 Dominus
1858 4305 2030 4359 mani-

433 4399 642 4456 festein
669 4397 976 4468 Evangeliis
1003 4396 1260 4452 ostendit.
1318 4396 1561 4467 Namque
1588 4412 1712 4452 eum
1748 4396 2031 4465 apostolos

2033 3180 2079 3245 C
2111 3195 2301 3262 deret,
2335 3192 2776 3265 responditzEgo
2803 3193 2962 3248 Pater
2983 3207 3102 3247 sum
3136 3209 3150 3258 ;
3182 3192 3274 3248 sed
3306 3193 3418 3248 ait:
3463 3191 3709 3258 Quividit

2111 3305 2210 3354 me,
2243 3288 2368 3342 vidit
2389 3295 2438 3342 et
2459 3286 2688 3340 Patrem.
2711 3285 2817 3341 Per
2843 3284 3198 3342 indifferentis
3225 3293 3431 3342 naturae
3457 3287 3711 3343 virtutem

2113 3393 2259 3445 eum,
2284 3377 2352 3432 de
2379 3392 2488 3449 quo
2513 3375 2858 3447 qumrebatur
2885 3418 2899 3442 ,
2928 3376 3142 3432 Patrem
3162 3377 3400 3446 conSpici
3432 3386 3485 3432 et
3509 3379 3560 3432 in
3591 3394 3714 3435 sese

2116 3470 2187 3544 (ι’)
2229 3486 2350 3527 esse
2378 3473 2658 3543 respondit
2687 3491 2700 3527 :
2752 3482 2807 3528 et
2835 3473 2886 3526 id
2914 3472 3090 3527 adhuc
3117 3473 3420 3528 absolutius
3441 3474 3712 3544 subjecit:

2120 3565 2388 3632 Quomodo
2417 3575 2471 3620 tu
2499 3567 2628 3621 dicis
2663 3607 2677 3631 ,
2714 3565 2937 3620 Ostende
2973 3565 3117 3621 nobis
3147 3564 3363 3619 Patrem
3391 3565 3418 3618 .9
3449 3565 3571 3620 Non
3597 3583 3713 3622 cre-

2119 3657 2199 3710 dis
2228 3657 2352 3709 mihi
2385 3698 2402 3722 ,
2452 3657 2695 3727 quoniam
2724 3672 2816 3727 ego
2845 3657 2898 3710 in
2923 3655 3082 3711 Patre
3132 3665 3182 3711 et
3215 3656 3370 3710 Pater
3397 3656 3451 3711 in
3480 3674 3560 3712 me
3585 3667 3659 3714 est
3686 3659 3713 3712 .9

2127 3747 2326 3815 Verba,
2374 3764 2489 3818 qua:
2515 3765 2608 3820 ego
2655 3749 2836 3819 loquor
2862 3749 3002 3803 vobis
3021 3788 3039 3814 ,
3068 3765 3170 3803 non
3188 3766 3221 3803 a
3248 3765 3328 3804 me
3353 3750 3532 3821 loquor
3563 3766 3584 3806 :
3627 3751 3718 3806 sed

2125 3843 2284 3899 Pater
2309 3887 2324 3912 ,
2356 3844 2445 3910 qui
2474 3844 2528 3898 in
2552 3859 2632 3898 me
2655 3851 2825 3898 manet
2853 3887 2868 3910 ,
2903 3843 3014 3913 ipse
3035 3843 3157 3913 facit
3190 3859 3343 3916 opera
3367 3860 3484 3899 sua.
3513 3845 3717 3900 Credite

2125 3939 2252 3993 mihi
2273 3938 2512 4011 quoniam
2543 3953 2637 4009 ego
2668 3939 2720 3990 in
2760 3934 2918 3989 Patre
2947 3945 2994 3989 et
3017 3934 3175 3990 Pater
3194 3937 3249 3990 in
3275 3953 3374 3991 me.
3402 3937 3497 3994 Sin
3529 3949 3722 4007 autem,

2127 4033 2205 4089 vel
2225 4042 2432 4104 prapter
2455 4047 2610 4104 Opera
2625 4029 2816 4084 credite
2833 4027 3050 4099 (loann.
3073 4043 3184 4090 xw,
3209 4027 3241 4082 9
3263 4036 3310 4081 et
3322 4029 3508 4100 seqq)
3533 4031 3728 4101 Arguit;

2130 4141 2239 4181 non
2273 4124 2663 4194 intelligentem
2692 4129 2744 4175 et
2788 4119 2964 4173 adhuc
2987 4118 3055 4174 de
3089 4118 3247 4174 Patre
3272 4128 3628 4189 quaerentem,
3673 4129 3730 4177 et:

2131 4235 2230 4290 per
2257 4233 2484 4289 operum
2511 4214 2856 4271 efﬁcientiam
2875 4213 3129 4268 virtutem
3161 4212 3406 4268 Patrisin
3435 4214 3729 4286 Unigenito

2134 4327 2240 4368 non
2264 4307 2827 4372 contuent_em.blanet
2854 4306 2997 4361 enim
3023 4306 3339 4378 (addendum
3368 4308 3451 4362 hic
3480 4350 3496 4375 ,
3530 4309 3584 4364 in
3615 4311 3730 4384 eo.)

2138 4403 2316 4458 Pater.
2343 4401 2443 4456 Est
2484 4415 2717 4469 namque
2761 4399 2974 4470 genitus
3026 4413 3092 4453 ex
3131 4412 3198 4453 eo
3227 4437 3242 4460 ,
3290 4413 3398 4453 non
3445 4407 3531 4454 est
3561 4399 3614 4454 in
3663 4415 3735 4456 eo

437 4493 516 4547 sal
559 4500 740 4559 ιθιτω,
774 4491 957 4546 lumen
984 4489 1192 4556 mundi,
1223 4496 1280 4546 ει
1305 4489 1578 4545 lucernam
1607 4488 1798 4544 domus
1828 4488 1880 4543 in
1909 4502 2037 4543 catl-
2140 4511 2294 4551 nova:
2323 4493 2618 4550 creationis
2639 4491 2814 4546 aliena
2843 4499 3056 4545 natura.
3086 4489 3300 4547 Virtute
3325 4492 3466 4548 ﬁlius
3494 4503 3579 4549 est
3603 4536 3617 4560 ,
3648 4493 3738 4548 di-

439 4586 662 4643 delabro
706 4586 776 4640 ob
814 4584 1026 4656 egregia
1073 4593 1129 4639 et
1155 4583 1540 4654 conspicabilia
1597 4581 1698 4654 (ad
1749 4597 2035 4652 compara-
2058 4575 2114 4637 D
2138 4586 2365 4641 vinitate
2394 4584 2538 4639 ﬁlius
2565 4591 2682 4649 est,
2701 4581 3001 4638 substantia
3021 4581 3185 4653 579
3204 4581 3346 4637 ﬁlius
3373 4593 3478 4649 est,
3503 4599 3736 4656 genera-

441 4679 602 4735 tionis
656 4676 984 4749 exemplum)
1039 4674 1162 4732 ﬁdei
1234 4691 1346 4732 sua:
1397 4691 1560 4746 opera
1631 4684 2036 4745 nuncupasset;
2147 4679 2292 4734 tione
2321 4676 2461 4731 ﬁlius
2480 4683 2582 4731 est.
2635 4675 2810 4746 Opera
2844 4682 3131 4738 testantur,
3177 4682 3470 4742 potestates
3513 4677 3744 4748 loquun-

447 4785 665 4828 rursum
687 4784 888 4825 vocans
933 4783 1028 4824 eos
1053 4783 1083 4823 a
1114 4769 1344 4824 terrenis
1381 4778 1436 4823 et
1455 4768 1898 4838 corruptibilibus
1923 4767 2042 4824 the-
2148 4781 2234 4828 tur
2259 4813 2272 4836 ,
2298 4785 2395 4841 per
2421 4778 2626 4824 natura:
2656 4766 2968 4839 progeniem
3001 4766 3053 4820 in
3083 4765 3196 4820 ﬁlio
3221 4765 3435 4822 Patrem
3467 4783 3590 4826 esse
3617 4811 3634 4836 ,
3687 4778 3744 4826 et

449 4866 624 4921 sauris
647 4864 937 4921 etasmculi
961 4861 1147 4928 lucris,
1172 4861 1490 4918 esseoculos
1511 4862 1757 4932 corporis
1777 4861 1918 4916 dixit
1939 4862 2042 4916 ita:
2149 4879 2247 4936 per
2273 4863 2530 4934 legitima:
2582 4860 2807 4930 originis
2837 4858 3196 4914 substantiam
3251 4858 3444 4915 Filium
3477 4861 3529 4916 in
3575 4862 3737 4920 Patre

453 4957 691 5014 Lucerna
713 4958 940 5031 corporis
964 4957 1042 5011 tui
1060 4967 1129 5011 est
1147 4956 1324 5010 oculus
1339 4965 1476 5010 tuus.
1498 4954 1557 5011 Si
1583 4956 1763 5011 oculus
1790 4956 2047 5010 tuussim-
2154 4969 2294 5012 esse.
2318 4955 2435 5010 Non
2465 4953 2717 5008 dissentit
2741 4951 2857 5006 ha:c
2885 4951 2962 5024 (g)
2985 4949 3054 5005 ab
3085 4949 3324 5020 ingenito
3369 4961 3490 5008 nata
3521 4969 3748 5025 genero.

454 5053 574 5124 plen:
597 5059 694 5115 est,
714 5060 871 5104 totum
893 5066 1076 5121 corpus
1093 5059 1236 5104 tuum
1260 5048 1356 5102 erit
1379 5047 1604 5101 lucidum
1632 5064 1650 5101 :
1673 5049 1717 5102 si
1739 5057 1907 5102 autem
1929 5063 2052 5102 ocu-
2154 5051 2288 5105 sitas
2329 5066 2344 5104 :
2403 5062 2567 5103 unum
2594 5044 2754 5106 ambo
2784 5053 2930 5100 sunt.
2961 5043 3120 5098 Pater
3150 5042 3362 5100 videtur
3393 5045 3445 5101 in
3477 5047 3618 5105 Filio
3650 5067 3663 5102 :
3697 5057 3754 5106 et

456 5145 540 5199 lus
565 5151 1020 5214 tuusnequantest,
1039 5151 1198 5197 totum
1215 5156 1401 5211 corpus
1432 5149 1574 5194 tuum
1595 5139 1913 5196 tenebrosum
1936 5139 2050 5195 erit.
2156 5139 2371 5195 videtur
2421 5151 2528 5194 non
2580 5151 2675 5208 per
2725 5133 3008 5190 invisibilis
3063 5133 3221 5190 nobis
3261 5143 3468 5193 natura:
3509 5147 3756 5196 contem-

2155 5284 2370 5341 czcteris
2391 5298 2524 5340 vero
2571 5281 2832 5338 membris
2864 5279 3141 5346 tenebrae;
3202 5281 3275 5337 ita
3321 5284 3449 5340 etin
3473 5285 3752 5344 Ecclesia:

2157 5371 2279 5427 qua:
2301 5356 2434 5410 alias
2462 5368 2586 5410 cum
2613 5354 2792 5427 capite
2817 5360 2872 5406 et
2904 5351 3176 5427 membris
3189 5365 3425 5427 spectata
3461 5371 3557 5427 per
3594 5370 3754 5412 natu-

2155 5423 2272 5484 ram
2300 5440 2450 5481 suam
2479 5440 2583 5480 non
2607 5425 2912 5489 tenebrosa,
2941 5423 3037 5478 sed
3056 5423 3502 5480 valde'luminos'a
3529 5425 3761 5485 dicenda

2161 5508 2271 5555 εει.

2252 5568 2299 5642 e)
2323 5565 2507 5642 Editi,_
2531 5574 2586 5619 ut
2606 5565 2853 5620 initialem
2883 5566 3030 5621 illam
3057 5584 3071 5621 :
3095 5565 3449 5642 emendantur
3476 5581 3541 5622 ex
3570 5581 3673 5623 ms.
3741 5579 3763 5628 ἡ

546 5640 624 5710 (d)
645 5640 887 5696 Ecclesia:
910 5641 1171 5697 vocabulo
1189 5640 1278 5697 hic
1296 5655 1490 5712 corpus
1521 5641 1836 5712 intelligitur
1879 5651 1936 5698 ut
1966 5656 2053 5698 se-
2231 5637 2298 5712 (Γ)
2322 5637 2635 5712 Adjecimus
2661 5653 2768 5712 esse
2797 5653 2898 5693 ms.
2930 5638 3269 5712 auctoritate.

471 5706 677 5768 erctum
701 5727 732 5765 a
757 5717 952 5784 capite,
979 5727 1044 5768 ac
1074 5717 1373 5783 praesertim
1394 5706 1464 5770 ab
1485 5714 1675 5772 oculis.
1695 5706 1799 5769 Ἀθ
1837 5714 1977 5769 sicut
1997 5713 2051 5769 in
2232 5706 2309 5784 (ᾖ)
2333 5710 2390 5784 in
2411 5706 2663 5779 vulgatis,
2692 5707 2754 5763 ab
2774 5709 3044 5781 unigenito
3073 5723 3092 5762 .·
3117 5722 3279 5779 grave
3307 5706 3588 5778 mendum,
3617 5709 3760 5784 quod

477 5797 704 5855 corpore
727 5781 914 5842 nostro
939 5799 1037 5854 per
1059 5781 1306 5839 naturam
1328 5785 1457 5842 solis
1483 5785 1652 5842 oculis
1679 5785 1859 5842 lumen
1881 5784 2045 5854 inest,
2147 5781 2436 5854 corrigitur
2455 5795 2557 5852 ope
2587 5795 2690 5837 ms.

878 5881 1154 5944 Pauor.
1197 5878 1293 5942 IX

530 5284 608 5356 (a)
632 5283 730 5340 Ms.
753 5285 877 5342 Mic.
902 5301 1005 5339 non
1028 5285 1152 5340 satis
1179 5284 1452 5356 grazcitatis
1481 5283 1812 5356 proprietate.

533 5286 584 5355 (a
632 5284 730 5340 Ms.
753 5285 877 5342 Mic.
902 5301 1005 5339 non
1028 5285 1152 5340 satis
1179 5284 1452 5356 grazcitatis
1519 5284 1812 5355 roprietate.

533 5284 610 5428 (bi
641 5356 817 5411 Prima
845 5357 1163 5428 editiol’ar.
1187 5372 1310 5411 cum
1345 5372 1448 5428 ms.
1478 5303 1598 5411 idle.
1652 5359 1835 5412 oculis.
1891 5357 2047 5414 Antio

464 5427 719 5499 quiores.
747 5428 972 5499 oculum.
1010 5427 1274 5482 Malumus
1300 5427 1474 5499 oculos
1497 5443 1618 5483 cum
1651 5439 1942 5496 postrema.

503 5570 516 5582 .
539 5497 613 5570 (ε)
647 5497 746 5582 bis.
770 5498 895 5582 Mic.
917 5499 984 5554 ad
1013 5499 1337 5570 operationis.
1361 5497 1524 5555 Forte
1554 5515 1614 5553 ac
1642 5500 1955 5570 Operationis
1972 5500 2053 5554 di-

468 5579 587 5626 vina
613 5579 910 5625 ministeria.
