4134 6184
467 263 568 326 811
1651 253 1896 315 SANCTI
1928 251 2182 314 HILAMI
2221 248 2532 316 EPISCOPI
2589 276 2594 278 ·
3665 252 3775 313 ειε

469 377 788 448 plationem,
815 375 909 432 sed
927 385 1022 445 per
1041 384 1266 444 operum
1290 368 1721 427 admirationem.
1771 371 1895 426 Filii
1919 372 2063 426 enim
2091 375 2140 432 Α
2170 372 2325 445 hujus
2352 372 2530 426 mundi
2541 369 2830 442 accepistis,
2845 370 2936 426 sed
2949 369 3203 442 Spiritum
3215 367 3304 441 qui
3324 385 3356 424 a
3370 366 3480 426 Deo
3499 377 3572 425 est
3593 369 3638 444 (l
3650 369 3770 426 Cor.

473 487 660 543 opera,
693 485 854 538 Opera
898 467 1074 522 Patris
1101 476 1250 532 sunt,
1275 480 1381 521 non
1412 465 1684 520 imbecillo
1706 465 1770 519 ad
1791 465 2072 520 efﬁcienda
2177 479 2237 531 tt,
2271 464 2381 535 12).
2408 463 2590 532 Neque
2606 463 2698 534 qui
2723 464 2925 518 mundo
2951 475 3196 519 mortuus
3209 471 3312 528 est,
3330 463 3462 516 vivit
3489 463 3612 525 sibi,
3639 464 3782 517 sicut

476 581 540 622 ea
566 564 723 627 Filio,
747 560 821 632 (a)
840 575 1012 629 neque
1041 558 1260 615 diverso
1292 558 1492 613 virtute
1521 565 1729 612 natura:
1757 575 1770 612 :
1795 559 1889 612 sed
1916 558 1969 612 id
1989 557 2076 611 Fi-
2177 556 2470 625 Apostolus
2497 555 2657 610 docet
2685 573 2698 611 :
2735 555 2858 610 Viuo
2879 555 3015 610 enim
3033 556 3147 625 jam
3169 569 3271 609 non
3301 571 3392 626 ego
3419 597 3432 620 ,
3466 555 3587 608 vivit
3607 564 3781 608 autem

476 661 551 717 lio
573 658 862 722 efﬁciente,
879 655 1139 727 quidquid
1161 655 1204 710 is
1224 669 1379 724 aquo
1401 654 1513 724 ipse
1534 653 1839 724 estgenitus
1855 652 2075 708 efﬁciat.
2177 649 2234 702 in
2262 664 2344 703 me
2389 648 2626 704 Christus
2679 647 2821 720 (Gal.
2847 665 2882 703 ιι
2916 691 2930 715 ,
2961 648 3078 721 20).
3131 648 3231 716 Qui
3257 648 3346 704 die
3391 648 3627 719 repletus
3657 656 3778 714 est,

479 756 656 823 Atque
683 751 803 808 ideo
825 765 921 821 per
951 749 1004 804 id
1037 791 1052 815 ,
1103 748 1250 818 quod
1275 749 1330 803 in
1353 749 1633 816 majestate
1660 761 1882 816 operum
1911 746 2080 802 Filius
2179 740 2325 796 diem
2356 749 2565 796 tantum
2595 742 2647 796 in
2677 755 2738 797 se
2762 741 2961 808 habet,
3008 750 3064 797 et
3091 740 3214 796 ideo
3245 741 3320 796 ait
3347 757 3358 794 :
3389 739 3491 794 Dic
3514 739 3789 812 repleban-

479 843 914 912 contemplabilis
935 850 1018 898 est
1040 883 1054 906 ,
1089 841 1246 896 Pater
1267 854 1483 910 quoque
1510 839 1721 894 videtur
1749 839 1802 892 in
1839 837 1998 893 Filio.
2182 840 2290 898 tur,
2319 841 2366 886 et
2387 848 2533 887 mmo
2549 833 2608 887 in
2754 831 2920 888 Nemo
2943 831 2999 887 in
3023 830 3108 887 his
3130 832 3232 886 erit
3257 840 3456 902 praeter
3482 831 3652 897 diem,
3677 844 3788 901 quo

554 935 644 992 36.
670 934 823 990 Liber
844 934 940 988 Dei
966 942 1211 989 memoria
1238 941 1453 988 teter-na.
1484 930 1553 986 In
1583 932 1717 986 libro
1746 929 1844 985 Dei
1871 940 2081 1001 praestat
2183 926 2377 996 repleti
2397 935 2560 982 sunt:
2590 941 2698 981 non
2721 926 2961 997 pecuniae
2982 936 3166 991 aestus,
3192 939 3298 980 non
3327 925 3661 996 voluptatum
3686 924 3788 979 sti-

483 1028 660 1091 scribi,
688 1043 840 1097 quam
869 1027 922 1080 in
953 1026 1084 1080 libro
1114 1025 1411 1078 viventium.
1440 1049 1512 1065 -—
1555 1023 1649 1078 llis
1685 1035 1820 1093 ergo
1852 1022 2024 1078 oculis
2063 1067 2079 1093 ,

483 1123 575 1194 qui
605 1121 970 1177 aeternitatem
1003 1118 1056 1174 in
1079 1117 1218 1173 Filio
1237 1127 1477 1188 paternae
1499 1115 1720 1172 virtutis
1736 1125 2083 1182 centuentur,

484 1213 540 1268 id
579 1223 681 1281 est,
708 1212 966 1283 apostolis
988 1211 1042 1266 id
1074 1221 1346 1282 precatur,
1375 1223 1432 1265 ut
1457 1211 1508 1264 in
1542 1210 1635 1264 Dei
1682 1209 1820 1264 libro
1847 1209 2088 1265 scriban-

488 1318 577 1363 tur
609 1349 624 1373 ,
669 1316 924 1361 maneant
962 1306 1171 1360 scilicet
1200 1306 1252 1359 in
1287 1305 1606 1359 memoriam
1638 1310 1897 1358 (uernam
1925 1344 1940 1368 ,
1988 1317 2085 1372 pro

486 1401 682 1472 quibus
728 1399 820 1453 tali
841 1412 1003 1468 prece
1025 1398 1076 1451 in
1107 1397 1411 1467 Evangeliis
1440 1397 1620 1450 oravit
1655 1413 1668 1448 :
1718 1394 1896 1460 Pater,
1923 1395 2092 1448 maui-

491 1493 673 1563 festavi
725 1507 909 1546 nomen
964 1489 1425 1570 tuumohominibus
1455 1529 1470 1555 ,
1500 1504 1628 1554 quas
1650 1488 1838 1541 dedisti
1877 1487 2006 1540 mihi
2031 1486 2094 1540 de

491 1585 681 1640 swculo
697 1601 717 1650 ;
747 1584 821 1637 tui
851 1591 1035 1648 erant,
1065 1591 1112 1636 et
1143 1582 1266 1634 mihi
1297 1597 1380 1635 eos
1407 1581 1615 1646 dedisti,
1646 1589 1696 1634 et
1716 1579 1921 1634 verbum
1949 1589 2093 1634 tuum

491 1686 838 1734 servaverunt.
897 1675 1054 1729 Nunc
1076 1683 1424 1745 cognoverunt
1448 1675 1688 1745 quoniam
1717 1674 1892 1728 munia
1921 1715 1936 1740 ,
1980 1688 2096 1743 qua:

2186 1019 2383 1084 mulus,
2403 1034 2510 1074 non
2528 1019 2840 1074 ambitionis
2851 1018 3034 1086 ardor,
3053 1034 3161 1073 non
3185 1018 3432 1074 odiorum
3450 1017 3788 1088 malignitas,

2188 1127 2294 1166 non
2321 1111 2540 1165 invidiae
2564 1111 2804 1179 aculeus,
2834 1127 2941 1166 non
2957 1111 3328 1165 conviciorum
3363 1109 3536 1175 furor,
3556 1125 3662 1165 non
3693 1125 3786 1165 su-

2191 1203 2392 1272 perbiae
2437 1204 2697 1268 amentia,
2731 1218 2838 1258 non
2867 1215 3062 1259 cetera
3090 1217 3210 1272 qua:
3239 1202 3435 1258 diaboli
3470 1214 3597 1256 sunt
3640 1217 3793 1257 arma

2190 1307 2352 1366 atque
2377 1296 2625 1362 virtutes,
2659 1298 2753 1352 sed
2771 1296 2861 1351 lux
2883 1309 3033 1363 vera,
3053 1297 3144 1351 sed
3168 1296 3286 1351 dies
3315 1296 3425 1350 sola
3458 1312 3562 1367 qua
3597 1295 3794 1366 repleti

2192 1400 2349 1457 sunt;
2371 1402 2692 1447 exterarum
2719 1405 2934 1462 quoque
2950 1391 3059 1461 jam
3083 1406 3262 1446 rerum
3294 1389 3468 1446 effecti
3493 1399 3619 1445 sunt
3643 1391 3797 1446 inca-

2196 1497 2376 1554 paees.
2406 1483 2475 1538 Et
2499 1483 2719 1555 dignum
2751 1485 2912 1554 plane
2935 1485 3025 1552 iii,
3061 1485 3150 1554 qui
3183 1484 3294 1539 sola
3331 1483 3423 1540 die
3455 1485 3596 1556 pleni
3626 1494 3752 1541 sunt
3781 1525 3797 1551 ,

2195 1576 2566 1631 testimonium
2592 1585 2831 1632 sumunt.

2261 1668 2358 1725 58.
2381 1667 2573 1734 Nimis,
2595 1669 2650 1722 id
2669 1679 2760 1734 est,
2781 1667 2960 1724 vaMe.
2976 1669 3142 1723 Amici
3162 1667 3280 1735 Dei,
3298 1669 3555 1724 Abraham
3577 1678 3623 1723 et
3646 1667 3807 1741 Moy-

494 1769 683 1825 dedisti
707 1769 832 1822 mihi
857 1809 872 1831 ,
898 1767 1015 1821 dedi
1045 1768 1142 1831 eis,
1174 1776 1221 1819 et
1268 1767 1369 1836 ipsi
1397 1775 1699 1836 acceperunt
1727 1807 1742 1832 ,
1795 1775 1843 1819 et
1867 1766 2095 1820 scierunt
2117 1766 2170 1828 Β
2195 1778 2296 1830 ses,
2315 1764 2524 1833 praprie
2541 1760 2736 1818 Christi
2762 1763 3020 1832 discipuli.
3050 1761 3380 1834 Princi‘patus
3405 1781 3678 1818 eorum.—
3707 1762 3812 1819 Se-

493 1881 608 1919 vere
637 1863 877 1933 quoniam
906 1879 938 1914 a
968 1871 1014 1915 te
1040 1859 1229 1928 proelii,
1254 1868 1301 1914 et
1328 1859 1654 1913 crediderunt
1667 1861 1788 1928 quia
1808 1867 1867 1912 tu
1895 1876 1974 1913 me
2001 1859 2095 1912 mi-

494 1958 630 2013 sisti.
656 1953 771 2027 Ego
801 1970 897 2024 pro
920 1954 998 2008 his
1021 1969 1146 2023 rogo
1179 1968 1198 2017 ;
1230 1969 1330 2006 non
1362 1968 1459 2022 pro
1475 1953 1660 2008 sceculo
1687 1969 1813 2023 rogo
1837 1993 1853 2018 ,
1875 1951 1974 2007 sed
2001 1969 2096 2023 pro

497 2051 576 2102 his
598 2065 723 2116 quos
745 2047 930 2102 dedisti
959 2046 1086 2099 mihi
1110 2044 1289 2116 (Joan.
1306 2045 1480 2112 xvu,6
1495 2055 1539 2099 et
1561 2043 1746 2116 seqq.).
1781 2046 1884 2100 Pro
1913 2047 1997 2102 his
2012 2061 2098 2126 er-

495 2157 565 2212 go
588 2153 706 2196 orat
749 2141 875 2194 utin
903 2139 1044 2193 libro
1077 2138 1169 2194 Dei
1197 2137 1521 2193 scribantur.
1556 2139 1622 2192 Et
1643 2140 1796 2208 siqui
1817 2137 1967 2194 forte
1990 2153 2100 2192 am-

497 2231 685 2305 bigan’t
708 2248 806 2287 cur
827 2249 934 2288 non
960 2232 1012 2285 in
1046 2231 1185 2287 libro
1225 2231 1518 2286 viventium
1545 2233 1733 2302 scripti
1767 2241 1923 2300 sunt,
1960 2231 2090 2286 mihi

486 2324 724 2394 ‘majoris
763 2322 1041 2393 dignitatis
1073 2322 1283 2376 videtur
1316 2337 1438 2377 esse
1467 2321 1520 2375 in
1566 2323 1703 2378 libro
1733 2323 1830 2380 Dei
1883 2323 2046 2379 scrihi
2083 2339 2100 2389 ;

500 2417 624 2488 quia
653 2425 968 2486 peccatores
986 2413 1054 2469 de
1079 2413 1216 2469 libro
1240 2414 1530 2470 viventium
1553 2416 1823 2482 delentur,
1843 2415 1975 2487 justi
2004 2433 2103 2471 au-

489 2515 610 2564 tem
659 2507 710 2560 in
739 2505 876 2561 libro
900 2505 992 2560 Dei
1024 2505 1331 2561 scribuntur
1387 2505 1538 2577 (για.
1568 2507 1744 2562 Tract.
1775 2507 1870 2562 Ps.
1901 2525 2062 2564 vatn
2086 2551 2102 2575 ,

509 2617 563 2655 ιι.
595 2597 712 2670 24).
763 2597 924 2664 'Quod
956 2607 1245 2668 utrumque
1295 2599 1395 2664 sub
1422 2599 1506 2654 his
1534 2598 1693 2655 dictis
1724 2600 2059 2670 signiﬁcatur
2087 2619 2104 2656 :

499 2689 787 2746 Deleantur
809 2687 872 2743 de
903 2687 1030 2742 libro
1056 2689 1347 2754 viventium,
1366 2699 1412 2743 et
1432 2706 1548 2742 cum
1565 2691 1725 2758 justis
1751 2708 1849 2745 non
1879 2692 2108 2747 scriban-

505 2790 590 2836 tur
618 2781 740 2848 ('Ps.
769 2796 952 2846 vant,
983 2779 1099 2852 29).
1136 2781 1240 2836 Pro
1271 2783 1683 2838 resurrectioais
1713 2784 1854 2838 enim
1885 2783 2110 2840 diversi-

503 2882 638 2938 tate,
666 2873 792 2942 quia
825 2873 982 2927 stella
1012 2873 1078 2925 ab
1110 2873 1262 2926 stella
1291 2871 1472 2928 difi‘ert
1525 2873 1770 2944 ingloria
1799 2916 1813 2941 ,
1845 2875 2024 2944 plures
2055 2875 2110 2930 in

491 2961 646 3019 ‘iibro
673 2963 967 3019 viventium
1026 2975 1182 3019 erunt
1215 2962 1256 3036 (1
1297 2965 1417 3019 Cor.
1467 2979 1570 3033 xv,
1604 2967 1716 3035 41).
1747 2966 1884 3022 Justi
1930 2976 2109 3022 autem

512 3055 570 3111 in
623 3054 760 3110 libro
792 3053 886 3109 Dei
918 3054 1245 3120 scribentur,
1287 3056 1410 3126 quia
1442 3069 1758 3124 peccatores
1817 3072 1923 3112 non
1952 3057 2113 3113 modo

2199 1854 2381 1923 quitur
2399 1853 2910 1922 enim,VEus.‘i7,48
2933 1871 2944 1906 :
2970 1854 3102 1908 Mihi
3123 1864 3291 1909 autem
3311 1855 3462 1910 nimis
3479 1855 3815 1924 honoriﬁcati

2198 1949 2484 2003 suntamici
2501 1949 2592 2012 tui,
2619 1947 2777 2014 Deus,
2803 1949 2955 2002 nimis
2973 1949 3074 2020 (c)c
3091 1948 3338 2018 onfortati
3354 1959 3471 2003 sunt
3489 1950 3817 2020 principatus

2197 2057 2395 2095 eorum.
2418 2038 2767 2096 Dinamerabo
2793 2059 2898 2110 eos,
2920 2051 2966 2097 et
2983 2059 3144 2112 super
3159 2060 3368 2097 arenam
3388 2044 3818 2116 multiplicabun-

2202 2142 2306 2188 tur.
2337 2134 2476 2202 Quid
2499 2149 2622 2190 cum
2649 2134 2732 2190 his
2755 2135 2918 2190 dictis
2944 2134 3150 2190 homini
3179 2150 3488 2203 commune,
3515 2146 3571 2190 ut
3598 2152 3695 2192 eos
3718 2139 3820 2207 qui

2203 2242 2370 2298 super
2406 2243 2630 2284 arenam
2661 2229 3166 2300 multiplicabuntur
3197 2231 3540 2286 dinumeret?
3589 2230 3652 2285 Ei
3685 2242 3811 2285 tan-

2206 2334 2320 2380 tum
2338 2325 2480 2380 istud
2503 2326 2780 2396 competit,
2804 2327 2887 2381 cui
2911 2325 3030 2382 sine
3057 2325 3378 2381 recensione
3406 2333 3459 2381 et
3483 2322 3692 2380 calculo
3725 2325 3821 2380 in-

2201 2417 2554 2473 numerabilis
2574 2417 2785 2472 numeri
2805 2417 3042 2489 cognitio
3063 2425 3163 2474 est.
3185 2417 3358 2472 Amici
3378 2426 3554 2473 autem
3584 2417 3702 2488 ejus
3730 2417 3822 2472 ni-

2203 2511 2313 2566 mis
2332 2510 2672 2566 honoriﬁeati
2707 2513 2852 2565 'sunt
2875 2553 2888 2576 ,
2926 2509 3101 2565 Nimis
3123 2526 3243 2566 cum
3282 2511 3478 2567 dicitur
3507 2553 3523 2577 ,
3581 2527 3686 2566 non
3717 2526 3817 2566 se-

2209 2603 2446 2658 cundum
2473 2603 2754 2657 latinitatis
2779 2601 3226 2658 consuetudinem
3257 2603 3660 2673 intelligendum
3694 2614 3809 2658 est.

2214 2693 2388 2747 Nimis
2411 2695 2552 2748 enim
2587 2694 2866 2749 nobiscum
2888 2693 2940 2748 id
2969 2693 3278 2764 signiﬁcare
3304 2693 3603 2765 soletquod
3629 2709 3830 2750 neces-

2207 2788 2415 2841 sarium
2445 2786 2666 2842 modum
2700 2787 2960 2842 inutiliter
2981 2787 3228 2849 excedat,
3257 2786 3352 2842 sed
3376 2786 3550 2843 Graeci
3577 2786 3826 2858 id,quod

2205 2879 2384 2934 nostri
2409 2879 2558 2933 nimis
2582 2879 2995 2947 transtulerunt,
3040 2881 3148 2935 λίαν
3175 2879 3510 2949 interpretati
3540 2889 3701 2934 sunt:
3760 2880 3826 2934 in

2215 2988 2323 3041 quo
2349 2973 2520 3042 magis
2541 2972 2694 3026 valde
2743 2985 2907 3042 quam
2946 2973 3100 3026 nimis
3129 2972 3459 3028 continetur.
3486 2971 3655 3026 Valde
3684 2986 3827 3041 ergo

2218 3065 2560 3121 bonoriﬁcati
2581 3065 2740 3120 amici
2757 3065 2876 3135 ejus
2902 3074 3046 3120 sunt.
3067 3064 3135 3119 Et
3153 3066 3386 3120 amicum
3410 3064 3622 3135 quidem
3637 3063 3830 3118 Abra-

497 3159 635 3202 ‘cum
665 3146 824 3216 justis
854 3161 964 3199 non
995 3145 1301 3201 scribentur
1329 3188 1344 3213 ,
1391 3147 1488 3202 sed
1516 3163 1584 3202 ne
1614 3147 1666 3201 in
1700 3147 1840 3204 libro
1891 3149 2108 3219 quidem
2139 3153 2185 3219 ρ
2217 3158 2344 3214 ham
2386 3159 2498 3213 Deo
2551 3159 2719 3215 fuisse
2771 3160 3167 3229 cognoscimus.
3211 3159 3460 3215 Amicum
3507 3169 3560 3214 et
3597 3159 3830 3230 Moysen

512 3238 808 3294 viventium
843 3237 1236 3306 relinquentur.

583 3325 678 3385 57.
706 3327 928 3400 Scriptis
957 3329 1012 3381 in
1029 3328 1157 3383 libro
1190 3327 1282 3382 Dei
1314 3328 1421 3382 dies
1452 3339 1699 3400 perpetua
1716 3331 1826 3385 sine
1853 3342 2016 3388 nocte.
2040 3361 2113 3375 ——

495 3421 619 3479 "Sed
650 3421 1011 3477 contuendum
1043 3431 1149 3488 est,
1183 3422 1272 3491 qui
1305 3421 1579 3491 profectus
1601 3438 1787 3478 eorum
1813 3425 1899 3491 sit,
1929 3428 2023 3496 qui
2056 3428 2108 3481 in

498 3511 653 3570 ilibro
681 3513 775 3568 Dei
801 3511 1129 3568 scribentur.
1157 3513 1366 3584 Nempe
1412 3514 1500 3569 isti
1522 3515 1604 3569 die
1631 3516 1965 3586 reptebuntur
1991 3563 2006 3586 ,
2065 3529 2113 3576 et

509 3621 657 3662 nemo
678 3607 733 3660 in
764 3606 864 3660 his.
911 3604 972 3660 ‘ln
1021 3606 1342 3676 quibusdam
1383 3606 1660 3662 codicibus
1714 3609 1784 3663 ita
1835 3592 2109 3680 legimus;

503 3691 610 3752 ‘Die
639 3697 714 3767 (b)
764 3696 1136 3764 formabuntur.
1169 3695 1281 3751 Nec
1331 3698 1554 3753 multum
1587 3698 1769 3754 differt
1825 3702 2022 3772 repleri
2059 3713 2114 3759 et

499 3785 756 3840 ﬁrmari.
799 3785 1118 3840 Formamur
1148 3787 1289 3842 enim
1323 3830 1337 3854 ,
1385 3798 1442 3841 ut
1468 3790 1974 3848 conformessimus
1995 3796 2113 3865 glo-

501 3878 610 3934 ria
639 3877 885 3946 Corporis
933 3876 1051 3933 Dei.
1108 3877 1173 3932 Et
1202 3878 1447 3948 Apostoli
1482 3880 1681 3936 dictum
1709 3893 1792 3938 est
1821 3903 1831 3937 :
1883 3884 2063 3942 Filioli
2096 3931 2111 3955 ,

505 3985 641 4040 quos
666 3968 848 4023 iterum
877 3971 1110 4035 parturio
1154 3970 1314 4024 donec
1341 3970 1573 4026 Christus
1597 3977 1844 4043 formetur
1879 3978 1930 4031 in
1973 3979 2114 4034 vobis

503 4059 664 4132 ‘(GaL
693 4077 763 4122 ιν,
787 4061 900 4132 19).
926 4060 1219 4132 Replemur
1233 4072 1408 4118 autem
1434 4065 1731 4121 secundum
1761 4067 1962 4123 dictum
1987 4069 2114 4124 Pro-

499 4154 721 4224 ‘uphetm':
747 4153 1075 4226 Replebimur
1088 4155 1148 4208 ab
1166 4156 1388 4211 ubertate
1408 4159 1590 4212 domus
1609 4169 1709 4214 tute
1729 4157 1846 4231 (Ps.
1868 4179 2012 4228 thv,
2033 4164 2110 4232 5).

505 4242 618 4298 'Die
643 4244 823 4314 itaque
841 4245 1190 4310 replebantur,
1235 4246 1287 4300 id
1313 4257 1414 4313 est,
1440 4263 1566 4303 vero
1604 4250 1806 4306 lumine
1825 4253 1940 4323 (lux
1971 4256 2112 4310 enim

507 4335 756 4392 Christus
769 4334 1041 4408 est(Joan.
1070 4354 1105 4404 ι,
1128 4337 1207 4409 9).
1234 4337 1362 4392 Erat
1381 4342 1522 4394 enim
1548 4342 1636 4396 lux
1660 4359 1807 4410 vera,
1833 4362 1954 4414 quae
1981 4347 2115 4403 luci-

501 4429 640 4484 ﬁcat
661 4444 875 4484 omnem
901 4430 1173 4484 hominem
1206 4433 1509 4487 venientem
1543 4435 1594 4488 in
1624 4435 1762 4491 hunc
1797 4439 2111 4512 mundum);

2221 3251 2311 3306 lex
2341 3265 2463 3305 esse
2502 3251 2614 3305 Deo
2641 3251 2815 3305 locuta
2838 3259 2939 3305 εει.
3003 3248 3294 3321 Evangelia
3318 3265 3448 3306 vero
3480 3250 3659 3320 plures
3703 3249 3827 3318 jam

2216 3342 2328 3397 Deo
2342 3343 2541 3397 amicos
2565 3357 2686 3398 esse
2706 3342 3031 3412 signiﬁcant,
3059 3343 3285 3398 Domino
3303 3342 3516 3398 dicente
3543 3361 3556 3397 :
3581 3343 3701 3397 Jam
3715 3360 3829 3399 non

2213 3434 2332 3488 dico
2353 3449 2441 3488 vos
2471 3449 2664 3499 servos,
2693 3435 2814 3503 quia
2860 3451 3037 3490 servus
3065 3437 3222 3490 nescit
3263 3436 3388 3507 quid
3421 3437 3537 3491 velit
3579 3436 3830 3491 dominus

2219 3529 2329 3598 ejus
2341 3525 2462 3581 :sed
2475 3541 2562 3580 vos
2583 3527 2698 3580 dico
2728 3529 2942 3593 amicos,
2982 3528 3222 3594 quoniam
3239 3529 3535 3599 perstitistis
3553 3545 3745 3583 mecum
3765 3531 3830 3584 in

2220 3618 2454 3674 erunibus
2478 3621 2839 3675 natationibus
2870 3621 3156 3693 (Joan.xv,
3189 3623 3307 3694 15).
3335 3622 3444 3678 Hos
3474 3622 3651 3693 igitur,
3682 3639 3831 3693 quos

2221 3727 2362 3768 nunc
2383 3714 2585 3768 amicos
2615 3726 2916 3784 nuncupat,
2943 3716 3264 3786 utsuperius
3297 3716 3660 3782 ostendimus,
3695 3726 3748 3770 et
3791 3732 3829 3772 a

2221 3804 2382 3860 Patre
2396 3805 2495 3860 sibi
2510 3805 2684 3873 datos,
2709 3816 2763 3861 et
2786 3807 2958 3862 Patris
2975 3823 3095 3863 esse
3107 3807 3385 3863 confessus
3407 3818 3516 3874 es‘t;
3537 3818 3610 3873 et,
3627 3824 3833 3863 secun-

2220 3894 2348 3950 dum
2381 3896 2431 3952 id
2462 3898 2604 3967 quod
2635 3899 2710 3952 ait
2740 3917 2752 3952 :
2783 3899 2854 3953 Et
2876 3917 2987 3954 mea
3008 3901 3179 3954 omnia
3208 3910 3293 3955 tua
3323 3912 3444 3956 sunt
3469 3943 3483 3969 ,
3509 3913 3556 3955 et
3598 3911 3685 3955 tua
3706 3919 3831 3956 mea

2225 3983 2572 4057 (Joann.xvu,
2585 3991 2612 4044 1
2625 3989 2911 4060 0),amicos
2925 3991 3096 4046 Patris
3109 4006 3227 4048 esse
3239 3977 3495 4048 cosdicit.
3515 3991 3626 4048 Non
3640 3995 3826 4048 solum

2205 4089 2400 4138 autem
2419 4080 2520 4149 ipsi
2536 4081 2873 4137 honoriﬁcati
2889 4092 3013 4138 sunt
3032 4126 3047 4151 ,
3081 4084 3176 4140 sed
3199 4088 3360 4140 etiam
3381 4086 3711 4156 principatus
3725 4101 3829 4143 eo-

2222 4185 2343 4224 rum
2371 4172 2661 4227 confortati
2689 4185 2837 4230 sunt.
2859 4175 2963 4245 Ipsi
2986 4177 3202 4246 quidem
3224 4177 3667 4245 bonorilicantnr,
3693 4193 3827 4236 cum

2223 4263 2382 4317 amici
2414 4273 2560 4331 sunt,
2589 4281 2710 4320 cum
2739 4267 2994 4337 diepleni
3022 4279 3174 4334 sunt,
3199 4283 3321 4324 cum
3346 4269 3397 4324 in
3421 4269 3502 4324 bis
3525 4286 3684 4326 nemo
3712 4284 3826 4333 est.

2221 4353 2327 4411 Sed
2354 4357 2688 4428 principatus
2712 4375 2900 4415 eorum
2925 4361 3304 4417 confortantur
3336 4381 3348 4415 :
3382 4362 3636 4420 Ecclesiae
3667 4367 3821 4421 scili-

2224 4457 2311 4505 cet
2339 4451 2406 4506 ab
2438 4451 2818 4523 ipsis-emptae,
2847 4455 2914 4510 ab
2941 4453 3023 4508 bis
3052 4456 3314 4526 principia
3347 4467 3618 4513 sumentes
3652 4475 3665 4510 :
3696 4474 3828 4529 qua:

503 4537 623 4622 νιιοιι
667 4522 788 4592 jam
843 4521 1179 4622 ignorantis
1200 4535 1358 4622 nocte
1396 4525 1622 4622 detenti,
1675 4545 1848 4599 neque
1880 4533 2117 4589 tenebris
2139 4551 2200 4613 1)
2225 4555 2387 4612 super
2419 4521 2760 4600 terram‘toto
2776 4547 2828 4600 in
2851 4546 2982 4602 orbe
3017 4521 3511 4606 fundatazfortibus
3539 4521 3828 4622 principiis

511 4617 676 4688 hujus
702 4617 884 4672 szeculi
907 4618 1057 4684 caeci,
1087 4618 1180 4672 sed
1212 4618 1455 4674 veritatis
1487 4621 1606 4677 luce
1642 4622 1925 4679 illuminati
1951 4636 2005 4682 et
2025 4627 2113 4683 die

512 4713 727 4780 repleti.
753 4711 905 4778 Quod
947 4720 1126 4766 autem
1168 4713 1431 4779 repletum
1456 4723 1558 4782 est,
1587 4715 1720 4771 nihil
1746 4729 1943 4787 printer
1972 4721 2022 4775 id
2045 4737 2113 4777 ex

507 4810 624 4871 'quo
653 4802 866 4871 plenum
899 4811 982 4857 est
1006 4803 1218 4872 recipit.
1244 4802 1358 4857 Nox
1391 4805 1532 4860 enim
1557 4805 1610 4859 in
1635 4823 1755 4862 cum
1787 4811 1876 4881 qui
1908 4813 1996 4868 die
2027 4828 2114 4868 re-

511 4893 695 4961 pletus
725 4904 810 4948 est
840 4910 946 4949 non
977 4903 1218 4962 penetrat
1245 4935 1260 4960 ,
1311 4898 1609 4953 secundum
1641 4900 1768 4956 illud
1819 4905 2063 4972 Apostoli
2095 4924 2108 4960 :

519 4985 684 5056 530
707 4986 838 5054 Qua:
867 4989 1008 5042 enim
1053 4987 1392 5058 participatio
1423 5001 1507 5045 est
1556 4993 1659 5047 luci
1689 4993 1754 5047 ad
1811 4998 2061 5054 tenebras
2092 5041 2108 5066 ,

507 5075 576 5143 il,
609 5077 728 5133 Cor.
753 5095 825 5142 vt,
860 5082 948 5148 M)
971 5082 994 5135 ?
1017 5080 1206 5152 Neque
1241 5083 1426 5138 sedem
1471 5085 1704 5155 Spiritus
1747 5089 1944 5145 Christi
2000 5093 2112 5150 adit

505 5171 737 5240 spiritus
753 5175 958 5240 mundi,
975 5177 1306 5246 utscriptum
1329 5186 1438 5232 est:
1464 5161 1566 5232 Vos
1593 5181 1728 5234 enim
1755 5198 1854 5235 non
1872 5185 2110 5251 spiritum

585 5311 661 5383 (a)
889 5329 1048 5382 neque
1061 5315 1258 5369 diversa
1275 5315 1474 5371 virtute.
1499 5317 1719 5376 Rectius
1748 5337 1850 5377 ms.
1881 5322 2104 5394 diverso,

510 5382 707 5448 nempe
730 5382 890 5437 Filio.

493 5493 499 5499 .
585 5454 658 5521 (b)
691 5453 1082 5533 Itaasecundum
1273 5458 1592 5533 interpretes
1619 5463 1902 5533 legendum
1934 5465 2106 5522 innuit

508 5535 716 5606 auctor‘
749 5524 1135 5606 Commentarii
1183 5529 1232 5580 in
1285 5524 1428 5582 Psall
1494 5535 1635 5600 apud
1672 5524 2099 5606 “Hieronymum.

507 5596 669 5669 Apud
688 5594 1044 5669 Augustinum
1075 5606 1251 5652 autem
1273 5608 1457 5669 exstat
1493 5594 1580 5669 per
1601 5606 1733 5658 diem
1753 5594 2012 5660 errabant.
2045 5610 2101 5664 ln

513 5668 706 5735 graecis
725 5667 1134 5750 exemplaribus
1161 5667 1561 5750 modobabetur
1574 5679 1767 5750 ἡμέρας
1783 5679 2101 5750 πλασθήσσν-

519 5756 626 5805 ται,
651 5737 806 5807 cujus
843 5737 1002 5796 verbi
1015 5740 1136 5798 loco
1166 5741 1350 5797 Hilarii
1379 5737 1642 5814 interpres
1662 5737 1856 5820 legerit
1879 5762 2102 5809 necesse

2215 4637 2578 4692 constiterint.

2287 4730 2378 4786 59.
2411 4729 2709 4785 Electorum
2738 4748 2983 4788 numerus
3011 4744 3196 4790 certus.
3229 4733 3376 4790 Illud
3404 4753 3559 4806 super
3605 4755 3825 4794 arenam

2217 4825 2426 4893 quidam
2452 4827 2519 4879 ad
2541 4828 2749 4897 angelos
2785 4831 3033 4900 referunt.
3060 4859 3130 4870 —-
3153 4828 3222 4884 Et
3253 4843 3310 4884 ut
3330 4831 3395 4885 ad
3427 4832 3682 4888 Ecclesia:
3721 4849 3827 4905 po-

2209 4917 2380 4986 pulos
2400 4916 2592 4972 referri
2621 4916 2760 4972 istud
2794 4922 3098 4976 necessario
3123 4922 3535 4993 intelligeretur,
3573 4923 3775 4993 adjecit
3804 4944 3821 4980 :

2221 5010 2570 5067 Dinumerabo
2605 5028 2701 5067 eos
2750 5025 2796 5067 et
2847 5031 3002 5085 super
3059 5032 3268 5070 arenam
3318 5017 3820 5087 multiplicabuntur.

2219 5102 2490 5172 Numquid
2523 5121 2782 5160 numerus
2811 5121 2997 5162 eorum
3039 5109 3278 5163 incertus
3307 5119 3392 5163 est
3415 5150 3429 5174 ,
3463 5111 3550 5180 qui
3585 5110 3636 5164 in
3680 5110 3826 5167 libro

2221 5193 2319 5249 Dei
2349 5195 2704 5252 scribuntur?
2730 5198 2869 5272 Ergo
2891 5199 3036 5255 nulla
3057 5210 3141 5256 est
3169 5199 3458 5257 difﬁcultas
3481 5201 3535 5256 in
3565 5217 3822 5270 numero,

2218 5341 2304 5414 est
2332 5335 2732 5414 τῖλησθήσιονταρ
2760 5337 2930 5414 Quem
2948 5354 3078 5414 vero
3108 5347 3326 5396 secutus
3349 5349 3435 5398 εει
3453 5339 3820 5414 Augustinus,

2216 5404 2595 5483 ﬂlaaﬁrjaowat
2625 5409 2930 5483 8_1't')lc'tv0‘uat
2954 5409 3124 5464 duxit.

2295 5477 2368 5547 (c)
2395 5476 2451 5554 in
2474 5479 2725 5549 vulgatis,
2757 5476 3076 5554 confortatus
3100 5489 3194 5536 est.
3228 5481 3296 5536 Λι
3320 5483 3372 5537 in
3394 5499 3497 5538 ms.
3519 5491 3580 5537 ιιι
3598 5493 3656 5540 ει
3673 5485 3822 5554 apud

2216 5547 2587 5616 Augmtinunt
2606 5592 2618 5610 ,
2644 5547 2916 5622 confortati
2939 5562 3059 5606 sunt
3079 5593 3093 5614 ,
3142 5555 3287 5621 quod
3312 5554 3607 5683 Γξὲᾕυοάθι
3637 5547 3824 5625 trra-nco

2216 5626 2269 5672 et
2297 5621 2620 5683 expositioni
2638 5637 2758 5675 mox
2776 5623 3052 5683 subiectae.
3073 5622 3267 5682 Vetera
3301 5625 3337 5681 P
3448 5626 3566 5683 cria
3581 5627 3816 5683 Carnut.

2214 5626 2269 5672 et
2297 5621 2620 5689 expositioni
2638 5621 2758 5675 mox
2776 5623 3052 5691 subjectce.
3073 5622 3267 5682 Vetera
3301 5621 3566 5684 Psalteria
3581 5621 3816 5684 (larunt.

2243 5693 2268 5745 t
2281 5691 2534 5747 German.
2577 5693 2866 5762 conﬁrmati
2887 5705 3025 5750 sunt.
