4134 6184
438 235 544 299 613

1470 246 1884 311 τιιΑαΤΑΤυε
1912 251 1979 310 lN
2010 254 2330 325 CXXXVIII
2362 260 2715 323 PSALMUM.
2804 274 2823 287 ’

3620 273 3731 331 δη

440 352 600 454 ξε]
631 364 858 454 quorum
885 354 1330 454 veritas-maneat
1356 361 1410 419 in
1460 365 1683 437 scripto.
1715 366 1820 425 Sed
1847 369 2027 443 aliqui
2054 376 2110 445 Α
2134 391 2245 442 svr,
2271 376 2388 450 28).
2409 378 2601 437 Adhuc
2627 395 2760 453 ergo
2786 388 2962 438 tecum
2986 396 3109 438 sum
3138 399 3151 435 :
3180 381 3307 454 quia
3334 383 3569 440 nondum
3587 393 3722 442 tem-

433 445 486 503 id
516 445 659 517 quod
682 447 885 502 dictum
913 460 994 506 est
1017 468 1029 505 :
1063 451 1236 523 Super
1263 471 1475 533 arenam
1502 459 1982 530 multiplicabunua'
2005 506 2022 533 ,

433 556 542 596 non
570 541 637 598 ad
668 542 913 603 homines
945 555 1150 604 tantum
1179 530 1521 609 referendum
1544 530 2024 629 existimaverunt,

424 636 556 705 quia
579 636 808 691 Abrahze
829 638 1030 697 dictum
1062 652 1205 698 esset
1234 643 1338 701 :Et
1371 646 1474 703 erit
1495 660 1678 703 semen
1710 655 1858 704 tuum
1888 650 2029 706 sicut

431 741 592 783 arena
651 730 817 785 maris
840 739 963 787 est:
1014 731 1080 788 ad
1104 734 1157 788 id
1193 735 1338 804 quod
1389 753 1553 808 super
1578 753 1798 795 arenam
1838 742 2024 798 multi-

430 819 803 889 plicabuntur,
833 823 1020 881 amicis
1046 824 1141 882 Dei
1171 828 1457 893 multitudo
1478 831 1737 902 angelica:
1767 849 2024 891 numero-

431 909 613 973 sitatis
634 912 879 969 accedat.
920 913 1040 973 Non
1072 917 1214 973 enim
1263 919 1422 977 aliter
1448 922 1547 978 sibi
1578 925 1868 983 convenire
1886 926 2026 983 sicut

431 1018 590 1057 arena
626 1005 790 1061 maris
816 1016 870 1064 et
896 1022 1059 1078 super
1076 1026 1298 1069 arenam
1329 1016 1495 1071 maris
1523 1025 1847 1088 putaterunt
1870 1060 1887 1088 ,
1918 1019 2024 1077 nisi

432 1093 709 1150 hominum
727 1097 1065 1159 multitudini
1108 1116 1597 1165 connumeraretur
1618 1109 1771 1179 eopia
1803 1111 2028 1185 angelo:

431 1200 572 1242 rum.
601 1188 705 1244 Sed
739 1206 837 1247 nos
869 1193 1289 1268 uniuscujusque
1319 1201 1502 1259 sensui
1530 1216 1640 1261 non
1668 1203 2019 1263 conn-nimus.

430 1280 570 1350 Quid
593 1293 770 1343 autem
782 1287 1084 1349 secundum
1112 1288 1312 1349 donum
1337 1295 1596 1363 spiritalis
1618 1298 1806 1369 gratiae
1830 1313 2021 1356 sense—
2106 1316 2115 1323 ·

433 1376 635 1443 rimus,
662 1378 779 1433 sine
798 1378 1115 1453 Cujusqtlam
1145 1386 1470 1441 contumelia
1504 1389 1891 1445 tractabimus?

502 1466 593 1523 40.
626 1466 808 1528 Gentes
831 1471 1115 1534 crediturus
1154 1474 1323 1535 innuit
1351 1474 1566 1535 Iudaeos
1593 1495 1912 1537 excessuras.
1949 1512 2023 1524 —

427 1555 826 1616 Promissioncs
864 1560 999 1627 duas
1029 1562 1260 1623 Abrahae
1293 1567 1453 1625 fuisse
1498 1568 1549 1625 in
1590 1567 1788 1627 Genesi
1819 1572 2019 1643 accipi-

2130 470 2281 538 poris
2307 480 2391 526 est
2418 471 2491 545 (ε)
2522 480 2582 528 ιιι
2599 488 2628 528 a
2650 481 2704 531 te
2727 475 2963 542 veniam,
2995 483 3051 530 et
3078 476 3286 531 veniam
3314 476 3368 532 in
3418 478 3677 541 mundum
3702 519 3721 547 ,

2126 570 2188 617 ut
2216 578 2338 633 quae
2359 565 2675 635 prophetat:
2699 576 2826 623 sunt
2842 568 3115 638 expleam.

2197 672 2289 727 42.
2312 674 2415 742 Qui
2429 676 2630 732 occidat
2643 677 2874 734 Christus
2884 688 2937 735 ut
2950 680 3415 750 mitiﬁcet—Quod
3430 690 3609 739 autem
3622 683 3720 752 ait,

2133 761 2298 821 Vna.
2338 766 2404 823 l9
2433 784 2446 820 :
2487 767 2548 823 Si
2575 769 2782 824 occidas
2810 767 2952 825 Deus
2979 781 3295 841 peccamen
3319 774 3605 844 :numqnid
3625 775 3717 844 qui

2127 860 2276 910 venit
2305 857 2515 914 salvere
2534 859 2678 930 quod
2712 861 2966 930 perierat,
2983 871 3039 917 et
3061 873 3400 933 peccatorem
3431 865 3720 931 redimere,

2122 956 2467 1015 peceatorem
2493 959 2747 1020 precatur
2773 950 2937 1024 582
2964 953 3171 1009 occidi?
3202 953 3359 1009 Absit
3387 956 3594 1011 utvelit
3628 970 3723 1012 oc-

2118 1040 2255 1098 cidi.
2305 1042 2409 1099 Sed
2456 1052 2713 1114 peccator
2752 1046 3042 1112 occiditur,
3073 1062 3199 1102 cum
3238 1049 3441 1103 seculo
3468 1050 3717 1117 moritor,

2126 1148 2250 1190 cum
2276 1134 2492 1191 Christo
2516 1139 2892 1202 catamitum
2915 1150 2979 1194 It
3002 1139 3147 1193 vivat
3172 1141 3223 1194 in
3244 1138 3480 1196 Christo.
3523 1142 3721 1198 Beatus

2126 1227 2418 1293 Apostolus
2458 1229 2535 1283 ait
2566 1247 2580 1283 :
2610 1229 2852 1296 Quotidie
2893 1234 3086 1285 morior
3125 1224 3176 1303 7(l
3203 1230 3323 1287 Cor.
3365 1249 3457 1298 xv,
3505 1235 3621 1305 3|).
3656 1234 3723 1290 Et

2124 1332 2343 1373 rursum
2373 1336 2388 1373 :
2417 1318 2658 1375 Hormus
2677 1337 2795 1376 sunt
2820 1322 2943 1394 legi,
2974 1333 3029 1376 ut
3059 1324 3224 1377 vitam
3251 1321 3454 1378 Christo
3476 1323 3622 1397 (Gel.
3656 1341 3718 1391 tt,

2124 1407 2240 1478 l9).
2271 1409 2528 1466 Moriatur
2551 1422 2730 1467 autem
2754 1412 2839 1485 (tt)
2868 1414 2963 1481 ita,
2988 1414 3206 1485 qundo
3253 1416 3305 1469 in
3350 1416 3508 1473 nobis
3531 1431 3628 1486 per
3652 1418 3719 1470 ιι-

2122 1500 2247 1556 dem
2276 1512 2554 1575 perempto
2602 1516 2822 1575 peccata
2852 1508 3176 1562 moriuntur.
3199 1508 3497 1565 Audiamus
3542 1510 3720 1567 adhuc

2122 1593 2396 1663 quomodo
2421 1596 2562 1651 Deus
2594 1608 2910 1667 peccatores
2952 1601 3173 1667 occidit,
3210 1616 3304 1673 per
3321 1603 3371 1659 id
3398 1603 3544 1674 quod
3583 1605 3720 1660 dici-

427 1667 570 1709 mus.
615 1652 786 1767 Ur’tam
829 1655 905 1730 (ᾳ)
935 1668 1064 1719 ante
1103 1659 1297 1718 Ismael
1321 1664 1752 1767 generationem,
1788 1668 1898 1725 Deo
1939 1669 2021 1725 di~
2273 1652 2983 1760 ygrﬁﬁmggvgﬁsf;
2997 1652 3723 1767 ;;3-'—(;;;;;g—i;.

426 1754 583 1802 cente
614 1762 627 1799 :
666 1748 800 1815 Quia
828 1764 1028 1807 onmem
1058 1760 1269 1821 terram,
1300 1771 1453 1825 quant
1487 1765 1542 1811 tu
1569 1758 1730 1825 uides,
1770 1760 1859 1815 tibi
1891 1761 2023 1817 dabo

2136 1748 2459 1843 canunt,
2494 1748 2897 1848 Mam,

426 1853 562 1907 eam,
587 1849 634 1893 et
659 1840 842 1895 semini
873 1851 958 1903 tuo
987 1844 1038 1897 in
1065 1853 1333 1911 mternum,
1380 1860 1427 1901 et
1455 1848 1646 1918 faciam
1670 1839 1840 1907 semen
1879 1865 2025 1909 tuum

427 1941 685 2003 tamquam
716 1950 923 1989 arenam
952 1937 1134 1990 maris.
1179 1937 1239 1994 Si
1265 1946 1425 2010 potest
1450 1941 1564 2013 quis
1589 1958 1884 1998 enumerare
1910 1961 2027 2001 are-

427 2042 544 2080 nam
573 2028 755 2094 maris,
783 2029 855 2083 ita
877 2038 925 2083 et
946 2046 1114 2084 semen
1140 2040 1283 2085 tuum
1311 2032 1716 2090 dinumerabitur
1744 2034 2021 2106 (Gemuit,

430 2119 497 2177 i5
525 2129 573 2173 et
602 2119 710 2193 lli).
741 2121 877 2177 Nato
902 2139 1032 2179 vero
1070 2123 1244 2192 Isaac,
1273 2134 1328 2181 et
1364 2129 1415 2181 in
1456 2126 1831 2186 holocaustum
1856 2146 2027 2203 quan-

429 2221 540 2271 tum
587 2213 656 2270 ad
708 2214 980 2272 Abraham
1026 2227 1234 2287 spectat
1273 2217 1492 2287 oblato,
1530 2221 1648 2277 haec
1677 2237 1908 2294 sequens
1934 2238 2025 2279 re-

428 2306 715 2376 promissio
759 2306 857 2362 fuit
902 2325 915 2360 :
959 2308 1078 2363 Nisi
1121 2310 1417 2366 benedicens
1464 2312 1754 2367 benedicam
1796 2314 1922 2385 tibi,
1976 2324 2027 2369 et

429 2399 776 2469 multiplicans
801 2400 1152 2473 multiplicabo
1169 2418 1339 2461 semen
1366 2412 1509 2461 tutan
1537 2405 1671 2461 sicut
1690 2406 1867 2460 stellas
1889 2407 2023 2473 coeli,

427 2501 474 2548 et
500 2494 632 2548 sicut
649 2510 858 2549 arenam
876 2510 991 2565 qua:
1014 2506 1087 2551 est
1111 2497 1179 2553 ad
1201 2512 1345 2551 oram
1375 2500 1533 2555 maris
1558 2496 1712 2570 (Gen.
1744 2515 1878 2567 ιλιι,
1913 2497 2023 2572 l7).

429 2582 498 2638 Et
553 2584 597 2640 si
652 2584 949 2641 secundum
1003 2584 1321 2656 Apostolum
1376 2586 1493 2644 hac
1532 2588 1640 2646 duo
1684 2588 2024 2646 Testamenta

429 2686 574 2744 sunt,
630 2692 793 2732 unum
839 2678 1134 2734 secundum
1174 2676 1457 2736 Ismaelem
1502 2680 1557 2735 in
1592 2681 1907 2736 servitutem
1935 2696 2030 2752 ge-

431 2783 650 2835 nerans,
690 2768 835 2825 aliud
876 2770 1175 2827 secundum
1204 2770 1354 2826 isaae
1390 2772 1442 2826 in
1484 2771 1790 2828 libertatem
1839 2772 2028 2827 matris

432 2869 631 2917 nostra:
658 2859 958 2919 Jerusalem
988 2878 1117 2935 quia
1138 2862 1190 2917 in
1220 2861 1372 2919 caelis
1402 2871 1486 2918 est
1511 2863 1746 2919 educens
1774 2862 1916 2934 (Gal.
1951 2878 2025 2931 tv,

430 2952 545 3027 ει).
575 2954 651 3027 (b)
692 2955 857 3011 duum
899 2971 1124 3013 necesse
1161 2966 1246 3012 est
1273 2958 1538 3013 seminum
1574 2957 1628 3013 in
1678 2956 1852 3013 stellis
1892 2967 1948 3013 et
1974 2956 2028 3012 in

431 3048 612 3106 arenis
640 3056 996 3107 numerositas
1025 3050 1365 3121 praedicetur.
1398 3050 1543 3121 Ergo
1563 3050 1722 3105 amici
1752 3051 1842 3106 Dei
1866 3065 2029 3120 super

430 3157 650 3201 arenam
699 3143 863 3199 maris
893 3142 1335 3199 dinumerantur.
1396 3142 1529 3211 Quis
1574 3143 1720 3197 enim
1768 3141 2025 3213 ambigat,
2057 3141 2102 3205 C

432 3235 729 3293 secundum
758 3235 1059 3293 Ecclesium
1097 3244 1209 3295 toto
1238 3231 1455 3290 in'orbe
1499 3248 1868 3300 numerosam,
1895 3234 2034 3289 mul-

435 3330 720 3391 titudinem
765 3329 941 3401 gentis
987 3328 1189 3387 indm-ir.
1236 3329 1390 3399 capia
1450 3327 1503 3383 in
1552 3326 1772 3383 Christo
1803 3325 2034 3383 creden-

434 3427 566 3483 tium
618 3422 947 3496 praeveniri?
1002 3426 1180 3494 Atque
1225 3421 1348 3479 ideo
1406 3436 1571 3491 super
1623 3435 1841 3477 arenam
1895 3417 2035 3475 mul-

420 3516 844 3587 tiplicabuntur,
917 3514 1042 3586 quia
1093 3512 1427 3584 copiosiores
1468 3513 1551 3568 his
1602 3521 1782 3580 erunt,
1821 3511 1912 3583 qui
1967 3526 2034 3569 ex

435 3609 571 3682 legis
617 3610 787 3681 impio
816 3609 1015 3682 populo
1057 3608 1257 3665 terreni
1297 3619 1351 3664 et
1387 3606 1526 3663 aridi
1571 3606 1941 3680 signiﬁcantur
1978 3606 2034 3661 in

435 3704 634 3765 arenis.

508 3797 598 3859 41.
647 3795 974 3859 Rcsurrectio
1020 3793 1211 3852 Christi
1254 3798 1458 3867 futura,
1501 3792 1799 3865 prtedicitar
1824 3800 1880 3847 ut
1918 3794 2037 3864 jam

435 3890 594 3962 facta.
646 3917 718 3929 ——
768 3888 899 3943 Dein
956 3887 1206 3958 sequitur
1239 3885 1520 3954 :Surrexi,
1569 3893 1616 3939 et
1660 3883 1829 3937 adhuc
1872 3889 2037 3937 tecum

436 4001 568 4041 sum.
600 3981 839 4048 Summi,
862 3979 930 4038 ad
957 3979 1373 4037 resurrectionis
1397 3978 1620 4051 gloriam
1665 3985 1874 4049 spectat
1898 3993 1910 4030 :
1940 3976 2039 4032 sed

444 4076 744 4133 secundum
769 4073 1162 4146 pra-scientiam
1194 4073 1285 4128 Dei
1306 4071 1359 4127 id
1380 4071 1533 4142 quod
1548 4070 1785 4127 futurum
1799 4078 1882 4126 est
1903 4078 2039 4125 tant-

437 4186 599 4242 quam
634 4169 975 4241 praeteritum
1019 4165 1287 4237 loquitur,
1320 4166 1443 4237 quia
1494 4164 1606 4221 Deo
1646 4164 1716 4220 ob
1756 4163 2037 4218 scientiam

434 4274 599 4337 atque
630 4263 882 4321 virtutem
910 4276 1031 4333 quae
1060 4260 1239 4317 futura
1267 4266 1394 4314 sunt
1422 4255 1562 4315 facta
1605 4264 1754 4322 sunt,
1781 4262 1840 4313 ut
1876 4255 2039 4313 etiam

437 4356 757 4426 nosmetipsi
785 4355 923 4410 facta
960 4368 1082 4413 esse
1103 4350 1496 4417 exisﬁmamus,
1527 4364 1648 4419 quae
1693 4348 1872 4403 futura
1916 4360 2041 4403 esse

326 4452 335 4456 ’
439 4448 780 4509 conﬁdimus.
806 4446 863 4505 Id
896 4455 1099 4512 autem,
1131 4444 1199 4500 Et
1236 4444 1405 4499 adhuc
1432 4452 1592 4497 tecum
1627 4458 1763 4507 sunt,
1802 4440 2039 4497 nondum

2933 1783 3217 1849 libidinem,
3255 1789 3719 1859 concupiscentiam

2126 1873 2176 1920 et
2219 1868 2487 1923 avaritiam
2536 1868 2762 1941 (Colca.
2790 1885 2870 1939 nt,
2905 1872 2985 1945 5).
3032 1873 3124 1930 Sic
3152 1886 3404 1945 peccator
3437 1879 3722 1948 occiditur,

2122 1971 2250 2015 cum
2275 1962 2555 2031 generatio
2602 1964 2728 2019 vitae
2773 1964 3033 2034 spiritalis
3084 1966 3337 2024 uitiatum
3375 1970 3617 2026 omnium
3666 1979 3724 2027 et

2126 2063 2472 2123 peccatorum
2503 2065 2681 2115 morte
2704 2069 3015 2115 renovatur.

2199 2185 2288 2242 45.
2320 2186 2578 2244 Probatur
2602 2191 2765 2262 magis
2786 2193 3163 2268 contentiones
3182 2212 3333 2262 quam
3362 2195 3602 2253 dices.—
3628 2196 3726 2255 Se-

2126 2279 2307 2350 quitur
2345 2280 2539 2337 dcinde
2568 2300 2582 2337 :
2619 2281 2733 2336 Viri
2767 2284 3070 2354 sanguinum
3105 2286 3355 2343 declinate
3382 2305 3413 2341 a
3439 2306 3518 2344 me
3542 2307 3561 2345 :
3592 2307 3722 2361 quo-

2126 2371 2263 2425 niam
2293 2371 2429 2428 dices
2457 2373 2512 2427 in
2539 2374 2845 2447 cogitatione
2872 2391 2891 2431 :
2922 2377 3185 2450 Accipient
3209 2377 3263 2432 in
3300 2381 3574 2436 vanitatem
3602 2382 3724 2437 civi-

2129 2470 2255 2518 tates
2303 2481 2441 2521 saas.
2501 2464 2690 2521 Latina
2745 2467 3050 2536 translatio,
3111 2469 3237 2525 dum
3295 2473 3548 2528 virtutem
3598 2472 3728 2529 dicti

2129 2556 2361 2627 ignorat,
2395 2573 2644 2631 magnam
2689 2558 2866 2615 intulit
2914 2560 3325 2631 obscuritatem,
3369 2580 3477 2620 non
3523 2564 3732 2622 discer-

2131 2665 2266 2706 nens
2292 2652 2523 2723 ambigui
2552 2652 2825 2710 sermonis
2853 2654 3260 2725 pr0prietatem.
3283 2655 3437 2722 Quod
3469 2659 3613 2713 enim
3634 2674 3731 2713 no-

2131 2741 2334 2799 biscum
2367 2743 2653 2800 scribitur:
2689 2743 2945 2811 Quoniam
2982 2745 3120 2801 dices
3160 2747 3214 2801 in
3242 2748 3571 2818 cogitatione,
3605 2763 3729 2805 cum

2131 2833 2336 2891 Grmcis
2362 2834 2465 2891 hoc
2505 2836 2667 2892 modo
2688 2845 2792 2903 est,
2823 2836 2902 2896 ὅτι
2928 2840 3067 2916 ἐρεῖς
3096 2841 3168 2902 εἰς
3202 2838 3554 2916 διαλογισμὸν,
3584 2852 3641 2898 et
3668 2842 3731 2898 il.

2130 2924 2222 2980 lud
2250 2927 2382 3004 ἐρεῖς
2426 2928 2865 2998 pronuntiatione
2894 2928 2964 3002 (e)
3004 2945 3110 2985 non
3138 2931 3502 3003 distinguitur,
3551 2942 3609 2988 ut
3639 2942 3734 2989 aut

2132 3018 2260 3072 dicis
2292 3018 2645 3090 intelligatur,
2676 3029 2768 3075 aut
2802 3021 3054 3076 contentio
3084 3040 3098 3076 :
3130 3031 3419 3095 utrumque
3445 3023 3587 3079 enim
3632 3023 3733 3081 sub

2133 3111 2324 3167 iisdem
2358 3112 2536 3175 verbis
2557 3113 2889 3185 signiﬁcatur
2908 3116 3009 3170 hoc
3030 3115 3196 3171 dicto.
3216 3115 3323 3173 Sed
3345 3115 3397 3171 bi
3417 3115 3487 3191 (ι’)
3511 3119 3600 3187 qui
3631 3117 3733 3175 lte-

2135 3204 2304 3262 braici
2328 3206 2597 3263 sermonis
2622 3208 2904 3283 scientiam
2938 3212 3215 3265 consecuti
3254 3221 3401 3280 sunt,
3432 3227 3536 3267 non
3580 3213 3733 3279 dicis,

2086 3326 2089 3329 -
2136 3295 2230 3352 sed
2260 3298 2609 3353 contentiones
2638 3298 2690 3353 in
2722 3314 2788 3354 eo
2815 3299 2956 3371 quod
2988 3302 3118 3379 ἐρεῖς
3156 3304 3476 3359 translatum
3499 3314 3583 3361 est
3611 3319 3737 3376 pro-

2137 3390 2413 3448 diderunt.
2439 3390 2511 3448 Et
2541 3408 2674 3449 sane
2718 3392 2771 3449 id
2818 3394 2889 3449 ita
2932 3410 3056 3451 esse
3104 3397 3243 3453 ratio
3283 3409 3338 3455 et
3380 3398 3735 3472 intelligentia

2137 3486 2479 3542 monstrabit.

2208 3600 2301 3660 44.
2343 3600 2453 3656 Viri
2479 3602 2812 3672 sanguinum,
2851 3616 3069 3671 quorum
3109 3600 3347 3655 doctrina
3385 3601 3606 3667 adulans
3647 3612 3738 3658 aut

2138 3696 2339 3753 dolosa.
2368 3725 2442 3736 --
2477 3694 2615 3761 Viri,
2662 3693 2856 3766 inquit,
2901 3695 3215 3766 sanguinalis
3257 3695 3512 3752 declinata
3553 3713 3588 3751 a
3634 3712 3734 3752 mc.

2140 3789 2358 3855 Homini
2383 3790 2439 3845 in
2465 3786 2753 3845 Ezechiele
2781 3787 3005 3855 dictum,
3029 3786 3328 3859 Episcopos
3356 3804 3481 3846 reos
3513 3789 3735 3860 sangui-

2142 3882 2226 3938 nis
2250 3880 2480 3949 l‘uturos,
2513 3895 2745 3953 quorum
2775 3879 3016 3935 adulanti
3042 3879 3262 3936 silentio
3292 3882 3477 3952 plures
3505 3881 3562 3938 in
3591 3883 3736 3940 inte-

2142 3976 2306 4037 ritum
2337 3974 2678 4041 incidissent,
2708 3974 2782 4028 ita
2811 3971 2894 4027 ξιτ
2896 3972 2956 4027 ili
2984 3972 3206 4027 hominis
3225 3975 3599 4045 speculatorem
3621 3974 3742 4030 dedi

2143 4076 2190 4122 te
2215 4066 2398 4122 domus
2428 4063 2617 4129 Israel,
2648 4072 2695 4119 et
2719 4064 2898 4119 audies
2923 4079 2987 4118 ea:
3012 4079 3100 4118 ore
3120 4079 3230 4119 meo
3257 4065 3486 4130 verbum,
3518 4076 3570 4121 et
3597 4081 3741 4132 com.

2144 4157 2416 4215 minaberis
2445 4164 2491 4211 et
2516 4156 2563 4209 si
2583 4170 2685 4210 non
2712 4154 2994 4211 distinxisti
3024 4169 3185 4223 neque
3220 4154 3423 4210 loeutus
3446 4172 3520 4224 es,
3552 4165 3608 4210 ut
3635 4157 3743 4213 dis-

2144 4250 2395 4321 tingueres
2415 4248 2612 4319 iniquo,
2654 4255 2709 4301 ut
2738 4262 2791 4301 se
2817 4254 3059 4302 averteret
3109 4245 3173 4300 ab
3200 4246 3466 4303 itineribus
3514 4247 3642 4315 suis,
3691 4255 3744 4303 et

2144 4343 2367 4409 uiueret;
2412 4341 2617 4420 iniguus
2661 4340 2751 4395 ille
2796 4338 2850 4394 in
2896 4339 3169 4410 iniquitate
3208 4356 3303 4395 sua
3340 4342 3606 4408 morietur,
3650 4341 3743 4421 sed

2143 4435 2448 4506 sanguinem
2475 4428 2587 4503 ejus
2614 4432 2677 4487 de
2707 4446 2864 4485 manu
2893 4440 2981 4485 tua
3003 4432 3261 4502 requiram
3288 4430 3503 4504 (Ezech.
3562 4448 3640 4499 tn,
3676 4433 3742 4488 i7

443 4542 706 4615 temporis
754 4556 874 4598 esse
920 4540 1188 4612 signiﬁcat
1236 4548 1293 4593 ut
1345 4543 1612 4607 resurgat,
1644 4534 1769 4606 quia
1796 4533 2041 4591 nondum
2062 4534 2119 4602 D
2142 4539 2190 4587 et
2225 4527 2333 4600 18).
2367 4527 2435 4582 Et
2472 4525 2688 4581 invenio
2717 4524 2881 4579 alium
2912 4523 3347 4615 sanguinarium,
3378 4526 3448 4581 de
3483 4540 3590 4596 quo
3629 4525 3744 4581 dic-

444 4646 655 4705 tempus
701 4634 773 4689 sit
817 4633 1104 4704 passionis,
1154 4646 1276 4687 cum
1309 4644 1369 4686 se
1396 4627 1572 4685 adhuc
1601 4642 1726 4683 esse
1761 4642 1882 4683 cum
1933 4627 2040 4683 Deo

444 4729 783 4800 proﬁteatur.
810 4726 930 4799 Ipse
943 4726 1086 4782 enim
1109 4725 1184 4780 ait
1218 4742 1231 4777 :
1259 4722 1307 4779 A
1326 4720 1436 4780 Deo
1462 4721 1615 4787 exivi,
1639 4727 1689 4774 et
1711 4719 1824 4775 veni
1854 4716 2039 4789 (Joan.

519 4891 591 4966 (α)
635 4887 1101 4969 Apud_Bad.,Er.
1156 4892 1213 4942 et
1238 4850 1396 4969 Lips.
1448 4882 1859 4969 desiderabatur
1896 4889 2034 4969 ante.

444 4954 585 5045 Tu‘ui
624 4954 763 5031 apud
805 4962 925 5017 Par.
971 4954 1109 5014 male
1151 4958 1387 5028 positum
1418 4965 1535 5023 est,
1591 4954 1782 5010 Ismael
1828 4968 2040 5025 genera-

450 5047 752 5178 ιωδῖὒξιμ.
768 5101 929 5161 etEr.
952 5102 1114 5159 dum:
1139 5098 1287 5170 Lips.
1311 5098 1815 5156 tumtemendantur
1828 5111 1890 5152 ex
1915 5093 2038 5149 Par.

447 5174 886 5321 ειῶδίὶξῖῗέηιιδ
911 5243 1241 5321 obtinuerat,
1270 5250 1327 5296 ut
1367 5249 1484 5296 ante
1508 5239 1725 5321 veniam.
1760 5236 2044 5321 abstinere

446 5311 557 5377 non
572 5311 865 5389 potuimus,
887 5315 1025 5389 quin
1037 5315 1469 5389 restitueremus,
1481 5321 1539 5389 ut
1557 5329 1589 5365 a
1610 5311 1869 5389 lenoniam
1887 5325 1905 5362 :
1918 5322 2040 5389 cum

448 5382 706 5461 respiciat
729 5382 965 5461 Hilarius
992 5385 1148 5461 illud,
1175 5403 1208 5439 a
1248 5383 1359 5461 Deo
1388 5384 1556 5448 exivi;
1583 5382 1674 5461 ubi
1704 5384 1828 5451 quia
1863 5382 2046 5461 sequi~

453 5450 562 5527 tur',
593 5469 641 5515 et
666 5462 801 5526 veni,
828 5457 1044 5527 subiicit
1071 5459 1233 5512 etiam
1263 5456 1350 5511 hic
1371 5470 1495 5510 cum
1521 5450 1751 5524 quadam
1781 5450 2044 5519 emphasi,

451 5532 719 5603 etveniam
744 5527 1089 5603 inmundum.
1164 5597 1179 5603 _
1668 5593 1680 5603 _
1826 5592 1842 5603 ,
1898 5590 1929 5603 η,

526 5600 740 5673 (d)Pro
766 5603 860 5670 ita,
883 5600 1022 5672 quod
1042 5606 1145 5673 est,
1164 5597 1268 5673 hoc
1294 5611 1491 5671 genere
1525 5592 2054 5673 mortis,_subs.tituc-

454 5664 544 5729 rat
564 5664 801 5744 Lipsius,
831 5664 930 5739 ait',
977 5686 1041 5728 ac
1090 5664 1343 5741 deinceps
1384 5675 1655 5725 retentum
1690 5664 1811 5732 iuit,
1849 5664 2056 5734 absque

455 5744 568 5801 ulla
592 5745 929 5801 auctoritate.
1922 5757 1925 5761 '

2145 4631 2260 4679 tum
2289 4627 2374 4677 est
2406 4637 2419 4673 :
2462 4615 2643 4673 Virum
2671 4615 2981 4687 sanguinum
3006 4624 3054 4670 et
3083 4614 3319 4671 dolosam
3365 4615 3741 4672 abominabitur

2148 4715 2288 4772 Deus
2318 4710 2494 4787 (Psal.
2538 4724 2593 4777 v,
2638 4707 2717 4779 8).
2753 4704 2825 4763 Ut
2873 4706 3036 4778 igitur
3080 4706 3183 4762 viri
3238 4707 3561 4778 sanguinem
3606 4715 3736 4764 sunt

2220 4875 2292 4951 (e)
2314 4873 2387 4951 In
2401 4873 2546 4944 prius
2577 4868 2807 4951 vulgatis
2827 4866 3016 4951 deerat
3039 4865 3300 4951 particula
3332 4865 3743 4951 negansxflanc

2147 4938 2240 5005 ita‘
2270 4938 2832 5019 evidenterposiulat
2861 4940 2999 5019 ratio
3041 4938 3347 5019 dictorum,
3406 4938 3463 4993 ut
3506 4939 3743 5019 adjicere

2148 5036 2268 5077 eam
2324 5017 2482 5073 nobis
2531 5010 2694 5070 licere
2745 5010 3152 5081 putaverimus,
3206 5010 3440 5081 maxime
3488 5025 3611 5066 eum
3651 5011 3739 5071 hic

2152 5101 2212 5147 ut
2236 5091 2493 5157 deinceps
2543 5084 2702 5141 nobis
2747 5079 2860 5137 non
2890 5085 3139 5150 suppetat
3182 5079 3287 5157 nisi
3318 5095 3418 5157 ms.
3441 5081 3742 5157 _Mieiace_n-

2152 5165 2249 5228 sis,
2281 5151 2446 5232 quem
2474 5157 2661 5213 Romae
2703 5158 2976 5210 serratum
3007 5152 3293 5207 consulere
3330 5153 3484 5208 nobis
3528 5169 3635 5209 non
3661 5151 3742 5208 fa-

2189 5236 2255 5287 ile
2277 5241 2382 5287 est.

2154 5234 2771 5375 θ¹¹ῗίξῖξξωοηωηημ
2800 5293 3020 5375 hebrum
3047 5294 3233 5375 vertit,
3267 5292 3357 5364 φά
3395 5294 3745 5375 ςοοκναάίςρηε

2152 5363 2540 5448 tibi_'sce_lerate._'
2572 5367 2747 5448 ϐιωρὶ
2794 5363 3286 5448 ριθτὶξιιιθηιεεθιηιιί
3320 5366 3408 5448 qui
3448 5363 3748 5448 contentiosi

2157 5446 2293 5501 estis.
2325 5443 2458 5499 Cum
2484 5441 2566 5495 his
2595 5434 3221 5510 psalteriumMediolau.
3250 5434 3487 5510 exhibet,
3514 5434 3597 5510 qui
3627 5450 3753 5510 cou-

2161 5516 2364 5573 tentiosi
2402 5503 2611 5586 estisAin'
2629 5509 3038 5586 cogitationibus.
3070 5505 3425 5586 lleracleotcs
3454 5504 3592 5586 apud
3619 5503 3755 5586 Cor:

2163 5587 2373 5644 derium
2396 5586 2469 5640 ait
2494 5583 2656 5657 alium
2687 5576 2885 5657 legere,
2914 5580 3035 5657 quia
3062 5576 3269 5657 litigiosi
3290 5585 3429 5641 sunt;
3459 5576 3645 5657 alium,
3666 5576 3756 5645 qui

2161 5659 2402 5714 adversus
2429 5666 2474 5711 te
2497 5647 3353 5733 dixerunt'cogitationentfalium,
3372 5647 3615 5716 quoniam
3638 5660 3759 5703 exn-

2166 5731 2491 5787 cerbavernnt
2518 5735 2564 5783 te
2590 5726 2647 5805 in
2683 5720 3080 5783 malo—consilio.
