4134 6184
458 267 568 326 815

1684 247 1927 309 SANCTI
1969 246 2225 307 lllLARll
2264 247 2572 308 EPISCOPI

3644 247 3749 306 816

461 396 690 458 quorum
719 379 947 436 adulans
973 371 1215 431 doctrina
1243 376 1362 436 est;
1408 369 1480 425 ita
1511 377 1567 423 ct
1599 368 1699 424 viri
1729 367 2047 439 sanguinum
2077 367 2126 427 A
2156 367 2316 438 titius)
2345 370 2396 421 in
2427 369 2598 434 corde,
2635 373 2739 422 tota
2758 367 2840 422 die
2865 368 3234 423 constituebant
3263 367 3465 438 pratia.
3492 366 3748 422 Acuerunt

460 485 608 539 sunt,
637 487 863 544 quorum
895 469 1078 524 dolosa
1109 474 1193 521 est
1212 463 1479 520 doctrina.

531 567 621 622 45.
657 561 898 619 Hteretici
925 559 1019 613 viri
1049 557 1377 629 sanguinum.
1399 587 1472 596 -—
1499 555 1689 610 Dolosa
1718 562 1898 610 autem
1927 553 2056 609 doc-

462 664 604 718 trina
642 669 724 714 est
753 654 1157 717 haireticorum,
1203 651 1306 707 sub
1334 651 1550 706 nomine
1583 650 1676 704 Dci
1714 649 2052 719 hlaSphema,

459 756 564 813 sub
590 758 853 822 praetextu
896 745 1177 816 religionis
1220 744 1403 814 impia,
1451 743 1553 798 sub
1598 742 1844 797 veritatis
1873 743 2056 811 specie

457 846 622 902 fallax
650 860 663 896 :
696 855 925 912 quorum
957 839 1009 892 in
1041 837 1222 893 animo
1269 845 1323 891 et
1361 835 1685 906 cogitatione
1715 835 1888 890 solum
1927 848 2058 888 con-

460 935 720 994 tentionis
747 934 982 990 studium
1015 931 1272 1002 persistit.
1317 929 1461 986 Nihil
1491 930 1556 984 ad
1605 929 1832 984 salutem
1885 927 2060 982 homi-

460 1044 591 1087 num
619 1027 889 1092 laborant,
932 1023 1062 1080 nihil
1093 1023 1160 1078 ad
1185 1037 1336 1092 spem
1367 1021 1673 1092 acquirunt,
1708 1020 1842 1075 nihil
1873 1018 2061 1089 paciﬁ-

463 1137 587 1177 cum
616 1120 874 1191 cogitant,
930 1125 990 1172 ut
1031 1115 1208 1172 omnis
1231 1115 1315 1170 his
1356 1115 1408 1169 in
1439 1113 1878 1169 contentionibus
1907 1112 2063 1168 labor

462 1216 559 1280 sit,
615 1223 670 1270 et
724 1226 955 1284 pugnam
1004 1208 1354 1266 meditentur.
1413 1207 1505 1262 Isti
1552 1205 1800 1262 infelices
1852 1205 2062 1260 animas

464 1305 837 1375 exstinguunt,
871 1302 999 1359 etin
1032 1317 1224 1356 vanum
1257 1298 1518 1355 ecclesias
1553 1296 1656 1352 sibi
1683 1305 2015 1366 congregant
2045 1312 2058 1349 :

463 1413 598 1469 quas
625 1397 875 1453 civitates
906 1395 1025 1459 Dei,
1057 1391 1352 1449 secundum
1377 1389 1748 1462 propheticam
1788 1387 2064 1458 evangeli-

463 1505 690 1560 eamque
717 1486 1189 1550 consuetudinem,
1221 1481 1522 1553 nuncupari
1565 1481 1820 1551 frequens
1857 1488 1913 1535 et
1941 1479 2064 1550 plu-

461 1584 600 1638 rima
627 1581 920 1636 auctoritas
943 1587 1046 1633 est.
1077 1576 1190 1631 Hoc
1219 1589 1350 1646 ergo
1378 1573 1716 1644 signiﬁcatur
1746 1572 1830 1626 his
1859 1569 2018 1626 dictis
2047 1587 2060 1623 :

465 1674 631 1747 583
669 1672 781 1726 Viri
810 1672 1120 1742 sanguinum
1149 1669 1401 1722 declinate
1427 1684 1457 1719 a
1501 1681 1601 1731 me,
1628 1665 1791 1720 Vens.
1820 1665 1914 1731 21),
1938 1663 2062 1734 quia

2161 460 2362 532 linguas
2390 478 2512 516 suas
2531 463 2664 516 sicut
2683 471 2939 532 serpentes
2970 478 2989 516 :
3019 477 3268 516 venenum
3289 460 3530 532 aspidnm
3556 462 3646 514 sub
3674 461 3752 514 la-

2154 553 2252 608 biis
2274 570 2468 607 eorum.
2493 554 2819 610 Drusum.
2852 552 3066 607 Custodi
3105 569 3203 616 me,
3239 551 3478 613 Domine,
3507 551 3572 606 de
3598 568 3752 605 manu

2157 649 2461 717 peccatoris,
2501 648 2564 702 ab
2587 646 2657 719 (et
2687 646 2772 720 ab)
2819 648 3108 702 hominibus
3138 647 3328 717 iniquis
3364 647 3505 716 eripe
3543 662 3642 713 me,
3668 647 3756 714 qui

2160 741 2504 809 cogitaverunt
2540 738 2880 810 supplantare
2918 755 3124 810 gressus
3163 752 3327 793 meos.
3372 736 3758 791 Absconderunt

2159 835 2364 907 superbi
2387 834 2625 904 laqueum
2660 835 2810 894 mihi.
2840 842 2887 889 et
2923 838 3071 906 funes
3096 837 3435 888 extenderunt
3467 829 3761 899 muscipula

2159 928 2235 1000 (in
2278 925 2642 999 muscipulam)
2683 926 2900 999 pedibus
2953 925 3078 981 meis
3136 939 3157 981 :
3206 923 3507 980 continuata
3564 923 3762 978 semitis

2160 1020 2403 1075 scandala
2448 1029 2724 1091 posuerunt
2778 1019 2923 1074 mihi.
2969 1019 3297 1074 DIAPSALMA.
3327 1015 3450 1071 Dixi
3495 1014 3764 1070 Domino:

2161 1113 2304 1168 Deus
2333 1129 2473 1167 meus
2501 1129 2552 1168 es
2578 1123 2631 1167 tu
2659 1128 2678 1166 :
2704 1111 2891 1166 exaudi
2943 1109 3217 1184 (inaurire)
3236 1152 3252 1178 ,
3299 1107 3538 1176 Domine,
3586 1124 3764 1163 vocent

2164 1206 2413 1261 orationis
2452 1222 2594 1262 mete.
2619 1204 2844 1260 Domine
2868 1204 3028 1259 virtus
3054 1203 3237 1258 salutis
3266 1219 3412 1266 mew,
3445 1201 3767 1258 obumbrasti

2163 1314 2316 1368 super
2336 1306 2487 1369 caput
2508 1296 2672 1370 584
2695 1313 2882 1352 meum.
2913 1296 3035 1351 Non
3058 1297 3236 1350 tradas
3258 1311 3338 1349 me
3359 1293 3524 1366 (Infra
3547 1293 3766 1348 additur

2163 1393 2218 1445 in
2246 1391 2330 1445 die
2349 1390 2493 1462 belli)
2536 1408 2569 1444 a
2609 1392 2862 1446 desiderio
2899 1407 3011 1445 meo
3057 1389 3317 1457 peccatori
3361 1404 3381 1444 :
3419 1389 3768 1460 cogitaverunt

2165 1482 2458 1555 (adversum
2504 1500 2601 1538 me.
2632 1483 2768 1538 Tum
2810 1500 2874 1538 ne
2903 1484 3079 1539 tradas
3127 1481 3244 1538 sine
3284 1482 3388 1552 me)
3420 1498 3562 1536 :non
3589 1481 3766 1535 tradas

2165 1593 2263 1641 nte,
2291 1577 2534 1642 Domine,
2563 1593 2624 1631 ne
2647 1592 2891 1648 umquam
2905 1577 3209 1631 exaltentur.
3237 1575 3566 1630 Dupsnuts.
3596 1573 3765 1645 Caput

2165 1667 2407 1720 circuitus
2439 1683 2614 1721 eorum
2635 1708 2650 1734 ,
2692 1667 2835 1721 labor
2879 1667 3130 1721 labiorum
3160 1666 3392 1734 ipsorum
3430 1667 3624 1734 aperiet
3652 1680 3760 1720 eos.

467 1746 815 1821 contentiones
842 1766 896 1818 in
925 1762 1253 1834 cogitatione,
1283 1760 1536 1824 accipient
1555 1759 1608 1811 in
1636 1773 1823 1812 vanum
1837 1758 2063 1812 civitates
2091 1746 2139 1806 Β
2167 1758 2361 1815 Cadent
2383 1777 2534 1833 super
2559 1776 2644 1814 eos
2674 1759 2918 1814 carbones
2945 1759 3102 1830 ignis,
3125 1769 3172 1813 et
3199 1757 3403 1832 dejiciet
3427 1773 3511 1812 eos
3533 1773 3553 1811 :
3580 1758 3634 1811 in
3668 1757 3770 1811 mi-

461 1873 605 1913 suas.
621 1857 735 1911 Viri
760 1855 1081 1924 sanguinum
1113 1862 1260 1918 sunt,
1283 1850 1920 1920 pr0pterdeperditarum
1944 1850 2061 1903 ani-

464 1969 676 2009 marum
696 1961 902 2008 reatum
926 1949 1229 2005 :declinare
1241 1947 1522 2016 jubentur,
1542 1946 1663 2016 quia
1687 1945 2062 2001 contentiones

463 2046 520 2101 in
549 2045 876 2117 cogitatione
907 2051 1050 2098 sunt.
1099 2040 1164 2096 Hi
1197 2041 1250 2095 in
1293 2055 1491 2094 vanum
1522 2039 1768 2095 civitates
1796 2038 1889 2094 Dei
1924 2038 2067 2094 acci-

460 2137 637 2208 piunt,
668 2135 1124 2192 infructuosarum
1151 2130 1506 2186 ecclesiarum
1551 2139 1726 2186 coctus
1752 2145 1849 2201 per
1886 2128 2065 2185 schis-

463 2239 670 2287 matum
694 2227 919 2284 dissidia
949 2224 1261 2282 reddentes.

534 2322 628 2378 46.
658 2320 848 2375 Odium
879 2319 1042 2387 pium.
1076 2345 1148 2357 —
1177 2310 1499 2384 Sed’plane,
1531 2312 1654 2382 quia
1682 2326 1785 2383 pax
1814 2320 1869 2367 ct
1905 2309 2068 2382 justi-

463 2415 539 2470 tia
563 2422 617 2470 et
646 2413 849 2467 veritas
875 2421 976 2475 est,
1007 2407 1260 2464 affectum
1298 2407 1350 2461 in
1381 2420 1476 2461 eos
1501 2419 1658 2460 suum
1691 2404 1952 2471 ostendit,
1985 2402 2069 2459 di-

465 2519 620 2571 cens,
642 2501 813 2558 Vens.
837 2499 904 2554 21
933 2509 987 2554 et
1012 2499 1081 2552 ‘22
1109 2516 1122 2554 :
1151 2497 1340 2552 Nonne
1355 2497 1582 2551 odientes
1599 2505 1665 2560 te,
1686 2495 1926 2562 Domine,
1956 2495 2069 2549 odi-

464 2595 537 2661 vi,
567 2603 616 2647 et
651 2609 806 2665 super
842 2590 1074 2644 inimicos
1111 2597 1222 2643 tuos
1261 2586 1622 2643 tabescebant?
1668 2584 1908 2656 Perfecto
1949 2586 2069 2641 odio

468 2687 679 2741 oderam
705 2683 860 2749 illos;
908 2680 1104 2736 inimici
1145 2679 1271 2749 facti
1307 2687 1425 2732 sunt
1454 2677 1599 2730 mihi.
1632 2677 1728 2732 Est
1759 2677 2068 2748 religiosum

463 2778 670 2845 odium,
691 2776 944 2846 quotiens
964 2773 1017 2827 in
1047 2771 1202 2827 nobis
1230 2769 1354 2827 odio
1379 2779 1463 2825 est
1487 2769 1578 2840 qui
1600 2769 1765 2824 Deum
1797 2769 1931 2824 odit.
1966 2769 2072 2823 Ini-

463 2869 638 2925 micos
667 2865 883 2936 quidem
923 2871 1142 2918 nostros
1183 2876 1366 2916 amare
1409 2861 1752 2930 praecipimur
1775 2859 1990 2932 (Matth.
2015 2875 2068 2927 ν,

464 2960 560 3030 44)
590 2976 605 3025 ;
635 2957 732 3014 sed
763 2967 999 3022 nostros,
1046 2970 1156 3010 non
1199 2965 1256 3010 ει
1281 2954 1393 3008 Dei.
1428 2951 1582 3020 Nam,
1607 2952 1762 3022 juxta
1796 2953 1985 3018 Deum,
2015 2961 2071 3008 et

465 3061 679 3123 patrem
728 3061 785 3106 et
813 3058 1045 3105 matrem
1091 3057 1146 3103 et
1198 3047 1481 3117 conjugem
1513 3055 1568 3100 et
1599 3044 1737 3101 ﬁlios
1767 3054 1822 3101 et
1874 3045 2070 3101 fratres

2165 1854 2312 1909 seriis
2340 1870 2442 1908 non
2464 1853 2757 1908 subsistent.
2796 1853 2890 1908 Vir
2917 1853 3188 1924 linguosus
3207 1869 3308 1907 non
3333 1852 3584 1923 dirigetur
3611 1867 3770 1920 super

2169 1955 2355 2000 terram
2379 1963 2397 2000 :
2421 1947 2585 2000 virum
2612 1947 2859 2017 injustam
2881 1947 3019 2001 mala
3047 1947 3248 2018 capient
3278 1948 3331 2000 in
3352 1947 3618 2000 interitum
3656 1947 3770 2015 (in-

2169 2038 2365 2108 teritu).
2401 2037 2625 2109 Cognovi
2669 2039 2912 2109 quoniam
2956 2039 3076 2109 fecit
3117 2038 3260 2108 (quia
3295 2037 3468 2109 faciet)
3515 2037 3772 2091 Dominus

2160 2132 2423 2202 judicium
2443 2132 2636 2201 inopis,
2666 2141 2715 2186 et
2740 2131 3017 2186 vindictam
3041 2147 3343 2203 pauperum.
3371 2133 3608 2185 Attamen
3631 2129 3772 2204 justi

2171 2224 2548 2296 confitebuntur
2577 2225 2772 2279 nomini
2793 2234 2903 2290 tuo,
2943 2235 2992 2279 et
3024 2223 3322 2278 habitabant
3343 2223 3468 2279 recti
3493 2239 3610 2279 cum
3637 2222 3775 2297 facie

2174 2325 2280 2371 tua.

2604 2385 3024 2446 TRACTATUS
3060 2386 3334 2445 PSALMI.

2249 2505 2298 2559 l.
2329 2503 2498 2560 David
2526 2507 2794 2560 convenire
2831 2513 2995 2577 potest
3023 2505 3273 2575 psalmus.
3305 2504 3406 2559 Aut
3438 2503 3673 2574 ﬁdelium
3698 2513 3776 2559 est

2174 2599 2360 2652 oratio.
2390 2629 2462 2640 —
2489 2595 2713 2668 Cmptus
2740 2606 2826 2653 est
2855 2598 3094 2668 psalmus
3137 2611 3203 2652 ex
3257 2610 3488 2667 persona
3535 2594 3775 2651 hominis

2174 2689 2316 2744 inter
2337 2691 2530 2745 multas
2557 2690 2933 2745 infestationes
2959 2688 3302 2746 inimicorum
3324 2687 3490 2754 anxii,
3511 2687 3775 2743 adversus

2174 2799 2334 2854 quem
2369 2785 2553 2839 multa:
2597 2784 2808 2840 insidiae
2843 2793 2900 2839 et
2932 2783 3044 2839 doli
3071 2785 3252 2854 plures
3283 2783 3394 2838 sint
3426 2800 3439 2835 :
3473 2794 3529 2839 et
3572 2797 3774 2838 conve-

2175 2876 2291 2930 nire
2317 2875 2432 2930 haec
2461 2876 2640 2942 omnia
2666 2875 2718 2930 in
2751 2890 3038 2946 personam
3083 2874 3242 2945 hujus
3285 2873 3562 2946 propheta:
3609 2871 3775 2928 David

2176 2966 2449 3034 videntur,
2483 2969 2636 3038 cujus
2665 2968 2773 3022 vita
2805 2965 3054 3022 intestata
3081 2966 3319 3037 undique
3353 2975 3410 3022 et
3444 2965 3602 3036 plena
3633 2979 3776 3020 sem-

2176 3072 2274 3128 per
2303 3059 2558 3129 periculis
2589 3060 2709 3115 fuit.
2743 3059 2871 3116 Saul
2915 3073 3040 3115 eum
3073 3059 3126 3114 in
3153 3059 3391 3125 deserto,
3418 3059 3472 3114 in
3524 3058 3770 3124 urbibus,

467 3150 651 3206 odisse
704 3149 958 3205 devotum
989 3155 1073 3203 est
1103 3145 1255 3218 (Luc.
1283 3161 1394 3210 xw,
1425 3143 1543 3216 26).
1572 3143 1698 3198 Odit
1724 3159 1854 3214 ergo
1883 3144 2072 3199 odien-
2099 3134 2144 3197 C
2179 3150 2317 3206 bello
2347 3166 2412 3206 ac
2441 3152 2579 3206 dolis
2607 3150 2971 3223 sequebatur;
3005 3159 3368 3222 persequente
3407 3166 3624 3222 quoque
3666 3150 3776 3206 ﬁlio

467 3253 552 3298 tes
582 3242 771 3306 Deum,
803 3250 858 3294 et
890 3237 1231 3292 inimicorum
1267 3235 1390 3290 odio
1433 3235 1677 3301 tabescit,
1712 3245 1766 3291 et
1805 3235 1920 3290 odit
1949 3235 2074 3291 odio
2174 3243 2342 3313 ipsius
2368 3243 2692 3309 Abessalon,
2717 3244 2774 3300 οι
2814 3244 2982 3298 multa
3021 3245 3282 3300 adversus
3322 3259 3546 3316 regnum
3579 3244 3778 3299 vitam-

468 3333 738 3406 perfeClO.
780 3340 835 3388 et
862 3330 1063 3386 inimici
1111 3328 1218 3384 sibi
1250 3329 1374 3383 facti
1406 3335 1552 3382 sunt.
1584 3326 1701 3383 Non
1733 3328 1876 3383 enim
1905 3327 2074 3386 Filius
2175 3351 2280 3408 que
2306 3337 2425 3407 ejus
2449 3337 2705 3393 moliente
2727 3345 2783 3393 et
2803 3337 3054 3394 audente.
3080 3337 3264 3393 Multis
3289 3347 3548 3406 prmterea
3580 3337 3702 3392 aliis
3725 3344 3779 3393 et

467 3427 715 3483 diversus
741 3441 771 3481 a
801 3425 961 3480 Patre
981 3431 1101 3489 GSl;
1131 3430 1188 3477 ιιι
1215 3437 1321 3477 non
1353 3419 1513 3475 alteri
1546 3419 1819 3488 inimicus,
1857 3420 2073 3492 utrique
2173 3429 2489 3487 domesticis
2544 3442 2599 3488 οι
2643 3433 2916 3489 extraneis
2971 3433 3182 3489 insidiis
3230 3433 3508 3505 subjectus
3561 3448 3778 3504 semper

475 3521 574 3576 ﬁat
597 3520 868 3577 inimicus.

540 3613 632 3669 47.
670 3611 796 3667 Ηίεε
823 3609 1018 3665 Christi
1039 3607 1187 3664 verba
1207 3617 1344 3664 sunt.
1375 3636 1447 3650 —-
1475 3606 1762 3664 Concludit
1786 3606 1981 3663 deinde
2003 3606 2070 3662 li-

448 3701 694 3763 iberlatis
713 3719 825 3759 suae
849 3702 1098 3757 ﬁduciam
1116 3702 1182 3770 (f.
1209 3700 1420 3769 ﬁducia)
1445 3718 1457 3754 :
1478 3701 1746 3770 simulque
1769 3707 1827 3754 ut
1853 3715 1936 3763 ea,
1953 3713 2071 3770 qua}

468 3797 548 3870 (a)
587 3811 684 3867 per
710 3792 1106 3865 praescieutiam
1147 3802 1416 3862 tamquam
1457 3803 1606 3861 geSta
1649 3798 2068 3855 memoraverat,

470 3905 618 3946 nunc
630 3889 697 3944 ad
721 3887 1244 3944 demonstrationem
1271 3887 1529 3956 temporis
1545 3885 1782 3956 gerenda
1808 3897 2073 3941 monstra-
2100 3884 2105 3889 ’

470 3992 578 4051 ret,
603 3981 937 4049 dixit,VEns.
961 3981 1034 4036 25
1047 3981 1186 4036 etSt
1209 3997 1220 4031 :
1245 3978 1422 4034 Proba
1438 3996 1536 4044 me,
1568 3978 1730 4045 Deus,
1759 3989 1806 4035 et
1835 3981 1959 4034 scito
1985 3997 2073 4036 cor

474 4093 677 4143 meum;
706 4079 968 4146 interroga
985 4091 1085 4140 me,
1109 4083 1155 4128 et
1171 4074 1296 4129 scito
1317 4074 1520 4128 semitas
1538 4089 1693 4129 meas.
1719 4073 1782 4128 Et
1800 4073 1913 4128 vide
1933 4074 1978 4129 si
1990 4074 2075 4129 via

471 4170 819 4233 iniquitatisin
838 4184 920 4223 me
934 4177 1028 4234 est,
1046 4178 1090 4222 et
1107 4167 1271 4222 deduc
1284 4185 1361 4222 me
1376 4168 1428 4223 in
1443 4168 1574 4222 viam
1590 4177 1852 4223 wternam.
1877 4167 2077 4224 Huma-

476 4278 564 4319 nac
577 4271 778 4318 naturae
793 4261 987 4316 ﬁducia
1004 4262 1103 4316 ista
1119 4276 1224 4316 non
1240 4268 1343 4326 est,
1354 4269 1409 4315 ut
1423 4261 1636 4330 probari
1647 4276 1707 4318 se
1721 4261 1934 4326 velit,ut
1950 4261 2076 4317 sciri

477 4372 578 4413 cor
593 4369 748 4413 suum
783 4353 1036 4426 postulet,
1052 4363 1111 4408 ut
1127 4355 1379 4424 cognosci
1397 4355 1616 4410 semitas
1632 4369 1757 4412 suas
1770 4364 2074 4426 exspectet,

471 4458 535 4504 ut
564 4449 758 4519 inspici
791 4463 896 4501 non
930 4456 1132 4502 metuat
1167 4449 1211 4501 si
1253 4447 1337 4500 via
1381 4447 1677 4518 iniquitatis
1709 4447 1762 4502 in
1806 4463 1866 4504 se
1895 4448 1986 4516 sit,
2018 4456 2077 4504 ut

2175 3525 2295 3581 fuit.
2328 3525 2434 3581 Sed
2490 3525 2621 3580 nihil
2669 3527 2907 3596 speciale
2943 3542 3011 3582 ex
3041 3527 3128 3583 his
3175 3527 3427 3583 omnibus
3470 3527 3522 3582 in
3564 3528 3774 3598 psalmo

2173 3618 2499 3682 continetur,
2529 3628 2586 3671 ut
2617 3619 2832 3688 pr0pria
2860 3634 3104 3689 personae
3151 3618 3268 3689 ejus
3295 3619 3471 3674 oratio
3499 3633 3626 3674 esse
3639 3633 3769 3687 cre-

2173 3709 2351 3764 datur.
2381 3709 2662 3766 Generalis
2687 3719 2868 3767 autem
2896 3711 3038 3768 forte
3079 3720 3136 3767 et
3163 3726 3230 3768 ex
3257 3711 3447 3783 spiritu
3473 3711 3774 3783 prophetiae

2174 3801 2416 3872 psalmus
2445 3817 2569 3859 esse
2613 3805 2876 3872 noscitur,
2907 3820 3347 3877 unumquemque
3388 3813 3639 3862 nostrum
3680 3820 3778 3877 per

2175 3893 2437 3950 orationis
2467 3896 2799 3966 exemplum,
2850 3913 2972 3952 cum
3014 3899 3067 3954 in
3098 3897 3289 3955 mediis
3332 3898 3702 3956 infestantium
3720 3899 3773 3955 in

2175 4002 2277 4042 nos
2303 3987 2442 4042 odiis
2458 3989 2752 4060 jactemur,
2784 3991 3040 4048 erudiens
3068 3993 3212 4064 quali
3241 3992 3410 4049 Deum
3439 4008 3601 4064 prece
3620 4007 3775 4065 opor-

2176 4087 2288 4135 teat
2306 4080 2608 4152 deprecari.

2248 4173 2304 4227 2.
2339 4172 2548 4229 Christo
2593 4177 2757 4246 magis
2803 4177 3065 4245 convenit,
3117 4179 3217 4234 non
3263 4179 3471 4235 seclusis
3515 4179 3773 4250 ﬁdelibus.

2179 4265 2298 4322 Alia
2325 4276 2380 4321 ut
2411 4267 2584 4334 homo,
2619 4277 2675 4322 ut
2704 4267 2844 4324 Deus
2869 4270 2976 4324 alia
2999 4270 3248 4343 loquitur.
3274 4301 3343 4313 ——
3365 4271 3470 4328 Sed
3500 4271 3778 4329 contuenti

2180 4357 2313 4414 mibi
2343 4360 2560 4429 penitus
2589 4360 2850 4432 quasdam
2883 4363 3114 4418 virtutes
3151 4365 3619 4435 proprietatesque
3663 4379 3777 4420 ver-

2179 4449 2396 4517 borum,
2427 4465 2547 4517 quze
2577 4452 2716 4508 ultra
2764 4452 2984 4508 humani
3025 4455 3295 4511 sermonis
3331 4457 3776 4513 consuetudinem

474 4557 574 4611 per
600 4541 741 4597 hanc
769 4540 1130 4611 cognitionem
1180 4540 1232 4593 in
1281 4547 1538 4595 mternam
1567 4540 1708 4596 viam
1750 4541 2070 4599 deducatur.
2102 4518 2158 4583 D
2181 4543 2343 4599 altius
2375 4545 2559 4601 nescio
2591 4545 2720 4616 quid
2748 4556 2805 4602 et
2832 4547 3119 4603 sublimius
3147 4548 3491 4620 eloquuntur,
3533 4550 3653 4620 ejus
3687 4564 3778 4622 po-

481 4632 594 4689 Vox
623 4635 722 4689 ista
750 4633 868 4703 ejus
890 4641 1092 4687 tantum
1121 4639 1299 4701 potest
1323 4646 1464 4697 esse,
1493 4633 1580 4701 qui
1599 4629 1767 4686 dixit:
1789 4630 1921 4687 Ecce
1942 4637 2076 4689 venit

478 4728 716 4800 princeps
745 4727 900 4800 hujus
929 4725 1126 4792 mundi,
1159 4734 1206 4779 et
1246 4741 1347 4779 non
1395 4725 1584 4780 invenit
1610 4727 1664 4780 in
1693 4741 1772 4780 me
1797 4727 2074 4799 quidquam

477 4820 664 4893 (Joan.
696 4824 831 4891 xw).
879 4820 1038 4876 Solus
1061 4819 1204 4874 enim
1227 4827 1377 4874 extra
1408 4830 1684 4890 peccatum
1712 4831 1796 4876 est
1818 4822 2077 4887 Dominus

477 4923 666 4970 noster
694 4914 852 4969 Jesus
871 4912 1142 4979 Christus,
1173 4912 1376 4982 quiest
1419 4912 1738 4969 benedictus
1786 4915 1839 4970 in
1881 4916 2078 4972 saecula

483 5004 830 5059 sreculorum.
864 5003 1059 5059 Amen.

956 5135 1272 5195 PSALMUS
1307 5136 1597 5195 CXXXIX.

515 5276 678 5348 Eripe
697 5291 794 5342 me,
816 5273 1055 5340 Domine,
1073 5274 1137 5328 ab
1155 5275 1358 5331 homine
1372 5277 1533 5345 malo,
1551 5294 1583 5331 a
1598 5277 1704 5334 viro
1717 5276 1892 5352 iniquo
1916 5283 2077 5339 libera

473 5388 574 5427 me.
599 5369 734 5436 Quia
749 5367 1094 5439 cogitaverunt
1114 5366 1361 5422 malitiam
1385 5368 1571 5440 (Infra,
1599 5371 1688 5442 qui
1708 5374 1946 5444 cogitavit
1962 5393 2074 5435 ma-

547 5529 621 5602 (a)
665 5527 942 5605 Postrema
992 5521 1156 5605 editio
1175 5521 1298 5605 lfar.
1335 5537 1455 5578 cum
1503 5524 1659 5596 Bad.,
1690 5529 1782 5584 Er.
1826 5541 1880 5588 et
1919 5533 2067 5605 Lips.

471 5593 952 5675 ρωεςρνρεεεηιὶαηι.
1008 5597 1084 5649 Ex
1131 5593 1303 5675 prima
1329 5633 1346 5659 ,
1398 5610 1602 5675 necnon
1644 5593 1723 5656 ex
1777 5618 1878 5658 ms.
1941 5593 2065 5663 M'ic.

469 5665 804 5727 instituimus
859 5683 948 5738 per
991 5665 1384 5740 prtescientiam,
1439 5665 1542 5740 hoc
1595 5679 1698 5734 est,
1733 5687 1830 5740 per
1863 5686 2064 5735 certam

469 5743 824 5812 gerendorum
862 5737 1186 5808 scientiam,
1230 5749 1331 5810 qua
1378 5737 1616 5794 universa
1665 5737 1837 5814 utique
1885 5747 2064 5819 dispo-

2179 4635 2287 4692 tius
2306 4635 2562 4701 hominis,
2580 4637 2632 4692 in
2664 4653 2771 4709 quo
2791 4654 2856 4694 ex
2875 4649 3028 4709 partu
3046 4640 3281 4712 Virginis
3302 4641 3368 4696 ad
3383 4651 3777 4699 sacramentum

2181 4727 2431 4783 humanae
2452 4729 2640 4784 salutis
2656 4731 2965 4801 unigenitus
2982 4733 3073 4788 Dei
3089 4733 3229 4789 ﬁlius
3246 4744 3402 4790 natus
3415 4745 3520 4803 est,
3537 4745 3778 4808 repertus

2186 4829 2270 4875 est
2286 4821 2525 4892 psalmus
2544 4821 2644 4876 iste
2659 4823 2880 4895 intelligi
2903 4827 3485 4897 oportere.Secundum
3501 4831 3646 4885 enim
3662 4845 3777 4886 eam

2182 4928 2302 4983 quae
2324 4912 2376 4966 in
2410 4929 2469 4969 se
2502 4913 2828 4986 fuitgeneris
2849 4918 3130 4990 utriusque
3160 4928 3426 4987 naturam,
3463 4922 3558 4978 Dei
3591 4923 3782 4990 videli-

2184 5017 2270 5062 cet
2294 5016 2454 5075 atque
2475 5006 2734 5076 hominis,
2759 5025 2864 5063 non
2884 5011 3045 5066 modo
3072 5012 3123 5066 in
3146 5011 3474 5084 Evangeliis,
3499 5015 3597 5070 sed
3620 5016 3779 5072 etiam

2187 5101 2239 5154 in
2268 5100 2575 5170 Prophelis,
2611 5102 2680 5156 ita
2707 5104 2973 5174 coaptatis
3002 5105 3068 5161 ad
3089 5114 3377 5178 utrumque
3394 5106 3555 5163 dictis
3573 5109 3783 5165 locutus

2184 5202 2286 5259 est,
2319 5203 2376 5247 ut
2414 5192 2540 5248 dum
2585 5193 2883 5251 divinitatis
2935 5211 3048 5252 sua:
3078 5199 3460 5270 impassibilem
3506 5209 3673 5272 atque
3702 5201 3784 5258 in-

2183 5288 2565 5344 demutabilem
2607 5288 2862 5346 virtutem
2909 5289 3110 5359 docet,
3151 5291 3519 5349 infirmitatem
3564 5307 3783 5365 quoque

2183 5388 2389 5436 natura:
2428 5395 2708 5452 corporea:
2753 5396 2861 5439 non
2901 5391 3104 5441 taceret
3128 5383 3280 5458 (Vid.
3310 5385 3402 5440 lib.
3456 5400 3511 5441 rx
3536 5386 3604 5441 de
3632 5384 3782 5444 Trin.

2177 5540 2644 5619 uendoupraasciit,
2664 5551 2713 5598 et
2767 5543 3094 5619 prtesciendo
3123 5544 3378 5616 disposuit
3405 5554 3513 5619 ,“ut
3542 5544 3782 5619 loquitur

2177 5611 2542 5668 Tertullianus
2591 5612 2683 5669 lib.
2734 5611 2775 5669 tt
2817 5625 3004 5669 contra
3050 5611 3303 5674 Marcion.
3337 5635 3392 5672 n.
3421 5616 3474 5672 ὅ.
3504 5619 3596 5673 ubi
3616 5611 3683 5673 ἐι
3707 5617 3777 5673 de

2176 5682 2365 5761 eadem
2399 5683 2734 5761 przescientia
2760 5682 2928 5742 dicit:
2963 5685 3153 5743 Tantos
3176 5689 3327 5744 habet
3356 5698 3530 5758 testes,
3557 5701 3779 5761 quantos

2176 5753 2324 5810 habet
2346 5753 2641 5827 prophetas.
