4134 6184
386 348 490 408 817

1438 358 1857 420 TRACTATUS
1893 361 1962 419 IN
1999 362 2267 422 CXXXIX
2304 365 2650 428 PSALMUM.

3579 380 3688 439 818

385 486 438 566 rt.
472 469 506 524 5
534 478 581 524 et
609 468 664 540 6)
703 486 717 524 :
741 486 1085 544 rursumque,
1114 488 1236 530 cum
1278 489 1342 531 ex
1387 480 1732 548 susceptione
1775 481 1973 548 carnis,
2003 481 2057 542 Α
2080 482 2298 538 Aridam
2327 499 2541 540 manum
2565 486 2823 544 reformat
2843 489 3058 560 (Matth.
3084 509 3155 547 xu
3174 535 3188 557 ,
3219 493 3345 566 10),
3368 495 3548 550 statim
3573 498 3683 552 vio-

383 560 716 617 infirmitatis
765 565 816 618 in
857 580 924 620 eo
968 579 1147 622 sermo
1185 577 1360 637 esset,
1395 571 1726 638 praeconium
1770 587 1984 644 quoque

386 670 508 711 mox
564 673 672 712 non
701 656 1036 714 infirmanda;
1079 675 1145 715 ex
1177 661 1358 730 aliqua
1407 661 1706 720 divinitatis
1756 663 1985 722 adsiste-

383 759 481 806 ret.
509 750 666 819 Quod
709 753 850 808 enim
883 753 1025 810 Deus
1081 763 1184 820 est,
1237 764 1445 812 natura:
1491 772 1602 813 sua:
1655 768 1782 825 est;
1839 761 1980 831 quod

382 850 559 898 autem
615 843 778 899 homo
830 843 971 911 fuit,
1020 857 1225 902 naturae
1281 858 1478 904 nostrre
1533 851 1829 920 assumptio
1875 862 1976 908 est.

382 934 646 1006 Loquitur
697 936 879 1008 itaque
935 938 987 992 in
1043 939 1249 1008 psalmo
1297 955 1362 996 ex
1405 941 1733 999 infirmitatis
1783 955 1982 1002 nostrae

383 1045 543 1098 quam
586 1029 882 1098 assumpsit
910 1029 1107 1088 affectu
1138 1047 1299 1088 :cum
1333 1034 1643 1091 traditoretn
1687 1053 1846 1092 suum
1885 1053 1984 1093 no-

383 1123 477 1188 vit,
508 1138 630 1179 cum
662 1123 888 1179 consilia
935 1125 1196 1181 adversus
1225 1127 1388 1200 585
1434 1143 1492 1184 se
1519 1128 1649 1184 inita
1697 1132 1978 1201 prospicit,

381 1231 503 1272 cum
547 1215 906 1286 quaestionum
939 1218 1122 1286 prtelia
1170 1229 1224 1274 et
1272 1222 1723 1278 obtrectationum
1770 1239 1979 1282 venena

289 1351 296 1359 .
384 1309 703 1380 perpetitur,
735 1324 858 1364 cum
907 1311 1262 1367 lentationum
1304 1314 1557 1368 scandala
1591 1323 1643 1370 et
1691 1316 1978 1372 verborum

386 1400 610 1471 laqueos
661 1401 813 1466 vitat,
860 1415 980 1457 cum
1009 1401 1152 1458 Patri
1203 1403 1511 1473 confitetur,
1562 1420 1685 1462 cum
1733 1407 1800 1462 ad
1853 1423 1976 1464 eum

383 1502 522 1558 orat,
565 1506 684 1548 cum
714 1493 764 1548 ei
788 1492 966 1549 omnis
993 1494 1164 1549 virtus
1184 1495 1253 1551 ab
1280 1509 1347 1551 eo
1377 1506 1478 1560 est,
1503 1513 1625 1552 cum
1654 1498 1778 1553 licet
1801 1513 1867 1554 ex
1897 1499 1978 1555 in-

381 1583 634 1638 lirmitate
658 1583 906 1653 corporis
932 1583 1126 1640 anxius
1153 1585 1245 1652 sit,
1274 1600 1378 1640 non
1409 1586 1582 1642 solum
1608 1595 1786 1643 tamen
1807 1604 1866 1643 se
1892 1605 1979 1645 re-

378 1676 732 1749 linquendum
764 1678 818 1733 in
857 1677 947 1734 die
989 1679 1252 1748 passionis
1275 1679 1602 1736 meminerit.
1643 1680 1770 1736 Hmc
1817 1681 1978 1753 igitur

378 1769 560 1825 omnia
587 1785 652 1826 ex
677 1783 906 1840 persona
931 1770 1048 1840 ejus
1074 1771 1127 1825 in
1152 1771 1358 1840 psalmo
1381 1772 1647 1830 contineri
1673 1771 1971 1829 docemur:

2085 573 2208 629 lata:
2229 575 2360 646 legis
2382 586 2561 634 reatus
2583 579 2928 638 adscribitur.
2959 585 3329 641 Daemoniacos
3350 598 3503 643 curat
3528 587 3684 660 (Luc.

2085 681 2169 733 xt,
2203 669 2325 736 15):
2355 671 2614 728 continuo
2644 688 2740 743 per
2768 675 3070 731 Beelzebub
3094 677 3486 734 daemoniorum
3533 682 3684 751 prin-

2085 761 2260 830 cipem
2289 762 2406 819 haec
2434 767 2694 834 perlicere
2717 768 2982 838 arguitur.
3011 769 3154 826 Nihil
3178 780 3292 838 est,
3320 773 3464 843 quod
3490 789 3596 828 non
3623 775 3673 830 ei

2086 854 2303 923 plenum
2327 870 2544 926 semper
2570 858 2774 914 insidiis
2796 860 2897 926 sit,
2924 861 3067 931 quod
3093 876 3198 917 non
3226 863 3460 933 vipereae
3484 865 3683 936 linguae

2085 958 2295 999 veneno
2332 947 2602 1016 objectum
2645 951 2735 1005 sit.
2779 950 2978 1007 Nostra
3021 967 3234 1024 quoque
3271 957 3511 1010 omnium
3539 957 3683 1022 vita,

2083 1036 2422 1106 maximeque
2447 1054 2634 1094 eorum
2664 1042 2756 1112 qui
2784 1042 3031 1112 religioni
3061 1045 3312 1114 student,
3343 1062 3462 1116 qua:
3490 1047 3684 1104 adver-

2083 1128 2316 1182 santium
2357 1128 2614 1184 virtutum
2656 1133 2889 1188 sustinet
2929 1134 3102 1196 bella,
3147 1145 3307 1207 atque
3337 1139 3686 1195 obtrectatio-

2084 1233 2210 1271 num
2242 1230 2502 1275 venenata
2525 1221 2702 1291 jacula
2729 1225 2970 1295 suscipit.
3001 1225 3123 1294 Quo
3149 1227 3502 1285 fraudulentae
3528 1230 3685 1286 blan-

2082 1310 2434 1380 diloquentia:
2477 1331 2686 1371 veneno
2729 1319 3039 1388 appetitur?
3086 1319 3155 1374 Et
3199 1321 3316 1376 huic
3360 1322 3539 1377 omnia
3587 1338 3684 1393 per

2082 1401 2364 1471 homines,
2416 1406 2468 1461 in
2512 1408 2709 1477 quibus
2753 1411 3024 1480 spiritales
3067 1414 3320 1481 nequitize
3365 1425 3678 1484 operantur,

2082 1497 2365 1552 exsistunt.
2398 1497 2666 1569 Scriptum
2697 1510 2782 1556 est
2807 1503 2949 1558 enint
2973 1521 2987 1559 :
3015 1503 3272 1559 Excitavit
3298 1505 3552 1561 Dominus
3579 1507 3687 1562 Sa-

2081 1598 2252 1643 tanam
2289 1591 2554 1647 Salomoni
2572 1635 2585 1658 ,
2617 1595 2780 1667 586
2803 1595 2939 1650 Ader
2979 1595 3272 1653 Idumteum
3311 1597 3416 1668 (Ill
3441 1598 3573 1670 Reg.
3605 1616 3643 1654 Il
3664 1642 3676 1663 ,

2082 1681 2196 1750 14).
2239 1681 2306 1736 Et
2345 1681 2660 1739 adversatus
2702 1695 2786 1740 est
2823 1686 2990 1752 Ader,
3031 1704 3140 1742 non
3169 1697 3227 1743 ut
3252 1688 3416 1744 homo
3441 1732 3458 1758 ,
3487 1689 3584 1747 sed
3626 1703 3682 1746 ut

2079 1784 2327 1840 satanas,
2358 1774 2635 1830 Salomoni
2664 1778 2913 1833 omnibus
2943 1778 3134 1835 diebus
3161 1779 3285 1836 vitae
3312 1783 3452 1851 ejus.
3485 1785 3551 1838 Et
3579 1785 3681 1841 Sa-

377 1873 539 1934 atque
567 1864 672 1930 ita,
701 1872 760 1920 ut
795 1863 853 1918 in
897 1862 1017 1931 his,
1049 1879 1169 1934 quae
1208 1872 1414 1921 natura:
1465 1864 1715 1921 humana:
1743 1866 1974 1924 societas
2005 1868 2053 1929 B
2082 1867 2285 1923 lomoni
2327 1868 2576 1938 quidem,
2609 1870 2730 1940 quia
2761 1870 2834 1925 ita
2867 1873 3091 1938 meruit,
3120 1873 3266 1928 Ader
3292 1874 3347 1929 in
3377 1883 3623 1930 satanam
3652 1892 3682 1930 a

376 1957 660 2027 permittit,
692 1972 940 2026 personae
969 1958 1131 2013 etiam
1161 1967 1364 2015 nostrae
1401 1975 1468 2015 ex
1516 1959 1698 2031 aliqua
1743 1960 1976 2034 intelligi

378 2050 553 2120 possit
580 2049 782 2105 oratio.

447 2143 503 2197 3.
539 2140 718 2198 Oratio
755 2143 987 2213 ﬁdelium
1020 2146 1212 2215 peccati
1252 2148 1542 2203 occasiones
1570 2149 1976 2220 deprecantium.

377 2235 565 2292 Christi
589 2237 747 2293 corda
770 2240 1276 2296 scrutantis.—lloc
1301 2242 1445 2297 enim
1471 2243 1612 2313 quod
1643 2244 1712 2298 ita
1739 2253 1977 2314 emptum

375 2337 482 2394 est,
515 2328 676 2384 Vsus.
709 2329 781 2383 2:
817 2329 974 2403 Eripe
1003 2347 1104 2399 me,
1141 2331 1377 2401 Domine,
1423 2333 1486 2389 ab
1517 2335 1722 2390 homine
1748 2337 1908 2404 ntala,
1942 2354 1977 2392 a

374 2423 484 2477 viro
514 2422 688 2492 iniqua
721 2423 880 2478 libera
912 2441 1010 2492 me,
1040 2425 1110 2481 ad
1138 2441 1478 2482 communem
1512 2443 1725 2498 quoque
1753 2431 1979 2486 creden-

377 2515 509 2570 tium
539 2515 781 2572 omnium
813 2532 1029 2588 precem
1059 2519 1313 2588 pertinet.
1339 2518 1540 2576 Omnes
1567 2523 1710 2577 enim
1741 2524 1975 2591 insidiae,

376 2622 746 2679 quascumque
791 2609 948 2665 nobis
990 2610 1264 2680 spiritales
1305 2613 1558 2682 nequitia:
1599 2615 1975 2684 prmtendunt,

375 2700 610 2756 maxime
643 2715 740 2770 per
767 2699 1018 2757 homines
1046 2710 1334 2772 aptantur:
1382 2713 1438 2758 et
1477 2705 1792 2762 occasiones
1835 2707 1977 2762 vitiis

377 2792 580 2848 nostris
621 2791 815 2847 aliena:
861 2801 1067 2848 natura:
1111 2795 1436 2863 perversitas
1478 2781 1871 2853 subministrat.
1917 2798 1976 2854 In

374 2884 498 2942 lites
525 2901 626 2942 nos
665 2887 878 2957 iniquus
919 2887 1186 2956 exagitat,
1220 2889 1274 2942 in
1320 2888 1628 2945 anxietates
1673 2891 1983 2947 adversan;

378 2980 510 3034 tium
543 2987 599 3036 et
627 2979 998 3036 insidiantium
1029 2979 1184 3035 nobis
1216 2989 1392 3036 terror
1421 2982 1663 3052 impellit.
1708 2983 1766 3039 ln
1799 2983 1976 3040 libidi-

378 3090 501 3130 nem
531 3074 765 3130 facultas
795 3089 854 3131 se
884 3075 936 3130 in
967 3077 1019 3132 id
1050 3073 1342 3147 praebentis
1381 3075 1486 3131 lo‘ci
1525 3076 1734 3132 invitat.
1776 3077 1975 3134 Oculus

375 3166 520 3221 cnim
560 3167 900 3235 meretricis,
942 3167 1168 3238 laqueus
1210 3169 1513 3238 peccatoris
1551 3179 1635 3226 est
1674 3169 1768 3242 (γ.
1801 3168 1972 3225 Tract.

2083 1960 2196 2016 Deo
2222 1969 2306 2016 est
2343 1962 2636 2028 excitatus;
2681 1963 2776 2018 sed
2811 1979 2905 2033 per
2933 1963 3086 2021 istius
3117 1966 3261 2020 modi
3290 1965 3540 2024 homines
3564 1967 3682 2022 btec

2083 2051 2395 2107 multimoda
2436 2053 2803 2109 infestantium
2848 2055 2900 2110 in
2935 2070 3036 2110 nos
3061 2055 3182 2112 odia
3211 2056 3544 2125 desaeviunt,
3575 2058 3680 2114 iui-

2081 2144 2341 2214 micaeque
2363 2145 2591 2202 virtutes
2619 2147 2809 2201 horum
2835 2147 3136 2204 ministerio
3161 2159 3494 2218 grassantur.

2154 2237 2206 2290 5.
2252 2235 2429 2306 Supra
2467 2239 2530 2292 de
2571 2238 2766 2305 verbis,
2807 2256 2944 2294 nunc
2981 2241 3045 2295 de
3082 2241 3231 2311 factis
3259 2243 3464 2310 querela
3491 2251 3586 2298 est.
3611 2271 3677 2283 -—-

2080 2330 2401 2386 lntercessio
2413 2340 2590 2387 autem
2608 2331 2921 2401 diapsalmae
2942 2333 3189 2388 attulisse
3207 2333 3418 2390 videtur
3437 2344 3530 2390 aut
3552 2350 3675 2405 per-

2079 2439 2260 2490 sonae,
2291 2434 2382 2480 aut
2408 2440 2599 2481 sensus
2629 2426 3074 2482 demutatiouetn.
3109 2427 3195 2483 Fit
3223 2439 3402 2483 autem
3431 2431 3681 2498 repetitio

2079 2515 2342 2572 orationis
2367 2516 2637 2586 ejusdem:
2658 2517 2732 2573 ita
2759 2527 2936 2574 tamen
2953 2559 2968 2586 ,
2997 2525 3056 2574 ut
3077 2518 3374 2575 absolutius
3397 2535 3460 2576 ea
3485 2535 3605 2591 qua:
3627 2521 3678 2575 in

2079 2608 2361 2665 confusum
2386 2619 2512 2666 ante
2537 2609 2744 2682 adjecta
2771 2619 2900 2667 sunt
2925 2622 3309 2667 recenseantur
3327 2654 3340 2677 ,
3368 2623 3422 2668 et
3448 2627 3570 2683 quze
3595 2627 3656 2667 su

2080 2703 2263 2773 perius
2293 2702 2470 2758 fuerat
2507 2703 2574 2758 de
2613 2704 2824 2770 verbis,
2869 2718 3013 2759 nunc
3056 2703 3126 2759 sit
3153 2704 3375 2775 querela
3404 2705 3473 2760 de
3501 2704 3676 2760 factis.

2079 2795 2242 2852 Vsus.
2267 2797 2320 2852 5.
2351 2795 2564 2851 Custodi
2580 2813 2676 2862 me,
2696 2796 2937 2865 Domine,
2959 2799 3022 2852 de
3048 2814 3201 2852 manu
3219 2798 3524 2868 peccatoris,
3545 2807 3592 2852 et
3615 2798 3678 2851 ab

2079 2888 2370 2944 hominibus
2401 2891 2590 2961 iniquis
2619 2891 2762 2960 eripe
2790 2906 2868 2944 me
2887 2931 2900 2956 ,
2931 2890 3018 2959 qui
3047 2891 3403 2960 cogitaverunt
3431 2889 3680 2962 supplan—

2079 2992 2186 3035 tare
2214 2997 2416 3053 gressus
2446 2997 2603 3036 meas.
2639 2981 2722 3037 Ab
2754 2997 2860 3036 uno
2898 2990 3111 3037 tantum
3149 2991 3325 3052 coepta
3367 2981 3680 3052 deprecatio

2077 3073 2310 3129 refertur
2336 3073 2403 3128 ad
2437 3075 2652 3143 plures,
2687 3083 2744 3130 ut
2770 3074 3101 3145 significaret
3127 3083 3181 3130 et
3211 3076 3266 3130 iu
3307 3089 3415 3129 uno
3453 3073 3672 3128 tradito-

2077 3184 2226 3235 rem,
2256 3178 2312 3224 et
2341 3169 2393 3224 in
2425 3169 2667 3239 pluribus
2697 3170 2928 3240 populus
2957 3177 3296 3226 nosceretur.
3341 3169 3410 3224 Et
3439 3169 3532 3224 uni
3562 3169 3678 3239 qui—

378 3259 476 3316 Ps.
505 3276 697 3326 cxxut,
726 3279 780 3315 n.
806 3260 894 3333 9):
923 3261 1150 3319 Oramus
1179 3279 1310 3335 ergo
1347 3263 1402 3320 in
1446 3263 1530 3318 his
1571 3263 1728 3319 malis
1771 3263 1928 3334 positi
1955 3306 1970 3332 ,
2002 3257 2047 3320 C
2077 3261 2232 3329 dem,
2265 3271 2321 3318 et
2351 3277 2495 3317 nunc
2522 3271 2577 3318 et
2605 3263 2887 3332 superius,
2930 3261 3188 3318 malitiam
3225 3270 3282 3317 et
3321 3272 3599 3332 peccatum
3628 3274 3676 3317 et

379 3353 655 3410 dicentes:
691 3353 850 3423 Eripe
878 3371 978 3418 me,
1009 3353 1249 3425 Domine,
1292 3374 1358 3412 ea:
1383 3358 1588 3413 homine
1609 3357 1768 3423 mala,
1813 3376 1845 3412 a
1869 3358 1976 3413 uiro

379 3447 556 3512 iniqua
585 3447 742 3503 libera
771 3463 869 3502 me.
901 3446 1007 3503 Sed
1035 3445 1250 3519 propria
1280 3449 1396 3506 haec
1418 3464 1539 3506 esse
1563 3451 1736 3506 oratio
1766 3450 1978 3506 Domini

381 3553 448 3594 ex
477 3541 827 3610 consequenti
855 3539 1101 3607 docetur,
1130 3557 1252 3598 cum
1275 3543 1382 3608 ait,
1409 3543 1576 3600 Vens.
1606 3546 1674 3600 ὃς
1711 3543 1814 3610 Qui
1840 3545 1978 3615 cogi-

386 3640 617 3686 taverunt
648 3633 870 3688 malitias
896 3635 948 3689 in
976 3636 1147 3690 corde.
1191 3635 1558 3708 Cogitationes
1597 3637 1780 3692 cordis
1819 3651 1981 3692 nosse

387 3739 494 3779 non
530 3733 771 3781 nostrum
802 3736 916 3795 est,
947 3728 1042 3784 sed
1073 3729 1191 3799 ejus
1215 3729 1283 3784 de
1308 3744 1414 3800 quo
1439 3729 1641 3784 dictum
1669 3737 1782 3784 est:
1813 3728 1981 3784 Scru-

387 3802 502 3873 tans
529 3821 688 3874 corda
717 3830 764 3875 et
789 3837 933 3876 renes
963 3821 1102 3878 Deus
1131 3821 1304 3896 (Psal.
1333 3837 1405 3876 vu
1425 3863 1440 3889 ,
1471 3821 1594 3892 10):
1627 3822 1746 3891 ejus
1769 3819 1995 3891 quoque

389 3911 479 3978 qui
509 3908 645 3964 dixit
683 3911 861 3967 sciens
901 3915 1254 3986 cogitationes
1291 3928 1509 3969 eorum:
1555 3911 1693 3981 Quid
1735 3913 1985 3983 cogitatis

355 4019 363 4026 ·
393 4002 531 4055 mala
563 4002 614 4056 in
647 4003 900 4058 cordibus
926 4005 1120 4059 vesuis
1146 4003 1361 4075 (Matth.
1395 4020 1477 4066 ix.
1507 4003 1601 4074 4)?
1628 4005 1721 4060 llle
1745 4005 1986 4060 occultos

391 4108 582 4149 omnes
600 4095 956 4165 malignorum
984 4095 1226 4151 cordium
1245 4111 1434 4152 sensus
1452 4094 1528 4170 (α)
1566 4096 1877 4165 penetrabili
1907 4106 1989 4152 at-

390 4199 496 4256 que
522 4186 703 4256 pervio
717 4186 864 4242 aditu
878 4187 1106 4243 abeunte
1125 4196 1310 4242 natura
1325 4188 1535 4242 virtutis
1549 4202 1660 4242 suae.
1680 4195 1984 4243 contuetur.

464 4280 520 4334 4.
560 4279 654 4334 Vir
678 4281 882 4350 iniquus
902 4323 916 4348 ,
949 4281 1201 4350 proditar.
1237 4281 1427 4334 Christi
1452 4290 1495 4334 et
1527 4281 1725 4350 piarunt
1755 4281 1854 4334 vita
1884 4291 1992 4336 tota

390 4371 525 4426 odiis
553 4372 830 4444 impiarum
859 4374 1129 4446 exagitata.
1159 4371 1287 4428 Mali
1315 4371 1607 4427 daemonum
1629 4372 1983 4428 instrumenta.

391 4464 584 4520 —Scd
625 4467 716 4536 qui
757 4467 892 4537 eripi
937 4481 995 4522 se
1030 4466 1098 4522 de
1142 4466 1357 4522 homine
1397 4481 1504 4520 uno
1539 4465 1681 4520 malo
1715 4474 1766 4520 et
1804 4465 1990 4536 iniquo

391 4556 715 4628 deprecatus
745 4566 859 4623 est,
892 4558 943 4612 in
986 4572 1094 4628 quo
1134 4555 1440 4627 signiﬁcare
1480 4554 1793 4611 traditorem
1831 4570 1990 4612 suum

2079 3354 2419 3425 iniquitatem
2465 3353 2796 3425 exprobrat:
2845 3353 2899 3409 in
2950 3353 3200 3425 plurimis
3245 3368 3376 3410 vero
3422 3354 3683 3424 cogitatas

2081 3445 2545 3515 supplantatioues
2575 3486 2590 3509 ,
2631 3444 2930 3501 absconsos
2969 3445 3192 3515 laqueos
3215 3485 3231 3509 ,
3270 3454 3552 3500 exstensas
3603 3445 3682 3500 lu—

2083 3537 2229 3592 nium
2260 3536 2538 3605 captiones
2561 3577 2576 3604 ,
2608 3545 2662 3593 et
2688 3537 3000 3592 continuata
3046 3534 3257 3591 semitis
3303 3534 3556 3591 scandala
3600 3547 3682 3588 ar—

2081 3631 2222 3701 guit,
2248 3633 2453 3686 dicens.

2155 3723 2209 3777 6.
2251 3721 2480 3777 Consilia
2518 3721 2582 3776 de
2615 3721 3003 3791 supplantanda
3033 3721 3258 3778 Christo.
3291 3720 3490 3792 Laquei
3517 3721 3564 3777 ei
3593 3721 3684 3776 ab—

2085 3816 2271 3871 sconsi.
2303 3814 2478 3869 Funes
2509 3815 2554 3869 ei
2583 3816 2636 3868 in
2669 3815 3011 3884 muscipulam
3043 3815 3403 3883 tensi.—Qui
3432 3816 3684 3887 cogitave-

2084 3917 2206 3962 runt
2225 3908 2560 3978 supplantare
2575 3924 2778 3977 gressus
2809 3923 2965 3962 meas.
2997 3906 3161 3963 Vens.
3195 3911 3248 3964 6.
3295 3907 3683 3963 Absconderunt

2088 4001 2294 4074 superbi
2334 4001 2573 4071 laqueum
2611 4002 2770 4066 mihi,
2802 4011 2848 4055 et
2877 4001 3025 4070 funes
3052 4000 3385 4056 extenderunt
3413 4003 3469 4056 in
3496 4002 3684 4056 musci-

2089 4095 2266 4167 pulam
2294 4095 2504 4165 pedibus
2533 4095 2678 4159 meis,
2702 4094 2998 4147 continuata
3025 4094 3218 4148 semitis
3237 4094 3483 4148 scandala
3505 4109 3687 4159 posue-

2090 4196 2210 4242 runt
2249 4187 2394 4242 mihi.
2445 4188 2829 4258 Cogitaverunt
2875 4186 3023 4243 enim
3070 4187 3368 4258 Synagogze
3413 4189 3685 4259 principes

2091 4279 2441 4349 supplantare
2463 4293 2683 4348 gressus
2707 4278 2824 4348 ejus
2842 4320 2856 4345 ,
2882 4293 3005 4334 cum
3034 4287 3156 4349 post
3183 4279 3462 4350 depulsam
3495 4295 3681 4336 necem

2092 4371 2282 4426 Lazari
2310 4370 2377 4426 de
2404 4385 2470 4426 eo
2497 4371 2798 4426 occidendo
2823 4369 3059 4442 cogitant
3083 4371 3262 4442 (Joan.
3291 4388 3398 4440 xu,
3426 4371 3540 4439 10),
3563 4387 3684 4426 cum

2093 4462 2164 4519 ob
2198 4470 2450 4534 receptos
2481 4463 2667 4519 oculos
2695 4477 2843 4518 caeco
2874 4463 2950 4518 illi
2980 4479 3011 4518 a
3041 4463 3324 4519 nativitate
3361 4463 3688 4519 maledicunt

2092 4557 2216 4630 (Id.
2263 4573 2347 4624 ts,
2389 4555 2531 4629 28),
2577 4571 2700 4613 cum
2749 4557 2913 4614 taceri
2955 4555 3023 4611 de
3078 4571 3146 4612 eo
3195 4557 3523 4625 decernunt,
3563 4572 3687 4612 cum

392 4650 749 4715 existimatur,
780 4650 890 4720 jam
921 4649 989 4705 de
1019 4649 1262 4720 plurimis
1293 4648 1432 4703 mala
1463 4647 1516 4703 in
1547 4647 1710 4703 corde
1747 4647 1989 4714 cogitan-
2014 4647 2069 4708 D
2097 4658 2329 4705 mortem
2368 4651 2769 4706 confessoribtts
2807 4651 2925 4720 ejus
2961 4650 3281 4706 denuntiant
3337 4648 3512 4721 (Ibid.
3558 4648 3689 4719 22).

395 4741 541 4796 tibus
585 4741 842 4812 loquitur,
891 4739 1107 4796 dicens:
1154 4739 1254 4808 Qui
1292 4741 1638 4810 cogitaverunt
1677 4740 1900 4794 malitias
1935 4739 1990 4794 in

394 4832 570 4897 corde,
601 4842 705 4886 tota
731 4833 814 4888 die
841 4833 1211 4888 constituebant
1242 4833 1442 4902 praelia.
1460 4831 1625 4888 Vens.
1651 4832 1706 4887 4.
1734 4832 1993 4887 Acuerunt

396 4927 599 4994 linguas
626 4944 744 4981 suas
772 4929 904 4981 sicut
933 4937 1224 4998 serpentes:
1254 4942 1499 4980 venenum
1527 4927 1767 4996 aspidem
1795 4927 1886 4981 sub
1917 4928 1994 4982 la-

397 5020 495 5074 biis
521 5035 712 5073 eorum.
745 5019 862 5075 Non
889 5020 1034 5076 omni
1063 5029 1118 5074 et
1147 5029 1256 5074 tota
1286 5020 1569 5075 adversum
1599 5020 1763 5076 David
1789 5020 1878 5077 die
1901 5037 1993 5078 ar-

398 5112 506 5166 mis
531 5121 793 5167 certatum
823 5122 905 5167 cst
921 5155 935 5180 ,
968 5127 1144 5184 neque
1169 5127 1384 5182 semper
1409 5111 1667 5169 instructa
1692 5125 1819 5170 sunt
1847 5131 1989 5184 prte-

397 5204 492 5257 lia.
537 5203 836 5260 Adversum
876 5214 1058 5260 autem
1088 5203 1404 5271 Dominum,
1438 5206 1732 5262 secundum
1762 5222 1992 5278 evange-

399 5295 534 5351 licas
567 5294 638 5365 (b)
673 5297 1009 5352 narrationes
1053 5296 1170 5366 ejus
1195 5337 1210 5362 ,
1256 5295 1464 5350 nullum
1510 5304 1720 5368 tempus
1763 5313 1992 5354 vacuum

398 5384 567 5443 fuisse
595 5388 664 5442 ab
690 5387 1066 5444 insectantium
1110 5387 1248 5443 odiis
1287 5387 1607 5444 invenimus.
1633 5389 1992 5463 Paralyticum

398 5489 556 5534 sanat
584 5478 797 5552 (Matth.
825 5495 910 5548 ιι,
939 5477 1032 5552 5);
1066 5494 1189 5534 mox
1221 5478 1290 5535 de
1316 5493 1384 5534 eo
1405 5478 1476 5534 ob
1500 5479 1774 5548 illicitam,
1806 5491 1864 5537 ut
1894 5500 1993 5554 pu-

399 5573 608 5646 tabant,
637 5574 844 5646 peccati
869 5572 1258 5646 indulgentiam
1286 5580 1552 5650 venenato
1571 5587 1667 5632 ore
1689 5573 1989 5635 disseritur.

439 5779 556 5910 άςῖι)
593 5779 941 5852 Antiquiores
984 5775 1118 5836 edit.
1165 5775 1576 5848 impenetrabiles
1630 5786 1781 5850 atque
1839 5778 2002 5837 invios

476 5869 595 5910 tus.

403 5868 595 5910 uanus.

2096 4743 2382 4815 Egregium
2437 4745 2621 4814 itaque
2675 4744 2975 4800 divinarum
3035 4744 3408 4813 Operationum
3466 4757 3686 4799 suarum

2093 4852 2340 4910 gressum
2363 4846 2522 4908 atque
2543 4852 2759 4892 cursum
2788 4837 2944 4893 istius
2973 4835 3117 4892 modi
3147 4835 3312 4892 rebus
3341 4837 3690 4906 supplantare

2095 4929 2486 5001 cogitaverunt.
2529 4927 2944 4984 Absconderunt
2971 4936 3150 4983 autem
3178 4927 3400 4998 laqueos
3429 4929 3647 5000 superbi
3678 4971 3692 4994 ,

2097 5037 2220 5078 cum
2252 5020 2538 5077 Sadducaei
2567 5020 2985 5075 fraudulentiam
3016 5019 3282 5074 simulatae
3312 5019 3380 5074 de
3408 5035 3693 5076 resurrec-

2099 5116 2243 5170 tione
2271 5112 2710 5185 interrogationis
2736 5112 3006 5169 occultant
3032 5111 3242 5182 (Matth.
3265 5128 3405 5177 χιιι,
3427 5112 3544 5186 25),
3570 5128 3691 5169 cum

2097 5207 2470 5277 responsionis
2502 5205 2750 5276 laqueum
2777 5205 3022 5276 captioso
3059 5219 3312 5262 sermone
3350 5206 3696 5276 praetendunt

2104 5297 2266 5370 (Ibid.
2301 5297 2413 5370 15).
2447 5297 2701 5369 Superbi,
2730 5312 2852 5352 cum
2879 5297 3170 5354 admisceri
3198 5299 3569 5368 peccatoribus
3597 5297 3694 5352 de-

2100 5390 2410 5462 dignantur,
2436 5405 2558 5445 cum
2587 5390 2834 5445 convivia
2860 5390 3273 5461 publicanorum
3303 5393 3354 5447 ei
3382 5392 3470 5462 qui
3505 5403 3693 5459 pecca-

2102 5493 2278 5539 torum
2309 5490 2394 5540 est
2421 5483 2680 5538 remissor
2708 5482 3043 5553 exprobrant
3095 5485 3207 5556 (Id.
3258 5500 3342 5551 ιι,
3367 5482 3481 5554 11).
3516 5481 3696 5538 Funes

2102 5578 2266 5637 etiam
2295 5575 2658 5636 extenderunt
2682 5577 2739 5635 in
2765 5579 3118 5652 muscipulam
3145 5577 3369 5650 pedibus
3395 5576 3541 5646 ejus:
3568 5589 3692 5632 cum

2179 5779 2269 5860 (bi
2299 5780 2358 5840 In
2388 5795 2490 5841 ms.
2524 5781 2648 5843 Mic.
2678 5786 2995 5856 operatianes
3027 5784 3171 5854 ejus;
3209 5779 3370 5841 lectio
3402 5796 3511 5843 non
3547 5798 3700 5859 sper-

2108 5867 2307 5912 nenda.
