4134 6184
402 351 508 409 819

1606 330 1852 390 SANCTI
1892 330 2147 388 HILAR'II
2188 327 2497 385 EPlSCOPl

3601 320 3708 376 seu
3788 286 3802 299 ’

405 455 950 529 ιιὶιιιιιυηιίιοεεὶιοιν,
982 467 1104 510 cum
1135 452 1204 506 de
1228 449 1409 508 dando
1443 446 1646 504 Cmsari
1685 447 1885 502 tribum
1923 447 2005 501 in—
2031 450 2054 506 Α

2160 458 2324 513 ioque
2353 442 2608 497 usitatum
2633 448 2686 495 et
2710 441 2958 510 frequens
2978 449 3032 494 et
3055 439 3326 509 proprium
3353 446 3432 491 est
3451 479 3465 501 ,
3488 443 3546 489 nt
3568 435 3714 490 dixi-

412 561 721 623 terrogatur
747 548 930 620 (Mat.,
946 561 1082 613 χχιι,
1100 545 1212 616 17).
1234 542 1546 599 Absconsus
1557 546 1738 595 autem
1759 539 2009 608 superius

415 647 642 716 laqueus
671 641 772 696 fuit
791 682 808 705 ,
841 652 986 694 nunc
1014 645 1200 692 autem
1229 636 1384 691 funes
1415 634 1470 689 in
1510 634 1758 702 laqueum
1797 630 2009 690 extensi

411 743 570 792 sunt:
616 742 678 788 ut
712 731 942 787 validior
988 732 1079 788 hic
1127 725 1570 797 interrogationis
1616 725 1840 794 laqueus
1887 736 2010 778 esse

410 836 730 884 nosceretur
762 827 814 879 in
843 825 1061 880 funibus
1079 865 1094 890 ,
1119 837 1242 877 cum
1272 833 1366 890 per
1392 827 1682 874 extensum
1709 816 2010 885 interroga-

415 919 577 975 tionis
607 918 859 988 laqueum
879 956 894 982 ,
929 916 1188 986 captiosae
1212 911 1284 967 ab
1311 926 1377 966 eo
1407 907 1760 980 professionis
1787 922 2012 978 respon-

413 1014 498 1069 sio
525 1011 784 1067 adversus
815 1025 1012 1066 nomen
1041 1007 1274 1063 Censoris
1311 1011 1666 1071 qumreretur.
1708 1000 1787 1072 (α)
1826 999 2006 1055 Conti-

413 1115 650 1162 nuantes
685 1111 868 1158 autem
906 1102 1113 1158 semitm
1153 1096 1411 1154 scandala
1443 1104 1741 1166 posuerunt
1768 1093 1817 1148 ei
1844 1109 1857 1146 :
1889 1107 2016 1147 cum

417 1201 488 1257 de
527 1200 794 1256 mandatis
833 1196 968 1267 legis
1007 1197 1454 1263 interrogaretur,
1493 1203 1620 1243 cum
1655 1186 1808 1241 dives
1835 1226 1851 1252 ,
1912 1184 2018 1255 legi

416 1302 610 1365 utpote
653 1290 1022 1356 satisfaciens,
1073 1285 1201 1356 quid
1244 1283 1345 1339 sibi
1390 1280 1566 1336 adhuc
1609 1278 1749 1334 desit
1791 1275 2026 1347 requirit

421 1389 575 1461 (Luc.
603 1401 764 1449 xvnr,
797 1383 922 1455 18),.
953 1397 1076 1437 cum
1115 1377 1257 1447 apud
1307 1391 1433 1432 eum
1472 1373 1541 1429 de
1581 1372 1790 1442 repudii
1828 1367 2022 1425 condi-

420 1484 572 1539 tione
601 1488 878 1534 tractatur.
925 1475 1050 1530 Haec
1075 1473 1220 1529 enim
1254 1467 1736 1538 interrogationum
1768 1463 2027 1519 scandala

425 1578 500 1650 (b)
535 1575 642 1630 vite
663 1587 774 1627 suae
801 1570 1174 1637 doctrinaeque
1197 1563 1336 1635 legis
1358 1562 1670 1618 continuata
1696 1564 2028 1620 statuerunt,

421 1647 486 1722 ut
531 1666 632 1722 sub
678 1663 861 1734 specie
904 1676 968 1716 ac
1019 1672 1206 1715 earum
1254 1653 1617 1708 familiaritate
1657 1663 1777 1719 quae
1815 1647 1872 1701 in
1909 1647 2028 1716 lege

425 1759 648 1828 scriptae
675 1764 801 1812 sunt
829 1753 1189 1826 quaestionum
1210 1791 1225 1815 ,
1254 1747 1372 1802 haec
1399 1745 1450 1799 ei
1481 1743 1680 1812 ubique
1707 1739 2032 1796 continuan-

2113 553 2270 593 mus:
2297 535 2422 589 Dixi
2448 533 2702 598 Domino,
2739 532 2878 588 Deus
2908 548 3052 586 meus
3079 548 3131 586 es
3156 541 3230 584 tu.
3259 529 3559 600 Numquam
3585 542 3719 582 con-

2113 629 2370 686 fessionis
2399 628 2558 697 hujus
2584 627 2843 682 honorem
2872 626 3084 695 negavit
3111 622 3208 696 (V.
3241 623 3330 676 lib.
3362 637 3446 688 x1,
3477 622 3539 676 de
3567 620 3715 674 Trin.

2115 739 2169 776 n.
2197 721 2282 785 10,
2310 729 2357 775 et
2382 719 2570 790 seqq.),
2595 727 2651 772 ut
2675 727 2730 773 et
2756 718 3038 772 Dominum
3066 715 3416 770 confiteretur
3441 719 3496 768 et
3524 713 3716 779 Deum,

2116 815 2306 871 dicens
2337 831 2350 866 :
2381 810 2673 878 Conﬁtebor
2715 810 2834 876 tibi,
2875 817 3020 880 pater
3065 807 3284 861 Domine
3328 805 3442 860 ctuti
3483 814 3530 858 et
3572 814 3726 858 terra

2121 905 2335 979 (Matth.
2363 919 2440 966 χι,
2463 901 2590 974 25);
2617 911 2672 958 et
2701 917 2946 957 rursum:
2971 900 3054 956 Ad
3082 900 3250 954 Deum
3272 914 3450 955 meum
3473 906 3528 953 et
3553 899 3726 953 Deum

2118 1010 2359 1058 vestrum
2387 996 2570 1068 (Joan.
2594 996 2828 1066 xx,l7).
2869 995 3055 1050 Oratio
3093 1007 3307 1064 quoque
3349 992 3397 1048 ei
3441 991 3508 1046 ad
3550 991 3725 1046 Deum

2121 1106 2338 1161 semper
2366 1064 2544 1144 omnis
2572 1085 2692 1142 fuit.
2726 1064 2992 1144 Lazarum
3048 1084 3408 1140 suscitaturus
3451 1090 3572 1137 orat
3600 1080 3712 1152 (Id.
3777 1064 3792 1072 ’

2124 1201 2178 1240 ιι
2195 1225 2211 1251 ,
2235 1182 2300 1238 Η
2325 1180 2382 1255 );
2411 1195 2579 1252 panes
2605 1189 2662 1236 et
2687 1181 2863 1249 pisces
2887 1177 3273 1262 benedicturus
3297 1175 3415 1246 ipso
3438 1175 3504 1230 ad
3529 1173 3728 1230 caelum

2125 1285 2348 1348 aspectu
2397 1281 2646 1346 precatur
2686 1269 2903 1344 (Matth.
2929 1279 3045 1336 xiv,
3075 1268 3193 1340 l9):
3217 1269 3438 1324 calicem
3464 1267 3732 1323 bibiturus

2125 1385 2338 1445 pernox
2367 1377 2503 1424 orat.
2530 1369 2662 1423 Post
2682 1365 3078 1423 confessionem
3109 1365 3290 1434 itaque
3314 1360 3532 1416 Domini
3555 1371 3610 1416 et
3632 1359 3736 1418 Dei

2129 1466 2237 1530 sui,
2269 1463 2541 1534 sequitur:
2573 1461 2835 1524 lnaurire,
2855 1455 3097 1523 Domine,
3116 1470 3289 1510 uocem
3305 1453 3552 1510 orationis
3581 1467 3733 1506 mete.

2131 1557 2369 1613 Honoris
2391 1553 2661 1611 confessio
2689 1550 2997 1623 praceesit,
3026 1563 3150 1604 cum
3180 1547 3468 1602 Dominum
3500 1559 3654 1598 suum
3681 1551 3739 1598 et

2135 1650 2304 1706 Deum
2349 1647 2498 1703 dicit.
2554 1642 2921 1701 Esaudiendae
2963 1652 3143 1697 autem
3190 1638 3454 1696 orationis
3496 1637 3741 1709 precatio

2137 1739 2508 1810 consequitur,
2539 1751 2664 1792 cum
2694 1750 2754 1791 se
2783 1744 2906 1790 orat
2933 1734 3126 1790 audiri.

429 1825 566 1908 tium
592 1850 801 1906 semitae
832 1825 1316 1914 interrogationum
1343 1848 1400 1895 et
1427 1838 1845 1908 responsionum
1869 1849 2028 1890 scan-
2060 1835 2110 1897 B
2208 1834 2298 1888 l0.
2329 1832 2580 1886 Nostrum
2602 1837 2674 1884 est
2700 1829 2907 1883 uirtutis
2930 1829 3166 1892 salutem,
3189 1825 3378 1897 Christi
3398 1825 3632 1880 uirtutem
3655 1839 3746 1876 sa-

431 1944 556 1999 dala
587 1948 940 2012 ponerentur.

504 2053 665 2127 587
689 2054 743 2107 7.
773 2049 992 2105 lnsidite
1013 2047 1160 2102 nobis
1183 2045 1371 2114 ubique
1393 2049 1608 2116 parate.
1636 2039 1833 2094 Orandi
1857 2053 2033 2092 neces-

434 2136 844 2201 sitas.-é—Nobis
869 2147 1046 2195 autem
1075 2136 1422 2192 meminimus
1441 2134 1672 2201 vitaeque
1697 2140 1895 2186 nostra:
1917 2128 2038 2184 ubi-

437 2255 542 2310 que
567 2239 720 2293 funes
739 2279 754 2303 ,
783 2235 990 2306 ubique
1009 2231 1263 2287 scandala
1281 2271 1296 2296 ,
1322 2228 1524 2298 ubique
1550 2226 1772 2296 laqueos
1795 2237 2037 2279 occurre—

437 2347 502 2389 re
527 2375 541 2398 ,
589 2330 832 2399 nihilque
861 2340 985 2382 esse
1007 2367 1023 2391 ,
1065 2323 1156 2379 ubi
1185 2337 1293 2377 non
1322 2327 1599 2391 prmtentte
1629 2316 1785 2372 nobis
1823 2328 2041 2384 semper

403 2467 405 2471 .
439 2423 652 2481 insidiae
674 2422 802 2478 sint.
827 2420 893 2474 Et
915 2417 1137 2474 difficile
1162 2425 1246 2472 est
1276 2427 1420 2469 nunc
1448 2413 1645 2482 laqueo
1671 2419 1912 2465 ventrem
1945 2407 2044 2461 al)-

440 2519 684 2575 solvere:
717 2514 841 2584 quia
872 2510 1120 2566 confusio
1150 2507 1256 2562 illis
1284 2511 1402 2566 est,
1430 2518 1661 2574 quorum
1684 2502 1824 2556 Deus
1854 2506 2046 2554 venter

444 2617 529 2666 est
564 2604 748 2678 (Phil.
783 2619 874 2670 In,
906 2601 1025 2671 l9).
1069 2599 1272 2655 Rarum
1309 2598 1472 2654 etiam
1503 2603 1586 2651 est
1617 2607 1763 2648 nunc
1793 2607 1821 2645 a
1852 2591 2046 2660 laqueo

445 2701 662 2758 oculum
691 2699 953 2754 liberare:
988 2695 1112 2765 quia
1143 2692 1235 2763 qui
1263 2691 1329 2747 ad
1355 2687 1847 2760 concupiscentiam
1879 2685 2046 2754 vidit,

443 2795 554 2867 jam
587 2793 887 2848 mmchatus
915 2789 968 2843 in
996 2786 1162 2843 corde
1189 2795 1274 2840 est
1301 2782 1529 2857 (Matth.
1557 2798 1611 2847 ν,
1641 2779 1771 2852 28).
1805 2778 2048 2835 Arduum

450 2900 668 2958 quoque
693 2891 778 2938 est
805 2883 1041 2952 linguam
1075 2879 1270 2944 laqueo
1299 2877 1574 2931 eximere:
1617 2873 1684 2928 de
1720 2871 1865 2926 omni
1905 2868 2052 2924 enim

455 2979 633 3032 otioso
662 2974 827 3030 verbo
858 2974 910 3026 in
966 2969 1056 3025 die
1077 2968 1266 3041 judicii
1296 2968 1402 3023 erit
1429 2968 1566 3020 ratio
1619 2962 1892 3018 reddenda
1926 2959 2052 3033 (Id.

457 3085 575 3136 xu,
602 3068 713 3139 56).
747 3063 963 3121 Maximi
1002 3063 1162 3119 etiam
1205 3059 1407 3114 laboris
1447 3065 1530 3113 est
1565 3071 1662 3112 cor
1691 3071 1719 3109 a
1748 3056 1941 3125 laqueo
1970 3068 2056 3108 re-

463 3163 642 3220 ferre:
663 3161 818 3215 mala:
864 3156 1011 3212 enim
1059 3152 1414 3225 cogitationes
1437 3150 1506 3205 de
1531 3149 1695 3204 corde
1721 3153 1920 3202 exeunt
1943 3145 2052 3217 (Id.

2138 1927 2260 1984 lutis
2284 1941 2528 1980 orare.-—-
2543 1922 2650 1979 Sed
2678 1924 2730 1976 in
2758 1936 2826 1978 eo
2847 1920 2992 1992 quod
3017 1921 3286 1990 sequitur:
3320 1917 3561 1983 Domine,
3577 1916 3746 1970 uirtus

2138 2020 2322 2076 salutis
2343 2033 2486 2084 mete,
2511 2031 2620 2071 non
2641 2015 2947 2070 communis
2966 2023 3050 2068 est
3077 2012 3285 2068 fiducia:
3313 2011 3597 2083 professio.
3621 2008 3747 2064 Non

2141 2113 2286 2169 enim
2313 2110 2422 2167 ait:
2451 2109 2612 2166 Salus
2635 2106 2852 2163 virtutis
2887 2120 3045 2162 mem.
3091 2105 3322 2161 Humani
3359 2117 3594 2173 namque
3631 2101 3748 2156 voti

2143 2222 2233 2263 res
2274 2207 2377 2260 ista
2413 2213 2526 2268 est,
2557 2211 2616 2257 ut
2647 2202 2834 2256 virtuti
2864 2208 3064 2256 nostra:
3089 2199 3320 2254 salutem
3344 2211 3648 2268 precemur,
3680 2204 3744 2252 ut

2145 2299 2350 2355 sanitas
2375 2295 2460 2350 his
2485 2295 2540 2349 in
2567 2293 2759 2365 quibus
2781 2293 3026 2348 valemus
3050 2306 3082 2346 a
3107 2290 3218 2346 Deo
3243 2292 3330 2344 sit.
3357 2287 3482 2343 Haec
3507 2297 3687 2342 autem
3718 2302 3752 2342 e

2146 2389 2420 2450 contrario
2445 2389 2686 2459 precatio
2705 2395 2820 2452 est,
2849 2398 2905 2442 ut
2935 2401 3040 2442 non
3071 2385 3283 2440 virtutis
3309 2399 3421 2438 sua:
3447 2383 3620 2447 salus,
3650 2382 3754 2438 sed

2149 2485 2336 2542 salutis
2363 2483 2529 2556 588
2552 2497 2664 2538 suae
2683 2480 2853 2535 virtus
2878 2495 2906 2533 a
2935 2479 3047 2534 Deo
3070 2478 3161 2533 sit.
3188 2477 3290 2544 Qui
3316 2475 3471 2530 saluti
3498 2474 3752 2531 virtutem

2152 2584 2425 2648 precatur,
2443 2572 2553 2643 jam
2575 2571 2644 2628 de
2671 2571 2841 2627 salute
2869 2585 2974 2624 non
3003 2569 3254 2640 ambigit,
3276 2576 3332 2623 et
3355 2575 3536 2621 certus
3559 2575 3644 2621 est
3670 2567 3756 2622 ni-

2153 2671 2228 2726 hil
2257 2670 2310 2724 in
2333 2683 2392 2725 se
2412 2666 2698 2730 caducum,
2721 2664 2852 2720 nihil
2875 2663 3099 2719 mortale
3121 2676 3261 2718 esse.
3285 2658 3358 2732 (ε)
3385 2659 3489 2716 Sed
3511 2660 3582 2725 ei,
3607 2659 3756 2730 quod

2155 2762 2478 2832 assumpsit,
2506 2759 2720 2814 infirmo
2748 2766 2805 2812 ut
2829 2757 3000 2812 virtus
3027 2764 3330 2826 praestetur,
3357 2761 3475 2807 orat
3511 2768 3609 2822 per
3633 2767 3759 2806 cor-

2157 2871 2260 2927 pus
2298 2853 2442 2924 quod
2479 2850 2736 2906 Dominus
2774 2850 2826 2904 in
2865 2863 2925 2904 se
2959 2847 3197 2919 gerebat.
3243 2845 3394 2915 Quod
3435 2845 3645 2900 tametsi
3674 2844 3759 2915 (ri)

2160 2946 2452 3005 secundum
2484 2957 2583 2999 nos
2611 2942 2770 2998 morti
2801 2941 3040 2998 debitum
3082 2949 3233 3005 erat,
3272 2953 3380 2994 non
3422 2945 3599 2993 tamen
3642 2945 3764 2991 erat

2161 3041 2456 3097 obnoxium
2477 3034 2830 3106 corruptioni,
2863 3034 2978 3104 ipso
2998 3048 3094 3103 per
3116 3031 3442 3102 Prophetam
3473 3029 3761 3099 loquente:

2166 3132 2421 3200 Quoniam
2447 3145 2550 3184 non
2575 3128 2889 3194 derelinquas
2912 3126 3138 3180 animam
3161 3139 3326 3187 meum
3345 3123 3401 3176 in
3419 3121 3641 3191 inferno,
3668 3135 3766 3173 nec

865 3211 1310 3305 omnibttsvnobis
1349 3243 1526 3314 laquei
1565 3243 1766 3312 ubique
1803 3211 2055 3310 praettinsi
2082 3224 2128 3288 C
2162 3228 2308 3284 dabis
2325 3232 2554 3281 sanctum
2578 3232 2719 3276 tuum
2739 3220 2906 3276 uidere
2934 3215 3456 3324 corruptionemJPs.
3486 3229 3578 3276 xv.
3600 3211 3712 3282 10).

461 3355 624 3406 sunt:
663 3354 720 3402 et
758 3341 994 3399 orandus
1031 3348 1118 3396 est
1156 3339 1449 3403 Dominus,
1482 3343 1540 3390 ut
1592 3336 1660 3388 ab
1691 3335 1775 3389 his
1813 3335 2064 3389 omnibus

460 3441 671 3514 laqueis
702 3439 826 3494 fidei
856 3445 1058 3492 nostra:
1088 3433 1282 3503 pennis
1310 3439 1365 3486 et
1403 3430 1624 3501 spiritus
1654 3430 1952 3485 evolemus.

539 3576 592 3630 8.
625 3573 726 3627 Hic
755 3578 988 3625 mutatur
1017 3567 1204 3623 oratio.
1235 3566 1547 3621 Sanctorum
1576 3572 1649 3618 est
1678 3563 1878 3629 dicere,
1924 3562 2069 3618 Deus

467 3681 621 3722 meus
651 3682 710 3722 es
737 3665 833 3720 tu?
859 3692 929 3705 -
958 3661 1162 3718 Dehinc
1201 3659 1462 3729 sequitur,
1511 3656 1673 3711 Vens.
1705 3658 1736 3718 Ἰ
1755 3654 1908 3712 —9:
1942 3654 2071 3710 Dixi

469 3754 718 3819 Domino,
768 3751 910 3808 Deus
955 3765 1096 3803 meus
1142 3765 1195 3802 es
1241 3759 1332 3802 tu:
1362 3747 1612 3811 inaurire,
1639 3743 1878 3810 Domine,
1901 3762 2073 3800 vocem

474 3847 723 3903 orationis
753 3858 895 3898 metu.
928 3839 1169 3907 Domine,
1185 3840 1345 3893 virtus
1374 3839 1556 3892 salutis
1582 3853 1729 3906 mete,
1763 3838 2074 3892 obumbrain

475 3956 628 4012 super
665 3945 818 4008 caput
859 3951 1025 3990 meum
1068 3935 1122 3988 in
1151 3933 1234 3986 die
1262 3933 1401 3986 belli.
1430 3929 1515 3986 Ne
1542 3932 1738 3998 tradas,
1771 3928 2009 4000 Domine,
2044 3947 2078 3986 a

477 4031 733 4086 desiderio
775 4045 884 4083 meo
924 4027 1218 4099 peccatort':
1258 4025 1607 4097 cogitaverunt
1647 4024 1918 4079 aduersum
1960 4041 2078 4080 me:

478 4138 582 4177 non
602 4120 772 4176 tradas
802 4136 900 4184 me,
934 4117 1176 4186 Domine,
1208 4133 1271 4171 ne
1299 4132 1538 4188 umquam
1564 4116 1869 4172 exaltentur.
1900 4116 1969 4171 Et
1995 4118 2082 4174 hic

481 4213 824 4270 intercedens
843 4209 1138 4280 diapsalma
1160 4209 1371 4263 videtur
1397 4209 1630 4279 aliquam
1655 4207 2079 4268 demutationem

483 4304 761 4368 attulisse;
791 4310 845 4356 et
876 4316 980 4355 non
1012 4299 1258 4370 exiguam
1291 4297 1531 4367 quidem.
1564 4299 1804 4370 Namque
1842 4313 1965 4354 cum
1992 4315 2084 4355 su-

485 4397 671 4466 perius
696 4393 764 4450 de
793 4392 1024 4462 cogitata
1052 4389 1516 4459 supplantatione,
1544 4389 1612 4444 de
1634 4390 1964 4445 absconditis
2007 4391 2086 4444 la—

487 4488 676 4558 queis,
705 4485 773 4540 de
804 4483 1045 4542 extensis
1073 4482 1388 4553 muscipulis
1409 4522 1424 4548 ,
1468 4483 1536 4536 de
1579 4482 1851 4538 scandulis
1896 4484 2087 4555 positis

488 4594 670 4636 sermo
697 4577 872 4634 omnis
903 4575 1091 4630 fuisset
1111 4616 1125 4640 ,
1159 4588 1302 4629 nunc
1329 4573 1396 4628 ad
1428 4575 1594 4629 Deum
1627 4574 1858 4630 refertur
1887 4577 2059 4630 oratio

490 4669 618 4727 Dixi
647 4670 872 4725 Domino
897 4687 909 4725 :
948 4667 1086 4722 Deus
1115 4683 1253 4720 meus
1283 4683 1333 4720 es
1362 4674 1436 4722 tu.
1461 4665 1576 4720 Non
1611 4667 1748 4722 leris
1777 4674 1938 4738 atque
1969 4669 2084 4724 cxi-

491 4780 609 4834 guzt:
652 4764 862 4817 fiducia:
907 4768 992 4816 cst
1032 4759 1260 4816 Domino
1299 4758 1502 4813 dixisse
1535 4775 1548 4812 :
1581 4756 1723 4813 Deus
1763 4777 1900 4814 meus
1928 4778 1979 4815 es
2011 4770 2086 4818 tu.

492 4854 664 4925 Loqui
694 4854 833 4909 istud
866 4868 1020 4908 mens
1047 4851 1366 4920 libidinosa,
1398 4865 1588 4918 avara,
1623 4851 1896 4918 insolens,
1939 4854 2091 4910 ebria

498 4947 729 5001 fideliter
753 4962 860 5001 non
891 4952 1087 5016 potest.
1133 4944 1568 5002 Renuntiaudum
1608 4944 1691 4998 his
1728 4945 2009 5013 omnibus,
2041 4956 2096 5002 et

498 5055 530 5094 a
558 5038 815 5093 servitute
857 5053 1043 5094 eorum
1089 5053 1151 5092 ac
1194 5038 1454 5091 famulatu
1500 5036 1854 5092 desinendum
1892 5049 2004 5106 est,
2038 5046 2097 5094 ut

499 5130 568 5186 ab
606 5127 690 5183 his
732 5129 1042 5184 desinentes
1089 5128 1272 5184 dicere
1312 5127 1637 5182 audeamus:
1671 5127 1793 5181 Dixi
1837 5125 2089 5198 Domino,

500 5219 640 5276 Deus
682 5235 825 5276 meus
868 5237 920 5275 es
964 5229 1038 5280 tu.
1085 5221 1153 5277 Et
1193 5220 1308 5275 hanc
1334 5219 1550 5292 quidem
1581 5236 1826 5294 persona:
1859 5231 2090 5290 IIOSlf‘iD,

499 5330 660 5390 quam
704 5313 759 5368 in
804 5322 1061 5384 quantum
1104 5312 1187 5370 fas
1231 5322 1314 5369 est
1355 5316 1562 5386 psalmo
1589 5315 1948 5370 admiscemus
1975 5355 1990 5384 ,
2021 5316 2094 5371 ita

500 5414 747 5478 coaptata
785 5414 930 5460 sunt.

574 5517 628 5574 9.
672 5515 799 5576 Filii
837 5513 936 5582 Dei
975 5516 1128 5580 etiam
1154 5517 1428 5590 proprium
1455 5529 1548 5578 est.
1571 5517 1754 5579 —Sed
1783 5529 1838 5580 et
1867 5511 2095 5580 Domino

575 5681 655 5821 (ag
691 5681 869 5738 Prima
899 5681 1066 5737 editio
1093 5681 1214 5739 Par.
1245 5691 1300 5739 et
1328 5698 1428 5740 ms.
1463 5685 1583 5740 Mic.
1617 5689 1986 5747 continuantis.

577 5753 632 5821 (b
697 5753 1036 5812 Mieiacensis
1062 5767 1164 5810 ms.
1203 5755 1300 5811 nia:
1331 5756 1771 5821 se,doctrinarque
1815 5761 1939 5821 lenis
1975 5782 1986 5819 t

527 5753 1036 5876 inm’ltililiciacensis
1062 5767 1164 5810 ms.
1203 5755 1300 5811 vita
1331 5771 1413 5828 ιε,
1429 5756 1771 5828 doctrinaque
1815 5761 1939 5834 legit
1975 5778 2102 5819 con-

2240 3321 2329 3376 Η.
2359 3317 2563 3374 Christo
2584 3314 2720 3371 unde
2743 3331 2859 3369 cum
2885 3311 3243 3383 trepidationis
3262 3308 3451 3378 aﬂ‘ectu
3475 3324 3675 3363 summa
3704 3308 3770 3376 [i-

2170 3411 2344 3467 ducia.
2370 3439 2440 3450 —
2461 3407 2577 3464 Non
2604 3414 2690 3463 est
2716 3406 2874 3476 igitur
2903 3404 2972 3461 de
3000 3403 3175 3460 salute
3205 3411 3411 3459 natura:
3437 3400 3600 3469 hujus
3627 3399 3680 3454 in
3713 3415 3772 3454 se

2171 3501 2401 3559 inlirmis
2431 3499 2690 3554 incertus.
2720 3496 2902 3553 Solam
2935 3510 2964 3550 a
2997 3495 3106 3550 Deo
3133 3493 3384 3552 virtutem
3416 3491 3534 3562 ejus
3559 3505 3682 3560 quae
3719 3491 3770 3544 in

2173 3610 2234 3652 se
2259 3595 2329 3650 sit
2354 3591 2542 3650 salutis
2568 3600 2718 3648 orat:
2745 3598 2802 3646 et
2825 3596 2944 3644 orat
2971 3603 3066 3659 per
3095 3587 3232 3649 hanc
3258 3584 3638 3646 confidentiam
3665 3599 3774 3653 qua

2176 3686 2283 3746 ait:
2315 3683 2639 3740 Obumbrasti
2675 3697 2826 3752 super
2862 3688 3018 3747 caput
3042 3694 3209 3733 meum
3236 3678 3290 3732 in
3329 3677 3410 3732 die
3447 3675 3585 3730 belli.
3621 3675 3678 3731 Si
3709 3691 3776 3734 ex

2178 3793 2408 3850 persona
2451 3777 2712 3845 cujusque
2756 3772 2992 3829 hominis
3034 3771 3274 3842 psalmus
3314 3769 3403 3826 hic
3441 3769 3620 3824 omnis
3653 3777 3774 3833 est;

2179 3870 2453 3944 quomodo
2479 3870 2581 3926 sibi
2614 3877 2722 3926 tam
2753 3867 2965 3923 diversa
2991 3865 3310 3930 conveniet,
3340 3871 3401 3918 ut
3423 3878 3545 3918 cum
3573 3862 3777 3920 dictum

2181 3965 2279 4022 sit:
2308 3963 2470 4035 Eripe
2493 3977 2594 4028 me,
2626 3959 2864 4025 Domine,
2879 3959 2942 4014 ab
2957 3959 3160 4013 homine
3172 3958 3329 4022 malo,
3352 3964 3436 4014 et:
3461 3954 3674 4010 Custodi
3697 3971 3778 4009 me

2183 4056 2246 4112 de
2269 4071 2425 4114 manu
2452 4048 3022 4123 peccatoris,Domine;
3054 4063 3197 4106 nunc
3225 4063 3438 4106 rursum
3454 4060 3680 4104 securus
3710 4047 3779 4100 de

2186 4145 2435 4206 omnibus
2462 4145 2636 4199 dicat:
2671 4140 3000 4198 Obumbrasti
3030 4156 3182 4208 super
3210 4149 3364 4212 caput
3395 4155 3560 4196 meum
3604 4138 3656 4192 in
3698 4138 3784 4192 die

2187 4238 2348 4294 belli?
2371 4246 2566 4294 etcum
2593 4234 2841 4305 superius
2865 4249 2931 4288 ex
2959 4239 3107 4290 metu
3132 4230 3296 4288 fuerit
3320 4233 3518 4297 oratio,
3547 4245 3687 4287 nunc
3714 4230 3789 4284 sit

2187 4330 2473 4402 gratulatio
2498 4344 2565 4384 ex
2591 4326 2912 4386 securitate?
2953 4325 3065 4382 Hoc
3090 4333 3271 4384 autem
3295 4331 3463 4385 totum
3491 4323 3593 4380 dici
3620 4323 3690 4380 ab
3722 4337 3790 4378 eo

2189 4440 2258 4482 ex
2285 4424 2493 4484 ratione
2521 4421 2746 4492 poterit,
2775 4419 2864 4489 qui
2888 4433 3084 4490 gerens
3110 4417 3342 4476 hominis
3386 4417 3586 4487 Deique
3628 4427 3788 4470 nulu-

2191 4533 2305 4574 ram
2329 4558 2344 4582 ,
2377 4515 2609 4574 habebat
2633 4522 2688 4571 et
2711 4529 2776 4568 es
2806 4512 3038 4570 hominis
3068 4511 3377 4572 infirmitate
3417 4509 3796 4580 trepidationis

2064 4619 2080 4645 ·
2109 4613 2165 4674 1)
2189 4607 2432 4666 allectum
2451 4648 2468 4674 ,
2495 4615 2551 4665 et
2574 4621 2638 4662 ex
2666 4603 2994 4662 conscientia
3025 4603 3323 4659 divinitatis
3354 4602 3602 4660 fiduciam
3635 4616 3794 4658 secu-

2191 4701 2389 4757 ritatis.
2430 4698 2544 4754 Scit
2571 4705 2749 4754 autem
2779 4709 2838 4753 se
2868 4695 2920 4751 in
2952 4694 3038 4750 die
3063 4695 3283 4762 gloriosi
3315 4694 3458 4750 illius
3490 4693 3613 4749 belli
3635 4736 3651 4759 ,
3684 4709 3795 4763 quo

2196 4801 2423 4850 mortem
2453 4790 2704 4860 perimet,
2730 4802 2837 4858 quo
2858 4787 3125 4846 diabolum
3147 4787 3344 4852 vincet,
3365 4803 3467 4858 quo
3482 4801 3670 4843 omnes
3699 4802 3798 4856 po-

2201 4892 2418 4945 testates
2440 4881 2683 4940 inimicas
2705 4877 2976 4947 triumpho
2996 4878 3173 4935 crucis
3193 4892 3302 4932 sua:
3323 4878 3576 4946 conliget,
3595 4877 3796 4936 obum-

2198 4975 2407 5036 bratum
2435 4978 2839 5041 protectumqne
2863 4971 2946 5026 iri.
2964 4969 3201 5039 Namque
3222 4985 3342 5026 cum
3365 4986 3431 5024 ex
3457 4986 3682 5039 persona
3700 4973 3799 5028 Dei

2201 5064 2370 5138 patris
2392 5063 2591 5123 dictum
2613 5062 2681 5118 de
2702 5076 2766 5116 eo
2791 5070 2949 5120 antea
2974 5059 3161 5121 fuerit:
3186 5058 3315 5114 Cum
3343 5062 3454 5129 ipso
3480 5077 3594 5116 sum
3621 5063 3675 5117 in
3707 5065 3804 5117 tri-

2201 5156 2457 5215 bulatione
2486 5153 2603 5226 (Ps.
2638 5167 2708 5214 xc
2730 5194 2744 5220 ,
2773 5150 2905 5223 lii);
2939 5159 2994 5208 ct
3023 5166 3266 5206 rursum:
3302 5151 3492 5207 Manus
3523 5156 3656 5206 enim
3685 5170 3804 5208 mea

2200 5246 2538 5308 auxiliabitur
2559 5247 2626 5313 ei,
2643 5254 2689 5300 et
2712 5244 2977 5304 brachium
2998 5259 3166 5298 meum
3191 5244 3495 5314 confortabit
3515 5260 3650 5308 eunt,
3668 5247 3802 5301 nihil

2199 5339 2433 5413 proﬁciet
2457 5337 2695 5392 inimicus
2720 5336 2774 5390 in
2799 5351 2880 5403 eo,
2907 5345 2953 5392 et
2978 5335 3119 5405 ﬁlius
3146 5335 3432 5406 iniquitatis
3456 5352 3560 5392 non
3583 5337 3803 5409 adjiciet

2199 5446 2377 5492 nocere
2404 5429 2452 5484 ei
2481 5427 2610 5499 (Ps.
2639 5441 2900 5492 Lxxxvm,
2930 5425 3000 5480 22
3026 5434 3071 5482 ει
3097 5427 3168 5482 εὖ
3183 5425 3207 5496 )
3236 5443 3252 5494 ;
3284 5427 3411 5497 quid
3443 5427 3672 5498 profecit
3703 5430 3807 5484 ini-

2203 5525 2374 5586 micus
2417 5521 2610 5580 Iudam
2653 5520 2720 5578 ad
2763 5518 3098 5582 voluntatem
3143 5518 3447 5580 traditionis
3487 5519 3807 5592 inspirans?

2285 5686 2362 5812 (f)
2397 5685 2486 5741 Sic
2505 5696 2637 5739 mss.
2666 5681 2734 5736 At
2759 5679 2910 5750 editi,
2940 5679 3030 5735 sed
3053 5681 3258 5750 etquod
3281 5681 3575 5752 assumpsit.

2285 5766 2303 5812 t
2352 5761 2370 5812 l
2411 5755 2466 5810 Id
2490 5763 2592 5812 est.
2621 5751 2789 5806 nostri
2815 5753 2881 5806 ad
2906 5754 3075 5805 instar
3095 5751 3233 5806 mori
3263 5749 3508 5806 debebat.
3541 5751 3575 5806 Ρ

2285 5749 2370 5833 (τί)
2411 5755 2466 5810 Id
2490 5763 2602 5833 est,_
2621 5749 3075 5833 nostriadlnslar
3095 5749 3233 5833 mori
3263 5749 3508 5833 debebat.
3526 5751 3811 5833 ﬁnpposi.

2227 5822 2384 5888 nonis
2411 5825 2692 5881 secundum
2717 5822 2906 5880 eadem
2938 5822 3018 5886 vis
3044 5831 3128 5876 est
3155 5836 3315 5894 supra
3338 5836 3456 5895 pag.
3483 5823 3616 5890 655,
3639 5822 3695 5879 b'.
