4134 6184
389 284 496 342 825

1595 269 1844 330 SANCTI
1871 269 2134 329 HlLARlI
2175 269 2484 332 EPISCOPI

3588 275 3703 332 824

388 406 572 454 menta
597 401 766 459 sunt,
815 393 932 448 haec
973 388 1401 459 irreligiosorum
1437 392 1640 442 aeterna
1669 384 1840 441 vestis
1864 393 1986 440 est:
2017 385 2073 447 Α
2168 384 2255 438 17.
2309 383 2382 440 Et
2411 398 2593 440 sermo
2619 384 2738 456 ipse
2761 425 2778 454 ,
2819 401 2928 458 quo
2975 385 3216 457 psalmus
3260 383 3532 442 clauditur
3555 424 3571 452 ,
3621 386 3699 444 ita

387 497 448 545 ut
473 489 732 544 adversus
756 483 1069 540 decidentes
1092 479 1357 535 carbones
1383 487 1438 534 et
1464 476 1779 549 ingruentes
1825 479 1989 532 mise-

390 580 502 638 rias
549 595 655 636 non
706 576 1102 638 subsistentes,
1157 571 1247 627 tali
1289 585 1410 626 cum
1459 570 1578 641 ipso
1615 569 1874 626 circuitus
1902 569 1989 624 sui

391 673 566 744 capite
609 680 663 727 et
709 670 894 725 labore
942 666 1210 723 labiorum
1257 663 1620 722 damnationis
1658 678 1771 720 suae
1821 677 1989 720 onere

393 764 783 836 deprimantur.

463 856 555 912 15.
606 852 762 908 Juda:
816 853 1096 926 proditoris
1149 850 1392 922 nequitia.
1449 877 1522 892 --
1569 847 1766 903 Tenuit
1807 856 1989 904 autem

394 947 557 1004 etiam
587 960 732 1002 nunc
757 960 881 1000 eum
906 943 1150 1000 ordinem
1171 984 1186 1010 ,
1239 958 1345 1013 quo
1385 941 1438 996 in
1465 939 1835 1012 superioribus
1862 955 1992 996 usus

391 1051 476 1096 est
502 1082 516 1104 ,
544 1049 602 1094 ut
631 1053 756 1094 cum
786 1037 841 1092 in
869 1036 1114 1108 pluribus
1140 1035 1400 1106 p0pulum
1428 1033 1680 1089 ostendat
1704 1076 1718 1099 ,
1765 1048 1911 1090 nunc
1936 1033 1990 1088 in

394 1149 504 1190 uno
531 1131 723 1189 ludam
751 1130 1060 1200 signiﬁcare
1089 1129 1337 1184 videatur
1362 1171 1378 1195 ,
1415 1127 1602 1184 dicens
1631 1167 1644 1192 ,
1684 1126 1850 1183 Vens.
1885 1126 1952 1181 12
1977 1144 1989 1179 :

407 1225 495 1280 Vir
522 1225 788 1295 linguosus
833 1239 934 1276 non
979 1221 1229 1292 dirigetur
1261 1236 1414 1291 super
1452 1228 1672 1274 terrant:
1722 1219 1887 1272 virum
1915 1218 1996 1272 in-

391 1323 597 1392 justam
636 1317 778 1369 mala
821 1316 1026 1385 capient
1066 1315 1121 1367 in
1149 1313 1379 1368 interitu.
1435 1311 1490 1366 In
1525 1312 1770 1380 linguoso
1795 1324 1996 1380 anceps

400 1420 456 1467 et
480 1409 704 1464 dubium
730 1417 786 1463 et
811 1406 974 1461 fallax
999 1421 1060 1462 os
1081 1403 1373 1476 proditoris
1403 1401 1998 1473 ostenditur,qui,sero

396 1501 644 1558 criminis
692 1499 778 1556 sui
827 1499 1038 1555 scelere
1081 1507 1384 1567 comperto,
1435 1497 1628 1566 laqueo
1659 1511 1718 1552 se
1748 1511 1777 1549 a
1809 1495 1915 1550 vita
1945 1504 1998 1550 et

400 1595 510 1651 ﬁde
536 1594 794 1664 profugus
824 1591 1126 1662 suspendit.
1177 1590 1323 1646 Nihil
1351 1591 1495 1646 enim
1524 1590 1791 1645 directum
1819 1589 1874 1644 in
1901 1602 1996 1657 eo,

396 1685 533 1740 nihil
578 1683 810 1754 simplex
836 1725 850 1750 ,
885 1682 1018 1739 nihil
1048 1683 1351 1737 absolutum
1380 1681 1482 1737 fuit
1513 1697 1527 1732 :
1557 1682 1642 1735 tur
1674 1689 1832 1735 antea
1857 1722 1872 1747 ,
1906 1679 2000 1735 de-

402 1777 528 1832 hinc
573 1776 849 1846 proditor,
900 1786 1177 1846 postremo
1227 1775 1343 1844 ipse
1393 1774 1446 1828 in
1494 1787 1553 1829 se
1609 1773 1804 1844 dignus
1860 1774 2003 1829 ultor
2032 1787 2080 1846 Β

401 1867 543 1942 (Job.
572 1883 670 1934 xu,
697 1867 788 1940 4);
819 1882 963 1922 nunc
993 1867 1276 1922 mulierem
1315 1866 1487 1922 eliuso
1517 1867 1570 1920 in
1601 1874 1762 1934 caput
1789 1865 2002 1921 Domini

397 1968 676 2032 unguento
701 1961 884 2016 damni
903 1960 1104 2016 inutilis
1128 1975 1382 2031 arguens,
1417 1975 1560 2015 nunc
1583 1959 1785 2015 iudicis
1811 1974 2002 2015 omnes

399 2057 614 2114 Domini
643 2056 821 2112 aditus
845 2063 901 2112 et
937 2070 1188 2126 egressus
1233 2055 1486 2109 nuntians
1510 2093 1526 2118 ,
1557 2068 1702 2109 nunc
1727 2053 1796 2108 de
1828 2053 2002 2124 pretio

395 2150 529 2222 justi
557 2149 836 2220 sanguinis
881 2151 1158 2220 paciscens
1186 2145 1400 2219 (Matth.
1435 2162 1582 2214 xxvr,
1622 2145 1744 2216 15);
1799 2145 2005 2216 linguo-

401 2225 494 2299 sus
521 2255 756 2311 semper,
785 2254 1008 2311 semper
1043 2241 1096 2294 in
1129 2239 1311 2294 verbis
1335 2279 1350 2305 ,
1397 2246 1456 2292 ut
1483 2237 1539 2292 in
1569 2253 1692 2292 eum
1725 2238 2004 2308 propheta:

403 2335 608 2391 dictum
638 2343 1013 2404 competenter
1038 2340 1253 2402 aptetur
1283 2348 1296 2384 :
1341 2327 1420 2384 De
1450 2330 1769 2400 multiloquio
1795 2346 1896 2384 non
1920 2333 2003 2402 ef-

403 2430 571 2500 fugies
590 2435 856 2500 peccatum
884 2425 1068 2499 (Prov.
1095 2440 1152 2491 ι,
1189 2423 1302 2494 19).
1356 2423 1456 2478 Hic
1485 2437 1615 2493 ergo
1646 2423 1699 2477 in
1728 2422 1831 2478 hoc
1859 2423 2001 2478 mul-

404 2521 632 2590 tiloquio
659 2533 759 2574 suo
792 2525 1046 2589 peccator
1073 2532 1182 2572 non
1210 2517 1452 2573 directus
1479 2517 1533 2570 in
1559 2517 1722 2571 vitam
1754 2524 1837 2572 est
1861 2557 1876 2583 ,
1912 2530 2007 2571 ne-

405 2628 512 2684 que
538 2622 746 2668 rectum
776 2613 904 2670 ﬁdei
935 2612 1040 2668 iter
1071 2611 1274 2674 tenuit;
1326 2611 1421 2666 sed
1448 2652 1463 2676 ,
1514 2619 1573 2665 ut
1616 2609 1836 2680 dignum
1880 2615 1964 2664 est
1986 2650 2002 2676 ,

404 2708 546 2762 mala
577 2722 701 2762 eum
733 2706 789 2763 in
820 2706 1040 2762 interitu
1063 2715 1344 2777 ceperunt.
1375 2705 1580 2775 Impius
1605 2703 1660 2758 in
1690 2704 1859 2759 Deum
1881 2717 2003 2758 cum

404 2798 600 2855 fuisset
625 2841 640 2865 ,
675 2809 860 2869 postea
887 2798 945 2854 in
984 2806 1158 2854 semet
1178 2799 1394 2868 quoque
1417 2795 1594 2866 ipsum
1630 2795 1825 2865 impius
1855 2810 2007 2849 man-

405 2891 496 2946 sit.
527 2891 638 2945 Fur
667 2891 907 2960 pecuniae
930 2931 946 2957 ,
979 2889 1229 2945 venditor
1256 2889 1536 2958 sanguinis
1558 2888 1687 2958 justi
1714 2928 1729 2954 ,
1765 2885 2008 2956 proditor
2060 2955 2065 2961 '

407 2983 506 3038 Dei
531 3023 547 3048 ,
577 2991 634 3038 et
657 2991 916 3053 quantum
948 2982 1002 3037 in
1038 2997 1100 3038 se
1127 2991 1212 3038 est
1237 3023 1252 3048 ,
1289 2979 1555 3051 parricida
1585 3021 1598 3051 ,
1631 2994 1734 3036 nec
1763 2980 1888 3036 vita:
1915 2994 2006 3036 vc-

410 3077 552 3132 niam
580 3077 756 3148 potuit
779 3077 998 3142 habere,
1025 3091 1126 3132 nec
1151 3075 1360 3131 mortis.

2094 475 2331 547 loquitur
2351 519 2368 545 ,
2417 476 2583 533 Vens.
2621 476 2688 532 14
2715 495 2729 533 :
2761 479 2998 534 Attamen
3027 479 3163 552 justi
3191 479 3573 549 conﬁtebuntur
3598 495 3697 534 no-

2092 570 2220 624 mini
2247 581 2356 639 tuo,
2387 578 2434 624 et
2461 570 2760 625 habitabant
2794 573 2920 626 recti
2955 589 3071 625 cum
3106 572 3238 642 faeie
3262 580 3370 626 tua.
3415 570 3697 628 Justorum

2092 663 2366 719 confessio
2412 673 2591 734 potest
2639 666 2800 720 etiam
2853 664 2927 736 (b)
2974 665 3274 746 corporalis
3303 665 3518 733 videri,
3571 667 3700 736 quia

2096 756 2277 826 plures
2305 756 2358 810 in
2387 769 2550 811 carne
2590 756 2768 812 adhuc
2794 756 2921 812 licet
2948 757 3128 826 positi,
3159 755 3253 811 Dei
3283 757 3488 812 nomini
3519 759 3700 813 conﬁ-

2096 857 2296 905 tentur.
2348 847 2500 903 Recti
2525 859 2705 904 autem
2732 849 3036 902 habitantes
3063 860 3186 902 cum
3213 846 3349 902 facie
3380 848 3516 915 Dei,
3563 849 3702 906 nihil

2097 943 2150 996 in
2183 957 2242 996 se
2265 940 2545 1010 corporale
2589 940 2826 996 retinere
2872 939 3269 1010 intelliguntur.
3314 939 3516 995 Natura
3553 941 3706 997 enim

2096 1034 2275 1091 carnis
2331 1033 2424 1088 Dei
2495 1048 2601 1088 non
2656 1033 2854 1102 patitur
2901 1041 3224 1103 aspectum,
3274 1031 3393 1103 ipso
3442 1032 3703 1089 dicente:

2102 1126 2270 1198 Nemo
2299 1125 2486 1179 videbit
2527 1124 2790 1179 hominum
2823 1124 3011 1192 faciem
3036 1139 3218 1191 meam,
3255 1132 3302 1178 et
3341 1125 3469 1178 vivet
3497 1122 3702 1197 (Exod.

2101 1233 2290 1283 sunt,
2318 1216 2433 1288 20).
2482 1216 2595 1272 Hoc
2617 1217 2727 1287 jam
2753 1216 3058 1273 cmlestium
3089 1224 3174 1272 est
3197 1256 3214 1282 ,
3245 1223 3301 1271 et
3346 1214 3708 1299 transforma-

2100 1317 2278 1364 torum
2301 1351 2316 1375 ,
2361 1315 2417 1364 et
2446 1317 2715 1364 terrenam
2743 1307 3149 1377 corruptionem
3178 1306 3386 1363 caelesti
3416 1307 3707 1378 incorrup-

2104 1402 2251 1457 tione
2270 1399 2594 1456 mutantium
2619 1417 2632 1455 :
2667 1414 2803 1471 quos
2821 1401 2931 1468 jam
2957 1399 3252 1454 divinitatis
3273 1399 3484 1455 honore
3504 1399 3706 1468 claros,

2103 1502 2529 1564 conregnaturos
2573 1492 2643 1564 (c)
2675 1492 2788 1562 ipse
2820 1493 2930 1548 Deo
2971 1494 3110 1564 patri
3150 1494 3328 1548 tradet
3375 1493 3430 1549 in
3478 1509 3710 1565 regnum

2105 1586 2367 1641 Dominus
2389 1593 2576 1640 noster
2599 1585 2759 1640 .lesus
2788 1583 3034 1641 Christus
3057 1626 3074 1654 ,
3125 1585 3216 1657 qui
3261 1593 3346 1642 est
3386 1585 3710 1643 benedictus

2105 1681 2162 1737 in
2190 1679 2387 1737 saecula
2417 1679 2764 1735 saeculorum.
2815 1680 3010 1735 Amen.

2650 1815 2968 1874 PSALMUS
2997 1815 3167 1874 .CXL.

2179 1929 2416 1998 Domine,
2443 1929 2661 1984 clamavi
2687 1930 2754 1984 ad
2784 1939 2851 1997 te,
2875 1930 3061 1985 exaudi
3084 1946 3197 1984 me:
3225 1929 3431 1986 intende
3455 1933 3564 1988 voci
3592 1949 3715 1988 ora—

2104 2022 2257 2076 tionis
2293 2037 2436 2089 mew,
2469 2039 2587 2076 cum
2623 2022 2903 2077 clamavero
2937 2020 3145 2094 (Infra,
3178 2021 3302 2076 dum
3327 2023 3564 2079 clamabo
3592 2027 3611 2096 )
3642 2027 3716 2080 ad

2104 2125 2171 2170 te.
2223 2115 2491 2185 Dirigatur
2518 2115 2682 2168 oratio
2714 2129 2826 2169 mea
2866 2114 2998 2167 sicut
3037 2115 3302 2168 incensum
3340 2115 3393 2168 in
3439 2127 3716 2186 conspectu

2106 2219 2194 2264 tuo
2227 2208 2344 2280 (His
2373 2208 2720 2279 praemittitur
2745 2249 2760 2274 ,
2789 2206 3070 2280 Domine).
3121 2205 3358 2262 Elevatio
3388 2206 3664 2282 (allevatio
3691 2212 3711 2282 )

2107 2317 2357 2356 manuum
2382 2317 2610 2356 mearunt
2651 2301 2964 2370 sacriﬁcium
3002 2300 3366 2368 vespertinum.
3415 2300 3562 2357 Pone
3602 2302 3717 2357 Do-

2109 2396 2248 2450 mino
2270 2394 2560 2450 custodiam
2589 2395 2668 2449 ori
2694 2409 2828 2462 meo,
2855 2403 2902 2448 et
2931 2395 3117 2448 ostium
3139 2395 3538 2450 circumstantia:
3558 2397 3715 2451 labiis

2107 2496 2252 2550 meis.
2289 2493 2411 2549 Non
2435 2494 2658 2550 declines
2683 2511 2770 2550 cor
2797 2511 2965 2550 meum
2995 2495 3048 2550 in
3078 2495 3227 2550 verba
3250 2495 3387 2548 mala
3423 2493 3710 2567 (malitiar),

2107 2587 2176 2642 ad
2198 2587 2516 2642 excusandas
2538 2587 2891 2642 excusationes
2919 2588 2974 2640 in
2997 2588 3220 2657 peccatis
3240 2629 3256 2652 ,
3284 2603 3399 2641 cum
3419 2586 3714 2640 hominibus

2109 2678 2438 2749 operantibus
2466 2679 2786 2749 iniquitateut
2806 2696 2825 2734 :
2867 2688 2912 2734 et
2933 2697 3036 2734 non
3067 2679 3363 2735 combinabo
3395 2695 3510 2734 cum
3540 2677 3714 2734 electis

2109 2788 2306 2828 eorum.
2365 2772 2619 2843 Corripiet
2648 2789 2729 2827 me
2747 2777 2923 2842 justus
2947 2775 3000 2828 in
3031 2774 3404 2840 misericordia,
3449 2783 3496 2827 et
3537 2772 3712 2826 incre-

2111 2867 2250 2937 pabit
2278 2883 2394 2922 me:
2417 2868 2587 2922 oleant
2609 2877 2777 2920 autem
2811 2869 3092 2937 peccatoris
3124 2883 3226 2921 non
3250 2867 3530 2939 impinguet
3555 2874 3713 2935 caput

2109 2977 2297 3016 meum.
2343 2961 2598 3026 Quoniam
2641 2960 2810 3015 adhuc
2842 2960 2935 3034 (et)
2973 2964 3137 3016 oratio
3161 2977 3272 3016 mea
3296 2962 3352 3016 in
3383 2960 3716 3032 beneplacitis

2109 3069 2320 3119 eorum;
2363 3055 2589 3127 absorpti
2615 3065 2733 3110 sunt
2773 3056 3056 3110 continuati
3099 3068 3258 3124 petra:
3275 3054 3478 3126 iudices
3509 3071 3707 3121 eorum,

481 3145 889 3239 ili—Paupertas
919 3165 1133 3224 Christi.
1186 3167 1448 3224 Vindicari
1488 3169 1698 3241 praprie
1740 3183 1840 3223 non
1880 3184 2006 3223 con-

2113 3145 2399 3201 Audientur
2427 3145 2707 3218 (audient)
2751 3147 2901 3201 verba
2939 3164 3050 3202 mea
3073 3189 3090 3216 ,
3129 3147 3371 3217 quoniam
3401 3156 3674 3219 potuerunt
3693 3163 3713 3202 :

409 3263 544 3316 venit
588 3260 796 3315 Christo
822 3302 836 3327 ,
875 3260 967 3315 sed
1004 3262 1162 3314 servis
1191 3261 1326 3326 ejus.
1348 3290 1421 3302 —
1447 3260 1564 3316 Non
1591 3262 1804 3318 nescius
1830 3262 2009 3334 itaque

410 3353 573 3423 hujus
600 3352 856 3408 vindicta:
885 3365 997 3407 suae
1029 3351 1338 3420 unigenitus
1371 3351 1512 3406 Deus
1549 3360 1662 3418 est;
1705 3353 1780 3407 ait
1817 3355 1961 3409 enim
1987 3396 2003 3420 ,

411 3446 576 3502 VERS.
610 3447 713 3501 15:
747 3446 971 3518 Cognovi
1000 3449 1124 3515 quia
1159 3446 1310 3515 faciet
1342 3444 1595 3499 Dominus
1610 3445 1871 3518 judicium
1901 3447 2010 3501 ino-

411 3539 512 3610 pis,
538 3549 586 3594 et
615 3538 894 3594 vindictam
919 3553 1226 3609 pauperum.
1284 3537 1494 3607 Pauper
1527 3537 1786 3593 Dominus
1816 3553 2010 3594 secun-

411 3634 538 3688 dum
568 3632 844 3689 hominem
872 3643 977 3688 est.
1023 3631 1373 3701 Paupertavit
1398 3631 1541 3687 enim
1570 3647 1631 3688 se
1657 3675 1671 3700 ,
1715 3633 2009 3689 secundum

411 3726 754 3795 Apostolum,
787 3733 848 3779 ut
865 3739 964 3779 nos
997 3724 1488 3792 locupletaremur,
1523 3723 1612 3780 cui
1636 3724 1689 3779 in
1714 3724 1898 3781 saeculi
1927 3740 2013 3781 re-

412 3820 517 3875 bus
547 3819 683 3874 nihil
725 3819 830 3873 nisi
877 3831 1074 3887 corpus
1119 3818 1216 3872 fuit
1260 3817 1346 3889 (ll
1377 3816 1497 3874 Cor.
1529 3835 1622 3874 vui
1647 3861 1660 3884 ,
1695 3819 1788 3890 9).
1844 3821 2013 3888 Hujus

412 3912 560 3968 enim
604 3910 792 3966 salutis
839 3909 998 3982 591
1041 3924 1204 3964 causa
1235 3910 1384 3966 nasci
1431 3910 1587 3980 inops
1615 3911 1782 3966 voluit
1809 3927 1877 3966 ex
1905 3911 2017 3966 vir-

411 4004 572 4074 gine:
600 4017 706 4058 non
734 4005 1040 4073 pecuniam,
1068 4015 1174 4057 non
1194 4017 1406 4072 agrum,
1434 4016 1538 4057 non
1563 4017 1727 4072 pecus
1749 4005 2012 4059 ccelorum

416 4095 679 4151 Dominus
708 4095 894 4166 elegit.
929 4094 1142 4164 Pauper
1182 4109 1312 4163 ergo
1343 4095 1395 4148 in
1429 4095 1649 4150 homine
1679 4104 1882 4150 tantum
1914 4110 2013 4150 suo

413 4185 546 4253 luit,
578 4184 676 4240 sed
706 4201 812 4239 non
840 4184 1014 4239 solum
1041 4183 1302 4254 judicium
1335 4184 1514 4256 inopis
1537 4227 1551 4250 ,
1601 4185 1697 4241 sed
1727 4195 1782 4241 et
1808 4186 2014 4242 vindic-

417 4287 525 4332 tam
554 4291 848 4347 pauperum
881 4277 1140 4331 Dominus
1174 4276 1354 4332 faciet.
1402 4276 1670 4333 Judicium
1715 4279 1892 4349 inopis
1923 4295 2011 4335 re-

418 4369 549 4426 ferri
589 4370 655 4425 ad
681 4369 1086 4425 damnationem
1117 4384 1307 4424 eorum
1334 4411 1348 4433 ,
1393 4371 1484 4440 qui
1516 4370 1702 4441 injusti
1748 4373 1801 4427 in
1834 4373 2013 4428 Domi-

416 4478 566 4518 mum
596 4463 941 4530 exstiterunt,
968 4470 1202 4532 oportet.
1236 4460 1502 4517 Convenit
1529 4463 1673 4518 enim
1698 4479 1794 4520 eos
1823 4479 2014 4520 secun-

2113 3242 2244 3294 sicut
2271 3241 2557 3300 crassitudo
2581 3251 2730 3296 terra:
2760 3251 2996 3313 eruptum
3016 3250 3093 3296 est
3117 3257 3272 3312 super
3291 3250 3500 3296 terram.
3552 3241 3718 3314 592

2114 3331 2380 3404 Dissipata
2397 3342 2515 3387 sunt
2528 3349 2644 3388 ossa
2661 3342 2833 3388 nostra
2852 3335 3292 3406 secusinferuum;
3304 3335 3545 3403 quoniam
3559 3334 3626 3386 ad
3641 3345 3712 3399 te,

2119 3423 2354 3490 Domine,
2387 3426 2522 3478 oculi
2551 3425 2681 3480 ntei:
2719 3425 2772 3479 in
2799 3435 2848 3480 te
2879 3425 3096 3495 speravi,
3134 3441 3235 3480 non
3255 3428 3468 3496 auferas
3488 3425 3721 3478 animam

2092 3530 2299 3568 .meant.
2351 3514 2565 3571 Custodi
2605 3533 2684 3572 me
2713 3535 2744 3572 a
2779 3517 2958 3591 quuco
2985 3535 3135 3588 quem
3155 3527 3440 3574 statuerunt
3469 3518 3598 3572 ntihi
3619 3559 3636 3584 ,
3661 3527 3714 3572 et

2115 3606 2374 3660 scandulis
2401 3609 2722 3676 operantium
2753 3609 3096 3679 iniquitatem.
3135 3608 3347 3666 .Cadeut
3387 3611 3442 3664 in
3468 3609 3721 3664 retiacula

2117 3699 2228 3769 ejus
2253 3707 2575 3768 peccatores:
2599 3700 2932 3772 singulariter
2959 3718 3072 3755 sum
3099 3717 3211 3772 ego,
3241 3700 3403 3756 donec
3433 3710 3714 3758 transeam.

2553 3813 2968 3872 TRACTATUS
3011 3814 3278 3872 PSALMI.

2189 3910 2241 3964 l.
2279 3909 2480 3976 Oratio,
2524 3911 2617 3965 etsi
2644 3911 2818 3976 tacita,
2848 3927 2940 3982 per
2963 3909 3116 3981 fidem
3142 3912 3350 3964 clamat.
3372 3940 3446 3951 —
3465 3911 3721 3966 Omnium

2117 4010 2429 4058 sanctorum
2457 4002 2632 4059 ﬁdelis
2661 4003 2858 4067 oratio,
2891 4003 3098 4058 clamor
3125 4013 3209 4059 est
3237 4003 3379 4058 Deo:
3430 4003 3534 4058 lide
3563 4003 3710 4058 enim

2117 4095 2184 4148 ad
2211 4111 2333 4150 eum
2361 4137 2374 4161 ,
2406 4110 2512 4150 non
2545 4095 2695 4150 vocis
2720 4095 2957 4151 clamore
2986 4095 3248 4150 clamatur
3270 4094 3297 4166 .(
3323 4092 3474 4148 Psal.
3511 4109 3678 4150 csvtn
3701 4136 3718 4162 ,

2119 4204 2171 4242 η.
2207 4188 2231 4241 1
2265 4197 2318 4242 ει
2344 4187 2426 4259 2).
2456 4187 2668 4260 Moyses
2687 4189 2920 4242 instante
2942 4185 3324 4257 IEgyptiorum
3345 4201 3472 4257 rege
3495 4198 3724 4242 moestus

2119 4279 2297 4336 stabat
2323 4280 2377 4335 in
2406 4280 2618 4336 littore:
2670 4279 2766 4335 sed
2793 4291 3007 4336 tacente
3032 4279 3159 4335 licet
3185 4295 3274 4346 eo,
3303 4279 3535 4334 excelsa:
3563 4295 3722 4333 men-

2121 4372 2189 4428 tis
2214 4371 2428 4428 ﬁdelem
2456 4373 2754 4428 orationem
2780 4373 3039 4428 Dominus
3065 4369 3291 4438 audivit,
3323 4369 3548 4426 dicens:
3582 4369 3725 4437 Quid

2121 4465 2408 4533 proclamas
2432 4464 2501 4518 ad
2530 4481 2608 4518 me
2630 4462 2827 4536 (Exod.
2862 4480 2978 4531 ειν,
3013 4456 3140 4536 15)?
3183 4461 3478 4535 Martyrum
3506 4477 3727 4533 quoque

418 4556 545 4611 dum
588 4555 847 4625 judicium
873 4597 888 4622 ,
941 4571 1046 4609 non
1095 4555 1392 4610 secundum
1435 4555 1724 4611 vindictam
1757 4557 2010 4625 judicari.
2043 4557 2343 4627 Dsanguis
2393 4571 2528 4613 voce
2572 4557 2816 4626 corporis
2854 4568 3040 4623 caret;
3091 4556 3186 4612 sed
3236 4557 3528 4627 indignitas
3571 4557 3726 4614 necis

419 4648 698 4704 inferioris
728 4654 1060 4713 naturaeest,
1111 4645 1186 4718 (a)
1213 4646 1531 4714 quidebeat
1557 4649 1840 4705 vindicari.
1891 4649 2019 4705 Vin-

419 4737 667 4794 dicantur
685 4737 866 4795 caeteri
891 4752 1177 4808 pauperes,
1203 4737 1257 4792 id
1279 4747 1384 4805 est,
1407 4739 1499 4808 qui
1525 4739 1806 4795 Dominum
1829 4757 2016 4797 exem-

419 4832 512 4904 plo
542 4833 807 4902 passionis
837 4831 1013 4888 secuti
1040 4841 1207 4899 sunt,
1256 4833 1348 4903 qui
1391 4847 1457 4888 ex
1485 4843 1800 4905 contemptu
1833 4837 2018 4891 steculi

420 4933 478 4979 et
507 4925 753 4994 pecunia:
784 4938 1050 4994 pauperes
1077 4923 1318 4979 fuerunt.
1352 4922 1438 4978 Fit
1461 4925 1870 4994 ergojudicium
1893 4927 2014 4980 ino-

420 5018 546 5088 pis,
588 5031 711 5070 cum
756 5019 826 5073 ob
875 5019 1184 5088 passionem
1230 5016 1443 5071 Domini
1485 5015 1633 5087 impii
1676 5005 2012 5087 judicantur.

418 5110 697 5179 Pauperes
724 5124 855 5164 vero
878 5109 1220 5167 vindicantur
1247 5152 1262 5177 ,
1301 5125 1533 5181 quorum
1563 5111 1662 5166 sub
1691 5126 1782 5166 ara
1810 5113 2017 5168 occiso-

418 5217 543 5258 rum
572 5203 792 5272 sanguis
815 5203 1014 5260 clamat
1038 5246 1053 5271 ,
1101 5205 1394 5262 vindictam
1431 5207 1484 5261 in
1515 5205 1709 5277 impios
1734 5206 2016 5278 posmlans

421 5297 609 5369 (Apoc.
640 5311 715 5364 vt,
745 5294 836 5368 9):
867 5297 958 5367 qui
979 5297 1221 5368 quotidie
1248 5300 1302 5356 in
1323 5300 1495 5372 gloria
1519 5299 1764 5374 martyrii
1788 5315 2016 5360 maneno

421 5396 527 5459 tes,
559 5389 657 5446 Dei
686 5387 894 5446 nomini
921 5391 1268 5448 conﬁtentur.

522 5567 573 5639 a)
601 5567 700 5624 Ms.
730 5566 851 5622 Mic.
874 5582 985 5636 qua:
1015 5566 1211 5622 debeat.

497 5570 578 5762 ab)
628 5639 742 5696 Hoc
768 5647 890 5704 est,
922 5648 1094 5708 potest
1116 5639 1183 5694 ad

497 5714 500 5761 ι
523 5723 608 5762 )uc
633 5711 832 5762 denunt
863 5721 1078 5762 terreno
1101 5751 1114 5762 .
1148 5711 1211 5762 fr:

527 5639 578 5708 b)
628 5639 742 5718 lloc
768 5647 890 5704 est,
922 5648 1094 5708 potest
1116 5639 1183 5718 ad
1212 5653 1315 5718 eos.
1335 5641 1523 5718 referri
1545 5687 1560 5711 ,
1590 5645 1679 5717 qui
1708 5647 1762 5702 in
1791 5661 2022 5718 corpore

434 5708 608 5764 adhuc
633 5711 832 5790 degunt
863 5721 1078 5790 terreno
1101 5751 1114 5775 ,
1148 5711 1341 5781 fragili,
1397 5708 1620 5790 inlirtno'
1641 5760 1654 5782 ,
1686 5708 2020 5790 corropiibili

433 5794 500 5836 ac
525 5781 760 5839 nondum
791 5796 887 5853 per
921 5781 1208 5854 gloriosam
1247 5781 1698 5848 resurrectionem
1739 5781 2018 5850 renovato.

2123 4664 2310 4704 eorum
2345 4650 2452 4705 Deo
2479 4649 2690 4703 clamor
2718 4656 2824 4715 est,
2857 4651 2976 4720 ipso
3009 4649 3241 4706 Domino
3257 4649 3327 4705 de
3348 4649 3485 4705 Abel
3503 4648 3570 4705 ad
3588 4647 3727 4705 Cain

2121 4742 2372 4798 dicente:
2452 4742 2565 4796 Vox
2609 4744 2879 4813 sanguinis
2932 4745 3110 4813 fratris
3163 4745 3235 4798 tui
3286 4743 3476 4797 clamat
3524 4743 3593 4796 ad
3644 4758 3727 4797 me

2122 4832 2141 4904 (
2164 4833 2292 4889 Cen.
2326 4850 2378 4888 tv
2404 4875 2417 4898 ,
2451 4832 2575 4905 10).
2629 4831 2720 4889 Sic
2749 4843 2803 4888 ct
2828 4835 2928 4889 sub
2953 4847 3045 4888 ara
3077 4833 3170 4888 Dei
3200 4833 3495 4904 Martyrum
3525 4833 3724 4889 anima:

2123 4928 2457 4997 proclamare
2484 4927 2791 4981 scribuntur
2816 4968 2831 4993 ,
2857 4941 3048 4997 magna
3077 4939 3207 4981 voce
3232 4924 3479 4981 dicentes
3505 4944 3520 4982 :
3569 4925 3725 4994 Quo-

2123 5014 2294 5092 usque
2321 5020 2581 5095 Dominus
2610 5030 2830 5076 sanctus
2855 5029 2909 5076 et
2935 5033 3094 5076 verus
3121 5035 3226 5074 non
3251 5017 3463 5090 judicas
3500 5029 3559 5076 et
3606 5021 3730 5076 vin-

2121 5117 2268 5172 dicas
2314 5117 2633 5188 sanguinem
2682 5127 2926 5173 nostrum
2970 5116 3040 5174 de
3085 5116 3456 5173 habitantibus
3494 5116 3550 5170 in
3578 5124 3729 5172 terra

2121 5211 2304 5283 (Apoc.
2336 5226 2412 5278 γι,
2447 5211 2577 5284 l0)?
2625 5211 2683 5268 Si
2714 5211 2875 5283 igitur
2903 5226 3008 5266 non
3039 5211 3263 5266 humilia
3291 5252 3306 5277 ,
3337 5226 3437 5266 nec
3469 5219 3725 5277 terrena,

2121 5320 2222 5362 nec
2263 5305 2567 5376 corporalia
2620 5305 2744 5362 ﬁdei
2798 5307 2993 5376 spiritu
3044 5320 3298 5371 oremus;
3350 5313 3541 5360 tacens
3589 5304 3727 5360 licet

2122 5397 2296 5456 oratio
2325 5408 2532 5467 nostra,
2563 5399 2674 5458 Deo
2698 5399 2907 5456 clamor
2933 5407 3037 5456 est.
3089 5397 3268 5471 Atque
3295 5396 3419 5455 ideo
3447 5396 3728 5468 Propheta

2131 5578 2268 5635 Hinc
2296 5579 2612 5652 intelligitur
2635 5579 2761 5652 quid
2791 5579 2987 5637 deinde
3016 5581 3119 5636 sibi
3156 5579 3288 5636 velit
3312 5581 3454 5651 quod
3482 5583 3727 5640 habitam

2129 5661 2202 5705 tes
2222 5668 2336 5705 cum
2359 5651 2490 5722 facie
2509 5652 2603 5706 Dei
2632 5651 2842 5722 nihilAin
2867 5669 2920 5708 se
2953 5653 3221 5721 corporale
3242 5653 3459 5708 retinere
3483 5655 3724 5709 debeant.

2205 5721 2274 5795 (ε)
2325 5720 2382 5795 In
2428 5724 2570 5795 vulg.
2620 5723 2719 5793 ipsi
2747 5720 2878 5781 Deo.
2935 5723 3280 5784 Prxl‘erimus
3309 5738 3434 5783 cum
3462 5739 3568 5784 ms.
3597 5726 3721 5786 Mic.

2128 5792 2263 5865 ipse,
2289 5792 2408 5852 scil.
2441 5792 2714 5853 Dominus.
2809 5862 2923 5868 ,ιω
2989 5819 3015 5869 _'.
