4134 6184
283 351 391 410 825

1380 350 1796 412 TRACTATUS
1832 351 1900 410 IN
1936 349 2075 410 CXL
2113 339 2465 411 PSALMUM.

3470 347 3576 405 826

278 481 422 530 totus
454 471 530 544 (a)
563 470 629 527 ad
659 471 828 528 Deum
858 472 1054 541 spiritu
1083 473 1345 529 orationis
1371 472 1630 536 intentus,
1666 473 1736 527 ita
1767 487 1878 528 cte-
1902 477 1954 533 Α
1982 471 2086 528 Sed
2114 473 2204 544 qui
2226 471 2549 543 deprecatus
2578 479 2661 529 est
2689 472 2989 528 orationem
3026 486 3178 527 suam
3207 470 3364 541 dirigi
3404 479 3463 526 ut
3493 472 3577 528 in-

275 567 356 638 pit
389 608 404 632 ,
430 564 594 620 Vens.
629 567 654 622 1
683 583 696 619 :
729 565 948 621 Domine
974 566 1192 620 clamavi
1207 565 1276 619 ad
1288 573 1356 632 te,
1384 565 1572 620 exaudi
1593 580 1689 618 me.
1726 563 1870 620 Etut

275 661 568 716 clamorem
601 658 762 713 istum
795 673 900 713 non
930 659 1080 714 vocis
1105 700 1121 724 ,
1172 658 1268 714 sed
1301 657 1426 713 ﬁdei
1458 657 1681 712 doceret
1705 671 1826 712 esse
1853 674 1869 724 ;

275 751 498 821 adjecit:
523 749 745 806 Intende
764 751 872 805 uoci
893 753 1139 806 orationis
1160 767 1302 816 mete,
1323 751 1444 805 dum
1465 750 1694 805 clamabo
1715 751 1782 804 ad
1803 759 1868 805 te.

274 842 492 899 Clamor
519 843 682 899 etiam
709 844 886 898 invitis
913 843 1069 900 nobis
1096 851 1346 914 penetrat
1384 844 1436 898 in
1473 842 1716 897 auditum
1744 885 1759 910 ,
1807 857 1871 898 ac

273 948 333 989 se
357 941 550 1001 Sponte
580 933 635 989 in
663 949 823 990 aures
851 944 1069 991 nostras
1097 935 1149 990 vi
1177 942 1447 991 contenta:
1476 935 1624 989 vocis
1664 934 1869 990 immit-

275 1027 362 1082 tit.
391 1025 496 1080 Sed
525 1027 650 1097 quia
682 1026 948 1099 Propheta
977 1043 1083 1084 non
1121 1027 1211 1082 tali
1239 1028 1478 1083 clamore
1500 1027 1722 1096 clamat,
1751 1039 1871 1085 orat

271 1129 333 1176 ut
373 1122 639 1176 clamante
683 1137 748 1176 se
791 1121 934 1177 Deus
969 1121 1024 1176 in
1070 1135 1259 1176 vocem
1296 1121 1561 1176 orationis
1591 1121 1867 1179 intendat:

274 1230 371 1286 per
400 1215 452 1269 id
483 1229 716 1285 namque
741 1214 882 1283 quod
914 1213 1240 1280 intenditur,
1285 1212 1408 1269 ﬁdei
1446 1213 1710 1284 inspectio
1749 1222 1867 1280 est,

271 1323 381 1364 non
405 1308 660 1363 clamoris
687 1307 914 1362 auditio.
943 1307 1001 1362 Id
1027 1307 1172 1362 enim
1203 1307 1345 1378 quod
1375 1308 1602 1363 interius
1623 1317 1745 1374 est,
1779 1307 1864 1362 itt-

274 1401 517 1457 tenditur
563 1408 886 1456 :'c:eterum
942 1400 1233 1456 clamorem
1265 1401 1601 1470 corporalem
1662 1400 1868 1456 intendi

272 1508 384 1548 non
415 1509 635 1549 necesse
676 1505 796 1560 est,
846 1508 942 1564 per
988 1493 1344 1564 semetipsum
1395 1507 1611 1548 omnem
1643 1507 1865 1549 sensum

269 1589 485 1644 aurium
511 1597 891 1659 occupantem.

338 1680 394 1736 2.
429 1678 614 1734 Oratio
640 1696 789 1751 pura.
839 1678 1050 1733 Incensi
1081 1687 1266 1734 natura
1299 1687 1348 1732 et
1375 1677 1696 1747 compositio.
1741 1675 1867 1748 Sig-

265 1773 443 1842 niﬁcat
466 1772 754 1826 orationum
776 1782 994 1842 quatuor
1021 1787 1208 1843 genera
1229 1811 1246 1838 ,
1291 1770 1368 1824 uel
1413 1785 1475 1824 ea:
1511 1778 1730 1839 quatuor
1766 1768 1867 1822 ele-

1973 579 2222 631 censum,
2253 566 2418 621 etiam
2446 565 2584 621 illud
2611 573 2734 636 post
2760 565 2876 643 haec
2903 565 2977 619 ait
3003 581 3015 617 :
3053 563 3307 619 Allevatio
3333 580 3576 620 manuum

1975 677 2203 715 mearum
2247 662 2560 729 sacriﬁcium
2602 661 2962 733 uespertinum.
3016 659 3270 714 Plurimis
3308 659 3439 714 locis
3469 659 3576 732 (In

1974 750 2072 806 Ps.
2111 768 2214 806 tht
2236 794 2250 818 ,
2286 769 2341 807 n.
2375 749 2444 822 7)
2499 751 2868 813 tractavimus,
2893 751 2946 806 in
2973 739 3292 806 allevatioue
3318 765 3573 806 manuum

1970 846 2168 902 excelsi
2197 847 2377 916 operis
2429 845 2666 901 ofﬁcium
2697 845 3035 900 monstrari:
3079 854 3136 899 ut
3182 859 3302 900 cum
3357 844 3571 916 Moyses

1971 938 2196 994 elevatis
2229 939 2479 994 manibus
2501 949 2646 994 stare
2675 947 2978 1008 przeceptus
3003 947 3107 1004 est,
3137 937 3334 1009 populo
3358 938 3412 992 in
3441 939 3574 994 alle-

1971 1031 2187 1086 vatione
2215 1039 2272 1086 et
2313 1031 2646 1087 demissionc
2689 1047 2942 1087 manuum
2990 1046 3214 1086 suarum
3253 1032 3338 1087 vel
3368 1032 3572 1089 victore

1970 1124 2057 1180 vel
2088 1124 2251 1179 victo.
2299 1125 2590 1194 Apostolus
2629 1141 2844 1196 quoque
2892 1137 3110 1180 orantes
3153 1125 3308 1194 jubet
3357 1126 3572 1181 elevare

1973 1231 2164 1271 manus
2192 1231 2354 1286 puras
2381 1216 2434 1288 (l
2492 1217 2623 1272 Tim.
2654 1233 2713 1282 lt,
2744 1217 2820 1288 8).
2856 1219 3064 1272 Etcum
3097 1219 3174 1271 ait
3204 1236 3216 1270 :
3250 1216 3376 1272 Sine
3414 1217 3496 1272 ira
3525 1225 3572 1273 et

1971 1309 2291 1363 contentione
2317 1308 2600 1379 (Ibidem);
2633 1325 2741 1364 non
2769 1309 3010 1363 habitum
3043 1308 3232 1364 orandi
3263 1309 3568 1376 conSIituit,

1969 1400 2065 1454 sed
2091 1399 2460 1470 praescriptum
2493 1399 2689 1454 divinae
2713 1397 3048 1469 operationis
3073 1399 3294 1470 adjecit.
3329 1400 3570 1470 Denique

1971 1492 2228 1548 Dominus
2252 1508 2349 1564 per
2372 1493 2585 1548 Esaiam
2616 1493 2768 1563 (Esa.
2794 1509 2840 1556 t,
2878 1493 2985 1565 15)
3019 1493 3337 1564 pr0phetam
3369 1494 3572 1549 oratio-

1970 1598 2065 1638 nes
2094 1583 2382 1653 itnpiorum
2413 1585 2725 1655 improbans
2744 1626 2758 1651 ,
2791 1585 2867 1638 ita
2898 1585 3109 1640 locutus
3141 1594 3226 1641 est
3251 1601 3266 1651 ;
3310 1569 3373 1641 Si
3398 1595 3571 1639 exten-

1970 1678 2104 1734 datis
2129 1695 2333 1743 manus,
2363 1689 2588 1734 avertam
2629 1680 2804 1733 oculos
2842 1695 2980 1734 meos
3005 1698 3036 1733 a
3061 1680 3222 1748 vobis,
3248 1695 3355 1735 non
3388 1679 3571 1750 utique

1967 1770 2015 1825 si
2045 1769 2303 1838 elevetis,
2336 1770 2432 1826 sed
2473 1771 2518 1826 si
2543 1772 2853 1827 extendatis
2895 1787 3132 1838 manus;
3186 1773 3308 1842 quia
3350 1772 3570 1828 habitus

273 1866 456 1920 menti;
482 1866 702 1919 hostium
727 1863 895 1918 laudis
920 1863 1028 1917 Deo
1057 1861 1254 1930 οπετνξ.
1275 1891 1348 1901 -
1369 1861 1578 1916 Dehinc
1598 1861 1861 1930 sequitur,
1897 1870 1941 1931 Β
1968 1863 2156 1919 orandi
2187 1863 2238 1917 in
2271 1863 2518 1918 manibus
2557 1865 2915 1920 extendendis
2954 1874 3038 1921 est
3065 1906 3080 1935 ,
3114 1863 3339 1935 perfecti
3388 1873 3570 1921 autem

269 1957 437 2014 Vens.
472 1957 535 2011 εἰς
565 1955 806 2024 Domine,
839 1956 1092 2028 dirigatur
1117 1956 1280 2010 oratio
1307 1971 1420 2009 mea
1446 1955 1575 2008 sicut
1605 1955 1868 2009 incensum

263 2053 320 2106 in
358 2061 634 2118 conspectu
675 2061 780 2105 tuo.
827 2049 1066 2118 Quorum
1100 2064 1232 2121 pura
1263 2057 1318 2103 et
1366 2056 1516 2104 recta
1555 2058 1612 2103 et
1653 2049 1867 2104 sincera

263 2144 441 2200 oratio
461 2151 575 2212 est,
615 2142 669 2198 hi
698 2143 884 2199 dicere
913 2151 1184 2213 poterunt,
1215 2141 1482 2213 Dirigatur
1511 2142 1674 2196 oratio
1715 2157 1864 2195 mea:

263 2245 524 2292 cauerunt
552 2236 598 2291 si
629 2245 977 2291 externarum
1007 2235 1395 2304 cogitationum
1433 2233 1737 2289 interventu
1769 2233 1866 2290 de-

266 2329 581 2401 pravabitur
605 2370 620 2397 ,
656 2343 762 2384 non
792 2327 1072 2398 dirigetur.
1121 2327 1226 2383 Sed
1271 2327 1414 2398 quod
1445 2329 1559 2395 ait,
1597 2328 1868 2400 Dirigatur

268 2431 323 2476 ut
350 2423 646 2486 incensum;
689 2420 1094 2491 intelligendum
1138 2429 1221 2476 est
1270 2420 1399 2490 quid
1428 2421 1535 2475 sibi
1564 2421 1690 2476 velit
1717 2436 1867 2476 corn-

264 2516 476 2586 paratio
500 2512 775 2584 proposita
809 2511 1034 2567 incensi.
1068 2511 1136 2566 Et
1170 2511 1400 2580 primum
1435 2520 1623 2566 natura
1653 2512 1864 2568 incensi

265 2623 331 2665 ea
358 2616 460 2672 est,
496 2617 555 2662 ut
583 2609 634 2661 in
662 2606 830 2661 altum
858 2621 918 2662 se
944 2606 1011 2661 de
1043 2604 1337 2660 humilibus
1362 2606 1622 2673 extollat,
1653 2606 1866 2675 spirans

268 2704 476 2774 optime
500 2743 516 2768 ,
549 2711 603 2758 et
634 2715 758 2757 sese
786 2699 944 2756 nobis
984 2699 1038 2755 in
1069 2715 1287 2754 sensum
1341 2699 1723 2754 suaveolentia:
1767 2699 1866 2753 im-

265 2798 508 2850 mittens.
556 2793 692 2850 Hinc
722 2809 786 2848 ex
816 2803 1047 2863 quatuor
1073 2791 1472 2846 odoratissimis
1500 2791 1785 2862 generibus
1811 2790 1864 2844 in

262 2888 558 2943 maximam
629 2885 982 2942 subtilitatem
1054 2884 1403 2940 comminutis
1479 2883 1863 2955 componitur,

263 2990 442 3039 stacte
465 3023 480 3047 ,
513 2981 724 3053 onycbe
745 3022 758 3047 ,
787 2981 1043 3051 galbano,
1076 2978 1230 3034 thure
1269 2997 1281 3032 :
1315 2993 1434 3050 quae
1459 2978 1638 3032 omnia
1669 2977 1785 3032 haic
1811 2977 1864 3032 in

262 3078 495 3132 formam
539 3073 845 3129 orationum
887 3073 1047 3146 593
1088 3070 1322 3126 ﬁdelium
1361 3071 1650 3125 constituta
1695 3085 1819 3126 esse
1844 3113 1860 3138 ,

262 3169 410 3226 beati
453 3167 678 3223 Ioannis
726 3167 1079 3237 Apocalypsis
1107 3163 1364 3232 ostendit,
1394 3179 1514 3218 cum
1539 3163 1649 3220 ait:
1690 3163 1756 3217 Et
1786 3164 1864 3218 illi

1975 1958 2155 2028 operis
2177 1956 2472 2012 efﬁcientia
2501 1967 2582 2012 est
2603 1957 2658 2012 iu
2685 1959 2982 2014 elevandis.

2042 2052 2096 2106 4.
2160 2049 2513 2123 Vespertinum
2541 2054 2852 2122 sacriﬁcium
2891 2052 3033 2122 quid.
3057 2081 3132 2094 --
3151 2051 3407 2108 Mannum
3439 2067 3568 2123 ergo

1969 2144 2222 2209 elevatio,
2255 2145 2578 2198 sacriﬁcium
2605 2145 2973 2215 vespertinum
3001 2153 3105 2199 est.
3138 2145 3258 2200 Non
3280 2145 3424 2201 enim
3446 2161 3573 2200 sau-

1969 2239 2129 2308 guine
2161 2247 2215 2292 et
2257 2236 2588 2292 holocaustis
2631 2251 2758 2299 nos,
2787 2238 2842 2293 in
2871 2251 3007 2311 quos
3036 2238 3438 2293 consummatio
3465 2252 3570 2291 sa:-

1969 2331 2213 2386 culorum
2237 2330 2484 2394 devenit,
2516 2330 2886 2385 sacriﬁcamus
2921 2331 3049 2386 Deo.
3086 2331 3194 2386 Sed
3220 2331 3362 2402 quod
3400 2332 3570 2386 sacri-

1972 2423 2151 2478 ﬁcium
2180 2423 2544 2494 vespertinum
2576 2423 2828 2493 placitura
2856 2423 2947 2488 sit,
2975 2423 3256 2480 audiamus
3285 2425 3568 2482 Dominum

1969 2515 2024 2571 in
2053 2516 2358 2587 Evangeliis
2391 2515 2658 2571 dicentem
2686 2534 2698 2567 :
2745 2515 2938 2580 Venite,
2962 2515 3214 2570 benedicti
3243 2515 3416 2571 Patris
3447 2518 3565 2583 mei,

1969 2609 2223 2678 possidete
2267 2619 2613 2681 prtvparatum
2666 2610 2806 2663 vobis
2854 2625 3066 2678 regnum
3115 2626 3146 2662 a
3203 2609 3572 2664 constitutione

1969 2703 2164 2756 mundi.
2204 2702 2407 2756 Esnrivi
2435 2704 2588 2765 enim,
2614 2712 2659 2756 et
2682 2702 2896 2756 dedistis
2927 2702 3052 2755 mihi
3075 2703 3420 2769 manducare;
3452 2704 3568 2758 siti-

1968 2795 2048 2861 υἱ,
2073 2804 2118 2847 et
2157 2795 2368 2850 dedistis
2402 2795 2527 2848 mihi
2557 2777 2757 2861 bibere;
2793 2795 2974 2866 hospes
3001 2811 3138 2848 eram
3157 2836 3170 2860 ,
3201 2805 3248 2849 et
3275 2797 3569 2868 suscepistis

1969 2899 2085 2947 me;
2113 2885 2347 2955 inﬁrmus
2368 2895 2416 2940 et
2442 2885 2684 2939 visitastis
2711 2900 2827 2950 me;
2850 2886 2903 2938 in
2932 2901 3134 2939 carcere
3159 2887 3257 2956 fui,
3284 2896 3331 2940 et
3355 2886 3569 2941 liberas-

1969 2976 2032 3029 tis
2059 2992 2137 3030 me
2169 2975 2382 3048 (Matth.
2416 2992 2554 3044 xxv,
2587 2975 2656 3031 54
2682 2987 2726 3032 et
2764 2975 2951 3049 seqq.).
3002 2978 3066 3032 Et
3114 2978 3568 3048 respondentibus

1969 3066 2074 3120 illis
2102 3066 2244 3136 quod
2276 3082 2568 3137 numquam
2601 3068 2682 3121 bis
2709 3067 2906 3122 ofﬁciis
2949 3070 3198 3123 humana:
3229 3069 3567 3126 necessitatis

1968 3161 2224 3231 eguisset,
2267 3161 2341 3215 ait
2367 3179 2380 3213 :
2417 3161 2576 3216 Amen
2601 3161 2764 3236 594
2789 3162 2903 3216 dico
2925 3165 3086 3228 vobis,
3109 3163 3352 3233 quamdiu
3377 3165 3568 3236 fecistis

261 3260 472 3333 quidem
503 3260 680 3331 viginti
709 3267 931 3328 quatuor
973 3258 1198 3312 seniores
1237 3257 1565 3328 prociderunt
1605 3266 1724 3310 ante
1755 3261 1862 3327 Ag-
1889 3260 1934 3321 ρ
1967 3255 2056 3310 uni
2080 3271 2142 3310 ea:
2167 3255 2245 3309 his
2267 3255 2513 3326 fratribus
2539 3257 2780 3321 minimis,
2805 3255 2928 3309 mihi
2959 3257 3156 3326 fecistis
3179 3255 3424 3329 (Ibidem,
3445 3256 3563 3326 40).

261 3369 410 3419 nam,
443 3352 680 3405 habentes
708 3351 920 3420 quisque
947 3351 1201 3404 citharam
1235 3360 1281 3403 et
1311 3348 1515 3420 phialas
1541 3365 1728 3402 aureas
1759 3349 1871 3418 ple-

262 3463 358 3500 nas
379 3445 647 3511 odoribus,
685 3444 772 3514 qui
814 3443 912 3512 (al.
950 3442 1094 3514 quae)
1122 3453 1238 3496 sunt
1268 3442 1523 3496 orationes
1549 3450 1863 3496 sanctorum.

260 3542 508 3608 Quatuor
560 3549 743 3594 autem
795 3553 995 3608 genera
1047 3537 1356 3592 orationum
1403 3534 1696 3605 Apostolus
1745 3549 1867 3590 esse

259 3631 572 3704 signiﬁcat,
625 3629 691 3684 ad
737 3628 1082 3684 Timotheum
1121 3628 1402 3684 scribens:
1455 3627 1530 3699 (b)
1577 3626 1868 3682 Exhortare

259 3743 385 3797 ergo
409 3725 576 3795 primo
599 3723 824 3776 omnium
847 3721 958 3791 ﬁeri
984 3721 1324 3793 precationes,
1367 3721 1646 3784 orationes,
1689 3728 1868 3788 postu-

261 3821 504 3882 lationes,
534 3805 818 3887 gratiarum
840 3815 1068 3868 actiones
1095 3812 1138 3884 (ι
1159 3811 1318 3878 Tim.,
1346 3827 1408 3878 tt,
1436 3811 1514 3880 1).
1541 3810 1867 3866 Humilitatis

263 3924 470 3969 nostra:
493 3921 578 3965 est
621 3906 941 3978 deprecari,
987 3904 1401 3976 magnificentiae
1434 3903 1526 3957 Dei
1569 3911 1652 3957 est
1681 3902 1821 3956 orari
1848 3943 1863 3969 ,

263 4004 391 4060 ﬁdei
426 4011 508 4056 est
539 4001 814 4071 postulare
834 4040 849 4066 ,
891 3995 1250 4052 confessionis
1274 4006 1329 4051 et
1368 3994 1542 4050 laudis
1571 4003 1656 4050 est
1683 4000 1868 4064 gratu-

264 4098 386 4153 lari.
450 4096 518 4150 Et
561 4094 704 4149 forte
731 4102 962 4162 quatuor
998 4091 1087 4146 illa
1117 4105 1317 4160 genera
1343 4089 1575 4144 odorum
1606 4087 1672 4142 ad
1704 4103 1868 4142 unum

265 4191 563 4263 thymiama
597 4205 660 4242 ex
692 4186 931 4258 partibus
970 4183 1338 4241 subtiliSsimis
1366 4193 1674 4254 comparata
1701 4224 1715 4249 ,
1759 4182 1869 4237 sin-

261 4283 404 4353 gulis
433 4297 649 4353 quoque
678 4278 965 4350 generibus
997 4286 1250 4349 poterunt
1279 4276 1716 4332 consummandae
1747 4291 1869 4331 ora-

262 4376 430 4431 tionis
456 4373 653 4445 aptati.
698 4370 1036 4442 Quamquam
1085 4371 1320 4440 Speciem
1372 4376 1602 4440 quatuor
1631 4369 1868 4425 elemen-

261 4476 486 4535 torum,
536 4466 730 4521 horum
773 4473 1004 4536 quatuor
1054 4462 1283 4519 odorum
1334 4472 1524 4518 natura
1575 4471 1631 4518 et
1657 4462 1868 4532 species

259 4561 576 4634 signiﬁcare
626 4558 910 4616 videatur:
961 4564 1019 4612 ut
1064 4556 1186 4612 thus
1226 4556 1368 4627 quod
1417 4555 1750 4627 perlucidum
1785 4563 1868 4612 est

1971 3347 2085 3402 Hoc
2111 3347 2434 3404 saetiﬁcium
2462 3348 2855 3417 vespertinum,
2882 3348 2932 3402 id
2977 3357 3090 3413 est,
3139 3359 3438 3418 temporum
3469 3363 3567 3403 no-

1976 3441 2322 3496 vissimorum
2355 3449 2458 3496 est.
2491 3442 2546 3496 In
2575 3443 2678 3496 hoc
2711 3456 2901 3496 manus
2939 3442 3214 3496 elevanda:
3236 3448 3360 3495 sunt
3393 3457 3404 3493 :
3438 3441 3564 3510 quia

1970 3533 2126 3589 istius
2147 3534 2291 3588 modi
2313 3534 2666 3595 orationibus,
2687 3534 2795 3602 jam
2823 3533 2890 3587 ab
2916 3533 3066 3586 initio
3086 3532 3288 3594 tuundi,
3313 3531 3564 3586 benedic-

1971 3627 2040 3681 tis
2069 3624 2164 3680 Dei
2195 3625 2345 3695 regni
2377 3625 2614 3679 cmlestis
2643 3631 2938 3694 praeparata
2981 3623 3252 3692 possessio
3277 3633 3380 3678 est.

2042 3718 2093 3770 5.
2145 3716 2361 3788 Lingua:
2387 3717 2560 3789 lapsus
2589 3727 2634 3771 et
2663 3717 2905 3771 remedia.
2928 3747 2999 3758 --
3023 3717 3128 3772 Sed
3162 3718 3406 3773 meminit
3433 3733 3561 3788 pro-

1969 3809 2152 3882 pheta,
2179 3821 2376 3881 przeter
2401 3813 2690 3868 clamorem
2720 3811 2863 3878 fidei,
2895 3821 3091 3882 praeter
3117 3815 3415 3868 orationem
3445 3827 3565 3884 qua:

1970 3905 2246 3976 dirigenda
2297 3915 2382 3962 est
2412 3918 2466 3961 ut
2497 3909 2810 3970 incensum,
2861 3915 2915 3960 et
2964 3917 3160 3975 praeter
3205 3905 3564 3961 elevationem

1971 4014 2224 4054 manuum
2253 4000 2305 4054 in
2335 4014 2441 4070 qua
2469 3997 2794 4054 sacriﬁcium
2819 3997 3180 4067 vespertinum
3204 4005 3306 4061 est,
3342 4005 3396 4051 et
3417 3996 3565 4050 aliud

1969 4091 2070 4146 sibi
2101 4091 2277 4147 adhuc
2305 4107 2439 4161 opus
2485 4088 2924 4147 consummanda:
2957 4088 3009 4142 in
3058 4100 3119 4141 se
3160 4086 3564 4156 justiﬁcationis

1971 4184 2289 4252 Optandutn.
2343 4184 2478 4238 Dicti
2525 4182 2736 4238 seizicet
2783 4181 2941 4250 hujus
2997 4178 3289 4250 evangelici
3335 4195 3563 4246 memor,

1971 4279 2051 4332 Ex
2081 4277 2260 4332 verbis
2303 4278 2409 4331 tuis
2432 4275 2849 4345 justiﬁcaberis,
2880 4285 2970 4330 aut
2997 4291 3062 4329 ex
3089 4275 3269 4330 verbis
3297 4274 3404 4330 tuis
3431 4289 3567 4331 cou-

1971 4368 2314 4425 demnabcris
2358 4368 2708 4439 (Matt/nx",
2757 4367 2881 4438 37);
2941 4369 3188 4424 recolens
3235 4383 3448 4439 quoque
3499 4368 3568 4424 de

1970 4463 2118 4518 omni
2146 4477 2204 4518 se
2231 4462 2397 4518 verbo
2420 4461 2595 4518 otioso
2623 4463 2885 4518 rationem
2911 4463 2962 4517 in
2997 4463 3084 4517 die
3105 4461 3292 4531 judicii
3321 4461 3564 4517 redditu-

1975 4571 2094 4610 rum
2127 4553 2294 4625 (Ibid.
2345 4555 2480 4627 56),
2515 4557 2826 4612 necessario
2865 4556 3184 4626 deprecatus
3210 4565 3313 4624 εει,
3357 4555 3562 4624 dicens,

261 4655 481 4727 spiritui
506 4663 849 4725 comparetur
868 4693 883 4718 ,
924 4661 1096 4707 stacte
1122 4665 1252 4706 vero
1277 4651 1432 4722 aquis
1452 4693 1466 4716 ,
1497 4649 1782 4721 galbanum
1814 4658 1870 4705 et
1892 4650 1945 4710 D
1971 4646 2138 4702 Vnus.
2172 4648 2204 4702 5
2229 4663 2241 4699 :
2267 4644 2432 4713 Pone,
2464 4645 2706 4713 Domine,
2736 4648 3017 4702 custodiam
3039 4649 3117 4701 ori
3148 4663 3278 4714 meo,
3308 4656 3355 4701 et
3383 4647 3569 4702 ostium

210 4764 412 4833 .onyx
445 4757 603 4804 terrae
630 4755 685 4801 et
714 4745 854 4816 igni:
890 4753 947 4799 ut
977 4758 1074 4814 per
1097 4742 1213 4799 hinc
1239 4742 1482 4798 onmium
1512 4759 1631 4812 quae
1659 4742 1712 4796 in
1737 4742 1876 4797 caelo

265 4852 325 4898 et
352 4841 488 4898 infra
518 4840 714 4897 caelum
744 4847 800 4894 et
825 4836 879 4893 in
914 4847 1055 4892 terra
1093 4847 1148 4892 et
1193 4836 1244 4890 in
1288 4838 1444 4905 aquis
1485 4838 1630 4902 sint,
1675 4836 1873 4907 placita

267 4935 387 4990 Deo
417 4935 619 4990 incensi
667 4932 830 4988 modo
863 4931 980 4986 haec
1008 4929 1266 4985 oﬁ‘eratur
1304 4928 1477 4983 laudis
1524 4931 1717 4984 oratio.
1767 4929 1872 4984 Sed

265 5027 389 5083 haec
422 5027 501 5082 bis
527 5069 541 5092 ,
599 5039 734 5096 quos
762 5023 1134 5096 profundioris
1158 5019 1401 5076 scientiae
1429 5020 1665 5089 cognitio
1691 5020 1875 5076 delec-

269 5131 371 5188 tat,
421 5119 788 5191 relinquamus
827 5136 841 5172 :
895 5116 1052 5171 nobis
1099 5112 1299 5169 sufficit
1355 5111 1668 5182 prophetica
1713 5120 1874 5182 atque

266 5213 574 5286 apostolica
620 5211 951 5273 auctoritas,
1003 5222 1123 5276 qua:
1171 5215 1227 5261 et
1274 5205 1549 5259 incensum
1598 5205 1875 5259 orationes

268 5320 397 5361 esse
439 5303 738 5374 signiﬁcat,
777 5309 832 5357 et
874 5299 1148 5356 orationes
1174 5295 1490 5368 deprecatur
1520 5294 1676 5366 dirigi
1709 5304 1766 5351 ut
1795 5297 1875 5351 in-

266 5410 520 5452 censum.

346 5489 400 5545 3.
451 5485 703 5543 Mannum
735 5483 946 5542 elevatio
980 5491 1026 5538 et
1070 5483 1294 5539 extemio
1345 5481 1469 5552 quid
1510 5479 1773 5550 di/ferant.
1803 5511 1873 5524 -

352 5658 429 5730 (a)
463 5659 539 5715 Ita
572 5673 685 5730 ms.
709 5657 776 5712 At
804 5654 937 5730 Bad.
971 5653 1040 5730 ad
1065 5651 1231 5730 licunt
1258 5655 1495 5730 spiritum
1532 5669 1551 5708 :
1593 5665 1656 5730 ac
1687 5651 1882 5730 deinde

270 5724 517 5812 cumEr,
551 5739 606 5785 et
632 5728 778 5800 Lips.
808 5727 1049 5782 orationi.
1093 5725 1228 5780 Tum
1261 5724 1400 5798 apud
1434 5725 1556 5781 Par.
1598 5724 1874 5780 desidera-

276 5812 862 5944 ιῃῖιέίηιεέΰέἴίςξιορρω
891 5861 1017 5929 Phr.
1063 5867 1218 5929 exoro
1262 5864 1402 5940 ergo.
1435 5866 1591 5938 Apud
1633 5866 1756 5925 Par.
1805 5881 1871 5926 cx

1977 4741 2370 4795 circumstantia:
2399 4741 2546 4794 labiis
2584 4741 2728 4794 meis.
2779 4740 2895 4795 Non
2937 4741 3107 4796 levem
3139 4740 3439 4796 custodiant
3487 4743 3570 4798 ori

1977 4839 2096 4886 orat
2117 4831 2335 4901 apponi,
2362 4836 2560 4886 ostium
2585 4832 2794 4887 scilicet
2815 4834 3234 4888 circumstantiae
3259 4851 3271 4886 :
3306 4842 3364 4888 ut
3391 4842 3572 4889 custo-

1978 4924 2065 4979 dia
2097 4924 2188 4979 illa
2221 4939 2324 4978 non
2352 4924 2660 4980 observatio
2686 4924 2971 4994 sitaliqua,
3001 4925 3094 4980 sed
3124 4926 3440 4980 claustrum.
3473 4926 3574 4981 Pe-

1979 5016 2243 5072 riculosus
2282 5016 2426 5071 enim
2459 5017 2652 5087 linguae
2688 5027 2741 5072 et
2766 5017 3198 5086 promptissimus
3225 5019 3408 5088 lapsus
3438 5028 3520 5075 est
3554 5036 3569 5074 :

1981 5117 2036 5164 et
2074 5123 2146 5163 ex
2182 5123 2244 5162 ea
2275 5107 2656 5175 maledictum,
2691 5108 3064 5176 mendacium,
3110 5109 3408 5180 perjurium
3432 5151 3447 5178 ,
3477 5110 3575 5166 ob-

1985 5203 2234 5254 trectatio
2265 5208 2413 5254 motu
2449 5199 2589 5255 facili
2615 5209 2668 5254 et
2691 5200 2836 5254 aditu
2862 5202 3061 5268 patenti
3090 5203 3409 5259 efferuntur.
3439 5204 3576 5261 Ore-

1983 5307 2100 5348 mus
2140 5306 2268 5363 ergo
2311 5293 2467 5346 nobis
2514 5293 2940 5347 circumstantia:
2981 5295 3199 5350 ostium.
3246 5295 3302 5350 In
3334 5313 3401 5352 eo
3429 5296 3570 5352 enim

1980 5388 2136 5454 libro,
2169 5386 2260 5457 qui
2300 5385 2580 5442 nobiscqu
2611 5385 2686 5457 (c)
2735 5385 3042 5442 Salomonis
3071 5389 3401 5454 inscribitur,
3429 5389 3570 5458 apud

1981 5480 2204 5539 Graecos
2243 5487 2422 5534 autem
2452 5488 2614 5548 atque
2642 5477 2901 5536 Hebraeos
2938 5480 3212 5552 Sapientia
3243 5479 3434 5538 Sirach
3472 5481 3570 5536 ha-

1991 5669 2095 5709 ms.
2129 5652 2250 5708 Mic.
2285 5651 2580 5723 repositum
2630 5659 2714 5708 est
2743 5653 3014 5708 exhortare
3039 5667 3177 5722 ergo.
3221 5647 3388 5723 Magis
3418 5644 3572 5701 nobis

1985 5725 2328 5795 probaretur,
2349 5718 2622 5795 exhortor,
2658 5724 2954 5795 secundum
2978 5718 3135 5795 gr.ec.
3164 5718 3463 5795 παρακαλῶ.

2058 5796 2133 5872 (c)
2164 5797 2274 5851 lloc
2305 5803 2408 5872 est,
2443 5794 2612 5872 apud
2638 5795 2880 5872 Latinos.
2911 5791 3306 5872 lta'inseript'us
3329 5804 3575 5872 sa‘penu:

1981 5860 2134 5926 metu
2186 5860 2423 5926 occurrit
2475 5860 2616 5937 apud
2669 5860 3020 5938 Cyprianum,
3077 5870 3202 5932 puta
3253 5861 3346 5920 lib.
3380 5860 3460 5934 tit,
3503 5860 3571 5916 ad
