4134 6184
532 312 637 371 827

1715 306 1963 371 δΑΝοτι
1991 305 2251 375 HILABH
2287 303 2597 369 EPISCOPI

3719 305 3829 369 89-8

534 427 710 495 betur,
744 427 816 482 ita
848 441 1131 491 monemur
1164 442 1178 478 :
1212 423 1342 481 Ecce
1385 423 1717 487 circumvutla
1761 425 2133 495 possessionem
2160 426 2212 491 Α
2237 422 2424 479 electis
2453 424 2760 495 iniquorum
2791 438 2898 481 non
2935 424 3047 489 vult
3088 423 3370 501 propheta.
3413 421 3653 483 Meminit
3676 422 3823 481 enim

537 530 677 575 tuam
707 520 892 590 spinis,
914 526 1185 590 argentum
1207 526 1255 577 et
1283 533 1469 573 aurum
1495 526 1639 573 tuum
1667 519 1917 576 constitue
1938 558 1951 581 ,
1982 526 2029 572 et
2053 516 2130 581 ori

537 620 626 665 tuo
658 614 739 681 {ac
766 610 954 666 ostium
980 618 1028 664 et
1051 626 1218 665 seram
1241 651 1256 679 ,
1299 618 1346 665 et
1370 610 1532 665 verbis
1564 610 1665 664 tuis
1681 613 1873 685 jugum
1915 617 1962 664 et
1990 625 2131 685 men-

535 718 710 755 suram
739 701 757 771 (
786 699 947 754 Eccli.
978 715 1147 757 xxvttt
1168 742 1186 769 ,
1214 700 1286 756 28
1308 708 1354 754 et
1386 700 1455 754 29
1553 700 1620 757 Et
1648 702 1845 756 ostium
1873 707 1930 757 et
1954 716 2133 759 seram

536 793 615 846 ori
639 791 803 862 jussit
833 792 1075 864 apponi:
1128 807 1195 848 ne
1241 793 1421 848 verbis
1443 801 1585 848 esset
1633 791 1809 847 facilis
1857 806 2128 865 egressus.

536 882 728 939 Iisdem
755 892 935 938 autem
977 884 1155 939 verbis
1176 884 1361 955 jugum
1379 899 1794 953 mensuramque
1819 868 2128 939 constituit:

539 984 595 1030 ut
631 976 854 1031 rationis
878 976 1005 1048 jugo
1031 976 1264 1044 subdita,
1308 976 1499 1031 librata
1543 991 1637 1047 per
1677 991 1987 1032 mensuram
2012 993 2132 1031 mo-

539 1068 818 1123 deratione
849 1068 1167 1139 penderent.

612 1161 666 1217 6.
718 1160 818 1216 Cor
848 1178 1059 1233 pravum
1088 1161 1177 1232 qui
1221 1161 1420 1218 delictis
1450 1160 1799 1217 excusationes
1838 1162 2133 1232 perquirat,

542 1254 826 1324 praesertim
855 1254 1057 1309 ltwresi.
1088 1284 1159 1295 —
1185 1253 1378 1309 Tendit
1403 1252 1577 1308 adhuc
1609 1252 1870 1325 propheta
1894 1254 1961 1315 ad
1979 1254 2138 1325 justi-

542 1344 630 1399 tiae
654 1344 1059 1415 perfectionem.
1094 1344 1335 1417 Namque
1358 1355 1479 1416 post
1506 1344 1629 1400 fidei
1653 1346 1984 1413 clamorem‘,
2018 1355 2140 1417 post

542 1435 876 1503 orationem,
907 1445 1028 1507 post
1072 1451 1237 1507 opera
1264 1478 1279 1503 ,
1321 1445 1442 1504 post
1484 1436 1680 1492 ostium
1713 1437 1856 1504 oris,
1887 1451 2141 1492 consum-

544 1529 679 1584 mari
707 1544 765 1585 se
798 1544 1012 1600 quoque
1053 1528 1228 1585 officio
1258 1528 1436 1585 cordis
1465 1538 1603 1594 orat,
1632 1530 1837 1598 dicens,
1870 1530 2035 1585 Vsus.
2056 1530 2092 1585 4
2123 1548 2135 1585 :

547 1620 671 1675 Non
720 1621 943 1675 declines
974 1639 1062 1677 cor
1091 1639 1256 1677 meum
1297 1624 1349 1677 in
1375 1622 1523 1678 verba
1550 1623 1781 1687 malitiae,
1814 1622 1882 1677 ad
1902 1639 2145 1678 excusan-

544 1713 639 1768 das
668 1715 1017 1770 excusationes
1056 1716 1107 1768 in
1135 1716 1377 1788 peccatis,
1417 1730 1534 1768 cunt
1563 1713 1851 1769 hominibus
1878 1714 2142 1785 operanti-

2232 530 2515 579 numerum
2544 514 2686 579 hunc
2705 515 2873 577 rebus
2913 504 3205 581 immundis
3234 514 3546 587 deputatum
3564 555 3581 583 ,
3610 529 3729 571 cum
3760 514 3829 583 ad

2231 606 2345 663 Noe
2366 606 2435 662 de
2477 605 2834 665 recondendis
2864 607 2917 662 in
2964 622 3088 662 arca
3128 606 3455 673 animalibus
3483 606 3832 662 constituitur

2232 707 2559 769 prmceplum
2590 696 2744 771 (Gen.
2782 714 2876 765 vn,
2902 698 2963 771 2)
2995 717 3011 754 :
3036 699 3080 752 A
3107 698 3377 772 pecoribus
3424 709 3591 752 autem
3622 700 3834 755 mundis

2232 790 2446 844 induces
2466 789 2537 844 ad
2567 800 2614 845 te
2637 799 2829 864 septem
2854 800 2900 846 et
2924 801 3135 864 septem,
3151 801 3239 845 eta
3262 791 3528 864 pecoribus
3554 792 3838 846 immundis

2235 882 2360 937 bina
2386 893 2432 938 et
2479 883 2618 938 bina.
2650 884 2746 938 Est
2784 892 2838 949 et
2872 883 3047 954 majus
3089 882 3266 949 adhuc
3291 891 3349 951 et
3377 883 3676 943 absolutius
3709 885 3835 951 iun-

2240 973 2347 1029 tilis
2380 973 2540 1045 hujus
2569 975 2779 1030 numeri
2808 974 3139 1044 exemplum,
3171 974 3430 1029 Dominus
3460 973 3603 1028 enim
3650 987 3837 1032 noster

2241 1066 2403 1137 Iesus
2428 1066 2673 1121 Christus
2703 1081 2890 1121 omnes
2911 1065 3277 1120 immunditias
3304 1074 3518 1120 nostras
3536 1074 3591 1118 et
3618 1075 3839 1136 peccata

2237 1168 2418 1213 nostra
2440 1156 2715 1224 auferens,
2734 1157 2857 1215 fecit
2882 1157 3176 1213 secundum
3199 1156 3520 1225 Apostolum
3547 1166 3840 1229 utrumque

2238 1266 2404 1307 unum
2450 1250 2671 1321 (Ephes.
2720 1265 2796 1319 tt,
2839 1246 2970 1322 l4);
3020 1258 3074 1303 et
3119 1247 3415 1315 secundum
3458 1248 3730 1314 eumdem,
3781 1257 3843 1304 ut

2241 1343 2377 1399 duos
2407 1343 2667 1397 conderet
2698 1344 2749 1396 in
2794 1357 2853 1397 se
2881 1342 2965 1413 (ά)
2998 1343 3050 1395 in
3092 1356 3253 1397 unum
3286 1355 3485 1395 novum
3529 1339 3839 1415 hominem,

2243 1436 2443 1491 faciens
2473 1449 2681 1506 pacem,
2716 1446 2773 1490 ut
2811 1434 3192 1491 reconciliaret
3232 1434 3423 1489 ambos
3468 1434 3582 1490 Deo
3611 1435 3666 1489 in
3717 1450 3842 1490 cor-

2245 1544 2377 1601 pore
2407 1542 2535 1591 uno,
2584 1528 2856 1583 internum
2908 1527 3116 1583 scilicet
3160 1526 3433 1582 hominem
3471 1536 3525 1583 et
3554 1538 3842 1585 externum

2245 1621 2370 1675 fecit
2417 1636 2583 1679 unum
2621 1619 2787 1692 (Ibid.
2833 1617 2945 1691 15).
2992 1617 3108 1674 Non
3151 1632 3280 1690 ergo
3306 1619 3704 1687 combiuamur,
3748 1619 3845 1676 sed

2247 1713 2508 1769 unimur:
2551 1712 2675 1784 quia
2724 1712 2903 1767 unitas
2951 1709 3075 1766 fidei
3116 1721 3219 1778 est,
3272 1720 3328 1767 at
3358 1727 3486 1767 vero
3516 1712 3849 1769 combinatio

545 1806 638 1861 bus
678 1807 1018 1876 iniquitatem.
1066 1804 1198 1860 Cum
1244 1821 1309 1863 ex
1341 1806 1667 1882 innocentiae
1693 1821 1754 1861 ac
1775 1805 1998 1876 justitite
2026 1791 2216 1881 stu-‘B
2243 1808 2570 1876 consortium
2599 1805 2869 1861 factionis.

547 1895 651 1951 diis
679 1897 731 1951 in
757 1896 1007 1951 vitiosam
1039 1898 1371 1959 voluntatem
1402 1897 1723 1965 decidimus,
1750 1899 1862 1955 tum
1894 1913 1989 1954 cor
2017 1914 2143 1954 nos-

548 1996 687 2043 trum
721 1988 771 2042 in
802 1989 939 2055 mala
972 1988 1134 2043 verba
1175 1988 1409 2043 declinat
1439 2007 1452 2043 :
1500 2003 1606 2044 non
1653 1998 1711 2043 ut
1737 1981 2013 2060 peccatum
2046 2006 2143 2045 ex-

549 2094 803 2135 cusemus
856 2079 1041 2151 (omne
1079 2081 1222 2135 enim
1271 2089 1549 2151 peccatum
1591 2081 1955 2136 inexcusabile
1999 2081 2142 2155 est),

547 2173 642 2229 sed
675 2185 733 2228 ut
763 2174 1138 2229 excusationes
1168 2188 1510 2238 excusemus.
1546 2174 1763 2230 Crimen
1788 2175 1930 2229 enim
1957 2175 2143 2240 cmdis,

548 2274 711 2335 atque
737 2263 1023 2330 adulterii,
1049 2273 1103 2320 et
1131 2264 1315 2319 talium
1356 2273 1677 2320 caeterorum
1698 2308 1711 2334 ,
1759 2280 1855 2336 per
1902 2274 2145 2321 naturam

550 2366 713 2429 atque
742 2356 1118 2428 indignitatem
1153 2355 1275 2412 facti
1321 2358 1689 2414 inexcusabile
1714 2368 1815 2414 est.
1841 2358 1945 2415 Sed
1975 2359 2063 2431 qui
2095 2360 2145 2414 in

552 2467 618 2506 eo
644 2450 1018 2521 deprehensus
1044 2450 1168 2515 erit,
1199 2466 1305 2506 non
1333 2450 1512 2507 dicet:
1544 2451 1883 2513 Adulterium
1922 2463 2013 2506 aut
2044 2468 2147 2507 ea:-

552 2542 649 2598 des
680 2558 787 2599 non
818 2543 983 2598 habet
1021 2547 1226 2598 crimen
1263 2560 1277 2596 :
1323 2544 1417 2598 sed
1459 2543 1639 2608 dicet,
1670 2544 1862 2599 Mulier
1891 2544 2151 2613 importu-

555 2653 644 2705 na,
679 2637 1049 2702 incontinens,
1093 2635 1447 2691 adblandiens
1480 2636 1698 2706 pellexit
1729 2677 1742 2701 ,
1771 2643 1826 2691 et
1856 2636 1907 2690 in
1955 2634 2029 2708 (a)
2059 2654 2150 2692 ro-

556 2728 817 2798 luptatem
844 2728 1039 2799 coegit.
1068 2726 1162 2782 Vel
1188 2727 1325 2785 alius
1362 2726 1456 2781 ille
1480 2727 1622 2782 dicet
1646 2769 1662 2795 ,
1694 2726 1963 2793 Conviciis
1986 2726 2154 2783 movit

474 2874 487 2887 ,
558 2822 713 2888 iram,
751 2820 962 2891 injuriis
1004 2820 1237 2875 armavit
1283 2818 1547 2883 dolorem,
1595 2834 1755 2875 casus
1786 2820 1898 2874 litis
1946 2819 2151 2883 credent

555 2914 785 2985 peregit.
814 2913 873 2968 ιιι
903 2916 1017 2968 haec
1044 2913 1206 2967 verba
1230 2926 1325 2967 cor
1351 2926 1495 2989 sese,
1523 2920 1806 2984 postquam
1845 2911 1913 2966 ab
1933 2926 1999 2967 eo
2024 2927 2151 2982 pec-

554 3014 736 3083 catum
765 3014 867 3072 est,
900 3004 1134 3060 declinat
1166 3022 1180 3059 :
1213 3011 1271 3058 ut
1292 3002 1365 3075 (ὁ)
1401 3018 1494 3072 per
1538 3003 1916 3059 excusationes
1946 3003 2152 3072 peccati

558 3097 701 3168 quod
743 3098 995 3162 admisit,
1038 3114 1097 3153 se
1127 3103 1366 3154 excuset.
1407 3097 1515 3152 Cor
1545 3104 1725 3152 autem
1756 3108 1961 3152 rectum
1991 3105 2154 3170 atque

2318 1899 2370 1955 8.
2435 1898 2788 1953 Misericordia
2810 1899 2863 1951 in
2891 1897 3238 1971 delinquentes
3258 1898 3526 1969 utendum,
3559 1897 3651 1952 sed
3685 1899 3852 1969 iusta,

2246 2026 2316 2035 —-
2353 1993 2465 2049 Non
2525 1992 2685 2047 modo
2732 2001 2910 2057 autem
2962 2009 3069 2047 non
3126 1991 3420 2051 eombinari
3479 2008 3538 2048 se
3582 1992 3859 2066 propheta

2247 2101 2368 2141 cum
2399 2084 2472 2157 (e)
2501 2084 2685 2139 electis
2717 2084 3022 2157 iniquorum
3056 2098 3161 2138 non
3186 2083 3483 2154 optat;sed
3514 2085 3700 2151 etiam,
3727 2087 3858 2157 quia

2248 2176 2455 2232 homini
2483 2191 2666 2231 errare
2697 2175 2776 2249 (f)
2806 2176 3045 2232 debitum
3073 2184 3178 2245 est,
3209 2177 3253 2231 si
3281 2176 3407 2247 quid
3431 2175 3570 2232 forte
3602 2193 3763 2233 secus
3787 2189 3844 2234 et

2250 2269 2558 2326 humanitus
2574 2268 2822 2338 gesserit,
2851 2268 3049 2339 corripi
3077 2283 3138 2324 se
3162 2284 3188 2320 a
3206 2267 3356 2338 justo
3379 2267 3431 2323 in
3466 2269 3855 2327 misericordia

2250 2370 2305 2417 et
2333 2361 2479 2431 argui
2511 2361 2733 2415 mavult.
2767 2360 3020 2416 Formam
3050 2375 3282 2432 namque
3313 2361 3364 2416 in
3398 2375 3457 2415 se
3484 2371 3691 2416 natura:
3731 2379 3864 2418 nos-

2253 2462 2348 2508 trm
2377 2451 2784 2523 inﬁmitatisque
2813 2453 3111 2506 constituit.
3145 2452 3334 2508 Plures
3356 2453 3555 2508 etenim
3587 2462 3861 2529 nostrum,

2252 2563 2372 2603 cum
2401 2548 2537 2619 lapsi
2567 2547 2783 2613 fuerint,
2809 2562 2930 2602 cum
2963 2548 3298 2614 erraverint;
3326 2547 3607 2603 emendari
3643 2563 3704 2603 se
3737 2550 3865 2620 jus-

2252 2649 2320 2697 tte
2356 2640 2747 2698 misericordiae
2776 2640 3077 2712 arguitioue
3113 2632 3396 2696 fastidiunt
3424 2657 3440 2697 :
3471 2651 3524 2697 et
3555 2641 3865 2698 eombinari

2254 2734 2462 2789 malunt
2507 2732 2903 2804 peccatoribus,
2933 2748 3093 2805 quam
3125 2748 3221 2804 per
3242 2735 3512 2803 justorum
3554 2734 3868 2805 correptio—

2253 2844 2376 2883 ncm
2403 2826 2468 2880 ad
2502 2825 2867 2897 paenitentiam
2898 2824 3221 2894 retorqueri.
3258 2824 3456 2881 Tenuit
3487 2834 3670 2880 autem
3700 2840 3865 2897 egre-

2254 2920 2338 2992 gie
2365 2919 2629 2973 rationem
2659 2917 2770 2972 veri
2814 2916 3161 2988 propheticus
3202 2914 3366 2999 596
3395 2930 3610 2980 sermo,
3648 2916 3863 2984 dicens,

2255 3011 2420 3068 Vsus.
2447 3012 2515 3066 5:
2549 3010 2801 3081 Corripiet
2824 3026 2903 3063 me
2919 3010 3094 3080 justus
3123 3010 3175 3067 in
3215 3009 3588 3074 misericordia,
3621 3018 3669 3063 et
3694 3010 3870 3063 incre-

2256 3103 2393 3176 pabit
2419 3119 2518 3157 ine.
2542 3101 2639 3157 Est
2666 3101 2807 3157 enim
2839 3100 3228 3156 misericordiae
3243 3100 3432 3155 modus
3460 3118 3472 3154 :
3495 3109 3550 3156 et
3566 3101 3867 3167 miserandi

560 3205 753 3261 purum
782 3191 833 3243 iu
877 3188 993 3244 haec
1021 3189 1184 3244 verba
1216 3189 1625 3260 excusatiouum
1666 3188 1826 3271 595
1854 3204 1960 3244 nou
1983 3188 2149 3244 decli-
2182 3198 2227 3263 C
2259 3194 2785 3267 adhibendajuslilia
2813 3202 2914 3249 est.
2953 3192 3029 3267 (g)
3071 3194 3233 3249 Dolor
3260 3194 3476 3265 quidem
3515 3206 3693 3267 potest
3738 3211 3870 3253 esse

559 3290 651 3337 nat
682 3300 694 3336 :
724 3281 819 3338 sed
848 3290 1028 3336 manet
1055 3281 1372 3335 inviolatum
1402 3291 1561 3352 atque
1592 3293 1871 3353 constans,
1901 3281 2018 3336 sine
2047 3281 2158 3337 sol—

560 3375 841 3431 licitudine
906 3376 1193 3432 verborum
1253 3374 1319 3428 ad
1396 3376 1728 3429 excusandas
1782 3374 2158 3430 excusationes

560 3470 997 3540 quaerendorum,
1041 3484 1160 3525 cum
1203 3469 1325 3527 vitae
1358 3469 1666 3523 innocentia
1695 3468 1900 3543 peccati
1925 3484 2155 3527 excusa-

556 3565 706 3619 tione
738 3578 845 3619 non
875 3572 1051 3636 egeat.
1084 3564 1150 3619 Et
1190 3563 1305 3618 haec
1344 3563 1558 3632 quidem
1593 3563 1644 3618 in
1675 3561 2046 3633 corporalibus
2072 3578 2156 3617 re-

560 3656 662 3712 bus
686 3657 758 3712 ita
786 3656 1003 3711 suut.ln
1034 3657 1281 3720 hisvero,
1310 3670 1431 3726 qum
1455 3654 1717 3727 spiritalia
1746 3654 2152 3722 existimantur,

562 3750 615 3805 id
673 3760 786 3815 est,
831 3750 885 3803 in
942 3750 1214 3804 haereseos
1255 3747 1530 3816 doctrina,
1589 3747 1903 3804 incredibile
1947 3756 2029 3802 est
2054 3762 2160 3819 quo

563 3840 742 3895 cordis
773 3839 977 3908 labore,
1019 3854 1121 3911 qua
1150 3840 1438 3895 verborum
1470 3839 1826 3911 exquisitione
1852 3840 2160 3896 excusatio-

564 3948 660 3988 nes
691 3946 816 3987 suas
842 3932 1389 4003 hmretieiexcusent.
1432 3931 1488 3986 lu
1518 3918 1638 4003 quae
1683 3930 1863 3987 omnia
1896 3946 1962 3986 ne
1991 3931 2160 3986 decli-

570 4031 726 4078 netur
754 4038 849 4078 cor
890 4038 1075 4091 suum;
1104 4024 1282 4094 justus
1312 4024 1556 4094 exposcit
1590 4042 1604 4078 :
1654 4038 1721 4077 ne
1762 4037 1858 4094 per
1904 4022 2041 4078 hanc
2071 4022 2159 4079 de-

563 4108 744 4170 clinati
776 4114 957 4170 cordis
994 4114 1061 4171 ad
1090 4115 1421 4171 excusandas
1446 4113 1821 4171 excusationes
1867 4113 2159 4170 necessita-

566 4216 706 4273 tem,
735 4224 855 4262 eum
883 4207 1071 4263 electis
1101 4224 1287 4264 eorum
1316 4208 1673 4265 combinetur.

636 4303 688 4355 7.
761 4299 1007 4355 Binarius
1050 4317 1296 4356 numerus
1341 4305 1478 4357 male
1531 4311 1704 4358 sonat.
1743 4334 1812 4344 —
1847 4300 1911 4356 Et
1940 4318 2045 4369 non
2083 4301 2154 4376 (ο)

564 4391 886 4460 combinabo,
919 4392 1113 4464 inquit,
1141 4410 1257 4448 cum
1280 4393 1450 4449 electis
1472 4411 1664 4451 eorum.
1695 4394 2003 4451 Combinari
2035 4410 2158 4451 cum

563 4596 872 4666 Quirinum,
904 4613 961 4653 n.
998 4598 1091 4663 95,
1136 4596 1383 4664 96,100.
1430 4607 1535 4654 etc.
1585 4596 1731 4655 Idem
1773 4598 1913 4659 liber
1960 4599 2027 4657 ab
2071 4614 2166 4659 eo-

564 4671 687 4739 dem
744 4667 1022 4739 Scriptura
1065 4670 1236 4723 divina
1280 4669 1583 4739 appellatur
1627 4669 1722 4724 lib.
1770 4669 1837 4725 de
1898 4670 2157 4726 Mortalit.

565 4738 942 4808 Pamelius,'in
976 4741 1067 4795 lib.
1100 4755 1138 4794 ιι
1171 4739 1428 4813 Cypriani
1467 4741 1532 4813 ad
1564 4741 1799 4813 ριιὶνίιι..
1827 4752 1949 4796 uota
1976 4743 2035 4807 il,
2076 4758 2165 4798 re-

565 4819 754 4867 censet
781 4813 1055 4883 antiquos,
1085 4814 1174 4882 qui
1200 4812 1449 4883 eumdem
1477 4812 1674 4871 librqu
1704 4812 1982 4871 Saloutoui
2026 4830 2163 4873 nuu-

566 4895 784 4957 cupa_nt,
814 4882 975 4957 eique
1005 4883 1238 4957 divinant
1264 4882 1564 4957 attribuunt
1592 4883 1993 4941 auctoritatem.

640 4952 717 5026 (a)
752 4952 911 5022 Editi,
945 4956 1254 5010 voluntatem
1280 4971 1299 5009 :
1328 4956 1670 5025 corriguntur
1691 4970 1757 5009 ex
1787 4971 1888 5008 ms.

642 5027 716 5095 (ὁ)
746 5027 819 5084 [tu
848 5028 973 5081 editi
1002 5037 1231 5097 excepto
1261 5026 1389 5097 Par.
1422 5027 1473 5080 in
1506 5041 1615 5097 quo
1641 5034 1836 5097 exstat,
1872 5034 1926 5078 ut
1949 5040 2166 5081 excusa-

572 5095 709 5151 tione
742 5099 957 5178 peccati,
989 5095 1211 5178 omisso
1230 5096 1429 5152 deinde
1471 5113 1544 5157 se.
1577 5096 1695 5152 Non
1734 5095 2065 5167 displiceret,
2110 5107 2166 5153 ut

572 5170 922 5222 excusationes
946 5171 1137 5224 peccati
1170 5170 1286 5224 sine
1306 5184 1379 5223 se.

645 5235 718 5313 (τι)
751 5235 1118 5313 BadLErzet
1176 5240 1323 5313 Lips.
1366 5237 1746 5313 combinabor:
1786 5238 1980 5313 quibus
2028 5238 2170 5313 favet

572 5306 811 5381 subnexa
867 5306 1049 5381 Hilarii
1099 5306 1386 5381 expositio.
1438 5310 1554 5364 Non
1608 5310 1750 5365 male
1802 5306 1978 5365 tamen
2025 5312 2168 5380 apud

573 5379 699 5435 Par.
724 5395 790 5434 ex
812 5394 915 5435 ms.
944 5380 1062 5435 Mic.
1096 5379 1403 5436 restitutum
1430 5388 1512 5437 est
1537 5380 1862 5435 combinabo.
1896 5380 1986 5439 Sic
2021 5384 2167 5436 enim

575 5452 757 5522 legere
812 5466 896 5511 eet
943 5450 1086 5522 apud
1117 5453 1473 5522 Augustinum
1517 5459 1574 5517 et
1621 5453 1672 5506 in
1706 5452 1873 5517 veteri
1914 5452 2170 5522 psalterio

574 5520 830 5578 German.
864 5520 1276 5591 suifragantibus
1321 5521 1589 5590 plerisque
1634 5524 1846 5592 grzecis,
1899 5520 1988 5591 qui
2036 5520 2171 5577 seri-

576 5595 709 5648 buut
723 5592 1018 5658 συνδνάσω,
1033 5591 1346 5665 combinabo,
1364 5595 1452 5647 ubi
1468 5592 1558 5665 alii
1575 5593 1866 5665 prteferunt
1889 5592 2171 5665 συνδιάσω,

589 5666 995 5722 communicabo.
1044 5663 1124 5719 Illi
1173 5673 1350 5720 tamen
1404 5663 1703 5719 verbo'vim
1737 5667 2002 5737 passivam
2033 5664 2177 5722 Hila-

593 5737 704 5791 rius
733 5739 992 5793 attribuit.
1545 5751 1549 5757 ‘

676 5806 757 5878 (ιι)
787 5808 1110 5865 Particulam
1156 5808 1210 5863 in
1250 5807 1510 5869 hactenus
1553 5807 1807 5866 omissam
1851 5807 2184 5865 restituimus

2263 3305 2389 3360 erga
2422 3286 2551 3355 eos,
2582 3304 2809 3360 quorum
2841 3287 3064 3343 crimina
3108 3289 3284 3356 gravia
3317 3296 3472 3353 sunt;
3515 3287 3611 3343 sed
3653 3289 3873 3345 miseri—

2262 3380 2461 3435 cordire
2498 3381 2646 3434 locus
2675 3378 2852 3434 nullus
2880 3388 2983 3434 est.
3013 3378 3382 3434 Misericordia
3418 3379 3564 3434 enim
3593 3394 3655 3435 se
3685 3380 3753 3435 ad
3778 3397 3873 3437 ve-

2268 3473 2409 3529 niam
2441 3471 2510 3527 de
2542 3471 2653 3527 Deo
2683 3471 2940 3526 orandam
2973 3471 3057 3526 his
3082 3487 3203 3542 qua:
3229 3480 3354 3525 sunt
3379 3481 3528 3543 gesta
3575 3471 3817 3528 deﬂectit
3854 3492 3866 3528 :

2262 3576 2519 3622 cancrum
2564 3564 2775 3623 veniam
2826 3573 3080 3636 prtestare
3116 3563 3340 3630 illicitis,
3373 3579 3478 3619 nou
3524 3574 3607 3617 est
3652 3564 3874 3620 miseri-

2264 3659 2504 3715 cordiam
2554 3665 2834 3730 prmstare,
2869 3657 2963 3713 sed
3006 3654 3269 3728 justitiam
3320 3654 3712 3710 misericordiae
3759 3671 3870 3712 non

2266 3760 2473 3808 tenere.
2491 3751 2659 3821 Quam
2680 3750 2943 3806 rationem
2961 3747 3673 3818 diligentissimeapostolus
3698 3747 3866 3802 Joan-

2265 3859 2363 3900 nes
2406 3843 2662 3909 retinuit,
2728 3841 2918 3896 dicens
2966 3859 2977 3896 :
3026 3840 3086 3896 Si
3136 3841 3249 3911 quis
3290 3840 3385 3893 scit
3450 3838 3666 3911 fratrem
3715 3856 3876 3894 suum

2266 3935 2581 4004 delinquere,
2629 3932 2718 3987 sed
2745 3948 2847 3986 non
2873 3931 2942 3986 ad
2983 3941 3236 3996 mortem;
3279 3938 3447 4001 petat,
3498 3940 3544 3984 et
3593 3930 3733 3983 dabit
3790 3930 3876 3985 illi

2265 4027 2406 4082 Deus
2446 4029 2615 4081 vitam.
2668 4024 2760 4079 Est
2792 4025 2924 4078 enim
2972 4033 3231 4092 peccatum
3263 4022 3332 4076 ad
3361 4033 3604 4086 mortem,
3648 4024 3740 4076 sed
3768 4039 3875 4078 non

2263 4139 2357 4194 pro
2385 4138 2444 4175 eo
2473 4122 2586 4174 dico
2609 4117 2655 4193 (Ι
2675 4121 2832 4173 Joan.
2860 4134 2913 4183 ν,
2945 4117 3055 4189 i6).
3093 4115 3245 4184 Quod
3277 4128 3455 4171 autem
3478 4116 3657 4186 justus
3684 4117 3735 4171 in
3769 4118 3877 4171 mi-

2263 4212 2558 4269 sericordia
2605 4195 2883 4280 corripere
2925 4216 3086 4280 atque
3125 4222 3352 4278 arguere
3390 4222 3513 4263 eum
3545 4208 3635 4277 qui
3684 4208 3877 4278 lapsus

2262 4306 2331 4360 sit
2361 4304 2574 4371 debeat,
2603 4302 2794 4358 beatus
2822 4301 3017 4357 Paulus
3047 4300 3236 4365 docet,
3260 4301 3450 4355 dicens
3480 4317 3492 4354 :
3527 4296 3747 4353 Fratres
3767 4342 3785 4365 ,
3830 4309 3879 4354 et

2263 4397 2308 4451 si
2333 4403 2618 4469 praeventus
2649 4392 2803 4467 fuerit
2826 4392 2976 4474 Itomp
3000 4393 3054 4446 in
3083 4390 3258 4462 aliquo
3284 4390 3492 4457 delicto,
3517 4406 3605 4446 vos
3630 4390 3723 4461 qui
3747 4392 3880 4448 estis

2189 4606 2245 4667 1)
2270 4600 2590 4667 auctoritate
2614 4613 2718 4655 ms.
2752 4608 2806 4655 et
2831 4593 3115 4669 apostolici
3147 4605 3344 4652 textus.
3374 4595 3545 4665 Porro
3575 4606 3877 4669 externum

2270 4670 2543 4726 hominem
2576 4685 2793 4738 corpus,
2825 4667 3097 4725 internum
3125 4678 3302 4723 autem
3348 4669 3583 4723 animam
3628 4667 3882 4726 Hilarius

2270 4743 2522 4871 inttélligit
2548 4742 2599 4795 in
2639 4741 2773 4810 psal.
2809 4756 2991 4808 cxvnt,
3023 4757 3077 4797 ιι.
3107 4740 3140 4795 6
3165 4747 3222 4795 et
3249 4741 3302 4805 7,
3331 4749 3387 4794 et
3430 4741 3483 4795 in
3515 4738 3651 4811 psal.
3678 4755 3933 4820 cum.

2270 4830 2327 4871 ιι.
2405 4855 2417 4869 .
3754 4858 3765 4863 μ

2269 4830 2327 4871 ιι.
2363 4830 2417 4871 υ.
3754 4858 3765 4863 μ

2341 4883 2542 4957 (ejQui
2576 4882 2686 4941 sint
2715 4882 2814 4948 illi,
2836 4886 3077 4957 ⁸(ῖξιιιοιιίι
3105 4883 3354 4957 vulgatus
3401 4880 3766 4957 Hieronymus
3823 4885 3882 4939 in

2270 4952 2519 5011 ettmdem
2539 4968 2759 5009 versum
2789 4972 2801 5007 :
2824 4952 2974 5009 Sicut
2990 4952 3238 5010 Dominus
3256 4952 3404 5007 liabet
3430 4954 3613 5008 electos
3633 4964 3881 5021 sanctos,

2270 5028 2342 5080 ita
2373 5036 2420 5081 et
2444 5026 2681 5080 diabolus
2708 5025 2857 5080 habet
2886 5026 3071 5083 electos
3100 5043 3239 5081 suos.

2343 5097 2419 5170 (ι’)
2453 5097 2543 5154 Sic
2567 5097 2759 5152 homini
2792 5112 2965 5153 errare
2990 5098 3216 5170 debitum
3234 5096 3324 5151 hic
3349 5094 3569 5170 dicitur,
3592 5098 3881 5170 quomodo

2269 5165 2430 5240 supra
2461 5170 2515 5223 in
2557 5170 2691 5237 psal.
2724 5183 2886 5240 cxxx.
2917 5185 2969 5225 ιι.
3001 5167 3069 5225 15
3094 5166 3261 5240 ;Htec
3279 5165 3880 5240 suntinﬁrndtatinosf

2271 5236 2366 5294 me
2394 5249 2442 5294 et
2491 5239 2695 5310 corpori
2738 5239 2928 5306 debita,
2970 5239 3121 5303 mori,
3169 5237 3448 5310 inﬁrmari,
3498 5253 3665 5308 egere.
3706 5236 3877 5304 Quod

2270 5310 2337 5365 ad
2363 5310 2635 5366 hominem
2667 5311 2876 5380 lapsum
2908 5311 3123 5366 attinet.

2343 5382 2423 5455 (g)
2472 5381 2546 5435 ita
2599 5395 2700 5435 ms.
2723 5375 2819 5436 'ac
2860 5379 3251 5455 primaeditio
3286 5377 3422 5455 Par.
3454 5392 3554 5455 nec
3596 5375 3793 5455 debuit
3823 5381 3879 5436 in

2274 5450 2599 5525 poStretttam
2630 5453 2897 5525 revocari,
2930 5451 3073 5525 quod
3116 5450 3254 5525 apud
3286 5450 3447 5525 Had,
3483 5450 3574 5505 Er.
3616 5464 3669 5504 et
3717 5452 3874 5523 Lips.

2279 5520 2558 5593 perperam
2587 5521 2854 5587 exstabat,
2888 5520 3015 5591 proli
3039 5520 3207 5585 dolor,
3232 5520 3361 5592 quid
3390 5520 3574 5593 potest
3612 5520 3881 5593 εδει-εἰσι

2281 5591 2389 5657 eos,
2415 5606 2520 5651 etc.
2552 5593 2797 5649 Proxime
2836 5594 2974 5648 adeo
3016 5591 3276 5661 Hilarium
3325 5591 3629 5645 audivimus
3681 5591 3883 5647 adver-

2282 5680 2375 5721 sus
2424 5664 2639 5734 impiam
2686 5661 3104 5719 Not'atianorum
3153 5660 3879 5734 doctrinampdisputantem,

2290 5731 2665 5809 putariu'psal.
2697 5749 2945 5809 cxxxvu,
2994 5736 3147 5809 u._'_7,
3197 5743 3255 5788 ut
3274 5747 3395 5790 eum
3437 5731 3547 5788 illis
3572 5731 3667 5789 hic
3694 5731 3885 5791 favere

2297 5805 2557 5876 voluisse,
2588 5820 2655 5863 ne
2681 5806 2766 5862 vel
2790 5806 3050 5880 suspicari
3074 5805 3254 5863 liceat.
