4134 6184
294 348 403 406 829

1388 343 1803 405 TRACTATUS
1839 343 1908 403 IN
1942 345 2082 405 CXL
2120 346 2463 407 PSALMUM.

3478 354 3585 414 850

292 460 588 531 spiritales,
636 467 986 514 consumto
1012 475 1125 515 eum
1154 458 1209 513 in
1250 459 1440 529 spiritu
1469 457 1695 543 lenitatis
1720 455 1740 528 (
1762 454 1883 513 Gal.
1915 465 1971 527 Α
1994 466 2080 515 tur
2107 458 2340 517 deinde:
2377 461 2634 529 Quoniam
2657 462 2827 519 adhuc
2853 472 2901 520 et
2925 465 3089 523 οναιῑο
3118 484 3230 521 mea
3265 466 3317 520 in
3345 466 3584 538 ἀτυφία.

290 569 346 619 v,
373 552 451 623 l).
477 550 585 607 Sed
630 565 701 609 ne
744 553 859 622 ipse
883 551 1103 623 quidem
1129 550 1358 607 rationis
1382 550 1543 619 justa:
1579 548 1891 607 misericor-

297 645 404 701 dia:
457 645 743 700 immemor
770 642 918 700 fuit:
975 652 1311 713 praeventum
1352 641 1498 699 enim
1552 640 1607 699 in
1654 639 1886 708 delicto,

293 753 401 794 non
432 737 513 809 (ιι)
570 737 856 793 voluntate
892 736 1318 808 delinquentem,
1376 736 1742 793 consummari
1792 750 1890 805 per

290 831 649 902 arguitionem
688 830 861 901 jubet.
911 832 1087 901 Atque
1135 830 1257 885 ideo
1304 827 1565 899 propheta
1604 842 1728 882 cum
1771 827 1883 883 ait:

293 922 544 993 Corripiet
569 939 653 978 me
664 926 845 996 justus
881 923 937 977 iu
966 921 1341 988 misericordia,
1373 930 1422 976 et
1452 919 1735 992 increpabit
1765 936 1886 987 me;

290 1024 346 1072 et
378 1014 499 1070 tidei
523 1028 662 1080 suae,
689 1021 746 1070 et
782 1013 1034 1069 humana:
1076 1012 1403 1068 inﬁrmitatis
1442 1026 1671 1075 memor,
1714 1011 1888 1068 eorri~

290 1108 544 1180 piendum
574 1121 637 1163 se
664 1107 718 1161 in
763 1106 846 1161 his
890 1105 999 1174 ait,
1028 1121 1148 1177 qua:
1174 1104 1340 1177 justa:
1381 1103 1763 1161 misericordia
1791 1118 1886 1161 ar-

289 1200 529 1273 guitione
558 1206 686 1255 sunt
722 1197 903 1269 digna.

360 1292 415 1350 9.
472 1289 543 1346 Ut
569 1290 844 1361 correptio,
869 1290 945 1345 ita
983 1298 1033 1345 et
1060 1289 1297 1346 doctrina
1325 1305 1358 1345 α
1386 1299 1563 1346 sancto
1599 1289 1710 1346 viro
1738 1305 1882 1361 quic-

287 1385 475 1440 renda.
506 1414 577 1428 —
618 1382 747 1441 Orat
776 1392 959 1440 autem
1002 1383 1184 1440 adhuc
1213 1392 1269 1440 et
1305 1383 1451 1439 aliud
1475 1424 1492 1450 ,
1530 1399 1600 1439 ne
1624 1382 1886 1440 doctrinis

288 1476 544 1535 videlicet
583 1483 929 1547 peccatorum
981 1476 1277 1542 imbuatur,
1327 1490 1463 1533 neve
1489 1490 1661 1545 usque
1692 1476 1769 1548 (ὁ)
1816 1475 1883 1533 ad

284 1568 623 1639 peccantium
678 1566 1108 1624 misericordiam
1157 1567 1371 1625 decidat
1420 1585 1434 1623 :
1486 1567 1671 1625 Oleum
1714 1576 1885 1625 autem

285 1664 567 1734 peccatoris
594 1678 700 1717 non
723 1663 1002 1734 impingam
1037 1672 1195 1735 caput
1232 1679 1422 1718 meum.
1458 1662 1581 1718 Vult
1607 1678 1763 1730 eum,
1792 1663 1883 1734 qui

284 1771 386 1813 nos
417 1755 612 1813 doceat
658 1766 823 1828 atque
871 1765 1082 1828 arguat,
1133 1757 1483 1813 conscientia:
1534 1772 1687 1828 pura:
1732 1770 1879 1814 esse.

1992 556 2107 611 citis
2133 571 2308 612 eorum
2332 573 2350 621 ;
2400 556 2568 615 Vm.
2595 558 2631 614 6
2665 576 2678 611 :
2708 559 3083 628 absorptisunt
3113 561 3397 616 continuati
3425 571 3582 631 petra

1982 650 2189 723 judiccs
2244 666 2440 705 eorum.
2475 648 2704 706 Causam
2735 667 2833 708 cur
2860 654 3254 710 ahsorheantur
3277 655 3583 710 continuati

1995 752 2164 813 petra:
2199 757 2321 799 eam
2367 742 2523 809 dicit,
2549 744 2671 814 quia
2709 744 2885 800 adhuc
2911 746 2979 800 sit
3007 747 3180 802 oratio
3202 761 3296 801 sua
3337 746 3391 800 in
3421 746 3585 801 benc-

1989 834 2205 906 placitis
2237 849 2448 893 eorum.
2471 830 2602 891 Ora't
2647 836 2907 907 propheta
2942 835 3015 909 (ε)
3054 837 3242 893 eadem
3273 853 3395 908 qua:
3422 852 3585 907 supe-

1989 926 2133 983 riora
2161 935 2309 995 sunt,
2339 942 2409 984 ne
2451 927 2631 984 oleum
2672 929 2971 998 peccatoris
2999 938 3161 999 caput
3200 943 3357 984 suum
3390 928 3582 1000 impin-

1987 1026 2136 1091 guet.
2169 1019 2283 1077 Hoc
2302 1019 2569 1091 Propheta
2594 1028 2734 1077 orat.
2764 1020 2871 1078 Sed
2896 1030 3211 1092 peccatores
3233 1037 3301 1077 ne
3328 1020 3429 1077 hac
3456 1020 3578 1092 quic

1988 1113 2110 1169 dem
2143 1116 2420 1184 propheta:
2466 1115 2715 1171 oratione
2753 1125 3024 1172 terrentur
3050 1155 3068 1183 ,
3117 1124 3177 1171 ut
3229 1116 3297 1171 ab
3346 1114 3433 1171 bis
3460 1131 3583 1186 qum

1989 1207 2182 1278 placita
2211 1219 2338 1264 sunt
2365 1208 2471 1264 sibi
2515 1208 2796 1264 desistant.
2841 1208 3011 1266 Nemo
3040 1209 3182 1265 enim
3236 1209 3288 1264 in
3322 1209 3578 1279 peccatis,

1988 1299 2090 1356 nisi
2111 1298 2192 1374 (ά)
2221 1300 2341 1369 quia
2366 1299 2450 1357 his
2478 1300 2799 1367 delectatur,
2829 1308 3176 1371 perseverat:
3202 1310 3257 1358 et
3283 1316 3499 1358 causam
3525 1300 3582 1357 in

1986 1408 2306 1464 unaquaque
2329 1408 2387 1449 re
2413 1394 2785 1464 permanendi,
2805 1393 3095 1464 voluptatis
3135 1393 3425 1450 oblectatio
3450 1392 3582 1448 sub-

1986 1483 2277 1541 ministrat.
2313 1484 2457 1556 Ergo
2480 1488 2602 1557 quia
2632 1486 2811 1542 adhuc
2858 1493 3051 1543 orante
3078 1500 3146 1542 eo
3173 1485 3229 1554 in
3265 1484 3579 1554 beueplaci-

1988 1576 2055 1632 tis
2070 1591 2256 1633 eorum
2277 1588 2421 1641 sunt,
2452 1577 2505 1635 id
2523 1587 2628 1646 est,
2644 1580 2769 1650 quia
2790 1578 2935 1649 quod
2956 1586 3133 1642 erant,
3154 1593 3259 1633 non
3274 1577 3581 1633 demutatur

1984 1681 2083 1737 per
2112 1681 2209 1723 eos
2246 1668 2522 1724 voluntate
2558 1668 2764 1739 (supple
2786 1666 3161 1741 permanente)
3196 1668 3452 1740 peccandi
3477 1712 3492 1736 ,
3526 1676 3582 1724 et

1984 1769 2299 1829 peccatores
2321 1774 2443 1816 esse
2472 1763 2765 1832 persistuut
2790 1782 2805 1831 ;
2832 1776 2933 1816 nec
2957 1761 3132 1817 oratio
3158 1761 3275 1830 ejus
3305 1761 3466 1816 linem
3489 1774 3580 1815 ae-

283 1849 545 1906 Dominus
573 1864 703 1906 vero
730 1851 783 1905 in
814 1850 1156 1921 Evangeliis,
1182 1864 1309 1906 cum
1334 1849 1403 1906 de
1426 1849 1760 1921 jejuniorum
1784 1865 1883 1921 pu-
1912 1858 1961 1923 Β
1986 1850 2115 1921 cipit
2142 1867 2155 1904 :
2183 1849 2305 1921 quia
2335 1851 2537 1909 tamdiu
2578 1851 2629 1906 in
2658 1851 3015 1922 heneplacitis
3043 1866 3231 1909 eorum
3256 1850 3372 1923 ejus
3399 1852 3576 1907 oratio

280 1944 443 1999 ritate
470 1943 803 2012 loqueretur,
835 1943 912 1998 ait
939 1961 952 1996 :
986 1942 1094 2000 Vos
1118 1948 1290 1999 autem
1317 1958 1435 1997 cum
1451 1942 1709 2016 jejunatis
1730 1982 1746 2007 ,
1779 1958 1878 1996 un-

280 2039 388 2111 gite
429 2044 586 2110 caput
611 2044 864 2102 vestrum,
913 2045 960 2091 et
1008 2036 1193 2106 {aciem
1221 2045 1438 2091 vestram
1475 2035 1639 2093 lavate
1662 2034 1875 2108 (Hattlt.

285 2147 374 2199 vi,
407 2129 516 2203 l7).
551 2129 610 2185 lu
636 2129 904 2187 abluenda
935 2128 1102 2193 facie,
1154 2129 1386 2185 nitorem
1416 2143 1563 2198 pura:
1589 2128 1875 2184 consciea~

283 2227 375 2281 tia:
422 2224 636 2294 exegit;
688 2239 757 2279 ne
805 2223 934 2294 quid
989 2225 1042 2277 in
1090 2221 1248 2278 nobis
1308 2220 1608 2284 sordidum.
1656 2234 1724 2278 ne
1753 2219 1882 2289 quid

281 2318 514 2374 oblitum
540 2315 841 2374 adhaereret
874 2334 888 2370 :
920 2314 975 2370 in
1021 2314 1196 2385 capite
1221 2328 1352 2370 vero
1377 2311 1647 2384 ungenda,
1677 2310 1881 2369 doctri—

285 2411 372 2466 nis
416 2423 521 2465 nos
559 2418 723 2479 atque
753 2408 1010 2477 operibus
1061 2404 1322 2478 spiritalis
1372 2404 1725 2463 institutionis
1761 2420 1884 2476 per-

285 2501 457 2558 fectos
497 2515 619 2558 esse
650 2500 926 2570 praecepit.
974 2499 1166 2556 Oleum
1196 2501 1341 2557 enim
1382 2499 1598 2559 luminis
1633 2498 1884 2569 pabulum

284 2606 411 2662 est;
439 2604 494 2652 et
523 2594 768 2651 doctrina
799 2601 962 2665 atque
991 2608 1127 2664 opus
1171 2592 1413 2664 spiritale
1439 2593 1684 2655 ctelestis
1733 2592 1886 2653 nobis

287 2686 479 2759 gloria:
497 2700 659 2743 causa
681 2694 784 2743 est.
818 2683 891 2743 Ut
917 2686 1062 2745 enim
1094 2685 1274 2745 lumen
1306 2699 1370 2743 ex
1396 2686 1554 2759 597
1579 2685 1704 2743 oleo
1730 2684 1889 2743 lumi-

290 2782 378 2837 nis
409 2779 569 2836 habet
609 2794 870 2842 causam;
919 2780 1014 2845 ita,
1062 2789 1121 2835 ut
1172 2779 1348 2837 lucem
1398 2780 1660 2851 spiritalis
1702 2779 1889 2851 gloria:

294 2876 651 2941 retineamus,
684 2872 934 2932 doctrina
965 2880 1129 2942 atque
1158 2872 1401 2943 operatio
1427 2880 1641 2942 praestat
1677 2890 1690 2929 :
1719 2880 1778 2929 ut
1800 2886 1891 2929 ca-

296 2974 398 3037 put
427 2972 692 3032 nostrum,
724 2963 888 3023 sedes
910 2963 1119 3023 scilicet
1148 2964 1275 3021 vita:
1303 2973 1355 3019 et
1382 2963 1683 3034 prudentia:
1703 2971 1760 3023 et
1776 2978 1892 3021 om-

294 3058 448 3117 nium
488 3072 782 3126 sensuum,
827 3058 949 3117 oleo
988 3058 1322 3129 operationis
1363 3057 1731 3128 doctrinmque
1776 3058 1893 3123 pin-

259 3159 536 3223 ‘guescat.
578 3151 685 3210 Sed
711 3152 892 3213 oleum
922 3151 1025 3209 hoc
1063 3166 1173 3211 non
1201 3166 1232 3209 a
1262 3160 1546 3223 peccatore
1574 3148 1892 3213 sumendum

1992 1952 2097 2008 est.
2121 1942 2373 2013 quamdiu
2397 1943 2790 2013 beneplacitum
2833 1942 2942 2001 illis
2972 1942 3133 2002 fuerit
3161 1957 3412 2012 peccare.

2056 2037 2143 2097 Η.
2168 2035 2344 2107 Iniqui
2371 2036 2593 2095 aduentu
2623 2035 2816 2093 Christi
2860 2035 3467 2092 obsorbendi—Idcirco
3484 2036 3579 2091 ab-

1981 2130 2144 2199 sorpti
2167 2139 2284 2183 sunt
2304 2129 2589 2183 continuati
2617 2138 2775 2197 pelue
2793 2129 2997 2199 judices
3019 2144 3216 2183 eorum.
3232 2128 3446 2185 Petram
3471 2144 3581 2184 non

1983 2225 2235 2283 novimus
2262 2223 2362 2283 nisi
2389 2221 2663 2281 Christum
2695 2237 2709 2277 :
2741 2221 2864 2292 quia
2881 2221 3082 2282 dictum
3108 2230 3194 2278 est
3211 2221 3280 2277 de
3306 2236 3391 2286 eo,
3424 2220 3580 2277 Petra

1983 2324 2155 2373 atem
2184 2324 2293 2375 erat
2322 2297 2555 2373 Clirislltt
2576 2312 2622 2387 (Ι
2645 2312 2791 2381 Cor.,
2817 2329 2870 2381 s,
2890 2311 3102 2382 4).Quo
3129 2311 3450 2371 adveniente
3478 2313 3577 2382 (ε),

1986 2426 2107 2471 cum
2134 2425 2195 2469 se
2223 2409 2279 2471 hi
2306 2415 2649 2480 peccatorum
2678 2406 2835 2465 electi
2865 2406 3146 2475 etjudices
3170 2405 3269 2478 ipsi
3300 2407 3581 2465 continua-

1984 2504 2143 2568 bunt,
2170 2501 2549 2559 absorbentur.
2594 2499 2737 2557 Mors
2767 2497 2911 2557 enim
2944 2505 3093 2565 tunc,
3119 2505 3174 2553 ct
3197 2497 3498 2568 corruptio,
3526 2504 3584 2553 et

1968 2604 2269 2667 peccatum
2298 2591 2696 2660 absorbehitur,
2725 2598 2781 2650 ut
2819 2590 3079 2661 scriptum
3105 2598 3210 2656 est,
3229 2590 3485 2663 Absorpla
3509 2600 3584 2649 est

1988 2682 2126 2747 mor's
2170 2688 2225 2742 in
2262 2687 2654 2747 contentionem.
2700 2683 2800 2743 Ubi
2839 2692 2911 2741 est
2962 2683 3168 2739 aculeus
3212 2693 3325 2737 tuus
3353 2683 3378 2736 .9
3405 2682 3488 2739 ubi
3510 2681 3586 2739 est

1988 2779 2292 2841 contentio?
2316 2779 2535 2835 Aculeus
2570 2777 2705 2833 enim
2754 2778 2932 2834 mortis
2962 2785 3225 2847 peccatum
3267 2783 3338 2831 est
3368 2773 3411 2845 (Ι
3436 2772 3582 2840 Cor.,

1992 2892 2082 2941 xv,
2120 2876 2188 2931 54
2213 2883 2261 2929 et
2299 2870 2412 2944 55).
2458 2870 2828 2931 Absorbentur
2857 2877 3034 2927 autem
3085 2867 3382 2927 continuati
3417 2873 3585 2937 petra:

1994 2968 2186 3033 horum
2217 2966 2430 3037 judices
2459 2980 2580 3023 cum
2602 2964 2694 3020 illo
2726 2977 2828 3021 suo
2856 2948 3120 3033 principe,
3161 2961 3228 3017 de
3248 2972 3355 3030 quo
3384 2957 3585 3015 dictum

1994 3067 2109 3117 est:
2142 3058 2211 3116 Et
2231 3068 2348 3115 tunc
2377 3056 2682 3119 revelabitur
2707 3055 2793 3111 ille
2815 3053 3024 3124 impius,
3046 3067 3194 3123 quem
3226 3048 3475 3113 Dominus
3499 3046 3590 3103 Je-

1995 3149 2371 3221 eusinter/iciet
2394 3148 2579 3219 spiritu
2599 3147 2704 3205 oris
2737 3145 2838 3213 sui,
2872 3154 2919 3201 el
2938 3141 3199 3199 evacuabit
3219 3157 3335 3195 eum
3365 3156 3591 3211 prazsen-

297 3253 418 3302 est:
445 3254 503 3303 et
545 3244 783 3303 orandus
824 3252 908 3307 est
946 3244 1084 3305 Deus
1104 3285 1121 3313 ,
1164 3259 1232 3303 ne
1267 3243 1371 3305 hoc
1418 3253 1758 3315 peccatorum
1794 3242 1890 3303 in-
1917 3248 1963 3315 C
1996 3245 2065 3303 tia
2085 3244 2332 3303 aduentus
2353 3240 2434 3297 sui
2463 3238 2529 3311 (ll
2551 3237 2754 3304 Tliess.,
2778 3235 2934 3308 11,8).
2958 3236 3061 3292 Per
3085 3234 3222 3289 banc
3243 3247 3371 3304 ergo
3391 3232 3590 3287 adven-

296 3339 506 3397 fundat.
537 3338 609 3396 Ut
637 3339 781 3412 enim
825 3353 857 3397 a
898 3322 1087 3399 sancto
1119 3344 1175 3397 et
1198 3337 1467 3399 ﬁdeliviro
1489 3338 1637 3408 argui
1669 3351 1728 3403 se
1749 3337 1889 3395 vello

1998 3344 2083 3391 tus
2113 3332 2324 3389 Domini
2356 3332 2695 3401 praesentiam
2718 3327 3122 3387 evacuabuntur
3138 3324 3399 3395 absorpti,
3424 3334 3475 3380 et
3493 3324 3591 3379 ab-

299 3432 579 3503 prudentis
605 3440 727 3499 est;
754 3432 874 3504 quia
903 3433 1063 3503 aegris
1085 3430 1281 3489 animis
1325 3440 1380 3489 et
1428 3440 1676 3501 peccator
1703 3432 1892 3491 morbo
1998 3427 2169 3499 εστι)ιί
2207 3424 2413 3496 judicio
2446 3432 2776 3481 sanctorum.
2832 3421 3088 3491 Sequitur
3137 3418 3279 3475 enim
3328 3414 3609 3473 :Audient'

298 3523 678 3596 languentibus
704 3523 846 3581 utilis
881 3532 964 3581 est
993 3538 1197 3587 severas
1229 3522 1613 3594 obiurgationis
1645 3524 1745 3581 sub
1790 3510 1895 3585 hev
2000 3520 2150 3578 verba
2177 3535 2310 3585 mea,
2339 3518 2461 3589 quia
2497 3524 2790 3586 potuerunt.
2835 3514 3130 3573 Potuerunt
3158 3510 3244 3569 vel
3274 3509 3589 3574 absorbere,

299 3627 463 3675 uesta
498 3626 721 3676 auctore
771 3616 1034 3677 medicina
1062 3632 1076 3676 ι
1108 3616 1180 3675 ita
1226 3614 1478 3677 miserum
1522 3625 1607 3675 est
1656 3631 1751 3687 per
1775 3630 1895 3686 pee-

299 3707 409 3767 cati
437 3708 837 3767 miserationem
865 3721 1033 3777 usque
1055 3705 1123 3765 ad
1162 3706 1333 3776 ipsam
1376 3708 1709 3777 peccantium
1740 3707 1903 3767 mise-

302 3800 593 3859 ricordiam
630 3799 919 3859 decidisse.
954 3797 1067 3855 Hoc
1093 3812 1223 3868 ergo
1252 3805 1538 3869 utrumque
1565 3814 1595 3861 ιι
1634 3813 1693 3855 se
1722 3796 1923 3883 detes-g

305 3904 449 3953 tatur
474 3892 762 3964 propheta.

378 3987 468 4045 10.
490 3984 558 4045 In
586 3985 807 4057 peccatis.
833 3991 1176 4055 permanctur,
1244 3983 1365 4054 quia
1412 3980 1904 4056 βίασαι-δεινῆς

402 4145 456 4218 a)
499 4143 613 4203 Hoc
653 4152 758 4207 est,
785 4136 876 4212 qui
902 4139 1233 4218 voluntatem
1284 4140 1355 4193 ita
1386 4139 1548 4195 habet
1592 4139 1644 4195 in
1677 4147 1897 4218 peccato

305 4211 670 4280 obiir'mamm,
719 4223 776 4267 ut
808 4211 941 4267 cum
970 4212 1105 4266 sciat
1155 4221 1430 4280 peccatum
1478 4225 1622 4276 esse,
1668 4213 1803 4265 nolit
1831 4211 1899 4266 ab

306 4305 374 4345 eo
398 4286 680 4342 discedere
710 4302 722 4337 :
755 4298 850 4337 seu
880 4293 938 4337 ut
965 4282 1197 4336 Hilarius
1229 4281 1344 4350 ipse
1375 4282 1608 4350 exulieat
1660 4282 1714 4336 in
1761 4283 1897 4352 psal.

308 4375 493 4419 cxuv.
519 4376 578 4439 tr.
615 4356 726 4417 £9:
763 4354 866 4423 Qui
894 4354 1155 4439 uoluntate
1181 4352 1517 4423 pernmnserit
1573 4352 1625 4439 in
1648 4363 1897 4439 peccato,

306 4448 454 4503 quem
483 4423 719 4503 vitiorum
746 4442 870 4479 usus
896 4424 1127 4503 oblectet,
1182 4439 1329 4503 quem
1374 4440 1476 4477 non
1526 4426 1786 4503 paeniteat.
1808 4423 1902 4475 ad-

306 4492 472 4555 missi.
532 4497 668 4552 Hiur.
722 4511 843 4550 cum
900 4496 975 4548 ait
1032 4497 1083 4548 in
1134 4492 1270 4563 ps'al.
1319 4508 1515 4559 cxxxv,
1550 4495 1662 4547 n.4
1695 4512 1707 4547 :
1738 4492 1905 4548 Extra

2003 3611 2090 3668 vel
2129 3608 2210 3682 (Ι)
2249 3608 2457 3673 audire.
2494 3607 2549 3675 In
2583 3604 2865 3675 praesentia
2895 3602 3038 3659 enim
3068 3599 3279 3667 Domini
3301 3599 3597 3654 absorben-

2007 3709 2091 3758 tur
2146 3698 2477 3771 propheticte
2534 3696 2778 3759 veritatis
2825 3693 3126 3768 arguitione
3172 3699 3227 3749 et
3264 3689 3443 3761 impia:
3484 3704 3596 3749 Sua:

2006 3793 2257 3859 falsitatis
2273 3790 2588 3862 opprobrio.

2078 3883 2166 3951 12.
2191 3882 2490 3953 Crassitudo
2526 3882 2765 3947 uitiorum
2802 3897 2969 3943 comes
2996 3890 3085 3937 aut
3107 3897 3280 3937 causa.
3311 3880 3455 3941 Vitia
3494 3897 3597 3937 non

2004 3980 2176 4035 sinunt
2197 3979 2453 4041 hominem
2483 3978 2620 4035 intra
2665 3977 2798 4048 leges
2832 3985 3029 4033 natura:
3055 3975 3297 4035 coerceri.
3320 4006 3391 4016 —
3415 3975 3601 4047 Neque

2002 4149 2094 4195 aut
2124 4139 2422 4196 tentatione
2470 4136 2674 4208 diaboli
2719 4135 2853 4208 lapsi
2887 4135 3015 4205 sint,
3054 4135 3265 4208 veniam
3296 4135 3602 4195 conceden-

2003 4210 2162 4276 dam;
2219 4212 2283 4263 iis
2314 4220 2517 4276 autem,
2562 4206 2657 4277 qui
2703 4206 2937 4262 scientes
2976 4220 3039 4261 ac
3066 4206 3311 4263 volentes
3341 4221 3598 4276 peccave-

2004 4283 2135 4347 rint,
2164 4278 2557 4348 denegandam.
2606 4279 2718 4332 l'loc
2761 4294 2873 4348 pra:
2896 4293 2955 4332 se
2986 4277 3088 4348 fert
3136 4278 3266 4348 illud
3300 4278 3392 4333 lib.
3422 4294 3472 4332 vt
3530 4278 3598 4335 de

2004 4346 2155 4406 Trin.
2191 4369 2244 4404 ιι.
2293 4346 2382 4417 45,
2434 4350 2502 4413 ad
2552 4346 2791 4419 insignes
2839 4347 3102 4419 quosdam
3151 4346 3402 4414 Arianos,
3436 4366 3591 4418 quos,

2007 4432 2065 4477 ut
2096 4423 2354 4490 loquitur,
2386 4420 2787 4490 irreligiosimtis
2811 4421 3043 4472 voluntas
3074 4419 3126 4473 in
3170 4421 3362 4475 haeresi
3387 4420 3596 4474 detine-

2007 4439 2065 4477 nt
2096 4439 2147 4477 to
2188 4439 2354 4488 lllllll',
2386 4439 2787 4490 trreugrosuans
2811 4439 3043 4472 vommas
3074 4439 3126 4473 ιιι
3173 4439 3362 4475 marcet
3387 4439 3596 4474 uetuit:-

2007 4505 2087 4547 rel
2122 4439 2284 4575 {cl-Tibi
2300 4496 2419 4575 jam
2440 4494 2611 4545 omnia
2634 4491 2810 4575 clausa
2831 4501 2949 4575 sunt
2973 4490 3041 4542 ad
3069 4491 3308 4572 salutent,
3332 4496 3418 4560 qui
3441 4506 3598 4560 negas

307 4572 511 4627 ueniam
537 4568 747 4647 est,‘qui
765 4576 1033 4647 peccatum
1060 4559 1313 4647 cognovit,
1358 4580 1458 4647 nec
1474 4566 1735 4635 cognitum
1773 4579 1907 4647 conn
1928 4587 1982 4647 D
2006 4559 2658 4647 quodjalnt'ignorarenon
2686 4571 2850 4647 potes.
2901 4559 3021 4647 dion
3070 4562 3207 4613 enim
3247 4559 3598 4647 ignarasease

311 4634 897 4713 ﬁtetur,conllteri_ltic
921 4651 1017 4713 pro
1063 4634 1323 4713 pcenitet'e
1374 4634 1588 4713 videtur
1636 4637 1900 4713 posuisse,

310 4706 555 4781 adeoque
569 4720 774 4767 tantum
797 4707 1256 4781 imptrttitentibus
1288 4707 1503 4781 veniam
1516 4720 1734 4781 negare.
1754 4706 1904 4781 Licet

315 4783 458 4839 enim
472 4774 612 4845 inec,
654 4797 744 4834 nec
769 4774 1324 4849 wgnitmnconﬁtetur,
1362 4774 1657 4849 intelligere
1689 4792 1750 4830 ex
1772 4778 1900 4843 illis,

316 4870 465 4923 quem
507 4868 607 4905 non
644 4846 880 4923 paeniteat
918 4846 1502 4923 adtiiissi._FJt_quitletn
1541 4862 1660 4923 cum
1687 4850 1737 4901 in
1768 4848 1901 4923 psal.

316 4916 516 4985 cxxxv,
536 4941 590 4977 ιι.
614 4916 665 4983 ιι
684 4922 801 4976 etin
817 4934 1052 4981 csxxvn,
1073 4934 1127 4973 ιι.
1152 4918 1206 4978 5,
1223 4917 1326 4979 ait:
1347 4916 1609 4988 Confessio
1632 4922 1908 4988 estprofos-

318 4998 396 5050 sio
415 4993 696 5071 desinendi,
716 5006 779 5071 ac
800 4989 1380 5071 rtt_rsu11iinps._cxt.tv,
1399 5004 1457 5070 ιιἶ
1486 4987 1553 5043 18
1570 4987 1908 5071 ίΡωιιίιειιιὶα

319 5078 500 5120 auctor
525 5075 597 5118 est
625 5063 907 5124 desinendi,
936 5061 1065 5113 satis
1101 5059 1299 5113 indicat
1319 5060 1646 5127 pmnitentia:
1677 5070 1731 5115 et
1774 5076 1906 5114 con-

322 5136 581 5193 leSsionis
608 5133 881 5188 vocabulis
918 5145 1026 5185 non
1058 5129 1204 5184 aliud
1231 5143 1373 5199 stupe
1402 5145 1625 5187 numero
1651 5146 1711 5186 se
1736 5131 1906 5199 signi-

326 5208 512 5264 ﬁcare.
566 5204 750 5275 Itaque
792 5219 911 5257 cum
959 5201 1099 5275 apud
1141 5198 1399 5275 Hilarium
1431 5198 1704 5275 voluntate
1733 5198 1904 5275 deliu-

324 5288 551 5349 quentes
579 5270 916 5349 opponantttr
960 5270 1362 5349 paenitentibus,
1392 5271 1513 5345 quia
1529 5271 1790 5349 nimirum
1826 5272 1906 5333 Itis

325 5339 549 5403 affectus
576 5339 715 5400 inest
755 5339 932 5407 invi'ti;
962 5339 1114 5413 'quos
1163 5339 1461 5409 intelligere
1509 5342 1767 5413 debemus
1810 5359 1905 5397 vo-

327 5421 533 5475 luntate
578 5416 970 5484 delinquentes,
996 5412 1119 5484 r’uisi
1142 5412 1572 5484 impaenitentes?
1601 5412 1695 5467 His
1722 5424 1900 5470 autem

326 5492 542 5545 veniam
572 5483 793 5554 negans,
826 5483 1037 5539 caneris
1064 5483 1310 5538 concedit
1338 5484 1389 5536 in
1414 5498 1494 5551 ps.
1522 5498 1701 5548 cxuv,
1725 5501 1779 5538 ιι.
1801 5485 1903 5541 ωε

334 5560 502 5615 Habet
536 5558 671 5611 enim
711 5555 868 5609 vertite
912 5554 1050 5625 apud
1096 5554 1263 5607 Deum
1305 5554 1566 5620 solatium,
1598 5555 1910 5625 pmnituis'se

330 5633 395 5686 de
416 5629 607 5701 gestis:
633 5642 724 5701 nec
768 5624 1159 5701 temperamento
1199 5625 1477 5701 tenuitatis
1517 5624 1786 5701 indignant
1809 5636 1904 5701 est,

330 5690 469 5773 quod
490 5714 595 5773 Aper
641 5695 852 5773 admissi
867 5690 1138 5773 'dolorent,
1169 5690 1408 5773 απεριιιιιι
1435 5690 1803 5773 ituproﬁletnr
1830 5698 1912 5759 iu-

339 5764 450 5829 in‘ti.
477 5764 809 5841 Quamquam
840 5767 939 5821 hoc
984 5766 1224 5835 pluribus
1266 5765 1398 5825 locis
1442 5764 1652 5827 videtur
1692 5765 1908 5835 docere,

347 5842 414 5900 iis
443 5836 684 5907 tantum;
718 5836 812 5912 qui
859 5844 952 5893 aut
995 5841 1200 5903 errore,
1252 5848 1344 5897 aut
1389 5842 1567 5907 carnis
1604 5843 1913 5918 lragilitate,

2006 4630 2175 4703 ﬁliuni
2201 4630 2457 4698 Oeifetc.
2494 4633 2625 4693 Vide
2655 4633 2847 4691 sitnilia
2900 4630 3031 4686 ibid.
3059 4646 3207 4687 num.
3269 4637 3288 4688 t
3321 4640 3377 4686 et
3405 4632 3553 4688 alibi.

2078 4705 2238 4781 (b)_l_n
2264 4704 2516 4781 vulgatis,
2550 4719 2705 4781 usque
2733 4703 2801 4781 ad
2828 4703 3073 4781 peccandi
3111 4716 3262 4781 usum
3310 4719 3399 4771 per
3434 4704 3593 4758 mise-

2007 4772 2288 4829 ricordiam
2314 4791 2331 4830 :
2362 4772 2523 4830 lectio
2574 4772 2915 4846 interpolata.
2972 4773 3245 4829 Sinceriur
3288 4783 3400 4846 est,
3437 4790 3596 4846 quam

2008 4847 2325 4901 exhibemus
2351 4862 2417 4901 ex
2449 4861 2549 4903 ms.
2598 4844 3002 4900 Observandum
3047 4859 3208 4913 pnrru
3248 4855 3363 4908 est,
3391 4844 3597 4914 inqui-

2009 4917 2234 4975 busdam
2270 4918 2560 4986 psalteriis,
2603 4933 2652 4970 v.
2679 4930 2731 4986 g.
2768 4915 2823 4986 in
2845 4915 3226 4986 chrmanensi,
3273 4930 3371 4983 pro
3415 4915 3598 4972 Oleum

2010 5000 2183 5043 autem
2213 4984 2516 5061 peccatoris,
2552 4984 2735 5043 haberi
2761 5002 2775 5040 :
2802 4985 3154 5061 Misericordia
3177 4995 3348 5061 autem
3367 5000 3600 5061 peccato-

2010 5061 2117 5125 ris;
2146 5056 2275 5117 Sane
2304 5060 2428 5129 quia
2452 5061 2716 5130 interpres
2738 5071 2835 5126 pro
2885 5057 3055 5110 ὲλαῖον
3086 5056 3271 5125 legerit
3302 5057 3462 5119 ἔλεος.
3509 5059 3597 5114 lli-

2011 5134 2178 5189 larius
2198 5144 2376 5189 autem
2405 5145 2688 5203 utramque
2716 5132 2857 5186 illaut
2886 5130 3185 5186 versionem
3204 5134 3591 5203 complecti-us,

2010 5205 2221 5275 utrique
2258 5219 2549 5275 congruam
2602 5201 3098 5275 interpretationem
3146 5201 3396 5275 subjicit;
3451 5202 3593 5273 quod

2009 5290 2115 5329 non
2138 5271 2550 5345 'tantum'liquet
2580 5289 2646 5345 ex
2675 5273 2863 5345 primis
2892 5271 3022 5339 illis,
3068 5273 3164 5331 sed
3194 5284 3250 5330 et
3291 5290 3355 5330 ex
3386 5271 3595 5343 postre-

2007 5344 2110 5400 mis
2133 5345 2355 5415 hujusce
2385 5340 2593 5405 numeri
2624 5340 2825 5401 verbis.

2076 5414 2152 5489 (ε)
2179 5414 2235 5489 lu
2267 5432 2393 5483 ms.,
2413 5416 2569 5475 idem.

2081 5484 2162 5560 id)
2191 5487 2263 5549 Ita
2293 5503 2414 5549 cum
2465 5503 2568 5560 ms.
2612 5486 2783 5560 prima
2812 5484 2981 5560 editio
3007 5486 3453 5560 Par.Ali_:e_vero,
3480 5485 3588 5560 qui.

2008 5554 2256 5685 ιῇιᾎὶιιῐινιι
2300 5554 2640 5628 reposuimus
2664 5558 2788 5637 quia
2814 5558 3003 5627 adhuc,
3046 5560 3135 5633 ubi
3189 5554 3466 5615 obtinebat
3505 5556 3593 5625 qui

2010 5647 2042 5684 a
2118 5648 2199 5685 uc.

2010 5647 2199 5685 aanuc.

2077 5706 2171 5778 “(ei
2191 5702 2282 5778 Sic
2310 5718 2411 5778 ms.
2437 5702 2513 5778 At
2527 5702 2680 5778 editi,
2709 5718 2823 5761 cum
2875 5704 2921 5778 ei
2948 5703 3094 5778 (in...
3124 5695 3591 5778 continuabuntur.

2098 5770 2182 5852 (Ι)
2213 5776 2549 5852 Miciacensis
2570 5770 2764 5852 codex,
2791 5775 2979 5852 audiri.
2994 5775 3166 5852 inagis
3192 5772 3365 5841 placet
3393 5770 3595 5851 audire.
3646 5783 3653 5791 '

2013 5849 2084 5913 At
2106 5844 2212 5919 non
2238 5847 2549 5921 displiceret
2577 5848 2727 5920 prius
2750 5844 3026 5903 absorberi.
