4134 6184
510 336 609 398 854

1686 333 1935 393 SANCTI
1973 332 2231 394 ΗίἰιΛΒΙΙ
2272 330 2582 390 EPISCOPl

3695 321 3807 378 833

508 456 686 513 solum
713 453 932 511 audient
954 453 1116 509 verba
1138 466 1259 524 qua:
1287 458 1533 522 possunt,
1558 448 1654 506 sed
1693 450 1854 507 etiam
1876 449 1927 505 id
1955 449 2098 520 quod
2123 453 2176 513 Α
2204 457 2290 504 tus
2337 455 2443 516 εει,
2463 441 2470 446 ’
2493 445 2683 502 dicens
2712 461 2726 500 :
2758 443 2826 500 In
2853 454 2904 500 te
2939 447 3165 513 speravi,
3191 458 3295 497 non
3337 441 3547 511 auferas
3575 441 3809 494 animum

509 549 753 618 sequitur
781 546 866 601 his
909 544 1138 600 accidet.
1175 544 1336 600 Vsus.
1372 545 1426 598 7.
1486 542 1769 615 Tamquam
1813 544 2101 599 crassitudo

511 648 659 693 terrae
693 638 766 708 (a)
789 647 1027 708 eruptum
1056 646 1130 692 est
1153 653 1306 707 super
1327 646 1534 691 terram.
1567 635 1720 704 Quod
1749 645 1928 691 autem
1956 649 2104 691 cras-

508 729 688 785 situdo
736 729 1026 800 impietatis
1079 739 1133 785 et
1179 728 1436 784 vitiorum
1477 737 1569 784 aut
1619 743 1804 784 comes
1847 729 1953 794 sit,
2009 736 2102 784 aut

509 837 669 879 causa
701 863 717 890 ,
760 823 1020 894 propheta
1054 832 1303 886 testatur,
1351 823 1537 878 dicens
1573 823 1967 879 :lncrassatum
2015 831 2098 878 est

510 928 605 970 cor
621 914 803 986 populi
831 915 1010 986 hujus.
1037 914 1142 972 Sed
1169 916 1402 988 e1598
1422 913 1629 986 Moyses
1647 914 2102 985 irreligiositatem

511 1009 692 1079 populi
715 1008 996 1064 insolentis
1018 1009 1377 1078 pronuntians
1393 1005 1468 1061 ait
1493 1023 1504 1058 :
1533 1005 1941 1060 manducavitet
1970 1005 2105 1060 bibit

509 1098 700 1165 Jacob,
724 1108 779 1155 et
807 1099 1048 1170 repletus
1081 1108 1186 1165 est,
1213 1108 1268 1154 et
1297 1098 1624 1153 incrassatus
1647 1107 1749 1160 εει,
1781 1109 1836 1152 ει
1861 1097 2104 1151 calcitra-

509 1195 589 1250 vit
617 1195 845 1250 dilectus
884 1185 1096 1267 '(Deut.,
1131 1209 1296 1257 xxxu,
1339 1192 1450 1264 15).
1485 1190 1751 1246 Virtutem
1781 1190 1910 1246 dicti
1943 1191 2105 1262 hujus

450 1290 467 1296 ’
511 1301 576 1343 ex
602 1287 714 1357 ipsa
738 1295 898 1342 terra:
925 1296 1112 1341 natura
1144 1285 1442 1341 absolutius
1462 1283 1842 1354 intelligemus.
1861 1282 2106 1353 Namque

431 1363 439 1370 ’
513 1380 712 1434 scimus
749 1369 1044 1434 crassitu‘es
1074 1377 1494 1449 pinguioresque
1535 1387 1707 1432 terras
1749 1376 1803 1431 in
1833 1391 1926 1432 eas
1955 1391 2107 1432 scro-

514 1469 633 1537 bes,
675 1485 706 1525 e
737 1470 932 1540 quibus
983 1469 1194 1526 ellossa:
1241 1478 1387 1534 sunt,
1419 1485 1482 1524 ex
1534 1469 1709 1524 solido
1741 1485 1847 1524 non
1879 1470 2056 1526 redire
2087 1487 2103 1536 ;

512 1561 634 1630 quia
671 1572 988 1631 erumpente
1028 1576 1213 1616 earum
1244 1559 1627 1627 crassitudine,
1653 1575 1843 1615 rursus
1865 1562 2104 1631 ipsarum

518 1661 644 1708 sunt
674 1652 977 1723 incapaces.
1010 1652 1194 1723 Itaque
1221 1652 1517 1708 secundum
1568 1653 1620 1707 id
1669 1652 1811 1722 quod
1855 1653 1948 1717 ait,
1977 1663 2108 1708 tant-

513 1760 664 1812 quam
693 1745 977 1800 crassitudo
1020 1755 1169 1800 terra:
1191 1756 1426 1816 eruptum
1457 1755 1529 1800 est
1568 1734 1723 1816 super
1751 1754 1936 1801 terram
1962 1765 1983 1814 ;
2010 1747 2108 1802 do-

2205 556 2394 596 meam.
2438 538 2652 594 Ablatio
2695 538 2894 594 anima:
2945 553 3054 593 non
3103 535 3330 591 abolitio
3381 533 3496 604 ejus
3545 541 3677 589 est:
3709 532 3810 588 sed

2205 647 2379 688 cuma
2405 632 2578 703 gloria
2623 630 2902 688 constituti
2949 631 3052 686 sibi
3106 629 3332 686 honoris
3376 627 3646 693 aufertur,
3679 642 3807 682 cum

2205 724 2270 795 (f.
2305 723 2439 796 tum)
2489 724 2558 780 ab
2612 722 3017 796 exspectatione
3072 731 3127 778 et
3164 722 3361 778 allectu
3390 719 3652 792 spcisuze
3703 719 3809 778 de-

2205 816 2358 872 cidit.

2280 911 2369 966 15.
2401 908 2616 964 Insidiis
2645 909 2824 980 plenus
2851 909 3018 964 omnis
3046 907 3289 963 mundus.
3349 907 3540 978 Laquei
3571 916 3620 962 et
3651 923 3809 963 scau-

2207 1000 2315 1056 dali
2355 1001 2725 1055 discrimen.—
2755 1000 2917 1055 Multa
2945 1009 3123 1054 autem
3152 1001 3270 1070 spei
3292 1014 3405 1055 suae
3429 1000 3670 1070 pericula
3694 1015 3808 1056 non

2207 1090 2612 1162 ignorat'esse,
2647 1108 2769 1148 cum
2822 1091 2899 1146 ait
2934 1090 3188 1147 :Custodi
3224 1109 3302 1147 me
3350 1108 3381 1146 a
3435 1093 3616 1162 laqueo
3657 1109 3813 1163 quem

2207 1194 2492 1239 statuerunt
2524 1185 2672 1253 milii,
2697 1197 2743 1240 et
2771 1203 2801 1240 a
2829 1185 3092 1240 scandulis
3113 1187 3434 1254 operantium
3455 1184 3808 1256 iniquitatem.

2213 1276 2419 1348 Ubique
2449 1279 2644 1349 laquei,
2675 1279 2872 1350 ubique
2897 1289 3026 1334 sunt
3065 1279 3342 1345 scandala,
3371 1279 3603 1335 mundus
3623 1281 3814 1337 omnis

2211 1371 2400 1440 plenus
2429 1370 2640 1426 insidiis
2669 1379 2772 1438 est,
2804 1371 2919 1426 sive
2973 1387 3069 1441 per
3097 1372 3393 1442 principem
3426 1373 3570 1429 aeris
3619 1371 3811 1442 hujus,

2209 1465 2324 1520 sive
2347 1479 2442 1534 per
2469 1465 2742 1534 apirilales
2775 1465 3008 1520 virtutes
3038 1465 3089 1519 in
3115 1463 3448 1531 coelestibus,
3485 1466 3600 1521 sive
3626 1482 3725 1537 per
3748 1466 3814 1520 li-

2209 1555 2713 1611 liosinobedientia:
2744 1556 2796 1609 iu
2848 1555 3048 1626 quibus
3103 1555 3326 1629 spiritus
3382 1557 3586 1611 erroris
3614 1571 3816 1628 opera-

2211 1657 2318 1704 tur.
2341 1648 2611 1704 llabemus
2629 1649 2775 1702 enim
2801 1647 3086 1717 laqueosin
3104 1647 3412 1703 hominibus
3426 1649 3581 1704 malae
3609 1649 3818 1706 adhor-

2213 1743 2449 1808 tationis,
2467 1741 2629 1814 5m
2645 1742 2932 1812 periculosi
2957 1743 3210 1813 exempli,
3228 1752 3280 1798 et
3298 1743 3372 1814 (ὁ)
3395 1742 3593 1798 elicita:
3615 1758 3816 1799 neces-

515 1838 626 1892 cuit
653 1840 922 1909 exemplo,
952 1839 1074 1910 quia
1115 1840 1292 1894 omnis
1321 1849 1479 1896 terrae
1532 1850 1751 1907 nostrae,
1776 1842 1829 1896 id
1858 1851 1962 1909 est,
1989 1856 2110 1897 cor-.-
2138 1851 2184 1910 Β
2212 1835 2387 1890 sitatis
2415 1852 2428 1886 :
2459 1850 2581 1890 cum
2609 1850 2707 1889 uos
2737 1835 2802 1888 ad
2833 1836 3139 1906 voluptates
3190 1836 3570 1904 adhortantur,
3594 1852 3722 1904 cum
3755 1837 3818 1893 in

517 1931 662 2001 poris
714 1931 1036 1998 craSsitudo,
1069 1947 1136 1987 ex
1167 1940 1374 1988 naturre
1419 1948 1530 1988 sua:
1558 1933 1676 2005 lege
1723 1934 1868 1990 vitiis
1915 1935 2110 1991 ellossa

515 2025 767 2093 erumpit,
802 2033 855 2079 et
900 2013 1081 2094 capax
1119 2026 1201 2080 sui
1250 2040 1358 2081 non
1385 2035 1489 2091 est,
1515 2027 1569 2080 in
1611 2027 1904 2097 perniciem
1933 2042 2107 2096 suam,

516 2130 585 2171 ne
615 2116 666 2170 in
693 2132 752 2171 se
778 2115 1059 2172 reformari
1087 2117 1276 2186 possit,
1301 2130 1630 2174 exzestuans.

591 2209 678 2264 15.
711 2207 945 2265 Charitas
965 2210 1133 2265 aliena
1161 2211 1331 2283 plorat
1378 2213 1516 2267 mala
1558 2214 1704 2284 quasi
1730 2214 2115 2270 sum—Erum-

517 2313 678 2375 pentc
706 2313 886 2358 autem
929 2304 1030 2360 hac
1061 2305 1419 2362 crassitudine
1469 2322 1632 2377 super
1675 2323 1754 2373 se,
1789 2307 1951 2364 habet
1981 2324 2115 2365 mte-

517 2411 697 2452 rorem
730 2397 1023 2466 Pmpheta,
1061 2398 1288 2455 dicens:
1337 2399 1604 2472 Dissipata
1630 2410 1749 2456 sunt
1785 2417 1901 2457 ossa
1939 2413 2116 2457 nostra

518 2503 662 2542 secus
689 2487 962 2558 infernum.
997 2488 1066 2545 Se
1093 2489 1365 2559 dissipari,
1393 2505 1452 2546 se
1480 2490 1739 2562 dispergi,
1773 2507 1833 2548 se
1853 2507 2010 2548 secus
2035 2494 2118 2548 in-

519 2579 733 2634 ternum
761 2580 903 2651 abigi
934 2580 987 2635 in
1015 2590 1361 2650 peccatorum
1392 2583 1701 2641 calamitate
1725 2586 2025 2642 existimat.
2056 2587 2113 2644 Si

520 2672 663 2728 enim
711 2690 873 2728 unum
915 2675 1217 2731 membrum
1249 2677 1594 2746 compatitur,
1636 2680 2037 2750 compatiuntur
2065 2689 2119 2736 et

521 2766 700 2821 omnia
742 2764 786 2837 (l
833 2764 976 2832 Cor.,
1029 2782 1127 2833 xu,
1152 2767 1267 2838 26).
1297 2767 1499 2824 Omnes
1530 2770 1676 2825 enim
1704 2771 1932 2827 invicem
1963 2774 2119 2829 unius

521 2861 766 2930 corporis
792 2863 1032 2918 membra
1066 2878 1275 2928 smnus,
1309 2873 1365 2919 ut
1391 2875 1445 2920 et
1472 2867 1524 2920 in
1553 2866 1726 2921 altero
1757 2868 1963 2937 psalmo
1997 2870 2072 2922 ait
2103 2887 2115 2922 :

524 2954 772 3025 Dispersa
825 2966 944 3012 sunt
999 2957 1172 3012 omnia
1201 2973 1318 3012 ossa
1367 2975 1478 3014 mea
1535 2957 1652 3031 (Ps.
1690 2976 1804 3024 χχι,
1840 2961 1932 3030 15)
1966 2976 1980 3027 ;
2013 2976 2118 3015 non

524 3047 709 3117 utique
733 3062 796 3103 ea
823 3064 968 3114 ossa,
1001 3065 1097 3122 per
1123 3066 1242 3122 quae
1279 3065 1478 3121 corpus
1508 3059 1752 3108 nostrum
1780 3053 1832 3106 in
1863 3051 2002 3106 hanc
2033 3051 2124 3106 ﬁr-

525 3142 763 3196 mitatem
796 3144 1010 3199 virtutis
1062 3159 1175 3199 sua:
1220 3147 1565 3202 continetur:
1613 3147 1707 3202 sed
1763 3147 1886 3217 quia
1935 3162 2122 3202 omnes

2214 1929 2489 1998 prosperis
2517 1927 2680 1983 rebus
2731 1929 2844 1984 suis
2870 1928 2924 1983 in
2961 1928 3128 1984 Deum
3170 1929 3317 1998 impii
3368 1939 3518 1996 sunt,
3542 1945 3662 1984 cum
3713 1943 3821 2000 per

2212 2021 2564 2078 contumelias
2605 2031 2662 2078 et
2708 2021 2935 2090 injurias
2968 2019 3037 2075 ad
3095 2031 3300 2076 motum
3329 2036 3431 2077 uos
3487 2020 3822 2076 turbulean

2213 2115 2504 2172 voluntatis
2533 2116 2824 2186 exagitant.
2860 2113 3046 2169 Diﬂ‘ert
3094 2124 3274 2170 autem
3303 2114 3526 2184 laqueus
3574 2128 3606 2167 a
3636 2127 3807 2168 scan-

2215 2207 2358 2264 dalo.
2391 2209 2638 2280 Laqueus
2667 2209 2810 2263 enim
2834 2216 2917 2262 est
2947 2205 3254 2260 adhortatio
3281 2205 3620 2275 voluptatum
3647 2213 3702 2258 et
3729 2202 3823 2257 in-

2217 2304 2487 2358 centivum
2545 2299 2892 2372 appetitionis
2941 2298 3246 2354 inhonesta:
3274 2339 3288 2362 ,
3336 2296 3479 2368 quod
3524 2295 3688 2351 modo
3729 2295 3824 2351 la-

2218 2397 2343 2469 quei
2371 2396 2563 2462 fallens
2607 2398 2769 2467 capit.
2804 2395 3129 2452 Scandalum
3157 2402 3336 2450 autem
3390 2402 3476 2448 est
3504 2385 3641 2449 uxor
3681 2393 3824 2449 irre-

2219 2491 2430 2563 ligiosa,
2460 2490 2602 2546 filius
2630 2491 2863 2561 iniquus,
2913 2498 2969 2546 et
3021 2498 3218 2543 cauera
3269 2486 3529 2556 deinceps
3557 2487 3633 2557 (c)
3665 2485 3823 2541 donli

2221 2584 2460 2652 nomina,
2496 2593 2550 2640 et
2575 2585 2753 2640 omnis
2782 2599 2846 2639 ex
2888 2583 3134 2640 Ecclesia
3155 2583 3322 2638 frater
3341 2591 3434 2636 aut
3459 2581 3829 2636 contumelio-

2221 2691 2335 2744 sus,
2363 2687 2456 2733 aut
2479 2692 2695 2741 avarus,
2726 2676 3105 2743 autebriosus,
3129 2684 3218 2730 aut
3253 2674 3442 2745 turpis.
3470 2673 3528 2728 ln
3555 2675 3640 2729 his
3668 2673 3825 2729 enim

2223 2769 2379 2825 nobis
2413 2770 2494 2826 est
2545 2769 2877 2832 scandalmn,
2922 2769 3174 2838 quotiens
3203 2766 3269 2821 ad
3302 2766 3678 2823 necessitatem
3707 2767 3829 2821 ira-

2222 2863 2432 2930 scendi,
2482 2863 2781 2934 arguendi,
2844 2862 3142 2929 inhibendi,
3203 2860 3533 2928 vindicandi,
3593 2875 3662 2916 ex
3727 2858 3831 2916 illa

2223 2957 2418 3028 quieta:
2441 2957 2562 3012 fidei
2587 2966 2788 3013 nostra:
2808 2954 3227 3011 mansuetudine
3257 2967 3634 3025 provocamur.

2297 3052 2384 3107 16.
2430 3051 2764 3121 Iniquitutunt
2813 3051 3042 3104 ontniunt
3083 3065 3215 3105 unus
3253 3058 3434 3103 auctor
3479 3047 3822 3103 diabolus.—

2225 3144 2382 3200 Novit
2412 3155 2592 3201 autem
2635 3159 2819 3212 unum,
2854 3145 2943 3214 qui
2976 3159 3072 3214 per
3100 3157 3290 3199 omnes
3317 3141 3650 3212 iniquitatem
3684 3142 3860 3212 ope-’

527 3249 690 3286 unum
745 3248 940 3302 corpus
969 3250 1176 3299 sumus,
1233 3247 1286 3290 et
1338 3237 1565 3292 invicem
1619 3238 1860 3294 membra
1908 3251 2116 3307 sumus,
2145 3247 2190 3310 α
2224 3247 2407 3292 rantes
2449 3237 2565 3308 ipse
2612 3237 2787 3308 potius
2837 3236 2889 3290 in
2932 3235 3016 3291 his
3061 3235 3268 3305 laqueis
3299 3249 3519 3304 semper
3541 3241 3834 3303 operetur,

526 3327 770 3394 corporis
803 3327 974 3381 nostri
1007 3341 1130 3382 ossa
1159 3329 1509 3383 suntcaeteri.

602 3419 688 3473 14.
722 3417 914 3473 Oculos
937 3421 1170 3490 corporis
1197 3437 1259 3474 ac
1281 3421 1463 3475 mentis
1483 3420 1570 3492 qui
1591 3420 1658 3474 ad
1695 3420 1859 3475 Deum
1889 3422 2122 3478 intendat

529 3510 888 3582 PrOpIteta.—-
914 3510 1089 3568 Vellet
1121 3507 1299 3584 potius
1327 3528 1435 3568 non
1483 3529 1768 3585 erumpere
1797 3515 2120 3570 crassitudi-

528 3619 652 3660 nem
683 3614 841 3660 terra:
867 3621 1078 3671 eorum,
1111 3621 1286 3677 neque
1314 3606 1564 3677 dissipari
1596 3621 1719 3662 ossa
1759 3622 1915 3664 secus
1951 3607 2120 3663 infer-

530 3713 657 3752 num
684 3713 698 3761 ;
729 3697 823 3751 sed
851 3713 1042 3753 omnes
1081 3700 1251 3768 magis
1300 3699 1420 3764 hac,
1452 3715 1573 3771 qua:
1597 3702 1968 3772 consequitur,
1987 3717 2124 3758 voce

529 3787 640 3840 voti
659 3787 755 3840 uti.
775 3787 938 3841 Vens.
963 3788 996 3842 8
1019 3798 1072 3842 et
1101 3787 1153 3843 9.
1206 3789 1340 3856 Quia
1366 3790 1436 3843 ad
1463 3800 1530 3858 te,
1559 3791 1953 3858 Domine,oculi
1977 3795 2075 3848 mei
2103 3812 2121 3850 .-

531 3880 584 3933 in
606 3888 652 3932 te
677 3880 896 3951 speravi,
927 3897 1026 3934 non
1054 3886 1264 3952 auferas
1291 3885 1515 3937 animant
1551 3902 1734 3941 meam.
1761 3885 1977 3942 Custodi
1999 3905 2076 3942 me
2095 3907 2126 3943 a

533 3972 712 4044 laqueo
735 3989 881 4043 quem
911 3984 1193 4029 statuerunt
1215 3976 1361 4042 mihi,
1384 3987 1429 4031 et
1458 3995 1490 4030 a
1515 3978 1775 4033 scandatis
1802 3983 2123 4048 operantium

531 4052 870 4136 iniquitatem.
896 4067 1088 4123 Intenti
1113 4068 1398 4140 Propheta:
1419 4069 1483 4123 ad
1516 4070 1799 4126 Dominum
1845 4072 1989 4127 oculi
2018 4088 2124 4128 non

532 4159 894 4216 deﬂectuntur
920 4160 973 4216 in
1006 4162 1212 4232 aliquas
1243 4161 1640 4233 superfluarum
1683 4180 1864 4221 rerum
1891 4165 2128 4222 admira-

537 4251 731 4320 tiones,
756 4266 861 4308 non
892 4252 958 4306 ad
1005 4255 1386 4310 contumeliam
1433 4255 1704 4325 pudicitiae
1744 4255 2000 4313 honestas
2023 4257 2127 4312 hu-

535 4357 817 4398 manorum
867 4358 1154 4414 COI'pOl'lllll
1211 4349 1422 4416 species
1452 4355 1776 4403 contuentur
1806 4390 1821 4416 ,
1873 4365 1980 4404 non
2032 4364 2125 4404 Cil-

534 4437 752 4506 piuntur
797 4447 888 4492 aut
930 4438 1284 4506 pretiosarum
1315 4441 1544 4496 vestium
1593 4442 1785 4511 opere,
1810 4449 1902 4496 aut
1927 4441 2126 4497 blando

533 4529 742 4601 argenti
771 4531 970 4594 nitore,
1002 4538 1096 4584 aut
1117 4530 1435 4588 illecebroso
1462 4533 1668 4606 fulgore
1694 4534 1830 4600 auri,
1865 4544 1956 4590 aut
1978 4535 2126 4590 inani

534 4623 740 4678 honore
788 4639 1168 4695 gemmarum,
1228 4634 1321 4681 aut
1374 4627 1607 4684 factioso
1651 4630 1946 4700 spectaculi
1975 4629 2131 4685 thea-

2223 3331 2431 3398 diceus,
2475 3329 2641 3388 Vsus.
2676 3331 2743 3387 10
2773 3345 2787 3383 :
2819 3327 3018 3384 Cadent
3062 3329 3114 3382 in
3144 3326 3397 3383 retiaculo
3443 3329 3557 3397 ejus
3586 3335 3839 3396 peccato-

2223 3439 2303 3477 res
2324 3439 2342 3476 :
2370 3422 2490 3492 ejus
2515 3421 2722 3477 scilicet
2760 3421 2851 3492 qui
2883 3428 3138 3490 aperatur
3168 3419 3221 3474 in
3253 3417 3524 3490 plurimis.
3553 3415 3840 3487 Quidquid

2227 3515 2371 3572 enim
2405 3516 2747 3587 iniquitatum
2777 3515 3026 3570 homines
3049 3523 3268 3585 gerunt,
3313 3527 3342 3566 a
3371 3510 3590 3566 diabolo
3629 3525 3840 3581 sugge-

2228 3609 2367 3664 ritur
2398 3624 2414 3663 :
2446 3624 2607 3680 quem
2637 3623 2783 3664 nunc
2803 3608 2904 3662 sub
2928 3607 3186 3678 singulari
3218 3618 3444 3661 numero
3466 3604 3840 3667 demonstrat,

2227 3717 2350 3758 cum
2399 3703 2650 3773 superius
2695 3701 2796 3756 sub
2828 3700 3021 3768 plurali
3052 3698 3354 3755 ministeria
3375 3698 3496 3768 ejus
3525 3695 3847 3767 signiﬁcas-

2231 3808 2314 3853 set
2343 3798 2395 3852 iu
2450 3797 2716 3866 plurimis.
2752 3795 2941 3850 Plures
2985 3793 3038 3848 in
3082 3808 3168 3858 eo,
3199 3801 3254 3848 et
3296 3806 3420 3846 eum
3471 3789 3740 3859 signiﬁcat
3768 3789 3836 3845 in

2231 3889 2475 3959 pluribus
2519 3898 2722 3958 :atqne
2752 3887 2874 3942 ideo
2912 3886 3079 3956 iniqui
3125 3885 3346 3955 laqueos
3390 3881 3748 3951 przetendunt,
3777 3890 3847 3939 et

2233 3983 2286 4036 in
2310 3983 2573 4037 retiaculo
2599 3982 2716 4051 ejus
2740 3979 2939 4034 cadent
2961 3987 3305 4049 peccatores;
3328 3977 3450 4046 quia
3475 3973 3641 4042 iniqui
3665 3974 3844 4028 retia-

2235 4078 2343 4133 culi
2369 4077 2449 4132 sui
2476 4076 2669 4150 (ipsius
2694 4075 2810 4129 scil.
2842 4071 3064 4142 diaboli)
3094 4071 3318 4141 laqueos
3342 4066 3702 4140 prastendunt.
3723 4063 3844 4121 Ca-

2231 4172 2360 4227 dent
2388 4182 2563 4226 autem
2590 4179 2899 4240 peccatores
2927 4185 2940 4222 :
2971 4166 3052 4238 (d)
3083 4181 3187 4220 non
3221 4175 3347 4219 tunc
3375 4169 3686 4234 peccatores
3704 4175 3841 4216 cum

2229 4264 2527 4320 ceciderint
2555 4262 2756 4328 ellecti,
2791 4259 2888 4316 sed
2939 4258 3195 4314 cadentes
3241 4255 3312 4311 ob
3339 4254 3392 4309 id
3419 4254 3544 4322 quia
3572 4262 3841 4323 peccato.

2233 4372 2325 4413 res
2352 4365 2517 4424 sunt;
2569 4353 2803 4425 captioni
2828 4351 3071 4408 retiaculi
3095 4348 3295 4416 ellecti,
3326 4362 3425 4420 per
3445 4345 3499 4402 id
3526 4344 3671 4418 quod
3701 4359 3840 4416 pec-

2231 4459 2443 4506 catores
2473 4456 2619 4514 sttnt,
2651 4445 2962 4518 opportuni.

2305 4543 2391 4597 17.
2411 4541 2760 4612 Singularitas
2789 4537 3290 4608 boum—Propheta
3321 4544 3524 4603 autem,
3556 4549 3650 4606 per
3677 4549 3843 4606 spem

2232 4648 2383 4688 suam
2404 4648 2469 4689 ac
2511 4632 2667 4688 Iidem
2694 4641 2861 4698 tutus,
2891 4630 3228 4687 conﬁdenter
3251 4629 3318 4684 de
3344 4643 3403 4683 se
3431 4627 3505 4683 ait
3533 4645 3545 4680 :
3580 4627 3844 4698 Singula-

534 4715 687 4771 tralis
717 4694 1036 4782 certamine,
1079 4727 1172 4772 aut
1217 4718 1502 4774 atiibitiosa
1535 4694 1864 4790 potestatum
1897 4722 2123 4777 szecula-
2153 4694 2207 4754 D
2233 4725 2357 4780 riter
2400 4741 2512 4779 sum
2561 4739 2657 4801 ego
2681 4694 2856 4778 donec.
2889 4732 3162 4777 transeam.
3189 4721 3305 4776 Scit
3326 4719 3542 4790 impiam
3574 4694 3719 4785 esse,
3775 4729 3846 4777 ut

533 4809 670 4863 rium
703 4825 896 4881 pompa
932 4829 944 4864 :
979 4809 1075 4866 sed
1126 4809 1179 4865 in
1211 4813 1390 4866 omnia
1417 4811 1699 4883 magniﬁca
1725 4812 1823 4868 Dei
1844 4829 2029 4884 opera,
2058 4813 2128 4870 ad

534 4901 949 4958 admirationem
977 4903 1117 4973 ejus,
1151 4905 1241 4974 qui
1280 4919 1342 4960 ea
1389 4914 1475 4961 est
1504 4917 1784 4976 operatus,
1819 4908 2124 4964 intendunt.

535 4990 717 5062 Neque
739 4993 916 5052 solum
959 4997 1153 5066 oculis,
1182 4997 1276 5053 sed
1311 4997 1472 5053 etiam
1503 5009 1684 5055 mente
1707 5014 1926 5071 semper
1955 5001 2134 5058 inten-

611 5129 685 5201 (a)
710 5129 798 5184 Sic
827 5145 927 5203 ms.
975 5131 1061 5185 hic
1107 5141 1159 5187 et
1199 5131 1334 5203 infra
1365 5134 1824 5189 consentientibus
1857 5137 2125 5203 psalteriis

537 5203 847 5277 Carnut._ac
876 5201 1130 5277 German.
1164 5201 1304 5257 Editi
1328 5220 1481 5277 vero,
1501 5215 1791 5277 reruptaest.
1825 5201 2122 5277 Utrumque

535 5273 800 5352 permittit
823 5272 1046 5352 verbum
1065 5291 1296 5352 graecum
1319 5274 1439 5352 διερ“
1655 5276 1912 5347 Exemplo
1938 5272 2121 5345 terrm,

536 5342 656 5415 qua:
683 5342 877 5398 eﬂ'ossa
909 5342 1136 5416 quodam
1167 5345 1327 5400 modo
1369 5342 1728 5416 a'tiiplilicatttr
1752 5356 1807 5403 et
1827 5342 2121 5414 excrescit,

539 5413 599 5471 ut
647 5417 783 5470 intra
835 5413 1055 5468 scrobes
1093 5430 1124 5469 e
1149 5416 1342 5484 quibus
1389 5413 1584 5474 ell‘ossa
1615 5427 1698 5473 est
1721 5419 1986 5475 contineri
2014 5413 2122 5475 non

536 5488 736 5551 valeat,
759 5484 993 5561 ostendit
1043 5485 1276 5540 Hilarius
1305 5502 1520 5545 carnem
1547 5489 1691 5544 vitiis
1714 5491 2123 5561 erumpentibus

536 5567 688 5614 extra
720 5567 923 5612 natura:
954 5555 1100 5628 leges
1141 5570 1436 5628 egressam,
1469 5564 1610 5616 intra
1636 5562 1852 5618 easdem
1875 5555 2123 5618 coerceri

535 5634 646 5702 jam
670 5645 773 5686 non
793 5645 972 5700 posse.

616 5702 691 5775 (b)
717 5702 852 5769 Quid
880 5703 989 5778 sint
1004 5699 1095 5778 illi
1142 5701 1454 5766 necessitatis
1483 5705 1665 5761 elicitce
1703 5708 1900 5778 laquei.
1931 5705 2132 5762 intelli-

541 5774 670 5842 gere
715 5783 797 5827 cst
850 5789 914 5828 ex
963 5774 1046 5828 his
1071 5787 1150 5843 ps.
1173 5788 1354 5841 cxviu,
1391 5792 1538 5830 num.
1566 5779 1631 5832 17
1665 5793 1676 5830 :
1705 5774 1834 5833 Cum
1876 5779 2133 5833 interdum

545 5844 766 5898 accurrit
797 5860 952 5901 causa
977 5847 1090 5914 iras,-
1125 5846 1319 5902 tlolOris
1357 5844 1580 5916 (κῆρι-σο,
1604 5851 1820 5916 querelis
1840 5851 2131 5914 necessitas,

2236 4834 2398 4888 supra
2453 4816 2822 4882 ostendimus,
2854 4813 3328 4871 combinationcm.
3380 4813 3491 4866 Deo
3519 4821 3698 4866 autem
3729 4811 3840 4868 dc-

2238 4911 2402 4975 ditus,
2429 4909 2594 4969 nullis
2641 4910 2762 4966 aliis
2807 4909 2993 4966 saeculi
3043 4908 3274 4979 negotiis
3321 4916 3637 4977 occupatus,
3659 4916 3750 4962 est
3779 4919 3845 4964 et

2239 5002 2565 5074 singularis,
2621 5003 2794 5061 donec
2845 5009 3100 5058 transeat.
3135 5000 3202 5056 Et
3250 4998 3380 5070 quid
3413 5007 3498 5054 est
3528 4997 3657 5055 illud
3686 4999 3842 5070 quod

2229 5141 2379 5195 malta
2419 5140 2718 5210 cupiditatis
2772 5139 2990 5192 occasio.
3025 5137 3256 5190 RUI‘rUI“
3304 5136 3356 5190 in
3385 5151 3466 5206 p4.
3497 5151 3660 5210 emt,
3688 5152 3748 5210 ιι.
3773 5138 3839 5202 ι,

2229 5205 2553 5281 praedicatur
2599 5212 2869 5265 necessitas
2913 5225 3000 5281 per
3030 5219 3285 5281 naturam
3319 5205 3570 5281 corporis,
3617 5205 3699 5262 vel
3745 5226 3842 5278 per

2232 5227 2553 5281 ρτωαιεειιπ
2599 5227 2869 5265 necemtas
2949 5227 3000 5261 er
3030 5227 3265 5261 naturam
3319 5227 3468 5276 corpu

2232 5291 2428 5338 ntotam
2455 5284 2642 5336 anima:
2661 5297 2860 5352 semper
2888 5227 3194 5350 [ructantis
3219 5279 3468 5333 admixta.

2305 5396 2378 5467 (τ)
2407 5396 2463 5451 ld
2515 5395 2792 5467 est,gquod
2845 5395 2899 5449 in
2945 5410 3026 5467 ps.
3087 5409 3277 5459 cxvuu,
3332 5410 3482 5467 num.
3511 5395 3567 5460 5,
3601 5401 3659 5467 et
3703 5396 3837 5450 alibi

2233 5465 2503 5520 carissima
2557 5465 2700 5522 nobis
2743 5467 2973 5522 nomina.
2997 5466 3280 5535 Quomodo
3302 5466 3560 5524 seandalo
3589 5466 3724 5534 sint,
3759 5467 3837 5523 ibi

2229 5547 2531 5594 enarratur.

2301 5632 2382 5704 (d)
2413 5631 2791 5704 Similisﬁlocus
2817 5641 2901 5689 est
2927 5633 2978 5688 in
3011 5647 3094 5704 ps.
3123 5647 3388 5704 cxxut,7n.
3413 5629 3467 5685 9.
3502 5630 3615 5686 Hoc
3641 5639 3832 5685 autem

2234 5703 2349 5760 vult
2370 5712 2575 5760 tantum
2611 5703 2867 5770 Hilarius,
2893 5703 3109 5774 semper
3133 5703 3480 5774 prmexistere
3510 5710 3832 5774 peccatum,

2237 5791 2342 5848 quo
2373 5777 2534 5848 homo
2553 5784 2810 5848 peccator
2855 5773 3147 5848 efﬁciatur,
3176 5784 3464 5848 antequam
3506 5773 3560 5829 in
3605 5773 3836 5844 laqueos

2235 5844 2438 5905 diaboli
2468 5844 2642 5914 cadat,
2674 5860 2767 5904 seu
2791 5847 3038 5918 potestati
3061 5849 3179 5916 cjns
3207 5844 3468 5902 tradatur.
