4134 6184
287 249 397 308 835
1362 252 1772 312 TRACTATUS
1809 252 1877 311 IN
1913 252 2075 312 CXLI
2113 253 2462 314 PSALMUM.
3473 260 3580 320 854

285 379 526 429 transeat
555 370 866 430 ?Scandala
906 373 1133 443 scilicet,
1162 381 1217 431 et
1240 375 1521 444 retiacula,
1554 386 1607 434 et
1641 380 1879 448 laqueos.
1910 387 1964 446 Α
1989 375 2086 430 Hic
2134 375 2186 429 in
2216 375 2470 447 spelunca
2519 383 2675 440 orat;
2709 373 2797 430 ille
2849 382 2968 431 orat
2999 375 3050 429 in
3103 388 3349 446 corpore.
3375 375 3582 434 Servus

283 465 354 520 Et
380 481 489 536 quo
521 476 782 533 transeat,
830 468 1180 539 quaerendum
1212 479 1316 526 est.
1340 467 1544 542 Nempe
1574 485 1640 525 eo
1665 485 1771 541 quo
1799 470 1879 525 (Ιί-
1982 469 2268 523 Dominum
2300 468 2878 539 praphetatChristum
2908 487 2919 522 :
2957 469 3122 547 David
3150 471 3252 525 iste
3279 471 3429 526 illum
3475 471 3580 527 Da-

282 566 426 615 ctum
454 568 575 625 est;
607 559 781 615 ﬁdelis
809 560 952 616 enim
1008 568 1063 616 et
1110 572 1330 619 sanctus
1355 573 1410 619 et
1459 578 1620 619 verus
1649 571 1754 629 est,
1785 562 1878 633 qui
1977 560 2064 616 vid
2093 560 2336 616 omnium
2385 562 2695 630 passionum
2740 561 3024 632 prophetat
3073 564 3343 634 exemplo.
3397 563 3602 635 Atque

281 653 390 708 ait:
413 653 518 720 Qui
541 662 710 709 autem
734 654 893 709 credit
917 655 971 708 in
999 671 1078 710 me
1105 655 1562 730 nanjudicabitur,
1592 656 1683 710 sed
1708 663 1877 710 trans-
1979 650 2102 706 ideo
2141 651 2256 706 haec
2308 666 2414 706 non
2462 661 2567 706 tam
2599 652 2766 707 David
2807 652 2874 708 de
2913 667 2973 708 se
3018 653 3158 723 ipso,
3187 670 3346 725 quam
3375 655 3443 711 de
3470 655 3577 710 Do-
3667 691 3671 695 -

281 743 352 797 iet
399 745 462 800 de
505 754 666 800 marte
688 745 745 800 in
770 746 924 800 vitam
975 745 1182 818 (Joan.,
1213 762 1268 814 v,
1299 745 1393 819 24)
1421 765 1433 800 :
1469 747 1730 802 Dominus
1779 762 1878 802 no-
1979 744 2126 800 mino
2155 759 2254 814 per
2275 745 2440 800 David
2471 745 2611 801 dicta
2640 745 2955 817 intelligitur
2978 747 3171 801 oratio.

281 844 394 892 ster
413 835 570 892 Jesus
596 835 866 906 Christus,
921 839 1012 910 qui
1071 846 1155 895 est
1207 839 1523 896 benedictus
1578 839 1630 894 in
1680 838 1875 894 smcula
2049 835 2103 889 2.
2129 834 2392 890 Orationis
2411 838 2790 908 perfectteuarii
2819 835 3402 908 gradus.—Vsns.2-.l.
3444 837 3580 895 Voce

281 929 636 986 seculorum.
663 929 857 987 Amen.
1979 944 2090 983 mea
2113 929 2182 982 ad
2213 928 2491 983 Dominum
2531 930 2766 993 clamavi,
2818 944 2936 984 vace
2976 946 3086 984 mea
3112 931 3272 1003 θοι
3303 932 3372 984 ad
3404 931 3579 986 Domi-

850 1065 1169 1125 pSALMUS
1217 1067 1396 1125 CX”.
1979 1037 2102 1075 num
2123 1021 2423 1093 deprecatus
2617 1021 2844 1124 liffundo
2873 1023 2925 1076 in
2949 1034 3221 1125 conspectu
3251 1026 3364 1095 ejus
3390 1024 3582 1078 aratio-

1978 1128 2092 1167 nem
2117 1129 2304 1177 meam,
2329 1121 2377 1167 et
2411 1113 2793 1168 tribulationem
2821 1130 2984 1167 meam
3013 1125 3133 1169 ante
3154 1116 3324 1184 ipsum
3351 1133 3581 1187 pronun-

424 1178 721 1237 Intellecttts
754 1179 921 1236 David
946 1199 1062 1237 cum
1088 1192 1218 1238 esset
1239 1184 1292 1238 in
1313 1183 1559 1254 spelunca
1580 1183 1764 1277 oratio.
1979 1204 2051 1258 "-0

1979 1204 2072 1259 tio.
2093 1202 2160 1258 In
2183 1204 2470 1271 deiicienda
2496 1220 2560 1259 ea;
2605 1221 2684 1258 me
2716 1205 2952 1275 spiritum
2982 1221 3170 1259 meum.
3205 1207 3429 1277 Egregie
3456 1221 3578 1262 ver-

358 1272 496 1329 Voce
534 1291 644 1328 mea
693 1275 763 1328 ad
804 1274 1083 1329 Dominum
1113 1276 1352 1342 clamavi,
1385 1291 1505 1330 vace
1531 1292 1641 1330 utea
1668 1261 1736 1329 ἇά
1770 1273 1874 1329 Dav
1976 1295 1990 1350 ι

1976 1295 2169 1352 borum
2199 1296 2332 1352 ordo
2362 1297 2659 1366 dispositus
2697 1305 2800 1352 est.
2838 1297 3078 1352 Primum
3112 1313 3246 1354 voce
3273 1299 3538 1354 clamatur
3564 1317 3576 1354 :

283 1367 483 1464 ﬁlim"?
500 1367 804 1464 ξίερνθθξαεηδ
834 1384 964 1422 ⁸⁸⁸³³⁸·
991 1366 1220 1435 ΕΙΪαηάο
1251 1369 1305 1423 δη
1335 1379 1608 1440 “mpm”
1637 1368 1877 1439 εῘυδυη·
1977 1390 2154 1447 omnis
2202 1390 2344 1445 enim
2381 1390 2552 1446 fidelis
2578 1391 2678 1446 viri
2728 1393 2890 1448 etiam
2923 1393 3079 1447 tacita
3117 1403 3172 1448 et
3197 1393 3456 1464 spiritalis
3485 1409 3582 1450 ex-

280 1459 369 1555 ira
412 1461 534 1516 add.
557 1461 838 1516 orationem
859 1479 1024 1516 meant
1048 1463 1115 1534 et)
1143 1464 1520 1518 tribulationem
1547 1480 1742 1518 meam:
1761 1473 1878 1518 ante
1978 1485 2210 1555 peculio
2241 1485 2351 1540 Deo
2376 1486 2582 1540 clamor
2607 1493 2709 1539 ρει,
2742 1485 2945 1541 Deinde
2972 1501 3104 1541 voce
3142 1459 3348 1555 ora-“Ir,
3387 1487 3437 1541 id
3468 1495 3573 1554 est,

280 1552 450 1622 ipsum
475 1557 785 1624 pronuntio,
811 1555 862 1609 in
892 1555 1180 1624 deﬁcientia
1207 1573 1272 1611 ea:
1296 1573 1374 1611 me
1414 1559 1652 1627 spiritum
1683 1573 1870 1610 meum.

1977 1552 2230 1633 desiderii
2263 1584 2318 1632 et
2347 1576 2472 1632 ﬁdei
2507 1578 2692 1646 petitio
2719 1577 2896 1632 verbis
2925 1577 3074 1632 vocis
3101 1552 3345 1644 effertur,
3372 1552 3570 1633 secun-Q

280 1642 350 1699 Et
394 1656 447 1698 ttt
487 1645 650 1717 600
677 1648 958 1718 cognouisti
983 1650 1192 1702 semitas
1235 1664 1390 1703 meas.
1421 1647 1488 1702 1n
1519 1649 1598 1702 via
1623 1648 1740 1714 Itac,
1774 1664 1876 1718 qua

1977 1669 2104 1723 dum
2179 1668 2307 1722 illud
2377 1642 2618 1737 Apostoli
2667 1668 2950 1724 :Psallam
3013 1671 3220 1741 spiritu,
3275 1642 3492 1742 psallam
3532 1678 3578 1726 et

279 1738 624 1805 ambulabant,
644 1739 1020 1794 absconderant
1039 1740 1275 1810 laqueum
1301 1739 1448 1794 mihi.
1474 1739 1873 1794 Considerabam
1902 1786 1911 1844 Ὗ

1937 1789 1949 1843 ι
1976 1778 2095 1816 voce
2115 1761 2159 1833 (Ι
2187 1759 2336 1827 Cor.,
2369 1776 2480 1827 xw,
2515 1762 2626 1831 15).
2647 1761 2831 1816 Tertio
2860 1763 2911 1816 in
2943 1738 3236 1832 conspectu
3271 1738 3362 1817 Dei
3391 1763 3569 1817 oratio

276 1832 346 1886 ad
373 1833 632 1886 dexteram
659 1843 706 1887 et
726 1833 954 1887 videbam
984 1851 1002 1889 :
1033 1835 1153 1905 quia
1180 1850 1281 1888 non
1305 1842 1413 1888 erat
1439 1835 1525 1903 qui
1546 1842 1874 1904 cognosceret

1943 1832 1949 1839 ν
1977 1832 2287 1922 effunditur,
2310 1869 2417 1908 non
2439 1853 2622 1909 verbis
2644 1854 2850 1909 scilicet
2878 1854 2947 1911 de
2969 1855 3149 1926 lingua
3178 1853 3575 1921 excidentibus,

278 1942 358 1980 me
392 1923 517 1997 (non
559 1935 631 1981 est
681 1927 768 1997 qui
795 1936 1069 1997 cognoscat
1098 1927 1222 1999 me).
1254 1926 1420 1981 Periit
1444 1932 1572 1998 fuga
1601 1944 1634 1981 a
1660 1945 1738 1982 me
1773 1945 1792 1983 :
1826 1935 1875 1982 et

1979 1948 2076 2004 sed
2103 1948 2172 2003 de
2199 1947 2469 2018 profundo
2499 1957 2553 2002 et
2573 1947 2788 2003 interno
2818 1946 2940 2002 fidei
2974 1923 3121 2003 fonte
3148 1948 3322 2003 oratio
3351 1961 3577 2017 precan-

275 2033 379 2072 nan
400 2028 472 2070 est
501 2018 588 2088 qui
618 2019 838 2090 requirat
859 2020 1088 2073 animam
1109 2036 1292 2074 meam.
1323 2019 1555 2074 Clamavi
1580 2019 1648 2074 ad
1670 2029 1736 2086 te,
1761 2019 1874 2074 Da-

1977 2041 2044 2095 tis
2073 2039 2480 2106 effunditur;et
2507 2039 2800 2095 effunditur
2851 2041 2904 2095 in
2952 2052 3244 2112 conspectu
3298 2041 3416 2108 Dei,
3470 2055 3577 2096 non

277 2109 451 2163 mine:
481 2110 590 2163 dixi
619 2125 640 2163 :
673 2109 742 2165 Te
788 2127 839 2166 es
888 2129 1002 2180 spes
1031 2129 1163 2179 mea,
1213 2113 1379 2182 partio
1420 2129 1532 2166 mea
1559 2113 1612 2166 in
1641 2122 1778 2168 terra
1800 2114 1875 2167 vi-

1976 2133 2314 2203 ncgligenter
2342 2147 2518 2202 neque
2564 2147 2630 2187 ex
2680 2133 2992 2196 securitate,
3022 2109 3115 2188 sed
3166 2143 3435 2203 tamquam
3477 2134 3580 2187 Do-

275 2204 518 2259 ventium.
550 2202 768 2259 Intende
793 2206 847 2259 in
894 2204 1058 2276 (Infra
1084 2206 1238 2261 abest
1259 2206 1336 2279 in)
1361 2208 1645 2262 arationem
1671 2223 1873 2262 meam:
1975 2202 2140 2279 ιηίέιοί
2158 2233 2423 2294 ριιωεθηιε
2456 2242 2470 2279 τ
2499 2225 2590 2294 φη
2621 2225 2765 2279 enim
2817 2235 3006 2279 oram,-
3049 2235 3108 2280 υι
3137 2227 3406 2292 exaudiat,
3433 2241 3577 2295 pm-

276 2297 399 2367 quia
421 2298 718 2354 humiliatus
758 2316 870 2353 sum
901 2301 1075 2355 nimis.
1100 2299 1287 2356 Libera
1309 2319 1387 2356 me
1406 2318 1438 2354 a
1460 2302 1874 2372 persequentibus
1939 2366 1947 2370 ~
1975 2331 2102 2373 sens
2139 2332 2364 2374 necesse
2414 2326 2496 2373 est
2525 2331 2647 2373 esse
2671 2317 2925 2374 credatur
2954 2337 2968 2373 :
2999 2319 3087 2389 qui
3117 2330 3295 2374 autem
3321 2331 3567 2390 praesens

275 2407 356 2445 ἠε
378 2408 397 2446 -'
422 2392 545 2464 φίία
584 2394 861 2464 “inform”
912 2404 1032 2448 δίεπε
1075 2410 1232 2466 ευμεν
1265 2412 1360 2451 ηδε·
1403 2394 1553 2450 Εάιιε
1580 2397 1644 2451 de
1671 2411 1874 2451 οανεενθ
1975 2411 2337 2476 existimatur,
2374 2425 2482 2465 non
2539 2409 2782 2466 absentis
2834 2409 3283 2478 dissimulatione,
3313 2411 3407 2466 sed
3438 2425 3578 2482 pra:-

273 2484 502 2538 animam
553 2500 718 2538 meam
742 2487 812 2538 ad
854 2486 1201 2555 conﬁtendum
1245 2489 1441 2542 nomini
1491 2499 1600 2556 tua,
1633 2489 1871 2544 Domine.

1975 2504 2148 2559 sentis
2189 2502 2400 2560 honore
2427 2502 2764 2559 reverendus
2801 2511 2905 2559 est.
2936 2505 3138 2570 Quarto
3166 2519 3379 2574 quoque
3410 2504 3579 2559 tribu-

274 2575 364 2630 Me
416 2587 827 2650 exspectaverunt
876 2579 1215 2652 (exspectant)
1237 2582 1394 2650 justi,
1426 2581 1588 2637 donec
1617 2581 1871 2642 retribuas

1977 2595 2234 2651 lationem
2265 2610 2417 2650 suam
2458 2596 2790 2666 pronuntiat.
2816 2595 2934 2650 Non
2981 2596 3296 2667 impeditur,
3328 2611 3448 2651 cum
3489 2597 3582 2652 tri-

276 2670 422 2724 ntilti.
1973 2686 2214 2753 bulatur,
2239 2687 2366 2757 quin
2392 2701 2610 2756 semper
2645 2687 2713 2740 ad
2746 2687 2914 2742 Deum
2936 2688 3176 2742 omnium
3207 2688 3577 2758 angustiarum

711 2761 1123 2822 TRACTATUS
1161 2764 1433 2821 PSALMI-
1974 2796 2192 2836 suarum
2223 2791 2278 2836 et
2315 2779 2628 2850 passionum
2671 2780 2951 2836 molestias
2979 2779 3200 2836 referat.
3229 2779 3416 2851 Neque
3443 2795 3580 2838 sane

348 2881 401 2936 1.
433 2879 676 2936 Psalmus
701 2880 784 2935 hic
809 2892 882 2936 est
907 2881 972 2935 de
1001 2881 1205 2936 Christo
1232 2882 1288 2936 in
1318 2881 1489 2936 David
1515 2881 1822 2937 adumbrata
1852 2898 1872 2949 ;
1974 2874 2123 2930 leves
2141 2872 2520 2928 tribulationes
2543 2881 2689 2939 sunt,
2723 2888 2858 2944 quas
2884 2880 3012 2928 ante
3045 2872 3209 2928 Deum
3239 2871 3404 2929 effusa
3449 2887 3578 2927 ora-

276 2971 539 3028 Christum
557 2976 710 3046 gestis
752 2976 860 3030 suis
883 2975 1052 3030 David
1069 2977 1690 3049 prapltetavit.—Psalmi
1714 2977 1874 3047 hujus
1976 2969 2121 3023 tione
2145 2967 2460 3038 pronuntiat
2494 2985 2506 3020 ε
2554 2967 2650 3023 sed
2679 2966 2732 3021 in
2761 2981 2827 3022 eo
2857 2967 3060 3039 (supple
3088 2963 3425 3038 pronuntiat)
3456 2980 3578 3022 cum

275 3068 418 3123 ratio
448 3067 600 3122 titulo
620 3064 950 3136 continetur,
986 3070 1082 3125 sed
1109 3070 1286 3138 potius
1303 3069 1535 3140 spiritali
1561 3084 1725 3140 quam
1753 3084 1876 3124 cor-
1980 3060 2165 3116 deﬁcit
2194 3061 2262 3116 ob
2291 3075 2356 3116 eo
2381 3060 2603 3132 spiritus
2647 3075 2797 3117 suus.
2832 3059 2901 3114 At
2923 3074 3055 3116 vero
3077 3074 3176 3116 nos
3201 3061 3346 3116 leves
3380 3068 3581 3116 tantum

276 3161 451 3233 porali
482 3161 842 3232 intelligentia
883 3180 897 3218 :
927 3171 981 3217 et
1030 3162 1152 3217 ideo
1179 3163 1232 3217 in
1265 3163 1418 3216 titulo
1445 3163 1728 3217 intellectus
1757 3178 1875 3216 ora-
1898 3170 1944 3234 ρ
1981 3155 2308 3211 tentationes
2357 3155 2426 3209 ab
2475 3153 2793 3209 assiduitate
2841 3154 3106 3209 orationis
3156 3154 3494 3226 impediunt:
3525 3163 3582 3212 et

274 3253 346 3307 tia
366 3261 472 3308 est.
504 3251 638 3307 Nam
669 3255 714 3308 si
737 3252 987 3323 simplex,
1017 3254 1315 3310 secundum
1350 3254 1512 3308 David
1544 3263 1716 3326 gesta,
1746 3270 1871 3309 sen-
1975 3246 2544 3317 quantulamcumque.
2598 3246 2651 3300 in
2695 3246 2948 3302 secundis
2992 3244 3154 3302 modo
3197 3247 3382 3316 rebus,
3413 3247 3580 3305 animi

274 3359 367 3400 sus
394 3345 772 3408 csset;aratio
802 3354 1009 3400 tantum
1056 3346 1244 3416 psalmi
1279 3345 1439 3401 titulo
1467 3346 1875 3403 fuissetinscri-
1976 3339 2148 3392 nostri
2203 3340 2567 3411 constantiam
2599 3353 2628 3393 a
2675 3338 2982 3395 devotionis
3035 3339 3216 3396 ofﬁcio
3263 3343 3581 3412 repentinus

275 3445 386 3508 pta.
414 3435 523 3493 Sed
554 3438 677 3507 quia
729 3437 797 3492 ad
840 3438 1100 3492 orationis
1128 3437 1492 3508 cognitionem
1537 3438 1766 3509 Spiritali
1793 3439 1876 3493 in.
1978 3430 2185 3501 exiguae
2217 3429 2548 3486 difﬁcultatis
2577 3440 2754 3487 motus
2772 3433 2988 3487 avertit.
3014 3431 3086 3487 At
3103 3447 3232 3488 vero
3256 3432 3364 3499 hic,
3398 3449 3468 3489 ne
3487 3433 3584 3490 de-

278 3529 571 3601 telligentia
599 3545 737 3600 opus
776 3539 956 3597 esset;
994 3529 1196 3586 idcirco
1224 3530 1510 3585 intellectus
1537 3511 1724 3597 oralia,
1752 3530 1877 3602 quia

1979 3523 2195 3580 ﬁcicnte
2217 3523 2435 3594 quidem
2485 3525 2678 3593 spiritu
2727 3537 2849 3591 suo,
2887 3533 3063 3579 cessat
3087 3533 3142 3579 et
3178 3524 3578 3581 tribulationem

275 3623 348 3678 sit
390 3621 762 3692 intelligenda,
795 3623 1178 3692 praescribitur.
1214 3621 1427 3679 Scimus
1458 3623 1601 3679 enim
1653 3638 1775 3678 esse
1821 3632 1878 3679 et
1978 3630 2128 3671 suam
2162 3619 2532 3687 pronuntiare.
2575 3626 2631 3672 et
2685 3618 2985 3673 orationem
3031 3616 3331 3686 effundere,
3361 3627 3416 3674 et
3448 3631 3582 3677 voce

277 3715 433 3771 illum
463 3714 656 3782 David,
687 3715 841 3786 cujus
868 3715 1271 3772 tabernaculum
1312 3715 1457 3786 quod
1484 3716 1752 3771 ceciderat
1777 3729 1879 3770 ex-
1980 3723 2138 3764 orare
2166 3709 2305 3778 ipsa,
2335 3719 2391 3765 et
2426 3709 2686 3778 spiritalis
2718 3709 2841 3766 ﬁdei
2871 3725 3006 3766 voce
3033 3712 3290 3769 clamare.

279 3809 505 3865 citatum
552 3818 658 3874 est,
680 3809 905 3880 justum,
953 3809 1244 3875 orientem,
1291 3817 1628 3878 regnantem,
1679 3807 1728 3861 id
1772 3817 1874 3874 est,
2055 3803 2113 3857 ὅ.
2146 3801 2421 3857 Psalmide
2443 3798 2794 3858 Christaunde
2815 3804 3196 3875 dignoscantur.
3228 3806 3584 3874 Quazdam‘ltic

280 3901 567 3958 Dominum
604 3911 848 3957 nostrum
883 3901 974 3957 Dei
1021 3901 1185 3956 ﬁlium
1212 3918 1226 3956 :
1250 3903 1340 3972 qui
1385 3903 1704 3972 frequenter
1724 3900 1878 3971 fugc-
1983 3894 2172 3951 nemini
2192 3895 2562 3950 conuenientia.
2590 3926 2663 3936 —
2688 3894 2764 3950 Tu
2782 3898 3063 3974 cognovisti
3087 3900 3294 3954 semitas
3319 3918 3475 3956 meas.
3509 3901 3578 3958 In

277 3997 374 4063 rit,
403 3995 714 4066 frequenter
764 3995 998 4063 latuerit,
1050 3995 1362 4066 frequenter
1385 3996 1642 4060 oraverit,
1678 3995 1730 4050 in
1761 3995 1880 4065 ipso
1982 3988 2062 4042 uia
2093 3988 2209 4052 hac,
2232 4004 2332 4058 qua
2360 3987 2703 4058 ambulabant,
2739 3989 3115 4044 absconderant
3139 3993 3377 4060 laqueum
3431 3995 3577 4052 nti/ti.

277 4103 498 4159 quoque
542 4096 789 4158 tempore
833 4087 1102 4157 passionis
1124 4086 1429 4152 etﬁeverit,
1453 4095 1508 4142 et
1531 4087 1597 4141 ad
1625 4087 1793 4142 Deum
1826 4087 1878 4140 iu
1984 4079 2112 4136 lltec
2165 4089 2274 4135 tam
2324 4081 2490 4149 illius,
2516 4095 2676 4152 quam
2710 4081 2868 4151 hujus
2899 4081 3088 4151 David,
3120 4085 3295 4139 oratio
3337 4101 3459 4142 esse
3489 4101 3584 4157 po-

282 4180 630 4236 tribulatione
659 4180 994 4247 clamaverit,
1026 4195 1132 4235 non
1155 4180 1226 4235 ob
1257 4178 1559 4234 naturalem
1585 4180 1738 4249 quasi
1760 4193 1883 4249 pas-

1987 4174 2106 4228 terit
2159 4174 2459 4230 existimari
2488 4176 2690 4246 :quia,
2741 4185 2800 4232 ut
2828 4176 3086 4244 diximus,
3129 4180 3311 4235 omnia
3369 4181 3584 4240 Domini

279 4273 450 4329 sionis
495 4281 720 4341 metum,
775 4273 872 4329 sed
920 4271 1171 4329 allectum
1215 4270 1451 4326 hominis
1472 4285 1630 4342 quem
1661 4270 1884 4340 gerebat
1985 4265 2126 4322 dicta
2154 4276 2318 4338 atque
2339 4276 2488 4338 gesta
2517 4276 2573 4324 et
2602 4270 2744 4324 servi
2787 4269 2893 4326 ﬁde
2919 4280 2977 4327 et
3021 4272 3303 4343 prapltette
3337 4276 3587 4347 praeﬁgu-

281 4365 582 4422 osteudens
618 4383 631 4419 :
660 4375 718 4421 ut
768 4381 866 4437 per
895 4365 1034 4424 bane
1086 4365 1386 4421 orationem
1436 4374 1490 4419 et
1519 4361 1663 4417 ﬁlius
1693 4363 1786 4417 Dei
1816 4361 1882 4417 ad
1985 4359 2123 4414 ravit
2143 4361 2413 4429 exemplo.
2442 4361 2743 4433 Numquam
2765 4378 2896 4420 vero
2913 4365 3246 4435 psalmorum
3267 4367 3576 4439 prophetia,

279 4474 446 4529 quem
467 4466 666 4526 oraret,
690 4459 882 4528 etipse
905 4473 1012 4512 non
1039 4457 1322 4513 simulatus
1349 4453 1424 4527 (a)
1457 4454 1641 4520 homo,
1669 4452 1764 4510 sed
1792 4469 1884 4508 ve-
1987 4453 2435 4522 quotiescumque
2476 4469 2543 4508 ex
2599 4469 2832 4525 persona
2893 4457 3104 4513 Domini
3152 4460 3443 4530 profertur,
3477 4477 3585 4519 non

281 4565 380 4607 rus
409 4558 594 4621 posset
644 4549 892 4620 intelligi.
933 4549 1067 4618 Ejus
1112 4549 1294 4619 itaque
1325 4561 1446 4604 esse
1488 4546 1604 4602 haec
1634 4545 1960 4617 intelligi-1)
1987 4545 2184 4615 aliquid
2216 4545 2490 4615 peculiare
2544 4547 2663 4617 ejus
2707 4563 2772 4604 ac
2803 4550 3100 4621 praprium,
3149 4553 3292 4622 quod
3336 4554 3424 4608 alii
3458 4569 3582 4610 cum

284 4653 375 4699 tur
403 4643 600 4700 oratio.
650 4643 814 4699 David
845 4642 1064 4714 quidem
1109 4643 1163 4697 in
1192 4643 1447 4713 spelunca
1482 4640 1755 4713 loquitur;
1787 4641 1884 4696 sed
1992 4651 2058 4692 co
2086 4650 2375 4694 commune
2395 4653 2519 4696 esse
2548 4653 2659 4694 non
2689 4641 2879 4711 possit,
2911 4642 3146 4713 adjecit:
3177 4655 3232 4699 ut
3262 4647 3386 4716 quia
3419 4648 3583 4704 multa

286 4737 579 4808 prophetat
605 4737 657 4791 in
684 4736 922 4793 Christo.
966 4735 1136 4790 David
1175 4735 1310 4806 fugit
1341 4753 1356 4800 ;
1407 4733 1504 4790 sed
1563 4735 1738 4806 fugam
1783 4735 1886 4790 Do-
1992 4742 2056 4783 ex
2086 4743 2315 4798 persona
2347 4729 2462 4798 ejus
2486 4730 2720 4786 hominis
2749 4747 2906 4803 quem
2935 4735 3228 4805 assumpsit
3253 4745 3585 4793 commemo-

287 4830 422 4885 mini
450 4829 533 4885 sui
555 4843 660 4886 non
689 4837 796 4884 tam
827 4844 924 4900 per
948 4829 1112 4884 verba
1142 4843 1300 4898 quam
1331 4842 1428 4898 per
1447 4827 1625 4899 fugam
1652 4826 1888 4898 prophe-
1993 4827 2132 4888 rata,
2166 4825 2410 4890 personis
2453 4821 2731 4878 hominum
2772 4833 2955 4881 essent
2995 4827 3307 4899 naturisque
3346 4843 3588 4886 commu-

293 4931 392 4978 tat.
424 4922 593 4982 David
647 4922 843 4992 Spiritu
883 4921 1113 4988 defeeit;
1140 4919 1234 4975 sed
1259 4929 1313 4975 et
1353 4920 1581 4976 Domino
1611 4919 1778 4976 tristis
1803 4928 1888 4975 est
1995 4913 2107 4980 nia,
2129 4913 2319 4983 psalmi
2352 4915 2531 4986 potius
2551 4916 2618 4972 de
2635 4931 2700 4972 eo
2717 4917 2996 4988 prophetia
3020 4933 3105 4987 ea,
3129 4935 3249 4991 qute
3282 4923 3496 4994 proprie
3519 4937 3588 4981 ex

288 5017 468 5072 anima
501 5029 670 5087 usque
699 5015 765 5071 ad
793 5024 1042 5071 mortem,
1080 5012 1244 5069 David
1275 5012 1499 5069 semitas
1523 5013 1663 5069 Deus
1689 5027 1886 5086 cogno-
1995 5018 2226 5074 persona
2275 5005 2391 5077 ejus
2430 5007 2758 5074 dicerentur,
2791 5009 3138 5067 ostenderet:
3170 5021 3227 5067 ut
3248 5012 3379 5070 illud
3409 5031 3587 5088 nunc,

288 5112 396 5167 seu
443 5125 458 5174 ς
488 5111 582 5166 sed
627 5119 682 5167 ει
707 5109 900 5165 Filium
933 5123 1092 5164 nemo
1119 5109 1269 5164 ηονῑι
1291 5107 1392 5162 nisi
1422 5106 1601 5163 Pater,
1633 5106 1801 5163 David
1829 5107 1884 5163 in
2003 5097 2166 5154 Vens.
2203 5100 2238 5156 5
2258 5119 2271 5156 :
2291 5099 2688 5158 Cansiderabam
2720 5102 2790 5158 ad
2827 5104 3113 5172 dexteram,
3143 5115 3190 5162 et
3212 5107 3441 5162 uidebant
3465 5110 3588 5182 quia

292 5200 418 5256 fidei
448 5213 560 5255 sum
589 5199 691 5254 viis
727 5197 902 5269 laquei
930 5197 1179 5254 absconsi
1206 5207 1370 5262 sunt;
1413 5195 1641 5252 Domino
1667 5211 1886 5268 quoque
1994 5206 2097 5246 ηοη
2126 5201 2201 5247 εει
2257 5194 2343 5264 qui
2393 5203 2664 5266 cognoscat
2710 5211 2808 5250 me.
2842 5194 3004 5249 Periit
3046 5200 3169 5270 fuga
3209 5215 3241 5252 a
3266 5214 3347 5254 me
3374 5209 3456 5254 εει
3485 5217 3587 5256 non

290 5293 347 5348 in
375 5291 768 5363 praedicationis
796 5305 907 5348 sua:
952 5305 1111 5346 cursu
1143 5289 1340 5361 ubique
1361 5297 1620 5360 parantur
1649 5289 1879 5346 insidias.
1993 5299 2064 5346 est
2087 5287 2174 5358 qui
2193 5288 2420 5359 requirat
2441 5289 2666 5342 animam
2691 5303 2877 5344 meam.
2923 5288 3089 5346 David
3116 5290 3260 5346 enim
3285 5291 3411 5349 licet
3436 5291 3586 5363 fuge-

369 5500 448 5574 (a)
476 5500 534 5558 Si
561 5500 638 5574 ad
680 5499 785 5557 hoc
813 5496 1105 5574 assumpsit
1129 5491 1661 5574 ltominis_afl‘ectum,
1691 5496 1882 5545 utnon
1989 5489 2226 5574 dicatur,
2257 5495 2316 5543 ut
2340 5485 2787 5574 explicatumﬂes‘t'
2805 5487 2861 5544 in
2891 5503 3195 5574 ps._I.xvitt,
3225 5505 3282 5574 ηε
3309 5491 3394 5574 l8.
3423 5489 3585 5574 Vide-

294 5559 579 5630 simu'latus
626 5572 826 5639 homo,
874 5571 969 5627 scd
1000 5559 1180 5624 'verus
1236 5566 1664 5639 intelligeretur;
1722 5575 1884 5616 verus
1989 5562 2064 5616 sis
2094 5570 2249 5616 tract.
2301 5574 2618 5639 ps_._t.1v,n.
2654 5559 2709 5615 6.
2731 5559 2927 5639 Neque
2984 5561 3182 5639 frustra
3229 5563 3304 5615 ait
3353 5565 3404 5616 in
3445 5562 3580 5639 ps_al.

293 5660 509 5714 quoque
538 5644 720 5701 debuit
748 5629 867 5699 esse
894 5643 983 5698 ille
1004 5639 1250 5705 affectus,
1284 5629 1433 5714 vera'
1451 5635 1690 5700 tristitia,
1714 5647 1884 5714 .verus
1989 5647 2227 5714 exustis,
2257 5629 2313 5685 n.
2346 5631 2410 5714 μ
2448 5629 2700 5714 :ﬁerens
2721 5629 2941 5714 hominis
2982 5631 3180 5714 Deique
3207 5629 3464 5714 naturam,
3492 5636 3584 5686 Ita-

292 5701 472 5783 dolor,
503 5732 661 5772 verus
720 5715 983 5784 passionis
1039 5719 1212 5766 metus
1238 5701 1254 5762 ξ
1287 5708 1379 5778 qui
1411 5716 1587 5784 tamen
1639 5704 1764 5775 quia
1791 5718 1884 5759 as-
1989 5703 2134 5758 bebat
2179 5712 2228 5758 et
2255 5718 2320 5784 ea;
2345 5702 2906 5784 hantinisninﬁrmitate
2935 5704 3286 5784 trepidetianis
3313 5701 3579 5777 affectant,

292 5773 566 5860 sumplus,
598 5773 780 5844 Verbo
807 5784 1100 5843 assumenti
1136 5795 1241 5839 non
1270 5773 1528 5838 naturalis
1555 5773 1702 5835 recte
1743 5791 1882 5849 prat-
1989 5784 2035 5830 et
2063 5791 2127 5830 ex
2152 5774 2459 5831 conscientia
2483 5773 2765 5832 divinitatis
2791 5773 3079 5832 securitatis
3100 5773 3366 5844 ﬁduciam.
