4134 6184
557 229 663 294 838

1753 223 1998 290 BANCTI
2038 215 2297 288 IULARII
2325 215 2627 283 EPISGOPI

3755 219 3861 278 838

563 361 664 415 rel,
688 364 792 405 non
805 357 984 406 tamen
1001 349 1302 419 incognitus
1325 354 1439 403 erat
1465 365 1476 400 :
1501 359 1675 418 neque
1693 345 1868 400 solum
1887 343 1952 398 ad
1974 342 2160 400 dexte-
2186 341 2234 400 A
2266 347 2370 395 tem
2405 337 2581 394 crucis
2613 332 2785 408 (Phil.
2835 348 2908 400 ιι,
2941 331 3021 405 8).
3048 331 3238 390 Libera
3262 349 3340 390 me
3381 348 3417 387 a
3445 334 3861 404 persequentibus

563 459 679 498 ram
709 443 1084 504 contuebatur,
1114 441 1207 496 sed
1229 440 1390 496 etiam
1417 439 1482 496 ad
1511 439 1784 496 sinistram
1811 439 1861 493 ei
1890 451 2155 507 conspec-

564 545 648 591 tus
670 536 905 605 patebat.
938 534 1072 590 Illud
1089 544 1268 590 autem
1292 533 1562 603 quomodo
1591 547 1835 602 personae
1863 531 1980 602 ejus
2005 541 2156 601 apta-

561 628 742 682 bitur:
774 625 934 679 Periit
955 629 1076 697 fuga
1100 627 1308 698 om
1329 643 1405 681 me
1432 642 1450 680 :
1481 624 1676 681 dehinc
1695 623 1848 690 illud,
1877 621 1944 678 Et
1965 631 2156 676 nonest

562 717 648 787 qui
670 717 893 787 requirat
921 717 1147 772 animam
1172 734 1335 772 meam
1361 733 1378 772 :
1402 725 1675 788 postremo
1702 716 1863 772 etiam
1894 713 2024 768 illud
2048 727 2158 783 quo

564 809 801 877 psalmus
827 809 1167 866 concluditur
1199 828 1212 864 :
1245 809 1331 864 Me
1377 817 1671 880 exspectant
1698 808 1862 878 justi,
1887 806 2050 867 donec
2071 822 2156 859 re-

559 905 757 959 tribuas
796 904 1278 962 mihi?Contraria
1329 903 1430 959 sibi
1483 904 1586 958 ista
1638 909 1783 967 sunt,
1825 915 1894 954 ex
1928 913 2159 968 persona

563 996 801 1052 hominis
849 997 1140 1054 intellecta.
1176 997 1234 1052 Si
1272 999 1416 1052 enim
1459 1007 1584 1052 sunt
1607 995 1735 1065 justi
1768 1002 2156 1064 expectantes;

564 1090 835 1160 quomodo
883 1105 1042 1145 nemo
1078 1089 1394 1160 cognoscit?
1421 1089 1696 1160 quomodo
1732 1089 1968 1146 animam
1997 1099 2161 1144 nemo

565 1183 809 1253 requirit.
829 1183 930 1238 Per
949 1182 999 1236 id
1027 1182 1171 1240 enim
1203 1198 1364 1239 nemo
1393 1183 1625 1238 animam
1656 1181 1974 1252 requirit,el
1999 1191 2162 1237 nemo

567 1257 800 1332 animam
841 1276 1140 1345 cognoscit,
1194 1276 1318 1346 quia
1361 1273 1720 1346 perspiciente
1769 1287 1836 1328 eo
1861 1286 1892 1327 a
1933 1269 2158 1338 dextris,

565 1383 728 1425 nemo
742 1368 920 1439 justus
943 1377 1025 1424 est
1045 1368 1210 1423 visus.

640 1463 691 1517 ι.
725 1460 927 1517 Christo
954 1459 1473 1517 conveniunt—Sed
1502 1458 1618 1518 haec
1647 1459 1827 1514 omnia
1855 1457 1907 1513 in
1931 1455 2163 1514 Domino

571 1563 814 1624 tempore
836 1555 1100 1626 passionis
1131 1555 1347 1626 impleta
1369 1563 1514 1621 sunt,
1549 1569 1672 1610 cum
1700 1562 1917 1608 euntem
1946 1565 2070 1606 eum
2096 1549 2163 1606 ad

569 1665 784 1706 crucem
809 1665 998 1706 eorum
1052 1666 1213 1707 nemo
1242 1651 1527 1705 comitatus
1556 1657 1660 1715 est,
1690 1663 1826 1717 quos
1855 1647 1921 1702 ad
1950 1659 2166 1717 posses-

2259 445 2374 485 nte:
2402 427 2526 497 quia
2564 425 2845 498 confortati
2879 433 2998 480 sunt
3044 441 3199 494 super
3234 441 3332 478 me.
3367 423 3514 478 Educ
3552 424 3615 478 de
3654 439 3865 476 carcere

2259 521 2483 578 animant
2530 536 2696 576 meam
2741 519 2810 574 ad
2832 519 3179 588 conﬁtendum
3221 517 3419 572 nomini
3459 527 3570 585 tuo,
3614 515 3861 574 Domine.

2259 613 2597 682 Quamquam
2630 613 2775 668 enim
2813 620 3135 684 potestatem
3185 611 3414 666 haberet
3455 610 3690 680 ponendi
3742 610 3863 664 ani-

2257 722 2404 766 mam
2428 722 2602 771 suam,
2635 715 2690 763 et
2721 706 3068 773 resutncndi;
3103 717 3282 762 tamen
3313 719 3560 774 semper,
3589 719 3688 774 per
3711 718 3868 760 revo-

2261 801 2491 856 rcntiatn
2539 799 2674 865 ﬁlii,
2709 797 2972 854 honorem
2997 806 3235 868 patorum
3268 797 3350 868 (ά)
3375 795 3642 867 majestati
3678 809 3865 852 reser-

2263 895 2427 960 vavit,
2459 909 2583 948 cum
2612 902 2732 947 orat
2763 909 2774 944 :
2809 890 2990 958 Pater,
3021 891 3253 960 clari/ica
3278 907 3358 946 me
3385 889 3566 964 (Joan.
3596 905 3734 957 xvn,
3760 888 3819 962 5)
3846 906 3862 955 ;

2263 1000 2384 1040 cum
2437 986 2732 1056 proclamat
2767 982 2957 1040 :'Deus
2987 1002 3149 1051 meus,
3198 1001 3358 1055 quare
3415 1001 3496 1039 me
3548 985 3868 1054 dereliquisti

2265 1079 2440 1150 (Psal.
2476 1095 2590 1147 xxt,
2615 1079 2714 1150 2)?
2740 1079 2798 1135 ln
2843 1078 2928 1134 his
2959 1078 3105 1135 enim
3139 1094 3244 1133 non
3271 1087 3354 1133 est
3396 1076 3726 1132 inﬁrmitatis
3754 1093 3868 1132 sua:

2266 1175 2536 1234 confessio
2563 1217 2578 1242 ,
2607 1174 2702 1231 sed
2733 1185 2972 1246 paterna:
2997 1174 3209 1230 virtutis
3251 1172 3584 1243 praedicatio.
3620 1171 3870 1228 Liberari

2267 1286 2395 1342 ergo
2434 1252 2500 1325 se
2539 1283 2682 1324 nunc
2726 1269 2976 1324 similiter
3015 1283 3043 1320 a
3073 1267 3524 1337 persequentibus
3554 1275 3708 1334 orat,
3740 1266 3871 1336 quia

2268 1364 2546 1434 confortati
2571 1371 2707 1417 sunt.
2727 1360 3034 1417 Conlortati
3062 1360 3205 1416 enim
3234 1368 3378 1425 sunt,
3405 1374 3526 1414 cum
3551 1359 3871 1429 cruciﬁgere

2267 1455 2506 1522 audent,
2538 1469 2660 1510 cum
2693 1470 2788 1524 per
2809 1467 3029 1508 carnem
3063 1453 3227 1508 Deum
3272 1453 3554 1518 nesciunt,
3611 1467 3734 1507 cum
3775 1466 3870 1506 eos

2266 1549 2429 1621 603
2459 1548 2675 1604 habitus
2701 1544 3025 1604 humilitatis
3047 1557 3104 1603 et
3141 1537 3216 1618 (ε)
3240 1545 3412 1602 forma
3458 1547 3508 1601 in
3553 1561 3618 1602 eo
3654 1544 3871 1602 servilis

2269 1640 2540 1695 hortatur.

571 1744 778 1798 sionem
812 1744 959 1812 regni
997 1743 1234 1800 caelestis
1261 1743 1556 1799 secundum
1587 1742 1949 1812 evangelicam
1980 1739 2165 1808 dispo-
2195 1734 2242 1796 Β
2342 1735 2394 1789 7.
2429 1733 2631 1790 Deinde
2660 1742 2832 1806 rogat,
2860 1741 2918 1789 ut
2944 1733 3124 1789 anima
3149 1747 3244 1789 sua
3273 1732 3536 1789 educatur
3559 1747 3592 1788 e
3618 1748 3867 1789 carcere.

573 1835 822 1889 sitionem
849 1846 1127 1905 separatos
1151 1851 1180 1890 a
1205 1836 1424 1891 sinistra
1445 1834 1523 1907 (a)
1541 1834 1778 1890 dextera:
1803 1832 2163 1904 praeparabat,

567 1928 644 1983 ob
673 1944 807 1998 quos
839 1939 891 1983 et
921 1929 1081 1983 homo
1121 1941 1235 1984 erat
1265 1941 1423 1985 natus
1453 1947 1466 1982 :
1497 1943 1618 1984 cum
1669 1929 1722 1983 in
1772 1939 1848 1983 tot
1901 1926 2167 1998 tantisque

573 2023 750 2077 crucis
780 2023 952 2092 ipsius
1002 2023 1169 2093 signis
1202 2024 1368 2078 Deum
1399 2038 1559 2080 nemo
1585 2024 1840 2094 cognovit
1872 2040 1886 2076 :
1917 2037 2041 2077 cum
2063 2021 2168 2077 fre-

571 2130 802 2188 quenter
830 2127 991 2173 antea
1036 2119 1233 2185 latens,
1267 2135 1324 2173 se
1371 2118 1454 2173 his
1484 2119 1573 2188 qui
1600 2134 1724 2173 eum
1769 2117 2089 2188 quaerebant
2115 2126 2168 2172 et

573 2210 811 2280 prodidit
836 2219 889 2264 et
912 2211 1151 2281 ingessit.
1184 2211 1250 2265 Et
1271 2227 1366 2282 per
1393 2211 1723 2266 oblationem
1748 2219 2060 2280 spontanea:
2081 2225 2170 2264 vo-

573 2303 793 2358 luntatis
827 2303 944 2374 luga
976 2305 1044 2358 ab
1084 2319 1150 2360 eo
1205 2305 1382 2374 periit.
1431 2320 1553 2360 cum
1592 2305 1768 2360 nullus
1817 2304 1892 2376 (ὁ)
1915 2307 2166 2361 virtutem

573 2395 696 2456 vita:
725 2396 861 2464 ejus,
904 2411 1025 2466 qua:
1069 2396 1123 2451 in
1153 2397 1332 2451 anima
1380 2397 1736 2466 signiﬁcatur,
1772 2398 2012 2467 inquirit.
2035 2399 2170 2453 Cor-

575 2503 672 2558 pus
699 2490 842 2545 enim
867 2489 1009 2560 quod
1055 2491 1203 2546 cruci
1247 2489 1531 2546 aiﬁxerant
1561 2501 1905 2558 contuentes,
1933 2499 2170 2562 potesta-

575 2589 681 2636 tem
735 2583 948 2645 animae,
975 2581 1047 2656 (c)
1068 2598 1190 2654 quae
1232 2599 1292 2639 se
1315 2585 1481 2656 signis
1506 2594 1557 2640 et
1590 2584 1742 2640 iactis
1767 2585 1934 2640 Deum
1965 2585 2166 2656 proba-

572 2683 744 2743 verat,
777 2691 935 2732 nemo
959 2676 1260 2747 quaerebat.

644 2769 697 2825 5.
725 2767 1012 2824 Paradisus
1036 2769 1259 2840 quid.—-
1282 2769 1400 2826 lam
1442 2769 1528 2826 illa
1553 2785 1677 2842 quas
1697 2779 2018 2842 sequuntur,
2045 2771 2168 2827 licet

573 2865 877 2918 communia
923 2863 1204 2918 videantur
1227 2878 1352 2920 esse
1377 2880 1499 2919 cum
1544 2864 1776 2928 caeteris,
1802 2873 1982 2920 tamen
2006 2867 2168 2920 etiam

575 2969 671 3023 per
700 2969 822 3010 eum
879 2964 1120 3022 tempore
1172 2958 1441 3026 passionis
1488 2959 1669 3012 omnia
1727 2957 1868 3012 dicta
1908 2967 2168 3029 gestaque

573 3056 716 3103 sunt.
761 3048 992 3104 Ctamaui
1029 3050 1097 3104 ad
1142 3059 1209 3113 te,
1236 3051 1470 3118 Domine,
1510 3052 1656 3107 dixi:
1685 3051 1764 3107 Tu
1813 3068 1866 3108 es
1887 3067 2002 3122 spes
2023 3039 2164 3120 mea,

2270 1829 2326 1887 Si
2357 1829 2410 1884 in
2441 1844 2659 1886 carcere
2687 1829 2877 1899 positis
2903 1871 2918 1896 ,
2957 1830 3116 1884 etiam
3163 1840 3289 1882 ante
3313 1827 3426 1883 Noe
3468 1838 3712 1898 tempora
3737 1869 3752 1892 ,
3787 1826 3871 1898 (f)

2267 1925 2727 1981 resurrectionem
2771 1923 3067 1980 secundum
3098 1923 3310 1978 beatum
3339 1920 3558 1978 Petrum
3607 1921 3876 1976 Dominus

2269 2019 2582 2090 prasdicavit
2622 2017 2663 2091 (Ι
2699 2017 2812 2073 Pet.
2841 2033 2936 2086 ιιι,
2966 2016 3056 2084 19,
3103 2017 3239 2090 20);
3265 2031 3448 2072 carcer
3467 2025 3548 2071 est
3597 2014 3757 2070 inferi
3784 2055 3797 2077 ,
3842 2029 3876 2068 a

2269 2126 2378 2182 quo
2405 2126 2467 2167 se
2495 2110 2650 2166 educi
2677 2121 2865 2182 rogat,
2897 2119 2955 2166 ut
2983 2120 3038 2166 et
3067 2110 3122 2165 in
3163 2111 3338 2165 altero
3367 2110 3583 2179 psalmo
3607 2116 3725 2164 erat
3749 2123 3880 2177 pre~

2267 2212 2424 2258 catus
2466 2221 2478 2258 :
2511 2201 2634 2256 Non
2664 2202 2926 2257 contineat
2963 2219 3118 2274 super
3145 2219 3226 2257 me
3252 2213 3435 2272 puteus
3474 2219 3531 2257 os
3559 2217 3706 2256 suum
3735 2198 3874 2272 (Ps.

2270 2311 2457 2361 vattt,
2492 2296 2605 2367 16).
2639 2296 2825 2351 Oratio
2867 2295 3046 2351 omnis
3096 2296 3195 2350 ista
3241 2295 3309 2350 ad
3339 2295 3738 2350 confessionem
3765 2333 3783 2360 ,
3817 2303 3883 2346 ut

2268 2390 2545 2454 diximus,
2594 2390 2807 2444 virtutis
2835 2398 3072 2460 paternte
3111 2398 3217 2445 est.
3263 2388 3370 2446 Sed
3401 2389 3598 2458 adjecit
3641 2397 3699 2442 et
3747 2403 3882 2442 cau-

2271 2500 2386 2540 sam
2414 2524 2428 2549 ,
2460 2498 2558 2539 cur
2602 2498 2726 2540 sese
2753 2482 2822 2538 de
2850 2499 3074 2540 carcere
3101 2492 3224 2539 oret
3249 2483 3405 2539 educi
3451 2499 3463 2535 :
3493 2482 3574 2536 Ad
3618 2483 3880 2552 conﬁten-

2271 2583 2418 2648 dum,
2450 2582 2646 2652 inquit,
2676 2581 2873 2636 nomini
2901 2590 3007 2636 tuo.
3036 2578 3383 2636 Resurrectio
3409 2579 3526 2650 ejus
3551 2588 3792 2650 paterna:
3820 2579 3881 2633 in

2271 2692 2331 2732 se
2354 2676 2565 2732 virtutis
2595 2675 2910 2747 praedicatio
2938 2683 3022 2732 est
3046 2691 3060 2742 ;
3090 2674 3217 2747 quia
3251 2684 3491 2746 potestas
3517 2674 3569 2729 ei
3599 2675 3782 2744 omnis
3804 2690 3877 2729 ex

2273 2770 2433 2826 Patre
2461 2779 2564 2825 est.
3066 2819 3074 2830 ,

2344 2863 2398 2918 8.
2438 2861 2599 2916 Fides
2641 2860 3007 2930 Apostolorum
3047 2870 3170 2916 ante
3208 2860 3636 2916 renuntiassent
3679 2856 3885 2914 Christi

2273 2961 2482 3019 nutans,
2514 2964 2625 3023 post
2653 2955 2858 3022 ﬁrmata
2879 2953 3160 3011 est.—Sed
3186 2952 3262 3025 (g)
3283 2968 3378 3023 per
3392 2967 3529 3024 quos
3551 2949 3626 3006 sit
3650 2951 3752 3007 Dei
3773 2967 3885 3007 no-

2276 3046 2410 3101 mini
2449 3045 2855 3114 conﬁtendum,
2903 3047 3137 3118 subjecit
3179 3047 3371 3104 dicens
3401 3064 3416 3101 :
3449 3045 3538 3100 Me
3578 3055 3891 3114 exspectant

574 3141 740 3210 portio
782 3157 892 3196 mea
931 3143 984 3195 in
1027 3151 1161 3197 terra
1189 3145 1483 3198 viventium.
1513 3144 1766 3201 Clamans
1798 3119 1974 3200 dixit:
2002 3143 2085 3198 Tu
2115 3119 2168 3200 es
2194 3119 2241 3184 Ο
2266 3141 2431 3213 justi,
2460 3143 2619 3196 donec
2648 3139 2900 3196 retribuas
2928 3141 3076 3195 mihi.
3110 3141 3361 3197 Omnium
3391 3139 3770 3210 apostolorum
3812 3140 3888 3193 ﬁ-

570 3249 687 3302 spes
732 3248 867 3299 mea,
895 3247 1016 3288 cum
1047 3233 1122 3288 ait
1151 3251 1164 3286 :
1198 3233 1377 3301 Pater,
1399 3237 1697 3292 commendo
1742 3240 1796 3292 in
1835 3255 2016 3293 manus
2051 3247 2169 3292 tuas

569 3325 809 3394 spiritum
851 3343 1018 3380 meum
1047 3325 1227 3396 (Lua,
1274 3343 1428 3391 xxut,
1455 3327 1570 3399 46).
1613 3329 1746 3384 Pars
1774 3329 1892 3399 ejus
1943 3331 1996 3384 in
2025 3339 2164 3385 terra

569 3418 862 3473 viventium
883 3427 986 3484 est,
1013 3433 1134 3474 cum
1190 3419 1384 3474 latroni
1414 3420 1502 3475 die
1527 3419 1718 3476 eodem
1748 3422 2035 3476 incolatutn
2066 3437 2161 3493 pa-

568 3513 732 3569 radisi
763 3513 1026 3584 promittit
1054 3513 1228 3587 (ibid,
1251 3513 1368 3586 45),
1418 3513 1470 3570 id
1497 3523 1600 3582 est,
1628 3523 1831 3571 sortem
1857 3525 1912 3571 et
1941 3530 2164 3586 regnum

568 3605 902 3662 haereditatis
919 3621 1029 3661 sum
1057 3625 1068 3660 :
1102 3617 1160 3661 ut
1191 3607 1319 3664 licet
1345 3607 1410 3663 ad
1428 3607 1628 3664 inferos
1647 3607 1841 3674 adiret,
1868 3617 2049 3664 tamen
2073 3623 2170 3678 per

568 3698 864 3766 spiritalem
893 3697 1176 3770 (divinam)
1212 3708 1534 3769 potestatem
1561 3699 1784 3756 doceret
1829 3714 1888 3756 se
1932 3715 1963 3756 a
2007 3715 2165 3772 para-

569 3789 696 3846 diso
725 3806 833 3844 non
860 3790 1070 3846 abesse.

641 3884 694 3937 6.
728 3880 1175 3938 Resurrectionem
1201 3899 1350 3940 suam
1382 3901 1475 3938 cur
1503 3883 1652 3939 Patri
1678 3886 1865 3940 tribuat
1902 3886 2162 3943 Christus.

565 3974 796 4031 —Redit
809 3975 1006 4032 deinde
1024 3975 1090 4032 ad
1110 3975 1440 4032 adorationis
1453 3991 1566 4032 sua:
1590 3979 1932 4046 modestiam,
1952 3981 2162 4048 dicens,

568 4068 734 4125 Vens.
762 4069 832 4125 7:
865 4068 1085 4126 Intende
1123 4071 1406 4126 orationem
1454 4087 1617 4125 meam
1646 4087 1663 4126 :
1692 4072 1814 4138 quia
1853 4073 2160 4128 humiliatus

565 4178 679 4216 sum
702 4161 874 4216 nimis.
905 4161 1231 4218 Humiliatus
1251 4172 1337 4219 est
1365 4162 1542 4228 enim,
1584 4163 1812 4219 formam
1838 4165 1978 4219 servi
2011 4167 2158 4220 acci-

567 4252 744 4325 piens,
773 4263 828 4311 et
848 4254 1108 4313 obediens
1136 4255 1306 4313 lactus
1338 4271 1507 4328 usque
1536 4256 1604 4312 ad
1633 4266 1897 4324 mortem,
1921 4266 1976 4314 et
2004 4272 2153 4314 mor-

666 4463 716 4530 a)
747 4463 824 4519 Ita
855 4478 957 4518 ms.
990 4463 1059 4519 At
1095 4463 1245 4529 editi,
1270 4465 1339 4521 ad
1368 4464 1649 4521 dexteram.

667 4535 716 4610 b)
743 4537 839 4610 ills.
864 4536 1130 4610 ueritatem
1157 4537 1292 4590 vita.
1338 4608 1377 4610 ἡ
1568 4609 1571 4610 ν
1608 4609 1611 4610 ν
1676 4608 1687 4610 Α
1957 4577 1962 4584 .

642 4607 714 4680 (c)
739 4607 906 4677 Magis
934 4609 1167 4677 placeret
1185 4623 1304 4678 qua.
1337 4608 1532 4664 Verum
1564 4608 1694 4668 illud
1715 4625 1832 4681 qua
1857 4621 2036 4680 potest
2066 4628 2156 4669 re-

569 4678 701 4734 ferri
721 4682 788 4733 att
818 4687 1136 4752 potestatem,
1166 4681 1248 4752 vel
1277 4682 1454 4751 potius
1482 4681 1546 4735 ad
1577 4678 1808 4738 animam
1829 4678 1995 4752 prout
2025 4683 2162 4740 divi-

568 4752 792 4806 nitatem
819 4749 1138 4820 signilieat:
1172 4749 1415 4822 adeoque
1465 4752 1594 4806 nihil
1633 4753 1719 4807 hic
1745 4749 1850 4807 erit
1878 4753 2165 4810 difﬁculta-

569 4822 742 4895 tis._Si
773 4838 901 4876 vero
942 4823 1008 4876 ad
1058 4823 1290 4895 animum
1341 4823 1553 4895 proprie
1599 4825 1796 4878 dictam
1825 4825 2013 4880 referri
2043 4827 2164 4895 quis

570 4893 744 4961 malit,
772 4902 998 4948 eatenus
1025 4908 1083 4948 se
1108 4893 1300 4968 Deum
1352 4892 1508 4968 factis
1537 4896 1766 4962 probare
1803 4892 2164 4968 intelligenda

571 4973 676 5028 est,
691 4973 956 5031 quatenus
977 4980 1036 5020 se
1057 4964 1122 5019 ad
1148 4965 1312 5026 Deum
1335 4967 1608 5034 pertinere
1624 4966 1894 5031 ostendat,
1919 4964 2014 5022 cui
2032 4969 2162 5022 sub-

570 5035 894 5090 stantialiter
935 5045 988 5090 et
1031 5036 1083 5090 in
1129 5039 1386 5092 unitatem
1420 5052 1662 5104 persona:
1694 5037 1939 5105 c0pulata
1969 5043 2057 5092 sit.
2093 5038 2163 5096 Ut

571 5105 714 5178 enim
749 5105 977 5161 Verbum
995 5122 1141 5171 caro,
1172 5109 1306 5178 quia
1325 5121 1541 5163 carnem
1571 5109 1807 5178 suscepit
1838 5125 1852 5174 ;
1883 5110 1954 5164 ita
1982 5112 2161 5164 anima

571 5173 715 5230 Deus
747 5179 1084 5249 praedicatur,
1119 5173 1242 5248 quia
1297 5177 1412 5249 ipsa
1456 5193 1578 5234 cum
1619 5173 1782 5235 carne
1827 5173 1858 5232 a
1889 5181 1997 5236 Deo
2040 5196 2160 5236 sus-

569 5248 1270 5337 ceptancstzutiummautem
1303 5248 1559 5337 plerique
1583 5250 1953 5337 Patrem-gnos
1972 5268 2162 5337 recenf

570 5328 653 5391 get
684 5317 994 5391 Petavius,
1038 5320 1130 5375 lib.
1173 5338 1254 5388 tv,
1285 5317 1352 5376 de
1401 5317 1637 5385 Incarn.,
1671 5338 1720 5376 c.
1782 5317 1869 5391 13,
1926 5323 2164 5378 sentiant

572 5386 806 5444 Verbum
861 5390 1063 5460 absque
1115 5386 1248 5446 ullo'
1276 5391 1454 5446 medio
1507 5409 1628 5448 eum
1657 5386 1865 5460 anima,
1906 5393 1996 5448 illa
2025 5410 2156 5448 vero

573 5467 776 5516 tantum
802 5462 1078 5536 mediante
1114 5477 1236 5536 cum
1268 5478 1511 5536 corpore
1535 5465 1850 5529 adunatum,
1882 5467 1996 5536 ipsa
2024 5481 2158 5536 quo-

570 5545 676 5598 que
707 5532 1042 5614 polisSilllum
1097 5532 1310 5614 virtutis
1337 5533 1532 5590 divinae
1570 5537 1720 5606 signa
1755 5551 1864 5606 pra:
1903 5532 1974 5592 ’δε
2015 5532 2160 5594 ferre

569 5618 678 5658 non
708 5612 976 5658 immerito
995 5612 1298 5659 censeatur.

645 5673 725 5746 (ά)
756 5675 1261 5749 Editj_,maiesta_t_is.
1287 5674 1618 5749 Calydonius
1643 5693 1746 5734 ms.
1775 5677 2048 5749 maqutati.
2079 5674 2156 5736 Ita

574 5744 826 5802 observat
867 5746 1101 5806 Hilarius
1149 5745 1242 5804 lib.
1275 5761 1328 5808 lx
1373 5745 1442 5805 de
1467 5746 1617 5806 Trin.
1648 5765 1704 5806 ιι.
1735 5749 1805 5808 ιιι
1826 5744 2156 5816 {Christum

2275 3234 2374 3290 des
2413 3250 2586 3305 usque
2615 3233 2682 3289 ad
2729 3234 3149 3291 resurrectionis
3206 3243 3418 3303 tempus
3471 3232 3573 3290 fuit
3611 3231 3827 3302 trepida
3867 3249 3885 3286 :

2273 3345 2435 3399 quam
2469 3331 2521 3384 in
2555 3328 2784 3384 Domino
2811 3338 3154 3396 contuentes,
3187 3327 3610 3398 exspectationis
3638 3341 3754 3381 sua
3783 3341 3886 3380 se-

2271 3424 2502 3479 curitate
2524 3423 2721 3478 ﬁrmati
2752 3432 2897 3478 sunt.
2928 3423 2994 3478 Et
3016 3421 3146 3478 hinc
3175 3421 3308 3477 illud
3333 3430 3419 3477 est
3444 3437 3475 3476 a
3506 3420 3739 3476 Domino
3766 3419 3892 3475 dic-

2273 3524 2387 3570 tum
2437 3533 2450 3568 :
2485 3514 2670 3570 Tristis
2692 3525 2768 3570 est
2795 3516 2968 3570 anima
2991 3532 3103 3571 mea
3126 3531 3285 3586 usque
3316 3515 3384 3568 ad
3410 3524 3625 3569 mortem
3655 3512 3886 3584 (Matth.

2280 3625 2404 3664 xxvr
2430 3650 2445 3675 ,
2495 3609 2610 3680 58).
2657 3608 2776 3665 Non
2819 3609 2964 3665 enim
3005 3611 3117 3676 ait,
3154 3616 3374 3680 propter
3421 3617 3654 3663 mortem
3705 3608 3890 3678 :quia

2277 3702 2401 3758 licet
2427 3717 2488 3758 se
2515 3701 2935 3773 passiam-daret
2959 3744 2973 3770 ,
2998 3718 3107 3758 non
3131 3711 3313 3759 tamen
3334 3701 3520 3756 Virtus
3545 3709 3760 3755 aeterna
3785 3699 3893 3754 do-

2273 3795 2445 3851 lorem
2497 3794 2762 3866 passionis
2792 3797 3087 3866 exciperet.
3149 3795 3255 3850 Sed
3309 3796 3433 3865 quia
3487 3791 3892 3864 Apostolorum

2273 3897 2451 3946 metus
2481 3905 2577 3960 per
2605 3888 2966 3946 humilitatem
2999 3889 3268 3960 passionis
3289 3898 3515 3944 exortus
3542 3885 3704 3956 (adeo
3735 3897 3802 3940 ut
3827 3894 3886 3941 et

2273 3983 2428 4038 ﬁrma
2459 3983 2960 4053 supermdiﬁcandas
3008 3983 3062 4038 in
3106 3998 3169 4040 ea
3218 3981 3479 4038 Ecclesiae
3519 3990 3670 4051 petra
3711 3980 3894 4050 trepi—

2267 4077 2500 4148 daret),
2532 4085 2650 4148 post
2703 4086 2934 4134 mortem
2978 4085 3037 4134 et
3063 4077 3515 4132 resurrectionem
3560 4073 3784 4128 Domini
3830 4074 3890 4128 in

2269 4169 2459 4225 eadem
2532 4170 2896 4241 trepidatione
2935 4186 3060 4227 esse
3103 4170 3421 4234 desineret;
3453 4167 3662 4224 idcirco
3706 4183 3893 4237 usque

2269 4263 2337 4319 ad
2368 4272 2597 4320 mortem
2648 4264 2822 4320 tristis
2877 4275 2998 4332 est,
3050 4272 3332 4336 postquam
3374 4259 3702 4333 trepidantis
3751 4258 3890 4316 ﬁdei

2183 4469 2236 4530 D
2262 4467 2442 4524 Patris
2468 4467 2723 4523 mandato
2743 4467 2937 4523 anima:
2964 4465 3307 4523 resumendae
3339 4466 3589 4520 iirtutem
3618 4461 3850 4518 deferre
3867 4505 3884 4529 ,

2268 4549 2324 4596 et
2346 4541 2439 4596 lib.
2471 4557 2526 4596 ιι
2555 4540 2624 4595 de
2650 4539 2828 4604 Trin.,
2860 4555 2916 4595 η.
2948 4539 3046 4605 10,
3079 4540 3216 4594 sicut
3255 4548 3311 4591 et
3339 4538 3390 4591 in
3413 4536 3559 4590 Psal.
3586 4549 3844 4590 oxxxvm
3872 4575 3891 4597 .

2270 4629 2325 4666 ιι.
2367 4612 2451 4677 10,
2479 4611 2730 4668 eumdem
2762 4611 3060 4682 praedicare
3083 4626 3142 4664 se
3170 4626 3277 4682 non
3310 4622 3485 4674 suam,
3515 4607 3609 4682 sed
3638 4607 3762 4675 ejus
3784 4605 3887 4682 qui

2271 4700 2331 4739 se
2357 4683 2541 4748 misit;
2578 4677 2906 4740 voluntatem
2936 4683 3154 4738 venisse
3198 4679 3372 4735 facere
3397 4723 3412 4748 ,
3439 4693 3503 4733 ac
3531 4679 3751 4732 detnum
3785 4677 3889 4731 lib.

2273 4754 2339 4809 de
2367 4755 2574 4824 Synod.
2601 4770 2655 4806 η.
2686 4754 2778 4818 St,
2807 4763 2861 4808 et
2893 4752 3115 4824 inpsal.
3148 4764 3383 4824 cxsme
3405 4792 3419 4816 ,
3452 4766 3504 4803 ιι.
3544 4748 3742 4824 εθηξθ
3771 4764 3895 4824 non

2275 4818 2434 4896 posse
2463 4825 2532 4878 ab
2558 4838 2618 4879 se
2641 4824 2818 4879 facere
2849 4818 3170 4894 quidquam;
3210 4823 3325 4874 haec
3355 4836 3519 4892 porro
3545 4831 3598 4896 et
3627 4818 3730 4872 alia
3770 4818 3890 4872 ltu—

2274 4891 2510 4967 jusmodi
2540 4911 2662 4951 eum
2691 4896 2836 4965 loqui
2857 4891 2881 4959 ,⁷
2900 4891 3011 4967 non
3043 4903 3248 4967 tantum
3278 4891 3548 4967 quatenus
3575 4891 3742 4967 homo
3765 4903 3890 4967 est,

2272 4962 2365 5024 sed
2394 4967 2557 5041 etiam
2583 4962 3037 5041 quatet’tusJDeus
3083 4964 3389 5041 unigenitus
3420 4973 3503 5017 est
3525 5004 3541 5028 ,
3561 4962 3662 5041 _qui
3690 4962 3894 5041 vetbis

2272 5034 2628 5094 reverentiam
2662 5037 2978 5094 sonantibus
3008 5035 3080 5090 ita
3111 5034 3198 5090 se'
3219 5034 3362 5089 Patri
3399 5035 3665 5101 aequalem
3699 5034 3892 5101 signi-

2272 5110 2426 5175 ﬁcat,
2457 5120 2514 5163 ut
2545 5109 2613 5162 ab
2654 5124 2719 5163 eo
2741 5124 2800 5164 se
2829 5121 3010 5162 natum
3050 5105 3212 5162 simul
3257 5105 3519 5160 declaret.
3560 5105 3629 5158 Et
3659 5103 3893 5159 ratione

2269 5184 2431 5236 etiam
2463 5181 2623 5235 verba
2648 5180 2758 5248 illa,
2792 5177 2950 5234 Pater
2976 5179 3149 5248 maior
3176 5192 3256 5231 me
3286 5186 3382 5242 αι,
3412 5177 3480 5232 ad
3503 5175 3788 5231 Christum
3821 5184 3886 5230 ut

2274 5253 2415 5308 Deus
2441 5261 2523 5306 est
2548 5249 2749 5307 referre
2783 5269 2888 5305 non
2915 5247 3128 5306 dubitat
3170 5249 3222 5302 in
3262 5264 3360 5318 ps.-
3377 5262 3664 5318 cxxxvtn,
3692 5263 3751 5300 ιι.
3785 5249 3885 5311 17,

2271 5321 2422 5449 Aliasi
2461 5321 2768 5392 hujttsmodi
2821 5322 3121 5378 locutiones
3165 5317 3366 5375 \‘idesis
3413 5319 3507 5374 lib.
3541 5317 3610 5373 de
3636 5317 3887 5389 Synod.,

2271 5411 2325 5448 ιι.
2435 5431 2450 5446 .

2269 5411 2325 5448 ιι.
2358 5396 2450 5448 51.

2343 5464 2413 5537 (θ)
2443 5463 2501 5521 In
2554 5463 2824 5535 vulgatis,
2880 5465 3083 5534 forare.
3141 5461 3310 5533 Magis
3359 5461 3538 5532 placet
3584 5473 3711 5518 omn
3763 5475 3882 5516 ms.

2289 5553 2455 5591 arma.

2268 5537 2502 5679 Ῑοιῧῗίη
2526 5606 2667 5668 Psal.
2699 5620 2859 5662 cxvnt
2881 5647 2908 5679 ,
2929 5621 3078 5679 num.
3099 5605 3159 5679 ξ’),
3189 5603 3419 5674 legimus
3440 5603 3889 5671 exhortationem,

2268 5675 2374 5734 non
2399 5675 2840 5734 resurrectionem.
2871 5675 3069 5734 Confer
3098 5676 3302 5730 locum.

2344 5748 2421 5824 (θ)
2452 5749 2683 5817 Excusi,
2713 5765 2802 5820 per
2829 5750 2966 5820 quod
3006 5765 3024 5803 :
3051 5745 3384 5819 castigantur
3408 5763 3474 5804 ex
3503 5761 3609 5804 ms.
