4134 6184
311 251 420 315 837

1416 247 1830 312 TDACTATUS
1869 251 1933 309 IN
1975 247 2154 318 CXLII
2196 252 2546 318 PSALHUM.

3503 263 3607 322 858

309 378 496 426 essent
525 368 816 424 securitate
849 368 1123 424 ﬁrmandi.
1180 367 1512 437 Exspectant
1551 383 1681 438 ergo
1733 368 1863 437 justi
1891 408 1906 434 ,
1936 373 1989 432 Α
2013 371 2208 440 quibus
2227 373 2363 444 legis
2389 388 2453 430 ac
2481 375 2868 444 prophetarum
2897 377 3122 434 scientia
3153 378 3290 433 ultra
3323 382 3607 447 praescrip-

307 462 482 517 donec
511 463 613 515 sibi
645 461 975 516 retribuatur
1005 477 1034 514 a
1075 461 1206 514 Deo.
1250 459 1319 514 Et
1349 459 1478 530 quid
1517 462 1565 514 ei
1609 475 1638 513 a
1684 461 1792 514 Deo
1818 475 1906 514 re-

312 552 621 616 tribuatur,
680 551 971 622 Apostolus
1016 551 1236 617 docuit,
1267 552 1452 606 dicens
1497 568 1510 603 :
1547 549 1767 622 Propter
1814 551 1908 604 hoc

310 646 552 699 exultauit
583 661 698 698 eum
727 643 890 710 Deus,
917 655 965 700 et
994 645 1203 700 dona-uit
1222 647 1266 699 ei
1293 660 1480 700 nomen
1500 645 1635 714 quod
1662 655 1734 698 est
1757 661 1910 714 super

312 753 461 791 omne
511 753 698 791 nomen
726 752 744 790 :
773 748 827 791 ut
850 738 906 792 in
927 739 1132 792 nomine
1155 735 1282 792 Iesu
1307 753 1454 791 omne
1475 754 1607 808 genu.
1631 738 1869 806 ﬂectatur
1893 777 1909 801 ,

312 829 590 884 cmlcstium
611 871 626 896 ,
657 830 975 886 terrestrium
1001 840 1047 883 et
1069 831 1390 901 infensorum
1410 871 1425 894 ,
1455 837 1502 882 et
1524 831 1690 882 omnis
1731 829 1912 899 lingua

312 925 644 994 conﬁteatur,
673 924 794 994 quia
825 922 1080 977 Dominus
1115 923 1268 978 Jesus
1296 925 1348 976 in
1385 923 1553 993 gloria
1583 930 1654 977 est
1684 921 1779 975 Dei
1821 939 1912 990 pa-

313 1020 406 1074 tris
433 1017 656 1091 (Philip.
684 1034 755 1086 ιι,
787 1018 822 1074 9
841 1029 889 1072 et
922 1017 1034 1087 10).
1063 1017 1188 1072 llwc
1213 1018 1262 1072 ei
1288 1033 1316 1070 a
1341 1017 1453 1071 Deo
1480 1015 1763 1070 retributio
1789 1024 1870 1070 est
1895 1032 1908 1070 :

313 1122 374 1168 ut
398 1111 451 1168 ei
476 1113 711 1181 corpori,
745 1108 886 1182 quod
913 1113 1494 1181 assutnpsit,-paterme
1521 1109 1707 1181 gioriue
1743 1110 1912 1165 done-
1939 1109 1960 1128 ⁸

315 1216 403 1262 tur
428 1204 725 1260 aeternitas.
754 1203 886 1271 Quae
929 1213 1108 1258 autem
1141 1202 1211 1257 sit
1238 1203 1509 1273 justorum
1541 1203 1911 1272 exspematio,

313 1297 461 1354 idem
489 1296 781 1366 Apostolus
805 1295 986 1361 docet,
1015 1295 1204 1350 dicens
1236 1313 1249 1349 :
1283 1295 1480 1351 Nostra
1503 1305 1672 1350 autem
1703 1312 1915 1355 cancer,-

317 1391 457 1444 sat-io
479 1391 534 1444 in
557 1389 694 1444 ctzlis
721 1398 815 1454 est,
850 1389 986 1442 unde
1013 1399 1059 1443 et
1100 1387 1176 1461 (a)
1205 1388 1528 1444 Salvatorem
1559 1401 1793 1444 nostrum
1825 1406 1916 1444 ea:-

317 1495 605 1553 speetamus
639 1481 822 1537 Iesum
863 1481 1122 1536 Christum
1149 1525 1163 1549 ,
1193 1484 1279 1554 qui
1307 1483 1690 1551 transformabit
1726 1499 1914 1553 corpus

317 1577 625 1631 Itumilitatis
663 1588 882 1640 nostm,
929 1580 1305 1646 conformatum
1343 1577 1548 1646 corpori
1587 1577 1766 1646 gtort‘a:
1807 1591 1916 1630 sua:

319 1667 498 1740 (Phil.
552 1685 643 1732 tu,
674 1668 746 1723 20
773 1681 820 1724 et
868 1669 984 1741 ‘21).
1018 1669 1352 1740 Exspectant
1391 1685 1524 1739 ergo
1577 1685 1699 1724 eum
1749 1669 1912 1739 justi,

2015 474 2124 518 tum
2183 473 2238 519 et
2287 465 2688 535 ambiguitatem
2735 468 2925 522 litterae
2982 469 3109 532 luit,
3155 469 3458 524 addendum
3508 470 3611 525 hoc

2015 557 2221 626 psalmo
2252 555 2628 626 iudicaverunt
2659 557 2678 631 (
2715 558 2776 612 V.
2813 560 2986 613 Tract.
3020 560 3169 614 Psal.
3206 577 3274 628 ιι,
3309 579 3360 614 η.
3393 562 3426 614 2
3455 571 3500 616 et
3530 560 3608 632 5).

2013 644 2241 701 Causam
2288 663 2415 703 vero
2440 648 2624 718 judicii
2678 651 2832 705 istius
2887 651 2943 705 in
2999 653 3223 707 exordio
3280 653 3610 723 psalmorum

2015 739 2210 808 (Prwf.
2243 757 2298 794 n.
2342 739 2398 812 5)
2429 741 2713 796 docuimus
2738 783 2751 807 ,
2789 759 2883 812 per
2913 760 3073 814 quam
3113 745 3247 799 nihil
3297 744 3350 799 in
3391 746 3614 817 psalmis

2015 833 2120 886 nisi
2143 832 2514 902 propheticum
2538 837 2922 905 cognoscimus
2939 848 3194 908 oportere
3216 840 3458 893 tractari.
3479 839 3611 894 Cum

2017 925 2159 978 enim
2187 939 2284 979 nec
2310 926 2478 994 gestis
2507 942 2710 992 sermo,
2741 944 2841 983 nec
2871 931 3203 1000 temporibus
3235 932 3311 1004 (c)
3337 933 3472 987 ordo
3493 948 3615 1005 con-

2020 1013 2200 1068 veniat
2223 1031 2238 1080 ;
2271 1015 2538 1085 reliquum
2563 1026 2670 1082 est,
2700 1017 2752 1072 in
2785 1021 3095 1088 exemplum
3123 1036 3188 1076 ac
3214 1021 3493 1077 scientiam
3519 1039 3611 1094 ge-

2015 1106 2308 1162 rendorum
2333 1149 2346 1174 ,
2377 1117 2431 1163 et
2457 1121 2606 1180 gesta
2635 1112 2816 1165 omnia
2851 1112 2904 1165 in
2939 1111 3126 1176 David,
3153 1121 3209 1167 et
3253 1114 3320 1166 ab
3349 1113 3431 1168 his
3463 1115 3618 1188 intel-

2019 1199 2156 1255 lecta
2185 1215 2309 1255 esse
2336 1201 2654 1260 doceamur.
2717 1203 2979 1272 Apposita
3032 1220 3162 1274 ergo
3215 1220 3358 1260 nunc
3414 1207 3619 1276 psalmo

2013 1294 2408 1363 super-scriptio
2437 1305 2552 1358 est,
2587 1311 2704 1365 qua:
2738 1313 2842 1349 non
2890 1305 3066 1352 exstat
3094 1299 3145 1350 in
3196 1297 3332 1352 libro
3364 1317 3378 1353 :
3415 1307 3472 1352 ut
3522 1299 3614 1354 ubi

2019 1395 2194 1441 exstat
2219 1387 2302 1460 (id
2329 1397 2414 1443 est
2435 1430 2448 1454 ,
2473 1389 2613 1443 sicut
2651 1391 2703 1444 in
2735 1390 2940 1459 psalmo
2966 1392 3157 1456 tertio,
3189 1392 3240 1446 in
3271 1408 3378 1463 quo
3408 1409 3435 1446 a
3469 1393 3608 1450 l‘arie

2017 1480 2134 1550 ejus
2164 1481 2255 1551 qui
2281 1497 2424 1537 nunc
2461 1484 2712 1552 persequi
2750 1485 3004 1539 scribitur
3033 1485 3260 1556 ingerit)
3281 1528 3295 1552 ,
3339 1486 3406 1541 ad
3434 1488 3617 1542 scien-

2017 1573 2147 1626 tiam
2181 1574 2511 1642 prophetica:
2540 1576 2915 1647 intelligentia
2936 1592 3277 1634 vocaremur.

2087 1665 2250 1738 605
2287 1668 2341 1720 2.
2387 1667 2532 1734 Quis,
2565 1686 2666 1740 quo
2695 1671 2897 1724 nomine
2924 1672 2975 1724 in
3023 1681 3126 1725 toto
3172 1673 3266 1726 hoc
3307 1672 3507 1742 psalmo
3537 1673 3616 1728 lo-

316 1763 447 1817 dum
474 1763 813 1817 retribuatur
843 1763 919 1817 illi
946 1780 960 1816 :
999 1764 1206 1818 seiticet
1226 1772 1284 1816 ut
1309 1762 1616 1818 conformes
1643 1764 1776 1817 ﬁant
1799 1763 1914 1834 glo—
1945 1767 1991 1827 B
2018 1768 2226 1828 qualus.
2265 1789 2338 1802 -—
2373 1760 2668 1830 Prophetat
2707 1777 2836 1832 ergo
2871 1779 3018 1819 nunc
3051 1764 3217 1820 David
3271 1765 3617 1835 passionibus

317 1856 416 1909 ria:
445 1856 692 1924 corporis
733 1856 850 1924 ejus
874 1895 889 1922 ,
922 1857 1011 1926 qui
1043 1864 1125 1911 est
1152 1855 1468 1911 benedictus
1499 1857 1551 1910 in
1583 1855 1779 1912 saecula
1809 1871 1910 1910 sa:-

314 1947 584 2003 culorum.
618 1946 814 2002 Amen.

817 2037 1133 2096 PSALMUS
1171 2039 1379 2095 CXLII.

350 2131 524 2202 Ipsius
551 2131 741 2198 David,
765 2132 969 2204 quando
998 2133 1393 2203 persequebatur
1427 2150 1543 2188 eum
1565 2133 1865 2189 Abessalon.

382 2222 606 2280 Domine
635 2224 822 2296 (Infra,
856 2223 1040 2294 Deus),
1074 2226 1260 2280 exaudi
1283 2226 1560 2280 orationem
1582 2243 1776 2294 meum,
1807 2243 1904 2280 au-

309 2316 453 2370 ribus
512 2301 714 2387 percipe
763 2317 1162 2370 obsecrationem
1219 2333 1389 2371 meam
1422 2333 1441 2370 .'
1465 2317 1521 2370 in
1567 2317 1778 2372 ueritate
1819 2325 1910 2372 tua

307 2409 498 2462 exaudi
515 2424 615 2474 me,
639 2410 692 2462 in
711 2419 802 2462 tua
819 2406 1226 2480 justitiamﬁ.
1241 2407 1311 2462 Et
1333 2425 1436 2462 non
1457 2410 1614 2464 intres
1636 2411 1687 2463 in
1703 2409 1908 2478 judicia

310 2501 640 2575 (judicium)
668 2519 784 2558 cum
817 2519 963 2558 servo
1004 2513 1090 2556 tuo
1129 2519 1148 2557 :
1171 2504 1290 2572 quia
1326 2519 1426 2556 non
1452 2503 1823 2575 justiﬁcabitur
1857 2506 1908 2558 in

309 2606 581 2666 conspectu
608 2607 693 2651 tuo
715 2596 879 2650 omnis
893 2596 1082 2650 vivens.
1102 2595 1237 2661 Quia
1263 2607 1556 2665 persecutus
1577 2607 1648 2650 est
1673 2597 1909 2654 inimicus

307 2691 533 2744 animum
552 2705 734 2756 uncam,
755 2690 1043 2743 humiliacit
1057 2692 1258 2744 interra
1269 2690 1624 2756 uitammoa-m,
1644 2691 1909 2746 collocavit

309 2783 453 2835 meiu
465 2781 714 2848 obscuris,
730 2782 862 2835 sicut
883 2790 1106 2835 mortuos
1121 2782 1316 2836 seculi.
1338 2781 1404 2835 Et
1419 2765 1658 2837 anxiatus
1671 2793 1744 2836 est
1756 2799 1908 2853 super

308 2891 389 2928 me
406 2875 775 2947 spiritusrneus
803 2891 822 2928 :
846 2876 900 2929 in
919 2892 998 2928 me
1021 2875 1280 2930 turbatum
1306 2886 1378 2930 est
1397 2892 1483 2930 cor
1500 2893 1687 2932 meum.
1710 2875 1910 2931 Memor

301 2965 388 3036 fui
403 2966 594 3021 dierum
609 2968 960 3038 antiquorum,
983 2965 1272 3038 (omittitur
1289 2965 1358 3039 et)
1377 2976 1421 3021 et
1439 2969 1708 3022 meditatus
1721 2984 1834 3022 sum
1854 2969 1907 3021 in

307 3058 543 3114 euntibus
567 3060 803 3131 operibus
829 3060 928 3113 tuis
951 3075 970 3113 :
997 3059 1049 3112 in
1073 3061 1222 3130 factis
1245 3077 1489 3114 tuauuum
1513 3070 1716 3114 tuarum
1744 3061 1908 3114 medi-

2005 1853 2121 1906 suis
2147 1852 2451 1908 dominicas
2483 1855 2759 1923 passiones
2788 1877 2802 1912 :
2833 1873 2936 1912 non
2961 1857 3031 1912 de
3059 1859 3354 1914 Abessaimt
3379 1875 3618 1930 conque-

2007 1958 2152 2011 rens,
2184 1943 2282 1999 sed
2312 1944 2379 1999 de
2411 1943 2495 2000 his
2520 1949 2609 2016 qui
2637 1948 2937 2004 AbeSSalon
2968 1950 3032 2003 ad
3079 1949 3372 2020 impietatis
3403 1954 3614 2008 crimen

2002 2035 2261 2105 iguirent.
2283 2037 2448 2107 ignita
2468 2039 2610 2093 enim
2629 2041 2925 2096 secundum
2944 2044 2984 2096 A
2996 2044 3264 2112 postulunt
3281 2043 3480 2100 diaboli
3494 2054 3620 2100 sunt

2003 2124 2182 2195 jacula
2211 2127 2372 2198 (Eph.
2408 2145 2478 2196 γι,
2498 2130 2592 2202 46)
2625 2150 2639 2185 :
2673 2148 2794 2202 qua:
2821 2147 2881 2188 se
2908 2135 2959 2187 in
2982 2149 3077 2189 cor
3097 2135 3249 2190 Judae
3271 2145 3328 2190 ut
3363 2138 3617 2194 Dominus

2009 2217 2312 2274 traderetur
2340 2220 2647 2290 iniecerint,
2691 2232 2748 2279 et
2778 2241 2921 2280 nunc
2963 2225 3017 2280 in
3057 2227 3182 2284 liliis
3229 2228 3612 2287 inobedientim

2005 2317 2321 2378 operentur.
2347 2311 2429 2367 Ob
2449 2313 2593 2383 quod
2610 2314 2878 2372 Dominus
2899 2325 3177 2388 assumpta
3200 2319 3409 2389 peccati
3431 2322 3614 2378 carnis

2005 2403 2392 2471 similitudine,
2426 2407 2496 2462 de
2543 2419 2766 2478 peccato
2808 2411 3189 2467 condemnavit
3231 2424 3510 2483 peceatum
3554 2414 3606 2470 in

2005 2512 2193 2554 carne.
2227 2498 2599 2556 Tractabimus
2644 2517 2776 2574 ergo
2803 2505 3071 2574 psalmum
3103 2521 3167 2561 ex
3209 2522 3441 2578 persona
3479 2507 3612 2564 Pw-

2011 2590 2207 2660 phctve,
2259 2591 2612 2664 intelligentia
2643 2609 2703 2651 se
2746 2595 2800 2650 in
2829 2599 3038 2667 peccati
3069 2612 3302 2669 corpore
3349 2601 3608 2670 positum,

2005 2694 2063 2738 et
2088 2686 2230 2740 inter
2257 2687 2454 2744 multas
2488 2699 2542 2743 et
2567 2705 2762 2759 graves
2793 2690 2989 2746 diaboli
3031 2694 3362 2749 tentationes
3389 2709 3483 2764 per
3508 2695 3606 2750 bo-

2011 2777 2208 2832 minem
2251 2777 2486 2850 fatigari.
2515 2778 2651 2836 Nam
2698 2791 2757 2836 ut
2784 2783 3047 2838 Dominus
3078 2786 3376 2856 principem
3419 2782 3604 2843 mundi

2005 2885 2116 2923 non
2138 2869 2403 2940 ignoravit
2423 2873 2548 2928 .htec
2575 2873 2630 2928 in
2660 2889 2720 2929 se
2749 2890 2843 2944 per
2867 2875 3394 2949 Judaeusiudamque
3412 2880 3611 2949 gessis-

2010 2979 2091 3033 se,
2123 2983 2244 3022 cum
2277 2966 2343 3022 ad
2394 2967 2690 3038 Apostolos
2731 2967 2887 3035 dicit,
2920 2967 3058 3024 Ecce
3088 2987 3152 3026 eo;
3193 2971 3331 3025 vobis
3360 2988 3492 3027 unus
3537 2984 3611 3029 est

2011 3069 2220 3114 satanas
2267 3058 2449 3131 (Joan.
2497 3076 2570 3127 vt,
2614 3060 2740 3134 7i);
2777 3071 2919 3118 totus
2945 3063 3090 3118 enim
3124 3063 3226 3120 hoc
3267 3079 3426 3130 esse,
3483 3065 3608 3135 quia

297 3154 454 3217 tuber
481 3152 852 3226 (meditabor).
889 3153 1130 3223 Expandi
1155 3170 1342 3208 manus
1371 3170 1510 3208 sileas
1535 3154 1603 3207 ad
1625 3165 1670 3208 te
1694 3151 1975 3213 :auimaC
2011 3169 2106 3217 per
2153 3169 2277 3208 eum
2313 3154 2653 3211 animabatur
2676 3198 2692 3223 ,
2743 3157 3048 3212 ostenditur
3079 3173 3092 3209 :
3126 3158 3196 3212 ita
3241 3166 3297 3213 et
3343 3159 3510 3214 David
3556 3163 3608 3215 in

307 3263 418 3300 mea
467 3249 600 3301 sicut
650 3256 787 3300 terra
828 3246 939 3301 sine
958 3263 1095 3315 aqua
1121 3247 1231 3301 tibi.
1275 3247 1598 3302 DIAI‘SALIM.
1655 3246 1903 3302 Velociter

293 3341 497 3396 -οωαιάί
523 3356 624 3407 ure,
647 3339 892 3405 Domine,
915 3341 1098 3410 defecit
1121 3340 1335 3405 spiritus
1362 3355 1521 3394 meus.
1559 3337 1681 3392 Non
1706 3350 1904 3394 avertas

293 3433 495 3501 tacitam
523 3440 664 3485 tuam
695 3447 727 3484 a
753 3448 833 3485 me
861 3446 880 3484 .'
908 3441 952 3484 et
979 3429 1166 3484 similis
1197 3446 1282 3483 ero
1309 3429 1725 3484 descendentibus
1745 3430 1800 3484 in
1826 3431 1905 3484 la-

287 3541 439 3580 cum.
471 3524 717 3578 Audit-am
766 3527 849 3595 fac
891 3524 1018 3577 mihi
1062 3540 1209 3578 tuane
1250 3524 1660 3578 misericordiam
1703 3533 1839 3577 tuam
1882 3541 1900 3579 .'

303 3619 426 3688 quia
451 3618 507 3671 in
539 3627 588 3671 te
605 3620 828 3686 speravi,
856 3614 1078 3670 Domine
1107 3616 1283 3686 (abest
1307 3615 1570 3686 Domine).
1601 3615 1793 3671 Notam
1820 3616 1903 3685 [ac

292 3711 435 3766 tntilli
465 3711 603 3764 uiam
629 3712 682 3763 in
712 3726 811 3779 qua
837 3709 1090 3763 ambulent
1117 3725 1136 3762 .·
1157 3709 1276 3779 quia
1305 3710 1373 3762 ad
1411 3718 1460 3762 te
1494 3709 1653 3763 leuari
1678 3709 1902 3762 animam

308 3821 497 3858 meum.
535 3803 692 3874 Eripe
717 3819 800 3858 me
827 3805 889 3858 de
918 3804 1140 3856 inimicis
1162 3804 1306 3866 meis,
1345 3801 1581 3865 Domine,
1616 3801 1684 3854 ad
1715 3811 1759 3854 te
1787 3817 1901 3874 coq-

297 3899 414 3968 -fugi
451 3913 469 3952 :
499 3900 731 3951 doce-mc
767 3901 937 3968 facere
963 3895 1276 3949 voluntatem
1313 3903 1481 3961 luant,
1519 3894 1638 3964 quia
1665 3903 1721 3948 tu
1760 3893 1901 3948 Deus

306 4005 446 4044 meus
476 4006 547 4044 es.
596 3989 824 4060 Spiritus
869 3998 983 4042 tuus
1035 3988 1196 4041 bonus
1241 3986 1452 4046 deducet
1484 4002 1563 4040 nte
1603 3987 1659 4040 in
1711 3995 1900 4040 terram

301 4092 496 4137 rectam
516 4095 723 4153 propter
747 4097 928 4136 nomen
959 4091 1119 4146 tuum,
1145 4077 1386 4135 Domine.
1421 4079 1717 4150 Vivificabis
1741 4097 1819 4135 me
1847 4083 1898 4134 in

297 4177 546 4246 tenuitate
581 4186 698 4230 tua.
748 4173 954 4230 Educes
999 4176 1062 4229 de
1091 4175 1416 4229 tribulatione
1443 4175 1671 4230 animam
1701 4192 1897 4245 meam,

295 4278 353 4326 et
381 4271 436 4324 in
463 4268 818 4323 misericordia
849 4277 938 4321 tua
960 4267 1223 4339 disperdes
1244 4267 1480 4324 inimicos
1503 4283 1663 4321 meos.
1691 4265 1756 4319 Et
1779 4283 1899 4337 per-

303 4363 394 4418 des
422 4379 596 4420 omnes
616 4363 704 4432 qui
725 4361 973 4415 tribulant
1000 4359 1189 4430 (lnl‘ra,
1219 4377 1392 4414 oumes
1417 4361 1651 4415 inimicos
1675 4361 1763 4431 qui
1785 4378 1902 4431 per-

293 4453 624 4527 sequuntur)
663 4455 891 4510 animum
931 4469 1098 4508 meum
1137 4469 1156 4508 :
1194 4434 1436 4523 quoniam
1464 4467 1558 4523 ego
1585 4467 1754 4507 servus
1781 4461 1900 4508 tuus

296 4564 438 4605 Μ’
737 4592 1150 4693 TRACTATUS
1188 4634 1460 4691 PSALMI.

371 4734 439 4788 1.
473 4729 674 4786 Psalmi
701 4732 971 4800 inscriptio
995 4747 1027 4783 a
1055 4728 1200 4784 LXX
1227 4730 1322 4798 fuit
1357 4729 1556 4784 addi-ta.
1592 4757 1664 4770 -—-
1698 4727 1896 4786 Psalmi

305 4827 698 4899 superscriptio
718 4826 861 4880 nulla
885 4840 1008 4880 esse
1037 4822 1338 4879 secundum
1362 4822 1623 4880 Hebraeos
1645 4821 1860 4877 videtur
1883 4838 1896 4878 :

311 4920 363 4976 id
385 4921 526 4976 enim
559 4920 624 4974 ab
654 4919 733 4974 his
775 4920 865 4989 qui
897 4927 1123 4988 utraque
1146 4918 1324 4986 lingua
1355 4915 1555 4970 eruditi
1582 4925 1709 4971 sunt
1736 4916 1899 4971 tradi-

307 5021 416 5072 tur.
451 5013 523 5086 (b)
557 5013 1035 5081 Translatoresque
1063 5009 1243 5064 caeteri
1281 5006 1415 5062 nihil
1448 5008 1668 5062 omnino
1699 5008 1765 5063 de
1814 5023 1902 5062 re-

306 5106 410 5162 bus
433 5105 639 5176 gestis,
689 5103 740 5158 id
769 5111 889 5170 est,
944 5101 1243 5158 Abessalon
1293 5099 1347 5153 in
1401 5099 1567 5154 David
1616 5099 1785 5169 patris
1816 5101 1897 5155 sui

308 5199 662 5256 insectatione
687 5196 1040 5267 scripserunt.
1065 5192 1171 5251 Sed
1194 5192 1247 5247 hi
1265 5191 1604 5261 septuaginta
1625 5192 1892 5260 seniores,

403 5338 455 5403 a)
480 5337 578 5392 Ms.
609 5338 1021 5403 sulviﬁcatorem.

403 5357 434 5392 a
480 5339 578 5392 Ms.
609 5339 1021 5403 sulviﬁcatorem.

382 5339 456 5483 ib;
491 5409 617 5463 had.
669 5401 1546 5483 'l‘ranslatoresque_cwlerique._ln
1593 5403 1714 5483 aliis
1763 5401 1890 5459 edit.

310 5473 665 5537 Translatores
714 5480 996 5548 maiorique.
1035 5473 1222 5532 Verius
1249 5473 1391 5532 mss.
1444 5473 1897 5548 Translatoresque

310 5553 511 5617 cceteri,
547 5553 799 5604 nimirum
827 5545 1090 5620 quotquot
1136 5559 1330 5618 praeter
1355 5545 1703 5620 Septuaginta
1747 5545 1891 5620 psale

309 5625 506 5680 ter-ium
529 5637 595 5678 ex
621 5617 1157 5685 hebrteoVertérunt,
1181 5629 1240 5674 ut
1260 5617 1512 5689 liquetfex
1543 5617 1892 5687 subsequenti

311 5704 564 5760 tractatu,
581 5710 637 5748 n.
674 5695 724 5748 l.
753 5692 846 5750 Sic
865 5703 924 5749 et
951 5690 1418 5751 Theodoretusde
1441 5690 1597 5744 titulo
1627 5691 1850 5760 loquens
1877 5707 1890 5742 :

317 5765 496 5837 Neque
517 5758 657 5836 apud
687 5763 978 5833 Hebreum,
1007 5760 1200 5833 inquit,
1222 5775 1386 5832 neque
1407 5759 1550 5832 apud
1571 5758 1716 5816 alios
1737 5761 1896 5817 inter-

2001 3246 2304 3302 Abeasalon
2335 3261 2452 3312 eos,
2491 3264 2585 3318 per
2614 3264 2750 3319 quos
2779 3248 3084 3305 Abessalon
3113 3259 3197 3306 est
3221 3250 3365 3316 talis,
3399 3250 3606 3308 intelli-

2003 3341 2099 3409 git.
2125 3339 2186 3392 Et
2207 3339 2330 3409 quia
2349 3339 2462 3410 jam
2487 3341 2540 3395 in
2566 3343 2726 3397 tertio
2749 3342 2952 3410 psalmo
2999 3343 3155 3398 latior
3184 3342 3331 3398 hinc‘
3347 3343 3448 3399 fuit
3488 3361 3606 3402 ser-

2003 3432 2258 3506 mo(Nou
2279 3444 2444 3490 eustat
2472 3436 2555 3489 Iu'c
2585 3434 2876 3508 tractatus);
2903 3452 3044 3491 nunc
3065 3436 3258 3506 psalmi
3278 3437 3442 3507 ipsius
3467 3439 3608 3496 dicta

2005 3534 2299 3581 tractemus
2322 3527 2416 3594 ita,
2434 3535 2494 3582 ut
2509 3528 2912 3583 meminerimus
2925 3531 3125 3595 omnia,
3141 3545 3494 3600 qurecutnque
3507 3533 3606 3588 sub

2003 3622 2280 3689 propheta:
2313 3622 2532 3676 nomine
2560 3622 2830 3686 dicentur,
2857 3623 3018 3676 etiam
3066 3623 3132 3677 ad
3177 3640 3464 3693 personam
3501 3627 3606 3682 Do-

2003 3711 2134 3765 mini
2165 3727 2286 3767 esse
2323 3713 2606 3769 referenda
2634 3735 2647 3769 :
2677 3715 2768 3785 qui
2797 3730 2856 3770 se
2884 3731 2948 3769 ex
2993 3714 3166 3771 forma
3193 3717 3286 3773 Dei
3311 3733 3599 3788 evacuans,

2002 3819 2064 3860 ac
2093 3805 2317 3861 formam
2350 3809 2495 3862 servi
2525 3823 2830 3876 assumens,
2859 3809 3131 3866 inﬁrmum
3162 3821 3369 3871 natura:
3403 3823 3603 3871 nostrae

2002 3899 2276 3956 hominem
2307 3901 2469 3957 etiam
2512 3919 2684 3974 usque
2716 3904 2780 3960 ad
2820 3905 3080 3976 ignoratae
3110 3908 3216 3964 diei
3262 3918 3424 3981 atque
3458 3912 3604 3968 horae

2001 4007 2114 4047 sum
2142 3995 2422 4050 scientiam
2451 3998 2521 4052 sit
2545 3997 2842 4068 professus.

2073 4087 2127 4142 5.
2174 4088 2372 4143 Orandi
2395 4092 2698 4161 exemplum.
2726 4091 2864 4146 Deus
2891 4109 2992 4146 non
3018 4100 3093 4146 est
3120 4094 3324 4149 inuidus
3347 4107 3435 4150 aut
3465 4112 3602 4168 pra:-

2003 4179 2166 4234 durus
2177 4182 2605 4250 judex.——V2ns.
2637 4184 2685 4238 i:
2711 4180 2876 4251 Deus,
2903 4185 3090 4239 exaudi
3112 4187 3392 4242 orationem
3413 4206 3598 4258 meum,

2002 4271 2211 4326 auribus
2251 4275 2460 4346 percipe
2503 4277 2904 4331 obsecrationem
2933 4294 3096 4332 meum
3117 4293 3136 4333 :
3168 4279 3222 4334 in
3271 4281 3479 4336 ueritate
3515 4292 3601 4337 tua

2004 4365 2190 4418 exaudi
2214 4381 2314 4434 me,
2362 4367 2416 4421 in
2457 4377 2548 4423 tua
2573 4369 2790 4435 iustitia.
2826 4371 3066 4426 Primum
3097 4375 3398 4429 orationem
3446 4391 3599 4431 suam

2005 4457 2322 4529 deprecatur
2349 4461 2522 4517 audiri
2561 4479 2574 4516 :
2613 4463 2736 4533 quia
2772 4463 2824 4518 id
2852 4463 3171 4519 humilitatis
3217 4465 3466 4522 humana:
3491 4476 3593 4534 est,

1925 4539 1978 4598 Β
2007 4561 2063 4606 ut
2091 4553 2416 4609 audientiam
2451 4556 2544 4610 Dei
2575 4555 2657 4611 his
2683 4573 2801 4628 quae
2829 4566 2951 4613 oret
2979 4566 3217 4629 exoptet.
3243 4561 3324 4632 (ά)
3351 4561 3599 4618 Secundo

2004 4643 2224 4711 deinde,
2255 4646 2549 4701 secundum
2579 4649 2948 4718 propheticam
2991 4650 3293 4718 scientiam,
3340 4663 3396 4707 ut
3427 4654 3478 4708 in
3505 4669 3595 4710 ve-

2005 4738 2165 4793 ritate
2209 4739 2300 4793 Dei
2351 4741 2602 4797 audiatur
2635 4745 2962 4814 eXpostulat.
3011 4745 3127 4802 Non
3175 4757 3258 4802 est
3299 4748 3421 4804 huic
3455 4748 3598 4806 ﬁdeli

2007 4830 2293 4904 viroDeus
2323 4848 2388 4887 ex
2427 4835 2712 4889 elementis
2751 4836 2960 4904 smeuli,
3016 4853 3122 4893 non
3165 4854 3232 4894 ex
3272 4856 3459 4910 regum
3502 4858 3599 4898 no-

2007 4921 2264 4990 minibus,
2300 4938 2405 4979 non
2443 4940 2510 4980 ex
2551 4941 2738 4983 errore
2763 4929 2950 4984 saeculi
2994 4931 3045 4984 in
3086 4931 3252 5000 saxis,
3281 4935 3519 4991 metallis
3546 4944 3602 4992 et

2006 5011 2164 5083 lignis
2190 5031 2202 5068 :
2229 5014 2323 5070 sed
2355 5031 2512 5072 verus
2541 5018 2590 5072 ei
2620 5019 2762 5074 Deus
2799 5030 2902 5088 est,
2933 5028 3189 5088 azternus,
3231 5028 3593 5098 omnipotens,

2006 5114 2062 5161 et
2086 5108 2449 5164 universitatis
2478 5109 2720 5167 elfector.
2750 5111 2929 5168 Tertia
2961 5129 3177 5185 quoque
3203 5120 3492 5186 postulatio
3515 5131 3600 5177 est

2004 5206 2062 5253 ut
2085 5199 2136 5252 in
2155 5197 2362 5270 justitia
2395 5201 2489 5258 Dei
2518 5203 2787 5260 audiatur.
2825 5203 2896 5277 (ε)
2929 5205 3042 5261 Non
3079 5219 3160 5264 est
3182 5213 3482 5280 tyrannicae
3509 5228 3598 5269 vo-

2010 5342 2336 5426 proles/tant:
2363 5345 2532 5398 inveni
2557 5346 2897 5426 ιιιιάίιιὶοηεηιζ
2926 5349 3080 5426 Apud
3109 5350 3487 5426 Hieronymum
3518 5359 3599 5412 in-

2008 5413 2264 5467 scribitur
2291 5414 2570 5470 dumtaxat
2594 5419 2823 5488 psalmus
2854 5413 3045 5479 David.

2082 5501 2153 5576 (c)
2188 5505 2355 5560 Abest
2382 5507 2507 5560 ordo
2534 5523 2563 5562 a
2588 5524 2718 5564 mss.
2749 5527 2863 5582 reg.
2893 5521 2948 5567 et
2974 5514 3155 5574 Albin.

2080 5593 2158 5666 (tl)
2196 5595 2395 5665 Regius
2421 5597 2589 5656 codex
2617 5615 2739 5660 cum
2768 5603 2948 5664 Albin.
2976 5606 3203 5676 sequenti
3230 5608 3429 5664 deinde.

2012 5763 2024 5779 ’
2078 5687 2242 5779 (epla
2257 5689 2565 5779 praedi-etis“
2584 5709 2714 5751 mss.
2751 5713 2854 5752 non
2877 5709 2950 5754 est
2985 5711 3162 5755 orator
3191 5699 3280 5770 (an
3322 5703 3596 5779 auditor?)

2006 5761 2190 5817 inridre
2215 5761 2490 5818 voluntatis
2519 5763 2675 5820 Deus.
