4134 6184
418 237 529 295 83)

1747 228 1991 288 SANCTI
2027 227 2288 288 HlLARIl
2325 224 2634 288 EPISCOPI

3735 228 3841 286 810

537 352 758 408 luntalis
777 350 940 417 Deus,
973 361 1080 404 non
1103 344 1364 418 praedurre
1395 350 1450 402 et
1475 343 1673 417 iniquae
1703 345 2015 417 pertinacia:
2044 360 2127 400 ar-
2152 350 2204 412 Α
2231 354 2318 401 ιιιι·
2341 358 2462 400 εεεε
2492 343 2805 409 meditatur,
2848 339 3027 414 qualis
3062 339 3178 410 ille,
3211 339 3289 418 (c)
3319 339 3415 414 qui
3455 355 3486 399 a
3515 341 3630 400 Deo
3667 343 3840 401 factus

536 445 710 510 biter;
743 443 839 499 scd
868 442 961 512 qui
989 439 1252 495 rationem
1283 437 1480 492 habeat
1500 436 1830 492 inﬁrmitatis
1854 435 2125 491 humanm:

536 553 712 609 neque
740 537 827 606 qui
859 535 954 588 bos
975 531 1319 589 demutabilis
1347 539 1552 586 natura:
1598 541 1799 585 nosme
1843 531 2132 600 promptis-

535 633 702 688 simos
722 631 906 698 lapsus
928 625 1223 682 secundum
1255 623 1654 680 indemutabilis
1681 623 1996 679 substantiae
2019 637 2131 677 sum

535 724 853 782 indeﬂexam
875 721 1229 778 constantiam
1248 719 1537 784 metiatur;
1564 718 1660 775 sed
1680 719 1856 788 justus
1877 725 1934 772 et
1953 717 2134 774 mode-

534 833 662 874 rans
692 826 897 871 tantum
929 815 996 870 ab
1022 815 1239 868 homine
1269 820 1580 886 exspectet,
1629 821 1891 882 quantum
1935 811 2131 866 metui-

535 910 678 966 nerit
707 909 954 963 humanae
983 905 1148 961 licere
1170 914 1398 960 naturas.

606 1001 661 1055 4.
707 999 1023 1055 Irtnocentia:
1054 997 1272 1052 hominis
1309 1012 1461 1068 quam
1492 995 1652 1050 multa
1687 993 2016 1050 insidientur.
2061 1020 2132 1032 —

536 1093 607 1150 Et
635 1094 757 1150 ideo
785 1093 1014 1162 subjecit
1038 1092 1106 1146 ad
1153 1092 1228 1159 id,
1283 1090 1428 1162 quod
1470 1105 1531 1146 se
1568 1091 1622 1144 in
1659 1088 1866 1159 iustitia
1897 1087 1991 1142 Dei
2019 1099 2136 1141 ora-

535 1189 613 1244 vit
632 1186 828 1252 audiri,
856 1186 1021 1241 Vens.
1041 1184 1078 1238 2
1098 1201 1110 1237 :
1132 1184 1202 1238 Et
1217 1201 1318 1239 non
1338 1185 1494 1239 intres
1514 1185 1568 1236 in
1585 1182 1840 1256 judicium
1854 1196 1969 1234 cum
1992 1193 2134 1235 servo

537 1291 624 1336 tuo
650 1299 668 1336 :
692 1283 814 1353 quia
832 1296 934 1335 non
953 1280 1329 1351 justiﬁcabitur
1357 1279 1410 1332 in
1430 1285 1707 1349 conspectu
1747 1285 1834 1330 tuo
1862 1275 2028 1329 omnis
2053 1274 2127 1328 vi-

535 1393 670 1432 vens.
706 1375 844 1444 Quid
872 1374 1017 1432 enim
1048 1375 1164 1445 Spei
1197 1384 1297 1439 est,
1333 1375 1377 1428 si
1419 1373 1664 1443 judicare
1707 1385 1806 1426 nos
1834 1368 2132 1425 secundum

535 1486 595 1528 se
617 1471 757 1527 Deus
783 1471 934 1535 velit,
985 1471 1029 1524 si
1061 1469 1129 1524 ad
1158 1467 1622 1539 comparationem
1653 1465 1736 1522 sui
1768 1465 1890 1519 vitae
1933 1471 2134 1520 nostra:

535 1565 895 1621 innocentiam
915 1562 1226 1636 postulabit.
1246 1561 1537 1618 iustiﬁcari
1560 1567 1738 1616 autem
1764 1561 1816 1615 in
1836 1566 2132 1628 conspectu

536 1657 636 1714 Dei
680 1660 800 1728 quis
841 1659 1137 1714 viventium
1180 1657 1398 1727 potest?
1441 1654 1528 1711 cui
1560 1656 1660 1722 ira,
1693 1653 1777 1710 cui
1823 1651 2004 1720 dolor,
2037 1651 2125 1706 cui

2236 447 2341 505 est,
2374 439 2470 492 fuit
2495 447 2619 494 ante
2642 445 2944 509 peccatum.
2986 438 3091 494 Per
3117 437 3262 510 quod
3299 438 3424 508 quia
3455 453 3561 494 non
3591 449 3842 496 mortuus

2235 529 2442 600 surculi,
2466 529 2561 586 sed
2591 539 2860 601 tamquam
2890 537 3134 586 mortuus
3157 529 3339 586 saeculi
3386 530 3440 584 in
3476 531 3721 587 obscuris
3759 542 3844 589 est

2235 623 2552 688 collocatus,
2569 621 3036 678 meditabitursem
3044 636 3158 693 per;
3173 629 3228 679 et
3241 622 3587 680 meditabitur
3602 638 3840 695 semper,

2236 716 2359 786 quia
2405 716 2748 787 antiquorum
2774 715 2982 772 dierum
3015 730 3243 783 memor,
3297 716 3380 788 (ά)
3408 718 3510 772 scit
3537 733 3634 788 per
3655 726 3841 775 trans-

2235 811 2566 880 gressionem
2594 809 2728 880 legis
2751 819 2979 865 mortem
3007 808 3259 866 introisse
3284 809 3515 880 peccati.
3611 870 3616 873 ,

2311 903 2362 956 7.
2406 901 2573 956 Homo
2595 901 2783 957 sterilis
2808 910 2882 956 est
2902 902 3012 956 sine
3040 900 3136 955 Dei
3163 903 3352 972 gratia.
3385 931 3458 942 -——
3488 901 3543 958 In
3567 916 3636 958 eo
3656 910 3840 960 autem

2236 995 2380 1067 quod
2410 1004 2464 1051 ct
2502 1009 2713 1052 memor
2751 995 3095 1066 antiquorum
3137 995 3374 1061 dierum,
3415 1005 3470 1052 et
3497 997 3550 1052 in
3579 997 3842 1068 operibus

2169 1087 2338 1144 “.Dei
2383 1087 2674 1144 meditatus
2715 1097 2820 1154 est,
2871 1095 3031 1159 atque
3081 1087 3453 1154 meditabitur,
3504 1104 3834 1160 quamquam

2236 1196 2336 1251 per
2364 1180 2520 1236 ﬁdem
2550 1194 2702 1236 suam
2732 1179 2982 1250 coeperit,
3018 1187 3198 1236 tamen
3229 1195 3336 1235 non
3373 1178 3646 1250 proprium
3672 1196 3836 1236 suum

2237 1290 2379 1342 esse,
2408 1289 2476 1331 ne
2508 1275 2748 1332 insolens
2788 1275 3128 1331 existimetur
3148 1317 3162 1341 ,
3202 1275 3297 1330 sed
3332 1291 3427 1345 per
3452 1276 3711 1332 auxilium
3741 1277 3843 1332 Dei

2237 1367 2304 1422 ad
2339 1383 2498 1439 quem
2539 1367 2713 1423 oravit
2741 1367 2844 1423 sibi
2883 1366 3152 1422 indultum
3189 1382 3309 1424 esse
3356 1367 3714 1434 demonstrat,
3760 1369 3846 1424 di-

2237 1475 2389 1527 cens,
2409 1459 2574 1516 Vens.
2601 1458 2635 1514 6
2661 1477 2675 1514 :
2697 1457 2945 1530 Expandi
2968 1475 3150 1514 manus
3168 1476 3304 1515 meas
3327 1462 3396 1515 ad
3418 1471 3464 1515 te
3487 1477 3504 1516 :
3531 1462 3707 1516 anima
3733 1477 3847 1516 mea

2236 1557 2367 1610 sicut
2395 1564 2531 1610 terra
2559 1557 2670 1610 sine
2695 1572 2848 1626 aqua.
2879 1555 3046 1611 Terra
3084 1556 3202 1611 sine
3232 1571 3371 1628 aqua
3412 1557 3564 1612 arida
3603 1566 3662 1613 et
3703 1557 3848 1613 infe-

2236 1646 2410 1702 cunda
2442 1655 2546 1714 est,
2575 1655 2630 1702 et
2654 1646 2866 1718 irrigari
2904 1663 3026 1703 sese
3061 1661 3277 1718 semper
3302 1648 3475 1705 imbre
3504 1649 3701 1719 pluvia:
3724 1664 3846 1705 coe-

534 1750 818 1822 cupiditas,
865 1752 948 1806 cui
979 1750 1265 1822 ignoratio,
1313 1748 1400 1804 cui
1431 1746 1663 1813 oblivio,
1695 1746 1780 1800 cui
1825 1758 2015 1809 casus,
2047 1743 2133 1800 cui
2163 1732 2210 1793 B
2238 1739 2390 1795 lestis
2420 1747 2696 1809 exspectat
2723 1757 2737 1796 :
2767 1739 2841 1794 ita
2871 1749 2925 1794 et
2945 1739 3114 1795 sancti
3141 1741 3317 1796 anima
3347 1753 3555 1796 natura:
3577 1757 3687 1797 suae
3709 1756 3851 1798 con-

535 1844 832 1898 neceSsitas
859 1843 942 1897 vel
967 1857 1064 1912 per
1091 1848 1338 1896 naturam
1369 1839 1644 1909 corporis,
1675 1838 1761 1894 vel
1802 1853 1898 1904 per
1925 1845 2132 1892 motum

535 1935 729 1990 anima:
760 1949 975 2005 semper
1010 1931 1320 1988 ﬂuctuantis
1368 1931 1604 1988 admixta
1644 1929 1714 1983 sit
1743 1945 1755 1982 :
1786 1928 1870 1983 cui
1898 1935 1947 1983 et
1993 1939 2134 1996 quo-

535 2027 666 2083 tidie
707 2027 1058 2098 gravissimus
1107 2025 1279 2080 hostis
1326 2025 1644 2090 immineat,
1695 2019 2135 2091 diaboluseoe

535 2120 788 2177 videlicet
817 2123 1010 2174 animae
1036 2117 1139 2172 viri
1169 2117 1344 2173 ﬁdelis
1373 2116 1656 2180 insidians,
1703 2127 1932 2184 eamque
1962 2112 2030 2166 ad
2053 2112 2135 2165 in-

535 2213 752 2268 teritum
779 2209 1149 2282 persequens?
1182 2208 1330 2264 Hanc
1373 2208 1516 2264 enim
1561 2221 1684 2263 esse
1709 2219 1929 2261 causam
1951 2202 2128 2267 docet,

535 2319 638 2376 qua
671 2318 830 2359 nemo
857 2303 1046 2359 vivens
1085 2300 1372 2372 iustiﬁcari
1402 2300 1456 2355 in
1479 2303 1776 2368 conspectu
1812 2296 1907 2352 Dei
1937 2294 2130 2366 possit.

537 2380 685 2453 Vens
711 2399 765 2452 3.
819 2396 953 2464 Quia
980 2405 1274 2466 persecutus
1313 2403 1387 2448 est
1427 2392 1666 2447 inimicus
1693 2390 1917 2444 animam
1946 2402 2132 2450 meam,

537 2490 826 2545 humiliauit
849 2491 904 2544 in
949 2498 1085 2543 terra
1112 2489 1264 2542 vitam
1293 2503 1479 2551 meam,
1513 2486 1778 2540 collocavit
1823 2500 1904 2538 me
1950 2483 2005 2536 in
2048 2481 2137 2537 ob-

545 2584 710 2639 scuris
756 2583 886 2638 sicut
915 2592 1147 2638 mortuos
1177 2581 1372 2636 saeculi.
1423 2579 1736 2636 Obscuritas
1757 2592 1854 2648 per
1895 2574 2138 2645 corporis

537 2681 669 2736 vitia
692 2679 985 2736 effunditur
1013 2696 1028 2737 :
1057 2687 1113 2734 et
1137 2691 1260 2733 cum
1290 2691 1386 2747 per
1413 2674 1617 2731 diaboli
1646 2674 1869 2744 laqueos
1897 2671 1950 2726 in
1982 2670 2138 2740 cupi-

535 2773 733 2830 ditates
757 2773 935 2829 carnis
967 2769 1256 2825 incidimus
1277 2810 1292 2835 ,
1322 2783 1354 2823 a
1391 2766 1718 2838 cognitionis
1764 2764 1888 2819 luce
1920 2761 2137 2834 depulsi

538 2865 592 2921 in
623 2866 870 2922 obscuris
897 2863 1250 2934 collocamur,
1280 2860 1559 2932 gentilium
1591 2858 1831 2914 tenebris
1866 2853 2128 2921 demersi,

538 2969 595 3016 et
621 2957 958 3029 saecularium
987 2973 1212 3030 operum
1241 2963 1399 3012 nocte
1420 2953 1648 3010 detenti.

609 3051 664 3106 5.
710 3051 882 3126 Hujus
910 3054 1140 3107 tenebras
1158 3051 1245 3122 qui
1270 3048 1497 3120 appellat
1519 3049 1595 3104 vir
1622 3046 1891 3120 spiritalis.
1924 3074 1996 3085 —
2023 3041 2130 3100 Sed

2257 1833 2388 1896 scia,
2405 1831 2793 1888 immadescere
2805 1845 2864 1888 se
2879 1830 3022 1887 dono
3036 1831 3203 1887 divini
3222 1832 3424 1904 eloquii
3445 1833 3718 1889 desiderat
3740 1852 3756 1890 :
3778 1835 3851 1892 de

2232 1941 2339 1998 quo
2366 1926 2576 1998 Moyses
2601 1925 2698 1990 ait,
2721 1923 3068 1996 Exspectetur
3089 1927 3224 1980 sicut
3246 1927 3423 1998 pluuia
3443 1927 3636 1981 dictum
3650 1945 3848 1997 meum,

2235 2032 2281 2078 et
2317 2023 2624 2078 descendant
2653 2023 2784 2076 sicut
2806 2038 2891 2076 ros
2913 2022 3066 2076 verba
3093 2037 3225 2085 mea,
3253 2031 3309 2075 ut
3345 2023 3521 2092 pluvia
3544 2038 3700 2090 super
3726 2039 3852 2093 grao

2235 2132 2373 2182 men,
2387 2125 2435 2170 et
2453 2124 2508 2169 ut
2525 2116 2665 2170 nires
2685 2131 2837 2186 super
2850 2115 3040 2185 [renum
3063 2113 3242 2188 (Deut.
3259 2129 3428 2181 xxxn,
3446 2113 3706 2185 2).Arens
3718 2128 3852 2184 ergo

2235 2219 2291 2266 et
2315 2211 2503 2267 sitiens
2527 2196 2724 2275 anima,
2742 2210 2833 2264 tali
2852 2209 3180 2280 prophetica:
3203 2208 3464 2264 doctrina:
3485 2207 3663 2277 imbre
3680 2207 3850 2279 607

2235 2302 2571 2374 perfunditur
2608 2321 2620 2355 :
2655 2312 2712 2357 ut
2741 2309 2948 2356 mortua
2981 2310 3036 2356 et
3049 2300 3232 2371 jejuna
3253 2300 3503 2356 ariditate
3531 2311 3760 2367 naturae,
3797 2302 3850 2355 in

2235 2397 2430 2451 uberes
2445 2395 2649 2452 fructus
2660 2402 3052 2466 praeceptorum
3088 2393 3181 2449 Dei
3198 2393 3503 2465 cognitione
3527 2394 3851 2450 revirescat.

2307 2486 2362 2542 8.
2393 2485 2510 2542 Cito
2542 2487 2755 2542 dissolvi
2778 2496 2826 2541 et
2855 2503 2971 2540 cum
3001 2485 3208 2540 Christo
3247 2501 3355 2541 esse
3387 2494 3530 2556 optat
3577 2486 3850 2557 prapheta.

2238 2608 2307 2620 —
2332 2577 2452 2634 Jam
2479 2580 2530 2633 in
2555 2579 2640 2634 bis
2663 2595 2786 2649 qua:
2821 2587 3119 2649 sequuntur
3149 2579 3398 2633 humana:
3440 2577 3571 2633 ﬁdei
3613 2586 3669 2634 et
3717 2593 3854 2634 con-

2245 2674 2492 2730 scientia:
2519 2673 2790 2729 confessio
2805 2681 2908 2736 est,
2940 2687 3038 2742 per
3063 2671 3378 2742 diapsalmte
3405 2671 3852 2727 intercessionem

2237 2765 2570 2835 impatientia
2599 2765 2897 2836 prophetici
2925 2763 3182 2820 desiderii
3208 2772 3536 2820 monstrata.
3597 2763 3759 2819 Vens.
3794 2763 3850 2818 7.

2245 2857 2497 2913 Velociter
2543 2857 2732 2920 exaudi
2755 2874 2856 2926 me,
2906 2855 3146 2924 Domine,
3192 2856 3375 2928 defecit
3420 2856 3634 2928 spiritus
3681 2872 3849 2912 meus.

2237 2951 2410 3007 Moras
2439 2952 2681 3022 corporis
2705 2952 2790 3008 sui
2824 2950 3102 3020 Propheta
3134 2964 3240 3005 non
3275 2952 3478 3021 patitur
3515 2970 3528 3005 :
3567 2958 3624 3006 et
3652 2963 3856 3006 secun-

2237 3045 2364 3102 dum
2392 3045 2523 3101 illud
2570 3045 2815 3118 Apostoli
2843 3043 2858 3098 ἐ
2899 3043 3128 3099 Dissolvi
3171 3060 3250 3099 me
3289 3045 3472 3100 melius
3513 3054 3607 3110 est,
3650 3053 3858 3100 etcum

538 3118 930 3216 quantumlibet
959 3118 1554 3213 persequens-animam
1583 3118 1851 3206 inimicus,
1885 3146 1940 3195 et
1963 3137 2139 3193 humi-
2164 3118 2209 3182 C
2243 3139 2444 3195 Christo
2467 3155 2577 3200 esse
2620 3137 2789 3209 (Phil.
2821 3155 2860 3206 t,
2889 3136 3006 3211 25),
3054 3145 3109 3192 et
3131 3136 3260 3192 illud
3287 3179 3302 3205 ,
3343 3137 3505 3193 Miser
3538 3154 3626 3209 ego
3664 3138 3854 3205 homo,

540 3236 678 3293 lians
705 3237 757 3290 in
802 3250 1030 3305 corpore
1060 3243 1330 3304 tamquam
1363 3245 1634 3290 mortuum
1680 3232 1862 3288 smculi
1908 3230 2141 3286 collocct

541 3327 594 3383 in
622 3329 888 3392 obscuro;
924 3326 1181 3396 spiritalis
1215 3334 1395 3380 tamen
1422 3325 1522 3380 viri
1551 3325 1797 3378 anxietas
1827 3323 1911 3378 his
1941 3335 2138 3391 corpo-

540 3421 616 3476 ris
647 3419 883 3476 tenebris
914 3417 991 3491 (a)
1025 3433 1130 3472 non
1180 3425 1429 3484 tenetur,
1475 3424 1530 3472 et
1575 3429 1670 3470 cor
1707 3429 1868 3484 super
1897 3413 1998 3468 hac
2025 3412 2139 3482 ipsa

540 3521 746 3569 natura:
781 3527 891 3568 suae
925 3509 1240 3566 inﬁrmitate
1283 3510 1562 3574 turbatur,
1605 3519 2018 3578 repugnansque
2055 3505 2141 3558 vi-

541 3605 628 3662 tiis
649 3599 922 3661 hominem
949 3618 1105 3659 suum
1137 3603 1188 3656 in
1224 3599 1538 3656 memoriam
1568 3599 1759 3670 prima:
1798 3613 1910 3653 suae
1935 3595 2141 3651 consti-

541 3697 760 3754 tutionis
789 3705 843 3751 et
887 3695 942 3750 in
982 3693 1386 3749 meditationem
1435 3691 1528 3748 Dei
1571 3705 1797 3762 operum
1846 3688 2137 3745 convertit.

541 3787 659 3844 Non
686 3785 830 3842 enim
861 3799 998 3858 eum
1029 3783 1285 3839 inimicus
1332 3783 1385 3837 in
1435 3782 1685 3838 obscuris
1732 3789 2006 3836 mortuum
2034 3795 2142 3836 εξε-

543 3879 674 3946 culi,
714 3877 809 3933 sed
841 3887 1108 3947 tamquam
1140 3883 1414 3930 mortuum
1449 3873 1638 3929 saeculi
1691 3873 2014 3929 collocavit:
2048 3886 2143 3943 per

543 3973 688 4046 quod
715 3974 938 4030 libertas
969 3972 1194 4044 spiritus
1222 3985 1440 4043 semper
1469 3970 1522 4026 in
1549 3985 1610 4026 se
1635 3969 1786 4026 anxii
1810 3977 2136 4026 reservatur.

613 4067 666 4122 6.
707 4064 995 4121 Meditandi
1022 4065 1276 4119 materies.
1324 4062 1490 4118 Facta
1517 4078 1760 4118 manuum
1809 4061 1927 4130 Dei,
1961 4062 2133 4117 homo.

540 4191 613 4203 -—
637 4159 695 4215 1d
723 4158 864 4215 enim
880 4157 1146 4229 sequitur,
1166 4157 1339 4213 Vens.
1367 4159 1402 4214 5
1429 4165 1484 4212 et
1508 4155 1542 4210 4
1568 4174 1580 4211 :
1607 4154 1677 4210 Et
1699 4155 1935 4211 anxiatus
1959 4164 2034 4211 est
2060 4155 2138 4228 (ὁ)

541 4272 696 4326 super
721 4271 801 4310 me
825 4255 1036 4323 spiritus
1061 4269 1200 4307 meus
1226 4268 1244 4306 :
1268 4253 1321 4306 in
1350 4267 1430 4306 me
1445 4251 1702 4306 turbatum
1729 4259 1805 4305 est
1830 4267 1917 4304 cor
1944 4266 2132 4305 meum.

541 4348 744 4404 Memor
767 4348 842 4418 [ui
867 4345 1067 4399 dierum
1093 4345 1424 4416 antiquorum
1442 4385 1456 4409 ,
1500 4344 1774 4398 meditatus
1804 4360 1916 4396 sum
1947 4343 2001 4396 in
2026 4359 2135 4396 ont-

541 4443 690 4499 nibus
720 4441 955 4512 operibus
976 4439 1096 4506 tuis,
1122 4439 1175 4491 in
1203 4438 1352 4509 factis
1394 4453 1640 4491 manuum
1669 4447 1872 4491 tuarum
1913 4436 2134 4490 medita-

2242 3234 2356 3307 quis
2384 3250 2465 3288 me
2491 3231 2724 3287 liberabit
2753 3231 2816 3285 de
2846 3245 3061 3302 corpore
3106 3233 3289 3284 mortis
3337 3231 3493 3301 hujus
3531 3229 3709 3303 (Rom.
3749 3245 3854 3297 vn,

2241 3327 2337 3400 24)
2363 3328 2387 3378 ?
2416 3337 2469 3383 et
2517 3325 2672 3392 illud,
2721 3323 2856 3391 Quia
2882 3323 2937 3377 in
2964 3323 3059 3377 hoc
3106 3308 3260 3378 veteri
3286 3322 3618 3377 tabernaculo
3658 3339 3853 3396 conge-

2241 3421 2502 3474 miscimus
2529 3418 2874 3474 desiderantes
2901 3417 3223 3486 superindui,
3263 3417 3473 3472 ttedium
3514 3417 3628 3484 ipse
3672 3418 3728 3472 in
3753 3418 3856 3473 hoc

2242 3513 2417 3566 mortis
2443 3527 2658 3584 corpore
2688 3511 2880 3581 patitur
2931 3508 2998 3581 (ll
3044 3508 3163 3564 Cor.
3192 3525 3244 3576 v,
3283 3507 3352 3580 2)
3389 3527 3403 3564 :
3444 3508 3542 3564 sed
3585 3509 3856 3567 velocita-

2243 3613 2349 3660 tem
2373 3603 2578 3670 auxilii,
2608 3602 2752 3674 quod
2786 3601 2856 3658 ob
2888 3600 3246 3657 defectionem
3273 3600 3496 3670 spiritus
3516 3599 3853 3672 deprecatur

2241 3711 2362 3753 cum
2407 3695 2574 3767 gratia
2601 3693 2770 3749 divini
2811 3693 2863 3748 in
2893 3707 2953 3748 se
2985 3691 3222 3748 muneris
3245 3699 3397 3762 optat
3435 3692 3666 3762 expleri.
3705 3692 3849 3761 Quid

2242 3789 2382 3857 enim
2430 3787 2532 3842 sibi
2578 3785 2818 3856 proderit
2865 3783 3175 3840 exauditam
3221 3797 3345 3840 esse
3389 3783 3689 3852 velociter,
3740 3785 3852 3842 nisi

2243 3892 2512 3953 tamquam
2559 3879 2730 3935 ﬁdelis
2773 3888 2826 3934 et
2859 3878 2969 3934 Deo
3001 3879 3218 3948 placens
3243 3885 3299 3932 et
3329 3877 3504 3934 beatis
3531 3877 3662 3934 locis
3684 3878 3854 3948 quie-

2244 3983 2394 4028 turus
2423 3972 2650 4028 excedat
2674 3987 2706 4027 e
2735 3970 3008 4042 corpore?

2319 4067 2373 4122 9.
2414 4064 2604 4133 Lacus,
2646 4064 2859 4136 paruulis
2905 4063 3067 4118 locus.
3115 4091 3188 4103 —-
3231 4061 3301 4118 Et
3331 4061 3532 4118 idcirco
3561 4063 3637 4118 ait
3670 4079 3684 4117 :
3714 4060 3842 4120 Non

2241 4167 2437 4213 avertas
2481 4157 2662 4228 faciem
2686 4174 2720 4211 a
2745 4172 2825 4210 me
2851 4172 2870 4211 :
2897 4166 2944 4211 et
2987 4156 3172 4211 similis
3201 4171 3288 4210 ero
3338 4156 3764 4212 descendentibus
3791 4159 3847 4212 in

2241 4251 2425 4306 lacum.
2455 4251 2652 4306 Lacum
2690 4249 2958 4321 poenalem
3003 4249 3298 4305 inferorum
3346 4250 3524 4306 locum
3564 4249 3846 4322 Scriptura

2239 4355 2628 4401 commemorat
2649 4351 2739 4401 :ut
2758 4345 2809 4398 in
2833 4343 2919 4398 his
2941 4343 3161 4414 psalmis
3182 4345 3259 4398 ait
3289 4360 3302 4397 :
3339 4342 3437 4409 Tu,
3463 4343 3707 4410 Domine,
3729 4347 3847 4401 abs-

2249 4439 2452 4493 traxisti
2477 4438 2539 4491 ab
2591 4438 2797 4510 inferno
2838 4441 3065 4492 animam
3113 4453 3301 4504 meum,
3350 4440 3560 4494 seruasti
3587 4457 3668 4494 me
3693 4437 3844 4513 (mss.

540 4537 651 4592 bar.
686 4534 802 4590 Scit
828 4532 998 4590 Adam
1027 4549 1056 4588 a
1084 4529 1303 4586 diabolo
1324 4539 1578 4600 captum;
1614 4538 1668 4585 et
1697 4529 1902 4586 idcirco
1928 4544 2138 4585 memor
2165 4513 2217 4575 Ῑ)
2244 4529 2488 4600 salvasti)
2545 4546 2577 4583 a
2619 4529 3038 4585 descendentibus
3076 4531 3129 4584 in
3157 4531 3325 4585 lacum
3353 4514 3532 4603 (Paul.
3560 4549 3710 4600 xxix,
3749 4533 3841 4604 4).

539 4637 624 4685 εει
651 4627 994 4697 antiquorum
1025 4623 1260 4680 dierum.
1301 4621 1416 4690 Scit
1458 4637 1581 4677 eum
1613 4637 1710 4694 per
1751 4623 2135 4692 transgressio-

537 4735 660 4776 nem
706 4718 840 4789 legis
876 4715 1183 4772 constituta:
1211 4722 1267 4770 et
1301 4727 1332 4768 a
1365 4711 1812 4783 promissionibus
1855 4714 1953 4770 Dei
1985 4724 2040 4769 et
2067 4713 2135 4770 ab

539 4813 774 4869 incolatu
803 4807 1035 4882 paradisi
1081 4806 1378 4873 excidisse,
1409 4815 1463 4861 et
1493 4805 1614 4861 idco
1656 4821 1868 4862 memor
1895 4815 1982 4864 est
2006 4823 2136 4879 ope-

539 4925 656 4964 rum
682 4909 794 4963 Dei.
817 4906 930 4962 Scit
951 4920 1057 4960 non
1087 4902 1340 4960 sufficere
1361 4916 1429 4958 ex
1451 4901 1725 4972 prmtcrito
1750 4901 2133 4970 innocentiam,

538 5000 630 5056 sed
678 5002 895 5055 beatum
940 5011 1062 5054 esse
1090 4994 1182 5067 qui
1213 5009 1382 5065 usque
1412 4994 1464 5048 in
1504 4991 1664 5047 ﬁnem
1711 4992 1974 5049 innocens
2015 5007 2137 5050 esse

538 5091 928 5165 permanserit;
961 5099 1016 5145 et
1042 5087 1166 5145 ideo
1195 5087 1246 5142 in
1287 5084 1448 5141 factis
1477 5085 1572 5141 Dei
1609 5100 1862 5140 manuum
1909 5084 2136 5141 medita-

537 5185 700 5242 bitur.
743 5182 904 5238 Facta
930 5196 1186 5237 manuum
1227 5179 1320 5235 Dei
1365 5177 1528 5234 homo
1563 5177 1681 5248 ipse
1705 5187 1791 5233 est
1819 5193 1832 5230 :
1863 5179 1953 5248 qui
1985 5187 2136 5248 post-

535 5294 696 5354 quam
724 5276 986 5350 peccavit,
1015 5274 1217 5346 peccati
1239 5287 1430 5330 servus
1454 5271 1681 5330 eﬂ'ecnts
1708 5279 1814 5328 est.
1857 5269 2006 5327 Talis
2036 5271 2137 5344 igi-

534 5465 547 5536 ξ
609 5458 688 5536 (α)
721 5455 1028 5536 hpudi’ar.
1051 5455 1355 5510 continetur.

545 5565 548 5573 λ
722 5527 828 5608 bis.
859 5527 1066 5608 Μία-ξπ
1092 5541 1194 5597 me.
1215 5597 1245 5608 __
1287 5577 1294 5582 .

608 5597 684 5678 (cf
722 5604 860 5681 Bad.
885 5613 938 5658 et
978 5599 1071 5681 Er:
1102 5597 1387 5681 gualisjlle
1429 5616 1462 5655 a
1493 5597 1604 5654 Deo
1655 5597 1883 5681 (addidit
1923 5597 2120 5656 deinde

535 5671 674 5800 Prii
689 5677 796 5749 qui)
835 5675 999 5748 factus
1036 5671 1156 5742 fuit,
1184 5671 1385 5726 omisso
1411 5681 1502 5738 est,
1535 5671 1678 5740 quod
1718 5685 1783 5727 ex
1832 5685 1964 5730 mss.
1989 5685 2119 5742 sup-

542 5761 574 5800 ῐ)
596 5763 767 5800 emus.

541 5761 767 5818 ptumus.

2239 4623 2380 4693 Ergo
2427 4622 2529 4677 nisi
2575 4622 2735 4678 facies
2788 4621 2904 4690 Dei,
2951 4623 3043 4694 qui
3089 4627 3273 4694 utique
3317 4625 3564 4680 Christus
3595 4635 3715 4694 est,
3745 4627 3840 4698 qtti

2239 4714 2415 4786 imago
2448 4715 2540 4770 Dei
2569 4714 2862 4771 invisibilis
2909 4723 3013 4783 est,
3046 4716 3335 4787 unicuique
3360 4726 3549 4775 sancto
3573 4717 3837 4786 adfuerit;

2238 4809 2343 4864 erit
2396 4808 2503 4862 illis
2550 4809 2769 4878 similis,
2821 4809 2912 4880 qui
2965 4823 3140 4880 preme
3170 4810 3361 4866 inferni
3389 4810 3694 4882 deputatie
3730 4813 3840 4869 vita

2241 4901 2342 4958 hac
2369 4902 2483 4957 sine
2512 4917 2609 4970 spe
2635 4901 2832 4972 quietis
2863 4903 3212 4960 excesserint.

2313 4995 2398 5050 10.
2447 4996 2884 5058 Resurrectionem
2907 5005 3074 5069 sperat
3099 4998 3368 5069 propheta.
3399 5027 3473 5040 —
3501 4997 3608 5055 Sed
3629 4997 3699 5054 de
3744 5010 3841 5068 spe

2239 5101 2334 5143 sua
2365 5086 2636 5157 Propheta
2668 5103 2775 5142 non
2823 5088 3068 5159 ambigit,
3119 5103 3295 5159 neque
3319 5097 3474 5145 extra
3502 5090 3836 5162 evangelica

2239 5180 2544 5236 securitatis
2577 5180 2825 5237 ﬁduciam
2873 5192 2977 5238 est.
3011 5181 3280 5252 Tempore
3325 5182 3546 5254 quidem
3581 5184 3699 5253 ipse
3740 5197 3835 5237 an-

2240 5274 2424 5343 terior,
2457 5273 2552 5331 sed
2579 5273 2634 5331 in
2664 5273 2855 5347 spiritu
2886 5275 3169 5346 apostolici
3193 5275 3372 5348 gaudii
3411 5276 3488 5348 (e)
3517 5278 3830 5349 particeps;

2314 5455 2392 5529 (d_)
2416 5454 2471 5512 In
2493 5456 2742 5528 vulgatis,
2764 5472 2958 5514 memor
2978 5455 3063 5512 sit.
3088 5453 3274 5529 Longe
3299 5453 3492 5529 melius
3514 5454 3571 5529 in
3598 5471 3705 5513 ms.
3722 5455 3828 5529 scit.

2310 5527 2380 5600 (θ)
2429 5527 2747 5600 ΑριιίῐΡειτἒ
2766 5529 3056 5600 participes.
3093 5528 3150 5582 ln
3177 5529 3299 5600 aliis
3319 5542 3450 5581 vero
3469 5528 3649 5593 libris,
3677 5527 3831 5600 parti:

2238 5595 2385 5670 ceps'.
2436 5595 2690 5654 nimirum
2720 5595 2988 5670 Propheta
3017 5617 3031 5654 :
3059 5597 3204 5670 quod
3236 5607 3431 5670 autem,
3457 5595 3729 5669 sequitur,
3761 5595 3826 5670 ad

2237 5668 2511 5740 apostolos
2550 5668 2989 5742 refertur,quasi
3034 5669 3185 5740 prius
3229 5668 3584 5737 apostolorum
3632 5668 3823 5742 gaudii,

2239 5756 2348 5797 non
2374 5741 2643 5812 apostolici
2663 5741 2839 5814 gaudii
2864 5741 3211 5814 praemissum
3240 5749 3407 5798 esset.
