4134 6184
322 195 428 253 841

1415 184 1830 248 TBACTATUS
1863 185 1933 246 IN
1989 184 2174 248 CXLII
2202 184 2553 247 PSALMUM.

3510 188 3623 249 8&2

321 309 420 381 qui
450 304 899 364 resurrectionem
934 302 1148 363 Domini
1174 310 1515 369 contuentes.
1562 304 1917 361 a-tcrnitatem
1944 322 1997 383 Α
2024 304 2239 375 quidem
2290 303 2465 360 adhuc
2495 302 2730 371 scimus,
2754 308 2810 358 et
2835 300 2984 374 loqui
3004 300 3275 361 desideria
3288 303 3482 363 nostra
3511 322 3622 365 non

328 400 653 457 caducorum
680 414 966 477 corporum
996 399 1359 456 crediderunt.
1392 398 1450 454 1d
1473 399 1618 454 enim
1647 399 1699 454 in
1729 412 1920 454 conse~

329 494 620 566 quentibus
644 493 740 560 ait,
772 492 917 549 Vens
948 492 982 549 8
1011 511 1024 548 :
1050 493 1296 549 Auditam
1335 491 1417 562 {ac
1440 492 1569 546 mihi
1596 507 1745 546 mane
1766 491 1920 546 mise-

328 586 609 642 ricordiam
636 595 818 640 tuam:
860 586 984 656 quia
1011 585 1063 639 in
1110 594 1156 640 te
1197 584 1415 656 speravi.
1462 582 1733 637 Matutinus
1764 581 1925 653 hujus

329 669 719 737 misericordia:
762 677 1015 749 gaudium
1041 676 1177 735 locis
1219 676 1463 749 plurimis
1499 675 1923 743 demonstratur,

328 771 476 828 velut
502 780 613 826 tum
639 785 762 826 cum
810 769 906 838 ait,
930 770 1013 824 Ad
1062 785 1328 841 uesperum
1369 768 1715 824 demorabitur
1749 770 1923 840 ﬂetus,

249 936 260 947 l
328 873 382 922 et
405 866 475 919 ad
504 864 809 919 matutinum
853 864 1035 920 latitia
1075 862 1249 936 (Psal.
1280 878 1434 930 xxtx,
1490 860 1570 930 6).
1620 861 1736 917 Hoc
1781 861 1924 917 enim

331 957 749 1015 resurrectionis
767 966 849 1014 est
881 965 1113 1027 tempus,
1146 955 1202 1012 in
1243 971 1350 1028 quo
1380 970 1478 1026 per
1500 954 1927 1011 misericordiam

332 1049 429 1107 Dei
452 1058 692 1121 potestas
716 1050 906 1105 mortis
926 1048 1453 1129 infractaest.Quam
1475 1046 1925 1115 misericordiam,

334 1143 462 1215 quia
489 1143 543 1200 in
565 1159 628 1200 ea
663 1142 928 1214 PrOpheta
957 1144 1219 1215 speravit,
1249 1150 1399 1214 optat
1429 1142 1637 1198 audire.

410 1236 499 1291 Η.
539 1235 862 1307 Ignorantia:
890 1237 1125 1291 conscius
1149 1235 1311 1290 lucem
1352 1250 1384 1287 a
1406 1232 1516 1289 Deo
1537 1235 1786 1306 exposcit.
1817 1233 1926 1304 0p-

337 1336 411 1384 tat
442 1328 495 1383 in
536 1328 758 1398 primum
786 1327 1008 1381 hominis
1057 1336 1246 1382 statum
1286 1325 1473 1382 redire.
1511 1354 1571 1365 -—
1608 1324 1814 1381 Dehinc
1839 1339 1929 1380 se-

341 1423 524 1492 quitur
564 1438 577 1474 :
622 1417 819 1475 Notam
845 1421 927 1490 [ac
951 1418 1079 1473 mihi
1103 1418 1236 1473 viam
1279 1419 1335 1472 in
1364 1434 1465 1490 qua
1494 1417 1784 1484 ambulem;
1809 1418 1932 1489 quia

336 1516 412 1570 ad
438 1525 487 1569 te
518 1513 678 1570 levavi
716 1514 943 1568 animam
973 1528 1161 1567 meam.
1206 1511 1500 1583 Apostolus
1530 1526 1628 1582 per
1653 1511 1931 1582 speculum

337 1614 397 1664 et
425 1606 481 1663 in
509 1607 795 1677 aenigmate
821 1605 986 1672 videt,
1019 1613 1075 1661 et
1111 1619 1211 1675 pro
1239 1612 1394 1674 parte
1422 1603 1546 1670 scit,
1576 1612 1629 1658 et
1654 1617 1754 1675 pro
1778 1610 1933 1673 parte

2026 396 2297 462 novimus,
2343 395 2547 467 Spiritu
2596 395 2777 466 potius
2824 409 2924 466 pro
2972 396 3130 453 nobis
3168 396 3622 456 in’euarrabilibus

2024 488 2314 559 gemitibus
2342 488 2671 557 postulante,
2703 497 2759 544 et
2798 487 3127 560 imperitiam
3153 500 3395 557 nostram
3429 489 3500 564 (e)
3531 506 3620 546 ar-

2024 595 2162 636 cano
2190 581 2537 637 conscientia:
2567 580 2766 637 all‘ectu
2812 589 3163 652 repensante,
3186 570 3492 641 secundum.
3517 584 3622 642 hoc

2023 673 2273 747 Apostoli
2300 675 2524 743 dictum,
2554 674 2692 742 Quid
2717 676 2856 731 enim
2880 692 3081 732 oremus
3104 677 3386 733 secundum
3404 679 3461 733 id
3486 679 3626 750 quod

2027 779 2257 842 Oporteat
2285 770 2577 837 nescimus;
2619 773 2710 827 sed
2739 773 2851 843 ipse
2878 772 3114 844 Spiritus
3153 790 3249 845 pro
3274 775 3420 830 nobis
3446 785 3627 847 postu-

2027 862 2103 917 lat
2132 864 2400 934 gemitibus
2437 863 2863 921 inenarrabilibus
2889 865 3067 938 (Rom.
3095 883 3210 935 vrtt,
3236 868 3328 940 26)
3362 886 3378 936 ;
3403 883 3513 925 non
3539 870 3626 926 in-

2028 955 2246 1012 condite
2275 954 2545 1025 Propheta
2574 957 2815 1013 creditur
2843 973 3024 1025 orare,
3055 968 3116 1015 ut
3157 960 3491 1018 voluntatem
3532 963 3627 1019 Dei

2029 1047 2288 1105 doceatur
2315 1051 2556 1120 explere.
2610 1053 2677 1106 Et
2714 1064 3030 1123 competens
3058 1053 3150 1109 illa
3195 1054 3447 1112 humanae
3473 1072 3629 1113 vere-

2030 1139 2241 1196 cuudiaa
2273 1140 2540 1211 professio
2588 1151 2692 1211 est,
2723 1152 2783 1199 ut
2829 1144 2971 1215 quod
3014 1161 3113 1217 per
3144 1146 3405 1217 Spiritum
3452 1148 3629 1205 Deiin

2033 1241 2228 1287 terram
2257 1244 2462 1291 rectam
2491 1235 2842 1294 deducendus
2861 1236 2952 1304 sit,
2989 1238 3042 1292 id
3071 1252 3177 1295 non
3203 1242 3379 1296 meriti
3402 1257 3525 1299 esse
3545 1243 3630 1297 sui

2030 1334 2266 1395 arroget,
2315 1341 2489 1397 neque
2534 1342 2631 1397 per
2656 1327 3079 1386 satisfactionem
3125 1328 3194 1403 (f)
3222 1333 3424 1402 proprii
3469 1333 3632 1390 obse-

2032 1417 2142 1487 quii
2163 1416 2213 1472 id
2234 1418 2333 1473 sibi
2356 1420 2594 1490 posmlet
2624 1437 2639 1476 :
2672 1420 2770 1477 sed
2803 1431 2972 1478 totum
2998 1423 3101 1479 hoc
3123 1423 3195 1479 ad
3224 1424 3631 1482 clariﬁcandum

2033 1505 2088 1561 in
2116 1522 2177 1563 se
2207 1507 2302 1564 Dei
2331 1525 2527 1566 nomen
2570 1520 2872 1582 exspectet,
2905 1521 2962 1568 ut
2990 1523 3210 1584 propter
3245 1513 3508 1574 honorem
3539 1517 3633 1574 Dei

2035 1599 2273 1655 nominis
2302 1602 2353 1655 in
2386 1610 2526 1659 terra
2552 1613 2700 1659 recta
2725 1618 2849 1660 esse
2869 1613 3157 1661 statuatur.

338 1700 628 1771 prophetat
672 1698 715 1768 (l
744 1696 866 1754 Cor.
908 1713 1026 1766 xut,
1076 1696 1145 1753 12
1174 1704 1233 1771 _et
1274 1696 1351 1770 9).
1412 1695 1683 1766 Propheta
1720 1709 1933 1766 quoque
1964 1706 2013 1767 Β
2113 1690 2201 1746 i3.
2243 1690 2517 1747 Beatitudo
2545 1710 2609 1750 ea:
2637 1694 2732 1750 Dei
2758 1697 3130 1764 misericordia,
3158 1714 3260 1753 non
3295 1700 3502 1755 excluso
3532 1717 3663 1757 me-.

339 1800 616 1862 tamquam
640 1806 735 1861 per
762 1799 1006 1846 naturam
1038 1789 1288 1845 humanm
1310 1787 1614 1861 fragilitatis
1652 1788 1932 1859 ignorans,

341 1892 505 1941 notas
546 1882 646 1940 sibi
692 1883 830 1950 ﬁeri,
864 1884 919 1939 in
963 1882 1157 1954 quibus
1197 1882 1460 1946 ambulet,
1504 1882 1619 1937 vias
1645 1889 1787 1937 orat.
1816 1865 1958 1937 Non-

340 1981 484 2038 enim
512 1979 597 2035 hac
626 1977 809 2035 saeculi
837 1977 939 2033 viae
970 1977 1129 2033 utiles
1161 1985 1291 2033 sunt
1316 1995 1329 2030 :
1358 1975 1631 2048 spiritales
1661 1984 1716 2031 et
1746 1977 1938 2032 cccles-

340 2083 426 2132 tes
455 2066 549 2131 ille
588 2087 749 2129 nosse
777 2070 1070 2128 desiderat.
1103 2056 1161 2125 1d
1204 2069 1347 2127 enim
1372 2068 1485 2123 ait:
1516 2067 1650 2135 Quia
1690 2068 1759 2122 ad
1796 2077 1843 2122 te
1868 2068 1940 2123 le-

340 2164 456 2221 vavi
478 2166 701 2220 animam
722 2178 905 2218 meam.
935 2162 1052 2218 Non
1072 2163 1126 2217 in
1150 2162 1443 2217 humilibus
1463 2170 1547 2217 est
1570 2160 1749 2215 anima
1772 2159 1937 2227 illius,

342 2257 441 2315 sed
471 2258 525 2323 in
556 2255 823 2323 excelsis;
872 2263 928 2312 et
963 2254 1165 2311 idcirco
1207 2253 1541 2311 excelsarum
1583 2253 1790 2308 viarum
1816 2266 1943 2321 pos-

340 2350 479 2405 tulat
506 2348 805 2405 notionem.
848 2346 963 2404 Scit
995 2347 1139 2404 enim
1178 2361 1300 2404 esse
1336 2346 1583 2403 inimicos
1617 2345 1744 2411 sibi,
1774 2345 1945 2417 eos

342 2444 437 2515 qui
460 2459 522 2500 se
548 2444 602 2499 in
630 2443 763 2498 alias
799 2442 915 2498 vias
943 2446 1194 2510 avocent,
1227 2442 1317 2513 qui
1358 2442 1413 2497 in
1449 2442 1780 2497 voluntatem
1803 2441 1942 2495 alte-

343 2549 465 2591 ram
489 2534 776 2591 deducant.
806 2534 884 2590 De
905 2533 1139 2589 inimicis
1158 2532 1276 2589 istis
1296 2531 1631 2603 spiritalibus
1652 2530 1945 2602 Apostolus

346 2629 518 2686 multa
564 2639 618 2686 et
661 2630 970 2701 frequenter
1020 2626 1262 2699 ingessit.
1315 2624 1397 2681 Ab
1426 2624 1509 2681 his
1553 2640 1683 2698 ergo
1712 2640 1771 2681 se
1808 2624 1946 2696 eripi

346 2730 490 2790 orat,
540 2729 596 2777 et
637 2721 781 2791 viam
828 2720 974 2777 illam
1009 2717 1420 2792 (a)_tribulatam
1443 2759 1458 2783 ,
1507 2732 1627 2796 quae
1651 2717 1719 2772 ad
1748 2717 1944 2775 coelum

348 2815 493 2888 agit,
524 2829 857 2886 cognoscere
885 2821 1074 2885 rogat,
1109 2822 1164 2868 ct
1190 2813 1260 2869 de
1299 2811 1577 2867 voluntate
1610 2811 1821 2867 Domini
1850 2811 1948 2868 do-

350 2908 488 2973 ceri,
517 2914 570 2962 et
595 2922 691 2978 per
717 2905 979 2976 Spiritum
1008 2904 1127 2976 ejus
1164 2904 1217 2960 in
1250 2912 1448 2960 terram
1476 2913 1683 2961 rectam
1711 2902 1904 2959 deduci
1930 2920 1944 2957 :

356 2997 414 3055 id
439 3008 539 3064 est,
569 3008 627 3054 ut
653 2998 1019 3054 constituatur
1046 2998 1099 3053 in
1129 2995 1402 3052 hominem
1428 3010 1538 3051 non
1560 2996 1702 3051 vitiis
1726 3011 1948 3067 perver-

2038 1782 2186 1837 rendi
2213 1784 2398 1855 oﬁicio.
2436 1814 2502 1827 —-
2529 1785 2596 1841 Et
2614 1787 2742 1858 quia
2778 1788 2918 1844 hanc
2946 1798 3145 1845 terram
3175 1800 3379 1847 rectam
3403 1794 3507 1849 scit
3532 1794 3637 1849 sibi

2039 1892 2147 1934 non
2178 1878 2231 1934 in
2260 1894 2489 1952 corpore
2510 1882 2703 1938 mortis
2737 1882 2899 1956 hujus
2920 1899 3083 1955 posse
3112 1887 3360 1953 concedi,
3393 1889 3519 1959 quia
3563 1888 3643 1944 la-

2043 1970 2139 2026 bes
2158 1972 2336 2027 carnis
2357 1971 2608 2029 humanae
2636 1989 2733 2045 per
2754 1974 3048 2032 admixtam
3072 1978 3126 2033 in
3149 1994 3210 2035 se
3231 1980 3483 2036 vitiorum
3510 1997 3643 2038 con-

2041 2063 2381 2120 suetudinem
2409 2065 2617 2121 aboleri
2649 2068 2885 2138 penitus,
2918 2070 3022 2125 nisi
3052 2087 3173 2127 cum
3203 2081 3412 2129 naturae
3443 2074 3637 2131 demu-

2041 2155 2265 2223 tatione,
2296 2172 2402 2212 non
2449 2160 2655 2230 possit;
2688 2160 2951 2217 viviﬁcari
2993 2178 3076 2231 se,
3108 2166 3263 2236 quasi
3292 2170 3530 2224 nondum
3559 2171 3642 2226 vi-

2040 2255 2152 2311 vat,
2184 2250 2509 2318 expostulat,
2536 2252 3052 2325 dicens,Viuiﬁcabis
3072 2273 3155 2313 me
3181 2259 3235 2313 in
3259 2262 3497 2331 (equitate
3528 2272 3638 2318 tua.

2044 2340 2251 2398 Educes
2277 2343 2341 2398 de
2367 2343 2694 2401 tribulatione
2733 2349 2958 2403 animam
2984 2367 3168 2419 meam,
3195 2352 3356 2410 Vnus.
3385 2356 3473 2423 12,
3505 2367 3551 2411 et
3581 2358 3637 2412 in

2043 2436 2397 2492 misericordia
2424 2448 2515 2493 tua
2550 2440 2816 2511 disperdes
2858 2442 3094 2499 inimicos
3141 2461 3299 2501 meos.
3347 2446 3421 2501 Et
3460 2448 3644 2517 perdes

2044 2542 2220 2582 omnes
2245 2527 2325 2601 (g)
2373 2529 2605 2586 inimicos
2630 2532 2719 2603 qui
2747 2544 3120 2604 persequuntur
3158 2539 3384 2593 animam
3432 2556 3595 2595 meam
3621 2558 3641 2596 :

2044 2621 2281 2689 quoniam
2310 2636 2484 2676 seruus
2514 2630 2630 2678 tuus
2653 2639 2766 2677 sum
2788 2641 2900 2693 ego.
2932 2624 3129 2681 Habuit
3159 2629 3400 2699 quidem,
3428 2640 3485 2686 ut
3507 2632 3648 2687 dixi—

2048 2726 2185 2779 mus,
2221 2711 2325 2768 hoc
2356 2713 2560 2783 justitia
2603 2716 2965 2785 verecundia),
3014 2726 3072 2773 ut
3113 2720 3372 2791 quidquid
3401 2721 3483 2793 (It)
3514 2723 3646 2779 illud
3744 2758 3757 2767 ς

2047 2802 2154 2860 sibi
2184 2803 2535 2861 beatitudinis
2557 2815 2759 2877 sperat,
2795 2806 2847 2862 id
2881 2823 2977 2877 pro
2999 2812 3396 2881 magniﬁcentia
3423 2814 3519 2869 Dei
3552 2830 3649 2886 po-

2050 2895 2157 2950 tius
2205 2895 2349 2966 (quia
2383 2896 2495 2952 Deo
2542 2895 2697 2953 beata
2730 2907 2786 2954 et
2827 2907 3028 2955 acterna
3056 2908 3112 2957 et
3139 2902 3281 2959 bona
3316 2905 3552 2963 tribuere
3579 2910 3651 2965 sit

2051 2986 2317 3063 dignum),
2345 3003 2504 3059 quam
2534 3004 2633 3059 pro
2661 2992 2857 3046 merito
2886 3006 2984 3047 suo
3025 2996 3285 3064 postulet.
3318 2997 3422 3053 Sed
3468 3009 3649 3057 tamen

352 3104 496 3147 sum.
525 3088 661 3145 Nam
702 3090 755 3145 in
796 3097 998 3145 rectam
1042 3097 1240 3145 terram
1282 3104 1342 3144 se
1368 3088 1532 3163 .dirigi
1569 3087 1843 3159 quomodo
1872 3086 1946 3160 (b)
1976 3090 2022 3156 ο
2055 3078 2345 3149 praeferens
2377 3079 2637 3136 honorem
2666 3091 2721 3137 et
2748 3084 3174 3141 misericordiam
3195 3086 3468 3161 6090ei
3497 3108 3508 3145 :
3536 3109 3651 3149 me-

353 3195 527 3258 optat,
559 3185 608 3242 si
627 3185 693 3241 de
717 3184 969 3241 elementi
998 3182 1155 3254 hujus
1179 3189 1425 3247 creatura
1446 3181 1648 3238 dixisse
1675 3181 1953 3238 existima-

352 3278 501 3336 bitur
529 3297 544 3335 :
576 3279 678 3334 nisi
705 3281 848 3350 quod
876 3274 1173 3334 secundum
1218 3275 1375 3346 primi
1408 3273 1644 3330 hominis
1681 3283 1950 3339 naturam,

352 3371 443 3428 cui
471 3383 597 3443 post
625 3378 906 3443 peccatum
951 3367 1151 3425 dictum
1182 3376 1286 3431 est,
1320 3365 1479 3422 Terra
1504 3383 1577 3435 es,
1605 3376 1651 3420 et
1682 3367 1738 3421 in
1768 3375 1955 3421 terrant

352 3462 456 3519 ibis
486 3462 642 3535 (Gen.
674 3478 757 3529 tn,
790 3459 902 3535 19),
951 3459 1022 3534 (ε)
1049 3458 1395 3516 ςοιιειίιυίἐθ
1434 3458 1709 3515 hominem
1748 3468 1954 3515 rectum

355 3553 794 3626 indeflexumque
823 3551 1130 3608 desiderat?
1160 3550 1218 3606 Id
1242 3551 1384 3606 enim
1412 3551 1512 3607 sub
1539 3550 1623 3607 his
1644 3550 1803 3607 dictis
1827 3566 1960 3607 con-

356 3648 600 3705 tinetur:
624 3644 818 3701 Natant
859 3647 943 3718 fac
972 3642 1100 3699 mihi
1139 3644 1274 3711 uiam
1299 3644 1351 3697 in
1378 3660 1479 3716 qua
1513 3644 1767 3698 ambulem
1795 3659 1814 3696 :
1840 3643 1962 3713 quia

358 3742 432 3797 ad
456 3751 504 3797 te
531 3722 691 3796 levavi
738 3740 967 3794 animum
1019 3755 1200 3794 meam.
1228 3737 1394 3794 VERS.
1428 3736 1580 3793 9-H.
1611 3736 1773 3806 Eripe
1797 3753 1874 3791 me
1900 3736 1964 3791 de

360 3833 588 3889 inimicis
615 3835 758 3899 meis,
788 3830 1028 3897 Domine,
1075 3830 1143 3885 ad
1186 3839 1232 3883 te
1271 3829 1522 3901 confugi:
1548 3828 1673 3883 doce
1695 3845 1773 3883 me
1798 3832 1966 3900 facere

361 3928 678 3985 voluntatem
726 3936 884 3994 tuam,
914 3925 1034 3997 quia
1068 3923 1204 3979 Deus
1232 3940 1373 3979 meus
1406 3940 1459 3978 es
1485 3930 1560 3977 tu.
1592 3921 1821 3993 Spiritus
1849 3932 1966 3976 tuus

366 4024 532 4080 bonus
553 4022 765 4078 deducet
776 4036 858 4076 me
879 4020 933 4075 in
955 4028 1143 4074 terram
1164 4025 1352 4073 rectam
1365 4025 1571 4089 prapter
1591 4032 1775 4072 nomen
1797 4024 1964 4083 tuum,

364 4113 591 4172 Domine
616 4111 715 4187 (ά).

445 4206 534 4263 η.
577 4201 699 4261 Non
726 4219 788 4260 ea:
814 4203 1038 4275 propriis
1062 4201 1278 4271 meritis,
1308 4200 1399 4256 sed
1425 4216 1488 4256 ea;
1512 4199 1606 4256 Dei
1636 4200 1879 4256 bonitate.
1899 4229 1973 4245 v—

369 4300 691 4358 Consonans
704 4296 952 4367 Apostoli
972 4294 1246 4352 confessio
1268 4301 1353 4349 est
1376 4292 1445 4350 ad
1468 4292 1522 4350 id
1540 4292 1684 4364 quod
1709 4293 1805 4359 ait,
1832 4290 1975 4347 Doce

370 4409 457 4449 me
471 4393 641 4464 facere
662 4390 976 4444 uoluntatem
1003 4396 1164 4453 tttam,
1179 4385 1311 4443 illud
1327 4384 1472 4458 quod
1504 4400 1600 4455 per
1620 4399 1742 4441 eum
1772 4383 1973 4439 dictum

2056 3171 2208 3227 rendi
2256 3187 2471 3243 quoque
2498 3172 2549 3227 id
2595 3188 2690 3244 per
2716 3189 2776 3229 se
2806 3190 2912 3230 nou
2945 3178 3176 3234 exclusit
3210 3181 3470 3239 officium.
3513 3184 3649 3242 Nam

2055 3279 2178 3320 cum
2202 3264 2552 3321 viviﬁcandus
2579 3267 2668 3332 sit,
2701 3266 3061 3325 viviﬁcandus
3092 3279 3269 3328 tamen
3300 3283 3383 3330 est
3406 3274 3459 3331 in
3490 3278 3671 3349 tequir

2057 3365 2204 3423 tate;
2235 3359 2357 3428 quia
2388 3373 2599 3429 aequum
2628 3361 2699 3413 sit
2726 3359 2888 3415 vitam
2928 3361 3156 3419 retribui
3185 3366 3471 3437 stipendiis
3496 3385 3656 3427 sanc-

2058 3449 2248 3506 titatis.
2284 3450 2351 3504 Et
2387 3466 2511 3506 cum
2537 3466 2634 3520 per
2663 3451 3091 3508 misericordiam
3125 3455 3218 3511 Dei
3267 3458 3463 3514 educto
3492 3477 3559 3517 eo
3586 3462 3656 3519 de

2062 3541 2403 3598 tribulatione
2421 3540 2770 3611 disperdendi
2797 3541 2905 3595 sint
2929 3543 3047 3613 ejus
3071 3545 3293 3609 inimici,
3308 3548 3420 3618 jam
3448 3565 3554 3606 non
3576 3562 3662 3608 est

2060 3632 2431 3688 misericordia
2462 3631 2738 3687 indiscreti
2782 3632 3105 3707 confusique
3142 3637 3371 3709 judicii;
3419 3641 3479 3715 (ἱ)
3534 3661 3659 3702 cum

2065 3740 2186 3797 quae
2214 3741 2245 3779 a
2274 3724 2622 3781 tribulatione
2646 3724 2850 3791 educit,
2879 3727 3067 3784 eadem
3095 3728 3369 3801 disperdat
3393 3733 3659 3794 inimicos:

2065 3819 2189 3889 quia
2217 3832 2281 3873 ex
2309 3816 2622 3873 meritorum
2652 3817 2984 3885 diversitate,
3008 3822 3093 3876 vel
3125 3822 3180 3879 in
3220 3840 3456 3899 paenam,
3490 3830 3575 3887 vel
3600 3831 3655 3888 in

2070 3912 2147 3988 (j)
2174 3911 2602 3968 misericordiam
2629 3912 2888 3983 judicium
2916 3922 3267 3985 temperatur.

2143 4004 2230 4061 M.
2259 4005 2388 4074 Quae
2411 4004 2510 4061 Dei
2533 4005 2744 4077 gratim,
2768 4019 2885 4075 qua:
2912 4008 3092 4061 merito
3126 4025 3248 4079 pars
3277 4012 3344 4066 sit
3371 4012 3426 4067 in
3451 4015 3667 4071 uictoria
3768 4070 3775 4077 .

2071 4100 2424 4156 tentalionum.
2453 4094 2662 4152 —Non
2705 4086 2852 4152 leves
2881 4107 3060 4153 autem
3112 4098 3218 4155 sibi
3258 4116 3379 4158 esse
3423 4104 3673 4164 inimicos

2073 4191 2342 4264 Propheta
2364 4191 2717 4256 demonstrat,
2741 4188 2837 4245 sed
2862 4203 2958 4246 eos
2987 4191 3079 4261 qui
3106 4193 3267 4249 etiam
3288 4196 3522 4253 animam
3550 4214 3674 4270 per-

2075 4293 2366 4357 sequantur
2400 4299 2414 4337 :
2449 4298 2556 4338 non
2583 4280 2727 4353 quod
2747 4296 2869 4338 cum
2898 4298 3127 4355 corpore
3154 4288 3325 4358 possit
3349 4291 3544 4359 occidi,
3574 4293 3673 4349 sed

2077 4378 2221 4451 quod
2284 4379 2354 4434 ita
2418 4375 2702 4432 diabolicis
2766 4374 3200 4448 infestationibus
3256 4381 3551 4455 fatigetur,
3616 4397 3675 4445 ct

374 4483 926 4556 est,thuiputatse
948 4479 1371 4545 scire,nondum
1393 4481 1497 4536 scit
1522 4477 1977 4549 quemadmodum
2001 4488 2056 4550 Β
2081 4474 2182 4530 sub
2229 4469 2553 4541 injectorum
2606 4467 2706 4523 sibi
2756 4468 3013 4524 vitiorum
3048 4469 3121 4544 (k)
3168 4472 3434 4532 incendiis
3476 4477 3674 4534 adura-

314 4634 323 4641 .
376 4580 629 4652 oporteat
656 4590 777 4635 sese
793 4575 935 4633 scire
965 4573 1010 4649 (l
1034 4573 1153 4631 Cor.
1187 4590 1302 4645 vin,
1326 4572 1578 4648 2).Quod
1609 4572 1657 4629 si
1684 4587 1786 4628 nec
1814 4584 1973 4627 orare

459 4717 538 4791 (a)
578 4717 747 4773 Abest
790 4714 1085 4791 tribulatam
1112 4727 1142 4768 a
1171 4712 1383 4791 duo_bus_
1410 4727 1542 4770 mss.
1584 4713 1660 4768 De
1703 4719 1975 4791 esttamen

384 4782 481 4847 via'
506 4782 594 4844 hic
618 4801 799 4842 sermo
829 4795 933 4851 est,
962 4785 1032 4841 de
1050 4800 1153 4854 qua
1181 4786 1233 4839 in
1264 4784 1407 4839 Psal.
1436 4800 1621 4851 cxvnt,
1650 4799 1706 4839 ιι.
1736 4784 1825 4839 tl:
1858 4782 1976 4849 Via,

385 4877 504 4934 quae
520 4859 598 4934 ad
624 4859 793 4934 uita_m_
811 4858 976 4934 ducit,
999 4867 1044 4911 et
1068 4864 1287 4934 angusta
1311 4867 1359 4910 et
1382 4856 1622 4934 tribulata
1645 4864 1741 4910 est.

459 4931 539 5003 (b)
582 4930 734 5003 Apud
759 4927 913 4995 Bad.,
940 4929 1030 4981 Er.
1052 4927 1253 5003 et‘Lips
1276 4942 1300 5003 :_
1314 4928 1569 5003 quomodo
1594 4934 1837 5003 o_pt_asset,
1865 4940 1981 4979 cum

388 4997 809 5073 elementi'hujus
833 5011 1019 5073 natura
1049 4997 1435 5073 existimabitur.
1474 4998 1629 5065 Apud
1665 4998 1788 5073 Par.
1808 5013 1833 5073 _:
1856 5012 1981 5073 quo-

387 5075 548 5130 modo
574 5068 775 5139 Optasse
817 5071 880 5124 de
925 5068 1182 5125 elementis
1232 5070 1388 5140 hujus
1430 5080 1629 5124 natura:
1673 5068 1983 5125 existimabi-

392 5157 520 5229 τριχί
550 5145 703 5200 locus
725 5140 1085 5213 depravatus,
1132 5140 1424 5196 resarcitur
1452 5155 1554 5211 ope
1590 5153 1722 5197 mss.
1775 5155 1889 5211 reg.
1929 5147 1985 5194 et

392 5217 660 5362 A1163.“
687 5285 742 5342 in
770 5297 903 5341 In”.
933 5284 1024 5342 ubi
1067 5283 1211 5340 male
1261 5282 1314 5338 in
1357 5282 1610 5354 vulgatis,
1664 5279 1991 5337 constituisse

393 5360 675 5417 hominem.

432 5374 675 5416 ormnem.

2083 4577 2191 4635 tur,
2218 4574 2336 4620 uta
2364 4561 2591 4618 Domino
2631 4571 2904 4617 mereatur
2950 4564 3142 4620 occidi.
3171 4565 3372 4624 Verum
3413 4580 3472 4627 ut
3509 4572 3673 4629 etiam

2355 4702 2608 4776 vulgatis,
2641 4703 2715 4774 pii
2736 4701 2980 4774 obsequii.
3004 4704 3171 4779 Magis
3192 4710 3367 4780 placet
3387 4728 3510 4771 cum
3536 4731 3674 4775 mss.

2084 4794 2591 4933 rrigittidiiﬁimas
2622 4846 3237 4933 ,‘nimic‘li..m!°‘9rilale
3292 4870 3422 4913 mss.
3446 4932 3453 4933 ί
3471 4859 3678 4922 Deinde

2344 4917 2476 4973 edit.
2528 4916 2651 5009 Par.
2693 4923 2778 4988 qui
2829 4917 3112 4990 tributam,
3160 4938 3308 4994 non,
3366 4932 3457 5002 qui
3504 4916 3679 5003 pars}:

2084 4999 2413 5187 ῖηὲιτξαίίθιθ
2441 5061 2494 5116 in
2522 5057 2769 5130 vulgatis,
2796 5058 2978 5144 aliud.
2996 5061 3163 5187 Malgis
3187 5069 3462 5138 probanda
3492 5091 3591 5133 νοχ
3616 5080 3681 5132 ει.

2114 5151 2146 5187 u
2187 5173 2203 5187 .
2236 5148 2395 5187 quam
2427 5147 2536 5187 ora:
2564 5146 2623 5185 se
2652 5130 2758 5185 fert
2782 5145 2887 5186 ms.
2910 5131 3035 5187 Mtc.
3095 5152 3125 5187 n
3153 5153 3268 5187 rear.
3303 5154 3480 5187 anlnm
3512 5160 3561 5187 ιιι
3596 5150 3681 5187 At-

2092 5130 2395 5219 tamquam
2427 5146 2623 5219 prac‘se
2647 5130 2887 5219 fert‘ms.
2910 5131 3035 5219 Μίθ-
3068 5130 3125 5219 [tt
3153 5130 3268 5219 reg.
3303 5154 3482 5203 autem
3512 5130 3683 5205 ett—Atl-

2091 5205 2202 5261 bin.
2237 5202 2411 5274 neque
2436 5210 2615 5259 exstat
2641 5202 2795 5274 illud,
2827 5218 3003 5273 neque
3030 5207 3195 5264 aliud.

2172 5274 2242 5355 (i)_
2269 5272 2397 5330 Mss.
2426 5289 2541 5355 reg.
2570 5272 3070 5355 etOAIbin_.A,_qua.et
3112 5296 3230 5336 eum
3272 5301 3306 5338 (ι
3359 5288 3688 5348 tribulatione

2097 5344 2358 5421 educit_et
2385 5344 2563 5421 eadem
2579 5344 2835 5421 dispertiit
2852 5345 3095 5421 inimicos
3116 5369 3135 5405 :
3155 5370 3273 5421 qua,
3296 5366 3401 5412 etc.

468 5431 551 5507 (ά)
591 5428 960 5507 Expunximus
989 5426 1099 5494 hic,
1123 5426 1399 5500 uiuiﬁcabis
1423 5442 1505 5481 me
1527 5426 1582 5481 in
1619 5424 1854 5497 (equitate
1878 5431 1988 5490 tua,

397 5501 538 5561 mss.
562 5501 905 5557 auctoritate.

474 5573 546 5648 (e)
568 5573 664 5648 ita
684 5570 1221 5648 ISegius_codex_cum
1242 5570 1426 5648 Albin.
1457 5568 1596 5648 Edjti
1617 5583 1773 5648 vero_1
1791 5581 1995 5648 arcanae

400 5637 644 5792 fatuum.
696 5637 833 5701 Τιιίιι
880 5642 1038 5714 Bad.,
1070 5641 1164 5698 Er.
1198 5652 1254 5701 et
1281 5643 1427 5714 Lips.
1477 5640 1662 5710 effectu
1688 5655 1706 5695 :
1734 5637 1861 5696 Par.
1911 5640 1995 5710 af-

427 5735 484 5774 ec
507 5735 559 5775 ιι.

427 5727 559 5775 τοία.

2171 5416 2239 5502 (λ)
2267 5418 2481 5485 Εκειιεί,
2516 5415 2593 5502 υρζ
2614 5410 2678 5468 ὺί
2696 5410 3055 5502 misericordiae
3070 5410 3326 5493 judicium
3355 5410 3689 5501 temperatur.

2098 5487 2286 5547 Melius
2313 5504 2443 5544 mss.
2474 5487 2551 5542 uel
2574 5487 2628 5540 in
2646 5487 3198 5556 misericordiam-etc,

2173 5560 2250 5639 (lt)
2278 5559 2440 5627 Editi,
2464 5557 2728 5639 incentiuis
2749 5573 2996 5639 arguatur
3017 5579 3037 5617 :
3058 5568 3384 5639 castigantur
3410 5587 3476 5629 ex
3502 5589 3635 5632 mss.
3659 5592 3692 5634 a

2103 5629 2297 5708 quibus
2322 5646 2445 5687 mox
2476 5629 2631 5686 abest
2660 5629 2919 5758 piracula
2965 5649 3156 5704 verum,
3184 5629 3304 5710 qua:
3335 5643 3489 5701 salvo
3504 5629 3690 5707 sensu

2103 5712 2282 5758 notest
2298 5702 2491 5758 adesse
2514 5700 2601 5758 vel
2628 5714 2656 5757 a
2731 5715 2840 5758 sse.

2100 5700 2282 5780 potest
2298 5702 2491 5762 adesse
2514 5700 2601 5758 vel
2628 5700 2840 5760 abesse.

726 5814 1001 5879 ΡΛτιιοι..
1046 5807 1164 5875 ΙΧ.
3189 5802 3272 5863 27
