4134 6184
490 216 599 280 843

1648 220 1663 225 ”
1679 206 1924 267 SANCTI
1961 201 2221 265 HILARII
2242 192 2554 267 EPISCOPl

3686 207 3789 268 8M

489 329 696 391 inimici
720 330 803 388 sui
829 327 1089 403 pereant,
1118 337 1443 398 quamquam
1480 321 1549 381 ad
1577 322 1631 379 id
1661 324 2002 395 potissimum
2033 331 2090 379 et
2114 321 2170 382 Α
2195 326 2304 377 tum
2331 321 2497 379 luisse
2525 320 2716 393 psalmi
2757 321 2926 394 ipsius
2952 328 3105 381 textu
3128 322 3393 382 docetur:
3431 310 3672 398 nihilque
3701 325 3790 383 hic

490 441 691 483 nomen
717 434 773 482 et
802 421 1170 480 misericordia
1204 420 1303 476 Dei
1328 428 1441 484 est;
1468 426 1647 474 tamen
1672 414 1750 491 (a)
1776 430 1898 472 cum
1924 415 2087 471 etiam

491 533 560 576 ea
609 531 773 588 causa
818 521 926 581 est,
958 512 1103 585 quod
1149 527 1343 573 servus
1386 512 1478 569 Dei
1522 521 1626 574 est.
1662 509 1813 580 cujus
1851 509 2087 564 animam

494 616 919 682 persequantur;
946 616 1006 665 et
1029 605 1331 663 liberalitas
1365 604 1455 675 (ex
1483 611 1637 675 parte
1666 600 1797 676 Dei)
1824 601 2090 657 admisce-

490 710 599 770 tur,
623 707 681 758 et
705 690 1069 771 utet-itumlex
1092 705 1245 768 parte
1275 695 1566 767 hominis);
1596 702 1760 765 atque
1783 692 1852 749 ad
1874 691 2089 748 Domini

489 793 940 862 misericordiam,
968 793 1110 849 servi
1131 806 1346 863 quoque
1365 796 1422 847 et
1440 788 1573 846 ﬁdes
1598 796 1654 845 et
1679 803 1875 845 nomen
1896 787 2089 856 adjun-

488 887 633 961 gitur
687 902 705 943 :
759 896 821 945 ut
874 884 1246 943 misericordia
1309 883 1403 939 Dei
1452 896 1778 954 quamquam
1834 878 2089 935 omnibus

488 989 741 1054 prompta
763 981 865 1048 sit,
894 980 978 1037 his
1008 988 1191 1035 tamen
1217 977 1310 1048 qui
1339 976 1486 1033 servi
1513 976 1632 1043 ejus
1660 981 1789 1031 sunt
1820 972 2090 1044 intelliga-

489 1083 578 1135 tur
603 1076 882 1141 assistere,
914 1089 1013 1145 per
1036 1088 1161 1128 eum
1192 1071 1325 1129 etin
1355 1086 1422 1128 eo
1446 1070 1537 1140 qui
1567 1069 1644 1124 ait
1670 1086 1685 1122 :
1717 1069 1830 1140 Ego
1856 1083 1970 1123 sum
1992 1082 2087 1121 vo-

488 1168 682 1227 biscum
708 1167 943 1224 omnibus
972 1165 1148 1221 diebus
1178 1181 1338 1235 usque
1361 1164 1430 1217 ad
1457 1161 1948 1217 consummationem
1991 1176 2091 1215 ste-

488 1262 595 1319 culi
629 1260 855 1334 (Matth.
888 1275 1093 1329 xxvm,
1117 1259 1253 1327 20),
1286 1258 1573 1314 Dominum
1621 1265 1866 1314 nostrum
1903 1255 2088 1312 Jesum

486 1351 763 1411 Christum
784 1394 803 1421 ,
825 1352 915 1424 qui
945 1361 1030 1409 est
1070 1351 1387 1409 benedictus
1417 1358 1473 1408 et
1503 1364 1645 1407 nunc
1670 1358 1725 1407 et
1766 1365 2007 1421 semper,
2035 1354 2092 1404 et

487 1447 545 1507 in
566 1448 748 1509 eximia
773 1446 975 1504 smcula
1001 1446 1343 1503 ett-culorum.
1374 1447 1566 1501 Amen.

996 1559 1313 1618 PSALMUS
1350 1559 1582 1617 CXLIII.

905 1673 1149 1729 Psalmus
1177 1674 1350 1729 David
1370 1675 1426 1729 in
1452 1673 1678 1731 Goliam.

557 1763 864 1822 Benedictus
884 1763 1138 1822 Dominus
1162 1767 1303 1831 Deus
1323 1768 1573 1843 meus.qui
1592 1766 1736 1821 docet
1754 1782 1936 1831 manus
1956 1782 2097 1833 meas

485 1857 555 1912 ad
576 1857 785 1924 bellum,
806 1867 855 1912 et
877 1857 1066 1929 digitos
1088 1874 1225 1912 meos
1246 1859 1299 1911 in
1320 1857 1577 1929 prmlium.
1604 1855 1962 1919 Misericordia
1982 1873 2096 1915 mea

484 1957 536 2003 et
562 1949 823 2021 refugium
851 1965 1019 2004 meum
1043 1993 1058 2017 ,
1089 1958 1356 2019 susceptor
1399 1965 1540 2004 meus
1582 1958 1627 2005 et
1667 1947 1913 2007 liberator
1952 1964 2096 2005 meus

466 2041 510 2110 ,(
542 2039 685 2097 Infra
713 2040 931 2096 additur
956 2058 1009 2096 es
1035 2039 1135 2113 tu).
1165 2040 1437 2096 Protector
1464 2059 1605 2101 meus
1625 2084 1641 2109 ,
1682 2052 1729 2099 et
1758 2043 1813 2097 in
1839 2042 1952 2115 ipso
1973 2058 2095 2112 spe.

484 2134 594 2189 ravi
628 2148 647 2187 :
675 2133 761 2204 qui
805 2133 1039 2204 subjiciet
1066 2133 1266 2205 (Infra,
1301 2131 1612 2205 subjiciens)
1637 2134 1885 2207 populum
1924 2151 2097 2199 meum

483 2223 579 2278 sub
604 2239 705 2279 me.
734 2223 970 2288 Domine,
992 2224 1117 2296 quid
1141 2235 1214 2281 est
1241 2226 1393 2281 homo
1421 2268 1436 2293 ,
1458 2228 1584 2299 quia
1608 2228 1877 2283 innotuiin
1896 2229 1942 2283 ei
1967 2237 2098 2285 :attt

485 2317 625 2386 ﬁlius
648 2316 891 2381 hominis,
922 2317 1061 2387 quod
1083 2318 1299 2389 deputas
1322 2319 1473 2373 eum?
1494 2318 1665 2383 Homo
1692 2319 1930 2381 uanitatis
1951 2320 2095 2375 simi-

483 2407 550 2463 lis
578 2410 748 2480 factus
773 2416 847 2464 est
878 2425 897 2463 :
923 2409 1032 2463 dies
1078 2411 1189 2481 ejus
1232 2411 1365 2465 sicut
1401 2412 1583 2467 umbra
1622 2420 1949 2482 prwtereunt.
1984 2411 2095 2467 Do-u

485 2503 642 2565 mine,
698 2503 889 2557 inclina
915 2503 1067 2558 ctelos
1097 2512 1229 2570 tuos,
1260 2514 1306 2559 et
1327 2502 1607 2570 descende;
1635 2514 1796 2577 tange
1826 2515 2099 2575 montes,e,t.

486 2595 843 2667 fumigabunt;
863 2611 1076 2650 corusca
1098 2605 1422 2651 coruscantes
1446 2596 1634 2669 (Infra,
1665 2597 2090 2670 coruscationes),

487 2699 535 2744 et
560 2684 838 2761 dissipabis
877 2706 999 2757 eos;
1024 2691 1197 2745 emitte
1242 2691 1456 2761 sagittas
1496 2702 1613 2747 tuas
1639 2734 1654 2757 ,
1683 2701 1732 2749 et
1763 2693 2088 2751 conturbabis

392 2790 405 2799 ‘
488 2796 594 2836 eos.
622 2778 820 2837 Emitte
849 2778 1038 2855 (Infra,
1068 2780 1287 2853 emittes)
1314 2792 1680 2841 manumtuam
1700 2784 1761 2838 de
1782 2784 1889 2840 alto
1913 2801 1931 2839 :
1953 2786 2096 2857 eripe

488 2888 588 2935 me,
612 2873 848 2928 et'libera
877 2890 956 2929 me
977 2874 1155 2948 (abest
1183 2885 1229 2931 et
1260 2877 1421 2931 libera
1449 2877 1547 2949 me)
1566 2878 1629 2933 de
1651 2878 1797 2949 aquis
1826 2879 2025 2944 multis,
2045 2891 2099 2945 es,

486 2965 551 3020 de
573 2966 914 3037 manu([nlra,
942 2985 1098 3023 manu
1122 2968 1320 3043 iniqua)
1347 2972 1578 3037 ﬁliorum
1605 2974 1915 3031 alienorum.
1949 2976 2091 3044 Quo-

486 3070 603 3110 rum
633 3073 689 3111 os
718 3058 943 3119 locutum
965 3070 1036 3116 est
1049 3062 1414 3120 vanitatem:et
1426 3064 1637 3122 dextera
1669 3084 1844 3127 eorum
1880 3070 2092 3129 dextera

488 3146 789 3220 iniquitatis.
808 3149 970 3217 Deus,
986 3156 1239 3209 canticum
1441 3175 1627 3216 novum
1653 3162 1867 3217 cantabo
1897 3163 2009 3230 tibi,
2032 3164 2089 3218 in

487 3240 734 3312 psalterio
800 3243 1284 3301 decemcltordarum
1356 3250 1578 3317 psallam
1641 3253 1750 3307 tibi.
1833 3254 1936 3320 Qui
2005 3256 2099 3315 dat

489 3332 673 3405 (Infra,
718 3332 834 3409 das)
870 3335 1088 3390 salutem
1125 3339 1331 3409 regibus
1360 3355 1379 3393 :
1409 3343 1497 3408 qui
1523 3342 1704 3405 liberat
1720 3362 1921 3402 servum
1942 3366 2099 3407 suum

492 3422 679 3495 (Infra,
723 3428 908 3483 liberas
959 3428 1131 3486 David
1186 3449 1389 3489 servum
1418 3434 1600 3509 tuum)
1626 3453 1645 3491 :
1677 3439 1740 3493 de
1764 3438 1943 3510 gladio
1974 3459 2088 3498 ma-

490 3516 632 3590 ligno
658 3520 797 3590 eripe
818 3520 1014 3603 (Ilnl'ra,
1045 3521 1188 3595 erue)
1217 3542 1312 3581 me.
1349 3525 1415 3580 Et
1442 3530 1580 3600 eripe
1608 3546 1689 3586 me
1718 3531 1781 3585 de
1808 3549 1961 3588 manu
1992 3535 2093 3604 filii

488 3610 647 3666 alieni
676 3611 827 3685 (Haec
852 3632 959 3671 non
988 3624 1205 3671 exstant
1231 3616 1412 3692 infra).
1433 3620 1737 3691 Quorumos
1768 3625 1994 3681 locutum
2017 3636 2097 3685 est

488 3705 784 3773 vanitatem,
801 3715 850 3759 et
874 3707 1083 3761 dextera
1107 3726 1279 3763 eorum
1304 3714 1512 3767 dextera
1535 3714 1840 3782 iniquitatis.
1861 3718 2096 3785 Quorum

488 3792 589 3861 filii
621 3796 753 3848 sicut
780 3797 994 3851 novella:
1014 3798 1376 3867 plantationes,
1405 3804 1643 3859 stabilitas
1668 3806 1859 3879 (Infra,
1891 3811 2097 3868 novella

490 3883 742 3952 plantatio
763 3884 1026 3957 stabilita)
1059 3889 1110 3942 in
1127 3888 1398 3961 juventute
1419 3910 1532 3950 sua.
1558 3894 1715 3952 Filia:
1740 3915 1915 3955 eorum
1939 3901 2094 3957 deco-

490 3985 618 4031 rata:
639 3976 833 4050 (Infra,
867 3982 1196 4055 compositis)
1222 4000 1239 4039 :
1266 3995 1312 4040 et
1341 3986 1730 4049 circumarnatw
1754 4002 1813 4055 ut
1844 3993 2092 4053 similitu-

489 4067 555 4123 do
595 4072 790 4142 templi.
826 4072 893 4128 Et
922 4078 1275 4148 promptuaria
1304 4096 1481 4135 eorum
1526 4083 1699 4153 plena.
1719 4088 2003 4143 eructantia
2029 4103 2097 4143 ea;

489 4162 586 4219 hoc
614 4168 667 4219 in
694 4167 847 4222 illud.
869 4167 997 4223 Oves
1023 4187 1197 4226 eorum
1228 4176 1425 4243 fetosw.
1457 4175 1777 4235 abundantes
1802 4179 1859 4236 in
1885 4181 2097 4238 itineri...

489 4256 583 4313 bus
606 4277 780 4314 eorum
823 4261 1007 4335 (Infra,
1030 4267 1310 4336 egressibus
1330 4269 1458 4340 suis)
1491 4287 1509 4325 :
1537 4272 1685 4329 boves
1705 4289 1884 4331 eorum
1922 4279 2086 4334 crassi

490 4348 676 4421 (Infra,
692 4352 922 4425 crassce).
950 4355 1072 4410 Non
1096 4362 1334 4416 estruina
1361 4365 1614 4431 macerias,
1634 4384 1794 4438 neque
1818 4372 2095 4436 transitus,

486 4459 645 4516 neque
671 4447 931 4501 clamorin
941 4448 1126 4516 plateis
1139 4468 1334 4507 eorum.
1350 4453 1566 4513 Beatum
1592 4459 2088 4536 dixeruntpOpqum
2110 4493 2173 4555 Β

487 4537 567 4591 cui
591 4538 698 4593 Iuec
727 4547 841 4594 sunt
856 4553 875 4594 :
892 4540 1069 4595 beatus
1085 4544 1326 4616 papulas,
1344 4548 1495 4613 cujus
1515 4547 1771 4611 Dominus
1781 4552 1922 4612 Deus
1950 4559 2079 4627 ejus.

920 4657 1336 4718 TRACTATUS
1358 4662 1639 4721 PSALMI.

560 4747 608 4800 i.
639 4745 886 4804 Titulusa
899 4749 1041 4805 LXX
1058 4752 1285 4818 additus,
1311 4754 1374 4810 de
1387 4773 1486 4822 quo
1505 4760 1763 4827 psalmum
1786 4764 2085 4839 intelligen-

486 4835 606 4891 dum
622 4839 1073 4897 indicet.—Vnns.
1107 4844 1228 4900 1-7.
1252 4846 1318 4900 Et
1337 4844 1463 4907 huic
1481 4865 1696 4922 quoque
1739 4835 2085 4924 psalmo'ad-

486 4925 714 4987 dentiam
767 4930 907 4989 hanc
949 4932 1301 5006 Septuaginta
1329 4943 1843 5014 superscriptionem
1864 4959 2085 5017 putave-

486 5025 637 5074 runt:
659 5019 898 5077 Psalmus
929 5025 1096 5080 David
1116 5028 1171 5083 in
1191 5026 1422 5099 Goliam;
1436 5047 1559 5090 cum
1583 5050 1758 5108 neque
1784 5038 1837 5095 in
1870 5038 2083 5101 bebrai-

481 5112 560 5168 eis
590 5113 739 5211 libris
765 5117 839 5192 (b)
862 5125 1200 5196 reperiatur,
1230 5143 1409 5200 neque
1436 5133 1791 5191 translatores
1812 5137 1901 5193 alii
1923 5140 2083 5211 quid-

479 5220 638 5303 quam
670 5209 816 5303 aliud
843 5228 1005 5283 quam
1034 5217 1335 5289 simplicem
1366 5222 1578 5280 titulum
1612 5209 2042 5301 praescripserint
2061 5228 2089 5303 ,“

436 5334 443 5338 .
479 5298 534 5357 id
573 5310 691 5372 est,
722 5301 917 5360 David.
946 5307 1103 5376 Quod
1132 5327 1237 5368 non
1270 5313 1388 5372 sine
1415 5317 1641 5389 Spiritali
1666 5298 1877 5381 ratione
1905 5298 2071 5388 elice;

545 5485 621 5585 .(g)
644 5487 859 5585 Pipsius
882 5504 1165 5585 exput't‘ctaj
1174 5497 1439 5585 particula
1469 5516 1607 5585 cum,
1627 5511 1821 5559 caetera
1854 5516 2066 5585 pertur-

472 5556 1004 5689 ιέῗιθὲῗξιξξὲςεθτέι.
1030 5564 1104 5625 Ea
1134 5556 1441 5625 distinctius
1466 5556 1785 5632 exhibemus
1796 5556 1882 5632 ᾐθὶ
1894 5556 2063 5649 b531,

471 5736 481 5767 ι
543 5698 619 5773 (b)
667 5701 781 5760 lmo
811 5712 947 5763 teste
975 5704 1323 5767 Theodoreto
1351 5715 1617 5783 aequatio.
1649 5718 1906 5778 omnibus
1939 5720 2075 5794 Sep-

2194 416 2430 487 psalmus
2480 416 2755 487 proprium
2809 417 3002 485 habet,
3051 417 3197 488 quod
3257 417 3326 477 ad
3370 417 3789 490 gratulationem

2190 510 2458 582 perempti
2498 508 2666 566 Goliae
2696 510 2868 583 possit
2893 510 3106 579 referri,
3139 526 3261 568 cum
3277 511 3448 589 magis
3477 510 3588 566 illic
3615 517 3671 566 et
3698 525 3795 581 ge-

2193 601 2290 656 stis
2317 609 2373 656 et
2397 600 2627 671 tempori
2649 600 2816 656 multa
2837 602 3110 657 contraria
3150 601 3279 657 sint.
3311 598 3449 657 Cum
3478 601 3622 659 enim
3651 599 3791 656 dici-

2194 702 2280 751 tur
2320 713 2334 748 :
2386 694 2678 766 Subjiciens
2720 694 2971 768 papulum
3011 712 3181 750 meum
3227 696 3322 755 sub
3363 712 3472 764 me,
3525 692 3793 768 numquid

2192 794 2306 841 tum
2334 785 2499 842 David
2528 801 2623 843 rex
2651 787 2815 843 erat?
2842 795 2936 843 aut
2960 788 3082 861 quis
3102 795 3216 843 tum
3236 787 3290 849 ei
3316 788 3547 867 populus
3575 788 3798 860 subjec-

2190 884 2279 935 tus
2305 888 2421 945 cst,
2453 878 2499 934 si
2529 877 2929 952 allophylorum
2974 878 3219 954 (subaud.
3249 879 3507 952 populus)
3537 896 3643 935 non
3674 889 3801 937 erat

2191 972 2361 1029 suus?
2388 972 2493 1030 Sed
2525 987 2594 1028 ne
2624 974 2738 1042 ipse
2769 972 2991 1045 quidem
3042 971 3248 1043 Israel,
3293 971 3427 1030 Saul
3479 972 3655 1028 adhuc
3708 988 3801 1029 re-

2190 1076 2418 1137 gnante,
2476 1074 2687 1136 poterat
2733 1080 2859 1122 esse
2904 1064 3203 1136 subjectus.
3237 1063 3444 1121 Deinde
3498 1071 3554 1121 et
3604 1060 3740 1121 illud
3774 1081 3793 1118 :

2192 1156 2414 1212 Domine
2432 1198 2448 1223 ,
2471 1156 2667 1211 inclina
2694 1158 2847 1213 castos
2883 1166 2995 1213 tuos
3014 1200 3030 1225 ,
3054 1166 3102 1213 et
3149 1156 3400 1234 descende
3426 1174 3447 1224 ;
3473 1166 3622 1231 tange
3647 1173 3804 1215 man-

2191 1258 2296 1317 tes,
2341 1259 2389 1305 et
2419 1250 2780 1321 fumigabunt;
2842 1265 3059 1304 corusca
3109 1251 3490 1305 coruscationes
3521 1289 3539 1317 ,
3568 1258 3616 1310 et
3680 1250 3800 1304 dis-

2190 1342 2383 1413 sipabis
2427 1359 2542 1408 eos,
2573 1359 2694 1414 quae
2737 1358 2861 1401 esse
2901 1343 3230 1419 intelligetur
3283 1343 3354 1401 ob
3395 1344 3616 1403 humani
3670 1342 3800 1401 belli

2193 1444 2405 1507 tempus
2458 1437 2677 1492 oratio?
2713 1437 2820 1493 Aut
2859 1452 2984 1495 cum
3042 1437 3340 1494 secundum
3387 1437 3607 1495 titulum
3635 1436 3804 1494 Golia

2193 1538 2340 1587 esset
2385 1530 2618 1599 occisus,
2666 1530 2797 1602 quid
2853 1528 2961 1587 sibi
3006 1530 3090 1587 hae
3137 1545 3322 1602 preces
3369 1531 3555 1587 volunt
3589 1549 3603 1585 :
3636 1528 3807 1601 Eripe

2192 1640 2303 1693 me,
2335 1633 2383 1679 et
2427 1623 2586 1681 libera
2640 1641 2723 1679 me
2770 1625 2835 1680 de
2875 1625 3024 1697 aquis
3066 1625 3241 1681 multis
3264 1667 3281 1693 ,
3307 1634 3355 1685 et
3406 1626 3471 1681 de
3526 1641 3684 1680 manu
3729 1626 3805 1695 [i-

2125 1717 2174 1778 B
2200 1713 2389 1769 liorum
2411 1715 2739 1771 alienorum?
2755 1718 2999 1772 Autcum
3026 1732 3123 1773 rex
3152 1724 3359 1773 tantum
3381 1732 3521 1772 unus
3549 1717 3603 1772 in
3626 1717 3805 1774 Israel

2200 1814 2379 1872 esset;
2415 1807 2545 1878 quid
2566 1815 2651 1864 est
2697 1808 2837 1863 istud
2888 1807 3034 1880 quod
3059 1808 3292 1875 dicitur,
3324 1807 3390 1864 γ.
3442 1808 3540 1865 1οξ
3575 1807 3679 1876 Qui
3704 1809 3807 1864 das

2199 1898 2416 1953 salutem
2461 1898 2716 1970 regibus?
2762 1899 3028 1956 Numerus
3062 1900 3326 1971 plurium
3385 1900 3805 1977 intelligentiam

2198 1989 2316 2061 ejus
2347 1992 2606 2062 temporis
2626 2034 2640 2058 ,
2659 2008 2782 2063 quo
2813 2008 2951 2049 unus
2980 2002 3189 2050 tantum
3236 1993 3567 2061 habebatur,
3611 1997 3809 2055 exclu-

2199 2082 2299 2139 dit.
2331 2084 2441 2141 Sed
2486 2100 2609 2142 cum
2654 2101 2755 2143 nec
2783 2087 2835 2142 in
2885 2087 3117 2144 hebraeis
3156 2087 3308 2144 libris
3354 2090 3426 2144 ita
3468 2092 3585 2158 sit,
3622 2106 3809 2161 neque

2198 2179 2554 2236 translatores
2585 2181 2767 2238 caueri
2795 2181 2990 2238 horum
3019 2182 3221 2255 aliquid
3247 2182 3591 2252 addiderint;
3635 2184 3809 2243 intel-

2199 2271 2414 2343 ligimus
2442 2276 2777 2346 septuaginta
2802 2275 2901 2332 hos
2931 2277 3177 2334 seniores
3205 2292 3427 2337 sensum
3449 2279 3606 2339 nobis
3637 2281 3807 2353 spiri-

2198 2365 2325 2421 talis
2343 2368 2581 2423 scientite
2606 2369 2920 2440 reliquisse:
2949 2379 3006 2426 ut
3035 2370 3089 2426 in
3132 2371 3305 2428 David
3327 2381 3383 2430 et
3409 2372 3563 2431 Golia
3590 2375 3802 2432 bellum

2198 2459 2599 2530 prmﬂguratum
2622 2478 2745 2520 esse
2771 2474 2977 2520 satana!
3001 2465 3324 2537 Dominique
3346 2465 3645 2534 sciremus;
3673 2484 3809 2527 cum

2196 2554 2411 2626 quando
2440 2572 2614 2629 neque
2638 2558 2800 2633 611
2830 2560 3222 2632 superscriptio
3260 2570 3499 2619 exstaret
3525 2562 3578 2621 in
3611 2563 3805 2632 libris,

2199 2662 2374 2718 neque
2400 2649 2562 2705 rebus
2585 2654 2748 2721 gestis
2779 2651 3079 2723 prophetiae
3109 2669 3297 2713 sermo,
3317 2655 3653 2713 concineret.

2267 2740 2323 2795 2.
2355 2741 2435 2795 An
2456 2742 2619 2812 ipsius
2644 2741 2834 2810 David,
2865 2761 2932 2799 an
2953 2746 3015 2799 de
3042 2744 3213 2809 David
3241 2747 3345 2801 sint
3370 2747 3579 2816 psalmi,
3605 2749 3802 2805 latinus

2196 2848 2365 2888 sermo
2394 2850 2497 2887 non
2527 2835 2787 2905 exprimit.
2839 2833 3088 2892 Psalmus
3114 2837 3199 2892 Itic
3223 2838 3288 2892 de
3317 2836 3544 2895 Christo.
3579 2869 3652 2881 —
3692 2842 3794 2897 Af-

2198 2923 2302 2980 fert
2324 2935 2505 2981 autem
2538 2927 2857 3000 plerumque
2881 2928 3037 2986 nobis
3068 2929 3442 2989 difficultatem
3481 2934 3796 3007 intelligen-

2198 3018 2285 3073 tim
2312 3020 2465 3075 ratio
2497 3020 2778 3077 latinitatis
2799 3064 2811 3086 ,
2841 3038 2961 3094 quae
3001 3025 3315 3083 nominibus
3343 3030 3661 3098 pronomina
3683 3044 3805 3087 non

2115 3107 2161 3172 Ε
2194 3118 2278 3165 est
2299 3111 2453 3167 solita
2473 3127 2821 3182 praeponere:
2852 3123 2912 3169 ut
2938 3115 2991 3169 in
3012 3116 3175 3175 David
3199 3120 3418 3179 nomine
3443 3120 3796 3179 accidit.Ces-

2195 3211 2349 3258 sante
2375 3204 2517 3259 enim
2545 3207 2885 3276 pronomine,
2928 3209 3197 3266 incertum
3220 3219 3305 3267 est
3334 3221 3511 3269 utrum
3537 3215 3588 3269 in
3617 3216 3803 3284 illum,

2195 3302 2288 3349 aut
2312 3310 2414 3366 per
2438 3296 2588 3350 illum
2613 3297 2851 3368 psalmus
2870 3303 3162 3357 exstiterit.
3204 3304 3338 3360 Cum
3361 3306 3507 3362 enim
3536 3307 3799 3367 scribitur

2194 3390 2425 3458 psalmus
2456 3389 2659 3459 David;
2687 3402 2865 3449 utrum
2893 3395 3075 3453 abillo
3103 3397 3295 3455 dictus,
3323 3398 3424 3465 sit,
3455 3410 3549 3465 aut
3570 3414 3798 3473 propter

2160 3500 2169 3509 κ
2192 3478 2364 3546 illum,
2390 3482 2696 3553 ambiguum
2727 3484 2854 3541 facit
2871 3488 3102 3547 nominis
3124 3491 3238 3546 sola
3264 3493 3622 3569 praescriptio.
3650 3494 3802 3555 Crte-

2194 3572 2326 3627 citas
2355 3588 2485 3629 vero
2510 3590 2631 3630 cum
2658 3592 2752 3644 per
2779 3578 2943 3635 David
2971 3581 3236 3655 psalmum
3280 3585 3540 3659 scriptum
3567 3602 3695 3643 esse
3720 3588 3798 3644 si-

2193 3665 2449 3737 gniﬁcat,
2472 3667 2544 3722 ita
2571 3669 2785 3725 titulum
2817 3672 3093 3741 inscribit,
3126 3674 3330 3749 ψαλμός
3358 3683 3450 3733 τοῦ
3495 3677 3697 3735 Δαϐὶδι
3741 3688 3799 3736 at

2196 3775 2325 3816 vero
2351 3776 2471 3823 cum
2502 3762 2571 3817 de
2607 3764 2773 3821 David
2802 3767 2916 3821 vult
2946 3768 3208 3837 psalmum
3231 3770 3321 3860 qui
3350 3772 3422 3831 sit
3447 3774 3682 3846 scriptus
3708 3776 3795 3830 in-

2195 3854 2394 3923 telligi.
2435 3855 2509 3910 ita
2545 3859 2934 3928 superscribit,
2982 3871 3057 3938 τῷ
3099 3854 3299 3927 Δαϐἱδῖ
3328 3865 3650 3927 discernens
3693 3884 3794 3941 per

2196 3948 2479 4018 utriusque
2548 3952 2885 4020 pronominis
2953 3958 3225 4027 propriam
3293 3959 3744 4032 signiﬁcationem
3774 4004 3803 4032 ,,

2194 4047 2372 4093 utrum
2403 4040 2569 4098 David
2598 4045 2783 4114 scripti
2815 4046 3009 4115 psalmi
3039 4058 3264 4118 auctor,
3311 4066 3378 4106 an
3410 4067 3574 4113 causa
3601 4056 3706 4111 sit:
3733 4064 3797 4115 ut

2193 4132 2583 4200 superscriptio
2632 4137 2827 4207 psalmi
2869 4139 3026 4197 istius
3054 4141 3331 4209 continet,
3373 4147 3649 4219 τῷίΔαϐὶδ
3674 4190 3693 4216 ,
3722 4148 3792 4203 ita

2194 4223 2338 4278 enim
2372 4223 2535 4281 habet
2552 4227 2651 4293 ,,id
2675 4236 2795 4295 est,
2827 4231 3217 4304 quodpropter
3239 4250 3363 4297 eum
3385 4237 3473 4295 vel
3492 4238 3567 4297 illi
3591 4240 3797 4309 potius,

2194 4331 2353 4386 quam
2376 4319 2445 4375 ab
2469 4335 2536 4376 eo
2560 4323 2794 4392 scriptus
2814 4324 2902 4381 sit.
2960 4326 3038 4381 Ex
3059 4344 3173 4398 qua
3192 4329 3356 4389 etiam
3377 4333 3571 4402 psalmi
3602 4349 3793 4406 super-

2193 4411 2486 4479 scriptione
2524 4421 2889 4482 monstratur,
2921 4415 2975 4472 in
2998 4433 3124 4474 eum
3154 4420 3453 4489 hominem,
3484 4439 3649 4496 quem
3691 4427 3793 4483 Do-

2190 4500 2371 4556 minus
2400 4505 2691 4575 assumpsit
2731 4507 2783 4561 in
2826 4522 2894 4564 eo
2920 4524 3187 4579 nascens,
3209 4522 3264 4568 et
3291 4528 3449 4580 quem
3493 4516 3666 4572 David
3691 4532 3793 4573 sat-

2194 4592 2415 4664 pissimc
2442 4598 2710 4654 nominari
2740 4600 3044 4672 docuimus,
3078 4605 3348 4674 psalmum
3377 4607 3522 4666 hunc
3549 4608 3787 4683 Spiritus

2192 4685 2391 4743 virtute
2419 4697 2477 4745 et
2503 4688 2788 4760 Prophetas
2812 4707 2909 4749 ore
2935 4704 3231 4753 cantatum.

2264 4780 2318 4835 3.
2348 4780 2655 4838 Benedictus
2687 4785 2939 4843 Dominus
2970 4787 3115 4845 Deus
3149 4807 3323 4858 meus,
3353 4794 3442 4865 qui
3489 4795 3640 4853 docet
3678 4814 3783 4853 ma-

2195 4889 2291 4928 nus
2350 4892 2489 4930 meas
2534 4877 2586 4930 in
2633 4877 2859 4947 bellum,
2900 4892 2948 4938 et
2999 4883 3189 4955 digitos
3232 4901 3385 4943 meos.
3421 4888 3485 4945 in
3526 4890 3781 4960 pretium.

2192 4967 2248 5023 Si
2279 4967 2349 5024 ob
2397 4969 2448 5024 id
2477 4971 2826 5041 gratulationi
2855 4976 3123 5034 interfecti
3171 4978 3353 5036 Golitn-
3386 4980 3681 5053 deputatur
3702 4970 3804 5040 hic.

2193 5060 2474 5131 psalmus,
2505 5064 2631 5133 quia
2659 5065 2863 5123 dictum
2893 5078 2977 5125 est
3002 5110 3018 5134 ,
3047 5071 3150 5138 Qui
3177 5072 3327 5129 docet
3353 5090 3536 5130 manus
3565 5092 3707 5133 meas
3733 5077 3786 5131 in

2196 5153 2418 5218 bellum;
2462 5158 2732 5227 accipiant
2778 5161 3083 5234 exemplum
3144 5164 3245 5221 hoc
3299 5180 3550 5236 personae
3605 5172 3791 5241 potius

2192 5242 2403 5301 Domini
2424 5249 2736 5307 convenire.
2758 5250 2894 5308 Nam
2935 5254 2995 5309 in.
3015 5255 3267 5326 septimm
3281 5256 3509 5315 decimo;
3526 5261 3743 5330 psalmo
3770 5301 3786 5328 ,

2189 5336 2281 5407 qui
2307 5346 2451 5395 totus
2479 5356 2546 5397 ex
2579 5358 2806 5414 persona
2841 5345 3055 5403 Domini
3080 5349 3363 5418 consistit,
3389 5350 3443 5406 id
3476 5352 3653 5423 ipsum
3674 5352 3791 5413 dic-

2175 5516 2411 5599 titaginta
2443 5522 2841 5599 exemplaribus
2867 5544 2888 5599 ξε
2918 5527 2998 5599 sic
3026 5529 3172 5586 enim
3201 5529 3400 5599 habet,
3427 5531 3789 5591 Its-nonnullis

2174 5588 2548 5682 egenam-nus
2558 5588 2876 5682 inscripti-oni
2885 5598 3125 5657 additum
3135 5588 3466 5682 ίηυέὴίέτέρδς
3481 5588 3795 5682 anno;

2187 5655 2374 5757 Yffﬁ'."
2394 5678 2554 5757 2523f?
2576 5655 2727 5757 ξρξκξ
2741 5655 3042 5757 ﬂebas";-
3070 5655 3782 5757 ῖιειιέιὲἓένᾷἵὶὶέὂῖἶῆἓλ

2181 5738 2373 5798 pretes,
2393 5747 2554 5803 neque
2572 5737 2712 5807 apud
2734 5737 2872 5808 ipsos
2899 5740 3042 5798 LXX
3065 5737 3234 5804 iuveni
3254 5737 3312 5802 in'
3328 5746 3571 5820 amplo.
