4134 6184
332 252 441 312 845
1432 242 1844 308 TRACTATUS
1867 242 1936 304 IN

2058 238 2167 301 Llll
2196 234 2553 302 PSALMUM.
2581 268 2587 272 -
3518 242 3627 304 846

333 376 444 422 tum
476 364 550 422 ita
590 364 973 423 meminimus:
1008 362 1111 435 Qui
1134 364 1286 420 doces
1325 379 1507 419 manus
1535 380 1673 418 metu
1709 364 1762 416 in
1783 377 1918 435 prae-
1949 358 2003 421 Α
2029 365 2127 412 Irae
2152 354 2550 413 confessionem
2579 396 2595 423 ,
2638 366 2869 427 quorum
2919 353 3164 412 Itst
3207 365 3584 430 assumpserst
3610 403 3626 428 ,

334 458 498 526 lium,
547 468 596 516 et
658 460 877 529 posuisti
937 467 996 515 ut
1056 476 1235 515 arcum
1296 448 1488 514 (ereum
1534 454 1743 513 brachia
1810 472 1923 511 mea
2027 449 2369 521 pradicaret.
2906 450 2913 455 '

335 551 455 622 (Ps.
488 567 617 614 xvu,
650 550 767 624 35).
815 551 968 619 Quod
1000 560 1179 607 autem
1204 550 1340 607 nihil
1369 550 1425 606 in
1464 549 1615 606 illum
1644 548 1807 605 David
1838 563 1925 604 re-

330 645 463 701 ferri
495 643 697 714 possit,
727 644 781 699 in
813 642 962 700 enini
1011 643 1229 713 quidem
1256 643 1464 714 psalmo
1485 685 1500 711 ,
1546 642 1643 698 sed
1690 642 1926 697 maxime

330 736 415 792 his
437 735 593 795 dictis
617 734 881 792 docetur:
915 735 1126 790 Audiuit
1144 734 1206 791 de
1226 735 1413 805 templo
1440 743 1619 789 sancto
1637 749 1731 790 suo
1755 749 1926 788 uocem

331 846 513 889 nteant.
530 839 579 885 et
599 828 798 884 clamor
818 845 959 885 meus
972 830 1025 883 in
1045 838 1316 892 conspectu
1328 828 1442 899 eius
1459 827 1684 883 introivit
1705 828 1759 882 in
1777 842 1927 882 aures

332 922 550 996 cjas._Et
569 932 823 978 comata
850 930 925 977 est
951 931 1001 977 et
1020 924 1319 976 contremuit
1350 929 1508 987 terra,
1525 920 1927 993 “fundamenta

294 1041 318 1054 ι
333 1017 579 1072 montium
591 1016 895 1071 conturbata
912 1025 1029 1071 sunt
1047 1012 1357 1088 (Ibid.7,8).
1375 1013 1443 1069 Et
1473 1013 1634 1068 illud:
1663 1010 1928 1068 Clamare-

331 1120 471 1175 rant,
490 1122 582 1163 nec
593 1119 701 1181 erat
711 1108 797 1179 qui
810 1109 976 1163 salvos
987 1107 1195 1177 (arma,
1212 1106 1281 1161 ad
1295 1105 1589 1171 Dominum,
1607 1121 1697 1160 nec
1709 1105 1929 1159 exaudi-

2096 542 2148 598 6.
2181 539 2374 597 Christi
2412 540 2632 611 populus
2652 582 2667 609 ,
2700 556 2803 596 non
2821 541 2921 596 soli
2946 536 3142 596 Ιιιάωὶ.
3170 570 3243 582 --
3265 540 3403 598 Illud
3441 549 3629 599 autem

1992 648 1997 655 ‘
2027 626 2170 705 quod
2200 635 2277 689 ait
2308 653 2321 689 :
2349 633 2642 705 Subjiciens
2680 633 2932 706 populum
2970 648 3137 688 meum
3155 634 3251 689 sub
3274 650 3383 702 nte,
3410 648 3518 690 non
3559 650 3629 691 ex

2025 739 2258 797 persona
2286 725 2468 781 unius.
2498 724 2706 781 Judaiei
2747 727 2935 797 populi
2962 726 3165 783 (ﬁctum
3206 727 3629 785 existirnandum

2028 827 2112 874 est
2143 834 2158 872 :
2192 832 2315 874 cum
2343 816 2751 874 universitatem
2776 818 3036 874 Ecclesia:
3075 820 3247 874 unum
3273 820 3530 890 populum
3571 821 3627 876 in

2027 909 2236 980 psalmo
2257 908 2367 964 alio
2387 910 2797 979 nuncupaverit,
2821 909 3008 965 dicens
3033 928 3046 963 :
3076 909 3332 982 Populus,
3350 928 3500 983 quem
3525 928 3634 968 non

2028 1001 2275 1071 cognovi,
2305 1002 2509 1056 servivit
2542 1002 2671 1056 mihi
2698 1002 2715 1072 (
2743 1001 2887 1057 Psal.
2921 1017 3062 1064 xm.
3098 1002 3169 1059 45
3187 1003 3227 1074 ).
3254 1004 3409 1072 Quod
3446 1017 3629 1064 autem

2029 1093 2193 1149 etiam
2224 1093 2311 1150 hic
2337 1096 2427 1165 qui
2458 1110 2581 1161 eum
2611 1111 2714 1149 non
2760 1097 3017 1166 cogno‘vit
3052 1112 3189 1152 suus
3215 1100 3308 1165 sit,
3336 1100 3631 1171 Evangelia

2029 1184 2247 1253 docent,
2271 1202 2395 1242 cum
2414 1186 2585 1254 aiunt,
2611 1186 2679 1242 In
2700 1203 2800 1243 sua
2816 1191 2972 1256 venit,
2991 1199 3040 1245 et
3065 1193 3147 1247 sui
3168 1208 3287 1247 eum
3315 1194 3387 1266 (α)
3421 1212 3524 1250 non
3549 1212 3632 1251 re-

2031 1289 2294 1350 ceperunt.
2319 1279 2389 1334 In
2414 1283 2607 1337 mundo
2623 1290 2752 1348 erat,
2781 1291 2832 1337 et
2854 1285 3076 1339 mundus
3097 1302 3190 1355 per
3207 1302 3321 1341 cum
3348 1290 3517 1359 factus
3535 1298 3628 1355 est,

2030 1385 2081 1431 et
2108 1377 2329 1431 mundus
2354 1394 2473 1433 eum
2490 1395 2593 1433 non
2619 1379 2853 1452 cognovit
2879 1376 3055 1451 (Joan.
3082 1394 3119 1442 ι.
3163 1380 3223 1434 ll
3268 1390 3317 1435 et
3365 1381 3480 1452 l0).
3521 1381 3631 1438 Sed

2031 1484 2101 1524 ne
2125 1468 2266 1526 forte
2293 1469 2381 1526 bic
2405 1472 2655 1541 populus,
2690 1486 2849 1540 quem
2878 1469 3011 1541 (Hic
3029 1471 3348 1526 desideratur
3373 1470 3505 1543 non)
3533 1486 3631 1528 co.

2030 1561 2213 1630 gnovit
2237 1569 2292 1616 et
2311 1562 2412 1618 sibi
2444 1564 2688 1628 servivit,
2716 1578 2823 1617 non
2851 1576 2984 1617 suus
3010 1563 3198 1628 fuisse,
3228 1563 3352 1633 quia
3381 1576 3487 1617 non
3518 1569 3638 1618 erat

2032 1653 2299 1723 cognitus,
2332 1655 2711 1721 existimetur;
2740 1655 2923 1710 divina
2956 1655 3046 1709 illa
3071 1654 3238 1727 Moysi
3268 1655 3449 1710 cantio
3477 1669 3635 1710 erro-

337 1752 540 1812 dixisse
577 1754 910 1811 contendunt
941 1771 953 1805 :
984 1766 1109 1807 cum
1142 1751 1321 1806 onmia
1351 1751 1403 1805 in
1454 1763 1579 1805 eum
1614 1748 1889 1805 hominem
1911 1790 1925 1817 ,
1956 1748 2009 1809 B
2031 1756 2147 1799 rem
2178 1745 2319 1800 hunc
2339 1759 2557 1811 omnem
2585 1746 2951 1817 ambiguitatis
2978 1746 3234 1813 excludit,
3268 1747 3478 1814 dicens,
3500 1745 3639 1803 Cum

337 1863 499 1922 quem
550 1848 814 1904 Dominus
861 1846 917 1901 in
955 1859 1023 1901 eo
1071 1855 1229 1899 natus
1264 1841 1588 1913 assumpsit,
1635 1841 1935 1898 secundum
2033 1833 2595 1892 divisissetExcelsus
2615 1846 2842 1907 gentes,
2875 1838 3061 1892 statuit
3084 1836 3219 1890 lines
3265 1838 3507 1907 gentium
3553 1853 3643 1892 se-

341 1941 640 2014 spiritalem
668 1940 937 1996 rationem
967 1945 1019 1993 et
1049 1947 1202 2009 gesta
1227 1936 1571 1993 conveniant.
2034 1926 2273 1982 cundum
2320 1942 2605 1983 numerum
2648 1928 2969 1999 angelorum
2996 1942 3221 1984 suorum
3244 1971 3259 1996 ,
3306 1938 3362 1984 et
3389 1928 3529 1986 facta
3561 1941 3647 1986 est

408 2037 465 2090 4.
496 2030 733 2089 Christus
782 2041 838 2087 ut
867 2032 936 2086 ad
983 2030 1173 2086 bellum
1221 2030 1473 2100 passionis
1512 2029 1818 2083 instructus.
1866 2054 1937 2068 --
2034 2018 2216 2087 portio
2244 2017 2450 2074 Domini
2468 2017 2660 2084 Iacob,
2683 2018 2956 2093 funiculus
2975 2019 3304 2076 haereditatis
3330 2023 3447 2091 ejus
3476 2021 3647 2080 Israel

343 2130 531 2187 Manus
565 2126 729 2198 igitur
753 2126 870 2197 ejus
895 2125 1103 2182 edoctm
1147 2122 1215 2179 ad
1243 2122 1444 2178 bellum
1475 2129 1638 2184 sunt,
1670 2134 1792 2176 cum
1837 2135 1940 2175 sae-

2050 2108 2239 2182 [Deut.
2262 2125 2442 2176 xxxtt,
2473 2111 2509 2167 8
2531 2120 2583 2167 et
2606 2111 2671 2178 9;
2699 2113 2804 2166 uid.
2840 2112 3013 2167 Tract.
3043 2112 3137 2167 Ps.
3171 2126 3231 2177 ιι,
3253 2130 3307 2168 n.
3339 2113 3453 2186 51).
3486 2114 3651 2171 Israel

342 2222 521 2279 culum
554 2220 755 2276 vincit:
787 2217 898 2290 Ego
918 2218 1062 2273 enim
1085 2258 1099 2282 ,
1144 2216 1217 2269 ait
1244 2255 1259 2282 ,
1290 2214 1394 2269 vici
1442 2213 1707 2268 mundum
1754 2210 1937 2282 (Joan.
2040 2201 2145 2258 iste
2175 2204 2229 2258 in
2262 2202 2638 2259 haereditatem
2662 2213 2920 2261 mternam
2953 2205 3132 2262 fuerat
3160 2208 3365 2263 electus
3398 2224 3411 2262 :
3446 2218 3499 2263 et
3526 2209 3652 2265 ideo

344 2332 461 2381 xvr,
509 2315 637 2384 33):
669 2326 794 2369 cum
824 2319 1082 2366 extensus
1120 2309 1173 2363 in
1204 2322 1418 2364 crucem
1452 2304 1818 2362 invictissimis
1856 2312 1945 2360 ar-

2050 2294 2166 2365 quia
2207 2294 2299 2350 ille
2329 2296 2507 2365 portio
2544 2295 2756 2351 Domini
2797 2304 2945 2364 erat,
2989 2299 3172 2353 caeteri
3205 2300 3355 2368 quasi
3389 2299 3653 2372 incogniti

333 1203 405 1256 uit
414 1218 516 1256 eos.
540 1199 607 1255 Et
618 1198 957 1254 comminuam
973 1199 1089 1254 illos
1101 1208 1158 1252 ut
1173 1199 1427 1268 pidverem
1443 1207 1561 1252 mue
1573 1198 1753 1268 faciem
1772 1198 1905 1252 renti
1912 1240 1925 1263 ,

333 1304 390 1349 ut
421 1294 585 1349 tutum
600 1292 883 1364 platearum
905 1291 1084 1347 delebo
1097 1306 1200 1346 eos.
1222 1289 1428 1363 Eripies
1452 1304 1535 1345 me
1557 1290 1625 1343 de
1640 1290 1929 1343 contradic-

337 1385 557 1442 tionibus
584 1385 777 1459 pOput'i,
793 1388 1067 1440 constitues
1095 1399 1176 1439 me
1190 1385 1243 1438 in
1260 1393 1413 1454 caput
1427 1383 1674 1455 gentium.
1695 1380 1929 1453 Populus

335 1496 489 1551 quem
518 1497 615 1535 non
642 1480 853 1551 cognoui
877 1479 1079 1534 servivit
1101 1478 1246 1545 mihi,
1269 1478 1337 1531 ad
1352 1477 1590 1531 auditum
1614 1476 1755 1529 auris
1770 1475 1931 1530 obau-

335 1569 468 1627 di‘vit.
482 1572 611 1627 mihi
636 1568 799 1640 (Ibid.
826 1570 899 1624 42
913 1580 960 1624 et
988 1570 1173 1641 seqq).
1189 1568 1373 1624 Rebus
1393 1568 1523 1637 ipsis
1537 1566 1715 1636 inepta
1740 1580 1929 1623 eorum

336 1662 689 1735 intelligentia
719 1662 1047 1733 coarguitur,
1067 1661 1155 1731 qui
1199 1662 1316 1714 haec
1367 1657 1539 1714 David
1586 1658 1659 1714 de
1705 1671 1765 1713 se
1810 1658 1931 1728 ipso

2044 2384 2404 2454 habebantur,
2424 2386 2546 2457 quia
2575 2385 2655 2441 illi
2677 2396 2861 2443 essent
2887 2401 2984 2458 per
3008 2388 3348 2460 privilegium
3380 2391 3651 2461 portionis

2044 2478 2225 2534 electi.
2261 2478 2354 2535 Sui
2384 2489 2566 2534 autem
2596 2493 2820 2546 omnes;
2846 2480 2975 2551 quia
3004 2479 3107 2536 sibi
3136 2480 3279 2548 quod
3306 2462 3435 2538 sunt
3457 2524 3472 2549 ,
3505 2490 3648 2539 tam-

2045 2586 2206 2643 quam
2236 2571 2446 2628 auctori
2475 2586 2575 2628 suo
2600 2572 2823 2629 debent.

2119 2666 2174 2721 7.
2205 2664 2409 2723 Christo
2449 2666 2679 2734 quando,
2711 2682 2820 2735 cur,
2852 2676 2900 2721 et
2928 2676 3176 2738 quatenus
3205 2666 3330 2722 data
3357 2669 3549 2724 omnia.
3581 2698 3651 2711 ~—

2049 2756 2262 2813 Subditi
2285 2765 2464 2812 autem
2489 2757 2539 2813 ei
2563 2765 2713 2824 sunt,
2738 2769 2861 2813 cum
2884 2756 3104 2824 dicitur,
3122 2756 3271 2813 Sicut
3291 2758 3476 2814 dedisti
3499 2761 3546 2814 ei
3562 2777 3656 2830 po-

2050 2860 2280 2906 testatem
2306 2850 2471 2906 omnis
2492 2852 2684 2919 carnis,
2717 2860 2773 2905 ut
2801 2866 2950 2906 omne
2976 2852 3117 2923 quod
3155 2853 3343 2909 dedisti
3372 2854 3448 2921 ei,
3474 2854 3560 2909 det
3578 2855 3663 2911 illi

2049 2944 2206 2999 vitam
2234 2953 2480 2999 cateruam
2508 2943 2708 3015 (Joan.
2741 2954 2873 3010 ml,
2904 2942 2938 2996 2
2956 2943 3008 3014 );
3033 2952 3087 2998 ει
3112 2943 3245 2999 illud
3270 2986 3284 3009 ,
3317 2944 3506 3000 Omnia
3534 2948 3665 3002 data

348 2409 453 2465 mis
480 2408 652 2478 ipsius
680 2403 947 2476 passionis
977 2402 1292 2459 instruitur:
1343 2400 1411 2455 Et
1441 2401 1694 2471 posuisti,
1725 2397 1939 2469 inquit,

347 2513 405 2560 ut
430 2516 614 2558 arcum
657 2514 850 2556 aereum
882 2498 1093 2553 brachia
1120 2512 1271 2552 mea:
1301 2509 1425 2551 cum
1468 2494 1536 2550 de
1559 2492 1811 2549 omnibus
1840 2490 1948 2545 vir-

350 2594 557 2652 tutibus
583 2606 647 2648 ac
695 2590 1089 2663 potestatibus,
1124 2588 1176 2643 in
1226 2588 1345 2657 ipso
1394 2601 1483 2653 se,
1536 2585 1780 2658 tropbaro
1831 2583 1947 2654 gloo

351 2689 514 2745 riosa:
533 2686 714 2741 crucis
744 2682 1040 2752 triumphat
1065 2695 1079 2747 ;
1111 2687 1167 2736 et
1195 2680 1526 2750 principatus
1570 2687 1626 2733 et
1653 2685 1947 2748 potestates

351 2780 498 2836 enim
527 2776 763 2833 traduxit
782 2788 902 2831 cum
944 2773 1137 2830 ﬁducia
1169 2771 1507 2842 triumphans
1536 2784 1631 2827 eos
1662 2771 1715 2825 in
1744 2778 1947 2825 semet.

353 2875 474 2945 ipso
503 2869 726 2943 (Cotoss.
775 2882 833 2929 tt.
867 2866 956 2938 l5)
991 2880 1157 2923 :cum
1208 2864 1525 2921 dissidentia
1566 2865 1710 2919 inter
1753 2877 1813 2918 se
1840 2876 1949 2918 cte-

365 2966 525 3024 lcstia
550 2977 604 3022 et
631 2974 845 3021 terrena
874 2962 1121 3034 paciﬂeat
1154 2960 1376 3034 (Cotoss.
1401 2973 1439 3027 ι,
1472 2959 1607 3029 20);
1642 2957 1708 3013 Et
1734 2958 1786 3012 in
1807 2957 1944 3026 ipso,

354 3060 519 3135 312
537 3061 710 3132 inquit
734 3101 748 3125 ,
778 3057 1113 3114 reconciliari
1160 3055 1340 3111 omnia
1370 3055 1423 3108 in
1469 3066 1594 3109 eum
1615 3094 1630 3119 ,
1660 3052 1945 3122 paciﬁcans

2051 3046 2169 3090 sunt
2195 3036 2323 3090 mihi
2346 3035 2401 3090 in
2437 3035 2565 3089 coelo
2603 3044 2650 3089 et
2674 3035 2727 3090 in
2754 3043 2889 3089 terra
2912 3033 3127 3106 (Matth.
3155 3048 3350 3103 xxvm,
3379 3036 3494 3109 l8).
3524 3037 3659 3096 Data

354 3168 453 3226 per
478 3153 794 3223 sanguinem
845 3149 1025 3206 crucis
1052 3164 1165 3203 suzu
1195 3148 1309 3203 sive
1353 3160 1474 3218 qua:
1523 3146 1576 3200 in
1611 3153 1750 3200 terra
1783 3152 1907 3198 sunt
1928 3181 1945 3209 ,

2051 3138 2231 3184 autem
2265 3127 2505 3183 nondum
2534 3128 2583 3183 ei
2614 3128 2846 3198 primum
2866 3168 2880 3194 ,
2909 3128 3032 3198 quia
3058 3128 3173 3198 jam
3199 3129 3257 3184 in
3300 3128 3507 3185 mundo
3537 3139 3657 3187 erat

354 3220 473 3302 sive
510 3220 633 3315 quas
659 3245 711 3298 in
734 3242 910 3299 omits.
943 3230 1023 3296 Ad
1050 3239 1152 3295 hoc
1180 3239 1344 3311 igitur
1370 3237 1569 3293 bellum
1612 3248 1803 3290 manus
1822 3233 1945 3303 ejus

2052 3234 2149 3291 per
2192 3235 2352 3291 quem
2399 3220 2634 3291 mundus
2683 3231 2801 3275 erat
2849 3221 3055 3287 tactus,
3082 3222 3171 3292 qui
3202 3222 3427 3294 gloriam
3465 3225 3662 3296 repetit

355 3341 566 3399 edoctae
615 3347 769 3403 sunt,
800 3337 853 3392 in
893 3350 1001 3407 quo
1039 3348 1196 3390 arcus
1228 3333 1354 3388 terei
1383 3330 1681 3386 certamine
1720 3328 1952 3383 vincitur

354 3431 487 3507 (Hic
515 3430 715 3487 videtur
756 3430 929 3484 deesse
959 3424 1250 3497 mundus),
1279 3422 1728 3479 dehonestatione
1758 3426 1954 3490 poten-

357 3537 442 3583 tes
463 3524 867 3594 triumphantur
893 3564 906 3587 ,
936 3532 1070 3591 pace
1116 3516 1539 3575 reconciliantur
1569 3514 1793 3570 inimici.
1843 3511 1952 3569 Sed

361 3626 482 3688 post
528 3626 783 3670 manuum
832 3612 1026 3669 bellum
1054 3653 1068 3676 ,
1118 3608 1362 3666 succedit
1398 3614 1455 3663 et
1497 3605 1787 3677 digitorum
1816 3619 1955 3675 prte-

358 3709 514 3763 lium.
551 3704 742 3762 Omnis
765 3704 909 3759 enim
940 3704 993 3757 in
1038 3715 1106 3757 eo
1135 3700 1353 3756 habitus
1382 3707 1439 3755 et
1467 3712 1643 3769 pugna
1686 3695 1955 3767 passionis

359 3797 680 3855 ostenditur.
736 3795 927 3873 Manus
956 3794 1098 3850 enim
1129 3791 1532 3857 extenduntur,
1563 3797 1620 3844 et
1643 3787 1795 3858 digiti
1823 3801 1956 3843 con-

360 3890 601 3963 liguntur
648 3889 704 3944 in
754 3881 990 3960 palmis:
1043 3895 1201 3942 vetus
1249 3884 1458 3940 scilicet
1497 3880 1910 3951 chirographum
1935 3921 1950 3946 ,

360 3985 657 4044 secundum
712 3981 1036 4054 Apostolum
1062 4021 1076 4047 ,
1128 3979 1321 4036 dolens
1351 4019 1366 4044 ,
1421 3986 1477 4034 et
1544 3976 1770 4047 alligans
1820 3973 1955 4029 illud

362 4077 509 4136 cruci
539 4076 759 4150 (Coloss.
809 4091 870 4143 ιι,
929 4074 1060 4145 14),
1115 4073 1278 4128 etiam
1328 4083 1421 4127 eas
1472 4078 1651 4141 partes
1702 4081 1957 4123 manuum

361 4177 754 4227 commemorat
773 4168 825 4223 in
858 4166 1047 4238 praelia
1067 4207 1083 4233 ,
1116 4178 1239 4220 cum
1268 4161 1465 4233 quibus
1503 4162 1683 4218 omnia
1712 4168 1967 4216 vetem.

362 4262 653 4321 criminum
673 4267 889 4331 peccata
919 4260 1130 4314 conﬁxa
1161 4264 1306 4312 sunt.
1610 4320 1613 4323 ν

436 4354 494 4409 5.
530 4352 735 4408 Dehinc
773 4351 1045 4421 sequitur:
1076 4346 1431 4403 Misericordia
1470 4360 1582 4400 mea
1617 4354 1666 4398 et
1698 4343 1959 4414 refugium

2053 3327 2214 3385 quam
2243 3323 2371 3369 ante
2397 3312 2845 3369 constitutionem
2876 3312 3062 3368 mundi
3086 3312 3347 3369 habuerat
3376 3316 3520 3386 apud
3559 3316 3663 3373 Pa-

2055 3414 2193 3463 trem
2218 3424 2232 3462 :
2255 3404 2351 3462 sed
2377 3403 2501 3461 data
2534 3412 2656 3476 post
2680 3403 2916 3460 hominis
2943 3390 3370 3476 assumptionem
3394 3422 3410 3471 ;
3434 3408 3557 3478 quia
3589 3410 3669 3465 ita

2054 3500 2256 3557 dictum
2279 3507 2386 3565 est,
2411 3482 2662 3567 Quicum
2692 3499 2744 3552 in
2764 3498 2934 3553 forma
2954 3498 3043 3552 Dei
3071 3508 3236 3563 esset,
3260 3498 3488 3554 formam
3513 3502 3662 3557 servi

2053 3592 2258 3662 accepit
2286 3608 2300 3644 :
2331 3596 2555 3660 propter
2571 3588 2714 3659 quod
2745 3587 3004 3642 exaltavit
3031 3587 3182 3643 illum
3212 3588 3375 3654 Deus,
3405 3600 3460 3645 et
3485 3590 3661 3646 dona.

2054 3682 2130 3738 vit
2157 3682 2234 3737 illi
2262 3694 2480 3746 nomen,
2514 3679 2659 3750 quod
2702 3688 2788 3735 est
2834 3692 3001 3750 super
3032 3692 3208 3745 omne
3247 3692 3444 3737 nomen
3483 3681 3504 3755 (
3532 3681 3661 3737 Plu“-

2058 3776 2151 3848 tip.
2184 3789 2243 3842 ιι,
2276 3773 2308 3827 7
2353 3782 2401 3827 et
2426 3772 2502 3844 9).
2535 3769 2674 3841 Quid
2701 3786 2834 3843 ergo
2854 3812 2868 3837 ,
2893 3771 2978 3827 vel
3008 3770 3097 3827 cui
3125 3772 3403 3828 donatur?
3440 3773 3556 3830 Non
3608 3775 3663 3831 ei

2057 3871 2259 3941 utique,
2291 3869 2381 3939 qui
2414 3868 2467 3923 in
2494 3866 2668 3923 forma
2710 3867 2800 3922 Dei
2832 3875 2991 3932 erat,
3020 3866 3255 3923 donatur
3274 3876 3333 3923 ut
3362 3868 3455 3925 Dei
3481 3867 3658 3926 forma

2056 3964 2156 4029 sit;
2184 3968 2300 4018 erat
2321 3960 2488 4026 enim,
2508 3968 2563 4016 et
2578 3959 2705 4031 quia
2733 3957 2996 4029 erat,.jam
3023 3970 3129 4014 non
3153 3959 3345 4030 egebat
3366 3960 3469 4016 hoc
3491 3960 3657 4019 dono.

2057 4056 2165 4115 Sed
2190 4054 2290 4111 fuit
2318 4065 2481 4110 causa
2509 4050 2769 4115 donandi,
2796 4050 2920 4120 quia
2953 4049 3044 4120 qui
3088 4050 3142 4104 in
3192 4048 3364 4105 forma
3396 4051 3492 4107 Dei
3518 4062 3658 4120 erat,

2056 4149 2284 4205 formam
2309 4145 2451 4202 servi
2481 4143 2718 4214 accepit;
2741 4148 2798 4197 et
2818 4155 2879 4197 se
2907 4140 2977 4197 de
3018 4139 3190 4198 forma
3235 4141 3329 4198 Dei
3360 4156 3659 4212 evacuans,

2057 4239 2288 4296 formam
2309 4236 2451 4292 servi
2470 4234 2635 4306 613
2660 4245 2961 4298 assumens,
2979 4246 3152 4303 usque
3169 4229 3239 4287 ad
3270 4241 3497 4288 mortem
3522 4235 3659 4291 obe-

2058 4331 2214 4387 diens
2243 4327 2361 4384 luit.
2378 4322 2712 4382 Obedientiaa
2734 4337 2864 4395 ergo
2888 4322 2986 4389 illi,
3009 4336 3104 4394 per
3124 4336 3283 4394 quam
3309 4322 3527 4381 habitus
3544 4340 3664 4382 ser-

364 4461 556 4511 Μαίνῃ,
577 4415 1002 4515 susceptor-mm.
1025 4451 1071 4497 οι
1088 4441 1332 4497 ιωηαωτ
1353 4453 1497 4494 sum
1516 4453 1569 4492 es
1601 4446 1674 4490 tu,
1686 4435 1960 4491 Protutor
2060 4425 2181 4481 vilis
2204 4420 2495 4477 assumitur
2514 4456 2530 4486 ,
2563 4426 2621 4474 et
2646 4416 2747 4487 ipsi
2780 4416 2983 4471 babitui
3014 4415 3195 4472 servili
3239 4416 3295 4472 id
3318 4416 3569 4487 donatur,
3601 4431 3662 4475 ιιι

364 4507 593 4604 nteus,et
612 4537 665 4590 in
685 4507 801 4607 ipso
824 4523 1041 4607 speravi.
1066 4532 1263 4589 Carent
1290 4532 1393 4587 ista
1404 4528 1744 4585 difﬁcultate.
1765 4527 1958 4583 Omnia
1982 4522 2045 4587 Β
2061 4517 2205 4592 quod
2230 4524 2344 4574 erat
2364 4510 2441 4587 (ὁ)
2467 4518 2614 4607 esset
2637 4528 2663 4607 τ’
2682 4510 2734 4565 in
2761 4508 2935 4564 forma
2956 4507 3161 4607 scilicet
3182 4508 3275 4564 Dei
3303 4517 3467 4607 esset.
3477 4510 3660 4607 .Dam-

366 4631 512 4687 enim
539 4629 594 4684 in
627 4626 936 4697 Evangeliis
960 4627 1062 4681 ista
1085 4631 1232 4697 gesta
1256 4624 1323 4679 ab
1349 4637 1417 4679 eo
1438 4630 1601 4691 atque
1619 4620 1761 4676 dicta
1790 4626 1955 4676 sunt:

368 4731 428 4779 ut
449 4722 709 4780 honorem
754 4719 1053 4791 maiestatis
1092 4724 1330 4789 paterna:
1362 4730 1458 4786 per
1487 4714 1806 4771 humilitatis
1834 4726 1961 4767 nos-

368 4907 724 5039 iet(tRJ:r:::.
754 4918 859 4962 non
879 4911 1237 4976 cognoverunt.
1255 4900 1426 4958 Aliter
1452 4908 1637 4957 tanien
1662 4900 1844 4971 legere
1871 4909 1962 4953 so-

392 4991 447 5039 ει
472 4991 724 5035 Hilarius.
1446 5002 1451 5007 ι

445 5070 523 5143 (b)
552 5070 663 5144 Hoc
689 5077 793 5135 est,
833 5062 1063 5144 utquod
1104 5074 1222 5121 erat
1261 5063 1557 5144 secundum
1603 5061 1960 5144 divinitatem,

372 5132 519 5271 cisset
540 5143 702 5267 egatn
717 5132 1013 5198 secundum
1037 5148 1274 5193 carnem.
1296 5135 1431 5192 Tum
1449 5136 1619 5192 forma
1642 5135 1759 5201 Dei,
1786 5132 1835 5188 id
1858 5139 1962 5197 cst,

372 5231 403 5272 tt
426 5228 540 5272 orta
615 5227 687 5268 et.

369 5231 540 5289 gloria
570 5231 687 5268 uel.

446 5327 520 5401 (ε)
547 5327 605 5381 1n
631 5325 878 5401 vulgatis,
911 5334 1167 5401 evacuatus
1188 5328 1386 5401 format.
1417 5320 1488 5379 At
1519 5322 1575 5401 in
1602 5334 1704 5401 llis:
1751 5333 1960 5401 ευαεμᾳ.

374 5386 683 5471 ιὶογὸγιηιεε
710 5386 927 5471 Fectltis,
950 5407 1007 5451 ut
1036 5386 1200 5471 liquei
1217 5410 1288 5471 ex
1318 5396 1412 5471 lib.
1439 5409 1495 5449 ιχ
1522 5394 1591 5471 de
1610 5392 1761 5447 Trin.
1789 5407 1843 5445 η.
1862 5386 1952 5454 M,

371 5465 478 5545 qui
492 5471 644 5545 locus
661 5483 785 5545 cum
812 5469 914 5522 hoc
939 5465 1318 5545 conferendas.
1341 5466 1456 5545 Qua
1483 5465 1691 5520 ratione
1712 5474 1950 5545 assutan

371 5530 508 5600 t'inni
530 5541 718 5596 servili
750 5540 918 5594 forma
945 5540 1035 5594 Dei
1062 5530 1390 5608 acquiratur,
1413 5537 1788 5608 Fragmentum
1817 5530 1962 5608 quod

376 5630 444 5673 ex
483 5611 690 5669 Hilario
735 5611 915 5666 laudat
940 5603 1232 5677 Arnobius,
1256 5609 1330 5666 lib
1355 5625 1388 5664 ιι
1413 5610 1481 5665 de
1511 5603 1685 5663 Conti.
1715 5621 1835 5677 cum
1863 5603 1962 5677 Se:

377 5700 493 5756 rep.
523 5685 602 5739 sic
626 5682 891 5756 explicat:
923 5681 1197 5751 Superauit
1212 5674 1226 5756 ξ
1242 5681 1379 5735 enim
1416 5679 1720 5756 magnitudo
1731 5674 1965 5756 Domini

379 5747 919 5837 parvitatem-servilis
966 5747 1163 5824 formae,
1205 5753 1362 5808 itaut
1412 5747 1525 5822 ipsa
1570 5749 1769 5806 servilis
1797 5747 1964 5817 [anno

2069 4627 2198 4670 num
2243 4608 2385 4665 enim
2417 4604 2486 4661 ad
2529 4603 2912 4660 detrimentum
2946 4601 3027 4656 sui
3064 4597 3136 4672 (ο)
3162 4602 3441 4657 evacuatio
3471 4600 3662 4659 format

2067 4704 2167 4761 Dei
2209 4699 2419 4766 nescit;
2450 4694 2804 4765 assumptioni
2850 4693 3030 4764 potius
3071 4690 3253 4747 servili
3299 4691 3532 4749 formam
3561 4694 3660 4750 Dei

2063 4903 2220 4963 quam
2248 4876 2527 4956 assumpsit
2551 4887 2775 4963 δρία-ξεί
2795 4875 3123 4963 εξεεηδεννίέίξ
3144 4889 3234 4947 Μ
3248 4875 3664 4963 ἔξιθ’.υοηὲξη¹⁴”⁶

2065 4946 2290 5034 qui_can_t
2336 4946 2633 5034 assumpsit.
2666 4950 2781 5005 Erit
2818 4946 3326 5034 fortequihircuit‘a
3367 4949 3659 5034 intelligat,

2067 5018 2127 5089 ut
2155 5030 2388 5087 Verbum
2420 5018 2526 5080 non
2558 5020 2893 5093 degenerarit
2928 5018 2983 5073 in
3011 5018 3411 5093 subsistendum
3426 5018 3662 5093 hominis

2067 5088 2361 5165 assumpti,
2391 5096 2488 5153 sed
2531 5088 2695 5149 homo
2731 5088 3227 5165 potiusprol'ecerit
3265 5091 3335 5165 in_
3357 5092 3661 5151 subsisten-

2068 5176 2197 5231 tiam
2231 5160 2428 5227 Verbi:
2474 5183 2581 5235 quo
2609 5160 2769 5235 sensu
2812 5161 3012 5235 dixisse
3064 5160 3277 5235 videtur
3312 5162 3655 5235 Leporiusin

2067 5244 2251 5302 libello
2277 5231 2703 5308 emendationis,
2720 5232 2852 5287 Caro
2890 5231 3049 5302 igitur
3069 5232 3283 5302 profecit
3302 5233 3355 5288 in
3396 5231 3613 5308 Verbum
3634 5274 3657 5308 ,

2062 5333 2166 5372 non
2207 5313 2423 5368 Verbum
2451 5307 2666 5381 profecit
2686 5306 2740 5359 in
2769 5318 3017 5381 carnem_:
3042 5311 3091 5357 et
3110 5313 3279 5381 tamen
3292 5320 3408 5381 vere
3440 5305 3659 5363 Verbum

2063 5403 2184 5443 caro
2229 5373 2705 5457 factum_est.'(3um
2732 5386 2923 5457 tamen_
2954 5373 3304 5457 deprolectu
3344 5375 3665 5457 hic_sermo‘

2065 5462 2155 5526 sit,
2187 5446 2619 5528 quemACbristtts
2649 5464 2743 5528 per
2768 5446 3129 5528 obedientium
3179 5461 3349 5528 usque
3386 5448 3453 5528 ad
3491 5463 3653 5528 .mor-

2067 5516 2177 5587 tem
2204 5516 2485 5597 acquisivit
2512 5563 2548 5597 ,_
2562 5521 2632 5597 dc
2658 5519 3054 5597 gloria_potiue
3080 5532 3239 5588 quam
3264 5516 3332 5571 de
3359 5517 3658 5597 subsisten-

2069 5600 2141 5658 tia
2170 5589 2380 5655 vide'tur
2404 5589 2803 5664 intelligendus.
2836 5589 3031 5664 Forma
3067 5598 3249 5664 autem
3288 5589 3502 5664 servilis
3532 5604 3667 5647 εει-ν

2069 5684 2155 5731 sat
2179 5684 2302 5728 esse
2325 5665 2558 5729 servilis,
2581 5658 2697 5719 'non
2742 5661 2995 5727 interitu,
3027 5658 3120 5714 sed
3150 5658 3516 5731 deminutione
3556 5676 3655 5718 na.

2072 5728 2208 5803 tum
2236 5758 2249 5797 :
2298 5728 2563 5813 quatenus
2602 5751 2674 5793 ex
2700 5734 2934 5802 moranti,
2958 5728 3291 5800 corruptibili
3325 5736 3382 5787 et
3419 5729 3656 5808 inﬁrma,
