4134 6184
493 223 600 281 847

1680 218 1928 278 SANCTI
1967 215 2225 275 HILARII
2263 215 2566 277 EPISCOPI

3686 213 3793 272 818

486 354 678 397 rursus
702 337 1099 411 acquirens.lta
1119 350 1293 407 neque
1316 336 1496 394 Virtus
1521 335 1598 411 (a)
1624 337 1674 392 in
1698 337 2083 403 humilitatem,
2113 337 2162 396 A
2192 335 2306 405 ipse
2346 335 2615 406 cognovit,
2649 333 2893 402 scilicet,
2928 339 2986 387 ut
3026 331 3321 388 conformis
3361 330 3473 388 Deo
3512 330 3626 398 ﬁat,
3669 331 3793 402 quia

489 447 615 489 sese
644 433 771 488 licet
808 431 1094 504 cohibens,
1128 428 1328 486 defecit
1366 425 1433 485 ἐι
1462 444 1614 495 sese,
1646 445 1766 485 cum
1799 429 1940 501 quod
1974 437 2091 485 erat

491 535 576 582 est
604 544 618 580 :
649 533 704 580 et
733 523 1008 578 humilitas
1045 521 1284 578 cohibita
1314 523 1368 577 in
1399 537 1521 578 sese
1555 521 1767 578 Virtute
1816 531 2084 590 suscepta,

489 632 613 673 cum
638 615 778 686 quod
808 631 914 669 non
939 623 1056 670 erat
1079 629 1202 670 esse
1231 615 1419 686 coepit,
1448 615 1745 685 profectum
1771 615 1888 685 ejus
1908 629 2029 684 qua:
2059 629 2088 668 a

484 723 548 764 se
589 721 697 762 non
737 705 1010 762 defecerat
1059 705 1282 762 Virtutis
1328 707 1554 776 accepit.
1593 707 1657 761 Et
1706 705 1821 762 haec
1870 707 2086 776 quidem

486 799 784 871 evangelici
808 799 1135 854 sacramenti
1159 840 1173 866 ,
1205 808 1260 854 et
1289 799 1538 854 humanae
1578 799 1692 868 spei
1730 798 1926 854 veritas
1955 808 2037 852 est
2069 839 2084 864 ,

489 892 783 946 humanam
818 900 1066 946 naturam
1089 891 1602 962 corruptibilemque
1621 906 1838 947 carnem
1871 906 1968 961 per
1988 890 2090 946 hu-

485 986 576 1056 jus
603 986 788 1056 gloria:
817 985 1239 1042 demutationem
1271 986 1324 1041 in
1359 997 1618 1042 mternam
1649 985 2086 1042 transformatam

487 1092 611 1134 esse
641 1078 1019 1133 substantiam.

560 1170 615 1224 8.
649 1167 747 1224 Dei
772 1169 950 1223 notitia
969 1168 1208 1242 indignus
1234 1170 1404 1225 homo.
1436 1168 1689 1241 Deputari
1710 1170 1854 1238 quid.
1892 1168 2088 1225 Vanum

488 1268 564 1316 est
580 1259 831 1330 quidquid
843 1260 1275 1315 transitoriumﬂ
1279 1277 1394 1316 omo
1413 1270 1662 1331 quatenus
1682 1260 1851 1314 Deum
1871 1277 2088 1331 cognos-

488 1362 612 1419 cat,
644 1362 732 1406 aut
764 1352 833 1405 ad
873 1351 997 1421 quid
1049 1353 1337 1422 deputetur.
1367 1383 1439 1393 -—
1483 1353 1590 1409 Sed
1626 1354 1784 1424 hujus
1813 1361 2084 1425 tamquam

483 1443 790 1499 difﬁcillimi
835 1444 962 1499 facti
992 1443 1402 1502 admirationem
1429 1488 1444 1512 ,
1491 1458 1542 1502 et
1572 1452 1821 1502 maximae
1861 1462 1924 1502 ac
1970 1446 2088 1516 pul-

486 1536 778 1592 cherrimae
805 1538 919 1608 Spei
962 1537 1184 1606 donum,
1215 1540 1380 1595 etiam
1428 1541 1680 1610 praesenti
1721 1540 1928 1612 psalmo
1961 1555 2086 1610 pro-

485 1627 737 1698 pheticus
757 1615 940 1685 sermo
968 1638 1196 1685 testatur
1225 1672 1238 1697 ,
1269 1632 1457 1687 dicens
1486 1632 1551 1687 ad
1585 1633 1634 1687 id
1666 1633 1806 1703 quod
1838 1632 2080 1689 dixerat:

2195 427 2311 482 haec
2335 429 2406 482 sit
2424 426 2702 496 deputatio
2729 417 3052 496 cognitioiiis
3081 423 3320 479 indultm.

2265 521 2319 576 9.
2355 519 2562 574 Inimici
2587 519 2856 591 fortissimi
2883 519 3159 573 dazmones.
3192 516 3398 572 Montes
3426 515 3602 572 iidem.
3630 545 3702 556 —
3731 515 3799 570 Et

2191 611 2316 682 quia
2341 627 2409 668 ex
2456 626 2685 682 persona
2736 610 2856 682 ejus
2887 609 3120 665 hominis
3145 649 3160 675 ,
3191 623 3351 680 quem
3406 608 3666 663 Dominus
3710 622 3797 663 as-

2190 706 2449 776 sumpsit,
2482 705 2600 760 lnec
2648 705 2825 760 omnis
2875 703 3047 759 oratio
3073 712 3189 768 est;
3222 701 3326 757 scit
3353 716 3477 756 eum
3506 709 3707 771 quanta
3736 715 3796 756 se

2191 798 2452 870 dignitate
2485 798 2624 853 Deus
2652 797 2862 868 legibus
2892 796 3082 851 mortis
3105 795 3371 862 absolvat,
3401 803 3459 850 et
3484 794 3792 865 iniquorum

2191 891 2438 946 manibus
2483 905 2579 958 per
2608 889 2832 960 gloriam
2894 887 3312 943 resurrectionis
3387 885 3657 955 abnipiat,
3713 886 3796 941 di-

2191 983 2369 1040 cens:
2421 980 2643 1036 Domine
2671 1023 2686 1048 ,
2742 981 2938 1036 inclina
3019 980 3174 1036 ctelos
3241 990 3376 1047 tuos,
3399 981 3456 1034 et
3503 980 3797 1045 descende;

2191 1086 2346 1148 tange
2371 1084 2588 1140 montes,
2615 1083 2661 1128 et
2687 1073 3054 1146 fumigabunt;
3082 1089 3297 1129 corusca
3327 1075 3726 1139 coruscationes,
3751 1080 3798 1127 et

2191 1168 2466 1241 dissipabis
2490 1185 2577 1223 eos
2600 1186 2619 1234 ;
2647 1169 2819 1223 emitte
2841 1168 3054 1240 sagittas
3082 1177 3220 1234 tuas,
3251 1176 3299 1221 et
3334 1167 3659 1222 conturbabis
3683 1183 3792 1221 eos.

2192 1260 2409 1317 Emittes
2441 1278 2651 1316 manum
2678 1271 2821 1316 tuam
2849 1261 2914 1315 de
2957 1262 3083 1315 alto.
3131 1259 3318 1316 Simile
3346 1258 3432 1315 his
3461 1259 3622 1315 dictis
3653 1259 3795 1329 psal-

2191 1375 2280 1416 mo
2310 1359 2464 1430 cujus
2489 1359 2740 1430 superius
2772 1356 3120 1413 meminimus
3143 1357 3456 1412 continetur
3481 1373 3494 1410 :
3542 1353 3614 1409 Et
3646 1355 3797 1408 incli-

2189 1453 2328 1508 navit
2357 1453 2542 1508 caelum
2567 1494 2580 1517 ,
2613 1460 2658 1508 et
2697 1450 2956 1507 descendit
2981 1448 3102 1521 (Ps.
3136 1465 3268 1516 xvu,
3321 1447 3435 1516 10),
3455 1458 3503 1503 et
3552 1448 3796 1502 carbones

2188 1546 2418 1599 succensi
2463 1554 2582 1599 sunt
2604 1544 2667 1597 ab
2694 1560 2774 1611 eo,
2805 1552 2853 1597 et
2899 1542 3034 1612 ignis
3086 1557 3121 1595 a
3163 1541 3296 1612 [acie
3338 1542 3447 1612 ejus
3473 1539 3556 1611 (d)
3583 1540 3796 1594 exarde-

2186 1647 2308 1701 scet,
2343 1647 2390 1691 et
2411 1637 2673 1691 adscendit
2693 1640 2865 1707 fumus
2885 1651 2940 1689 m
2963 1636 3046 1689 ira
3074 1637 3187 1708 ejus
3211 1632 3400 1705 (Ibid.,
3427 1632 3508 1704 9).
3538 1631 3688 1686 Misit
3714 1648 3798 1686 sa-

485 1717 776 1790 Subjiciens
823 1722 1071 1792 papulum
1128 1740 1295 1776 meum
1367 1723 1460 1777 sub
1503 1741 1614 1790 me;
1653 1724 1868 1780 Domine
1897 1768 1910 1791 ,
1959 1727 2082 1796 quid
2114 1728 2158 1788 Β
2185 1730 2358 1802 gittas,
2409 1738 2454 1783 et
2481 1728 2749 1796 dissipauit
2795 1742 2924 1793 eos;
2970 1737 3017 1782 et
3049 1728 3259 1799 fulgura
3303 1724 3700 1796 multiplicauit,
3747 1735 3796 1778 et

486 1821 562 1866 est
615 1812 766 1866 homo
797 1853 813 1879 ,
871 1814 992 1883 quia
1042 1814 1307 1868 innotuisti
1361 1815 1444 1881 ei;
1499 1827 1585 1870 aut
1632 1818 1772 1886 ﬁlius
1825 1818 2081 1886 hominis,

483 1903 622 1973 quod
649 1904 865 1975 deputas
911 1922 1022 1960 eum
1046 1906 1070 1959 ?
1100 1905 1267 1961 Homo
1295 1907 1508 1962 vanitati
1551 1909 1732 1963 similis
1773 1912 1940 1981 [actus
1967 1920 2040 1964 est
2069 1927 2088 1966 :

485 1993 598 2048 dies
643 1995 756 2064 ejus
799 1995 933 2049 sicut
964 1995 1145 2050 umbra
1186 2007 1509 2069 prwtereunt.
1543 1997 1660 2052 Non
1689 1999 2002 2056 differenter
2030 2001 2083 2056 in

480 2095 674 2142 octavo
701 2102 915 2158 quoque
967 2089 1177 2158 psalmo
1227 2075 1796 2162 proclamat,Spiritus
1825 2104 2083 2151 sanctus:

479 2177 624 2244 Quid
649 2189 732 2234 est
763 2179 949 2246 homo,
977 2180 1120 2250 quod
1154 2196 1362 2237 memor
1392 2197 1451 2238 es
1485 2183 1628 2254 ejus,
1681 2193 1774 2239 aut
1814 2184 1957 2242 ﬁlius
1989 2186 2087 2241 ho-

479 2271 646 2329 minis
669 2315 683 2339 ,
718 2274 970 2344 quoniam
992 2274 1179 2330 visitas
1203 2277 1366 2331 eum?
1397 2274 1682 2333 Confessio
1709 2277 1807 2333 ista
1833 2279 2085 2350 pulcher-

483 2365 624 2421 rima
653 2374 757 2430 est,
791 2374 848 2419 ut
878 2364 1156 2437 indignum
1207 2382 1267 2422 se
1312 2367 1474 2424 homo
1520 2378 1670 2425 tanto
1713 2386 1938 2428 munere
1968 2373 2085 2443 ipse

482 2464 736 2515 testatur.
778 2458 847 2513 Et
887 2475 1008 2514 cum
1054 2475 1114 2515 se
1163 2459 1439 2532 indignum
1486 2463 1815 2533 conﬁtetur,
1856 2467 2082 2537 gratiam

489 2549 610 2618 ejus
640 2550 730 2621 qui
762 2550 861 2605 sibi
886 2551 1001 2606 haec
1031 2551 1289 2623 largiatur
1318 2555 1547 2610 extollit.
1586 2557 1741 2623 Quod
1797 2559 1941 2613 enim
1971 2574 2083 2614 me-

479 2640 648 2696 ritum
704 2641 939 2697 hominis
993 2652 1120 2710 est,
1177 2653 1236 2698 ut
1285 2645 1333 2700 ei
1383 2660 1442 2701 se
1492 2648 1908 2718 cognoscibilem
1943 2651 2085 2706 Deus

482 2742 741 2802 praestet,
793 2742 852 2788 ut
899 2735 1331 2806 incognoscibilis
1381 2748 1568 2794 natura
1624 2742 1914 2811 cognitioni
1953 2761 2082 2800 nos-

482 2831 584 2879 tra:
637 2839 758 2880 sese
798 2825 913 2896 ipsa
951 2827 1263 2883 submittat?
1307 2827 1414 2884 Ant
1438 2845 1558 2900 qua:
1581 2830 1812 2902 dignitas
1851 2843 1934 2890 est
1989 2835 2084 2890 ﬁlii

484 2914 766 2983 hominis,
813 2928 872 2972 ut
923 2918 1256 2989 deputetur?
1314 2922 1608 2992 Deputatur
1663 2935 1881 2994 autem,
1923 2926 2082 2998 quid-

483 3008 615 3078 quid
646 3006 715 3064 de
744 3023 810 3065 eo
837 3009 888 3064 in
917 3026 1026 3081 quo
1064 3020 1149 3068 est
1183 3013 1235 3067 in
1263 3013 1409 3069 aliud
1440 3015 1759 3072 destinatur.
1797 3017 1894 3074 Rei
1921 3028 2081 3075 natu-
2120 3054 2122 3056 τ

2187 1821 2502 1877 conturbavit
2532 1837 2616 1875 eos
2650 1819 2838 1891 (Ibid.,
2881 1817 2994 1891 15).
3024 1818 3166 1874 Misit
3192 1833 3459 1885 esummo,
3504 1827 3552 1872 et
3598 1817 3797 1885 accepit

2186 1929 2288 1978 me,
2319 1921 2367 1966 et
2393 1911 2672 1981 assumpsit
2697 1927 2775 1964 me
2802 1911 2866 1966 de
2914 1910 3242 1965 multitudine
3266 1925 3531 1980 aquarum.
3586 1906 3796 1976 Eripuit

2187 2022 2268 2060 me
2297 2007 2359 2060 de
2405 2005 2626 2060 inimicis
2652 2005 2780 2059 meis
2803 2004 3099 2076 fortissimis
3129 2002 3316 2074 (lbid.,
3361 2003 3450 2068 17,
3479 1999 3592 2071 18).
3619 2001 3679 2056 In
3729 2016 3793 2057 eo

2185 2109 2362 2156 autem
2395 2099 2536 2170 quod
2568 2098 2889 2155 fortissimos
2919 2097 3090 2164 dixit,
3150 2111 3438 2167 possumus
3480 2096 3788 2165 intelligere

2186 2208 2322 2265 quos
2347 2193 2542 2248 dixerit
2571 2211 2586 2259 ;
2615 2207 2811 2262 nempe
2837 2191 2906 2246 de
2935 2191 3129 2262 quibus
3177 2188 3474 2258 Apostolus
3506 2189 3584 2242 ait
3621 2205 3634 2240 :
3667 2186 3793 2243 Non

2187 2296 2260 2340 est
2288 2286 2430 2340 nobis
2457 2303 2629 2356 pugna
2657 2286 2897 2340 adversus
2923 2300 3126 2338 carnem
3154 2293 3200 2337 et
3223 2283 3542 2354 sanguinem,
3573 2281 3668 2336 sed
3694 2281 3790 2335 ad-

2186 2396 2362 2435 versus
2387 2379 2816 2451 mundipotentes,
2860 2378 3103 2432 adversus
3130 2375 3404 2447 spiritales
3447 2374 3702 2446 nequitias
3737 2375 3791 2428 in

2187 2474 2472 2529 ctelestibus
2494 2471 2710 2544 (Ep/tes.
2740 2488 2814 2538 vr,
2841 2469 2930 2542 12)
2954 2488 2966 2523 :
2994 2480 3181 2526 satana
3203 2471 3322 2540 ipso
3337 2483 3397 2525 se
3415 2468 3468 2524 in
3495 2483 3592 2524 cor
3611 2466 3788 2534 Judze,

2187 2575 2245 2622 ut
2273 2566 2560 2621 Dominum
2607 2564 2887 2630 traderet,
2913 2566 3187 2620 inserente
3215 2562 3370 2636 (Luc.
3398 2577 3538 2628 χιιι,
3573 2560 3652 2633 5).
3684 2558 3791 2616 Sed

2185 2670 2239 2718 et
2270 2661 2323 2716 in
2356 2661 2458 2716 hoc
2481 2660 2688 2731 psalmo
2741 2661 2842 2714 hoc
2879 2659 3244 2715 contuendum
3293 2667 3376 2713 est
3401 2675 3414 2710 :
3439 2655 3673 2712 Corusca
3702 2671 3792 2709 co-

2185 2755 2529 2819 ruscationes,
2558 2762 2607 2808 et
2631 2752 2908 2822 dissipabis
2932 2767 3019 2805 eos
3040 2768 3059 2817 ;
3083 2751 3255 2806 emitte
3281 2749 3495 2820 sagittas
3534 2759 3649 2802 tuas
3681 2787 3696 2812 ,
3745 2756 3792 2806 et

2191 2848 2515 2903 conturbabis
2543 2863 2650 2901 eos.
2683 2845 2799 2900 Non
2833 2845 2957 2900 illos
2979 2843 3246 2915 superius,
3279 2843 3348 2898 de
3372 2843 3569 2914 quibus
3617 2844 3689 2897 ita
3722 2843 3792 2915 (ε)

2187 2951 2547 3008 memoraret,
2574 2939 2812 2996 ostendit
2845 2957 2857 2993 :
2901 2938 3054 3015 .quod
3101 2951 3326 2995 necesse
3353 2945 3438 2994 est
3484 2936 3553 2993 ad
3581 2947 3796 2994 montes

2186 3036 2286 3093 hos
2307 3037 2515 3100 referri,
2534 3036 2625 3106 qui
2639 3034 2705 3090 ad
2719 3033 2893 3089 solum
2911 3033 3005 3088 Dei
3020 3040 3216 3087 tactum
3242 3030 3540 3086 fumabunt.
3556 3030 3624 3084 Et
3637 3045 3706 3086 ne
3717 3029 3791 3086 de

483 3113 602 3155 ram
628 3101 916 3156 verborum
949 3102 1118 3158 virtus
1147 3105 1436 3174 eloquitur.
1469 3107 1642 3162 llomo
1669 3109 1893 3165 vanitati
1927 3111 2077 3167 simi—

2188 3129 2411 3185 terrenis
2427 3129 2540 3184 istis
2555 3126 2824 3182 montibus
2841 3126 3041 3181 dictum
3054 3125 3446 3190 existimemus,
3465 3128 3669 3194 psalmo
3683 3123 3794 3180 alio

476 3191 546 3247 lis
570 3191 812 3257 effectus,
832 3201 887 3247 et
904 3194 1057 3263 cujus
1081 3194 1197 3250 dies
1230 3205 1500 3268 tamquam
1519 3200 1707 3256 umbra
1730 3211 2076 3272 praetereunt,

479 3304 582 3360 per
633 3288 892 3344 indultam
942 3290 1306 3360 cognitionem
1357 3293 1451 3348 Dei
1497 3295 1803 3364 deputatur.
1861 3298 2080 3356 Vanitas

481 3380 742 3438 amulum
785 3389 888 3448 est,
933 3379 1088 3454 cujus
1135 3381 1346 3439 habitus
1375 3392 1430 3440 et
1477 3385 1648 3441 forma
1679 3387 1910 3444 tolletur.
1967 3389 2081 3446 Deo

483 3473 630 3530 enim
660 3474 820 3530 inane
848 3483 956 3540 est,
990 3473 1247 3545 quidquid
1275 3477 1522 3547 quamvis
1550 3489 1940 3547 exstet,tamen
1973 3500 2080 3540 non

485 3565 560 3623 ita
592 3567 838 3623 subsistit
860 3577 917 3623 ut
934 3579 1147 3626 maneat
1169 3587 1182 3622 :
1205 3572 1458 3628 etumbra
1474 3590 1846 3648 quzecumque,
1869 3581 2082 3636 etiamsi

481 3659 575 3727 sit,
610 3669 787 3716 tamen
833 3675 939 3716 non
985 3670 1103 3728 est;
1137 3663 1262 3733 quia
1305 3679 1428 3720 cum
1475 3667 1570 3731 lit,
1621 3668 1854 3726 abeunte
1882 3687 1949 3728 eo
1985 3688 2080 3742 per

485 3766 648 3821 quem
701 3752 1033 3839 efﬁciebatur
1063 3752 1138 3823 (ιι)
1190 3756 1466 3812 eximitur.
1521 3759 1694 3815 Homo
1743 3763 1922 3834 itaque
1973 3780 2081 3821 non

481 3841 697 3908 umbra,
729 3843 824 3897 sed
855 3843 1059 3899 umbrae
1087 3845 1310 3912 similis;
1345 3864 1518 3920 neque
1545 3853 1773 3920 vanitas,
1805 3857 1902 3912 sed
1927 3858 2082 3914 simi-

482 3933 555 3990 lis
577 3935 800 3990 vanitati
848 3951 944 4006 per
976 3938 1422 4028 intercessionem
1471 3945 1662 4000 mortis
1696 3945 1954 4015 eﬁ'ectus;
1990 3968 2085 4022 per

485 4025 752 4082 indultum
787 4043 916 4084 vero
945 4025 1438 4102 sibi—cognitionem
1472 4035 1562 4090 Dei
1595 4035 1900 4108 deputatur.
1932 4041 1996 4096 Et
2029 4043 2082 4098 in

486 4117 618 4190 quid
659 4119 969 4190 deputetur,
1020 4125 1256 4193 cognitio
1296 4125 1501 4183 indulta
1539 4136 1784 4186 testatur.
1837 4133 1894 4188 Si
1938 4136 2083 4192 enim

488 4211 739 4280 cognitus
770 4213 883 4269 ﬁeri
911 4214 1077 4287 614
1105 4215 1246 4272 Deus
1278 4217 1480 4274 homini
1509 4263 1524 4286 ,
1563 4223 1663 4278 nisi
1695 4238 1972 4298 assumpto
1989 4227 2086 4286 bo-

489 4307 660 4370 minc,
688 4319 793 4360 non
823 4307 1026 4377 potuit;
1057 4310 1179 4378 quia
1211 4311 1684 4383 incognoscibilem
1715 4333 2042 4391 cognoscere
2064 4367 2082 4395 ,

491 4413 597 4454 msr
627 4415 725 4470 per
773 4411 1018 4457 naturam
1067 4412 1304 4460 nostram
1332 4449 1345 4473 ,
1374 4419 1563 4464 natura
1593 4421 1775 4468 nostra
1824 4431 1930 4472 non
1983 4434 2085 4489 p0-

2179 3223 2551 3284 admonemur,
2570 3235 2691 3275 cum
2722 3217 2917 3273 dicitur
2941 3217 3038 3290 ,(f)
3057 3216 3124 3273 Ut
3151 3216 3277 3287 quid
3303 3217 3619 3287 suscepistis
3638 3231 3797 3272 mon-

2183 3323 2263 3370 tes
2275 3313 2617 3384 coagulatos?
2638 3319 2963 3387 etquantum
2974 3309 3200 3380 intelligi
3216 3307 3554 3376 conceditur,
3579 3318 3796 3365 montes

2179 3404 2450 3460 interdum
2482 3405 2640 3459 etiam
2673 3401 2967 3458 diabolicas
2991 3410 3307 3471 pmestates,
3337 3410 3398 3456 ut
3431 3416 3574 3456 nunc
3605 3399 3660 3455 in
3696 3402 3800 3457 hoc

2183 3497 2320 3562 loco,
2350 3495 2638 3566 signiﬁcari
2660 3494 3038 3551 arbitramur:
3071 3493 3160 3564 qui
3177 3492 3585 3550 constitutiones
3597 3492 3796 3547 divinat

2181 3588 2670 3662 legistransgrcssi,
2697 3598 2966 3658 tamquam
2978 3586 3211 3642 exlactis
3232 3584 3564 3650 sinceritate,
3601 3583 3795 3642 vitiosa

2182 3683 2390 3756 coaguli
2405 3683 2747 3753 corruptione
2761 3681 3176 3750 coagulaverint.
3195 3681 3260 3736 Et
3273 3680 3371 3736 hos
3391 3694 3514 3736 esse
3530 3679 3802 3749 potentis-

2183 3779 2350 3835 simos
2362 3777 2606 3832 inimicos
2619 3789 2746 3831 suos
2759 3774 2993 3845 psalmus
3012 3771 3436 3846 anterior;(xvn)
3453 3773 3572 3828 locu
3581 3783 3666 3827 tus
3690 3780 3795 3828 est.

2256 3871 2344 3927 10.
2357 3871 2639 3925 Descensus
2659 3868 2780 3932 Dei,
2799 3878 2847 3922 et
2860 3868 3125 3922 inclinatio
3143 3867 3255 3924 cteli
3278 3863 3798 3938 quid.-—Descendit

2185 3979 2316 4036 ergo
2340 3965 2596 4019 Dominus
2614 3962 2870 4017 inclinato
2891 3960 3031 4017 ctelo
3056 3975 3177 4027 suo,
3199 3975 3305 4015 non
3320 3958 3593 4030 corporali
3616 3965 3792 4023 motu,

2185 4063 2246 4110 ut
2285 4053 2613 4109 declinatum
2643 4051 3008 4108 descendente
3047 4066 3113 4106 eo
3161 4051 3356 4106 emtum
3403 4050 3519 4106 sit:
3571 4047 3670 4104 sed
3704 4063 3799 4119 per

2185 4148 2521 4220 corporalem
2536 4146 2979 4216 signiﬁcationem
3001 4144 3260 4216 spiritalis
3275 4159 3468 4202 sensus
3487 4142 3794 4212 instruitur,

2190 4248 2252 4295 ut
2278 4238 2442 4312 615
2473 4253 2594 4294 cum
2635 4238 2750 4295 Deo
2777 4252 3020 4304 somnus,
3074 4236 3291 4307 vigilite,
3334 4237 3624 4303 memoria,
3654 4235 3791 4291 obli-

2185 4331 2296 4397 vio,
2323 4332 2596 4388 discessus
2633 4342 2688 4387 et
2736 4344 2988 4388 accessus
3027 4329 3396 4395 adscribitur;
3444 4328 3569 4399 quia
3597 4327 3676 4401 (g)
3705 4343 3794 4384 se.

2187 4421 2423 4478 cundum
2453 4422 2771 4478 meritorum
2817 4428 3124 4477 nostrorum
3153 4419 3510 4476 differentiam
3532 4459 3548 4486 ,
3580 4419 3792 4475 unicui-

490 4492 625 4559 lllil;
660 4501 717 4549 ει
744 4509 839 4564 Per
866 4493 1006 4550 hanc
1035 4498 1397 4568 cognitionem
1440 4500 1600 4558 homo
1630 4503 1701 4575 (c)
1731 4507 1823 4577 qui
1861 4509 2088 4581 deputa—
2112 4494 2170 4558 1)
2192 4530 2298 4586 que
2316 4523 2562 4570 nostrum
2593 4523 2685 4568 aut
2703 4512 2978 4569 dormiens
3000 4521 3096 4568 aut
3122 4510 3368 4582 vigilans,
3393 4519 3486 4566 aut
3505 4510 3792 4567 immemor

489 4593 610 4656 tur,
657 4601 883 4645 necesse
921 4598 1003 4645 est
1045 4599 1103 4645 ut
1133 4591 1185 4646 in
1230 4592 1280 4647 id
1327 4593 1643 4665 deputetur,
1676 4597 1734 4653 in
1780 4615 1888 4672 quo
1919 4603 2084 4661 Deum

490 4785 920 4875 evaditteterna,
950 4789 1393 4875 incorruptibilis,
1431 4785 1661 4875 gloriosa
1689 4815 1702 4862 ;
1727 4815 1848 4870 qum
1868 4804 2085 4875 quidem

490 4870 600 4936 nou
627 4857 884 4936 humanae
903 4869 1052 4936 sunt,
1075 4857 1395 4936 sed—divinae
1423 4857 1796 4936 proprietates.

566 4928 645 5068 $0;
669 4928 766 5010 Ms.
796 4930 918 4984 Mle.
949 4933 1002 4984 in
1033 4932 1337 4989 humilitate.

593 4996 620 5049 b
675 4999 762 5054 SIC
796 5001 967 5068 prima
1001 5003 1129 5057 edit.
1157 5004 1276 5059 Par.
1301 5021 1330 5060 c

593 4996 645 5082 ρ)
675 4999 762 5082 §ic
796 5001 967 5082 prima
1001 5003 1129 5082 edit.
1157 5004 1276 5082 Par.
1301 5021 1421 5082 cum
1450 5024 1550 5082 ms.
1579 5011 1646 5064 At
1671 5021 1942 5082 postrema
1964 5035 2086 5078 cum

492 5066 653 5150 13am,
669 5068 766 5150 'Er.
783 5066 839 5124 et
857 5073 999 5141 Lips.
1029 5075 1583 5134 exinanitur.Verbum
1610 5066 2089 5148 eat-inimi'c'iiin'éiil

491 5137 616 5194 dein
634 5139 680 5192 vi
700 5140 877 5195 denuo
903 5137 1143 5199 recurret
1168 5163 1221 5201 n.
1257 5150 1340 5204 15.

565 5209 993 5298 .(c).7Legendum
1029 5216 1284 5298 _vide_tur_,_
1323 5221 1474 5298 Itonia
1503 5225 1628 5292 quid
1675 5226 1993 5298 deputatur;
2022 5249 2086 5290 ac

491 5279 709 5369 deinde,
729 5279 943 5369 necesse
965 5295 1038 5365 est
1067 5297 1122 5339 ut
1148 5293 1200 5369 in
1229 5279 1284 5343 id
1315 5279 1604 5369 deputetur,
1637 5298 1688 5351 in
1711 5279 2087 5369 $32,302.

488 5353 746 5436 quo,“h_oc
773 5353 1059 5436 est,cuj_us
1090 5360 1165 5412 rei
1196 5376 1355 5436 causa
1383 5353 1554 5436 Deum
1579 5353 1847 5436 cognovit.

561 5423 1450 5516 Aerardescit.
1485 5439 1556 5494 At
1601 5423 1858 5497 Hilarium
1908 5446 2085 5516 legere

485 5495 665 5620 auare
707 5496 1019 5563 exardescet,
1071 5509 1284 5555 constat
1326 5518 1391 5559 ex
1439 5515 1595 5566 tract.
1635 5527 1718 5582 ps.
1755 5495 2085 5582 eximii-5

503 5635 631 5756 "(c)
653 5637 742 5694 Sic
766 5653 867 5694 ms.
901 5638 1020 5697 Mic.
1051 5641 1105 5697 in
1127 5657 1234 5711 quo
1262 5646 1429 5730 paulo
1469 5661 1603 5734 ante.
1627 5653 1820 5722 nullos,
1849 5673 1948 5730 pro
1979 5677 2084 5716 non

546 5721 621 5756 os-
655 5709 722 5756 At
756 5711 893 5756 simul
925 5712 1041 5756 Dan
1080 5725 1328 5756 niomm-nr
1363 5735 1376 5748 -
1416 5734 1468 5756 ιη
1515 5722 1632 5756 olus
1677 5736 1854 5756 mm...
1905 5729 2060 5756 Nam-

513 5709 621 5774 llos.
653 5709 722 5764 At
756 5711 894 5782 apud
921 5712 1045 5769 Par.
1080 5709 1329 5773 memorat
1362 5735 1376 5773 :
1414 5719 1469 5776 in
1513 5722 1635 5779 aliis
1675 5709 2081 5800 autem—editis,

2204 4616 2296 4664 aut
2317 4605 2631 4674 reCordans,
2662 4613 2756 4662 aut
2777 4605 2918 4661 desit
2961 4614 3052 4661 aut
3080 4604 3239 4662 adsit.
3267 4605 3444 4676 Atque
3465 4604 3540 4659 ita
3563 4603 3791 4661 inclina-

2195 4815 2519 4864 memorarat.
2553 4807 2682 4864 Vult
2720 4805 2956 4865 Hilarius
2993 4807 3466 4880 psalmographum
3495 4808 3789 4879 superiori-

2194 4881 2296 4936 hus
2322 4881 2480 4934 dictis
2506 4895 2611 4935 non
2639 4880 2942 4936 ostendisse
2967 4881 3035 4936 ad
3061 4895 3200 4951 quos
3232 4880 3463 4936 referret
3493 4895 3790 4950 pronomen

2196 4968 2304 5017 eos,
2343 4952 2431 5005 ubi
2476 4951 2693 5021 subjicit
2721 4953 2992 5017 dissipabis
3017 4968 3124 5018 eos,
3165 4951 3490 5007 conturbabis
3531 4969 3642 5021 eos,
3688 4951 3790 5008 nisi

2196 5023 2260 5077 ad
2297 5032 2506 5078 montes
2537 5023 2821 5079 referatur.

2268 5093 2337 5164 (Ι)
2366 5093 2438 5147 ha
2486 5109 2588 5149 ms.
2631 5094 2902 5163 quomodo
2944 5102 3000 5150 et
3043 5095 3096 5150 in
3147 5095 3285 5163 psal.
3323 5094 3698 5159 van,n.16,
3727 5107 3793 5149 ex

2195 5180 2326 5237 mss.
2379 5166 2684 5220 restitutum
2734 5177 2834 5223 est.
2885 5167 2956 5222 At
2980 5167 3186 5233 excnsi,
3243 5176 3298 5220 ut
3342 5167 3466 5237 quid
3508 5166 3790 5236 suscipitis.

2194 5235 2448 5290 Montium
2501 5240 2717 5310 nomine
2769 5239 3045 5294 dientones
3084 5235 3460 5310 intelligendos
3507 5235 3658 5294 esse
3683 5237 3793 5309 jam

2194 5315 2472 5380 ostensum
2500 5318 2582 5380 est
2611 5309 2660 5362 in
2690 5312 2826 5380 psal.
2862 5325 3011 5376 LXIV,
3045 5327 3100 5364 n.
3125 5310 3179 5366 8.

2269 5380 2346 5448 (ῃ)
2377 5377 2529 5446 Quod
2563 5379 2668 5447 hic,
2691 5377 2976 5435 secundum
3002 5383 3294 5436 meritorum
3317 5390 3614 5435 nostrorum
3643 5378 3797 5447 αἰπε-

2192 5451 2430 5515 rentiam,
2453 5461 2583 5515 etc.,
2604 5452 2705 5506 hoc
2733 5453 2785 5507 iu
2809 5468 2890 5518 ps.
2906 5468 3030 5517 cxx,
3057 5470 3109 5507 n.
3133 5453 3167 5508 9
3193 5452 3520 5507 :Secundum
3545 5453 3796 5506 uniuscu-

2183 5523 2372 5592 jusque
2401 5537 2564 5576 mores
2609 5539 2670 5576 ac
2698 5524 2927 5577 studium
2968 5525 3247 5594 unicuique
3274 5519 3415 5577 Deus
3457 5523 3662 5590 adiacet
3690 5539 3709 5577 :
3737 5529 3792 5578 et

2194 5594 2351 5666 paulo
2399 5600 2523 5666 ante
2553 5635 2567 5659 ,
2598 5594 2893 5666 Secundum
2922 5595 3079 5666 ﬁdem
3106 5605 3336 5651 nostram
3369 5604 3458 5649 aut
3486 5595 3789 5665 vigilantem

2191 5672 2280 5788 ἕω
2300 5664 2653 5792 dormientem,
2669 5663 2764 5721 Dei
2783 5663 3036 5723 auxilium
3057 5666 3317 5723 nobiscum
3339 5676 3429 5722 aut
3451 5663 3680 5738 vigilabit
3697 5673 3786 5720 aut

2229 5750 2388 5792 omne
2415 5780 2428 5792 .

2229 5750 2286 5788 01·
2289 5750 2410 5792 mret
2415 5780 2428 5792 .
