  <div class='ocr_page' id='page_1' title='image "/cluster/home/n/w/nwhite01/storage/ocr_20150623/9/hvd.32044096580378/442.png"; bbox 0 0 4134 6184; ppageno 0'>
   <div class='ocr_carea' id='block_1_1' title="bbox 347 314 455 371">
    <p class='ocr_par' dir='ltr' id='par_1_1' title="bbox 347 314 455 371">
     <span class='ocr_line' id='line_1_1' title="bbox 347 314 455 371; baseline 0 0"><span class='ocrx_word' id='word_1_1' title='bbox 347 314 455 371; x_wconf 64' lang='grc'><strong>849</strong></span> 
     </span>
    </p>
   </div>
   <div class='ocr_carea' id='block_1_2' title="bbox 1424 326 2580 400">
    <p class='ocr_par' dir='ltr' id='par_1_2' title="bbox 1424 326 2580 400">
     <span class='ocr_line' id='line_1_2' title="bbox 1424 326 2580 400; baseline 0.015 -18"><span class='ocrx_word' id='word_1_2' title='bbox 1424 326 1849 389; x_wconf 74' lang='lat' dir='ltr'><strong>TRACTATUS</strong></span> <span class='ocrx_word' id='word_1_3' title='bbox 1889 331 1958 389; x_wconf 84' lang='lat' dir='ltr'>IN</span> <span class='ocrx_word' id='word_1_4' title='bbox 1994 333 2201 393; x_wconf 86' lang='lat' dir='ltr'><strong>CXLIII</strong></span> <span class='ocrx_word' id='word_1_5' title='bbox 2234 338 2580 400; x_wconf 84' lang='lat' dir='ltr'><strong>PSALMUM.</strong></span> 
     </span>
    </p>
   </div>
   <div class='ocr_carea' id='block_1_3' title="bbox 3526 357 3634 416">
    <p class='ocr_par' dir='ltr' id='par_1_3' title="bbox 3526 357 3634 416">
     <span class='ocr_line' id='line_1_3' title="bbox 3526 357 3634 416; baseline 0 -1"><span class='ocrx_word' id='word_1_6' title='bbox 3526 357 3634 416; x_wconf 80' lang='lat'><strong>850</strong></span> 
     </span>
    </p>
   </div>
   <div class='ocr_carea' id='block_1_4' title="bbox 337 421 3645 541">
    <p class='ocr_par' dir='ltr' id='par_1_4' title="bbox 337 421 3645 541">
     <span class='ocr_line' id='line_1_4' title="bbox 337 421 3645 541; baseline 0.013 -55"><span class='ocrx_word' id='word_1_7' title='bbox 337 440 450 487; x_wconf 91' lang='lat' dir='ltr'><strong>tum</strong></span> <span class='ocrx_word' id='word_1_8' title='bbox 503 432 869 491; x_wconf 84' lang='lat' dir='ltr'><strong>descendente</strong></span> <span class='ocrx_word' id='word_1_9' title='bbox 910 449 976 492; x_wconf 90' lang='lat' dir='ltr'><strong>eo</strong></span> <span class='ocrx_word' id='word_1_10' title='bbox 1023 438 1218 494; x_wconf 72' lang='lat' dir='ltr'><strong>cmlum</strong></span> <span class='ocrx_word' id='word_1_11' title='bbox 1251 448 1336 496; x_wconf 90' lang='lat' dir='ltr'><strong>est</strong></span> <span class='ocrx_word' id='word_1_12' title='bbox 1371 459 1386 500; x_wconf 86' lang='lat'><strong>:</strong></span> <span class='ocrx_word' id='word_1_13' title='bbox 1419 444 1645 518; x_wconf 72' lang='lat' dir='ltr'><strong>quia(a)</strong></span> <span class='ocrx_word' id='word_1_14' title='bbox 1673 461 1793 502; x_wconf 92' lang='lat' dir='ltr'><strong>cum</strong></span> <span class='ocrx_word' id='word_1_15' title='bbox 1850 449 1944 505; x_wconf 90' lang='lat' dir='ltr'><strong>dc-</strong></span> <span class='ocrx_word' id='word_1_16' title='bbox 1970 449 2024 511; x_wconf 80' lang='grc' dir='ltr'><strong>Α</strong></span> <span class='ocrx_word' id='word_1_17' title='bbox 2049 466 2236 507; x_wconf 92' lang='lat' dir='ltr'><strong>eorum</strong></span> <span class='ocrx_word' id='word_1_18' title='bbox 2263 451 2382 526; x_wconf 84' lang='lat' dir='ltr'><strong>(Ps.</strong></span> <span class='ocrx_word' id='word_1_19' title='bbox 2410 455 2666 528; x_wconf 58' lang='lat' dir='ltr'><strong>unus):</strong></span> <span class='ocrx_word' id='word_1_20' title='bbox 2694 421 3058 532; x_wconf 52' lang='lat' dir='ltr'><strong>parvulorum,</strong></span> <span class='ocrx_word' id='word_1_21' title='bbox 3079 472 3133 520; x_wconf 91' lang='lat' dir='ltr'><strong>ut</strong></span> <span class='ocrx_word' id='word_1_22' title='bbox 3167 465 3334 541; x_wconf 76' lang='lat'><strong>616</strong></span> <span class='ocrx_word' id='word_1_23' title='bbox 3352 470 3645 541; x_wconf 75' lang='lat' dir='ltr'><strong>Apostolus</strong></span> 
     </span>
    </p>
   </div>
   <div class='ocr_carea' id='block_1_5' title="bbox 345 526 1938 598">
    <p class='ocr_par' dir='ltr' id='par_1_5' title="bbox 345 526 1938 598">
     <span class='ocr_line' id='line_1_5' title="bbox 345 526 1938 598; baseline 0.011 -17"><span class='ocrx_word' id='word_1_24' title='bbox 345 526 637 584; x_wconf 74' lang='lat' dir='ltr'><strong>scandente</strong></span> <span class='ocrx_word' id='word_1_25' title='bbox 665 543 731 584; x_wconf 90' lang='lat' dir='ltr'><strong>eo</strong></span> <span class='ocrx_word' id='word_1_26' title='bbox 780 529 847 586; x_wconf 92' lang='lat' dir='ltr'><strong>ad</strong></span> <span class='ocrx_word' id='word_1_27' title='bbox 889 534 1273 589; x_wconf 89' lang='lat' dir='ltr'><strong>assumendum</strong></span> <span class='ocrx_word' id='word_1_28' title='bbox 1329 534 1602 593; x_wconf 83' lang='lat' dir='ltr'><strong>hominem</strong></span> <span class='ocrx_word' id='word_1_29' title='bbox 1652 539 1938 598; x_wconf 82' lang='lat' dir='ltr'><strong>famulatus</strong></span> 
     </span>
    </p>
   </div>
   <div class='ocr_carea' id='block_1_6' title="bbox 330 618 1934 708">
    <p class='ocr_par' dir='ltr' id='par_1_6' title="bbox 330 618 1934 708">
     <span class='ocr_line' id='line_1_6' title="bbox 330 618 1934 708; baseline 0.01 -34"><span class='ocrx_word' id='word_1_30' title='bbox 330 618 569 675; x_wconf 63' lang='lat' dir='ltr'><strong>caelestis</strong></span> <span class='ocrx_word' id='word_1_31' title='bbox 609 620 925 686; x_wconf 91' lang='lat' dir='ltr'><strong>adstiterit,</strong></span> <span class='ocrx_word' id='word_1_32' title='bbox 981 623 1112 681; x_wconf 89' lang='lat' dir='ltr'><strong>Cum</strong></span> <span class='ocrx_word' id='word_1_33' title='bbox 1145 627 1314 681; x_wconf 87' lang='lat' dir='ltr'><strong>Maria</strong></span> <span class='ocrx_word' id='word_1_34' title='bbox 1349 630 1768 702; x_wconf 85' lang='lat' dir='ltr'><strong>evangelizatur,</strong></span> <span class='ocrx_word' id='word_1_35' title='bbox 1811 649 1934 708; x_wconf 86' lang='lat' dir='ltr'><strong>cum</strong></span> 
     </span>
    </p>
   </div>
   <div class='ocr_carea' id='block_1_7' title="bbox 2043 543 3640 637">
    <p class='ocr_par' dir='ltr' id='par_1_7' title="bbox 2043 543 3640 637">
     <span class='ocr_line' id='line_1_7' title="bbox 2043 543 3640 637; baseline 0.017 -41"><span class='ocrx_word' id='word_1_36' title='bbox 2043 543 2140 610; x_wconf 86' lang='lat' dir='ltr'><strong>ait,</strong></span> <span class='ocrx_word' id='word_1_37' title='bbox 2162 544 2386 611; x_wconf 85' lang='lat' dir='ltr'><strong>malitia,</strong></span> <span class='ocrx_word' id='word_1_38' title='bbox 2411 562 2518 601; x_wconf 93' lang='lat' dir='ltr'><strong>non</strong></span> <span class='ocrx_word' id='word_1_39' title='bbox 2549 563 2712 604; x_wconf 90' lang='lat' dir='ltr'><strong>sensu</strong></span> <span class='ocrx_word' id='word_1_40' title='bbox 2735 550 2911 621; x_wconf 88' lang='lat' dir='ltr'><strong>(lCor.</strong></span> <span class='ocrx_word' id='word_1_41' title='bbox 2938 571 3043 621; x_wconf 69' lang='lat' dir='ltr'><strong>xxv,</strong></span> <span class='ocrx_word' id='word_1_42' title='bbox 3066 557 3182 628; x_wconf 68' lang='grc' dir='ltr'>ΞΟ).</span> <span class='ocrx_word' id='word_1_43' title='bbox 3230 560 3432 618; x_wconf 88' lang='lat' dir='ltr'><strong>Horum</strong></span> <span class='ocrx_word' id='word_1_44' title='bbox 3457 565 3640 637; x_wconf 80' lang='lat' dir='ltr'><strong>igitur,</strong></span> 
     </span>
    </p>
   </div>
   <div class='ocr_carea' id='block_1_8' title="bbox 2043 636 3631 727">
    <p class='ocr_par' dir='ltr' id='par_1_8' title="bbox 2043 636 3631 727">
     <span class='ocr_line' id='line_1_8' title="bbox 2043 636 3631 727; baseline 0.015 -38"><span class='ocrx_word' id='word_1_45' title='bbox 2043 636 2093 690; x_wconf 94' lang='lat' dir='ltr'><strong>id</strong></span> <span class='ocrx_word' id='word_1_46' title='bbox 2123 646 2225 703; x_wconf 84' lang='lat' dir='ltr'><strong>est,</strong></span> <span class='ocrx_word' id='word_1_47' title='bbox 2257 638 2492 693; x_wconf 72' lang='lat' dir='ltr'><strong>fidelium</strong></span> <span class='ocrx_word' id='word_1_48' title='bbox 2542 640 2607 695; x_wconf 91' lang='lat' dir='ltr'><strong>ad</strong></span> <span class='ocrx_word' id='word_1_49' title='bbox 2658 643 3022 702; x_wconf 88' lang='lat' dir='ltr'><strong>innocentiam</strong></span> <span class='ocrx_word' id='word_1_50' title='bbox 3069 660 3380 709; x_wconf 88' lang='lat' dir='ltr'><strong>renatorum</strong></span> <span class='ocrx_word' id='word_1_51' title='bbox 3422 636 3584 714; x_wconf 88' lang='lat' dir='ltr'><strong>verba</strong></span> <span class='ocrx_word' id='word_1_52' title='bbox 3617 701 3631 727; x_wconf 93' lang='lat'><strong>,</strong></span> 
     </span>
    </p>
   </div>
   <div class='ocr_carea' id='block_1_9' title="bbox 329 711 3638 805">
    <p class='ocr_par' dir='ltr' id='par_1_9' title="bbox 329 711 3638 805">
     <span class='ocr_line' id='line_1_9' title="bbox 329 711 3638 805; baseline 0.013 -42"><span class='ocrx_word' id='word_1_53' title='bbox 329 719 581 780; x_wconf 83' lang='lat' dir='ltr'><strong>pastores</strong></span> <span class='ocrx_word' id='word_1_54' title='bbox 628 711 931 770; x_wconf 86' lang='lat' dir='ltr'><strong>aethereum</strong></span> <span class='ocrx_word' id='word_1_55' title='bbox 974 726 1174 772; x_wconf 59' lang='lat' dir='ltr'><strong>castum</strong></span> <span class='ocrx_word' id='word_1_56' title='bbox 1221 727 1274 772; x_wconf 91' lang='lat' dir='ltr'><strong>et</strong></span> <span class='ocrx_word' id='word_1_57' title='bbox 1325 714 1536 784; x_wconf 27' lang='lat' dir='ltr'><strong>sonum.</strong></span> <span class='ocrx_word' id='word_1_58' title='bbox 1564 722 1747 778; x_wconf 89' lang='lat' dir='ltr'><strong>vident</strong></span> <span class='ocrx_word' id='word_1_59' title='bbox 1773 733 1934 793; x_wconf 87' lang='lat' dir='ltr'><strong>atque</strong></span> <span class='ocrx_word' id='word_1_60' title='bbox 2034 734 2311 797; x_wconf 82' lang='lat' dir='ltr'><strong>tamquam</strong></span> <span class='ocrx_word' id='word_1_61' title='bbox 2341 731 2550 801; x_wconf 85' lang='lat' dir='ltr'><strong>sagittae</strong></span> <span class='ocrx_word' id='word_1_62' title='bbox 2572 734 2974 801; x_wconf 74' lang='lat' dir='ltr'><strong>emissze;illos</strong></span> <span class='ocrx_word' id='word_1_63' title='bbox 2995 739 3258 798; x_wconf 80' lang='lat' dir='ltr'><strong>fumantes</strong></span> <span class='ocrx_word' id='word_1_64' title='bbox 3280 711 3638 805; x_wconf 58' lang='lat' dir='ltr'><strong>montescon:</strong></span> 
     </span>
    </p>
   </div>
   <div class='ocr_carea' id='block_1_10' title="bbox 327 803 1930 882">
    <p class='ocr_par' dir='ltr' id='par_1_10' title="bbox 327 803 1930 882">
     <span class='ocr_line' id='line_1_10' title="bbox 327 803 1930 882; baseline 0.011 -25"><span class='ocrx_word' id='word_1_65' title='bbox 327 803 575 873; x_wconf 87' lang='lat' dir='ltr'><strong>audiunt,</strong></span> <span class='ocrx_word' id='word_1_66' title='bbox 603 820 724 860; x_wconf 91' lang='lat' dir='ltr'><strong>cum</strong></span> <span class='ocrx_word' id='word_1_67' title='bbox 759 816 880 876; x_wconf 91' lang='lat' dir='ltr'><strong>post</strong></span> <span class='ocrx_word' id='word_1_68' title='bbox 907 809 1256 865; x_wconf 88' lang='lat' dir='ltr'><strong>tentationem</strong></span> <span class='ocrx_word' id='word_1_69' title='bbox 1286 810 1485 866; x_wconf 88' lang='lat' dir='ltr'><strong>diaboli</strong></span> <span class='ocrx_word' id='word_1_70' title='bbox 1518 813 1709 882; x_wconf 84' lang='lat' dir='ltr'><strong>Angeli</strong></span> <span class='ocrx_word' id='word_1_71' title='bbox 1739 817 1930 873; x_wconf 86' lang='lat' dir='ltr'><strong>minis-</strong></span> 
     </span>
    </p>
   </div>
   <div class='ocr_carea' id='block_1_11' title="bbox 327 899 1928 973">
    <p class='ocr_par' dir='ltr' id='par_1_11' title="bbox 327 899 1928 973">
     <span class='ocr_line' id='line_1_11' title="bbox 327 899 1928 973; baseline 0.007 -20"><span class='ocrx_word' id='word_1_72' title='bbox 327 906 496 964; x_wconf 88' lang='lat' dir='ltr'><strong>trant,</strong></span> <span class='ocrx_word' id='word_1_73' title='bbox 525 913 648 953; x_wconf 92' lang='lat' dir='ltr'><strong>cum</strong></span> <span class='ocrx_word' id='word_1_74' title='bbox 676 899 794 969; x_wconf 88' lang='lat' dir='ltr'><strong>ipse</strong></span> <span class='ocrx_word' id='word_1_75' title='bbox 824 909 969 955; x_wconf 91' lang='lat' dir='ltr'><strong>totus</strong></span> <span class='ocrx_word' id='word_1_76' title='bbox 992 900 1068 971; x_wconf 74' lang='grc' dir='ltr'><strong>(ὁ)</strong></span> <span class='ocrx_word' id='word_1_77' title='bbox 1101 901 1153 955; x_wconf 90' lang='lat' dir='ltr'><strong>in</strong></span> <span class='ocrx_word' id='word_1_78' title='bbox 1185 903 1352 958; x_wconf 82' lang='lat' dir='ltr'><strong>forma</strong></span> <span class='ocrx_word' id='word_1_79' title='bbox 1384 904 1507 960; x_wconf 86' lang='lat' dir='ltr'><strong>licet</strong></span> <span class='ocrx_word' id='word_1_80' title='bbox 1537 907 1678 960; x_wconf 73' lang='lat' dir='ltr'><strong>sarvi</strong></span> <span class='ocrx_word' id='word_1_81' title='bbox 1702 946 1718 973; x_wconf 90' lang='lat'><strong>,</strong></span> <span class='ocrx_word' id='word_1_82' title='bbox 1753 917 1928 965; x_wconf 87' lang='lat' dir='ltr'><strong>tamen</strong></span> 
     </span>
    </p>
   </div>
   <div class='ocr_carea' id='block_1_12' title="bbox 327 989 1928 1067">
    <p class='ocr_par' dir='ltr' id='par_1_12' title="bbox 327 989 1928 1067">
     <span class='ocr_line' id='line_1_12' title="bbox 327 989 1928 1067; baseline 0.008 -23"><span class='ocrx_word' id='word_1_83' title='bbox 327 989 379 1045; x_wconf 92' lang='lat' dir='ltr'><strong>in</strong></span> <span class='ocrx_word' id='word_1_84' title='bbox 413 1001 654 1061; x_wconf 61' lang='lat' dir='ltr'><strong>paternae</strong></span> <span class='ocrx_word' id='word_1_85' title='bbox 690 991 988 1061; x_wconf 87' lang='lat' dir='ltr'><strong>majestatis</strong></span> <span class='ocrx_word' id='word_1_86' title='bbox 1031 994 1228 1048; x_wconf 89' lang='lat' dir='ltr'><strong>virtute</strong></span> <span class='ocrx_word' id='word_1_87' title='bbox 1257 1011 1314 1051; x_wconf 88' lang='lat' dir='ltr'><strong>se</strong></span> <span class='ocrx_word' id='word_1_88' title='bbox 1357 999 1544 1067; x_wconf 82' lang='lat' dir='ltr'><strong>gessit.</strong></span> <span class='ocrx_word' id='word_1_89' title='bbox 1579 998 1670 1053; x_wconf 92' lang='lat' dir='ltr'><strong>Sic</strong></span> <span class='ocrx_word' id='word_1_90' title='bbox 1701 998 1928 1057; x_wconf 87' lang='lat' dir='ltr'><strong>inclina-</strong></span> 
     </span>
    </p>
   </div>
   <div class='ocr_carea' id='block_1_13' title="bbox 329 1083 1930 1164">
    <p class='ocr_par' dir='ltr' id='par_1_13' title="bbox 329 1083 1930 1164">
     <span class='ocr_line' id='line_1_13' title="bbox 329 1083 1930 1164; baseline 0.009 -27"><span class='ocrx_word' id='word_1_91' title='bbox 329 1091 417 1137; x_wconf 85' lang='lat' dir='ltr'><strong>tur</strong></span> <span class='ocrx_word' id='word_1_92' title='bbox 446 1083 666 1149; x_wconf 60' lang='lat' dir='ltr'><strong>caelum,</strong></span> <span class='ocrx_word' id='word_1_93' title='bbox 696 1097 818 1138; x_wconf 90' lang='lat' dir='ltr'><strong>cum</strong></span> <span class='ocrx_word' id='word_1_94' title='bbox 843 1083 909 1140; x_wconf 90' lang='lat' dir='ltr'><strong>ad</strong></span> <span class='ocrx_word' id='word_1_95' title='bbox 938 1093 1108 1142; x_wconf 88' lang='lat' dir='ltr'><strong>terras</strong></span> <span class='ocrx_word' id='word_1_96' title='bbox 1125 1087 1426 1143; x_wconf 69' lang='lat' dir='ltr'><strong>cmlestium</strong></span> <span class='ocrx_word' id='word_1_97' title='bbox 1465 1088 1644 1144; x_wconf 83' lang='lat' dir='ltr'><strong>Virtus</strong></span> <span class='ocrx_word' id='word_1_98' title='bbox 1665 1091 1802 1164; x_wconf 89' lang='lat' dir='ltr'><strong>(scil.</strong></span> <span class='ocrx_word' id='word_1_99' title='bbox 1830 1093 1930 1152; x_wconf 88' lang='lat' dir='ltr'><strong>Dei</strong></span> 
     </span>
    </p>
   </div>
   <div class='ocr_carea' id='block_1_14' title="bbox 319 1172 1204 1246">
    <p class='ocr_par' dir='ltr' id='par_1_14' title="bbox 319 1172 1204 1246">
     <span class='ocr_line' id='line_1_14' title="bbox 319 1172 1204 1246; baseline 0.002 -16"><span class='ocrx_word' id='word_1_100' title='bbox 319 1172 509 1245; x_wconf 86' lang='lat' dir='ltr'><strong>Filius)</strong></span> <span class='ocrx_word' id='word_1_101' title='bbox 539 1173 817 1246; x_wconf 86' lang='lat' dir='ltr'><strong>honorque</strong></span> <span class='ocrx_word' id='word_1_102' title='bbox 843 1175 1146 1233; x_wconf 83' lang='lat' dir='ltr'><strong>deducitur.</strong></span> <span class='ocrx_word' id='word_1_103' title='bbox 1191 1188 1204 1220; x_wconf 56' lang='grc' dir='ltr'>ἀ</span> 
     </span>
    </p>
   </div>
   <div class='ocr_carea' id='block_1_15' title="bbox 395 1266 1923 1342">
    <p class='ocr_par' dir='ltr' id='par_1_15' title="bbox 395 1266 1923 1342">
     <span class='ocr_line' id='line_1_15' title="bbox 395 1266 1923 1342; baseline 0.005 -20"><span class='ocrx_word' id='word_1_104' title='bbox 395 1267 485 1323; x_wconf 74' lang='lat' dir='ltr'><strong>Ii.</strong></span> <span class='ocrx_word' id='word_1_105' title='bbox 520 1266 723 1322; x_wconf 82' lang='lat' dir='ltr'><strong>Diaboli</strong></span> <span class='ocrx_word' id='word_1_106' title='bbox 749 1278 974 1340; x_wconf 76' lang='lat' dir='ltr'><strong>potestas</strong></span> <span class='ocrx_word' id='word_1_107' title='bbox 999 1272 1088 1341; x_wconf 98' lang='lat' dir='ltr'><strong>qui</strong></span> <span class='ocrx_word' id='word_1_108' title='bbox 1112 1271 1395 1342; x_wconf 78' lang='lat' dir='ltr'><strong>confracta,</strong></span> <span class='ocrx_word' id='word_1_109' title='bbox 1421 1274 1513 1328; x_wconf 95' lang='lat' dir='ltr'><strong>etsi</strong></span> <span class='ocrx_word' id='word_1_110' title='bbox 1535 1275 1778 1329; x_wconf 76' lang='lat' dir='ltr'><strong>maxima.</strong></span> <span class='ocrx_word' id='word_1_111' title='bbox 1815 1275 1923 1331; x_wconf 87' lang='lat' dir='ltr'><strong>Fu-</strong></span> 
     </span>
    </p>
   </div>
   <div class='ocr_carea' id='block_1_16' title="bbox 319 1362 1919 1440">
    <p class='ocr_par' dir='ltr' id='par_1_16' title="bbox 319 1362 1919 1440">
     <span class='ocr_line' id='line_1_16' title="bbox 319 1362 1919 1440; baseline 0.008 -26"><span class='ocrx_word' id='word_1_112' title='bbox 319 1371 450 1429; x_wconf 85' lang='lat' dir='ltr'><strong>mat,</strong></span> <span class='ocrx_word' id='word_1_113' title='bbox 469 1362 710 1416; x_wconf 82' lang='lat' dir='ltr'><strong>—nondum</strong></span> <span class='ocrx_word' id='word_1_114' title='bbox 737 1371 873 1418; x_wconf 86' lang='lat' dir='ltr'><strong>totus</strong></span> <span class='ocrx_word' id='word_1_115' title='bbox 899 1365 1084 1419; x_wconf 88' lang='lat' dir='ltr'><strong>uritur.</strong></span> <span class='ocrx_word' id='word_1_116' title='bbox 1116 1395 1188 1406; x_wconf 88' lang='lat'><strong>-—</strong></span> <span class='ocrx_word' id='word_1_117' title='bbox 1237 1366 1293 1421; x_wconf 91' lang='lat' dir='ltr'><strong>ln</strong></span> <span class='ocrx_word' id='word_1_118' title='bbox 1322 1383 1387 1423; x_wconf 93' lang='lat' dir='ltr'><strong>eo</strong></span> <span class='ocrx_word' id='word_1_119' title='bbox 1419 1376 1597 1423; x_wconf 90' lang='lat' dir='ltr'><strong>autem</strong></span> <span class='ocrx_word' id='word_1_120' title='bbox 1623 1369 1765 1440; x_wconf 89' lang='lat' dir='ltr'><strong>quod</strong></span> <span class='ocrx_word' id='word_1_121' title='bbox 1793 1371 1919 1426; x_wconf 90' lang='lat' dir='ltr'><strong>tacti</strong></span> 
     </span>
    </p>
   </div>
   <div class='ocr_carea' id='block_1_17' title="bbox 314 1454 1916 1532">
    <p class='ocr_par' dir='ltr' id='par_1_17' title="bbox 314 1454 1916 1532">
     <span class='ocr_line' id='line_1_17' title="bbox 314 1454 1916 1532; baseline 0.007 -24"><span class='ocrx_word' id='word_1_122' title='bbox 314 1463 531 1509; x_wconf 86' lang='lat' dir='ltr'><strong>montes</strong></span> <span class='ocrx_word' id='word_1_123' title='bbox 550 1454 814 1526; x_wconf 76' lang='lat' dir='ltr'><strong>fumigant</strong></span> <span class='ocrx_word' id='word_1_124' title='bbox 835 1456 1014 1528; x_wconf 87' lang='lat' dir='ltr'><strong>potius</strong></span> <span class='ocrx_word' id='word_1_125' title='bbox 1049 1463 1207 1527; x_wconf 79' lang='lat' dir='ltr'><strong>quam</strong></span> <span class='ocrx_word' id='word_1_126' title='bbox 1224 1469 1469 1527; x_wconf 91' lang='lat' dir='ltr'><strong>uruntur,</strong></span> <span class='ocrx_word' id='word_1_127' title='bbox 1489 1460 1562 1532; x_wconf 87' lang='lat' dir='ltr'><strong>(c)</strong></span> <span class='ocrx_word' id='word_1_128' title='bbox 1589 1475 1707 1516; x_wconf 92' lang='lat' dir='ltr'><strong>cum</strong></span> <span class='ocrx_word' id='word_1_129' title='bbox 1738 1471 1916 1519; x_wconf 91' lang='lat' dir='ltr'><strong>tamen</strong></span> 
     </span>
    </p>
   </div>
   <div class='ocr_carea' id='block_1_18' title="bbox 312 1546 1916 1618">
    <p class='ocr_par' dir='ltr' id='par_1_18' title="bbox 312 1546 1916 1618">
     <span class='ocr_line' id='line_1_18' title="bbox 312 1546 1916 1618; baseline 0.006 -16"><span class='ocrx_word' id='word_1_130' title='bbox 312 1546 365 1602; x_wconf 91' lang='lat' dir='ltr'><strong>id</strong></span> <span class='ocrx_word' id='word_1_131' title='bbox 397 1546 597 1604; x_wconf 89' lang='lat' dir='ltr'><strong>indicet</strong></span> <span class='ocrx_word' id='word_1_132' title='bbox 638 1549 783 1616; x_wconf 91' lang='lat' dir='ltr'><strong>quod</strong></span> <span class='ocrx_word' id='word_1_133' title='bbox 817 1549 1084 1618; x_wconf 80' lang='lat' dir='ltr'><strong>fumetur;</strong></span> <span class='ocrx_word' id='word_1_134' title='bbox 1114 1551 1314 1608; x_wconf 91' lang='lat' dir='ltr'><strong>deinde</strong></span> <span class='ocrx_word' id='word_1_135' title='bbox 1351 1568 1472 1608; x_wconf 92' lang='lat' dir='ltr'><strong>cum</strong></span> <span class='ocrx_word' id='word_1_136' title='bbox 1507 1557 1916 1614; x_wconf 90' lang='lat' dir='ltr'><strong>coruscantibus</strong></span> 
     </span>
    </p>
   </div>
   <div class='ocr_carea' id='block_1_19' title="bbox 308 1640 1913 1717">
    <p class='ocr_par' dir='ltr' id='par_1_19' title="bbox 308 1640 1913 1717">
     <span class='ocr_line' id='line_1_19' title="bbox 308 1640 1913 1717; baseline 0.006 -22"><span class='ocrx_word' id='word_1_137' title='bbox 308 1640 778 1697; x_wconf 83' lang='lat' dir='ltr'><strong>coruscationibus</strong></span> <span class='ocrx_word' id='word_1_138' title='bbox 805 1642 1138 1712; x_wconf 88' lang='lat' dir='ltr'><strong>dissipantur</strong></span> <span class='ocrx_word' id='word_1_139' title='bbox 1169 1644 1345 1715; x_wconf 90' lang='lat' dir='ltr'><strong>potius</strong></span> <span class='ocrx_word' id='word_1_140' title='bbox 1372 1661 1532 1714; x_wconf 89' lang='lat' dir='ltr'><strong>quam</strong></span> <span class='ocrx_word' id='word_1_141' title='bbox 1559 1647 1913 1717; x_wconf 90' lang='lat' dir='ltr'><strong>illucescuot;</strong></span> 
     </span>
    </p>
   </div>
   <div class='ocr_carea' id='block_1_20' title="bbox 310 1732 1912 1812">
    <p class='ocr_par' dir='ltr' id='par_1_20' title="bbox 310 1732 1912 1812">
     <span class='ocr_line' id='line_1_20' title="bbox 310 1732 1912 1812; baseline 0.006 -25"><span class='ocrx_word' id='word_1_142' title='bbox 310 1740 422 1787; x_wconf 92' lang='lat' dir='ltr'><strong>tum</strong></span> <span class='ocrx_word' id='word_1_143' title='bbox 453 1732 595 1802; x_wconf 90' lang='lat' dir='ltr'><strong>quod</strong></span> <span class='ocrx_word' id='word_1_144' title='bbox 625 1733 842 1789; x_wconf 86' lang='lat' dir='ltr'><strong>emissis</strong></span> <span class='ocrx_word' id='word_1_145' title='bbox 879 1735 1090 1806; x_wconf 82' lang='lat' dir='ltr'><strong>sagittis</strong></span> <span class='ocrx_word' id='word_1_146' title='bbox 1118 1737 1510 1794; x_wconf 89' lang='lat' dir='ltr'><strong>conturbantur</strong></span> <span class='ocrx_word' id='word_1_147' title='bbox 1539 1740 1709 1811; x_wconf 89' lang='lat' dir='ltr'><strong>magis</strong></span> <span class='ocrx_word' id='word_1_148' title='bbox 1752 1756 1912 1812; x_wconf 88' lang='lat' dir='ltr'><strong>quam</strong></span> 
     </span>
    </p>
   </div>
   <div class='ocr_carea' id='block_1_21' title="bbox 2039 819 3637 896">
    <p class='ocr_par' dir='ltr' id='par_1_21' title="bbox 2039 819 3637 896">
     <span class='ocr_line' id='line_1_21' title="bbox 2039 819 3637 896; baseline 0.015 -23"><span class='ocrx_word' id='word_1_149' title='bbox 2039 819 2369 876; x_wconf 90' lang='lat' dir='ltr'><strong>turbabunt:</strong></span> <span class='ocrx_word' id='word_1_150' title='bbox 2419 838 2540 877; x_wconf 91' lang='lat' dir='ltr'><strong>cum</strong></span> <span class='ocrx_word' id='word_1_151' title='bbox 2571 827 2720 896; x_wconf 81' lang='lat' dir='ltr'><strong>regni</strong></span> <span class='ocrx_word' id='word_1_152' title='bbox 2749 829 2989 884; x_wconf 70' lang='lat' dir='ltr'><strong>cmlestis</strong></span> <span class='ocrx_word' id='word_1_153' title='bbox 3035 832 3312 890; x_wconf 89' lang='lat' dir='ltr'><strong>beatitudo</strong></span> <span class='ocrx_word' id='word_1_154' title='bbox 3350 846 3404 892; x_wconf 88' lang='lat' dir='ltr'><strong>et</strong></span> <span class='ocrx_word' id='word_1_155' title='bbox 3425 842 3637 896; x_wconf 64' lang='lat' dir='ltr'><strong>aeterni-</strong></span> 
     </span>
    </p>
   </div>
   <div class='ocr_carea' id='block_1_22' title="bbox 2035 911 3633 998">
    <p class='ocr_par' dir='ltr' id='par_1_22' title="bbox 2035 911 3633 998">
     <span class='ocr_line' id='line_1_22' title="bbox 2035 911 3633 998; baseline 0.013 -34"><span class='ocrx_word' id='word_1_156' title='bbox 2035 918 2117 965; x_wconf 89' lang='lat' dir='ltr'><strong>tas</strong></span> <span class='ocrx_word' id='word_1_157' title='bbox 2145 911 2505 980; x_wconf 79' lang='lat' dir='ltr'><strong>praedicetur,</strong></span> <span class='ocrx_word' id='word_1_158' title='bbox 2539 932 2661 972; x_wconf 90' lang='lat' dir='ltr'><strong>cum</strong></span> <span class='ocrx_word' id='word_1_159' title='bbox 2696 918 2871 974; x_wconf 87' lang='lat' dir='ltr'><strong>honor</strong></span> <span class='ocrx_word' id='word_1_160' title='bbox 2900 923 3082 978; x_wconf 61' lang='lat' dir='ltr'><strong>saeculi</strong></span> <span class='ocrx_word' id='word_1_161' title='bbox 3131 935 3530 998; x_wconf 90' lang='lat' dir='ltr'><strong>contemnatur,</strong></span> <span class='ocrx_word' id='word_1_162' title='bbox 3580 945 3633 987; x_wconf 83' lang='lat' dir='ltr'><strong>et</strong></span> 
     </span>
    </p>
   </div>
   <div class='ocr_carea' id='block_1_23' title="bbox 2031 1003 3628 1081">
    <p class='ocr_par' dir='ltr' id='par_1_23' title="bbox 2031 1003 3628 1081">
     <span class='ocr_line' id='line_1_23' title="bbox 2031 1003 3628 1081; baseline 0.016 -25"><span class='ocrx_word' id='word_1_163' title='bbox 2031 1003 2227 1060; x_wconf 81' lang='lat' dir='ltr'><strong>Christi</strong></span> <span class='ocrx_word' id='word_1_164' title='bbox 2258 1006 2428 1076; x_wconf 85' lang='lat' dir='ltr'><strong>gloria</strong></span> <span class='ocrx_word' id='word_1_165' title='bbox 2459 1020 2742 1079; x_wconf 88' lang='lat' dir='ltr'><strong>speretur:</strong></span> <span class='ocrx_word' id='word_1_166' title='bbox 2774 1027 2896 1069; x_wconf 93' lang='lat' dir='ltr'><strong>cum</strong></span> <span class='ocrx_word' id='word_1_167' title='bbox 2928 1015 3086 1072; x_wconf 78' lang='lat' dir='ltr'><strong>luxus</strong></span> <span class='ocrx_word' id='word_1_168' title='bbox 3112 1028 3166 1073; x_wconf 89' lang='lat' dir='ltr'><strong>et</strong></span> <span class='ocrx_word' id='word_1_169' title='bbox 3195 1021 3430 1079; x_wconf 82' lang='lat' dir='ltr'><strong>ebrietas</strong></span> <span class='ocrx_word' id='word_1_170' title='bbox 3462 1027 3628 1081; x_wconf 84' lang='lat' dir='ltr'><strong>relin—</strong></span> 
     </span>
    </p>
   </div>
   <div class='ocr_carea' id='block_1_24' title="bbox 2029 1102 3631 1178">
    <p class='ocr_par' dir='ltr' id='par_1_24' title="bbox 2029 1102 3631 1178">
     <span class='ocr_line' id='line_1_24' title="bbox 2029 1102 3631 1178; baseline 0.013 -30"><span class='ocrx_word' id='word_1_171' title='bbox 2029 1105 2262 1164; x_wconf 87' lang='lat' dir='ltr'><strong>quatur,</strong></span> <span class='ocrx_word' id='word_1_172' title='bbox 2304 1109 2356 1152; x_wconf 91' lang='lat' dir='ltr'><strong>et</strong></span> <span class='ocrx_word' id='word_1_173' title='bbox 2379 1114 2576 1170; x_wconf 90' lang='lat' dir='ltr'><strong>corpus</strong></span> <span class='ocrx_word' id='word_1_174' title='bbox 2628 1102 2849 1173; x_wconf 85' lang='lat' dir='ltr'><strong>jejuniis</strong></span> <span class='ocrx_word' id='word_1_175' title='bbox 2901 1121 3190 1178; x_wconf 85' lang='lat' dir='ltr'><strong>purgetur;</strong></span> <span class='ocrx_word' id='word_1_176' title='bbox 3235 1127 3359 1167; x_wconf 88' lang='lat' dir='ltr'><strong>cum</strong></span> <span class='ocrx_word' id='word_1_177' title='bbox 3411 1118 3631 1172; x_wconf 76' lang='lat' dir='ltr'><strong>avaritia</strong></span> 
     </span>
    </p>
   </div>
   <div class='ocr_carea' id='block_1_25' title="bbox 2027 1187 3625 1274">
    <p class='ocr_par' dir='ltr' id='par_1_25' title="bbox 2027 1187 3625 1274">
     <span class='ocr_line' id='line_1_25' title="bbox 2027 1187 3625 1274; baseline 0.016 -34"><span class='ocrx_word' id='word_1_178' title='bbox 2027 1187 2295 1255; x_wconf 86' lang='lat' dir='ltr'><strong>vincatur,</strong></span> <span class='ocrx_word' id='word_1_179' title='bbox 2327 1200 2380 1244; x_wconf 90' lang='lat' dir='ltr'><strong>et</strong></span> <span class='ocrx_word' id='word_1_180' title='bbox 2411 1191 2622 1263; x_wconf 89' lang='lat' dir='ltr'><strong>largitio</strong></span> <span class='ocrx_word' id='word_1_181' title='bbox 2667 1206 3015 1265; x_wconf 85' lang='lat' dir='ltr'><strong>exerceatur;</strong></span> <span class='ocrx_word' id='word_1_182' title='bbox 3049 1215 3169 1255; x_wconf 93' lang='lat' dir='ltr'><strong>cum</strong></span> <span class='ocrx_word' id='word_1_183' title='bbox 3220 1203 3471 1274; x_wconf 80' lang='lat' dir='ltr'><strong>Virgines</strong></span> <span class='ocrx_word' id='word_1_184' title='bbox 3515 1223 3625 1264; x_wconf 89' lang='lat' dir='ltr'><strong>cor-</strong></span> 
     </span>
    </p>
   </div>
   <div class='ocr_carea' id='block_1_26' title="bbox 2028 1283 3596 1366">
    <p class='ocr_par' dir='ltr' id='par_1_26' title="bbox 2028 1283 3596 1366">
     <span class='ocr_line' id='line_1_26' title="bbox 2028 1283 3596 1366; baseline 0.013 -34"><span class='ocrx_word' id='word_1_185' title='bbox 2028 1294 2125 1348; x_wconf 88' lang='lat' dir='ltr'><strong>pus</strong></span> <span class='ocrx_word' id='word_1_186' title='bbox 2154 1295 2310 1336; x_wconf 91' lang='lat' dir='ltr'><strong>suum</strong></span> <span class='ocrx_word' id='word_1_187' title='bbox 2352 1283 2600 1350; x_wconf 90' lang='lat' dir='ltr'><strong>oderint;</strong></span> <span class='ocrx_word' id='word_1_188' title='bbox 2631 1301 2755 1342; x_wconf 91' lang='lat' dir='ltr'><strong>cum</strong></span> <span class='ocrx_word' id='word_1_189' title='bbox 2806 1288 2989 1344; x_wconf 85' lang='lat' dir='ltr'><strong>Viduae</strong></span> <span class='ocrx_word' id='word_1_190' title='bbox 3037 1291 3203 1348; x_wconf 82' lang='lat' dir='ltr'><strong>fuisse</strong></span> <span class='ocrx_word' id='word_1_191' title='bbox 3230 1296 3468 1366; x_wconf 87' lang='lat' dir='ltr'><strong>virgines</strong></span> <span class='ocrx_word' id='word_1_192' title='bbox 3510 1316 3596 1355; x_wconf 90' lang='lat' dir='ltr'><strong>ma</strong></span> 
     </span>
    </p>
   </div>
   <div class='ocr_carea' id='block_1_27' title="bbox 2024 1372 3611 1448">
    <p class='ocr_par' dir='ltr' id='par_1_27' title="bbox 2024 1372 3611 1448">
     <span class='ocr_line' id='line_1_27' title="bbox 2024 1372 3611 1448; baseline 0.014 -22"><span class='ocrx_word' id='word_1_193' title='bbox 2024 1372 2281 1440; x_wconf 87' lang='lat' dir='ltr'><strong>luisscnt;</strong></span> <span class='ocrx_word' id='word_1_194' title='bbox 2310 1390 2432 1431; x_wconf 91' lang='lat' dir='ltr'><strong>cum</strong></span> <span class='ocrx_word' id='word_1_195' title='bbox 2480 1378 2821 1436; x_wconf 89' lang='lat' dir='ltr'><strong>conlessores</strong></span> <span class='ocrx_word' id='word_1_196' title='bbox 2855 1383 3016 1438; x_wconf 90' lang='lat' dir='ltr'><strong>vitam</strong></span> <span class='ocrx_word' id='word_1_197' title='bbox 3041 1399 3192 1441; x_wconf 86' lang='lat' dir='ltr'><strong>suam</strong></span> <span class='ocrx_word' id='word_1_198' title='bbox 3235 1387 3611 1448; x_wconf 87' lang='lat' dir='ltr'><strong>detestentur:</strong></span> 
     </span>
    </p>
   </div>
   <div class='ocr_carea' id='block_1_28' title="bbox 2022 1470 3612 1546">
    <p class='ocr_par' dir='ltr' id='par_1_28' title="bbox 2022 1470 3612 1546">
     <span class='ocr_line' id='line_1_28' title="bbox 2022 1470 3612 1546; baseline 0.012 -24"><span class='ocrx_word' id='word_1_199' title='bbox 2022 1482 2143 1523; x_wconf 91' lang='lat' dir='ltr'><strong>cum</strong></span> <span class='ocrx_word' id='word_1_200' title='bbox 2173 1470 2311 1524; x_wconf 91' lang='lat' dir='ltr'><strong>mori</strong></span> <span class='ocrx_word' id='word_1_201' title='bbox 2338 1473 2664 1544; x_wconf 85' lang='lat' dir='ltr'><strong>martyribus</strong></span> <span class='ocrx_word' id='word_1_202' title='bbox 2691 1474 2762 1528; x_wconf 89' lang='lat' dir='ltr'><strong>sit</strong></span> <span class='ocrx_word' id='word_1_203' title='bbox 2791 1476 3045 1546; x_wconf 87' lang='lat' dir='ltr'><strong>optabile.</strong></span> <span class='ocrx_word' id='word_1_204' title='bbox 3077 1479 3145 1533; x_wconf 86' lang='lat' dir='ltr'><strong>Et</strong></span> <span class='ocrx_word' id='word_1_205' title='bbox 3193 1481 3294 1537; x_wconf 90' lang='lat' dir='ltr'><strong>hoc</strong></span> <span class='ocrx_word' id='word_1_206' title='bbox 3326 1493 3494 1539; x_wconf 80' lang='lat' dir='ltr'><strong>totum</strong></span> <span class='ocrx_word' id='word_1_207' title='bbox 3529 1501 3612 1541; x_wconf 87' lang='lat' dir='ltr'><strong>sa-</strong></span> 
     </span>
    </p>
   </div>
   <div class='ocr_carea' id='block_1_29' title="bbox 2020 1561 3623 1634">
    <p class='ocr_par' dir='ltr' id='par_1_29' title="bbox 2020 1561 3623 1634">
     <span class='ocr_line' id='line_1_29' title="bbox 2020 1561 3623 1634; baseline 0.01 -19"><span class='ocrx_word' id='word_1_208' title='bbox 2020 1561 2169 1632; x_wconf 70' lang='lat' dir='ltr'><strong>gitta:</strong></span> <span class='ocrx_word' id='word_1_209' title='bbox 2191 1562 2331 1629; x_wconf 63' lang='lat' dir='ltr'><strong>ista},</strong></span> <span class='ocrx_word' id='word_1_210' title='bbox 2358 1565 2408 1619; x_wconf 91' lang='lat' dir='ltr'><strong>id</strong></span> <span class='ocrx_word' id='word_1_211' title='bbox 2440 1575 2521 1620; x_wconf 89' lang='lat' dir='ltr'><strong>est</strong></span> <span class='ocrx_word' id='word_1_212' title='bbox 2544 1608 2559 1632; x_wconf 95' lang='lat'><strong>,</strong></span> <span class='ocrx_word' id='word_1_213' title='bbox 2602 1567 2866 1624; x_wconf 73' lang='lat' dir='ltr'><strong>doctrinm</strong></span> <span class='ocrx_word' id='word_1_214' title='bbox 2913 1580 2966 1626; x_wconf 88' lang='lat' dir='ltr'><strong>et</strong></span> <span class='ocrx_word' id='word_1_215' title='bbox 2996 1573 3434 1632; x_wconf 85' lang='lat' dir='ltr'><strong>adhortationum</strong></span> <span class='ocrx_word' id='word_1_216' title='bbox 3463 1580 3623 1634; x_wconf 76' lang='lat' dir='ltr'><strong>verba</strong></span> 
     </span>
    </p>
   </div>
   <div class='ocr_carea' id='block_1_30' title="bbox 2021 1655 3618 1735">
    <p class='ocr_par' dir='ltr' id='par_1_30' title="bbox 2021 1655 3618 1735">
     <span class='ocr_line' id='line_1_30' title="bbox 2021 1655 3618 1735; baseline 0.013 -27"><span class='ocrx_word' id='word_1_217' title='bbox 2021 1655 2391 1724; x_wconf 60' lang='lat' dir='ltr'><strong>praestiterint,</strong></span> <span class='ocrx_word' id='word_1_218' title='bbox 2422 1674 2542 1727; x_wconf 64' lang='lat' dir='ltr'><strong>quae</strong></span> <span class='ocrx_word' id='word_1_219' title='bbox 2566 1661 2780 1716; x_wconf 65' lang='lat' dir='ltr'><strong>emissas</strong></span> <span class='ocrx_word' id='word_1_220' title='bbox 2801 1678 2895 1718; x_wconf 90' lang='lat' dir='ltr'><strong>eos</strong></span> <span class='ocrx_word' id='word_1_221' title='bbox 2926 1666 3016 1735; x_wconf 91' lang='lat' dir='ltr'><strong>qui</strong></span> <span class='ocrx_word' id='word_1_222' title='bbox 3062 1667 3144 1722; x_wconf 91' lang='lat' dir='ltr'><strong>bis</strong></span> <span class='ocrx_word' id='word_1_223' title='bbox 3195 1669 3618 1728; x_wconf 75' lang='lat' dir='ltr'><strong>adversabantur</strong></span> 
     </span>
    </p>
   </div>
   <div class='ocr_carea' id='block_1_31' title="bbox 2017 1747 3614 1830">
    <p class='ocr_par' dir='ltr' id='par_1_31' title="bbox 2017 1747 3614 1830">
     <span class='ocr_line' id='line_1_31' title="bbox 2017 1747 3614 1830; baseline 0.013 -30"><span class='ocrx_word' id='word_1_224' title='bbox 2017 1747 2386 1804; x_wconf 87' lang='lat' dir='ltr'><strong>conturbant:</strong></span> <span class='ocrx_word' id='word_1_225' title='bbox 2435 1765 2555 1804; x_wconf 93' lang='lat' dir='ltr'><strong>cum</strong></span> <span class='ocrx_word' id='word_1_226' title='bbox 2609 1764 2858 1811; x_wconf 85' lang='lat' dir='ltr'><strong>cessante</strong></span> <span class='ocrx_word' id='word_1_227' title='bbox 2908 1773 3076 1828; x_wconf 86' lang='lat' dir='ltr'><strong>regno</strong></span> <span class='ocrx_word' id='word_1_228' title='bbox 3125 1775 3354 1830; x_wconf 86' lang='lat' dir='ltr'><strong>eorum,</strong></span> <span class='ocrx_word' id='word_1_229' title='bbox 3416 1764 3614 1822; x_wconf 88' lang='lat' dir='ltr'><strong>Christi</strong></span> 
     </span>
    </p>
   </div>
   <div class='ocr_carea' id='block_1_32' title="bbox 305 1824 2896 1914">
    <p class='ocr_par' dir='ltr' id='par_1_32' title="bbox 305 1824 2896 1914">
     <span class='ocr_line' id='line_1_32' title="bbox 305 1824 2896 1914; baseline 0.008 -34"><span class='ocrx_word' id='word_1_230' title='bbox 305 1824 646 1896; x_wconf 79' lang='lat' dir='ltr'><strong>conliguntur</strong></span> <span class='ocrx_word' id='word_1_231' title='bbox 676 1843 689 1879; x_wconf 92' lang='lat'><strong>:</strong></span> <span class='ocrx_word' id='word_1_232' title='bbox 722 1842 826 1881; x_wconf 93' lang='lat' dir='ltr'><strong>non</strong></span> <span class='ocrx_word' id='word_1_233' title='bbox 857 1827 975 1882; x_wconf 77' lang='lat' dir='ltr'><strong>sine</strong></span> <span class='ocrx_word' id='word_1_234' title='bbox 1003 1829 1236 1884; x_wconf 83' lang='lat' dir='ltr'><strong>maxima</strong></span> <span class='ocrx_word' id='word_1_235' title='bbox 1266 1831 1475 1886; x_wconf 86' lang='lat' dir='ltr'><strong>ratione</strong></span> <span class='ocrx_word' id='word_1_236' title='bbox 1522 1833 1780 1902; x_wconf 87' lang='lat' dir='ltr'><strong>spiritalis</strong></span> <span class='ocrx_word' id='word_1_237' title='bbox 1825 1834 1910 1890; x_wconf 88' lang='lat' dir='ltr'><strong>iu-</strong></span> <span class='ocrx_word' id='word_1_238' title='bbox 1939 1843 1986 1904; x_wconf 88' lang='lat' dir='ltr'><strong>B</strong></span> <span class='ocrx_word' id='word_1_239' title='bbox 2015 1839 2165 1910; x_wconf 87' lang='lat' dir='ltr'><strong>regni</strong></span> <span class='ocrx_word' id='word_1_240' title='bbox 2195 1843 2525 1911; x_wconf 84' lang='lat' dir='ltr'><strong>exspectatio</strong></span> <span class='ocrx_word' id='word_1_241' title='bbox 2550 1845 2896 1914; x_wconf 84' lang='lat' dir='ltr'><strong>praedicatur.</strong></span> 
     </span>
    </p>
   </div>
   <div class='ocr_carea' id='block_1_33' title="bbox 303 1917 1908 1998">
    <p class='ocr_par' dir='ltr' id='par_1_33' title="bbox 303 1917 1908 1998">
     <span class='ocr_line' id='line_1_33' title="bbox 303 1917 1908 1998; baseline 0.007 -27"><span class='ocrx_word' id='word_1_242' title='bbox 303 1917 617 1988; x_wconf 69' lang='lat' dir='ltr'><strong>tclligentite</strong></span> <span class='ocrx_word' id='word_1_243' title='bbox 646 1918 717 1973; x_wconf 88' lang='lat' dir='ltr'><strong>ita</strong></span> <span class='ocrx_word' id='word_1_244' title='bbox 748 1919 964 1975; x_wconf 90' lang='lat' dir='ltr'><strong>dicitur.</strong></span> <span class='ocrx_word' id='word_1_245' title='bbox 1000 1922 1065 1976; x_wconf 88' lang='lat' dir='ltr'><strong>Et</strong></span> <span class='ocrx_word' id='word_1_246' title='bbox 1105 1923 1320 1993; x_wconf 90' lang='lat' dir='ltr'><strong>quidem</strong></span> <span class='ocrx_word' id='word_1_247' title='bbox 1346 1924 1456 1995; x_wconf 83' lang='lat' dir='ltr'><strong>jam</strong></span> <span class='ocrx_word' id='word_1_248' title='bbox 1489 1937 1542 1980; x_wconf 85' lang='lat' dir='ltr'><strong>ct</strong></span> <span class='ocrx_word' id='word_1_249' title='bbox 1584 1926 1721 1982; x_wconf 90' lang='lat' dir='ltr'><strong>alius</strong></span> <span class='ocrx_word' id='word_1_250' title='bbox 1766 1929 1908 1998; x_wconf 88' lang='lat' dir='ltr'><strong>psal-</strong></span> 
     </span>
    </p>
   </div>
   <div class='ocr_carea' id='block_1_34' title="bbox 301 2011 1906 2087">
    <p class='ocr_par' dir='ltr' id='par_1_34' title="bbox 301 2011 1906 2087">
     <span class='ocr_line' id='line_1_34' title="bbox 301 2011 1906 2087; baseline 0.007 -22"><span class='ocrx_word' id='word_1_251' title='bbox 301 2025 420 2065; x_wconf 91' lang='lat' dir='ltr'><strong>mus</strong></span> <span class='ocrx_word' id='word_1_252' title='bbox 451 2011 536 2066; x_wconf 91' lang='lat' dir='ltr'><strong>his</strong></span> <span class='ocrx_word' id='word_1_253' title='bbox 562 2012 709 2082; x_wconf 87' lang='lat' dir='ltr'><strong>paria</strong></span> <span class='ocrx_word' id='word_1_254' title='bbox 731 2013 1018 2084; x_wconf 77' lang='lat' dir='ltr'><strong>significat,</strong></span> <span class='ocrx_word' id='word_1_255' title='bbox 1059 2030 1180 2070; x_wconf 91' lang='lat' dir='ltr'><strong>cum</strong></span> <span class='ocrx_word' id='word_1_256' title='bbox 1212 2016 1323 2071; x_wconf 88' lang='lat' dir='ltr'><strong>ait:</strong></span> <span class='ocrx_word' id='word_1_257' title='bbox 1360 2016 1677 2087; x_wconf 77' lang='lat' dir='ltr'><strong>Prteparans</strong></span> <span class='ocrx_word' id='word_1_258' title='bbox 1710 2031 1906 2076; x_wconf 81' lang='lat' dir='ltr'><strong>montes</strong></span> 
     </span>
    </p>
   </div>
   <div class='ocr_carea' id='block_1_35' title="bbox 294 2103 1904 2183">
    <p class='ocr_par' dir='ltr' id='par_1_35' title="bbox 294 2103 1904 2183">
     <span class='ocr_line' id='line_1_35' title="bbox 294 2103 1904 2183; baseline 0.008 -28"><span class='ocrx_word' id='word_1_259' title='bbox 294 2103 352 2156; x_wconf 81' lang='lat' dir='ltr'><strong>in</strong></span> <span class='ocrx_word' id='word_1_260' title='bbox 382 2104 572 2157; x_wconf 82' lang='lat' dir='ltr'><strong>virtute</strong></span> <span class='ocrx_word' id='word_1_261' title='bbox 604 2113 713 2172; x_wconf 84' lang='lat' dir='ltr'><strong>tua,</strong></span> <span class='ocrx_word' id='word_1_262' title='bbox 765 2106 1025 2161; x_wconf 80' lang='lat' dir='ltr'><strong>accinctus</strong></span> <span class='ocrx_word' id='word_1_263' title='bbox 1068 2107 1293 2176; x_wconf 85' lang='lat' dir='ltr'><strong>potentia</strong></span> <span class='ocrx_word' id='word_1_264' title='bbox 1319 2107 1492 2182; x_wconf 88' lang='lat' dir='ltr'><strong>(Psal.</strong></span> <span class='ocrx_word' id='word_1_265' title='bbox 1527 2126 1676 2178; x_wconf 83' lang='lat' dir='ltr'><strong>thv,</strong></span> <span class='ocrx_word' id='word_1_266' title='bbox 1710 2111 1904 2183; x_wconf 83' lang='lat' dir='ltr'><strong>7).Ad-</strong></span> 
     </span>
    </p>
   </div>
   <div class='ocr_carea' id='block_1_36' title="bbox 294 2199 1905 2283">
    <p class='ocr_par' dir='ltr' id='par_1_36' title="bbox 294 2199 1905 2283">
     <span class='ocr_line' id='line_1_36' title="bbox 294 2199 1905 2283; baseline 0.006 -31"><span class='ocrx_word' id='word_1_267' title='bbox 294 2205 462 2253; x_wconf 84' lang='lat' dir='ltr'><strong>ventu</strong></span> <span class='ocrx_word' id='word_1_268' title='bbox 486 2199 631 2255; x_wconf 86' lang='lat' dir='ltr'><strong>enim</strong></span> <span class='ocrx_word' id='word_1_269' title='bbox 667 2199 874 2254; x_wconf 89' lang='lat' dir='ltr'><strong>Domini</strong></span> <span class='ocrx_word' id='word_1_270' title='bbox 904 2199 1180 2256; x_wconf 82' lang='lat' dir='ltr'><strong>confracta</strong></span> <span class='ocrx_word' id='word_1_271' title='bbox 1220 2210 1277 2256; x_wconf 90' lang='lat' dir='ltr'><strong>et</strong></span> <span class='ocrx_word' id='word_1_272' title='bbox 1316 2202 1512 2258; x_wconf 90' lang='lat' dir='ltr'><strong>obtrita</strong></span> <span class='ocrx_word' id='word_1_273' title='bbox 1561 2203 1759 2260; x_wconf 90' lang='lat' dir='ltr'><strong>diaboli</strong></span> <span class='ocrx_word' id='word_1_274' title='bbox 1804 2220 1905 2283; x_wconf 89' lang='lat' dir='ltr'><strong>po-</strong></span> 
     </span>
    </p>
   </div>
   <div class='ocr_carea' id='block_1_37' title="bbox 295 2293 1902 2368">
    <p class='ocr_par' dir='ltr' id='par_1_37' title="bbox 295 2293 1902 2368">
     <span class='ocr_line' id='line_1_37' title="bbox 295 2293 1902 2368; baseline 0.004 -21"><span class='ocrx_word' id='word_1_275' title='bbox 295 2301 464 2348; x_wconf 88' lang='lat' dir='ltr'><strong>testas</strong></span> <span class='ocrx_word' id='word_1_276' title='bbox 490 2303 596 2359; x_wconf 89' lang='lat' dir='ltr'><strong>est,</strong></span> <span class='ocrx_word' id='word_1_277' title='bbox 647 2309 768 2348; x_wconf 91' lang='lat' dir='ltr'><strong>cum</strong></span> <span class='ocrx_word' id='word_1_278' title='bbox 811 2293 936 2350; x_wconf 84' lang='lat' dir='ltr'><strong>lidei</strong></span> <span class='ocrx_word' id='word_1_279' title='bbox 967 2304 1278 2350; x_wconf 90' lang='lat' dir='ltr'><strong>sanctorum</strong></span> <span class='ocrx_word' id='word_1_280' title='bbox 1311 2294 1590 2352; x_wconf 92' lang='lat' dir='ltr'><strong>hominum</strong></span> <span class='ocrx_word' id='word_1_281' title='bbox 1629 2297 1902 2368; x_wconf 88' lang='lat' dir='ltr'><strong>subjectus</strong></span> 
     </span>
    </p>
   </div>
   <div class='ocr_carea' id='block_1_38' title="bbox 292 2389 1902 2460">
    <p class='ocr_par' dir='ltr' id='par_1_38' title="bbox 292 2389 1902 2460">
     <span class='ocr_line' id='line_1_38' title="bbox 292 2389 1902 2460; baseline 0.002 -16"><span class='ocrx_word' id='word_1_282' title='bbox 292 2397 378 2444; x_wconf 88' lang='lat' dir='ltr'><strong>est</strong></span> <span class='ocrx_word' id='word_1_283' title='bbox 412 2407 427 2445; x_wconf 88' lang='lat'><strong>:</strong></span> <span class='ocrx_word' id='word_1_284' title='bbox 457 2403 563 2444; x_wconf 91' lang='lat' dir='ltr'><strong>non</strong></span> <span class='ocrx_word' id='word_1_285' title='bbox 611 2389 754 2459; x_wconf 90' lang='lat' dir='ltr'><strong>quod</strong></span> <span class='ocrx_word' id='word_1_286' title='bbox 806 2405 911 2444; x_wconf 91' lang='lat' dir='ltr'><strong>non</strong></span> <span class='ocrx_word' id='word_1_287' title='bbox 944 2389 1129 2455; x_wconf 90' lang='lat' dir='ltr'><strong>adhuc</strong></span> <span class='ocrx_word' id='word_1_288' title='bbox 1173 2391 1429 2460; x_wconf 84' lang='lat' dir='ltr'><strong>potentiae</strong></span> <span class='ocrx_word' id='word_1_289' title='bbox 1474 2405 1586 2446; x_wconf 70' lang='lat' dir='ltr'><strong>sum</strong></span> <span class='ocrx_word' id='word_1_290' title='bbox 1637 2393 1902 2448; x_wconf 82' lang='lat' dir='ltr'><strong>maximas</strong></span> 
     </span>
    </p>
   </div>
   <div class='ocr_carea' id='block_1_39' title="bbox 294 2482 1898 2554">
    <p class='ocr_par' dir='ltr' id='par_1_39' title="bbox 294 2482 1898 2554">
     <span class='ocr_line' id='line_1_39' title="bbox 294 2482 1898 2554; baseline 0.003 -18"><span class='ocrx_word' id='word_1_291' title='bbox 294 2482 493 2538; x_wconf 86' lang='lat' dir='ltr'><strong>habeat</strong></span> <span class='ocrx_word' id='word_1_292' title='bbox 527 2482 692 2549; x_wconf 85' lang='lat' dir='ltr'><strong>vires,</strong></span> <span class='ocrx_word' id='word_1_293' title='bbox 743 2482 840 2538; x_wconf 88' lang='lat' dir='ltr'><strong>sed</strong></span> <span class='ocrx_word' id='word_1_294' title='bbox 889 2497 986 2553; x_wconf 91' lang='lat' dir='ltr'><strong>per</strong></span> <span class='ocrx_word' id='word_1_295' title='bbox 1029 2483 1080 2537; x_wconf 91' lang='lat' dir='ltr'><strong>id</strong></span> <span class='ocrx_word' id='word_1_296' title='bbox 1108 2483 1251 2553; x_wconf 87' lang='lat' dir='ltr'><strong>quod</strong></span> <span class='ocrx_word' id='word_1_297' title='bbox 1302 2494 1592 2554; x_wconf 89' lang='lat' dir='ltr'><strong>utcumque</strong></span> <span class='ocrx_word' id='word_1_298' title='bbox 1620 2485 1898 2554; x_wconf 87' lang='lat' dir='ltr'><strong>subjectus</strong></span> 
     </span>
    </p>
   </div>
   <div class='ocr_carea' id='block_1_40' title="bbox 292 2574 1897 2646">
    <p class='ocr_par' dir='ltr' id='par_1_40' title="bbox 292 2574 1897 2646">
     <span class='ocr_line' id='line_1_40' title="bbox 292 2574 1897 2646; baseline 0.001 -16"><span class='ocrx_word' id='word_1_299' title='bbox 292 2585 395 2640; x_wconf 87' lang='lat' dir='ltr'><strong>cst,</strong></span> <span class='ocrx_word' id='word_1_300' title='bbox 438 2575 723 2646; x_wconf 65' lang='lat' dir='ltr'><strong>prtesentis</strong></span> <span class='ocrx_word' id='word_1_301' title='bbox 749 2575 1100 2645; x_wconf 88' lang='lat' dir='ltr'><strong>subjectionis</strong></span> <span class='ocrx_word' id='word_1_302' title='bbox 1129 2574 1440 2630; x_wconf 91' lang='lat' dir='ltr'><strong>conditione</strong></span> <span class='ocrx_word' id='word_1_303' title='bbox 1481 2575 1670 2630; x_wconf 90' lang='lat' dir='ltr'><strong>ultioni</strong></span> <span class='ocrx_word' id='word_1_304' title='bbox 1701 2583 1754 2631; x_wconf 90' lang='lat' dir='ltr'><strong>et</strong></span> <span class='ocrx_word' id='word_1_305' title='bbox 1781 2591 1897 2646; x_wconf 73' lang='lat' dir='ltr'><strong>pm-</strong></span> 
     </span>
    </p>
   </div>
   <div class='ocr_carea' id='block_1_41' title="bbox 293 2667 1894 2739">
    <p class='ocr_par' dir='ltr' id='par_1_41' title="bbox 293 2667 1894 2739">
     <span class='ocr_line' id='line_1_41' title="bbox 293 2667 1894 2739; baseline 0 -17"><span class='ocrx_word' id='word_1_306' title='bbox 293 2684 375 2723; x_wconf 78' lang='lat' dir='ltr'><strong>nae</strong></span> <span class='ocrx_word' id='word_1_307' title='bbox 410 2668 662 2739; x_wconf 82' lang='lat' dir='ltr'><strong>legitimae</strong></span> <span class='ocrx_word' id='word_1_308' title='bbox 695 2676 1028 2738; x_wconf 79' lang='lat' dir='ltr'><strong>praeparatur</strong></span> <span class='ocrx_word' id='word_1_309' title='bbox 1064 2683 1079 2720; x_wconf 88' lang='lat'><strong><em>:</em></strong></span> <span class='ocrx_word' id='word_1_310' title='bbox 1107 2674 1165 2722; x_wconf 90' lang='lat' dir='ltr'><strong>ut</strong></span> <span class='ocrx_word' id='word_1_311' title='bbox 1187 2683 1330 2723; x_wconf 91' lang='lat' dir='ltr'><strong>nunc</strong></span> <span class='ocrx_word' id='word_1_312' title='bbox 1362 2683 1456 2739; x_wconf 89' lang='lat' dir='ltr'><strong>per</strong></span> <span class='ocrx_word' id='word_1_313' title='bbox 1486 2667 1625 2722; x_wconf 90' lang='lat' dir='ltr'><strong>hanc</strong></span> <span class='ocrx_word' id='word_1_314' title='bbox 1648 2667 1894 2723; x_wconf 87' lang='lat' dir='ltr'><strong>eamdem</strong></span> 
     </span>
    </p>
   </div>
   <div class='ocr_carea' id='block_1_42' title="bbox 287 2758 1887 2830">
    <p class='ocr_par' dir='ltr' id='par_1_42' title="bbox 287 2758 1887 2830">
     <span class='ocr_line' id='line_1_42' title="bbox 287 2758 1887 2830; baseline 0.002 -17"><span class='ocrx_word' id='word_1_315' title='bbox 287 2761 675 2830; x_wconf 90' lang='lat' dir='ltr'><strong>snbjectionem</strong></span> <span class='ocrx_word' id='word_1_316' title='bbox 709 2759 904 2814; x_wconf 77' lang='lat' dir='ltr'><strong>virtute</strong></span> <span class='ocrx_word' id='word_1_317' title='bbox 943 2759 1035 2814; x_wconf 91' lang='lat' dir='ltr'><strong>Dei</strong></span> <span class='ocrx_word' id='word_1_318' title='bbox 1063 2768 1239 2814; x_wconf 86' lang='lat' dir='ltr'><strong>tactus</strong></span> <span class='ocrx_word' id='word_1_319' title='bbox 1271 2758 1458 2823; x_wconf 82' lang='lat' dir='ltr'><strong>fumet,</strong></span> <span class='ocrx_word' id='word_1_320' title='bbox 1494 2758 1617 2814; x_wconf 90' lang='lat' dir='ltr'><strong>licet</strong></span> <span class='ocrx_word' id='word_1_321' title='bbox 1646 2759 1887 2816; x_wconf 90' lang='lat' dir='ltr'><strong>nondum</strong></span> 
     </span>
    </p>
   </div>
   <div class='ocr_carea' id='block_1_43' title="bbox 288 2853 1897 2925">
    <p class='ocr_par' dir='ltr' id='par_1_43' title="bbox 288 2853 1897 2925">
     <span class='ocr_line' id='line_1_43' title="bbox 288 2853 1897 2925; baseline 0 -17"><span class='ocrx_word' id='word_1_322' title='bbox 288 2863 436 2910; x_wconf 89' lang='lat' dir='ltr'><strong>totus</strong></span> <span class='ocrx_word' id='word_1_323' title='bbox 487 2865 711 2909; x_wconf 90' lang='lat' dir='ltr'><strong>uratur:</strong></span> <span class='ocrx_word' id='word_1_324' title='bbox 743 2854 840 2910; x_wconf 90' lang='lat' dir='ltr'><strong>sed</strong></span> <span class='ocrx_word' id='word_1_325' title='bbox 888 2868 987 2925; x_wconf 87' lang='lat' dir='ltr'><strong>per</strong></span> <span class='ocrx_word' id='word_1_326' title='bbox 1025 2854 1077 2909; x_wconf 91' lang='lat' dir='ltr'><strong>id</strong></span> <span class='ocrx_word' id='word_1_327' title='bbox 1108 2853 1250 2925; x_wconf 89' lang='lat' dir='ltr'><strong>quod</strong></span> <span class='ocrx_word' id='word_1_328' title='bbox 1295 2854 1514 2909; x_wconf 90' lang='lat' dir='ltr'><strong>interim</strong></span> <span class='ocrx_word' id='word_1_329' title='bbox 1564 2853 1770 2909; x_wconf 82' lang='lat' dir='ltr'><strong>fumare</strong></span> <span class='ocrx_word' id='word_1_330' title='bbox 1800 2869 1897 2925; x_wconf 89' lang='lat' dir='ltr'><strong>po-</strong></span> 
     </span>
    </p>
   </div>
   <div class='ocr_carea' id='block_1_44' title="bbox 288 2946 1894 3018">
    <p class='ocr_par' dir='ltr' id='par_1_44' title="bbox 288 2946 1894 3018">
     <span class='ocr_line' id='line_1_44' title="bbox 288 2946 1894 3018; baseline 0 -16"><span class='ocrx_word' id='word_1_331' title='bbox 288 2947 414 3012; x_wconf 86' lang='lat' dir='ltr'><strong>tuit,</strong></span> <span class='ocrx_word' id='word_1_332' title='bbox 441 2956 494 3002; x_wconf 89' lang='lat' dir='ltr'><strong>et</strong></span> <span class='ocrx_word' id='word_1_333' title='bbox 523 2947 602 3002; x_wconf 94' lang='lat' dir='ltr'><strong>uri</strong></span> <span class='ocrx_word' id='word_1_334' title='bbox 632 2961 792 3018; x_wconf 88' lang='lat' dir='ltr'><strong>posse</strong></span> <span class='ocrx_word' id='word_1_335' title='bbox 825 2946 1132 3003; x_wconf 88' lang='lat' dir='ltr'><strong>noscendus</strong></span> <span class='ocrx_word' id='word_1_336' title='bbox 1160 2956 1261 3002; x_wconf 88' lang='lat' dir='ltr'><strong>est.</strong></span> <span class='ocrx_word' id='word_1_337' title='bbox 1290 2946 1474 3003; x_wconf 89' lang='lat' dir='ltr'><strong>Uritur</strong></span> <span class='ocrx_word' id='word_1_338' title='bbox 1502 2962 1610 3002; x_wconf 92' lang='lat' dir='ltr'><strong>non</strong></span> <span class='ocrx_word' id='word_1_339' title='bbox 1641 2947 1733 3003; x_wconf 92' lang='lat' dir='ltr'><strong>ille</strong></span> <span class='ocrx_word' id='word_1_340' title='bbox 1774 2955 1894 3002; x_wconf 84' lang='lat' dir='ltr'><strong>tan-</strong></span> 
     </span>
    </p>
   </div>
   <div class='ocr_carea' id='block_1_45' title="bbox 285 3038 1892 3110">
    <p class='ocr_par' dir='ltr' id='par_1_45' title="bbox 285 3038 1892 3110">
     <span class='ocr_line' id='line_1_45' title="bbox 285 3038 1892 3110; baseline 0 -16"><span class='ocrx_word' id='word_1_341' title='bbox 285 3048 422 3106; x_wconf 87' lang='lat' dir='ltr'><strong>tum,</strong></span> <span class='ocrx_word' id='word_1_342' title='bbox 465 3038 558 3094; x_wconf 91' lang='lat' dir='ltr'><strong>sed</strong></span> <span class='ocrx_word' id='word_1_343' title='bbox 581 3047 637 3095; x_wconf 88' lang='lat' dir='ltr'><strong>et</strong></span> <span class='ocrx_word' id='word_1_344' title='bbox 665 3054 855 3095; x_wconf 84' lang='lat' dir='ltr'><strong>omnes</strong></span> <span class='ocrx_word' id='word_1_345' title='bbox 878 3040 1014 3109; x_wconf 89' lang='lat' dir='ltr'><strong>ejus.</strong></span> <span class='ocrx_word' id='word_1_346' title='bbox 1048 3038 1166 3094; x_wconf 89' lang='lat' dir='ltr'><strong>Non</strong></span> <span class='ocrx_word' id='word_1_347' title='bbox 1197 3039 1286 3094; x_wconf 93' lang='lat' dir='ltr'><strong>uni</strong></span> <span class='ocrx_word' id='word_1_348' title='bbox 1326 3047 1534 3093; x_wconf 89' lang='lat' dir='ltr'><strong>tantum</strong></span> <span class='ocrx_word' id='word_1_349' title='bbox 1556 3047 1892 3110; x_wconf 72' lang='lat' dir='ltr'><strong>praeparatus</strong></span> 
     </span>
    </p>
   </div>
   <div class='ocr_carea' id='block_1_46' title="bbox 2084 1931 3608 2006">
    <p class='ocr_par' dir='ltr' id='par_1_46' title="bbox 2084 1931 3608 2006">
     <span class='ocr_line' id='line_1_46' title="bbox 2084 1931 3608 2006; baseline 0.014 -21"><span class='ocrx_word' id='word_1_350' title='bbox 2084 1932 2170 1987; x_wconf 78' lang='grc'><strong>14.</strong></span> <span class='ocrx_word' id='word_1_351' title='bbox 2203 1931 2392 1988; x_wconf 80' lang='lat' dir='ltr'><strong>Manus</strong></span> <span class='ocrx_word' id='word_1_352' title='bbox 2408 1934 2503 1989; x_wconf 90' lang='lat' dir='ltr'><strong>Dei</strong></span> <span class='ocrx_word' id='word_1_353' title='bbox 2515 1935 2956 1997; x_wconf 87' lang='lat' dir='ltr'><strong>Christus.—Sed</strong></span> <span class='ocrx_word' id='word_1_354' title='bbox 2976 1951 3031 1998; x_wconf 87' lang='lat' dir='ltr'><strong>et</strong></span> <span class='ocrx_word' id='word_1_355' title='bbox 3057 1958 3124 2000; x_wconf 80' lang='lat' dir='ltr'><strong>ex</strong></span> <span class='ocrx_word' id='word_1_356' title='bbox 3150 1946 3259 2003; x_wconf 86' lang='lat' dir='ltr'><strong>alto</strong></span> <span class='ocrx_word' id='word_1_357' title='bbox 3287 1963 3476 2006; x_wconf 88' lang='lat' dir='ltr'><strong>manus</strong></span> <span class='ocrx_word' id='word_1_358' title='bbox 3502 1951 3608 2006; x_wconf 84' lang='lat' dir='ltr'><strong>Do-</strong></span> 
     </span>
    </p>
   </div>
   <div class='ocr_carea' id='block_1_47' title="bbox 2011 2023 3608 2098">
    <p class='ocr_par' dir='ltr' id='par_1_47' title="bbox 2011 2023 3608 2098">
     <span class='ocr_line' id='line_1_47' title="bbox 2011 2023 3608 2098; baseline 0.014 -22"><span class='ocrx_word' id='word_1_359' title='bbox 2011 2023 2141 2078; x_wconf 91' lang='lat' dir='ltr'><strong>mini</strong></span> <span class='ocrx_word' id='word_1_360' title='bbox 2165 2025 2446 2081; x_wconf 89' lang='lat' dir='ltr'><strong>emittitur.</strong></span> <span class='ocrx_word' id='word_1_361' title='bbox 2482 2029 2697 2084; x_wconf 83' lang='lat' dir='ltr'><strong>Manum</strong></span> <span class='ocrx_word' id='word_1_362' title='bbox 2727 2041 2904 2088; x_wconf 87' lang='lat' dir='ltr'><strong>autem</strong></span> <span class='ocrx_word' id='word_1_363' title='bbox 2931 2033 3027 2089; x_wconf 91' lang='lat' dir='ltr'><strong>Dei</strong></span> <span class='ocrx_word' id='word_1_364' title='bbox 3055 2035 3336 2094; x_wconf 88' lang='lat' dir='ltr'><strong>Dominum</strong></span> <span class='ocrx_word' id='word_1_365' title='bbox 3365 2051 3608 2098; x_wconf 88' lang='lat' dir='ltr'><strong>nostrum</strong></span> 
     </span>
    </p>
   </div>
   <div class='ocr_carea' id='block_1_48' title="bbox 2007 2115 3593 2197">
    <p class='ocr_par' dir='ltr' id='par_1_48' title="bbox 2007 2115 3593 2197">
     <span class='ocr_line' id='line_1_48' title="bbox 2007 2115 3593 2197; baseline 0.011 -26"><span class='ocrx_word' id='word_1_366' title='bbox 2007 2115 2191 2171; x_wconf 81' lang='lat' dir='ltr'><strong>Jesum</strong></span> <span class='ocrx_word' id='word_1_367' title='bbox 2219 2117 2492 2174; x_wconf 87' lang='lat' dir='ltr'><strong>Christum</strong></span> <span class='ocrx_word' id='word_1_368' title='bbox 2538 2122 2827 2192; x_wconf 79' lang='lat' dir='ltr'><strong>signiﬁcari</strong></span> <span class='ocrx_word' id='word_1_369' title='bbox 2861 2125 2913 2180; x_wconf 92' lang='lat' dir='ltr'><strong>in</strong></span> <span class='ocrx_word' id='word_1_370' title='bbox 2964 2127 3190 2197; x_wconf 90' lang='lat' dir='ltr'><strong>Spiritu,</strong></span> <span class='ocrx_word' id='word_1_371' title='bbox 3226 2147 3333 2186; x_wconf 91' lang='lat' dir='ltr'><strong>non</strong></span> <span class='ocrx_word' id='word_1_372' title='bbox 3364 2133 3593 2190; x_wconf 88' lang='lat' dir='ltr'><strong>obscura</strong></span> 
     </span>
    </p>
   </div>
   <div class='ocr_carea' id='block_1_49' title="bbox 2001 2207 3597 2283">
    <p class='ocr_par' dir='ltr' id='par_1_49' title="bbox 2001 2207 3597 2283">
     <span class='ocr_line' id='line_1_49' title="bbox 2001 2207 3597 2283; baseline 0.013 -20"><span class='ocrx_word' id='word_1_373' title='bbox 2001 2207 2246 2263; x_wconf 88' lang='lat' dir='ltr'><strong>doctrina</strong></span> <span class='ocrx_word' id='word_1_374' title='bbox 2301 2220 2403 2267; x_wconf 87' lang='lat' dir='ltr'><strong>est.</strong></span> <span class='ocrx_word' id='word_1_375' title='bbox 2437 2212 2540 2267; x_wconf 87' lang='lat' dir='ltr'><strong>Per</strong></span> <span class='ocrx_word' id='word_1_376' title='bbox 2568 2228 2690 2268; x_wconf 93' lang='lat' dir='ltr'><strong>eum</strong></span> <span class='ocrx_word' id='word_1_377' title='bbox 2740 2217 2882 2271; x_wconf 90' lang='lat' dir='ltr'><strong>enim</strong></span> <span class='ocrx_word' id='word_1_378' title='bbox 2933 2217 3067 2274; x_wconf 81' lang='lat' dir='ltr'><strong>facta</strong></span> <span class='ocrx_word' id='word_1_379' title='bbox 3098 2231 3225 2277; x_wconf 89' lang='lat' dir='ltr'><strong>sunt</strong></span> <span class='ocrx_word' id='word_1_380' title='bbox 3267 2227 3470 2281; x_wconf 90' lang='lat' dir='ltr'><strong>omnia.</strong></span> <span class='ocrx_word' id='word_1_381' title='bbox 3526 2228 3597 2283; x_wconf 84' lang='lat' dir='ltr'><strong>Et</strong></span> 
     </span>
    </p>
   </div>
   <div class='ocr_carea' id='block_1_50' title="bbox 2005 2301 3599 2382">
    <p class='ocr_par' dir='ltr' id='par_1_50' title="bbox 2005 2301 3599 2382">
     <span class='ocr_line' id='line_1_50' title="bbox 2005 2301 3599 2382; baseline 0.013 -29"><span class='ocrx_word' id='word_1_382' title='bbox 2005 2301 2264 2372; x_wconf 92' lang='lat' dir='ltr'><strong>scriptum</strong></span> <span class='ocrx_word' id='word_1_383' title='bbox 2291 2302 2536 2372; x_wconf 89' lang='lat' dir='ltr'><strong>legimus,</strong></span> <span class='ocrx_word' id='word_1_384' title='bbox 2568 2304 2756 2361; x_wconf 85' lang='lat' dir='ltr'><strong>Manus</strong></span> <span class='ocrx_word' id='word_1_385' title='bbox 2785 2309 2950 2376; x_wconf 89' lang='lat' dir='ltr'><strong>enim,</strong></span> <span class='ocrx_word' id='word_1_386' title='bbox 2983 2311 3176 2382; x_wconf 87' lang='lat' dir='ltr'><strong>inquit,</strong></span> <span class='ocrx_word' id='word_1_387' title='bbox 3216 2330 3337 2371; x_wconf 89' lang='lat' dir='ltr'><strong>mea</strong></span> <span class='ocrx_word' id='word_1_388' title='bbox 3377 2319 3599 2374; x_wconf 81' lang='lat' dir='ltr'><strong>auxilia-</strong></span> 
     </span>
    </p>
   </div>
   <div class='ocr_carea' id='block_1_51' title="bbox 2005 2391 3600 2473">
    <p class='ocr_par' dir='ltr' id='par_1_51' title="bbox 2005 2391 3600 2473">
     <span class='ocr_line' id='line_1_51' title="bbox 2005 2391 3600 2473; baseline 0.008 -26"><span class='ocrx_word' id='word_1_389' title='bbox 2005 2391 2151 2448; x_wconf 94' lang='lat' dir='ltr'><strong>bitur</strong></span> <span class='ocrx_word' id='word_1_390' title='bbox 2179 2394 2367 2463; x_wconf 85' lang='lat' dir='ltr'><strong>ei(Ps.</strong></span> <span class='ocrx_word' id='word_1_391' title='bbox 2398 2412 2660 2463; x_wconf 71' lang='lat' dir='ltr'><strong>Lxxxvm,</strong></span> <span class='ocrx_word' id='word_1_392' title='bbox 2688 2398 2782 2471; x_wconf 74' lang='lat'><strong>22)</strong></span> <span class='ocrx_word' id='word_1_393' title='bbox 2815 2418 2827 2455; x_wconf 90' lang='lat'>:</span> <span class='ocrx_word' id='word_1_394' title='bbox 2856 2403 2979 2473; x_wconf 89' lang='lat' dir='ltr'><strong>quia</strong></span> <span class='ocrx_word' id='word_1_395' title='bbox 3012 2420 3106 2472; x_wconf 90' lang='lat' dir='ltr'><strong>per</strong></span> <span class='ocrx_word' id='word_1_396' title='bbox 3125 2406 3290 2462; x_wconf 83' lang='lat' dir='ltr'><strong>tilium</strong></span> <span class='ocrx_word' id='word_1_397' title='bbox 3319 2409 3410 2465; x_wconf 91' lang='lat' dir='ltr'><strong>Dei</strong></span> <span class='ocrx_word' id='word_1_398' title='bbox 3441 2410 3600 2465; x_wconf 74' lang='lat' dir='ltr'><strong>homo</strong></span> 
     </span>
    </p>
   </div>
   <div class='ocr_carea' id='block_1_52' title="bbox 2004 2486 3595 2570">
    <p class='ocr_par' dir='ltr' id='par_1_52' title="bbox 2004 2486 3595 2570">
     <span class='ocr_line' id='line_1_52' title="bbox 2004 2486 3595 2570; baseline 0.013 -32"><span class='ocrx_word' id='word_1_399' title='bbox 2004 2496 2333 2556; x_wconf 84' lang='lat' dir='ltr'><strong>assumptus,</strong></span> <span class='ocrx_word' id='word_1_400' title='bbox 2358 2486 2560 2558; x_wconf 89' lang='lat' dir='ltr'><strong>laqueis</strong></span> <span class='ocrx_word' id='word_1_401' title='bbox 2593 2493 2788 2546; x_wconf 87' lang='lat' dir='ltr'><strong>mortis</strong></span> <span class='ocrx_word' id='word_1_402' title='bbox 2815 2503 2867 2548; x_wconf 91' lang='lat' dir='ltr'><strong>et</strong></span> <span class='ocrx_word' id='word_1_403' title='bbox 2904 2495 3109 2564; x_wconf 88' lang='lat' dir='ltr'><strong>judicio</strong></span> <span class='ocrx_word' id='word_1_404' title='bbox 3146 2499 3343 2570; x_wconf 72' lang='lat' dir='ltr'><strong>iniqua:</strong></span> <span class='ocrx_word' id='word_1_405' title='bbox 3371 2501 3595 2558; x_wconf 86' lang='lat' dir='ltr'><strong>damna—</strong></span> 
     </span>
    </p>
   </div>
   <div class='ocr_carea' id='block_1_53' title="bbox 2004 2577 3244 2660">
    <p class='ocr_par' dir='ltr' id='par_1_53' title="bbox 2004 2577 3244 2660">
     <span class='ocr_line' id='line_1_53' title="bbox 2004 2577 3244 2660; baseline 0.013 -29"><span class='ocrx_word' id='word_1_406' title='bbox 2004 2577 2166 2634; x_wconf 90' lang='lat' dir='ltr'><strong>tionis</strong></span> <span class='ocrx_word' id='word_1_407' title='bbox 2187 2595 2286 2650; x_wconf 87' lang='lat' dir='ltr'><strong>per</strong></span> <span class='ocrx_word' id='word_1_408' title='bbox 2304 2580 2531 2651; x_wconf 87' lang='lat' dir='ltr'><strong>gloriam</strong></span> <span class='ocrx_word' id='word_1_409' title='bbox 2555 2585 2969 2643; x_wconf 90' lang='lat' dir='ltr'><strong>resurrectionis</strong></span> <span class='ocrx_word' id='word_1_410' title='bbox 2997 2590 3244 2660; x_wconf 91' lang='lat' dir='ltr'><strong>eripitur.</strong></span> 
     </span>
    </p>
   </div>
   <div class='ocr_carea' id='block_1_54' title="bbox 2077 2670 3604 2758">
    <p class='ocr_par' dir='ltr' id='par_1_54' title="bbox 2077 2670 3604 2758">
     <span class='ocr_line' id='line_1_54' title="bbox 2077 2670 3604 2758; baseline 0.013 -36"><span class='ocrx_word' id='word_1_411' title='bbox 2077 2670 2164 2725; x_wconf 80' lang='grc'><strong>15.</strong></span> <span class='ocrx_word' id='word_1_412' title='bbox 2195 2671 2373 2740; x_wconf 66' lang='lat' dir='ltr'><strong>Aquae,</strong></span> <span class='ocrx_word' id='word_1_413' title='bbox 2406 2676 2587 2745; x_wconf 84' lang='lat' dir='ltr'><strong>populi</strong></span> <span class='ocrx_word' id='word_1_414' title='bbox 2606 2678 2929 2746; x_wconf 81' lang='lat' dir='ltr'><strong>perituri.--</strong></span> <span class='ocrx_word' id='word_1_415' title='bbox 2949 2680 3204 2752; x_wconf 90' lang='lat' dir='ltr'><strong>Sequitur</strong></span> <span class='ocrx_word' id='word_1_416' title='bbox 3229 2685 3374 2741; x_wconf 91' lang='lat' dir='ltr'><strong>enim</strong></span> <span class='ocrx_word' id='word_1_417' title='bbox 3405 2686 3604 2758; x_wconf 81' lang='lat' dir='ltr'><strong>:Eripc</strong></span> 
     </span>
    </p>
   </div>
   <div class='ocr_carea' id='block_1_55' title="bbox 2003 2763 3600 2842">
    <p class='ocr_par' dir='ltr' id='par_1_55' title="bbox 2003 2763 3600 2842">
     <span class='ocr_line' id='line_1_55' title="bbox 2003 2763 3600 2842; baseline 0.013 -28"><span class='ocrx_word' id='word_1_418' title='bbox 2003 2778 2082 2816; x_wconf 86' lang='lat' dir='ltr'><strong>me</strong></span> <span class='ocrx_word' id='word_1_419' title='bbox 2102 2763 2164 2817; x_wconf 87' lang='lat' dir='ltr'><strong>de</strong></span> <span class='ocrx_word' id='word_1_420' title='bbox 2184 2765 2331 2834; x_wconf 86' lang='lat' dir='ltr'><strong>aquis</strong></span> <span class='ocrx_word' id='word_1_421' title='bbox 2367 2767 2564 2822; x_wconf 86' lang='lat' dir='ltr'><strong>multis.</strong></span> <span class='ocrx_word' id='word_1_422' title='bbox 2612 2767 2794 2839; x_wconf 87' lang='lat' dir='ltr'><strong>Aquas</strong></span> <span class='ocrx_word' id='word_1_423' title='bbox 2825 2773 3051 2842; x_wconf 91' lang='lat' dir='ltr'><strong>populos</strong></span> <span class='ocrx_word' id='word_1_424' title='bbox 3095 2773 3224 2842; x_wconf 91' lang='lat' dir='ltr'><strong>dici,</strong></span> <span class='ocrx_word' id='word_1_425' title='bbox 3268 2779 3468 2834; x_wconf 87' lang='lat' dir='ltr'><strong>usitata</strong></span> <span class='ocrx_word' id='word_1_426' title='bbox 3510 2795 3600 2835; x_wconf 92' lang='lat' dir='ltr'><strong>co-</strong></span> 
     </span>
    </p>
   </div>
   <div class='ocr_carea' id='block_1_56' title="bbox 2004 2853 3600 2945">
    <p class='ocr_par' dir='ltr' id='par_1_56' title="bbox 2004 2853 3600 2945">
     <span class='ocr_line' id='line_1_56' title="bbox 2004 2853 3600 2945; baseline 0.013 -38"><span class='ocrx_word' id='word_1_427' title='bbox 2004 2853 2176 2925; x_wconf 88' lang='lat' dir='ltr'><strong>gnitio</strong></span> <span class='ocrx_word' id='word_1_428' title='bbox 2219 2865 2302 2910; x_wconf 91' lang='lat' dir='ltr'><strong>est</strong></span> <span class='ocrx_word' id='word_1_429' title='bbox 2356 2856 2439 2928; x_wconf 89' lang='lat' dir='ltr'><strong>(ut</strong></span> <span class='ocrx_word' id='word_1_430' title='bbox 2477 2860 2640 2914; x_wconf 92' lang='lat' dir='ltr'><strong>etiam</strong></span> <span class='ocrx_word' id='word_1_431' title='bbox 2678 2877 2774 2931; x_wconf 89' lang='lat' dir='ltr'><strong>per</strong></span> <span class='ocrx_word' id='word_1_432' title='bbox 2812 2862 3027 2919; x_wconf 90' lang='lat' dir='ltr'><strong>Esaiam</strong></span> <span class='ocrx_word' id='word_1_433' title='bbox 3072 2866 3342 2924; x_wconf 83' lang='lat' dir='ltr'><strong>dicentem</strong></span> <span class='ocrx_word' id='word_1_434' title='bbox 3375 2869 3516 2942; x_wconf 86' lang='lat' dir='ltr'><strong>(vm,</strong></span> <span class='ocrx_word' id='word_1_435' title='bbox 3547 2872 3600 2945; x_wconf 90' lang='lat'><strong>7)</strong></span> 
     </span>
    </p>
   </div>
   <div class='ocr_carea' id='block_1_57' title="bbox 2001 2947 3601 3034">
    <p class='ocr_par' dir='ltr' id='par_1_57' title="bbox 2001 2947 3601 3034">
     <span class='ocr_line' id='line_1_57' title="bbox 2001 2947 3601 3034; baseline 0.01 -32"><span class='ocrx_word' id='word_1_436' title='bbox 2001 2947 2296 3014; x_wconf 90' lang='lat' dir='ltr'><strong>docemur,</strong></span> <span class='ocrx_word' id='word_1_437' title='bbox 2340 2950 2560 3020; x_wconf 83' lang='lat' dir='ltr'><strong>Propter</strong></span> <span class='ocrx_word' id='word_1_438' title='bbox 2604 2953 2702 3007; x_wconf 85' lang='lat' dir='ltr'><strong>hoc</strong></span> <span class='ocrx_word' id='word_1_439' title='bbox 2740 2971 2852 3010; x_wconf 88' lang='lat' dir='ltr'><strong>ecce</strong></span> <span class='ocrx_word' id='word_1_440' title='bbox 2901 2955 3154 3013; x_wconf 81' lang='lat' dir='ltr'><strong>Dominus</strong></span> <span class='ocrx_word' id='word_1_441' title='bbox 3194 2961 3400 3016; x_wconf 82' lang='lat' dir='ltr'><strong>inducet</strong></span> <span class='ocrx_word' id='word_1_442' title='bbox 3447 2980 3601 3034; x_wconf 85' lang='lat' dir='ltr'><strong>super</strong></span> 
     </span>
    </p>
   </div>
   <div class='ocr_carea' id='block_1_58' title="bbox 1998 3044 3597 3124">
    <p class='ocr_par' dir='ltr' id='par_1_58' title="bbox 1998 3044 3597 3124">
     <span class='ocr_line' id='line_1_58' title="bbox 1998 3044 3597 3124; baseline 0.009 -31"><span class='ocrx_word' id='word_1_443' title='bbox 1998 3055 2088 3094; x_wconf 79' lang='lat' dir='ltr'><strong>vos</strong></span> <span class='ocrx_word' id='word_1_444' title='bbox 2115 3057 2303 3112; x_wconf 87' lang='lat' dir='ltr'><strong>aquam</strong></span> <span class='ocrx_word' id='word_1_445' title='bbox 2330 3044 2476 3112; x_wconf 80' lang='lat' dir='ltr'><strong>ﬂuvii</strong></span> <span class='ocrx_word' id='word_1_446' title='bbox 2505 3045 2729 3099; x_wconf 84' lang='lat' dir='ltr'><strong>validam</strong></span> <span class='ocrx_word' id='word_1_447' title='bbox 2751 3055 2798 3100; x_wconf 90' lang='lat' dir='ltr'><strong>et</strong></span> <span class='ocrx_word' id='word_1_448' title='bbox 2827 3049 3062 3114; x_wconf 87' lang='lat' dir='ltr'><strong>multam,</strong></span> <span class='ocrx_word' id='word_1_449' title='bbox 3092 3060 3140 3104; x_wconf 88' lang='lat' dir='ltr'><strong>et</strong></span> <span class='ocrx_word' id='word_1_450' title='bbox 3160 3066 3328 3122; x_wconf 87' lang='lat' dir='ltr'><strong>regem</strong></span> <span class='ocrx_word' id='word_1_451' title='bbox 3355 3052 3597 3124; x_wconf 77' lang='lat' dir='ltr'><strong>Assyrio-</strong></span> 
     </span>
    </p>
   </div>
   <div class='ocr_carea' id='block_1_59' title="bbox 286 3130 3586 3210">
    <p class='ocr_par' dir='ltr' id='par_1_59' title="bbox 286 3130 3586 3210">
     <span class='ocr_line' id='line_1_59' title="bbox 286 3130 3586 3210; baseline 0.005 -23"><span class='ocrx_word' id='word_1_452' title='bbox 286 3131 376 3188; x_wconf 90' lang='lat' dir='ltr'><strong>hic</strong></span> <span class='ocrx_word' id='word_1_453' title='bbox 405 3132 542 3203; x_wconf 88' lang='lat' dir='ltr'><strong>ignis</strong></span> <span class='ocrx_word' id='word_1_454' title='bbox 567 3141 668 3198; x_wconf 82' lang='lat' dir='ltr'><strong>est,</strong></span> <span class='ocrx_word' id='word_1_455' title='bbox 697 3132 928 3187; x_wconf 89' lang='lat' dir='ltr'><strong>Domino</strong></span> <span class='ocrx_word' id='word_1_456' title='bbox 963 3131 1174 3187; x_wconf 90' lang='lat' dir='ltr'><strong>dicente</strong></span> <span class='ocrx_word' id='word_1_457' title='bbox 1207 3149 1220 3184; x_wconf 86' lang='lat'><strong>:</strong></span> <span class='ocrx_word' id='word_1_458' title='bbox 1248 3130 1410 3186; x_wconf 82' lang='lat' dir='ltr'><strong>Abite</strong></span> <span class='ocrx_word' id='word_1_459' title='bbox 1436 3132 1487 3186; x_wconf 91' lang='lat' dir='ltr'><strong>in</strong></span> <span class='ocrx_word' id='word_1_460' title='bbox 1533 3132 1710 3201; x_wconf 87' lang='lat' dir='ltr'><strong>ignem</strong></span> <span class='ocrx_word' id='word_1_461' title='bbox 1740 3139 1892 3186; x_wconf 77' lang='lat' dir='ltr'><strong>:eter-</strong></span> <span class='ocrx_word' id='word_1_462' title='bbox 1996 3135 2155 3205; x_wconf 88' lang='lat' dir='ltr'><strong>rum),</strong></span> <span class='ocrx_word' id='word_1_463' title='bbox 2187 3150 2414 3204; x_wconf 92' lang='lat' dir='ltr'><strong>quorum</strong></span> <span class='ocrx_word' id='word_1_464' title='bbox 2440 3138 2613 3193; x_wconf 88' lang='lat' dir='ltr'><strong>virtus</strong></span> <span class='ocrx_word' id='word_1_465' title='bbox 2643 3147 2803 3210; x_wconf 90' lang='lat' dir='ltr'><strong>atque</strong></span> <span class='ocrx_word' id='word_1_466' title='bbox 2842 3142 2948 3196; x_wconf 90' lang='lat' dir='ltr'><strong>vita</strong></span> <span class='ocrx_word' id='word_1_467' title='bbox 2982 3144 3035 3197; x_wconf 93' lang='lat' dir='ltr'><strong>in</strong></span> <span class='ocrx_word' id='word_1_468' title='bbox 3056 3143 3380 3200; x_wconf 90' lang='lat' dir='ltr'><strong>abolendum</strong></span> <span class='ocrx_word' id='word_1_469' title='bbox 3425 3148 3586 3202; x_wconf 86' lang='lat' dir='ltr'><strong>tinem</strong></span> 
     </span>
    </p>
   </div>
   <div class='ocr_carea' id='block_1_60' title="bbox 285 3224 3588 3302">
    <p class='ocr_par' dir='ltr' id='par_1_60' title="bbox 285 3224 3588 3302">
     <span class='ocr_line' id='line_1_60' title="bbox 285 3224 3588 3302; baseline 0.004 -21"><span class='ocrx_word' id='word_1_470' title='bbox 285 3241 416 3282; x_wconf 90' lang='lat' dir='ltr'><strong>num</strong></span> <span class='ocrx_word' id='word_1_471' title='bbox 444 3268 458 3288; x_wconf 88' lang='lat'><strong>,</strong></span> <span class='ocrx_word' id='word_1_472' title='bbox 503 3241 664 3297; x_wconf 88' lang='lat' dir='ltr'><strong>quem</strong></span> <span class='ocrx_word' id='word_1_473' title='bbox 696 3225 1019 3296; x_wconf 64' lang='lat' dir='ltr'><strong>praeparavit</strong></span> <span class='ocrx_word' id='word_1_474' title='bbox 1050 3225 1209 3282; x_wconf 84' lang='lat' dir='ltr'><strong>Pater</strong></span> <span class='ocrx_word' id='word_1_475' title='bbox 1229 3239 1380 3280; x_wconf 88' lang='lat' dir='ltr'><strong>meus</strong></span> <span class='ocrx_word' id='word_1_476' title='bbox 1403 3224 1619 3280; x_wconf 90' lang='lat' dir='ltr'><strong>diabolo</strong></span> <span class='ocrx_word' id='word_1_477' title='bbox 1639 3233 1695 3281; x_wconf 90' lang='lat' dir='ltr'><strong>et</strong></span> <span class='ocrx_word' id='word_1_478' title='bbox 1722 3238 1886 3295; x_wconf 88' lang='lat' dir='ltr'><strong>ange-</strong></span> <span class='ocrx_word' id='word_1_479' title='bbox 1915 3238 1961 3302; x_wconf 74' lang='grc' dir='ltr'><strong>ρ</strong></span> <span class='ocrx_word' id='word_1_480' title='bbox 1998 3225 2251 3295; x_wconf 85' lang='lat' dir='ltr'><strong>exemplo</strong></span> <span class='ocrx_word' id='word_1_481' title='bbox 2300 3242 2454 3298; x_wconf 88' lang='lat' dir='ltr'><strong>aquae</strong></span> <span class='ocrx_word' id='word_1_482' title='bbox 2487 3229 2852 3286; x_wconf 83' lang='lat' dir='ltr'><strong>transﬂuentis</strong></span> <span class='ocrx_word' id='word_1_483' title='bbox 2899 3233 3153 3290; x_wconf 88' lang='lat' dir='ltr'><strong>elabitur.</strong></span> <span class='ocrx_word' id='word_1_484' title='bbox 3188 3235 3256 3292; x_wconf 92' lang='lat' dir='ltr'><strong>Ut</strong></span> <span class='ocrx_word' id='word_1_485' title='bbox 3306 3237 3396 3294; x_wconf 92' lang='lat' dir='ltr'><strong>hic</strong></span> <span class='ocrx_word' id='word_1_486' title='bbox 3446 3239 3588 3294; x_wconf 89' lang='lat' dir='ltr'><strong>idem</strong></span> 
     </span>
    </p>
   </div>
   <div class='ocr_carea' id='block_1_61' title="bbox 282 3313 3593 3396">
    <p class='ocr_par' dir='ltr' id='par_1_61' title="bbox 282 3313 3593 3396">
     <span class='ocr_line' id='line_1_61' title="bbox 282 3313 3593 3396; baseline 0.003 -22"><span class='ocrx_word' id='word_1_487' title='bbox 282 3317 353 3374; x_wconf 88' lang='lat' dir='ltr'><strong>Iis</strong></span> <span class='ocrx_word' id='word_1_488' title='bbox 382 3319 501 3391; x_wconf 89' lang='lat' dir='ltr'><strong>ejus</strong></span> <span class='ocrx_word' id='word_1_489' title='bbox 532 3319 746 3392; x_wconf 78' lang='lat' dir='ltr'><strong>(Matth.</strong></span> <span class='ocrx_word' id='word_1_490' title='bbox 779 3333 905 3386; x_wconf 78' lang='lat' dir='ltr'><strong>xxv,</strong></span> <span class='ocrx_word' id='word_1_491' title='bbox 936 3318 1053 3391; x_wconf 76' lang='grc'><strong>41).</strong></span> <span class='ocrx_word' id='word_1_492' title='bbox 1087 3317 1152 3373; x_wconf 84' lang='lat' dir='ltr'><strong>Hi</strong></span> <span class='ocrx_word' id='word_1_493' title='bbox 1179 3332 1309 3390; x_wconf 87' lang='lat' dir='ltr'><strong>ergo</strong></span> <span class='ocrx_word' id='word_1_494' title='bbox 1336 3328 1548 3375; x_wconf 90' lang='lat' dir='ltr'><strong>montes</strong></span> <span class='ocrx_word' id='word_1_495' title='bbox 1572 3317 1748 3374; x_wconf 87' lang='lat' dir='ltr'><strong>tactia</strong></span> <span class='ocrx_word' id='word_1_496' title='bbox 1784 3317 1887 3374; x_wconf 85' lang='lat' dir='ltr'><strong>Do-</strong></span> <span class='ocrx_word' id='word_1_497' title='bbox 1990 3313 2259 3386; x_wconf 86' lang='lat' dir='ltr'><strong>Propheta</strong></span> <span class='ocrx_word' id='word_1_498' title='bbox 2307 3319 2382 3373; x_wconf 86' lang='lat' dir='ltr'><strong>ait</strong></span> <span class='ocrx_word' id='word_1_499' title='bbox 2423 3335 2437 3371; x_wconf 90' lang='lat'><strong>:</strong></span> <span class='ocrx_word' id='word_1_500' title='bbox 2500 3319 2789 3376; x_wconf 88' lang='lat' dir='ltr'><strong>Perierunt</strong></span> <span class='ocrx_word' id='word_1_501' title='bbox 2839 3323 2980 3378; x_wconf 86' lang='lat' dir='ltr'><strong>sicut</strong></span> <span class='ocrx_word' id='word_1_502' title='bbox 3029 3340 3166 3396; x_wconf 90' lang='lat' dir='ltr'><strong>aqua</strong></span> <span class='ocrx_word' id='word_1_503' title='bbox 3225 3329 3593 3396; x_wconf 70' lang='lat' dir='ltr'><strong>prmterlluens</strong></span> 
     </span>
    </p>
   </div>
   <div class='ocr_carea' id='block_1_62' title="bbox 287 3405 3580 3481">
    <p class='ocr_par' dir='ltr' id='par_1_62' title="bbox 287 3405 3580 3481">
     <span class='ocr_line' id='line_1_62' title="bbox 287 3405 3580 3481; baseline 0.009 -33"><span class='ocrx_word' id='word_1_504' title='bbox 287 3412 439 3466; x_wconf 73' lang='lat' dir='ltr'><strong>mino</strong></span> <span class='ocrx_word' id='word_1_505' title='bbox 471 3409 776 3466; x_wconf 60' lang='grc' dir='ltr'><strong>τιιωεδυηι,</strong></span> <span class='ocrx_word' id='word_1_506' title='bbox 1989 3405 2162 3480; x_wconf 88' lang='lat' dir='ltr'><strong>(Psal.</strong></span> <span class='ocrx_word' id='word_1_507' title='bbox 2196 3425 2324 3475; x_wconf 78' lang='lat' dir='ltr'><strong>LVII,</strong></span> <span class='ocrx_word' id='word_1_508' title='bbox 2349 3409 2404 3481; x_wconf 93' lang='lat'><strong>8)</strong></span> <span class='ocrx_word' id='word_1_509' title='bbox 2441 3429 2454 3465; x_wconf 92' lang='lat'><strong>:</strong></span> <span class='ocrx_word' id='word_1_510' title='bbox 2485 3413 2604 3480; x_wconf 88' lang='lat' dir='ltr'><strong>quia</strong></span> <span class='ocrx_word' id='word_1_511' title='bbox 2648 3422 2836 3469; x_wconf 89' lang='lat' dir='ltr'><strong>natura</strong></span> <span class='ocrx_word' id='word_1_512' title='bbox 2868 3431 3073 3481; x_wconf 88' lang='lat' dir='ltr'><strong>earum,</strong></span> <span class='ocrx_word' id='word_1_513' title='bbox 3107 3430 3358 3477; x_wconf 89' lang='lat' dir='ltr'><strong>cessante</strong></span> <span class='ocrx_word' id='word_1_514' title='bbox 3401 3423 3580 3478; x_wconf 88' lang='lat' dir='ltr'><strong>incre-</strong></span> 
     </span>
    </p>
   </div>
   <div class='ocr_carea' id='block_1_63' title="bbox 355 3501 3586 3583">
    <p class='ocr_par' dir='ltr' id='par_1_63' title="bbox 355 3501 3586 3583">
     <span class='ocr_line' id='line_1_63' title="bbox 355 3501 3586 3583; baseline 0.003 -26"><span class='ocrx_word' id='word_1_515' title='bbox 355 3501 448 3557; x_wconf 73' lang='grc'><strong>12.</strong></span> <span class='ocrx_word' id='word_1_516' title='bbox 481 3501 580 3556; x_wconf 85' lang='lat' dir='ltr'><strong>Dei</strong></span> <span class='ocrx_word' id='word_1_517' title='bbox 602 3501 1186 3574; x_wconf 81' lang='lat' dir='ltr'><strong>doctrinadispergitur.</strong></span> <span class='ocrx_word' id='word_1_518' title='bbox 1210 3501 1884 3572; x_wconf 89' lang='lat' dir='ltr'><strong>—Dissipahunturetiam</strong></span> <span class='ocrx_word' id='word_1_519' title='bbox 1988 3510 2171 3557; x_wconf 89' lang='lat' dir='ltr'><strong>mento</strong></span> <span class='ocrx_word' id='word_1_520' title='bbox 2219 3503 2384 3560; x_wconf 91' lang='lat' dir='ltr'><strong>maris</strong></span> <span class='ocrx_word' id='word_1_521' title='bbox 2435 3504 2488 3558; x_wconf 93' lang='lat' dir='ltr'><strong>in</strong></span> <span class='ocrx_word' id='word_1_522' title='bbox 2537 3505 2677 3576; x_wconf 91' lang='lat' dir='ltr'><strong>quod</strong></span> <span class='ocrx_word' id='word_1_523' title='bbox 2709 3506 2980 3576; x_wconf 81' lang='lat' dir='ltr'><strong>feruntur,</strong></span> <span class='ocrx_word' id='word_1_524' title='bbox 3003 3510 3277 3566; x_wconf 83' lang='lat' dir='ltr'><strong>eximitur.</strong></span> <span class='ocrx_word' id='word_1_525' title='bbox 3309 3513 3375 3583; x_wconf 70' lang='grc' dir='ltr'><strong>(Γ)</strong></span> <span class='ocrx_word' id='word_1_526' title='bbox 3425 3514 3493 3567; x_wconf 86' lang='lat' dir='ltr'><strong>Et</strong></span> <span class='ocrx_word' id='word_1_527' title='bbox 3523 3516 3586 3568; x_wconf 88' lang='lat' dir='ltr'><strong>de</strong></span> 
     </span>
    </p>
   </div>
   <div class='ocr_carea' id='block_1_64' title="bbox 284 3594 3585 3669">
    <p class='ocr_par' dir='ltr' id='par_1_64' title="bbox 284 3594 3585 3669">
     <span class='ocr_line' id='line_1_64' title="bbox 284 3594 3585 3669; baseline 0.003 -20"><span class='ocrx_word' id='word_1_528' title='bbox 284 3595 364 3669; x_wconf 79' lang='grc' dir='ltr'><strong>(ά)</strong></span> <span class='ocrx_word' id='word_1_529' title='bbox 390 3611 488 3666; x_wconf 91' lang='lat' dir='ltr'><strong>per</strong></span> <span class='ocrx_word' id='word_1_530' title='bbox 513 3602 827 3651; x_wconf 89' lang='lat' dir='ltr'><strong>coruscatas</strong></span> <span class='ocrx_word' id='word_1_531' title='bbox 856 3595 1262 3650; x_wconf 89' lang='lat' dir='ltr'><strong>coruscationes</strong></span> <span class='ocrx_word' id='word_1_532' title='bbox 1287 3611 1301 3648; x_wconf 75' lang='grc' dir='ltr'>ε</span> <span class='ocrx_word' id='word_1_533' title='bbox 1332 3594 1512 3650; x_wconf 89' lang='lat' dir='ltr'><strong>lumen</strong></span> <span class='ocrx_word' id='word_1_534' title='bbox 1543 3596 1750 3652; x_wconf 87' lang='lat' dir='ltr'><strong>scilicet</strong></span> <span class='ocrx_word' id='word_1_535' title='bbox 1786 3609 1883 3650; x_wconf 90' lang='lat' dir='ltr'><strong>eo-</strong></span> <span class='ocrx_word' id='word_1_536' title='bbox 1987 3609 2143 3648; x_wconf 85' lang='lat' dir='ltr'><strong>manu</strong></span> <span class='ocrx_word' id='word_1_537' title='bbox 2168 3595 2344 3665; x_wconf 86' lang='lat' dir='ltr'><strong>iniqua</strong></span> <span class='ocrx_word' id='word_1_538' title='bbox 2369 3597 2596 3664; x_wconf 81' lang='lat' dir='ltr'><strong>ﬁliorum</strong></span> <span class='ocrx_word' id='word_1_539' title='bbox 2624 3597 2934 3654; x_wconf 88' lang='lat' dir='ltr'><strong>alienorum.</strong></span> <span class='ocrx_word' id='word_1_540' title='bbox 2966 3598 3060 3655; x_wconf 88' lang='lat' dir='ltr'><strong>Dei</strong></span> <span class='ocrx_word' id='word_1_541' title='bbox 3098 3601 3241 3655; x_wconf 90' lang='lat' dir='ltr'><strong>enim</strong></span> <span class='ocrx_word' id='word_1_542' title='bbox 3264 3617 3386 3658; x_wconf 90' lang='lat' dir='ltr'><strong>esse</strong></span> <span class='ocrx_word' id='word_1_543' title='bbox 3411 3604 3585 3660; x_wconf 88' lang='lat' dir='ltr'><strong>desti-</strong></span> 
     </span>
    </p>
   </div>
   <div class='ocr_carea' id='block_1_65' title="bbox 279 3684 3585 3757">
    <p class='ocr_par' dir='ltr' id='par_1_65' title="bbox 279 3684 3585 3757">
     <span class='ocr_line' id='line_1_65' title="bbox 279 3684 3585 3757; baseline 0.002 -14"><span class='ocrx_word' id='word_1_544' title='bbox 279 3703 402 3743; x_wconf 89' lang='lat' dir='ltr'><strong>rum</strong></span> <span class='ocrx_word' id='word_1_545' title='bbox 434 3686 503 3742; x_wconf 91' lang='lat' dir='ltr'><strong>de</strong></span> <span class='ocrx_word' id='word_1_546' title='bbox 546 3688 741 3757; x_wconf 87' lang='lat' dir='ltr'><strong>quibus</strong></span> <span class='ocrx_word' id='word_1_547' title='bbox 787 3687 988 3742; x_wconf 92' lang='lat' dir='ltr'><strong>dictum</strong></span> <span class='ocrx_word' id='word_1_548' title='bbox 1036 3698 1118 3743; x_wconf 92' lang='lat' dir='ltr'><strong>est</strong></span> <span class='ocrx_word' id='word_1_549' title='bbox 1160 3707 1172 3742; x_wconf 89' lang='lat'><strong>:</strong></span> <span class='ocrx_word' id='word_1_550' title='bbox 1211 3687 1316 3742; x_wconf 84' lang='lat' dir='ltr'><strong>Vos</strong></span> <span class='ocrx_word' id='word_1_551' title='bbox 1360 3689 1482 3742; x_wconf 84' lang='lat' dir='ltr'><strong>estis</strong></span> <span class='ocrx_word' id='word_1_552' title='bbox 1507 3689 1677 3743; x_wconf 87' lang='lat' dir='ltr'><strong>lumen</strong></span> <span class='ocrx_word' id='word_1_553' title='bbox 1707 3689 1886 3742; x_wconf 87' lang='lat' dir='ltr'><strong>mundi</strong></span> <span class='ocrx_word' id='word_1_554' title='bbox 1986 3691 2184 3749; x_wconf 85' lang='lat' dir='ltr'><strong>terant,</strong></span> <span class='ocrx_word' id='word_1_555' title='bbox 2216 3684 2283 3739; x_wconf 92' lang='lat' dir='ltr'><strong>de</strong></span> <span class='ocrx_word' id='word_1_556' title='bbox 2305 3684 2499 3754; x_wconf 90' lang='lat' dir='ltr'><strong>quibus</strong></span> <span class='ocrx_word' id='word_1_557' title='bbox 2525 3687 2724 3741; x_wconf 90' lang='lat' dir='ltr'><strong>dictum</strong></span> <span class='ocrx_word' id='word_1_558' title='bbox 2747 3696 2853 3756; x_wconf 90' lang='lat' dir='ltr'><strong>est,</strong></span> <span class='ocrx_word' id='word_1_559' title='bbox 2893 3688 3021 3745; x_wconf 84' lang='lat' dir='ltr'><strong>Filii</strong></span> <span class='ocrx_word' id='word_1_560' title='bbox 3057 3691 3214 3747; x_wconf 88' lang='lat' dir='ltr'><strong>alieni</strong></span> <span class='ocrx_word' id='word_1_561' title='bbox 3271 3695 3585 3751; x_wconf 83' lang='lat' dir='ltr'><strong>inveterave-</strong></span> 
     </span>
    </p>
   </div>
   <div class='ocr_carea' id='block_1_66' title="bbox 280 3773 3588 3852">
    <p class='ocr_par' dir='ltr' id='par_1_66' title="bbox 280 3773 3588 3852">
     <span class='ocr_line' id='line_1_66' title="bbox 280 3773 3588 3852; baseline 0.002 -19"><span class='ocrx_word' id='word_1_562' title='bbox 280 3779 499 3852; x_wconf 79' lang='grc' dir='ltr'><strong>(ΜαιιΙι.</strong></span> <span class='ocrx_word' id='word_1_563' title='bbox 527 3795 583 3844; x_wconf 90' lang='lat' dir='ltr'><strong>v,</strong></span> <span class='ocrx_word' id='word_1_564' title='bbox 615 3778 729 3850; x_wconf 72' lang='grc'><strong>14),</strong></span> <span class='ocrx_word' id='word_1_565' title='bbox 763 3794 869 3835; x_wconf 92' lang='lat' dir='ltr'><strong>non</strong></span> <span class='ocrx_word' id='word_1_566' title='bbox 903 3779 1156 3834; x_wconf 83' lang='lat' dir='ltr'><strong>ferentes.</strong></span> <span class='ocrx_word' id='word_1_567' title='bbox 1197 3780 1410 3834; x_wconf 91' lang='lat' dir='ltr'><strong>Domini</strong></span> <span class='ocrx_word' id='word_1_568' title='bbox 1435 3794 1666 3849; x_wconf 87' lang='lat' dir='ltr'><strong>namque</strong></span> <span class='ocrx_word' id='word_1_569' title='bbox 1685 3781 1884 3834; x_wconf 89' lang='lat' dir='ltr'><strong>adven-</strong></span> <span class='ocrx_word' id='word_1_570' title='bbox 1985 3783 2105 3828; x_wconf 74' lang='lat' dir='ltr'><strong>runt</strong></span> <span class='ocrx_word' id='word_1_571' title='bbox 2130 3773 2246 3842; x_wconf 78' lang='lat' dir='ltr'><strong>(Ps.</strong></span> <span class='ocrx_word' id='word_1_572' title='bbox 2286 3791 2418 3841; x_wconf 75' lang='lat' dir='ltr'><strong>XVII,</strong></span> <span class='ocrx_word' id='word_1_573' title='bbox 2451 3775 2543 3850; x_wconf 71' lang='grc'>46)</span> <span class='ocrx_word' id='word_1_574' title='bbox 2572 3795 2584 3831; x_wconf 91' lang='lat'><strong>:</strong></span> <span class='ocrx_word' id='word_1_575' title='bbox 2617 3786 2672 3834; x_wconf 81' lang='lat' dir='ltr'><strong>et</strong></span> <span class='ocrx_word' id='word_1_576' title='bbox 2696 3779 2893 3848; x_wconf 85' lang='lat' dir='ltr'><strong>quibus</strong></span> <span class='ocrx_word' id='word_1_577' title='bbox 2921 3781 3123 3839; x_wconf 89' lang='lat' dir='ltr'><strong>dictum</strong></span> <span class='ocrx_word' id='word_1_578' title='bbox 3155 3793 3260 3851; x_wconf 89' lang='lat' dir='ltr'><strong>est,</strong></span> <span class='ocrx_word' id='word_1_579' title='bbox 3294 3783 3448 3842; x_wconf 84' lang='lat' dir='ltr'><strong>Vose</strong></span> <span class='ocrx_word' id='word_1_580' title='bbox 3473 3789 3588 3842; x_wconf 85' lang='lat' dir='ltr'><strong>dia-</strong></span> 
     </span>
    </p>
   </div>
   <div class='ocr_carea' id='block_1_67' title="bbox 279 3863 1900 3945">
    <p class='ocr_par' dir='ltr' id='par_1_67' title="bbox 279 3869 1881 3941">
     <span class='ocr_line' id='line_1_67' title="bbox 279 3869 1881 3941; baseline 0 -15"><span class='ocrx_word' id='word_1_581' title='bbox 279 3880 387 3936; x_wconf 92' lang='lat' dir='ltr'><strong>tns,</strong></span> <span class='ocrx_word' id='word_1_582' title='bbox 422 3879 699 3940; x_wconf 88' lang='lat' dir='ltr'><strong>tamquam</strong></span> <span class='ocrx_word' id='word_1_583' title='bbox 729 3869 908 3941; x_wconf 82' lang='lat' dir='ltr'><strong>fulgur</strong></span> <span class='ocrx_word' id='word_1_584' title='bbox 931 3872 1000 3925; x_wconf 87' lang='lat' dir='ltr'><strong>ab</strong></span> <span class='ocrx_word' id='word_1_585' title='bbox 1029 3871 1244 3926; x_wconf 89' lang='lat' dir='ltr'><strong>oriente</strong></span> <span class='ocrx_word' id='word_1_586' title='bbox 1274 3885 1441 3940; x_wconf 91' lang='lat' dir='ltr'><strong>usque</strong></span> <span class='ocrx_word' id='word_1_587' title='bbox 1472 3871 1523 3924; x_wconf 94' lang='lat' dir='ltr'><strong>in</strong></span> <span class='ocrx_word' id='word_1_588' title='bbox 1546 3869 1881 3926; x_wconf 90' lang='lat' dir='ltr'><strong>occidentem</strong></span> 
     </span>
    </p>
   </div>
   <div class='ocr_carea' id='block_1_68' title="bbox 2011 3863 2920 3945">
    <p class='ocr_par' dir='ltr' id='par_1_68' title="bbox 2011 3867 2920 3945">
     <span class='ocr_line' id='line_1_68' title="bbox 2011 3867 2920 3945; baseline 0.009 -26"><span class='ocrx_word' id='word_1_589' title='bbox 2011 3867 2100 3920; x_wconf 40' lang='lat' dir='ltr'><strong>toto</strong></span> <span class='ocrx_word' id='word_1_590' title='bbox 2124 3876 2270 3936; x_wconf 84' lang='lat' dir='ltr'><strong>patre</strong></span> <span class='ocrx_word' id='word_1_591' title='bbox 2299 3869 2418 3922; x_wconf 85' lang='lat' dir='ltr'><strong>estis</strong></span> <span class='ocrx_word' id='word_1_592' title='bbox 2442 3867 2620 3939; x_wconf 85' lang='lat' dir='ltr'><strong>(Joan.</strong></span> <span class='ocrx_word' id='word_1_593' title='bbox 2655 3885 2770 3936; x_wconf 88' lang='lat' dir='ltr'><strong>vut,</strong></span> <span class='ocrx_word' id='word_1_594' title='bbox 2802 3872 2920 3945; x_wconf 75' lang='grc'><strong>44).</strong></span> 
     </span>
    </p>
   </div>
   <div class='ocr_carea' id='block_1_69' title="bbox 280 3957 3582 4034">
    <p class='ocr_par' dir='ltr' id='par_1_69' title="bbox 280 3957 3582 4034">
     <span class='ocr_line' id='line_1_69' title="bbox 280 3957 3582 4034; baseline 0.003 -16"><span class='ocrx_word' id='word_1_595' title='bbox 280 3977 554 4034; x_wconf 85' lang='lat' dir='ltr'><strong>apparens</strong></span> <span class='ocrx_word' id='word_1_596' title='bbox 584 3962 911 4034; x_wconf 88' lang='lat' dir='ltr'><strong>intelligetur</strong></span> <span class='ocrx_word' id='word_1_597' title='bbox 940 3962 1153 4034; x_wconf 79' lang='lat' dir='ltr'><strong>(Matth.</strong></span> <span class='ocrx_word' id='word_1_598' title='bbox 1193 3977 1342 4027; x_wconf 78' lang='lat' dir='ltr'><strong>xxiv,</strong></span> <span class='ocrx_word' id='word_1_599' title='bbox 1363 3961 1478 4034; x_wconf 72' lang='lat'><strong>27).</strong></span> <span class='ocrx_word' id='word_1_600' title='bbox 1525 3961 1634 4016; x_wconf 89' lang='lat' dir='ltr'><strong>Sed</strong></span> <span class='ocrx_word' id='word_1_601' title='bbox 1665 3961 1882 4018; x_wconf 85' lang='lat' dir='ltr'><strong>interim</strong></span> <span class='ocrx_word' id='word_1_602' title='bbox 2057 3959 2146 4015; x_wconf 80' lang='grc'><strong>16.</strong></span> <span class='ocrx_word' id='word_1_603' title='bbox 2173 3957 2402 4015; x_wconf 77' lang='lat' dir='ltr'><strong>Dextera</strong></span> <span class='ocrx_word' id='word_1_604' title='bbox 2420 3978 2596 4017; x_wconf 87' lang='lat' dir='ltr'><strong>eorum</strong></span> <span class='ocrx_word' id='word_1_605' title='bbox 2616 3964 2704 4032; x_wconf 88' lang='lat' dir='ltr'><strong>qui</strong></span> <span class='ocrx_word' id='word_1_606' title='bbox 2725 3964 2922 4033; x_wconf 84' lang='lat' dir='ltr'><strong>iniqua.</strong></span> <span class='ocrx_word' id='word_1_607' title='bbox 2945 3995 3018 4006; x_wconf 89' lang='lat'><strong>——</strong></span> <span class='ocrx_word' id='word_1_608' title='bbox 3039 3965 3145 4022; x_wconf 90' lang='lat' dir='ltr'><strong>Sed</strong></span> <span class='ocrx_word' id='word_1_609' title='bbox 3176 3983 3283 4024; x_wconf 92' lang='lat' dir='ltr'><strong>non</strong></span> <span class='ocrx_word' id='word_1_610' title='bbox 3306 3970 3481 4027; x_wconf 90' lang='lat' dir='ltr'><strong>solum</strong></span> <span class='ocrx_word' id='word_1_611' title='bbox 3514 3972 3582 4027; x_wconf 88' lang='lat' dir='ltr'><strong>ti-</strong></span> 
     </span>
    </p>
   </div>
   <div class='ocr_carea' id='block_1_70' title="bbox 273 4052 3582 4131">
    <p class='ocr_par' dir='ltr' id='par_1_70' title="bbox 273 4052 3582 4131">
     <span class='ocr_line' id='line_1_70' title="bbox 273 4052 3582 4131; baseline 0.003 -22"><span class='ocrx_word' id='word_1_612' title='bbox 273 4056 686 4111; x_wconf 87' lang='lat' dir='ltr'><strong>coruscationes</strong></span> <span class='ocrx_word' id='word_1_613' title='bbox 710 4055 896 4109; x_wconf 62' lang='lat' dir='ltr'><strong>multa:</strong></span> <span class='ocrx_word' id='word_1_614' title='bbox 925 4063 1071 4117; x_wconf 89' lang='lat' dir='ltr'><strong>sunt,</strong></span> <span class='ocrx_word' id='word_1_615' title='bbox 1105 4052 1158 4107; x_wconf 90' lang='lat' dir='ltr'><strong>id</strong></span> <span class='ocrx_word' id='word_1_616' title='bbox 1206 4061 1310 4119; x_wconf 84' lang='lat' dir='ltr'><strong>est,</strong></span> <span class='ocrx_word' id='word_1_617' title='bbox 1341 4052 1655 4123; x_wconf 68' lang='lat' dir='ltr'><strong>apostolica:</strong></span> <span class='ocrx_word' id='word_1_618' title='bbox 1687 4053 1882 4121; x_wconf 61' lang='lat' dir='ltr'><strong>pracdi-</strong></span> <span class='ocrx_word' id='word_1_619' title='bbox 1984 4052 2042 4108; x_wconf 88' lang='lat' dir='ltr'><strong>lii</strong></span> <span class='ocrx_word' id='word_1_620' title='bbox 2073 4052 2234 4109; x_wconf 90' lang='lat' dir='ltr'><strong>alieni</strong></span> <span class='ocrx_word' id='word_1_621' title='bbox 2256 4063 2404 4120; x_wconf 89' lang='lat' dir='ltr'><strong>sunt,</strong></span> <span class='ocrx_word' id='word_1_622' title='bbox 2440 4055 2725 4110; x_wconf 89' lang='lat' dir='ltr'><strong>Dominum</strong></span> <span class='ocrx_word' id='word_1_623' title='bbox 2771 4071 2926 4111; x_wconf 91' lang='lat' dir='ltr'><strong>suum</strong></span> <span class='ocrx_word' id='word_1_624' title='bbox 2961 4073 3069 4114; x_wconf 91' lang='lat' dir='ltr'><strong>non</strong></span> <span class='ocrx_word' id='word_1_625' title='bbox 3108 4061 3443 4131; x_wconf 81' lang='lat' dir='ltr'><strong>recipiendo,</strong></span> <span class='ocrx_word' id='word_1_626' title='bbox 3486 4066 3582 4120; x_wconf 91' lang='lat' dir='ltr'><strong>sed</strong></span> 
     </span>
    </p>
   </div>
   <div class='ocr_carea' id='block_1_71' title="bbox 273 4143 3582 4219">
    <p class='ocr_par' dir='ltr' id='par_1_71' title="bbox 273 4143 3582 4219">
     <span class='ocr_line' id='line_1_71' title="bbox 273 4143 3582 4219; baseline 0.002 -16"><span class='ocrx_word' id='word_1_627' title='bbox 273 4148 540 4213; x_wconf 85' lang='lat' dir='ltr'><strong>cationes,</strong></span> <span class='ocrx_word' id='word_1_628' title='bbox 570 4156 622 4202; x_wconf 90' lang='lat' dir='ltr'><strong>et</strong></span> <span class='ocrx_word' id='word_1_629' title='bbox 650 4146 908 4219; x_wconf 86' lang='lat' dir='ltr'><strong>splendor</strong></span> <span class='ocrx_word' id='word_1_630' title='bbox 942 4145 1204 4201; x_wconf 80' lang='lat' dir='ltr'><strong>doctrinae</strong></span> <span class='ocrx_word' id='word_1_631' title='bbox 1252 4143 1367 4208; x_wconf 88' lang='lat' dir='ltr'><strong>Dei,</strong></span> <span class='ocrx_word' id='word_1_632' title='bbox 1401 4159 1523 4213; x_wconf 69' lang='lat' dir='ltr'><strong>qua:</strong></span> <span class='ocrx_word' id='word_1_633' title='bbox 1554 4143 1879 4199; x_wconf 83' lang='lat' dir='ltr'><strong>condensam</strong></span> <span class='ocrx_word' id='word_1_634' title='bbox 1982 4145 2145 4202; x_wconf 88' lang='lat' dir='ltr'><strong>etiam</strong></span> <span class='ocrx_word' id='word_1_635' title='bbox 2177 4146 2230 4201; x_wconf 92' lang='lat' dir='ltr'><strong>id</strong></span> <span class='ocrx_word' id='word_1_636' title='bbox 2251 4146 2394 4216; x_wconf 90' lang='lat' dir='ltr'><strong>quod</strong></span> <span class='ocrx_word' id='word_1_637' title='bbox 2415 4148 2678 4218; x_wconf 89' lang='lat' dir='ltr'><strong>sequitur,</strong></span> <span class='ocrx_word' id='word_1_638' title='bbox 2706 4145 2868 4204; x_wconf 69' lang='lat' dir='ltr'><strong>Vrsas.</strong></span> <span class='ocrx_word' id='word_1_639' title='bbox 2900 4151 2975 4210; x_wconf 90' lang='lat'><strong>8:</strong></span> <span class='ocrx_word' id='word_1_640' title='bbox 3008 4150 3236 4219; x_wconf 82' lang='lat' dir='ltr'><strong>Quorum</strong></span> <span class='ocrx_word' id='word_1_641' title='bbox 3267 4171 3324 4208; x_wconf 91' lang='lat' dir='ltr'><strong>os</strong></span> <span class='ocrx_word' id='word_1_642' title='bbox 3354 4155 3582 4211; x_wconf 87' lang='lat' dir='ltr'><strong>locutum</strong></span> 
     </span>
    </p>
   </div>
   <div class='ocr_carea' id='block_1_72' title="bbox 276 4237 3582 4318">
    <p class='ocr_par' dir='ltr' id='par_1_72' title="bbox 276 4237 3582 4318">
     <span class='ocr_line' id='line_1_72' title="bbox 276 4237 3582 4318; baseline 0.002 -20"><span class='ocrx_word' id='word_1_643' title='bbox 276 4242 429 4298; x_wconf 90' lang='lat' dir='ltr'><strong>illam</strong></span> <span class='ocrx_word' id='word_1_644' title='bbox 463 4251 517 4298; x_wconf 90' lang='lat' dir='ltr'><strong>et</strong></span> <span class='ocrx_word' id='word_1_645' title='bbox 555 4242 922 4311; x_wconf 57' lang='lat' dir='ltr'><strong>consilii-alam</strong></span> <span class='ocrx_word' id='word_1_646' title='bbox 977 4241 1285 4295; x_wconf 81' lang='lat' dir='ltr'><strong>daemonum</strong></span> <span class='ocrx_word' id='word_1_647' title='bbox 1336 4239 1587 4294; x_wconf 88' lang='lat' dir='ltr'><strong>virtutem</strong></span> <span class='ocrx_word' id='word_1_648' title='bbox 1630 4253 1881 4294; x_wconf 88' lang='lat' dir='ltr'><strong>corusca-</strong></span> <span class='ocrx_word' id='word_1_649' title='bbox 1981 4247 2054 4291; x_wconf 85' lang='lat' dir='ltr'><strong>est</strong></span> <span class='ocrx_word' id='word_1_650' title='bbox 2081 4239 2380 4292; x_wconf 79' lang='lat' dir='ltr'><strong>vanitatem.</strong></span> <span class='ocrx_word' id='word_1_651' title='bbox 2408 4237 2628 4294; x_wconf 78' lang='lat' dir='ltr'><strong>Vanitas</strong></span> <span class='ocrx_word' id='word_1_652' title='bbox 2650 4240 2762 4296; x_wconf 91' lang='lat' dir='ltr'><strong>oris</strong></span> <span class='ocrx_word' id='word_1_653' title='bbox 2781 4249 2838 4297; x_wconf 85' lang='lat' dir='ltr'><strong>et</strong></span> <span class='ocrx_word' id='word_1_654' title='bbox 2857 4240 2934 4314; x_wconf 87' lang='lat' dir='ltr'><strong>(g)</strong></span> <span class='ocrx_word' id='word_1_655' title='bbox 2965 4243 3324 4301; x_wconf 78' lang='lat' dir='ltr'><strong>confessionis</strong></span> <span class='ocrx_word' id='word_1_656' title='bbox 3345 4247 3444 4302; x_wconf 88' lang='lat' dir='ltr'><strong>fuit</strong></span> <span class='ocrx_word' id='word_1_657' title='bbox 3468 4249 3582 4318; x_wconf 88' lang='lat' dir='ltr'><strong>illa,</strong></span> 
     </span>
    </p>
   </div>
   <div class='ocr_carea' id='block_1_73' title="bbox 273 4329 1900 4407">
    <p class='ocr_par' dir='ltr' id='par_1_73' title="bbox 273 4335 1007 4406">
     <span class='ocr_line' id='line_1_73' title="bbox 273 4335 1007 4406; baseline -0.001 -17"><span class='ocrx_word' id='word_1_658' title='bbox 273 4336 442 4390; x_wconf 88' lang='lat' dir='ltr'><strong>tionis</strong></span> <span class='ocrx_word' id='word_1_659' title='bbox 471 4335 590 4392; x_wconf 90' lang='lat' dir='ltr'><strong>luce</strong></span> <span class='ocrx_word' id='word_1_660' title='bbox 620 4337 695 4406; x_wconf 90' lang='lat' dir='ltr'><strong>(e)</strong></span> <span class='ocrx_word' id='word_1_661' title='bbox 724 4335 1007 4405; x_wconf 84' lang='lat' dir='ltr'><strong>dispergit.</strong></span> 
     </span>
    </p>
   </div>
   <div class='ocr_carea' id='block_1_74' title="bbox 2011 4329 3579 4407">
    <p class='ocr_par' dir='ltr' id='par_1_74' title="bbox 2011 4329 3579 4407">
     <span class='ocr_line' id='line_1_74' title="bbox 2011 4329 3579 4407; baseline 0.008 -24"><span class='ocrx_word' id='word_1_662' title='bbox 2011 4343 2086 4397; x_wconf 59' lang='lat' dir='ltr'><strong>tua</strong></span> <span class='ocrx_word' id='word_1_663' title='bbox 2114 4329 2319 4384; x_wconf 88' lang='lat' dir='ltr'><strong>dictum</strong></span> <span class='ocrx_word' id='word_1_664' title='bbox 2347 4337 2432 4385; x_wconf 90' lang='lat' dir='ltr'><strong>est</strong></span> <span class='ocrx_word' id='word_1_665' title='bbox 2461 4349 2472 4384; x_wconf 93' lang='lat'><strong>:</strong></span> <span class='ocrx_word' id='word_1_666' title='bbox 2510 4329 2625 4385; x_wconf 89' lang='lat' dir='ltr'><strong>Nos</strong></span> <span class='ocrx_word' id='word_1_667' title='bbox 2651 4347 2754 4385; x_wconf 87' lang='lat' dir='ltr'><strong>non</strong></span> <span class='ocrx_word' id='word_1_668' title='bbox 2783 4331 3026 4389; x_wconf 82' lang='lat' dir='ltr'><strong>habemus</strong></span> <span class='ocrx_word' id='word_1_669' title='bbox 3051 4351 3241 4407; x_wconf 88' lang='lat' dir='ltr'><strong>regem,</strong></span> <span class='ocrx_word' id='word_1_670' title='bbox 3275 4339 3376 4393; x_wconf 88' lang='lat' dir='ltr'><strong>nisi</strong></span> <span class='ocrx_word' id='word_1_671' title='bbox 3406 4339 3579 4395; x_wconf 75' lang='lat' dir='ltr'><strong>Cresa-</strong></span> 
     </span>
    </p>
   </div>
   <div class='ocr_carea' id='block_1_75' title="bbox 352 4422 3584 4497">
    <p class='ocr_par' dir='ltr' id='par_1_75' title="bbox 352 4422 3584 4497">
     <span class='ocr_line' id='line_1_75' title="bbox 352 4422 3584 4497; baseline 0.002 -15"><span class='ocrx_word' id='word_1_672' title='bbox 352 4429 443 4483; x_wconf 84' lang='grc'><strong>15.</strong></span> <span class='ocrx_word' id='word_1_673' title='bbox 495 4428 760 4484; x_wconf 80' lang='lat' dir='ltr'><strong>Fidelium</strong></span> <span class='ocrx_word' id='word_1_674' title='bbox 801 4429 1038 4482; x_wconf 87' lang='lat' dir='ltr'><strong>doctrina</strong></span> <span class='ocrx_word' id='word_1_675' title='bbox 1078 4444 1110 4481; x_wconf 89' lang='lat' dir='ltr'><strong>a</strong></span> <span class='ocrx_word' id='word_1_676' title='bbox 1138 4445 1296 4497; x_wconf 83' lang='lat' dir='ltr'><strong>regno</strong></span> <span class='ocrx_word' id='word_1_677' title='bbox 1348 4443 1438 4481; x_wconf 87' lang='lat' dir='ltr'><strong>suo</strong></span> <span class='ocrx_word' id='word_1_678' title='bbox 1469 4425 1786 4482; x_wconf 81' lang='lat' dir='ltr'><strong>deturbatur.</strong></span> <span class='ocrx_word' id='word_1_679' title='bbox 1809 4457 1882 4468; x_wconf 90' lang='lat'><strong>——</strong></span> <span class='ocrx_word' id='word_1_680' title='bbox 1979 4439 2085 4478; x_wconf 87' lang='lat' dir='ltr'><strong>rem</strong></span> <span class='ocrx_word' id='word_1_681' title='bbox 2115 4422 2328 4495; x_wconf 84' lang='lat' dir='ltr'><strong>(Joan.,</strong></span> <span class='ocrx_word' id='word_1_682' title='bbox 2355 4439 2471 4492; x_wconf 69' lang='lat' dir='ltr'><strong>xxx,</strong></span> <span class='ocrx_word' id='word_1_683' title='bbox 2501 4423 2613 4497; x_wconf 75' lang='grc'><strong>15).</strong></span> <span class='ocrx_word' id='word_1_684' title='bbox 2639 4425 2840 4497; x_wconf 83' lang='lat' dir='ltr'><strong>Regem</strong></span> <span class='ocrx_word' id='word_1_685' title='bbox 2881 4429 3025 4483; x_wconf 89' lang='lat' dir='ltr'><strong>enim</strong></span> <span class='ocrx_word' id='word_1_686' title='bbox 3049 4431 3254 4496; x_wconf 59' lang='lat' dir='ltr'><strong>saeculi,</strong></span> <span class='ocrx_word' id='word_1_687' title='bbox 3285 4430 3338 4487; x_wconf 91' lang='lat' dir='ltr'><strong>id</strong></span> <span class='ocrx_word' id='word_1_688' title='bbox 3369 4440 3453 4488; x_wconf 85' lang='lat' dir='ltr'><strong>est</strong></span> <span class='ocrx_word' id='word_1_689' title='bbox 3489 4448 3584 4489; x_wconf 86' lang='lat' dir='ltr'><strong>va-</strong></span> 
     </span>
    </p>
   </div>
   <div class='ocr_carea' id='block_1_76' title="bbox 272 4510 3576 4597">
    <p class='ocr_par' dir='ltr' id='par_1_76' title="bbox 272 4510 3576 4597">
     <span class='ocr_line' id='line_1_76' title="bbox 272 4510 3576 4597; baseline 0.001 -20"><span class='ocrx_word' id='word_1_690' title='bbox 272 4523 500 4592; x_wconf 78' lang='lat' dir='ltr'><strong>Sagittae</strong></span> <span class='ocrx_word' id='word_1_691' title='bbox 555 4522 714 4577; x_wconf 84' lang='lat' dir='ltr'><strong>etiam</strong></span> <span class='ocrx_word' id='word_1_692' title='bbox 764 4510 1416 4578; x_wconf 80' lang='lat' dir='ltr'><strong>emissaeconturbabunt</strong></span> <span class='ocrx_word' id='word_1_693' title='bbox 1459 4535 1574 4576; x_wconf 91' lang='lat' dir='ltr'><strong>eos.</strong></span> <span class='ocrx_word' id='word_1_694' title='bbox 1640 4520 1882 4577; x_wconf 85' lang='lat' dir='ltr'><strong>Meminit</strong></span> <span class='ocrx_word' id='word_1_695' title='bbox 1981 4515 2188 4583; x_wconf 83' lang='lat' dir='ltr'><strong>uitatis,</strong></span> <span class='ocrx_word' id='word_1_696' title='bbox 2223 4515 2451 4586; x_wconf 92' lang='lat' dir='ltr'><strong>populus</strong></span> <span class='ocrx_word' id='word_1_697' title='bbox 2497 4517 2550 4570; x_wconf 94' lang='lat' dir='ltr'><strong>in</strong></span> <span class='ocrx_word' id='word_1_698' title='bbox 2584 4533 2808 4588; x_wconf 81' lang='lat' dir='ltr'><strong>regnum</strong></span> <span class='ocrx_word' id='word_1_699' title='bbox 2839 4527 3101 4576; x_wconf 63' lang='lat' dir='ltr'><strong>aeternum</strong></span> <span class='ocrx_word' id='word_1_700' title='bbox 3141 4523 3347 4578; x_wconf 89' lang='lat' dir='ltr'><strong>electus</strong></span> <span class='ocrx_word' id='word_1_701' title='bbox 3395 4524 3576 4597; x_wconf 84' lang='lat' dir='ltr'><strong>elegit.</strong></span> 
     </span>
    </p>
   </div>
   <div class='ocr_carea' id='block_1_77' title="bbox 273 4609 3578 4687">
    <p class='ocr_par' dir='ltr' id='par_1_77' title="bbox 273 4609 3578 4687">
     <span class='ocr_line' id='line_1_77' title="bbox 273 4609 3578 4687; baseline 0 -15"><span class='ocrx_word' id='word_1_702' title='bbox 273 4617 470 4672; x_wconf 86' lang='lat' dir='ltr'><strong>eadem</strong></span> <span class='ocrx_word' id='word_1_703' title='bbox 499 4630 713 4687; x_wconf 85' lang='lat' dir='ltr'><strong>quoque</strong></span> <span class='ocrx_word' id='word_1_704' title='bbox 739 4615 1020 4686; x_wconf 89' lang='lat' dir='ltr'><strong>pr0phetia</strong></span> <span class='ocrx_word' id='word_1_705' title='bbox 1052 4622 1107 4669; x_wconf 88' lang='lat' dir='ltr'><strong>et</strong></span> <span class='ocrx_word' id='word_1_706' title='bbox 1143 4615 1260 4670; x_wconf 93' lang='lat' dir='ltr'><strong>loco</strong></span> <span class='ocrx_word' id='word_1_707' title='bbox 1291 4613 1396 4668; x_wconf 91' lang='lat' dir='ltr'><strong>alio</strong></span> <span class='ocrx_word' id='word_1_708' title='bbox 1428 4612 1616 4667; x_wconf 89' lang='lat' dir='ltr'><strong>harum</strong></span> <span class='ocrx_word' id='word_1_709' title='bbox 1661 4613 1881 4682; x_wconf 87' lang='lat' dir='ltr'><strong>sagitta-</strong></span> <span class='ocrx_word' id='word_1_710' title='bbox 1910 4621 1959 4682; x_wconf 82' lang='grc' dir='ltr'>ι)</span> <span class='ocrx_word' id='word_1_711' title='bbox 1987 4609 2054 4663; x_wconf 81' lang='lat' dir='ltr'><strong>Et</strong></span> <span class='ocrx_word' id='word_1_712' title='bbox 2075 4611 2285 4665; x_wconf 72' lang='lat' dir='ltr'><strong>dextera</strong></span> <span class='ocrx_word' id='word_1_713' title='bbox 2321 4625 2497 4664; x_wconf 86' lang='lat' dir='ltr'><strong>eorum</strong></span> <span class='ocrx_word' id='word_1_714' title='bbox 2521 4610 2729 4665; x_wconf 76' lang='lat' dir='ltr'><strong>dextera</strong></span> <span class='ocrx_word' id='word_1_715' title='bbox 2774 4611 3071 4681; x_wconf 86' lang='lat' dir='ltr'><strong>iniquitatis.</strong></span> <span class='ocrx_word' id='word_1_716' title='bbox 3120 4613 3304 4684; x_wconf 89' lang='lat' dir='ltr'><strong>Iniqua</strong></span> <span class='ocrx_word' id='word_1_717' title='bbox 3355 4615 3578 4672; x_wconf 69' lang='lat' dir='ltr'><strong>dextera</strong></span> 
     </span>
    </p>
   </div>
   <div class='ocr_carea' id='block_1_78' title="bbox 275 4702 3578 4779">
    <p class='ocr_par' dir='ltr' id='par_1_78' title="bbox 275 4702 3578 4779">
     <span class='ocr_line' id='line_1_78' title="bbox 275 4702 3578 4779; baseline 0.001 -16"><span class='ocrx_word' id='word_1_718' title='bbox 275 4724 397 4764; x_wconf 92' lang='lat' dir='ltr'><strong>rum</strong></span> <span class='ocrx_word' id='word_1_719' title='bbox 431 4727 445 4763; x_wconf 92' lang='lat'><strong>:</strong></span> <span class='ocrx_word' id='word_1_720' title='bbox 482 4708 721 4779; x_wconf 62' lang='lat' dir='ltr'><strong>Sagittae,</strong></span> <span class='ocrx_word' id='word_1_721' title='bbox 754 4707 947 4778; x_wconf 91' lang='lat' dir='ltr'><strong>inquit,</strong></span> <span class='ocrx_word' id='word_1_722' title='bbox 991 4706 1339 4778; x_wconf 88' lang='lat' dir='ltr'><strong>parvulorum</strong></span> <span class='ocrx_word' id='word_1_723' title='bbox 1368 4705 1524 4760; x_wconf 66' lang='lat' dir='ltr'><strong>factae</strong></span> <span class='ocrx_word' id='word_1_724' title='bbox 1549 4713 1677 4760; x_wconf 90' lang='lat' dir='ltr'><strong>sunt</strong></span> <span class='ocrx_word' id='word_1_725' title='bbox 1705 4704 1873 4775; x_wconf 61' lang='lat' dir='ltr'><strong>plagae</strong></span> <span class='ocrx_word' id='word_1_726' title='bbox 1982 4712 2086 4768; x_wconf 91' lang='lat' dir='ltr'><strong>est,</strong></span> <span class='ocrx_word' id='word_1_727' title='bbox 2118 4716 2238 4758; x_wconf 91' lang='lat' dir='ltr'><strong>cum</strong></span> <span class='ocrx_word' id='word_1_728' title='bbox 2269 4702 2462 4771; x_wconf 91' lang='lat' dir='ltr'><strong>palmis</strong></span> <span class='ocrx_word' id='word_1_729' title='bbox 2487 4703 2664 4772; x_wconf 81' lang='lat' dir='ltr'><strong>caedit,</strong></span> <span class='ocrx_word' id='word_1_730' title='bbox 2702 4718 2822 4760; x_wconf 91' lang='lat' dir='ltr'><strong>cum</strong></span> <span class='ocrx_word' id='word_1_731' title='bbox 2854 4705 3020 4776; x_wconf 88' lang='lat' dir='ltr'><strong>virgis</strong></span> <span class='ocrx_word' id='word_1_732' title='bbox 3062 4706 3249 4774; x_wconf 86' lang='lat' dir='ltr'><strong>laniat,</strong></span> <span class='ocrx_word' id='word_1_733' title='bbox 3278 4723 3401 4764; x_wconf 89' lang='lat' dir='ltr'><strong>cum</strong></span> <span class='ocrx_word' id='word_1_734' title='bbox 3430 4710 3578 4766; x_wconf 87' lang='lat' dir='ltr'><strong>cala-</strong></span> 
     </span>
    </p>
   </div>
   <div class='ocr_carea' id='block_1_79' title="bbox 1987 4843 3578 4922">
    <p class='ocr_par' dir='ltr' id='par_1_79' title="bbox 1987 4843 3578 4922">
     <span class='ocr_line' id='line_1_79' title="bbox 1987 4843 3578 4922; baseline 0.007 -24"><span class='ocrx_word' id='word_1_735' title='bbox 1987 4851 2135 4913; x_wconf 90' lang='lat' dir='ltr'><strong>putat</strong></span> <span class='ocrx_word' id='word_1_736' title='bbox 2158 4843 2391 4922; x_wconf 82' lang='lat' dir='ltr'><strong>Hilarius</strong></span> <span class='ocrx_word' id='word_1_737' title='bbox 2413 4845 2771 4922; x_wconf 80' lang='lat' dir='ltr'><strong>demonstrari</strong></span> <span class='ocrx_word' id='word_1_738' title='bbox 2802 4847 3106 4922; x_wconf 88' lang='lat' dir='ltr'><strong>inchoatam</strong></span> <span class='ocrx_word' id='word_1_739' title='bbox 3130 4849 3433 4922; x_wconf 82' lang='lat' dir='ltr'><strong>daemonum</strong></span> <span class='ocrx_word' id='word_1_740' title='bbox 3461 4867 3578 4922; x_wconf 87' lang='lat' dir='ltr'><strong>poc-</strong></span> 
     </span>
    </p>
   </div>
   <div class='ocr_carea' id='block_1_80' title="bbox 1986 4917 3572 4993">
    <p class='ocr_par' dir='ltr' id='par_1_80' title="bbox 1986 4917 3572 4993">
     <span class='ocr_line' id='line_1_80' title="bbox 1986 4917 3572 4993; baseline 0.008 -26"><span class='ocrx_word' id='word_1_741' title='bbox 1986 4929 2130 4993; x_wconf 53' lang='lat' dir='ltr'><strong>rlam,</strong></span> <span class='ocrx_word' id='word_1_742' title='bbox 2163 4917 2515 4993; x_wconf 32' lang='lat' dir='ltr'><strong>qua‘interim</strong></span> <span class='ocrx_word' id='word_1_743' title='bbox 2563 4917 3027 4993; x_wconf 83' lang='lat' dir='ltr'><strong>legitima__eorum</strong></span> <span class='ocrx_word' id='word_1_744' title='bbox 3059 4921 3190 4975; x_wconf 92' lang='lat' dir='ltr'><strong>ultio</strong></span> <span class='ocrx_word' id='word_1_745' title='bbox 3216 4917 3572 4993; x_wconf 59' lang='lat' dir='ltr'><strong>praeparatur.</strong></span> 
     </span>
    </p>
   </div>
   <div class='ocr_carea' id='block_1_81' title="bbox 1987 4985 3571 5065">
    <p class='ocr_par' dir='ltr' id='par_1_81' title="bbox 1987 4985 3571 5065">
     <span class='ocr_line' id='line_1_81' title="bbox 1987 4985 3571 5065; baseline 0.006 -25"><span class='ocrx_word' id='word_1_746' title='bbox 1987 4985 2193 5065; x_wconf 52' lang='lat' dir='ltr'><strong>Fumus:</strong></span> <span class='ocrx_word' id='word_1_747' title='bbox 2205 4988 2340 5042; x_wconf 86' lang='lat' dir='ltr'><strong>enim</strong></span> <span class='ocrx_word' id='word_1_748' title='bbox 2355 4989 2560 5042; x_wconf 85' lang='lat' dir='ltr'><strong>interim</strong></span> <span class='ocrx_word' id='word_1_749' title='bbox 2581 4985 2750 5065; x_wconf 72' lang='lat' dir='ltr'><strong>arsuri</strong></span> <span class='ocrx_word' id='word_1_750' title='bbox 2770 4989 3060 5060; x_wconf 87' lang='lat' dir='ltr'><strong>aliquando</strong></span> <span class='ocrx_word' id='word_1_751' title='bbox 3072 4993 3206 5062; x_wconf 87' lang='lat' dir='ltr'><strong>ignis</strong></span> <span class='ocrx_word' id='word_1_752' title='bbox 3218 4985 3571 5065; x_wconf 66' lang='lat' dir='ltr'><strong>praeparatur,</strong></span> 
     </span>
    </p>
   </div>
   <div class='ocr_carea' id='block_1_82' title="bbox 1979 5056 2690 5128">
    <p class='ocr_par' dir='ltr' id='par_1_82' title="bbox 1979 5056 2690 5128">
     <span class='ocr_line' id='line_1_82' title="bbox 1979 5056 2690 5128; baseline 0.004 -17"><span class='ocrx_word' id='word_1_753' title='bbox 1979 5056 2152 5126; x_wconf 91' lang='lat' dir='ltr'><strong>inquit</strong></span> <span class='ocrx_word' id='word_1_754' title='bbox 2181 5060 2232 5112; x_wconf 93' lang='lat' dir='ltr'><strong>in</strong></span> <span class='ocrx_word' id='word_1_755' title='bbox 2262 5073 2344 5128; x_wconf 88' lang='lat' dir='ltr'><strong>ps.</strong></span> <span class='ocrx_word' id='word_1_756' title='bbox 2381 5075 2522 5126; x_wconf 74' lang='lat' dir='ltr'><strong>utv,</strong></span> <span class='ocrx_word' id='word_1_757' title='bbox 2553 5077 2605 5114; x_wconf 92' lang='lat' dir='ltr'><strong>n.</strong></span> <span class='ocrx_word' id='word_1_758' title='bbox 2637 5058 2690 5114; x_wconf 90' lang='lat'><strong>9.</strong></span> 
     </span>
    </p>
   </div>
   <div class='ocr_carea' id='block_1_83' title="bbox 2053 5128 3568 5204">
    <p class='ocr_par' dir='ltr' id='par_1_83' title="bbox 2053 5128 3568 5204">
     <span class='ocr_line' id='line_1_83' title="bbox 2053 5128 3568 5204; baseline 0.009 -24"><span class='ocrx_word' id='word_1_759' title='bbox 2053 5130 2134 5198; x_wconf 86' lang='lat' dir='ltr'><strong>(d)</strong></span> <span class='ocrx_word' id='word_1_760' title='bbox 2157 5128 2216 5204; x_wconf 75' lang='lat' dir='ltr'><strong>lp</strong></span> <span class='ocrx_word' id='word_1_761' title='bbox 2259 5146 2363 5204; x_wconf 85' lang='lat' dir='ltr'><strong>ms.</strong></span> <span class='ocrx_word' id='word_1_762' title='bbox 2391 5141 2666 5204; x_wconf 81' lang='lat' dir='ltr'><strong>coruscam</strong></span> <span class='ocrx_word' id='word_1_763' title='bbox 2703 5132 3052 5204; x_wconf 86' lang='lat' dir='ltr'><strong>coruscatione</strong></span> <span class='ocrx_word' id='word_1_764' title='bbox 3077 5150 3095 5188; x_wconf 90' lang='lat'><strong><em>:</em></strong></span> <span class='ocrx_word' id='word_1_765' title='bbox 3126 5135 3269 5204; x_wconf 88' lang='lat' dir='ltr'><strong>quod</strong></span> <span class='ocrx_word' id='word_1_766' title='bbox 3285 5136 3352 5192; x_wconf 91' lang='lat' dir='ltr'><strong>ad</strong></span> <span class='ocrx_word' id='word_1_767' title='bbox 3383 5135 3568 5193; x_wconf 87' lang='lat' dir='ltr'><strong>Chris-</strong></span> 
     </span>
    </p>
   </div>
   <div class='ocr_carea' id='block_1_84' title="bbox 1981 5200 3572 5276">
    <p class='ocr_par' dir='ltr' id='par_1_84' title="bbox 1981 5200 3572 5276">
     <span class='ocr_line' id='line_1_84' title="bbox 1981 5200 3572 5276; baseline 0.009 -27"><span class='ocrx_word' id='word_1_768' title='bbox 1981 5205 2092 5276; x_wconf 69' lang='lat' dir='ltr'><strong>tum</strong></span> <span class='ocrx_word' id='word_1_769' title='bbox 2110 5200 2491 5276; x_wconf 82' lang='lat' dir='ltr'><strong>referriqueat,</strong></span> <span class='ocrx_word' id='word_1_770' title='bbox 2514 5201 2612 5256; x_wconf 89' lang='lat' dir='ltr'><strong>hac</strong></span> <span class='ocrx_word' id='word_1_771' title='bbox 2627 5203 2876 5276; x_wconf 73' lang='lat' dir='ltr'><strong>nimirum</strong></span> <span class='ocrx_word' id='word_1_772' title='bbox 2897 5200 3245 5275; x_wconf 83' lang='lat' dir='ltr'><strong>intelligentia</strong></span> <span class='ocrx_word' id='word_1_773' title='bbox 3262 5224 3276 5262; x_wconf 74' lang='grc' dir='ltr'>ε</span> <span class='ocrx_word' id='word_1_774' title='bbox 3297 5208 3396 5276; x_wconf 87' lang='lat' dir='ltr'><strong>Qui</strong></span> <span class='ocrx_word' id='word_1_775' title='bbox 3411 5209 3572 5264; x_wconf 92' lang='lat' dir='ltr'><strong>modo</strong></span> 
     </span>
    </p>
   </div>
   <div class='ocr_carea' id='block_1_85' title="bbox 1983 5268 3570 5350">
    <p class='ocr_par' dir='ltr' id='par_1_85' title="bbox 1983 5268 3570 5350">
     <span class='ocr_line' id='line_1_85' title="bbox 1983 5268 3570 5350; baseline 0.008 -29"><span class='ocrx_word' id='word_1_776' title='bbox 1983 5268 2177 5350; x_wconf 65' lang='lat' dir='ltr'><strong>lumeu</strong></span> <span class='ocrx_word' id='word_1_777' title='bbox 2211 5268 2594 5350; x_wconf 68' lang='lat' dir='ltr'><strong>apoétolorum</strong></span> <span class='ocrx_word' id='word_1_778' title='bbox 2618 5287 2724 5350; x_wconf 80' lang='lat' dir='ltr'><strong>non</strong></span> <span class='ocrx_word' id='word_1_779' title='bbox 2756 5271 2934 5350; x_wconf 78' lang='lat' dir='ltr'><strong>ferunt</strong></span> <span class='ocrx_word' id='word_1_780' title='bbox 2959 5317 2972 5339; x_wconf 94' lang='lat'><strong>,</strong></span> <span class='ocrx_word' id='word_1_781' title='bbox 3015 5268 3218 5350; x_wconf 76' lang='lat' dir='ltr'><strong>quanto</strong></span> <span class='ocrx_word' id='word_1_782' title='bbox 3246 5268 3416 5350; x_wconf 65' lang='lat' dir='ltr'><strong>magis</strong></span> <span class='ocrx_word' id='word_1_783' title='bbox 3443 5289 3570 5334; x_wconf 89' lang='lat' dir='ltr'><strong>tunc</strong></span> 
     </span>
    </p>
   </div>
   <div class='ocr_carea' id='block_1_86' title="bbox 1981 5339 3064 5414">
    <p class='ocr_par' dir='ltr' id='par_1_86' title="bbox 1981 5339 3064 5414">
     <span class='ocr_line' id='line_1_86' title="bbox 1981 5339 3064 5414; baseline 0.006 -18"><span class='ocrx_word' id='word_1_784' title='bbox 1981 5339 2202 5414; x_wconf 77' lang='lat' dir='ltr'><strong>Christi,</strong></span> <span class='ocrx_word' id='word_1_785' title='bbox 2227 5339 2349 5397; x_wconf 80' lang='lat' dir='ltr'><strong>cum</strong></span> <span class='ocrx_word' id='word_1_786' title='bbox 2379 5343 2657 5414; x_wconf 89' lang='lat' dir='ltr'><strong>apparebit</strong></span> <span class='ocrx_word' id='word_1_787' title='bbox 2682 5343 2820 5398; x_wconf 89' lang='lat' dir='ltr'><strong>sicut</strong></span> <span class='ocrx_word' id='word_1_788' title='bbox 2848 5339 3064 5413; x_wconf 73' lang='lat' dir='ltr'><strong>fulgur&quot;?</strong></span> 
     </span>
    </p>
   </div>
   <div class='ocr_carea' id='block_1_87' title="bbox 2056 5411 3570 5485">
    <p class='ocr_par' dir='ltr' id='par_1_87' title="bbox 2056 5411 3570 5485">
     <span class='ocr_line' id='line_1_87' title="bbox 2056 5411 3570 5485; baseline 0.005 -19"><span class='ocrx_word' id='word_1_789' title='bbox 2056 5411 2125 5482; x_wconf 79' lang='grc' dir='ltr'>(ε)</span> <span class='ocrx_word' id='word_1_790' title='bbox 2161 5411 2216 5467; x_wconf 89' lang='lat' dir='ltr'><strong>In</strong></span> <span class='ocrx_word' id='word_1_791' title='bbox 2239 5411 2490 5483; x_wconf 81' lang='lat' dir='ltr'><strong>vulgatis,</strong></span> <span class='ocrx_word' id='word_1_792' title='bbox 2517 5413 2787 5485; x_wconf 86' lang='lat' dir='ltr'><strong>disperget.</strong></span> <span class='ocrx_word' id='word_1_793' title='bbox 2813 5411 3158 5475; x_wconf 63' lang='lat' dir='ltr'><strong>Praelerimus</strong></span> <span class='ocrx_word' id='word_1_794' title='bbox 3182 5435 3302 5476; x_wconf 91' lang='lat' dir='ltr'><strong>cum</strong></span> <span class='ocrx_word' id='word_1_795' title='bbox 3330 5434 3430 5476; x_wconf 91' lang='lat' dir='ltr'><strong>ms.</strong></span> <span class='ocrx_word' id='word_1_796' title='bbox 3459 5420 3570 5474; x_wconf 86' lang='lat' dir='ltr'><strong>dis-</strong></span> 
     </span>
    </p>
   </div>
   <div class='ocr_carea' id='block_1_88' title="bbox 1980 5485 3567 5559">
    <p class='ocr_par' dir='ltr' id='par_1_88' title="bbox 1980 5485 3567 5559">
     <span class='ocr_line' id='line_1_88' title="bbox 1980 5485 3567 5559; baseline 0.006 -22"><span class='ocrx_word' id='word_1_797' title='bbox 1980 5485 2169 5559; x_wconf 79' lang='lat' dir='ltr'><strong>pergit,</strong></span> <span class='ocrx_word' id='word_1_798' title='bbox 2214 5486 2337 5559; x_wconf 72' lang='lat' dir='ltr'><strong>quia</strong></span> <span class='ocrx_word' id='word_1_799' title='bbox 2366 5499 2556 5559; x_wconf 80' lang='lat' dir='ltr'><strong>sermo</strong></span> <span class='ocrx_word' id='word_1_800' title='bbox 2603 5494 2685 5540; x_wconf 90' lang='lat' dir='ltr'><strong>est</strong></span> <span class='ocrx_word' id='word_1_801' title='bbox 2714 5485 2780 5559; x_wconf 90' lang='lat' dir='ltr'><strong>de</strong></span> <span class='ocrx_word' id='word_1_802' title='bbox 2809 5501 2874 5542; x_wconf 87' lang='lat' dir='ltr'><strong>eo</strong></span> <span class='ocrx_word' id='word_1_803' title='bbox 2912 5489 3054 5559; x_wconf 89' lang='lat' dir='ltr'><strong>quod</strong></span> <span class='ocrx_word' id='word_1_804' title='bbox 3097 5507 3239 5549; x_wconf 87' lang='lat' dir='ltr'><strong>nunc</strong></span> <span class='ocrx_word' id='word_1_805' title='bbox 3271 5491 3329 5547; x_wconf 86' lang='lat' dir='ltr'><strong>ﬁt</strong></span> <span class='ocrx_word' id='word_1_806' title='bbox 3349 5531 3364 5558; x_wconf 93' lang='lat'><strong>,</strong></span> <span class='ocrx_word' id='word_1_807' title='bbox 3395 5490 3567 5546; x_wconf 89' lang='lat' dir='ltr'><strong>donec</strong></span> 
     </span>
    </p>
   </div>
   <div class='ocr_carea' id='block_1_89' title="bbox 1971 5555 2799 5612">
    <p class='ocr_par' dir='ltr' id='par_1_89' title="bbox 1971 5555 2799 5612">
     <span class='ocr_line' id='line_1_89' title="bbox 1971 5555 2799 5612; baseline 0.001 -3"><span class='ocrx_word' id='word_1_808' title='bbox 1971 5555 2449 5611; x_wconf 34' lang='lat' dir='ltr'><strong>succedat’Christi</strong></span> <span class='ocrx_word' id='word_1_809' title='bbox 2480 5558 2799 5612; x_wconf 89' lang='lat' dir='ltr'><strong>coruscatio.</strong></span> 
     </span>
    </p>
   </div>
   <div class='ocr_carea' id='block_1_90' title="bbox 2047 5626 3563 5704">
    <p class='ocr_par' dir='ltr' id='par_1_90' title="bbox 2047 5626 3563 5704">
     <span class='ocr_line' id='line_1_90' title="bbox 2047 5626 3563 5704; baseline 0.003 -21"><span class='ocrx_word' id='word_1_810' title='bbox 2047 5626 2115 5704; x_wconf 84' lang='lat' dir='ltr'><strong>(f_)</strong></span> <span class='ocrx_word' id='word_1_811' title='bbox 2143 5626 2273 5704; x_wconf 79' lang='lat' dir='ltr'><strong>cum</strong></span> <span class='ocrx_word' id='word_1_812' title='bbox 2300 5626 2530 5682; x_wconf 82' lang='lat' dir='ltr'><strong>videlicet</strong></span> <span class='ocrx_word' id='word_1_813' title='bbox 2555 5628 2624 5704; x_wconf 75' lang='lat' dir='ltr'><strong>ad</strong></span> <span class='ocrx_word' id='word_1_814' title='bbox 2643 5629 2806 5704; x_wconf 83' lang='lat' dir='ltr'><strong>solam</strong></span> <span class='ocrx_word' id='word_1_815' title='bbox 2831 5632 2910 5686; x_wconf 85' lang='lat' dir='ltr'><strong>sui</strong></span> <span class='ocrx_word' id='word_1_816' title='bbox 2936 5633 3264 5690; x_wconf 87' lang='lat' dir='ltr'><strong>abolitionem</strong></span> <span class='ocrx_word' id='word_1_817' title='bbox 3312 5649 3472 5704; x_wconf 78' lang='lat' dir='ltr'><strong>usque</strong></span> <span class='ocrx_word' id='word_1_818' title='bbox 3494 5633 3563 5688; x_wconf 84' lang='lat' dir='ltr'><strong>ad</strong></span> 
     </span>
    </p>
   </div>
   <div class='ocr_carea' id='block_1_91' title="bbox 1973 5699 3357 5772">
    <p class='ocr_par' dir='ltr' id='par_1_91' title="bbox 1973 5699 3357 5772">
     <span class='ocr_line' id='line_1_91' title="bbox 1973 5699 3357 5772; baseline 0.004 -20"><span class='ocrx_word' id='word_1_819' title='bbox 1973 5701 2141 5772; x_wconf 83' lang='lat' dir='ltr'><strong>maria</strong></span> <span class='ocrx_word' id='word_1_820' title='bbox 2153 5701 2490 5772; x_wconf 50' lang='lat' dir='ltr'><strong>deferantur,</strong></span> <span class='ocrx_word' id='word_1_821' title='bbox 2516 5709 2573 5772; x_wconf 88' lang='lat' dir='ltr'><strong>ut</strong></span> <span class='ocrx_word' id='word_1_822' title='bbox 2603 5699 2764 5772; x_wconf 84' lang='lat' dir='ltr'><strong>habet</strong></span> <span class='ocrx_word' id='word_1_823' title='bbox 2784 5709 2938 5757; x_wconf 88' lang='lat' dir='ltr'><strong>tract.</strong></span> <span class='ocrx_word' id='word_1_824' title='bbox 2972 5720 3049 5772; x_wconf 91' lang='lat' dir='ltr'><strong>ps.</strong></span> <span class='ocrx_word' id='word_1_825' title='bbox 3076 5719 3202 5768; x_wconf 81' lang='lat' dir='ltr'><strong>Lvn,</strong></span> <span class='ocrx_word' id='word_1_826' title='bbox 3227 5721 3280 5759; x_wconf 92' lang='lat' dir='ltr'><strong>n.</strong></span> <span class='ocrx_word' id='word_1_827' title='bbox 3302 5702 3357 5757; x_wconf 75' lang='grc'><strong>4.</strong></span> 
     </span>
    </p>
   </div>
   <div class='ocr_carea' id='block_1_92' title="bbox 2047 5768 3288 5845">
    <p class='ocr_par' dir='ltr' id='par_1_92' title="bbox 2047 5768 3288 5845">
     <span class='ocr_line' id='line_1_92' title="bbox 2047 5768 3288 5845; baseline 0.004 -21"><span class='ocrx_word' id='word_1_828' title='bbox 2047 5769 2124 5842; x_wconf 86' lang='lat' dir='ltr'><strong>(g)</strong></span> <span class='ocrx_word' id='word_1_829' title='bbox 2153 5768 2361 5826; x_wconf 28' lang='lat' dir='ltr'><strong>Ita‘tns.</strong></span> <span class='ocrx_word' id='word_1_830' title='bbox 2385 5768 2442 5823; x_wconf 89' lang='lat' dir='ltr'><strong>In</strong></span> <span class='ocrx_word' id='word_1_831' title='bbox 2472 5771 2702 5842; x_wconf 89' lang='lat' dir='ltr'><strong>vulgatis</strong></span> <span class='ocrx_word' id='word_1_832' title='bbox 2729 5781 2928 5839; x_wconf 80' lang='lat' dir='ltr'><strong>autem,</strong></span> <span class='ocrx_word' id='word_1_833' title='bbox 2956 5768 3288 5845; x_wconf 80' lang='lat' dir='ltr'><strong>confusionis.</strong></span> 
     </span>
    </p>
   </div>
   <div class='ocr_carea' id='block_1_93' title="bbox 353 4842 1883 4926">
    <p class='ocr_par' dir='ltr' id='par_1_93' title="bbox 353 4842 1883 4926">
     <span class='ocr_line' id='line_1_93' title="bbox 353 4842 1883 4926; baseline -0.005 -21"><span class='ocrx_word' id='word_1_834' title='bbox 353 4850 430 4922; x_wconf 90' lang='lat' dir='ltr'><strong>(a)</strong></span> <span class='ocrx_word' id='word_1_835' title='bbox 466 4849 735 4926; x_wconf 77' lang='lat' dir='ltr'><strong>Particulo</strong></span> <span class='ocrx_word' id='word_1_836' title='bbox 758 4865 874 4903; x_wconf 90' lang='lat' dir='ltr'><strong>cum</strong></span> <span class='ocrx_word' id='word_1_837' title='bbox 903 4846 1118 4926; x_wconf 86' lang='lat' dir='ltr'><strong>hic_non</strong></span> <span class='ocrx_word' id='word_1_838' title='bbox 1144 4846 1559 4926; x_wconf 75' lang='lat' dir='ltr'><strong>conjunctionis.</strong></span> <span class='ocrx_word' id='word_1_839' title='bbox 1579 4844 1725 4926; x_wconf 81' lang='lat' dir='ltr'><strong>_utin</strong></span> <span class='ocrx_word' id='word_1_840' title='bbox 1765 4842 1883 4926; x_wconf 67' lang='grc' dir='ltr'><strong>γρι-</strong></span> 
     </span>
    </p>
   </div>
   <div class='ocr_carea' id='block_1_94' title="bbox 275 4916 1879 4993">
    <p class='ocr_par' dir='ltr' id='par_1_94' title="bbox 275 4916 1879 4993">
     <span class='ocr_line' id='line_1_94' title="bbox 275 4916 1879 4993; baseline -0.003 -20"><span class='ocrx_word' id='word_1_841' title='bbox 275 4916 421 4993; x_wconf 66' lang='grc' dir='ltr'><strong>εςιιῖέ</strong></span> <span class='ocrx_word' id='word_1_842' title='bbox 448 4920 872 4993; x_wconf 83' lang='lat' dir='ltr'><strong>exprimebatur,</strong></span> <span class='ocrx_word' id='word_1_843' title='bbox 917 4918 1011 4993; x_wconf 74' lang='lat' dir='ltr'><strong>sed</strong></span> <span class='ocrx_word' id='word_1_844' title='bbox 1056 4918 1450 4993; x_wconf 72' lang='lat' dir='ltr'><strong>prmpositionis</strong></span> <span class='ocrx_word' id='word_1_845' title='bbox 1510 4916 1671 4971; x_wconf 87' lang='lat' dir='ltr'><strong>habet</strong></span> <span class='ocrx_word' id='word_1_846' title='bbox 1715 4916 1879 4969; x_wconf 84' lang='lat' dir='ltr'><strong>ratio-</strong></span> 
     </span>
    </p>
   </div>
   <div class='ocr_carea' id='block_1_95' title="bbox 273 4989 1879 5062">
    <p class='ocr_par' dir='ltr' id='par_1_95' title="bbox 273 4989 1879 5062">
     <span class='ocr_line' id='line_1_95' title="bbox 273 4989 1879 5062; baseline -0.005 -14"><span class='ocrx_word' id='word_1_847' title='bbox 273 4989 427 5057; x_wconf 69' lang='lat' dir='ltr'><strong>nem,</strong></span> <span class='ocrx_word' id='word_1_848' title='bbox 453 4989 606 5062; x_wconf 85' lang='lat' dir='ltr'><strong>quasi</strong></span> <span class='ocrx_word' id='word_1_849' title='bbox 650 5008 753 5045; x_wconf 87' lang='lat' dir='ltr'><strong>una</strong></span> <span class='ocrx_word' id='word_1_850' title='bbox 788 5007 906 5045; x_wconf 88' lang='lat' dir='ltr'><strong>cum</strong></span> <span class='ocrx_word' id='word_1_851' title='bbox 949 4989 1149 5044; x_wconf 81' lang='lat' dir='ltr'><strong>Christo</strong></span> <span class='ocrx_word' id='word_1_852' title='bbox 1176 4989 1530 5054; x_wconf 86' lang='lat' dir='ltr'><strong>descendente,</strong></span> <span class='ocrx_word' id='word_1_853' title='bbox 1567 5001 1723 5042; x_wconf 90' lang='lat' dir='ltr'><strong>secus</strong></span> <span class='ocrx_word' id='word_1_854' title='bbox 1749 5000 1879 5041; x_wconf 86' lang='lat' dir='ltr'><strong>vero</strong></span> 
     </span>
    </p>
   </div>
   <div class='ocr_carea' id='block_1_96' title="bbox 273 5064 555 5119">
    <p class='ocr_par' dir='ltr' id='par_1_96' title="bbox 273 5064 555 5119">
     <span class='ocr_line' id='line_1_96' title="bbox 273 5064 555 5119; baseline -0.011 0"><span class='ocrx_word' id='word_1_855' title='bbox 273 5064 555 5119; x_wconf 76' lang='lat' dir='ltr'><strong>deinceps.</strong></span> 
     </span>
    </p>
   </div>
   <div class='ocr_carea' id='block_1_97' title="bbox 353 5078 1877 5211">
    <p class='ocr_par' dir='ltr' id='par_1_97' title="bbox 353 5078 1877 5211">
     <span class='ocr_line' id='line_1_97' title="bbox 353 5078 1877 5211; baseline -0.004 -23"><span class='ocrx_word' id='word_1_856' title='bbox 633 5133 886 5190; x_wconf 89' lang='lat' dir='ltr'><strong>nimirum</strong></span> <span class='ocrx_word' id='word_1_857' title='bbox 931 5135 1004 5187; x_wconf 90' lang='lat' dir='ltr'><strong>ita</strong></span> <span class='ocrx_word' id='word_1_858' title='bbox 1046 5132 1248 5211; x_wconf 74' lang='lat' dir='ltr'><strong>la_te_b_at</strong></span> <span class='ocrx_word' id='word_1_859' title='bbox 1282 5129 1454 5185; x_wconf 83' lang='lat' dir='ltr'><strong>forma</strong></span> <span class='ocrx_word' id='word_1_860' title='bbox 1483 5129 1684 5211; x_wconf 36' lang='lat' dir='ltr'><strong>Deihut</strong></span> <span class='ocrx_word' id='word_1_861' title='bbox 1707 5128 1877 5211; x_wconf 78' lang='lat' dir='ltr'><strong>oculis</strong></span> 
     </span>
    </p>
   </div>
   <div class='ocr_carea' id='block_1_98' title="bbox 275 5199 1878 5282">
    <p class='ocr_par' dir='ltr' id='par_1_98' title="bbox 275 5199 1878 5282">
     <span class='ocr_line' id='line_1_98' title="bbox 275 5199 1878 5282; baseline -0.006 -20"><span class='ocrx_word' id='word_1_862' title='bbox 275 5199 589 5262; x_wconf 75' lang='lat' dir='ltr'><strong>carnalibus</strong></span> <span class='ocrx_word' id='word_1_863' title='bbox 620 5222 724 5260; x_wconf 87' lang='lat' dir='ltr'><strong>non</strong></span> <span class='ocrx_word' id='word_1_864' title='bbox 746 5204 1152 5282; x_wconf 62' lang='lat' dir='ltr'><strong>apparerctnisi</strong></span> <span class='ocrx_word' id='word_1_865' title='bbox 1168 5199 1692 5282; x_wconf 39' lang='grc' dir='ltr'><strong>⁸[οιπεῐιειβθςςῖί.,Βίης</strong></span> <span class='ocrx_word' id='word_1_866' title='bbox 1719 5199 1878 5282; x_wconf 77' lang='lat' dir='ltr'><strong>intel-</strong></span> 
     </span>
    </p>
   </div>
   <div class='ocr_carea' id='block_1_99' title="bbox 275 5270 1872 5353">
    <p class='ocr_par' dir='ltr' id='par_1_99' title="bbox 275 5270 1872 5353">
     <span class='ocr_line' id='line_1_99' title="bbox 275 5270 1872 5353; baseline -0.004 -20"><span class='ocrx_word' id='word_1_867' title='bbox 275 5278 450 5348; x_wconf 83' lang='lat' dir='ltr'><strong>ligere</strong></span> <span class='ocrx_word' id='word_1_868' title='bbox 472 5286 556 5332; x_wconf 87' lang='lat' dir='ltr'><strong>est</strong></span> <span class='ocrx_word' id='word_1_869' title='bbox 583 5270 1130 5353; x_wconf 56' lang='lat' dir='ltr'><strong>quomo&#39;dopluribus</strong></span> <span class='ocrx_word' id='word_1_870' title='bbox 1167 5275 1219 5353; x_wconf 84' lang='lat' dir='ltr'><strong>in</strong></span> <span class='ocrx_word' id='word_1_871' title='bbox 1265 5273 1398 5327; x_wconf 91' lang='lat' dir='ltr'><strong>locis</strong></span> <span class='ocrx_word' id='word_1_872' title='bbox 1426 5270 1674 5353; x_wconf 65' lang='lat' dir='ltr'><strong>Christus</strong></span> <span class='ocrx_word' id='word_1_873' title='bbox 1704 5272 1872 5353; x_wconf 78' lang='lat' dir='ltr'><strong>gloria</strong></span> 
     </span>
    </p>
   </div>
   <div class='ocr_carea' id='block_1_100' title="bbox 273 5342 1872 5414">
    <p class='ocr_par' dir='ltr' id='par_1_100' title="bbox 273 5342 1872 5414">
     <span class='ocr_line' id='line_1_100' title="bbox 273 5342 1872 5414; baseline -0.005 -10"><span class='ocrx_word' id='word_1_874' title='bbox 273 5342 533 5412; x_wconf 72' lang='lat' dir='ltr'><strong>donatus,</strong></span> <span class='ocrx_word' id='word_1_875' title='bbox 567 5342 714 5404; x_wconf 80' lang='lat' dir='ltr'><strong>salva</strong></span> <span class='ocrx_word' id='word_1_876' title='bbox 739 5342 917 5404; x_wconf 83' lang='lat' dir='ltr'><strong>carnis</strong></span> <span class='ocrx_word' id='word_1_877' title='bbox 947 5345 1269 5412; x_wconf 89' lang='lat' dir='ltr'><strong>substantia,</strong></span> <span class='ocrx_word' id='word_1_878' title='bbox 1298 5342 1621 5414; x_wconf 82' lang='lat' dir='ltr'><strong>praedicetur</strong></span> <span class='ocrx_word' id='word_1_879' title='bbox 1653 5342 1794 5397; x_wconf 87' lang='lat' dir='ltr'><strong>tctus</strong></span> <span class='ocrx_word' id='word_1_880' title='bbox 1819 5344 1872 5397; x_wconf 91' lang='lat' dir='ltr'><strong>in</strong></span> 
     </span>
    </p>
   </div>
   <div class='ocr_carea' id='block_1_101' title="bbox 272 5421 599 5478">
    <p class='ocr_par' dir='ltr' id='par_1_101' title="bbox 272 5421 599 5478">
     <span class='ocr_line' id='line_1_101' title="bbox 272 5421 599 5478; baseline -0.012 0"><span class='ocrx_word' id='word_1_881' title='bbox 272 5421 449 5478; x_wconf 78' lang='lat' dir='ltr'><strong>forma</strong></span> <span class='ocrx_word' id='word_1_882' title='bbox 485 5421 599 5476; x_wconf 90' lang='lat' dir='ltr'><strong>Dei.</strong></span> 
     </span>
    </p>
   </div>
   <div class='ocr_carea' id='block_1_102' title="bbox 349 5482 1864 5565">
    <p class='ocr_par' dir='ltr' id='par_1_102' title="bbox 349 5482 1864 5565">
     <span class='ocr_line' id='line_1_102' title="bbox 349 5482 1864 5565; baseline -0.005 -19"><span class='ocrx_word' id='word_1_883' title='bbox 349 5491 422 5565; x_wconf 89' lang='lat' dir='ltr'><strong>(c)</strong></span> <span class='ocrx_word' id='word_1_884' title='bbox 452 5491 732 5565; x_wconf 68' lang='lat' dir='ltr'><strong>Postrema</strong></span> <span class='ocrx_word' id='word_1_885' title='bbox 757 5489 921 5545; x_wconf 90' lang='lat' dir='ltr'><strong>editio</strong></span> <span class='ocrx_word' id='word_1_886' title='bbox 950 5489 1070 5565; x_wconf 67' lang='lat' dir='ltr'><strong>Par.</strong></span> <span class='ocrx_word' id='word_1_887' title='bbox 1097 5489 1347 5565; x_wconf 72' lang='lat' dir='ltr'><strong>prmtulit,</strong></span> <span class='ocrx_word' id='word_1_888' title='bbox 1377 5485 1517 5556; x_wconf 88' lang='lat' dir='ltr'><strong>quod</strong></span> <span class='ocrx_word' id='word_1_889' title='bbox 1539 5482 1864 5565; x_wconf 34' lang='lat' dir='ltr'><strong>apudDadN</strong></span> 
     </span>
    </p>
   </div>
   <div class='ocr_carea' id='block_1_103' title="bbox 274 5554 1863 5632">
    <p class='ocr_par' dir='ltr' id='par_1_103' title="bbox 274 5554 1863 5632">
     <span class='ocr_line' id='line_1_103' title="bbox 274 5554 1863 5632; baseline -0.007 -12"><span class='ocrx_word' id='word_1_890' title='bbox 274 5554 373 5620; x_wconf 51' lang='lat' dir='ltr'><strong>Er‘.</strong></span> <span class='ocrx_word' id='word_1_891' title='bbox 402 5554 454 5618; x_wconf 76' lang='lat' dir='ltr'><strong>et</strong></span> <span class='ocrx_word' id='word_1_892' title='bbox 483 5563 654 5630; x_wconf 85' lang='lat' dir='ltr'><strong>Lips.:</strong></span> <span class='ocrx_word' id='word_1_893' title='bbox 691 5571 994 5632; x_wconf 80' lang='lat' dir='ltr'><strong>cumtamen</strong></span> <span class='ocrx_word' id='word_1_894' title='bbox 1015 5561 1071 5614; x_wconf 86' lang='lat' dir='ltr'><strong>id</strong></span> <span class='ocrx_word' id='word_1_895' title='bbox 1099 5554 1235 5632; x_wconf 82' lang='lat' dir='ltr'><strong>quod</strong></span> <span class='ocrx_word' id='word_1_896' title='bbox 1257 5554 1418 5627; x_wconf 75' lang='lat' dir='ltr'><strong>fumat</strong></span> <span class='ocrx_word' id='word_1_897' title='bbox 1439 5554 1640 5632; x_wconf 74' lang='lat' dir='ltr'><strong>uratur,</strong></span> <span class='ocrx_word' id='word_1_898' title='bbox 1663 5554 1863 5621; x_wconf 86' lang='lat' dir='ltr'><strong>deinde,</strong></span> 
     </span>
    </p>
   </div>
   <div class='ocr_carea' id='block_1_104' title="bbox 274 5629 1867 5704">
    <p class='ocr_par' dir='ltr' id='par_1_104' title="bbox 274 5629 1867 5704">
     <span class='ocr_line' id='line_1_104' title="bbox 274 5629 1867 5704; baseline -0.006 -16"><span class='ocrx_word' id='word_1_899' title='bbox 274 5645 384 5689; x_wconf 84' lang='lat' dir='ltr'><strong>etc.</strong></span> <span class='ocrx_word' id='word_1_900' title='bbox 429 5629 597 5688; x_wconf 73' lang='lat' dir='ltr'><strong>Nobis</strong></span> <span class='ocrx_word' id='word_1_901' title='bbox 637 5634 809 5703; x_wconf 88' lang='lat' dir='ltr'><strong>magis</strong></span> <span class='ocrx_word' id='word_1_902' title='bbox 846 5629 1312 5704; x_wconf 13' lang='lat' dir='ltr'><strong>probaturilectio</strong></span> <span class='ocrx_word' id='word_1_903' title='bbox 1344 5647 1446 5704; x_wconf 87' lang='lat' dir='ltr'><strong>ms.</strong></span> <span class='ocrx_word' id='word_1_904' title='bbox 1489 5629 1592 5704; x_wconf 81' lang='lat' dir='ltr'><strong>hoc</strong></span> <span class='ocrx_word' id='word_1_905' title='bbox 1620 5637 1724 5690; x_wconf 90' lang='lat' dir='ltr'><strong>est,</strong></span> <span class='ocrx_word' id='word_1_906' title='bbox 1747 5639 1867 5680; x_wconf 90' lang='lat' dir='ltr'><strong>cum</strong></span> 
     </span>
    </p>
   </div>
   <div class='ocr_carea' id='block_1_105' title="bbox 271 5701 1870 5782">
    <p class='ocr_par' dir='ltr' id='par_1_105' title="bbox 271 5701 1870 5782">
     <span class='ocr_line' id='line_1_105' title="bbox 271 5701 1870 5782; baseline -0.006 -21"><span class='ocrx_word' id='word_1_907' title='bbox 271 5705 461 5761; x_wconf 76' lang='lat' dir='ltr'><strong>fumus</strong></span> <span class='ocrx_word' id='word_1_908' title='bbox 478 5706 712 5782; x_wconf 84' lang='lat' dir='ltr'><strong>_ustio_nis</strong></span> <span class='ocrx_word' id='word_1_909' title='bbox 732 5701 898 5760; x_wconf 81' lang='lat' dir='ltr'><strong>iudex</strong></span> <span class='ocrx_word' id='word_1_910' title='bbox 923 5705 1014 5759; x_wconf 90' lang='lat' dir='ltr'><strong>sit.</strong></span> <span class='ocrx_word' id='word_1_911' title='bbox 1040 5702 1172 5768; x_wconf 86' lang='lat' dir='ltr'><strong>Quia</strong></span> <span class='ocrx_word' id='word_1_912' title='bbox 1194 5713 1373 5782; x_wconf 75' lang='lat' dir='ltr'><strong>autem</strong></span> <span class='ocrx_word' id='word_1_913' title='bbox 1391 5701 1698 5782; x_wconf 59' lang='lat' dir='ltr'><strong>igniscum</strong></span> <span class='ocrx_word' id='word_1_914' title='bbox 1715 5712 1870 5782; x_wconf 71' lang='lat' dir='ltr'><strong>para-</strong></span> 
     </span>
    </p>
   </div>
   <div class='ocr_carea' id='block_1_106' title="bbox 274 5767 1870 5846">
    <p class='ocr_par' dir='ltr' id='par_1_106' title="bbox 274 5767 1870 5846">
     <span class='ocr_line' id='line_1_106' title="bbox 274 5767 1870 5846; baseline -0.004 -14"><span class='ocrx_word' id='word_1_915' title='bbox 274 5784 390 5844; x_wconf 87' lang='lat' dir='ltr'><strong>tur,</strong></span> <span class='ocrx_word' id='word_1_916' title='bbox 419 5777 580 5834; x_wconf 90' lang='lat' dir='ltr'><strong>etiam</strong></span> <span class='ocrx_word' id='word_1_917' title='bbox 609 5779 777 5832; x_wconf 75' lang='lat' dir='ltr'><strong>fumat</strong></span> <span class='ocrx_word' id='word_1_918' title='bbox 801 5783 928 5833; x_wconf 87' lang='lat' dir='ltr'><strong>antc</strong></span> <span class='ocrx_word' id='word_1_919' title='bbox 953 5767 1113 5846; x_wconf 88' lang='lat' dir='ltr'><strong>quam</strong></span> <span class='ocrx_word' id='word_1_920' title='bbox 1145 5772 1364 5840; x_wconf 90' lang='lat' dir='ltr'><strong>ardeat;</strong></span> <span class='ocrx_word' id='word_1_921' title='bbox 1391 5767 1493 5830; x_wconf 72' lang='lat' dir='ltr'><strong>hac</strong></span> <span class='ocrx_word' id='word_1_922' title='bbox 1520 5767 1870 5828; x_wconf 86' lang='lat' dir='ltr'><strong>similitudine</strong></span> 
     </span>
    </p>
   </div>
  </div>
