4134 6184
550 318 655 374 851

1774 309 2031 370 εΑΝετι
2066 304 2327 363 ﬂiLARll
2364 303 2674 364 EPBCOPI

3746 300 3854 357 853

552 452 648 494 tuo
697 437 926 502 collidit.
966 450 1095 491 cum
1144 404 1401 491 coronaei
1452 432 1697 502 spineam
1732 437 1971 500 coaptat,
2018 423 2232 486 cumA
2330 422 2415 479 l9.
2458 421 2615 476 Aliud
2638 421 2703 475 ob
2726 420 2985 475 indultum
3006 419 3203 474 sanctis
3220 417 3498 491 judicandi
3525 424 3849 487 potestatem.

552 532 711 587 clavo
740 540 935 585 manus
961 541 1024 583 ac
1046 527 1216 598 pedes
1254 525 1387 597 figit,
1414 539 1542 581 cum
1570 523 1644 580 fel
1666 531 1825 579 aceto
1860 521 2149 584 admiscet,

554 637 680 678 cum
708 620 891 676 omnia
920 619 1223 691 iniquitatis
1248 633 1418 691 opera
1432 624 1801 675 consummat.

630 714 719 768 17.
750 710 1022 768 Canticum
1064 726 1273 778 munt,
1305 712 1540 784 gentibus
1575 710 1640 765 ob
1666 725 1850 765 novam
1886 706 1986 764 Dei
2014 707 2153 763 noli-

548 808 700 865 tiatn.
730 834 804 848 --
833 807 965 863 Post
998 822 1120 878 qua:
1161 815 1414 878 potenter
1457 820 1495 859 a
1532 805 1763 860 Domino
1802 812 1955 875 gesta
1992 809 2155 873 atque

560 897 825 971 perferte,
870 914 1013 954 novo
1060 898 1217 954 nobis
1244 898 1495 969 gloriosre
1515 896 1758 952 victoria:
1794 894 1903 950 erit
1938 894 2156 949 cantico

434 1063 443 1073 .
554 990 973 1049 cunciuendum.
994 991 1088 1047 Ait
1104 990 1447 1056 enimNuus.
1466 990 1500 1045 9
1521 1006 1534 1042 :
1559 986 1700 1043 Deus
1720 988 1881 1060 617
1900 987 2157 1068 canticum

558 1102 745 1142 nouum
774 1089 988 1141 cantabo
1008 1086 1121 1153 tibi,
1150 1085 1395 1158 pomerio
1433 1082 1754 1137 ἀθρασὴπὼ
1797 1080 2016 1148 psallam

558 1178 632 1234 Et
659 1178 805 1250 quod
840 1181 946 1233 hoc
980 1192 1178 1234 novum
1204 1176 1474 1232 canticum
1520 1176 1612 1242 sit,
1653 1174 2021 1230 contuendum
2049 1180 2154 1229 est.

558 1271 756 1327 Plures
783 1281 961 1327 autem
1004 1286 1207 1347 novum
1234 1271 1504 1326 canticum
1530 1278 1817 1324 cantantes
1846 1266 2036 1338 psalmi
2064 1281 2157 1321 re-

554 1365 863 1436 perientur.
901 1364 1294 1434 Nonagesimus
1313 1362 1457 1418 enim
1495 1373 1549 1417 et
1574 1360 1793 1432 quintus
1816 1358 2058 1429 psalmus
2082 1356 2160 1412 ita

559 1460 726 1528 cepit
756 1472 771 1511 :
800 1456 1014 1513 Caritate
1038 1453 1267 1511 Domino
1285 1455 1541 1509 canticum
1576 1466 1785 1517 neeum,
1816 1457 2020 1503 cantate
2049 1446 2161 1503 De-

558 1549 701 1604 mino
738 1550 906 1604 omnis
945 1558 1084 1605 terra
1123 1565 1143 1604 :
1175 1558 1227 1604 et
1260 1562 1496 1613 rursum,
1527 1545 1839 1601 Annuntiate
1880 1543 2016 1598 inter
2034 1554 2161 1613 yen-

560 1651 635 1696 tes
660 1641 883 1713 gloriam
912 1642 1049 1713 ejus,
1091 1641 1145 1694 in
1192 1640 1334 1695 omni
1376 1637 1572 1710 papula
1616 1636 1878 1691 mirabilia
1921 1638 2035 1708 ejus
2059 1650 2080 1688 :
2108 1641 2165 1690 et

558 1746 798 1800 rursum,
830 1730 1219 1787 Commoveat”
1247 1748 1281 1784 a
1308 1729 1447 1799 facie
1482 1728 1593 1799 ejus
1630 1726 1796 1782 omnis
1824 1735 1979 1793 terra,
2008 1725 2164 1780 dicite

2256 545 2328 557 —
2350 512 2550 569 Cantat
2583 525 2639 569 et
2673 512 3005 568 centesimus
3032 509 3479 581 quadragesimus
3509 523 3684 564 nonus
3706 509 3852 579 psal-

2250 624 2377 664 mus
2400 607 2668 663 canticum
2716 621 2935 661 novum.
2967 604 3033 659 Et
3065 619 3163 659 cur
3190 603 3261 657 sit
3310 601 3417 657 hoc
3457 602 3728 657 canticum
3756 616 3857 656 no-

2256 716 2404 769 vum,
2435 715 2557 756 mox
2584 698 2854 768 Propheta
2885 696 3136 767 subjecit,
3178 694 3389 760 dicens,
3426 692 3687 749 Eaaltabit
3708 710 3858 748 nian-

2256 803 2425 848 suetos
2449 792 2504 847 in
2528 792 2766 847 salutem.
2819 788 3164 844 Exsultabunt
3190 787 3354 841 sancti
3402 780 3463 840 in'
3478 786 3669 856 gloria,
3705 786 3856 842 leta-

2259 884 2450 938 buntur
2474 883 2528 937 in
2552 881 2804 936 cubilibus
2824 880 2954 935 suis.
2984 877 3052 933 Et
3069 878 3437 933 consultationes
3456 875 3556 932 Dei
3578 878 3632 930 in
3651 887 3860 948 gutture

2258 993 2456 1041 eorum,
2486 986 2533 1031 et
2559 975 2722 1047 gladii
2748 975 2826 1029 bis
2847 974 2985 1028 acuti
3010 976 3068 1026 in
3089 971 3326 1025 matribus
3351 986 3550 1038 eorum,
3592 970 3762 1043 618
3789 971 3858 1024 ad

2259 1068 2553 1140 faciendam
2571 1067 2844 1122 vindictam
2868 1068 2922 1121 in
2944 1065 3257 1129 nationibus,
3285 1064 3660 1133 increpationes
3683 1065 3735 1117 in
3762 1080 3863 1135 po-

2263 1161 2421 1231 pulis,
2451 1161 2518 1215 ad
2542 1161 2834 1231 alligandos
2857 1176 2998 1230 reges
3022 1173 3203 1212 eorum
3237 1158 3292 1212 in
3329 1157 3545 1212 manicis
3570 1165 3618 1211 et
3641 1174 3854 1224 conspe-

2258 1252 2436 1318 dibus,
2460 1264 2510 1306 et
2534 1251 2728 1306 nobiles
2762 1266 2944 1306 eorum
2982 1252 3039 1305 in
3068 1249 3284 1304 vinculis
3306 1249 3531 1321 ferreis;
3576 1261 3634 1305 ut
3658 1252 3860 1321 faciant

2258 1344 2316 1398 in
2326 1344 2406 1399 Itis
2420 1343 2672 1411 iudicium
2683 1343 3053 1413 conscriptum,
3066 1342 3234 1413 gloria
3243 1343 3352 1396 limo
3365 1351 3439 1396 est
3449 1340 3685 1398 omnibus
3708 1359 3863 1396 sanc-

2260 1438 2328 1492 tis
2347 1439 2463 1510 ejus
2488 1434 2612 1507 (Ps.
2644 1449 2829 1503 caus,
2859 1432 2895 1488 4
2922 1443 2973 1489 et
3012 1432 3200 1506 καφ).
3228 1432 3342 1490 Hoc
3360 1433 3633 1490 canticum
3665 1451 3863 1491 novum

2263 1538 2370 1594 est,
2404 1529 2502 1585 Dei
2529 1537 2746 1585 sanctos
2788 1526 2977 1599 judicii
3020 1529 3212 1583 mterni
3260 1542 3484 1585 sumere
3514 1537 3861 1598 potestatem.

2262 1619 2449 1678 Sancti
2496 1621 2664 1690 enim,
2712 1620 3015 1677 secundum
3043 1620 3386 1692 Apostolum,
3427 1621 3691 1678 mundum
3716 1623 3866 1692 judi-

2264 1715 2470 1771 cabant
2498 1714 2572 1786 (1,
2590 1713 2711 1771 Cor.
2742 1731 2815 1784 vt,
2846 1714 2882 1769 2
2910 1718 2951 1787 ).
2986 1715 3102 1771 Hoc
3146 1716 3307 1787 igitur
3330 1730 3528 1772 novum
3555 1726 3810 1773 cantatur
3838 1734 3865 1772 a

542 1825 563 1878 ί
582 1843 616 1879 η
650 1824 969 1895 namnam,
1008 1820 1260 1877 υοηιίηα,
1296 1819 1546 1892 κυμαίνει,
1592 1818 1709 1875 Hoc
1751 1818 2020 1874 canticum
2062 1832 2165 1871 no.
2189 1814 2243 1878 Β
2271 1808 2450 1875 nobis,
2480 1808 2616 1864 ultio
2638 1808 2693 1862 in
2722 1807 2989 1874 nationes,
3018 1808 3249 1880 arguitio
3272 1807 3329 1864 in
3356 1809 3607 1879 populos,
3634 1810 3867 1867 manica:

562 1935 717 1985 vum,
743 1919 891 1990 quod
916 1918 1096 1974 ciuilis
1124 1925 1273 1973 terra
1300 1924 1502 1981 cantat,
1556 1913 1701 1983 quod
1731 1911 1843 1983 jam
1870 1924 1979 1967 non
2020 1910 2164 1966 intra

558 2009 763 2066 Iudaea
789 2009 867 2081 (α)
890 2008 1088 2064 limbus
1112 2015 1277 2077 atque
1318 2006 1459 2061 ducs
1482 2003 1724 2074 cognitio
1750 2002 1891 2072 ejus,
1917 2001 2013 2071 qui
2038 2014 2165 2057 om-

563 2104 654 2157 nia
681 2102 907 2167 creavit,
948 2113 1070 2155 esse
1094 2098 1448 2162 celebratur;
1475 2095 1625 2166 quod
1657 2095 1769 2164 jam
1808 2094 1951 2149 inter
1972 2100 2166 2163 gentes

559 2192 734 2262 gloria
764 2190 859 2246 Dei
901 2187 1187 2245 invisibilis
1226 2186 1525 2254 nuntiatur,
1550 2184 1697 2256 quod
1743 2198 1932 2240 omnes
1974 2176 2177 2254 patriai

560 2283 805 2356 gentium
858 2281 1227 2338 laudationem
1283 2276 1509 2335 honoris
1561 2276 1731 2333 debiti
1789 2274 2117 2332 conﬁtentur
2145 2314 2163 2343 ,

563 2377 711 2449 quod
745 2377 798 2432 in
830 2374 1140 2432 nationibus
1169 2374 1314 2430 Deus
1340 2381 1666 2444 regnaturus
1689 2369 2017 2427 ostenditur.
2059 2368 2167 2425 No-

563 2485 692 2526 vum
722 2472 828 2526 hoc
874 2470 1019 2526 inter
1047 2477 1130 2525 tot
1154 2482 1376 2524 errores
1414 2466 1604 2524 smculi
1650 2466 1924 2522 canticum
1968 2469 2080 2529 est,
2111 2469 2169 2519 et

564 2562 875 2619 errantibus
901 2569 1060 2618 antea
1081 2560 1334 2632 gentibus
1346 2558 1651 2630 inopinatus
1671 2556 1762 2613 hic
1782 2556 2015 2629 hymnus
2034 2564 2120 2612 est
2146 2572 2163 2611 :

562 2670 663 2728 per
682 2668 848 2727 quem
879 2656 1020 2712 Deus
1062 2654 1370 2719 invisibilis,
1403 2655 1777 2723 incorporeus,
1804 2659 2065 2717 meritus,
2113 2657 2168 2705 et

561 2748 692 2820 justi
713 2748 905 2820 iudicii
923 2748 1111 2820 jndex,
1134 2758 1192 2805 et
1217 2748 1391 2804 beata
1411 2745 1734 2804 aiternitatis
1766 2760 1865 2802 rex
1888 2759 2011 2802 esse
2036 2759 2168 2800 can-

566 2846 733 2896 tatur.

640 2933 729 2988 l8.
771 2934 1008 2989 Alterum
1047 2933 1113 2990 ob
1155 2933 1445 2989 mirabilem
1488 2930 1684 2988 Christi
1721 2930 2162 2987 resurrectionem.

567 3054 637 3068 --
676 3026 775 3082 Est
803 3037 860 3082 et
893 3028 1281 3099 nonagesimus
1322 3028 1584 3098 septimus
1618 3027 1859 3097 psalmus
1895 3024 2165 3080 canticum

567 3132 770 3174 novum
813 3131 1080 3176 cantans:
1111 3120 1331 3177 Cantate
1376 3120 1603 3175 Domino
1651 3120 1910 3175 canticum
1953 3133 2163 3185 novant,

2264 1913 2320 1959 et
2345 1903 2636 1973 compedes
2662 1918 2870 1974 regum,
2917 1913 2972 1959 et
2994 1903 3253 1960 nobilium
3297 1905 3512 1963 vincula
3558 1907 3761 1974 ferrea,
3814 1916 3870 1965 et

2265 1994 2555 2065 conscripti
2581 1994 2639 2050 in
2663 2008 2759 2050 eos
2775 1993 2968 2066 iudicii
2994 1996 3283 2052 sententia.

2337 2087 2429 2144 ΞΟ.
2470 2086 2785 2143 Psalterium
2811 2089 3207 2145 demet-arduus.
3250 2090 3416 2163 Reges
3439 2093 3583 2164 regni
3611 2089 3712 2148 Dei
3738 2110 3869 2150 con-

2265 2192 2447 2238 sortes.
2477 2206 2549 2223 —-
2576 2182 2732 2250 Quod
2752 2183 2916 2239 etiam
2959 2183 3015 2240 in
3058 2184 3220 2255 hujus
3263 2186 3455 2256 psalmi
3481 2202 3634 2243 noro
3651 2189 3869 2247 cantico

2266 2274 2446 2331 simile
2468 2285 2717 2331 cantatur
2746 2293 2763 2330 :
2790 2274 2931 2332 Deus
2959 2279 3246 2334 cantionem
3289 2295 3473 2335 novam
3501 2284 3720 2338 cantabo
3743 2285 3863 2354 tibi,

2268 2368 2323 2423 in
2344 2368 2589 2438 psalterio
2632 2369 2952 2424 decachordo
2993 2370 3213 2440 psallam
3248 2373 3359 2439 tibi,
3408 2374 3497 2444 qui
3520 2374 3618 2430 das
3643 2376 3871 2433 salutent

2263 2461 2489 2534 regibus.
2536 2462 2594 2518 In
2638 2462 2978 2521 decachordo
3027 2465 3189 2536 igitur
3230 2467 3509 2537 psalterio,
3560 2468 3615 2525 id
3643 2478 3747 2536 est,
3782 2469 3868 2527 vel

2267 2554 2411 2626 quod
2431 2556 2622 2612 decem
2642 2556 2971 2613 chordarum
2998 2557 3130 2614 illud
3156 2561 3467 2630 psalterium
3488 2561 3583 2629 sit,
3609 2562 3696 2617 vel
3717 2562 3868 2633 quod

2267 2648 2457 2706 decem
2478 2650 2769 2707 verborum
2792 2666 2997 2722 organo
3021 2663 3182 2725 atque
3201 2655 3370 2726 gestis
3390 2656 3573 2712 cantio
3593 2671 3731 2711 nova
3765 2659 3867 2714 ista

2267 2751 2517 2799 cantatur
2545 2760 2559 2798 ε
2589 2742 2675 2798 vel
2724 2743 2869 2814 quod
2921 2745 3086 2802 homo
3144 2747 3263 2816 ipse
3299 2748 3490 2805 decem
3534 2749 3868 2820 quibusdam

2267 2834 2488 2891 chordis
2516 2835 2763 2892 manibus
2778 2849 2845 2892 ac
2873 2836 3101 2907 pedibus
3129 2847 3406 2906 extentus,
3448 2842 3715 2912 perlectus
3742 2845 3866 2913 spi-

2270 2927 2501 2983 ritalium
2528 2940 2755 2997 operum
2798 2941 3017 2985 suorum
3041 2940 3200 3001 gestu
3236 2939 3495 3003 motuque
3522 2934 3601 2989 sic
3645 2934 3866 3005 psallat,

2270 3029 2330 3076 ut
2353 3022 2660 3077 cantionem
2689 3035 2888 3078 novam
2928 3023 3067 3079 hanc
3093 3033 3295 3079 cantet.
3325 3023 3473 3080 Vnus
3504 3026 3590 3082 lt).
3621 3024 3726 3093 Qui
3770 3026 3870 3083 das

2267 3116 2483 3170 salutem
2506 3115 2712 3187 regibus
2732 3130 2752 3170 ς
2780 3115 2994 3187 regibus
3033 3116 3229 3185 quibus
3268 3116 3471 3172 dictum
3519 3127 3623 3186 est,
3652 3117 3864 3187 Venite,

563 3210 687 3280 quia
710 3210 969 3265 mirabilia
995 3212 1116 3282 fecit
1145 3211 1418 3265 Dominus.
1449 3212 1557 3268 Sed
1580 3214 1764 3268 nescio
1781 3227 1851 3267 an
1872 3211 2075 3267 idcirco
2096 3211 2166 3266 sit
2187 3195 2236 3260 (ἶ
2266 3207 2516 3263 benedicti
2539 3205 2716 3263 Patris
2744 3209 2864 3276 mei,
2906 3208 3159 3279 possidete
3200 3223 3551 3281 pmparatum
3594 3212 3733 3267 uobis
3780 3230 3864 3268 re—

564 3299 779 3357 cantico
805 3314 946 3357 novo
992 3301 1345 3367 cantandum,
1372 3302 1500 3371 quia
1540 3301 1813 3356 mirabilia
1839 3303 1980 3357 Deus
2008 3300 2161 3357 fecit.

560 3392 706 3449 Olim
729 3390 807 3467 (b)
835 3393 1031 3449 ciuium
1074 3392 1498 3463 pulcherrimum
1536 3403 1703 3463 atque
1730 3392 2005 3448 immobile
2046 3407 2164 3448 ma-

562 3498 676 3550 net.
729 3488 857 3543 olim
903 3489 954 3542 in
998 3502 1067 3544 eo
1106 3496 1252 3542 astra
1282 3486 1570 3543 indefessis
1599 3486 1902 3543 ofﬁciorum
1934 3500 2157 3542 suorum
2199 3550 2208 3557 ,

558 3580 812 3638 cursibus
842 3589 1215 3652 perseverant,
1246 3581 1377 3636 olim
1405 3590 1651 3652 tempora
1683 3579 1899 3636 alterno
1929 3588 1988 3636 et
2016 3581 2162 3637 inde-

562 3675 806 3731 mutablli
854 3686 1079 3730 recursu
1127 3683 1535 3745 temperantur,
1595 3666 1745 3730 olim'
1772 3684 1915 3730 terra
1965 3675 2161 3732 annuis

558 3765 822 3821 fructibus
849 3765 1002 3821 dives
1025 3773 1130 3832 est,
1152 3765 1282 3820 olim
1309 3766 1475 3822 homo
1501 3766 1735 3822 maxime
1757 3762 2004 3823 mirabile
2024 3778 2160 3839 opus

562 3855 660 3910 Dei
709 3857 984 3912 nascitur:
1017 3866 1071 3913 et
1100 3858 1146 3913 si
1195 3856 1328 3913 nihil
1357 3866 1544 3930 postea
1588 3858 1728 3915 Deus
1756 3861 2004 3916 mirabile
2031 3872 2156 3918 eum

561 3948 680 4005 haec
707 3950 912 4006 creavit
937 3949 1156 4021 adjecit,
1187 3962 1373 4021 quaero
1397 3951 1544 4022 quod
1573 3962 1773 4007 novum
1800 3954 2066 4008 canticum
2089 3955 2160 4010 ob

558 4041 987 4099 mirabilia'lacta
1008 4044 1336 4100 cantandum
1354 4044 1444 4100 sit.
1470 4044 1537 4100 Et
1557 4058 1664 4100 non
1681 4045 1775 4101 diu
1794 4056 1895 4101 nos
1918 4047 2158 4118 psalmus

558 4133 762 4203 patitur
784 4148 989 4191 errare.
1019 4134 1103 4191 Ob
1141 4146 1264 4207 quae
1292 4136 1438 4193 enim
1467 4136 1737 4192 mirabilia
1782 4149 1983 4193 novum
2026 4150 2157 4195 can»

556 4227 723 4282 ticum
751 4235 1018 4294 cantaret,
1067 4226 1307 4286 ostendit
1348 4230 1575 4287 dicens:
1609 4228 1865 4287 Liberavit
1890 4242 2006 4287 eunt
2032 4234 2158 4288 dea:-

557 4327 669 4374 tera
696 4304 809 4392 ejuis
832 4328 882 4375 et
909 4320 1179 4374 brachium
1212 4331 1447 4376 sanctum
1480 4324 1612 4396 ejus.
1654 4323 1851 4378 Notum
1890 4320 2007 4397 fecit
2042 4323 2152 4379 Do-

552 4413 726 4467 minus
751 4410 977 4467 salutare
1000 4426 1151 4467 suum
1189 4423 1309 4468 ante
1336 4424 1662 4484 conspectum
1697 4417 1924 4487 gentium
1978 4415 2151 4491 (Psat.

552 4516 720 4570 xcvn,
756 4503 780 4557 1
807 4510 855 4557 et
880 4501 964 4572 2).
1001 4504 1114 4560 Hoc
1141 4514 1339 4561 novum
1365 4507 1633 4562 canticum
1651 4517 1754 4574 est,
1784 4509 1886 4566 hoc
1912 4510 2157 4567 mirabile

2266 3312 2423 3372 gnum
2451 3316 2484 3354 a
2524 3300 2886 3355 constitutions
2925 3301 3104 3356 mundi
3146 3299 3366 3373 (Matth.
3414 3319 3537 3371 xxv,
3568 3303 3641 3359 54
3669 3304 3730 3374 );
3773 3307 3861 3375 qui

2268 3392 2478 3447 nobiles
2507 3393 2764 3463 ligabunt,
2815 3393 2906 3464 qui
2933 3408 3088 3465 reges
3132 3394 3358 3451 manicis
3403 3407 3459 3451 ot
3502 3398 3863 3468 compedibus

2265 3484 2673 3555 constringant,
2722 3488 2814 3557 qui
2854 3485 3212 3557 iudicabunt,
3276 3498 3506 3559 arguont
3531 3528 3547 3556 ,
3621 3490 3863 3563 vindica-

2263 3578 2417 3636 bunt.

2333 3670 2424 3726 21.
2462 3668 2653 3726 Christi
2682 3669 2938 3737 liberatio,
2979 3670 3123 3726 salus
3160 3686 3363 3744 regum.
3390 3702 3463 3715 —
3491 3673 3560 3729 Et
3587 3675 3860 3745 quomodo

2260 3763 2415 3819 salus
2456 3762 2674 3834 regibus
2702 3761 2881 3830 detur,
2926 3764 3164 3820 ostendit
3194 3782 3208 3821 ;
3242 3764 3364 3832 Qui,
3416 3766 3614 3838 inquit,
3667 3767 3859 3823 liberas

2265 3853 2432 3909 David
2468 3864 2670 3909 servum
2694 3862 2841 3908 tuum
2865 3870 2884 3909 :
2914 3868 3037 3910 eum
3064 3869 3258 3925 nempe
3306 3856 3497 3925 David,
3527 3858 3597 3913 de
3631 3873 3739 3928 quo
3769 3859 3859 3914 hic

2261 3946 2405 4002 idem
2434 3945 2572 4001 liber
2615 3961 2681 4002 ex
2730 3961 2963 4016 persona
2995 3948 3090 4003 Dei
3120 3949 3289 4018 patris
3334 3948 3443 4004 alio
3473 3952 3683 4021 psalmo
3725 3967 3848 4023 pro-

2261 4039 2447 4108 phetat
2470 4055 2482 4093 :
2509 4036 2671 4093 Posui
2707 4039 3025 4109 adjutoriunt
3053 4056 3208 4111 super
3248 4050 3525 4111 potentem,
3556 4052 3606 4096 et
3636 4045 3855 4098 exaltari

2260 4132 2477 4187 electum
2515 4131 2581 4187 de
2624 4131 2768 4204 plebe
2807 4147 2942 4189 mea.
2992 4131 3173 4189 Inveni
3224 4133 3391 4189 Dauid
3432 4151 3638 4191 seruum
3666 4154 3851 4204 mon,

2259 4224 2376 4281 oleo
2400 4235 2577 4280 sancto
2596 4241 2705 4281 meo
2724 4227 2849 4281 uuxi
2868 4243 3004 4283 cum.
3029 4226 3219 4282 Ianus
3236 4230 3376 4283 enim
3395 4246 3507 4284 mea
3523 4232 3853 4287 auxiliobilur

2261 4320 2326 4374 ei.
2356 4318 2479 4391 Ipse
2504 4318 2778 4389 invocabit,
2808 4320 2967 4376 Pater
2990 4338 3132 4377 meus
3157 4338 3211 4377 es
3236 4332 3312 4391 tu,
3358 4321 3501 4379 Deus
3528 4341 3694 4392 meus,
3737 4342 3855 4379 sus-

2259 4423 2436 4483 ceptor
2461 4415 2643 4469 salutis
2667 4430 2809 4470 more.
2834 4413 2905 4469 Et
2934 4431 3026 4486 ego
3049 4417 3451 4489 primogenitum
3478 4434 3669 4490 ponam
3711 4433 3848 4485 eam,

2259 4506 2517 4562 accisam
2540 4522 2695 4577 super
2718 4522 2892 4561 omnes
2916 4523 3060 4579 reges
3088 4518 3258 4563 teme.
3299 4507 3368 4563 Et
3413 4510 3557 4565 sedes
3581 4513 3693 4582 ejus
3716 4510 3851 4565 sicut

555 4595 650 4650 Dei
665 4601 746 4650 est
763 4614 775 4649 :
791 4593 933 4665 quod
958 4594 1341 4651 liheraviteum
1363 4596 1583 4654 dextere
1603 4598 1740 4669 ejus,
1758 4600 1902 4671 quod
1925 4600 2027 4656 sibi
2050 4601 2152 4673 ipsi
2178 4582 2235 4644 Β
2258 4599 2337 4654 sol
2364 4600 2420 4654 in
2446 4609 2720 4669 conspectu
2740 4615 2873 4667 meo,
2899 4611 2945 4655 et
2964 4602 3095 4656 sicut
3123 4602 3247 4657 luna
3269 4602 3498 4675 perfecto
3524 4604 3578 4658 in
3600 4614 3849 4659 tetanum

552 4686 781 4743 salutem
810 4688 981 4743 virtus
1006 4702 1101 4743 sua
1132 4687 1341 4745 tribuit.
1376 4690 1703 4747 Potestatem
1743 4694 1913 4760 enim,
1949 4696 2146 4767 inquit,

552 4777 731 4834 habeo
758 4779 994 4834 animam
1026 4795 1200 4836 meam
1230 4782 1489 4853 ponendi,
1528 4794 1583 4840 et
1613 4794 1938 4858 potestatem
1971 4788 2150 4847 habeo

550 4869 786 4927 animam
814 4886 993 4929 meam
1020 4873 1328 4931 resumendi
1358 4874 1539 4949 (Joan.
1557 4893 1613 4946 ι,
1642 4877 1754 4951 18).
1781 4879 1896 4937 Non
1923 4893 2148 4941 externo

550 4968 698 5035 eguit
721 4971 1027 5041 unigenitus
1074 4971 1169 5028 Dei
1202 4974 1345 5028 illius
1372 4975 1440 5029 ad
1480 4975 1796 5032 salvandum
1846 4978 2142 5048 hominem,

549 5056 603 5110 in
630 5073 737 5127 quo
765 5063 909 5117 nasci
939 5063 1114 5118 voluit
1138 5105 1154 5133 ,
1185 5064 1403 5132 auxilio,
1432 5075 1486 5121 et
1522 5066 1586 5139 (f.
1623 5064 1741 5140 sed)
1770 5068 1825 5124 in
1852 5068 2022 5141 gloria
2045 5084 2142 5142 pa-

550 5158 719 5205 ternae
739 5151 1033 5222 maiestatis
1058 5171 1282 5214 manens
1306 5158 1482 5215 suain
1501 5174 1561 5216 se
1589 5175 1719 5217 usus
1738 5170 1823 5217 est
1851 5172 2138 5234 potestate:

2254 4702 2303 4747 et
2327 4693 2467 4747 testis
2512 4694 2565 4748 in
2591 4694 2715 4748 calo
2745 4693 2914 4762 ﬁdelia
2940 4693 3060 4765 (Ps.
3086 4710 3350 4764 Lxuvnt,
3382 4695 3455 4750 20
3480 4707 3528 4751 et
3570 4696 3749 4767 δαΐῳ).
3780 4697 3848 4751 Et

2254 4800 2467 4839 rursum
2496 4786 2548 4839 in
2580 4788 2784 4855 psalmo
2808 4785 3001 4842 eodem
3022 4802 3088 4840 ex
3111 4801 3337 4856 persona
3362 4788 3480 4857 ejus
3501 4788 3567 4843 ad
3587 4789 3791 4843 Patrem
3824 4805 3841 4847 :

2255 4868 2402 4932 Sicut
2420 4877 2614 4946 jurasti
2641 4874 2811 4931 David
2837 4881 2890 4931 in
2913 4878 3117 4932 veritate
3138 4884 3250 4947 tua,
3277 4890 3470 4934 memor
3494 4888 3601 4935 esto
3626 4876 3848 4935 Domine

2252 4968 2516 5041 opprobrii
2532 4970 2664 5025 serui
2683 4970 2776 5037 tui,
2805 4966 2944 5041 quod
2970 4972 3197 5024 continui
3222 4972 3276 5024 in
3295 4971 3413 5025 sinu
3432 4988 3542 5027 meo
3568 4971 3842 5026 ntultarnm

2255 5064 2501 5139 gentium.
2526 5062 2678 5130 Quod
2694 5061 3123 5133 exprobrauerunt
3144 5062 3338 5116 inimici
3353 5065 3428 5117 tui
3449 5046 3689 5132 Domine,
3703 5066 3844 5135 quod

2249 5157 2681 5232 exprobrauerunt
2702 5157 3147 5209 contmutationem
3168 5152 3361 5210 Christi
3386 5159 3461 5212 tui
3491 5156 3675 5228 (Ibid.,
3703 5157 3769 5213 50
3788 5168 3841 5213 et

546 5257 647 5312 per
674 5258 833 5315 quam
860 5252 1273 5308 resurrectionis
1312 5253 1542 5325 gloriam
1571 5256 1811 5313 salutare
1853 5272 2010 5313 suum
2044 5274 2139 5316 ηοω

2260 5252 2434 5323 teqq.).
2483 5248 2784 5321 Opprobria
2819 5248 3111 5304 multarum
3126 5250 3372 5320 gentium
3400 5248 3455 5305 in
3482 5251 3657 5308 sinum
3684 5266 3835 5307 suum

544 5342 657 5389 tum
700 5336 951 5407 gentibus
991 5337 1135 5411 fecit,
1185 5355 1308 5399 cum
1354 5343 1411 5401 in
1440 5356 1506 5402 eo
1533 5353 1738 5404 naturae
1766 5362 1878 5405 sua:
1915 5364 2134 5408 carnem

2260 5343 2414 5398 David
2446 5342 2535 5397 hic
2562 5355 2701 5396 unus
2720 5339 2952 5410 excepit.
2982 5337 3105 5410 Ipse
3129 5341 3265 5394 enim
3290 5352 3500 5412 peccato
3525 5352 3696 5398 nostra
3722 5357 3838 5395 sus-

542 5424 599 5482 in
629 5434 848 5484 interna:
892 5426 1079 5490 salutis
1119 5434 1475 5499 substantiam
1523 5441 1963 5500 translormatam
2008 5460 2135 5505 esse

2260 5438 2400 5509 :epit,
2426 5447 2473 5492 et
2497 5435 2818 5507 inﬁrmitates
2857 5443 3060 5489 nostras
3097 5435 3318 5506 portavit
3338 5453 3359 5503 ;
3411 5437 3572 5492 livore
3608 5441 3719 5511 ejus
3741 5450 3834 5491 nos

539 5531 897 5590 cognoscunt.

612 5717 688 5790 (a)
723 5716 782 5778 in
811 5734 916 5782 ms.
949 5698 1108 5785 libros
1140 5733 1292 5799 atque
1316 5724 1464 5800 ﬁnes.

2244 5530 2413 5588 sanati
2436 5544 2616 5586 sumus
2667 5524 2818 5600 (Esa.
2849 5541 2962 5594 un,
2991 5525 3071 5600 5).
3099 5525 3179 5584 ita
3205 5525 3334 5584 dum
3374 5518 3465 5585 hic
3503 5528 3670 5587 David
3701 5528 3831 5586 libe-

2315 5738 2394 5814 (b)
2432 5738 2545 5801 Hoc
2594 5742 2719 5809 est,
2771 5732 2880 5814 iam
2930 5738 2998 5799 ab
3042 5738 3277 5814 antiquis
3317 5748 3382 5799 ac
3420 5734 3611 5821 primis
3636 5752 3837 5819 tempo—

2227 5811 2401 5875 ribus.
