4134 6184
348 291 454 349 855

1445 294 1861 358 TRACTATUS
1895 300 1963 358 IN
1998 299 2207 360 CXLIV
2248 304 2601 367 PSALMUM.

3538 322 3647 380 854

345 414 518 475 ratur,
550 415 607 462 et
636 406 739 479 legi
768 406 959 464 mortis
984 407 1259 477 eximitur,
1290 409 1438 466 salus
1462 427 1681 484 quoque
1725 414 1943 487 regibus
1967 416 2024 480 Α
2048 417 2276 489 stiterit,
2301 423 2659 479 aeternitatem
2672 430 2867 483 'tamen
2891 426 3000 484 illis
3026 430 3117 501 qui
3145 429 3232 487 bis
3259 441 3408 488 recte
3428 441 3649 491 utentur

344 500 525 558 datur.
560 499 679 573 ipse
707 510 792 556 est
825 502 969 557 enim
1010 501 1399 572 primogenitus
1439 518 1505 560 ex
1537 506 1762 562 mortuis
1817 508 1942 578 (Co-

342 590 466 647 loss.
503 607 542 659 t,
576 590 691 664 18).
722 590 793 647 Et
834 602 890 646 ut
934 593 988 647 in
1014 582 1181 647 Adam
1210 610 1382 649 onmes
1406 595 1674 664 morimur,
1705 598 1778 651 ita
1804 608 1853 653 et
1889 599 1945 654 in

341 681 545 738 Christo
570 699 745 739 omnes
768 700 1108 755 resurgemus.
1139 683 1159 759 (
1188 683 1209 739 Ι
1236 682 1357 740 Cor.
1383 702 1497 754 vin,
1523 686 1648 758 29..)
1670 682 1943 746 Liberatio

340 789 470 847 ergo
499 774 636 846 ejus,
665 774 813 831 salus
838 791 1022 847 regum
1055 785 1154 832 est.
1189 776 1512 849 Regnabunt
1542 779 1692 835 enim
1722 780 1943 837 confor-

337 883 456 924 mes
483 867 672 939 gloriae
698 881 833 934 suae,
880 882 979 937 per
1005 879 1337 939 assumptam
1376 870 1445 926 ab
1473 885 1539 927 eo
1589 881 1792 928 natura:
1818 889 1944 929 nos-

338 970 440 1018 tra:
465 962 543 1034 (a)
573 952 1031 1032 coniunctionem,
1064 978 1277 1019 rursum
1299 979 1489 1022 omnes
1510 965 1564 1021 in
1591 975 1799 1025 naturae
1824 967 1944 1040 ejus

336 1056 721 1113 communione
750 1054 1012 1113 mansuri.

407 1148 573 1220 619
585 1147 671 1202 22.
704 1146 945 1217 Eripitur
967 1162 1097 1218 ergo
1116 1146 1204 1204 hic
1227 1142 1391 1205 David
1414 1138 1481 1207 de
1494 1148 1666 1222 gladio
1679 1148 1941 1225 maligno-

336 1255 481 1297 rum.
510 1240 763 1312 Spiritum
788 1239 932 1296 enim
956 1239 1113 1297 Jesus
1133 1243 1311 1312 posuit
1338 1259 1461 1299 cum
1490 1244 1657 1300 voluit
1687 1264 1701 1301 :
1730 1261 1827 1302 nec
1847 1261 1943 1302 ex-

341 1332 604 1405 Spectavit
632 1345 687 1388 ut
709 1334 945 1389 animam
978 1333 1299 1405 impressum
1323 1337 1519 1393 vulnus
1531 1328 1823 1395 emitteret.
1847 1337 1943 1396 Jus

340 1426 541 1483 anima:
568 1427 682 1499 ejus
709 1442 902 1483 manus
943 1428 1246 1500 irreligiosa
1279 1445 1386 1485 non
1419 1430 1628 1486 habuit.
1658 1433 1747 1487 Ait
1773 1422 1939 1500 enim,

338 1521 423 1578 De
448 1522 622 1593 gladio
650 1523 876 1594 maligno
899 1539 1022 1577 erue
1057 1540 1154 1578 me.
1188 1524 1522 1596 Quamquam
1569 1525 1712 1582 enim
1754 1516 1940 1582 exani-

338 1615 443 1670 mis
465 1614 576 1685 jam
607 1614 857 1683 corporis
886 1612 1026 1670 latus
1054 1615 1213 1672 miles
1239 1616 1585 1673 transioderit
1612 1616 1791 1691 (Joan.
1820 1636 1937 1688 XIX,

338 1705 432 1778 5i)
457 1748 471 1772 ,
503 1720 634 1761 usus
676 1715 760 1762 est
792 1706 1093 1762 ministerio
1129 1707 1351 1764 saevitiae
1380 1726 1392 1762 :
1418 1718 1673 1765 caeterum
1699 1721 1938 1781 potestas

2049 508 2324 579 impertiet
2372 530 2385 565 :
2417 514 2509 584 qui
2536 516 2851 575 cohaeredes
2892 534 2992 575 nos
3022 520 3145 576 Filii
3171 522 3256 578 sui
3284 523 3338 579 in
3375 525 3495 595 ipso
3519 536 3648 584 ante

2048 604 2494 688 constitutionem
2525 609 2710 663 smculi
2737 610 2929 682 elegit,
2961 612 3052 681 qui
3077 613 3181 669 erit
3205 614 3352 671 Deus
3381 618 3562 675 omnia
3591 621 3645 675 in

2048 694 2303 751 omnibus
2332 714 2345 751 :
2381 695 2455 771 (ὑ)
2485 699 2586 767 ipsi
2624 701 2819 771 gloria,
2852 704 2997 771 laus,
3033 704 3229 775 honor,
3257 708 3448 778 virtus,
3480 710 3652 782 impe-

2044 785 2187 842 rium
2244 788 2392 845 Patri
2437 790 2490 845 in
2539 792 2722 862 Filio,
2763 794 2905 851 Filio
2953 797 3008 852 in
3053 798 3213 855 Patre
3242 810 3297 856 et
3341 801 3395 856 in
3437 801 3645 874 Spiritu

2046 876 2270 949 Sancto,
2299 889 2355 936 et
2383 898 2524 939 nunc
2552 893 2607 940 et
2634 901 2850 958 semper
2875 895 2930 944 et
2956 888 3010 944 in
3040 891 3222 948 omnia
3250 893 3450 950 saecula
3476 908 3648 953 saecu-

2044 968 2242 1027 lorum.
2274 969 2471 1031 Amen.

2485 1067 2867 1127 PSALMUS
2919 1071 3189 1129 CXLIV.

2544 1160 2801 1216 Laudatio
2830 1162 2929 1233 ipsi
2958 1163 3145 1220 David.

2114 1245 2372 1303 Exaltabo
2411 1257 2461 1303 te
2499 1247 2641 1305 Deus
2679 1268 2822 1306 meus
2860 1263 2907 1307 et
2939 1270 3030 1309 rea:
3058 1272 3229 1324 meus,
3271 1254 3645 1316 et‘benedicam

2042 1353 2225 1393 nomen
2248 1349 2387 1394 tuum
2412 1342 2468 1394 in
2488 1343 2735 1397 steculum
2755 1355 2802 1398 et
2823 1347 2876 1399 in
2897 1346 3144 1402 saeculum
3171 1350 3368 1405 swculi.
3402 1350 3507 1406 Per
3533 1358 3641 1409 sin-

2041 1433 2189 1504 gulos
2212 1433 2377 1506 620
2405 1434 2511 1490 dies
2537 1435 2831 1492 benedicam
2861 1450 2927 1505 te,
2956 1449 3003 1494 et
3033 1441 3252 1497 laudabo
3293 1461 3478 1499 nomen
3501 1456 3644 1501 tuum

2040 1528 2097 1581 in
2130 1533 2376 1583 steculum
2409 1540 2455 1584 et
2482 1533 2535 1585 in
2579 1535 2827 1589 steculum
2862 1537 3057 1592 saeculi.
3101 1537 3326 1609 Magnus
3355 1540 3644 1612 Dominus,

2041 1628 2090 1673 et
2114 1619 2387 1676 laudabilis
2418 1623 2568 1678 nimis
2587 1666 2603 1691 ,
2645 1632 2693 1679 et
2736 1628 3100 1697 magnitudinis
3129 1632 3240 1700 ejus
3266 1648 3367 1687 non
3396 1642 3469 1688 est
3501 1634 3641 1704 ﬁnis.

2043 1712 2314 1770 Generatio
2340 1724 2389 1770 et
2412 1719 2666 1787 generatio
2694 1719 2924 1775 laudabit
2946 1737 3101 1792 Opera
3125 1733 3215 1778 tua
3239 1766 3255 1792 ,
3277 1735 3325 1780 et
3367 1728 3646 1793 potentiam

338 1798 563 1869 spiritus
583 1797 890 1868 emittendi,
914 1813 1135 1854 causam
1162 1800 1428 1856 violandae
1453 1800 1507 1857 in
1531 1816 1590 1857 se
1613 1803 1811 1859 anima:
1830 1818 1939 1859 non
1970 1810 2021 1871 B
2049 1814 2196 1862 tuam
2221 1811 2641 1879 pronuntiabunt.
2667 1811 2731 1865 Et
2758 1815 3192 1885 magnificentiam
3212 1819 3497 1889 majestatis
3520 1830 3643 1887 tute,

340 1889 586 1961 reliquit.

412 1987 503 2042 25.
533 1984 708 2040 Falsa:
726 1978 988 2050 felicitatis
1015 1986 1190 2056 opinio
1218 1986 1548 2058 reprobatur.
1584 2016 1656 2029 —-
1676 1987 1943 2045 Consum—

343 2086 459 2134 mat
507 2076 704 2133 deinde
751 2076 1064 2133 cantionem
1120 2093 1316 2134 novam
1368 2094 1525 2134 novae
1580 2079 1944 2138 confessionis

347 2171 590 2245 hymno,
645 2179 861 2226 terrena
908 2169 1111 2240 judicia
1162 2179 1218 2226 et
1268 2172 1612 2228 saecularium
1675 2164 1943 2230 bonorum

344 2264 541 2337 gaudia
598 2248 733 2319 falsa
800 2263 1208 2332 condemnans,
1263 2281 1384 2321 cum
1438 2267 1513 2322 ait
1546 2285 1559 2321 :
1592 2267 1827 2333 Quorum
1887 2287 1943 2326 os

345 2359 576 2415 locutum
616 2368 691 2437 est
718 2361 996 2415 vanitatem
1019 2402 1035 2427 ,
1063 2371 1111 2414 et
1157 2360 1366 2415 dextera
1396 2378 1574 2416 eorum
1611 2364 1819 2418 dextera
1845 2360 1945 2419 ini-

345 2454 607 2521 quitatis;
652 2451 819 2508 Vens.
858 2438 1064 2508 12315
1099 2467 1113 2504 :
1160 2450 1396 2518 Quorum
1426 2454 1524 2523 ﬁlii
1567 2456 1696 2509 sicut
1744 2457 1945 2512 novella

344 2544 595 2614 plantatio
625 2544 848 2599 stabilita
892 2545 943 2598 in
972 2544 1246 2615 juventute
1272 2562 1387 2599 sua.
1415 2544 1572 2600 Filia:
1606 2562 1782 2601 eorum
1804 2564 1942 2602 com-

346 2635 527 2709 positae
550 2676 564 2699 ,
596 2635 992 2689 circumornatte
1019 2634 1275 2706 quomodo
1316 2636 1602 2691 similitudo
1632 2639 1835 2709 templi.
1873 2632 1944 2694 Et

343 2731 706 2802 promptuaria
733 2746 908 2784 eorum
937 2730 1090 2801 plena
1114 2772 1129 2796 ,
1162 2732 1452 2786 eructantia
1480 2747 1544 2786 ea:
1581 2732 1676 2786 hoc
1704 2734 1758 2787 in
1784 2730 1939 2789 illud.

347 2824 481 2878 Ores
510 2841 682 2879 eorum
713 2827 907 2896 fetoste,
934 2822 1251 2878 abundantes
1282 2824 1336 2877 in
1365 2825 1647 2895 egressibus
1671 2828 1778 2881 suis
1804 2843 1822 2881 :
1846 2826 1939 2881 bo-

344 2932 428 2971 ues
449 2929 621 2971 earum
646 2931 851 2973 crasste.
869 2913 993 2969 Non
1024 2925 1098 2969 est
1118 2917 1272 2969 ruina
1294 2916 1548 2982 maceriae,
1579 2933 1741 2989 neque
1767 2926 1939 2973 trans-

345 3009 473 3073 itus,
506 3025 668 3080 neque
715 3008 912 3063 clamor
935 3008 990 3061 in
1013 3008 1198 3079 plateis
1224 3024 1421 3083 eorum.
1451 3008 1668 3063 Beatum
1699 3011 1943 3066 dixerunt

340 3101 593 3171 populum
617 3101 702 3154 cui
729 3100 840 3154 hwc
863 3110 980 3153 sunt
1006 3117 1021 3155 :
1050 3099 1228 3153 beatus
1253 3098 1473 3173 papulas
1498 3102 1648 3173 cujus
1682 3100 1939 3159 Dominus

2048 1908 2098 1955 et
2121 1902 2445 1956 sanctitatem
2481 1909 2622 1957 tuam
2653 1903 2956 1973 loquentur,
2983 1914 3029 1961 et
3065 1908 3321 1963 mirabilia
3347 1918 3437 1964 tua
3464 1927 3648 1966 narra-

2047 1994 2188 2049 bunt.
2249 1992 2318 2047 Et
2342 1996 2580 2049 uirtutem
2607 1996 2913 2052 terribilium
2944 2008 3151 2052 tuorum
3191 2000 3394 2069 dicent,
3421 2013 3470 2057 et
3498 2019 3645 2075 mag-

2048 2085 2331 2140 nitudinem
2354 2097 2494 2140 tuam
2512 2088 2814 2142 narrabant.
2838 2088 3147 2143 Memoriam
3171 2091 3504 2149 abundantia'
3522 2111 3645 2149 sua-

2046 2176 2218 2232 uitatis
2246 2187 2347 2231 tute
2366 2178 2687 2243 eructabunt,
2720 2188 2766 2233 et
2789 2179 3042 2247 iustitiam
3071 2190 3211 2235 tuam
3233 2181 3420 2255 (lnl‘ra,
3450 2185 3647 2253 iustitia

2046 2276 2136 2321 tua
2183 2267 2507 2322 exultabant.
2554 2267 2830 2324 Miserator
2876 2278 2926 2323 et
2961 2271 3254 2325 misericors
3284 2271 3570 2341 Dominus,
3599 2286 3644 2331 et

2047 2358 2212 2432 (Infra
2258 2359 2410 2414 abest
2433 2358 2503 2430 et)
2554 2362 2750 2431 patiens
2770 2371 2817 2416 et
2846 2361 3020 2416 multa:
3048 2350 3430 2421 misericordite.
3455 2365 3644 2422 Suavis

2047 2446 2299 2506 Dominus
2340 2452 2612 2518 universis,
2640 2461 2688 2507 et
2732 2453 3079 2508 miserationes
3129 2455 3242 2525 ejus
3280 2473 3433 2530 super
3459 2460 3647 2526 omnia

2046 2559 2203 2612 Opera
2230 2544 2358 2614 ejus.
2376 2541 2727 2613 Conﬁteautur
2748 2540 2836 2597 tibi
2853 2543 3073 2599 Domine
3102 2548 3272 2602 omnia
3287 2564 3440 2619 Opera
3467 2560 3576 2618 tua,
3600 2561 3647 2608 et

2045 2639 2212 2693 sancti
2232 2640 2304 2691 tui
2331 2636 2628 2692 benedicant
2653 2647 2699 2692 te
2722 2624 2905 2708 (Inl‘rn,
2932 2640 3274 2709 conﬁteantur
3304 2643 3437 2714 tibi).
3468 2643 3646 2716 Conﬁ-

2046 2734 2241 2785 teanlur
2273 2729 2387 2784 tibi:
2408 2727 2626 2801 gloriam
2654 2730 2799 2800 regni
2826 2731 2898 2784 tui
2924 2731 3112 2797 dicent,
3135 2739 3182 2787 et
3202 2736 3481 2805 potentiam
3502 2747 3641 2793 tuam

2045 2824 2315 2892 loquentur
2343 2839 2361 2876 :
2392 2832 2446 2876 ut
2493 2833 2666 2877 notam
2690 2823 2880 2895 faciant
2917 2824 3043 2893 filiis
3071 2825 3337 2880 hominum
3364 2830 3642 2899 potentiam

2044 2923 2268 2983 tuam,et
2297 2910 2517 2986 gloriam
2534 2914 2925 2986 magniﬁcentia:
2950 2915 3097 2986 regni
3115 2908 3210 2995 tui.
3242 2908 3475 2990 Regnum
3498 2928 3639 2976 tuum

2042 3021 2253 3078 regnum
2272 3004 2439 3078 (Infra
2470 3025 2574 3062 non
2605 3009 2869 3076 repetitur
2892 3008 3127 3080 regnum)
3159 3011 3385 3065 omnium
3416 3014 3635 3069 διεσκίρ-

2042 3114 2159 3151 rum
2186 3114 2204 3151 :
2226 3108 2272 3151 et
2288 3098 2569 3152 dominatio
2598 3108 2686 3152 tua
2710 3098 2765 3152 in
2787 3099 2923 3152 omni
2945 3102 3269 3171 generatione
3300 3111 3346 3157 et
3377 3094 3634 3174 progenie.

340 3188 485 3246 Deus
505 3194 640 3264 ejus.
691 3182 759 3245 Et
807 3188 924 3246 lucc
951 3201 1116 3257 sunt,
1165 3201 1424 3260 quantum
1468 3191 1705 3247 arbitror
1724 3234 1739 3259 ,
1775 3191 1938 3264 hujus
1963 3196 2008 3259 C
2045 3186 2242 3243 Fidelis
2266 3174 2519 3244 Dominus
2559 3188 2612 3243 in
2664 3184 2827 3244 verbis
2854 3190 2981 3257 suis,
3012 3200 3058 3244 et
3086 3202 3295 3249 sanctus
3323 3193 3377 3248 in
3405 3192 3639 3253 ontuibtls

338 3285 523 3340 Strculi
566 3282 704 3338 bona
747 3284 1023 3338 communi
1070 3284 1443 3338 universorum
1493 3280 1652 3339 beata
1691 3283 1934 3354 judicio,

336 3391 429 3432 res
456 3376 641 3432 saeculi
684 3366 832 3446 loqui
863 3384 1026 3444 atque
1056 3390 1247 3445 agere,
1279 3389 1472 3443 rapere
1502 3384 1593 3429 aut
1631 3390 1813 3433 emere
1839 3368 1938 3435 lio-

343 3484 509 3525 norcs
528 3511 543 3536 ,
573 3468 673 3524 sub
707 3469 878 3540 pretio
908 3456 1044 3524 falso
1074 3467 1339 3523 ditescere
1364 3508 1379 3535 ,
1405 3462 1628 3538 gloriari
1657 3468 1711 3522 in
1739 3467 1936 3525 adultae

335 3573 516 3623 aetatis
552 3566 772 3633 liberis,
808 3581 1037 3636 quorum
1081 3563 1489 3619 efﬂorescentes
1530 3563 1658 3619 anni
1702 3564 1935 3620 novellae

336 3658 718 3715 exsultationis
742 3656 996 3712 ﬁrmitate
1018 3650 1311 3723 conlidant,
1336 3666 1525 3726 optare
1552 3654 1784 3725 speciosi
1813 3671 1935 3711 cor~

335 3750 487 3822 poris
516 3751 676 3819 ﬁlias,
705 3759 869 3821 atque
900 3750 1067 3806 easin
1097 3748 1315 3804 modum
1360 3748 1546 3819 templi
1579 3746 1776 3804 damno
1815 3747 1936 3804 inu-

338 3844 420 3900 tili
470 3845 714 3915 pecuniae
760 3842 997 3915 ingentis
1037 3857 1276 3909 ornare,
1328 3840 1695 3913 multiplicatis
1741 3826 1934 3897 horrea

332 3939 603 3995 fructibus
646 3953 901 4009 rumpere
925 3981 941 4005 ,
981 3954 1103 4009 quae
1132 3943 1418 4007 congestas
1446 3950 1577 4005 opes
1623 3935 1677 3990 in
1718 3951 1935 4015 promp-

335 4033 508 4088 tuaria
531 4033 634 4088 alia
666 4042 891 4103 angusta
926 4030 1008 4087 bis
1028 4047 1147 4103 quae
1165 4031 1218 4085 in
1246 4045 1307 4085 se
1333 4028 1641 4084 conduntur
1663 4032 1931 4096 eructent,

332 4124 622 4197 geminatis
648 4139 863 4195 quoque
892 4139 1022 4179 oves
1063 4121 1261 4178 fetibus
1293 4108 1435 4176 velle
1462 4161 1478 4188 ,
1510 4135 1644 4191 quas
1687 4135 1934 4192 egressas

334 4217 522 4273 nullus
548 4216 676 4272 ferae
704 4230 963 4272 occursus
994 4213 1298 4280 imminuat,
1328 4210 1587 4269 delectari
1619 4210 1781 4267 boum
1810 4227 1936 4268 suo-

334 4325 458 4365 rum
503 4308 727 4379 sagina,
801 4310 1159 4378 circumsepta
1217 4308 1383 4362 etiam
1435 4305 1722 4360 domorum
1778 4305 1931 4379 ﬁrma

334 4399 608 4472 praebere,
638 4416 706 4456 ne
735 4399 1051 4455 transeundi
1079 4413 1175 4466 per
1203 4413 1265 4454 ea
1292 4399 1542 4469 cuiquam
1568 4399 1640 4452 sit
1660 4407 1929 4469 potestas;

334 4507 448 4547 non
477 4472 629 4558 liere,
659 4506 766 4546 non
798 4474 1004 4563 lugere,
1038 4506 1145 4546 non
1172 4505 1413 4563 gemere,
1444 4482 1537 4545 sed
1570 4505 1829 4562 prospero
1857 4490 1935 4547 le-

2045 3278 2209 3352 (lnl‘ra
2229 3276 2444 3336 additur
2470 3280 2738 3353 aperibus)
2766 3278 2890 3337 suis.
2931 3276 3217 3353 Suffulciei
3244 3284 3499 3343 Dominus
3525 3306 3638 3343 om-

2040 3392 2129 3432 nes
2155 3376 2241 3447 qui
2271 3387 2514 3431 corruunt
2544 3368 2726 3450 (Infra,
2746 3376 3276 3447 su/fulcit,ruunt),et
3301 3375 3509 3453 corrigit
3534 3366 3642 3454 (ln-

2040 3468 2144 3538 fra,
2167 3470 2335 3544 erigit)
2360 3484 2533 3524 omnes
2558 3471 2728 3525 elisos.
2761 3470 2912 3547 Oculi
2941 3473 3171 3526 omnium
3189 3472 3243 3526 in
3274 3484 3321 3527 te
3342 3482 3566 3547 sperant,
3591 3489 3639 3533 et

2040 3559 2134 3615 das
2157 3552 2347 3633 (Infra,
2379 3552 2598 3614 Domine
2624 3569 2671 3614 et
2695 3570 2747 3613 tu
2770 3544 2884 3631 das)
2913 3578 3081 3615 escam
3102 3562 3310 3617 illorum
3413 3559 3639 3638 tempore

2040 3661 2351 3723 opportuno.
2385 3646 2565 3725 Aperis
2590 3661 2646 3705 tu
2671 3668 2882 3706 manum
2913 3662 3070 3721 tuam,
3106 3664 3154 3707 et
3196 3655 3384 3725 imples
3436 3674 3633 3712 omnem

2037 3746 2263 3800 animam
2286 3745 2620 3819 beneplacito.
2651 3746 2833 3801 Justus
2861 3745 3116 3803 Dominus
3163 3750 3216 3803 in
3255 3751 3492 3806 omnibus
3539 3748 3633 3807 viis

2037 3837 2145 3893 suis
2168 3854 2187 3893 :
2210 3847 2257 3892 et
2287 3849 2493 3893 sanctus
2533 3840 2587 3892 in
2641 3823 2873 3893 omnibus
2920 3834 3158 3909 operibus
3185 3828 3313 3896 suis.
3349 3838 3522 3914 Prope
3562 3855 3635 3898 est

2040 3932 2291 3991 Dominus
2345 3916 2765 4010 omnibus(lnl'ra
2792 3938 2945 3994 abest
2998 3940 3636 4010 omnibus)inuocantibus

2037 4047 2174 4096 eum,
2200 4030 2435 4086 omnibus
2455 4031 2806 4113 invocantibus
2833 4048 2950 4084 eum
2978 4031 3031 4085 in
3058 4031 3282 4086 veritate.
3307 4032 3633 4089 Voluntatem

2038 4125 2322 4179 timentium
2342 4141 2395 4179 se
2410 4125 2538 4197 facit
2563 4122 2747 4198 (Infra,
2776 4124 2927 4195 faciet
2952 4126 2989 4194 ),
3037 4135 3081 4179 et
3129 4125 3414 4179 orationem
3461 4143 3634 4181 eorum

2037 4217 2292 4279 exaudiet,
2314 4225 2360 4270 et
2386 4216 2553 4270 salros
2584 4216 2731 4288 faciet
2759 4234 2867 4273 eos.
2901 4215 3160 4273 Custodiet
3182 4216 3434 4275 Dominus
3460 4237 3633 4276 omnes

2038 4304 2305 4380 diligentes
2329 4302 2512 4379 (Infra,
2531 4308 2751 4365 custodit
2773 4308 2912 4364 Deus
2934 4310 3223 4383 diligentes)
3240 4312 3429 4383 ipsum,
3458 4322 3505 4366 et
3526 4330 3635 4367 om-

2037 4418 2127 4457 nes
2157 4409 2449 4474 peccatores
2475 4390 2750 4476 disperdet.
2780 4404 3153 4460 Laudationem
3181 4404 3278 4459 Dei
3303 4403 3491 4480 (Infra,
3525 4388 3634 4459 Do-

2040 4496 2190 4566 mini)
2217 4495 2448 4567 loquetur
2476 4514 2531 4551 os
2557 4514 2722 4552 meum
2747 4540 2761 4564 ,
2795 4510 2839 4553 et
2880 4486 3142 4554 benedicat
3185 4500 3350 4554 omnis
3378 4515 3500 4554 caro
3540 4514 3633 4553 no-

335 4585 561 4642 licitatis
610 4601 724 4640 sua:
779 4600 942 4641 cursu
992 4586 1134 4641 nulla
1174 4585 1417 4642 adversa:
1455 4586 1776 4641 calamitatis
1817 4600 1935 4641 mo-
1961 4592 2014 4653 D
2042 4606 2154 4644 men
2182 4598 2415 4644 sanctum
2441 4591 2550 4657 ejus
2578 4592 2632 4645 in
2663 4580 2906 4647 sceculum
2935 4600 2981 4646 et
3010 4593 3062 4645 in
3093 4592 3337 4646 steculum
3364 4592 3558 4646 steculi.

334 4679 491 4736 lestia
534 4680 804 4749 impediri.
836 4680 1063 4737 Beatum
1108 4668 1247 4735 hunc
1291 4680 1546 4752 populum
1589 4683 1673 4736 cui
1705 4679 1819 4735 haec
1846 4695 1932 4734 es-

335 4782 460 4829 sent
487 4772 747 4827 dixerunt
792 4790 805 4825 :
837 4756 933 4828 sed
969 4772 1238 4841 PrOphcta
1266 4772 1367 4827 scit
1397 4771 1585 4827 falsam
1626 4787 1749 4828 esse
1773 4760 1939 4842 hujus

337 4850 692 4921 beatitudinis
730 4865 1064 4935 opinionem.
1089 4852 1228 4933 Quid
1265 4864 1409 4918 enim
1439 4864 1554 4919 haec
1605 4872 1683 4919 tot
1706 4873 1758 4918 et
1789 4874 1932 4920 tanta

335 4958 522 5014 saeculi
548 4957 684 5012 bona
707 4938 771 5013 ad
795 4942 984 5023 vitam,
1007 4972 1127 5026 qua:
1157 4958 1332 5011 morte
1352 4946 1743 5027 intercipienda
1764 4966 1931 5026 esset,

336 5048 665 5121 acquirent?
692 5032 759 5103 Et
782 5034 904 5104 ideo
929 5049 1017 5120 qui
1045 5047 1272 5118 populus
1300 5030 1486 5131 beatus
1508 5060 1671 5114 esset,
1697 5049 1934 5106 ostendit

335 5143 545 5207 dicens,
570 5140 761 5197 Beatus
782 5143 1006 5214 populus
1025 5144 1177 5216 cujus
1200 5139 1451 5195 Dominus
1474 5141 1610 5196 Deus
1632 5143 1763 5215 ejus.
1790 5142 1933 5203 Deus

334 5234 430 5292 ille
461 5216 751 5302 Dominus,
783 5234 875 5307 qui
910 5249 1032 5290 cum
1058 5233 1339 5305 superiora
1368 5231 1486 5288 haec
1515 5240 1728 5290 terrena
1785 5251 1929 5306 prte-

411 5429 489 5515 fa)
528 5428 687 5515 Bad,
728 5428 820 5485 Er.
847 5429 1088 5515 etuas.
1133 5429 1477 5515 conditionem
1504 5445 1522 5485 :
1547 5431 1690 5501 quod
1720 5438 1776 5515 et
1804 5442 1943 5515 praef

340 5500 478 5557 tulit
498 5510 765 5575 postrema
794 5500 968 5575 editio
992 5500 1130 5575 APar.
1182 5501 1496 5575 Retinemus
1522 5500 1642 5575 cum
1674 5500 1842 5575 prima
1888 5512 1945 5559 et

341 5586 446 5630 ms.
480 5573 918 5641 conjunctionem,
958 5572 1008 5626 id
1042 5580 1154 5636 ,est,
1189 5574 1542 5641 societatem;
1573 5573 1651 5629 sic
1675 5572 1820 5628 enim
1851 5575 1945 5630 lia-

345 5646 507 5699 bctur
548 5646 601 5703 in
633 5645 767 5713 psal.
803 5658 968 5707 van,
998 5658 1051 5697 n.
1084 5643 1152 5697 57
1183 5662 1196 5699 :
1223 5642 1480 5698 Mirabilis
1519 5662 1637 5715 ergo
1664 5646 1716 5698 in
1758 5647 1946 5701 sanctis

348 5716 489 5771 Deus
518 5726 612 5782 est,
646 5726 773 5787 quos
802 5728 915 5787 cum
940 5717 1230 5787 conformes
1256 5715 1436 5786 gloria
1460 5717 1687 5785 corporis
1711 5718 1791 5771 sui
1816 5721 1949 5787 fece-

351 5788 441 5857 rit,
473 5803 563 5859 per
583 5803 637 5843 se
662 5786 752 5857 qui
778 5786 1157 5855 mediator'est,
1187 5788 1341 5843 etiam
1365 5787 1419 5843 in
1446 5789 1692 5846 unitatem
1722 5786 1948 5859 patet-nte

2466 4679 2881 4739 TRACTATUS
2934 4680 3201 4737 PSALMI.

2116 4774 2166 4829 1.
2200 4771 2431 4830 Christus
2460 4774 2555 4828 hoc
2582 4776 2781 4847 psalmo
2816 4776 3020 4829 nomine
3058 4774 3224 4840 David
3268 4764 3529 4830 laudatur.
3561 4803 3633 4814 -—

2041 4867 2334 4924 Absolutus
2362 4878 2443 4925 est
2487 4869 2737 4925 Psalmus
2760 4912 2774 4936 ,
2811 4870 2903 4925 Dei
2946 4870 3150 4927 tantum
3180 4868 3428 4926 laudibus
3468 4886 3630 4927 occu-

2040 4970 2219 5032 patus.
2249 4962 2355 5019 Sed
2391 4971 2447 5018 et
2478 4963 2661 5019 titulus
2702 4965 2817 5034 ipse
2847 4963 3016 5018 solam
3042 4965 3309 5021 contineri
3338 4965 3390 5020 in
3419 4967 3630 5036 psalmo

2041 5052 2474 5122 praedicationem
2500 5037 2589 5110 Dei
2614 5053 2822 5111 edocet.
2847 5053 3075 5121 Adjecto
3100 5064 3302 5125 autem,
3328 5057 3626 5114 secundum

2039 5144 2331 5212 grmcitatis
2358 5144 2826 5212 consuetudinem,
2857 5162 2998 5201 nunc
3024 5162 3237 5219 quoque
3268 5157 3325 5204 ut
3345 5149 3398 5205 in
3420 5150 3632 5207 caeteris

2041 5236 2161 5291 aliis
2194 5224 2516 5308 pronomine
2541 5280 2556 5306 ,
2587 5240 2827 5295 ostendit
2856 5240 3004 5296 illum
3039 5241 3207 5299 David
3249 5242 3354 5300 isto
3383 5224 3633 5300 laudante

2052 5437 2333 5517 majestati's
2374 5448 2599 5493 assumet
2623 5457 2642 5495 :
2670 5434 2792 5495 dum
2815 5450 2884 5517 _et
2919 5443 2973 5498 in
3016 5460 3074 5500 eo
3101 5463 3190 5517 per
3216 5455 3450 5501 naturam
3480 5440 3640 5505 Pater

2056 5517 2232 5582 esttet
2260 5511 2351 5582 ille
2374 5525 2581 5564 rursum
2602 5529 2691 5582 per
2719 5514 3012 5570 societatem
3036 5511 3203 5572 carnis
3230 5519 3281 5571 in
3303 5517 3444 5572 nobis
3471 5531 3565 5574 est.

2133 5578 2209 5661 (b)
2251 5581 2545 5661 §_in_gular_is
2598 5578 2681 5638 est
2720 5582 2836 5639 haec
2883 5586 3119 5661 clausula
3168 5603 3263 5656 per
3297 5586 3638 5661 dosologiam

2068 5650 2229 5707 totius
2259 5650 2559 5717 Ttillilalis,
2607 5668 2726 5710 cum
2776 5657 2959 5713 cmteri
3003 5650 3260 5717 iracta'tus
3304 5659 3474 5716 solius
3497 5650 3644 5721 “Filii

2054 5721 2430 5782 benedictione
2455 5722 2632 5782 claudi
2662 5727 2888 5785 soleant.
