4134 6184
288 5889 364 5931 Ἡ».

456 339 565 397 855

1677 331 1924 393 SANCTI
1949 332 2208 392 HILARII
2245 330 2549 390 EPISCOPl

3653 331 3768 390 856

460 456 688 513 laudari.
722 455 792 512 Et
833 455 956 526 quis
982 453 1071 509 hic
1109 453 1218 519 sit,
1251 467 1408 522 quem
1453 453 1689 524 psalmus
1717 453 1805 510 hic
1833 453 2056 522 laudet,
2086 457 2135 518 Α
2165 454 2326 510 Patre
2353 451 2562 508 laudari
2597 468 2611 507 :
2639 459 2694 507 et
2730 465 2852 507 cum
2875 466 2941 508 ex
2971 451 3292 507 substantiae
3315 449 3675 507 similitudine
3699 465 3771 509 ac

461 552 703 608 clamant
730 549 968 605 omnium
998 557 1301 619 temporum
1330 562 1518 604 omnes
1545 549 1864 620 prophetiae,
1884 557 1943 604 ut
1968 548 2054 604 hic

468 646 584 716 ipse
609 642 879 713 Propheta
910 658 1056 712 saepe
1085 641 1153 698 de
1179 657 1244 698 eo
1271 642 1343 696 ita
1372 651 1708 698 contestatus
1735 650 1820 698 est
1851 660 1862 694 :
1893 640 2055 697 Sedes

467 749 555 792 tua
592 735 732 790 Deus
776 737 832 790 in
873 735 1119 790 swculum
1156 735 1334 790 saeculi
1355 776 1372 800 ,
1403 737 1546 805 virga
1573 734 1825 806 wquitatis
1850 776 1864 801 ,
1892 734 2053 806 621

462 831 606 901 virga
628 828 771 899 regni
786 828 877 882 tui.
898 826 1139 882 Dilexisti
1157 827 1441 896 justitiam,
1465 836 1511 881 et
1529 828 1681 881 odisti
1705 827 2057 897 iniquitatem;

465 930 733 994 propterea
760 921 907 976 unxit
927 929 992 986 te,
1018 919 1177 983 Deus,
1197 917 1338 973 Deus
1360 919 1647 989 tuus(Psal.
1677 934 1820 984 xm,
1846 919 1878 972 7
1901 960 1915 982 ,
1973 915 2054 988 8).

463 1015 534 1068 Et
575 1027 786 1068 rursum
818 1029 830 1066 :
863 1011 932 1066 Et
964 1012 1252 1066 adorabunt
1273 1027 1386 1066 eum
1422 1027 1594 1066 ontnes
1615 1027 1776 1082 rcges,
1817 1019 1864 1064 et
1889 1024 2063 1064 omnes

465 1116 636 1178 gentes
657 1105 871 1160 servient
888 1105 952 1160 ei.
973 1105 1086 1159 Erit
1103 1123 1284 1160 nomen
1301 1105 1416 1173 eius
1435 1105 1749 1159 benedictum
1772 1103 1825 1157 in
1846 1102 2056 1171 swcula,

466 1207 584 1252 ante
605 1199 762 1253 solem
789 1206 1050 1270 permanet
1078 1214 1259 1252 nomen
1283 1201 1420 1272 ejus.
1450 1195 1514 1251 Et
1540 1196 1896 1251 benedicentur
1923 1197 1975 1250 in
2003 1212 2062 1250 eo

470 1308 643 1346 omnes
681 1291 840 1345 tribus
872 1300 1022 1346 terra:
1049 1333 1064 1357 ,
1099 1308 1271 1347 omnes
1299 1302 1469 1362 gentes
1501 1290 1900 1362 magniﬁcabunt
1947 1305 2063 1344 eum

469 1385 592 1458 (Ps.
652 1402 795 1452 Lxxt,
842 1389 899 1442 ll
935 1429 949 1452 ,
983 1386 1093 1460 17).
1124 1386 1293 1456 Hujus
1327 1387 1486 1455 igitur
1527 1386 1644 1440 laus
1668 1395 1915 1440 cantatur
1963 1385 2064 1438 hoc

472 1481 701 1551 psalmo,
732 1497 798 1536 ex
839 1480 991 1550 cujus
1028 1495 1257 1550 persona
1299 1479 1506 1535 dictum
1558 1479 1925 1544 meminimus,
1955 1476 2064 1547 Ego

467 1585 636 1629 autem
685 1577 992 1629 constitutus
1036 1591 1149 1628 sum
1177 1588 1269 1627 rex
1288 1572 1348 1626 ab
1381 1589 1439 1628 eo
1467 1589 1620 1642 super
1666 1571 1796 1627 Sion
1843 1579 2068 1625 montem

467 1675 700 1720 sanctum
721 1667 848 1733 eius.
866 1665 1117 1720 Dominus
1143 1664 1272 1718 dixit
1297 1664 1364 1717 ad
1393 1679 1492 1730 nte,
1517 1661 1688 1716 Filius
1717 1677 1859 1715 meus
1910 1677 1962 1714 es
1989 1670 2065 1727 tu,

473 1773 569 1829 ego
597 1757 750 1812 hodie
775 1762 931 1830 genui
955 1767 1021 1812 te.
1051 1757 1209 1811 Posce
1233 1774 1265 1810 a
1289 1772 1388 1819 me,
1417 1765 1463 1808 et
1494 1753 1627 1808 dabo
1654 1754 1741 1807 tibi
1765 1763 1938 1824 gentes
1963 1753 2069 1808 ha:-

2161 550 2495 620 pr0prietate
2522 557 2730 604 natura:
2758 547 2894 603 alter
2924 547 2976 602 in
3003 547 3177 602 altero
3207 547 3297 612 sit,
3331 554 3389 602 et
3416 546 3576 602 ambo
3596 561 3769 604 unum

2158 645 2285 711 sint,
2315 651 2372 700 et
2414 645 2504 714 qui
2534 643 2671 698 vidit
2701 643 2938 710 Patrem,
2969 641 3152 697 videat
3177 649 3230 696 et
3257 640 3480 707 Filium,
3515 640 3763 713 (subaud.

2160 739 2474 793 meminisse
2511 735 2794 807 debemus)
2839 750 2946 790 non
2994 733 3218 789 dill‘erre
3265 734 3388 804 quis
3432 749 3501 789 ex
3550 732 3768 790 duobus

2161 830 2371 884 laudari
2401 829 2785 894 existimetur;
2833 843 2954 882 eum
2985 836 3272 896 utrumque
3312 826 3414 880 sibi
3457 826 3687 881 invicem
3712 836 3773 883 et

2161 922 2379 977 virtutis
2408 931 2572 990 atque
2598 935 2820 991 Operum
2843 919 3160 983 similitudo,
3193 925 3248 972 et
3271 916 3626 972 indifferentis
3672 933 3774 972 na-

2164 1023 2298 1070 tura:
2319 1029 2384 1069 ex
2405 1015 2568 1086 622
2595 1015 2752 1069 Patre
2775 1013 2887 1068 Deo
2913 1013 3095 1084 genita
3125 1021 3180 1067 et
3208 1011 3347 1073 Filio
3380 1012 3490 1066 Deo
3519 1020 3644 1067 nata
3685 1011 3774 1068 di-

2167 1109 2363 1164 vinitas
2388 1124 2554 1164 unum
2585 1122 2682 1164 eos
2706 1123 2828 1163 esse
2853 1114 3102 1162 testetur.

2236 1203 2290 1256 ἂ.
2331 1199 2398 1255 1η
2432 1218 2517 1256 eos
2559 1202 2645 1266 qui
2694 1199 2792 1254 Dei
2821 1199 3196 1270 providentiam
3240 1207 3329 1252 aut
3371 1197 3559 1252 animo:
3587 1205 3779 1268 negant

2165 1292 2625 1347 immortalitatem.
2679 1321 2750 1331 —
2801 1291 3026 1360 Coeptus
3068 1304 3197 1359 ergo
3248 1290 3319 1343 ita
3371 1288 3615 1358 psnlmus
3663 1297 3774 1356 est,

2170 1382 2336 1439 Vens.
2371 1384 2395 1436 1
2427 1392 2483 1439 et
2507 1383 2542 1436 ‘2
2583 1401 2596 1438 :
2641 1365 2902 1436 .Exaltabo
2931 1392 2979 1436 te
3003 1381 3141 1435 Deus
3170 1397 3309 1435 meus
3334 1387 3383 1435 et
3410 1396 3502 1434 rex
3531 1396 3695 1445 meus,
3727 1389 3781 1435 et

2171 1475 2467 1529 benedicam
2503 1491 2685 1528 nomen
2715 1483 2860 1528 tuum
2890 1475 2944 1527 in
2971 1474 3217 1528 steculam
3247 1482 3292 1526 et
3323 1472 3377 1526 in
3407 1472 3645 1526 arculum
3675 1487 3784 1526 ste-

2171 1567 2292 1622 culi.
2320 1565 2426 1622 Per
2455 1567 2686 1638 singulos
2713 1567 2822 1621 dies
2853 1565 3145 1620 benedicam
3164 1575 3230 1632 te,
3259 1573 3310 1619 et
3339 1564 3562 1619 laudabo
3581 1580 3783 1619 nomen

2174 1671 2318 1716 tuum
2344 1661 2399 1714 in
2418 1662 2662 1715 sarculum
2693 1668 2738 1714 et
2767 1660 2820 1714 in
2847 1660 3092 1714 steculunt
3121 1659 3316 1722 seaculi.
3348 1658 3505 1713 Ratio
3529 1665 3584 1713 et
3601 1659 3784 1714 virtus

2174 1753 2505 1825 propheticae
2559 1753 3034 1824 magniloquentia:
3089 1768 3184 1824 per
3222 1754 3486 1808 intentam
3518 1751 3786 1808 audiendi

476 1849 746 1904 reditatem
791 1860 951 1914 tuam,
997 1859 1043 1903 et
1070 1848 1438 1920 possessionem
1467 1855 1609 1901 tuam
1641 1846 1882 1900 terminos
1904 1855 2069 1899 teme.
2103 1855 2151 1914 B
2180 1846 2509 1917 diligentiam
2541 1844 2813 1900 noscenda
2843 1854 2945 1901 est.
2969 1844 3061 1900 Ait
3084 1846 3228 1899 enim
3257 1843 3545 1899 :E-xaltabo
3573 1855 3620 1899 te
3640 1843 3786 1897 Deus

471 1939 638 2013 Reges
666 1957 751 1996 eos
789 1941 842 1994 in
870 1940 1012 2012 virga
1039 1940 1209 2010 ferrea
1250 1938 1367 2011 (Ps.
1425 1955 1483 2006 ιι,
1511 1937 1544 1992 6
1588 1946 1635 1992 et
1685 1938 1875 2008 seqq.).
1905 1935 2073 2008 Cujus

470 2033 621 2102 regni
646 2031 1038 2100 perennitatem
1063 2031 1248 2085 Daniel
1273 2031 1342 2083 ita
1367 2037 1699 2085 contestatus
1722 2037 1828 2094 est,
1853 2029 2069 2085 dicens:

473 2121 546 2176 Et
566 2125 617 2176 in
640 2123 817 2177 diebus
836 2139 1046 2196 regnum
1065 2122 1274 2176 illorum
1294 2121 1533 2177 excitabit
1554 2120 1696 2176 Deus
1721 2121 1831 2176 ctin
1860 2137 2074 2195 regnum

470 2214 637 2281 aliud,
653 2215 788 2285 quod
809 2230 1090 2286 numquam
1117 2223 1474 2285 corrumpetur
1501 2231 1659 2286 usque
1686 2215 1739 2268 in
1759 2216 1971 2281 swcula,
1995 2232 2076 2270 re-

471 2325 730 2380 gnumque
756 2311 868 2380 ejus
893 2309 1044 2364 alteri
1059 2313 1364 2381 population
1391 2309 1705 2379 relinquetur
1729 2325 1746 2363 :
1770 2311 2078 2365 comminuet

474 2411 522 2457 et
544 2403 802 2457 ventilobit
824 2403 995 2456 omnia
1015 2419 1196 2473 regna,
1220 2412 1265 2456 et
1285 2401 1378 2456 hoc
1393 2418 1604 2476 regnum
1619 2402 2076 2476 (subaud.,stabit)

473 2495 529 2548 in
547 2503 792 2548 internum
808 2491 1159 2566 (Dan.n,M).
1176 2493 1242 2547 Et
1256 2509 1501 2564 rursum:
1521 2492 1588 2547 Et
1602 2509 1716 2549 ecce
1735 2511 1848 2548 cum
1861 2495 2078 2550 nubibus

479 2589 612 2655 cwli,
644 2590 776 2645 sicut
805 2590 944 2659 ﬁlius
971 2589 1192 2644 hominis
1218 2590 1446 2657 veniens,
1478 2599 1524 2644 et
1552 2606 1714 2661 usque
1739 2591 1808 2644 ad
1828 2601 2078 2646 vetustum

477 2684 677 2738 dierum
706 2683 954 2755 pervenit,
987 2691 1036 2736 et
1061 2681 1266 2736 oblatus
1297 2690 1372 2736 est
1400 2681 1468 2745 ei,
1499 2691 1548 2735 et
1583 2682 1735 2735 datus
1766 2692 1837 2736 est
1865 2684 1912 2736 ei
1938 2684 2082 2754 prin-

479 2777 676 2848 cipatus
701 2784 747 2830 et
771 2776 936 2830 honor
956 2783 1004 2830 et
1032 2792 1242 2849 regnum
1271 2791 1289 2828 :
1317 2783 1367 2829 et
1395 2789 1570 2829 omnes
1611 2776 1817 2848 populi,
1845 2776 2007 2831 tribus
2034 2789 2081 2834 et

479 2870 672 2941 lingua:
691 2869 906 2923 servient
923 2869 988 2935 ei,
1015 2877 1061 2922 et
1089 2877 1310 2937 potestas
1324 2868 1434 2938 ejus
1456 2877 1680 2940 potestas
1703 2878 1948 2940 perpetua
1965 2887 2082 2941 qua:

479 2977 755 3032 numquam
781 2961 1055 3028 transibit,
1087 2970 1135 3014 et
1163 2977 1377 3030 regnum
1420 2963 1530 3032 ejus
1568 2977 1670 3015 non
1725 2972 2082 3034 corrumpetur

483 3050 648 3126 (Dan.
679 3067 775 3120 vn,
808 3053 895 3121 15,
932 3051 1042 3125 14).
1079 3053 1175 3107 ilic
1198 3053 1360 3122 igitur
1388 3068 1484 3108 rex
1527 3054 1774 3110 laudatur
1820 3071 1916 3126 per
1956 3059 2080 3129 ista,

483 3161 607 3216 quae
623 3145 830 3214 psalmo
857 3146 1202 3202 continentur
1223 3164 1236 3200 :
1255 3145 1511 3202 Exaltabo
1536 3158 1584 3202 te
1596 3147 1738 3203 Deus
1764 3166 1907 3205 meus
1923 3163 1970 3204 et
1991 3168 2084 3206 rea:

2177 1954 2319 1992 meus
2348 1948 2391 1991 et
2422 1953 2513 1990 rex
2540 1953 2701 1990 meus.
2741 1935 2890 1991 Multi
2927 1935 3091 1991 Deum
3123 1951 3220 2007 per
3244 1951 3329 2001 ea,
3359 1950 3478 2006 qua:
3510 1934 3566 1989 in
3595 1935 3789 2005 operi-

2175 2028 2278 2084 bus
2306 2027 2488 2083 mundi
2541 2027 2611 2083 ab
2660 2043 2727 2082 eo
2783 2028 3014 2082 instituti
3070 2027 3364 2099 cognitioni
3406 2033 3608 2082 nostra:
3653 2034 3791 2082 sunt

2178 2121 2440 2192 subjecta,
2499 2118 2846 2190 magniﬁcam
2895 2137 2909 2176 :
2961 2119 3057 2176 sed
3096 2120 3250 2190 pauci
3282 2127 3430 2185 sunt,
3459 2119 3549 2189 qui
3599 2133 3788 2189 regem

2178 2213 2280 2269 sibi
2333 2213 2570 2269 futurum
2607 2213 2775 2269 velint
2828 2212 3072 2278 credere,
3123 2211 3252 2267 dum
3294 2220 3389 2265 aut
3439 2224 3624 2265 curam
3684 2224 3790 2265 ne-

2178 2314 2307 2376 gant
2337 2304 2413 2377 (a)
2446 2305 2806 2360 humanorum
2837 2319 3062 2375 operum
3095 2304 3205 2358 Deo
3245 2317 3390 2368 esse,
3423 2311 3517 2357 aut
3545 2301 3613 2357 ad
3645 2316 3790 2358 con-

2181 2402 2463 2458 solandam
2485 2417 2674 2457 eorum
2711 2417 2833 2472 qua:
2885 2400 3048 2471 impie
3095 2409 3321 2471 egerunt
3369 2399 3790 2463 conscientiam,

2181 2503 2510 2564 praesumpta
2532 2494 2727 2548 animae
2755 2501 2811 2548 et
2835 2493 3079 2564 corporis
3118 2489 3415 2547 abolitione
3434 2531 3448 2556 ,
3487 2490 3681 2546 nolunt
3705 2489 3794 2545 di-

2183 2595 2364 2648 vinum
2397 2591 2452 2646 in
2483 2592 2655 2648 bonos
2685 2602 2740 2648 et
2761 2591 2932 2646 malos
2957 2589 3310 2647 constitutum
3339 2600 3463 2642 esse.
3497 2585 3785 2660 judicium.

2185 2685 2292 2743 Sed
2333 2683 2598 2756 propheta
2639 2685 2767 2740 hinc
2795 2682 3125 2756 praedicandi
3165 2684 3260 2739 Dei
3286 2681 3452 2739 sumit
3477 2680 3789 2749 exordium,

2184 2777 2326 2848 ‘quod
2354 2777 2455 2832 sibi
2485 2792 2578 2832 rex
2608 2776 2697 2831 sit.
2730 2775 2836 2832 Sed
2864 2787 2918 2832 et
2949 2791 3092 2831 nunc
3119 2776 3336 2846 quidem
3394 2787 3590 2830 nomen
3637 2772 3786 2842 ejus,

2185 2868 2274 2938 qui
2307 2867 2409 2923 sibi
2435 2882 2526 2923 rex
2557 2877 2717 2938 atque
2758 2869 2897 2923 Deus
2928 2869 3020 2936 sit,
3045 2868 3115 2923 ob
3135 2868 3592 2937 exspectationem
3622 2865 3784 2936 regni

2150 3037 2154 3039 ἢ
2186 2960 2476 3027 benedicit,
2499 2976 2619 3016 cum
2665 2961 2741 3016 ait
2779 2979 2790 3014 :
2819 2959 3129 3016 Benedicam
3154 2977 3334 3016 nomen
3367 2971 3508 3014 tuum
3536 2961 3590 3012 in
3614 2973 3789 3012 sarcu-

2187 3051 2314 3106 lum.
2349 3052 2455 3109 Sed
2499 3053 2622 3124 quia
2653 3053 2755 3109 scit
2783 3067 2843 3108 se
2883 3055 3109 3123 gratiam
3163 3053 3275 3108 Deo
3303 3063 3464 3123 atque
3509 3055 3616 3121 regi
3654 3064 3789 3121 suo,

2186 3147 2348 3203 etiam
2380 3155 2489 3202 tum
2521 3162 2644 3203 cum
2687 3147 2737 3202 in
2775 3161 2941 3218 regno
2983 3147 3100 3217 ejus
3129 3156 3367 3212 maneat,
3398 3146 3622 3210 debere;
3653 3145 3790 3216 quia

483 3254 656 3293 meus:
677 3248 728 3293 et
746 3252 840 3307 per
859 3237 1008 3302 illud,
1033 3238 1308 3293 Sanctitui
1327 3241 1712 3310 conﬁtebuntur
1730 3244 1841 3308 tibi,
1861 3245 2082 3316 gloriam
2107 3239 2154 3302 C
2187 3238 2458 3294 (lemmata
2495 3238 2684 3294 θειάυοὶ
2712 3239 2956 3309 ροτροτὶε
2982 3240 3062 3294 SUi
3089 3239 3422 3307 inﬁrmitate,
3451 3237 3792 3309 depulsoque

482 3330 628 3402 regni
651 3330 724 3383 tui
749 3329 938 3392 dicent,
967 3339 1014 3384 et
1035 3329 1311 3401 potentiam
1329 3340 1469 3384 tuam
1487 3332 1977 3402 loquentur.Notam
2003 3338 2084 3406 fa—

485 3423 622 3478 ciant
639 3421 762 3492 ﬁliis
786 3421 1050 3475 hominum
1073 3422 1351 3490 potentiam
1377 3431 1538 3488 luant,
1567 3433 1618 3477 el
1639 3423 1863 3495 gloriam
1886 3427 2086 3496 magni-

463 3515 705 3587 ﬁcentia:
730 3515 874 3586 regni
893 3515 990 3567 tui.
1014 3514 1252 3585 Regnum
1269 3525 1409 3569 tuum
1430 3531 1642 3587 regnum
1671 3518 1902 3571 omnium
1923 3534 2086 3576 διεσα-

486 3608 655 3662 lorum
679 3649 694 3674 ,
725 3617 772 3662 et
805 3607 1090 3662 dominatio
1119 3617 1209 3661 tua
1247 3607 1302 3661 in
1328 3609 1469 3662 omni
1510 3609 1838 3680 generatione
1881 3621 1930 3666 et
1963 3627 2086 3681 pro—

485 3702 650 3772 genie.

557 3794 613 3848 2.
643 3793 742 3846 Dei
763 3793 832 3846 ad
850 3793 1241 3848 admirationem
1263 3793 1744 3851 instituintur.—Et
1760 3813 2085 3868 quamquam

486 3887 577 3942 hic
604 3886 674 3942 ob
704 3887 894 3942 aeterni
923 3887 1073 3958 regni
1099 3886 1350 3957 gloriam,
1379 3902 1487 3960 qua
1513 3891 1715 3945 sanctis
1743 3906 2085 3964 eonregnan-

485 3981 630 4038 tibus
658 3981 772 4051 ipse
812 3980 1077 4052 regnabit,
1117 3981 1235 4037 laus
1267 3981 1378 4036 Deo
1425 3982 1706 4054 prophetae
1743 3985 2086 4045 confessione

485 4083 764 4141 cantetur;
798 4083 978 4131 tamen
1005 4075 1077 4131 ita
1112 4075 1439 4132 laudationis
1472 4078 1642 4148 ipsius
1671 4081 1809 4134 ratio
1853 4089 1908 4136 et
1950 4083 2084 4138 ordo

485 4169 778 4239 dispositus
805 4177 907 4234 est,
943 4176 1106 4233 utea,
1139 4185 1259 4240 quae
1286 4170 1354 4225 de
1374 4186 1442 4226 eo
1471 4171 1612 4228 dicta
1643 4181 1789 4240 sunt,
1824 4187 1888 4228 ex
1922 4187 2083 4228 sensu

485 4260 790 4316 communis
816 4259 1191 4330 intelligentia:
1221 4262 1585 4330 praedicentur
1615 4282 1629 4319 :
1663 4272 1721 4319 ut
1751 4265 1802 4319 in
1825 4273 2096 4335 quantum.

483 4354 706 4409 humani
737 4353 1004 4408 sermonis
1035 4354 1371 4409 consuetudo
1400 4357 1685 4424 permittit,
1715 4357 1784 4413 de
1820 4358 2084 4414 immensa

479 4447 569 4502 illa
600 4456 657 4502 et
699 4445 1233 4515 incomprehensibili
1281 4447 1374 4502 Dei
1423 4456 1634 4516 natura,
1685 4450 1813 4506 licet
1862 4467 1969 4506 non
2016 4452 2084 4506 ad

481 4537 776 4608 perfectam
809 4536 1133 4608 cognitionis
1168 4538 1472 4603 veritatem,
1506 4548 1685 4595 tamen
1736 4541 1803 4596 ad
1847 4541 2084 4597 admira-

2191 3331 2423 3387 inimica:
2472 3335 2661 3387 mortis
2687 3332 2937 3402 imperio,
2971 3332 3082 3400 regi
3109 3345 3208 3387 suo
3237 3329 3532 3386 conformis
3562 3337 3618 3385 et
3637 3343 3786 3386 coae-

2191 3434 2374 3479 ternus
2396 3424 2619 3480 adsistat
2653 3442 2667 3479 :
2696 3424 2916 3494 adjecit,
2945 3434 2992 3478 et
3018 3426 3073 3479 in
3093 3424 3332 3479 saeculum
3364 3424 3561 3490 saeculi,
3593 3421 3648 3478 id
3675 3432 3788 3490 est,

2188 3519 2244 3573 in
2267 3517 2357 3572 illo
2393 3518 2614 3586 saeculo,
2663 3533 2789 3588 quo,
2849 3518 3033 3573 habitu
3063 3517 3248 3573 saeculi
3291 3516 3450 3586 hujus
3501 3525 3780 3587 exempto,

2192 3608 2267 3683 (b)
2289 3610 2400 3680 jam
2461 3618 2518 3664 ut
2547 3611 2802 3666 sarculum
2829 3611 3011 3667 saeculi
3039 3650 3054 3677 ,
3098 3609 3414 3666 aeternitatis
3435 3611 3787 3666 successione

2207 3704 2575 3760 renovabitur.

2260 3797 2316 3851 5.
2356 3795 2735 3851 Benedictionis
2753 3806 2801 3852 et
2829 3795 2999 3851 laudis
3019 3796 3314 3851 discrimen.
3348 3792 3631 3864 Utrumque
3650 3808 3790 3848 sem-

2190 3906 2279 3961 per
2305 3890 2547 3945 debemus
2581 3891 2706 3946 Deo.
2740 3921 2809 3932 —
2841 3891 2907 3947 Et
2936 3891 2990 3946 in
3029 3889 3132 3945 hoc
3155 3889 3371 3961 quidem
3403 3887 3599 3943 saeculo
3632 3887 3792 3957 quis-

2187 3997 2292 4051 que
2314 3981 2641 4038 benedicens
2673 3983 2839 4038 Deum
2873 3990 3050 4053 potest
3070 3994 3179 4037 non
3197 3995 3416 4051 semper
3441 3981 3495 4035 in
3527 3978 3788 4035 benedic-

2189 4074 2350 4129 tionis
2369 4073 2549 4129 oflicio
2575 4089 2917 4145 permanere,
2941 4074 3068 4131 dum
3098 4073 3170 4148 (c)
3191 4084 3284 4130 aut
3304 4074 3450 4129 luctu
3471 4071 3786 4141 impeditur,

2189 4178 2281 4221 aut
2308 4176 2453 4223 metu
2471 4177 2785 4239 occupatur,
2805 4179 2899 4223 aut
2919 4167 3237 4239 aegritudine
3265 4168 3458 4222 anxius
3481 4165 3784 4235 detinetur;

2188 4268 2242 4312 et
2276 4268 2369 4314 aut
2411 4267 2752 4330 torpescente
2776 4261 2980 4328 animo,
3031 4270 3120 4314 aut
3171 4261 3399 4329 ingrato,
3436 4260 3487 4313 in
3530 4258 3790 4314 benedic-

2187 4348 2426 4407 tionibus
2449 4352 2542 4408 Dei
2559 4363 2738 4408 mutus
2759 4365 2860 4408 est.
2892 4352 2996 4409 Sed
3027 4351 3281 4423 perfectio
3304 4350 3634 4423 praphetalis
3661 4349 3788 4405 ﬁdei

2186 4444 2254 4499 ab
2283 4444 2436 4500 istius
2453 4444 2596 4499 modi
2617 4444 2990 4500 inlirmitatum
3011 4443 3471 4500 demutationibus
3491 4442 3660 4498 libera
3678 4451 3788 4510 est,

2188 4534 2394 4602 dicens,
2438 4534 2544 4590 Per
2571 4537 2801 4604 singulos
2847 4536 2960 4590 dies
2989 4537 3288 4591 benedicam
3335 4545 3401 4590 te.
3446 4533 3662 4590 Nullum
3691 4550 3788 4590 va-

481 4631 686 4686 tionem
715 4643 814 4684 nos
845 4629 1077 4699 ingentis
1104 4628 1270 4693 illius,
1301 4645 1421 4700 quae
1449 4629 1566 4700 ejus
1608 4639 1712 4699 est,
1745 4631 1957 4688 virtutis
2000 4632 2082 4687 in-
2106 4631 2158 4691 D
2185 4643 2344 4682 cuum
2389 4628 2550 4684 habet
2578 4638 2812 4699 tempus,
2841 4639 2896 4685 et
2920 4629 3038 4685 dies
3063 4630 3112 4685 ei
3144 4630 3287 4684 nulla
3313 4638 3397 4684 est
3432 4629 3626 4695 ctiosa,
3652 4629 3788 4699 quin

482 4725 690 4780 stituat.
735 4722 1035 4777 Possumus
1086 4722 1229 4777 enim
1271 4737 1395 4776 eum
1447 4725 1682 4778 maxime
1712 4732 1972 4794 quantum
2023 4726 2077 4780 in

482 4815 638 4870 nobis
661 4822 747 4870 est
773 4813 1029 4869 admirari
1064 4813 1356 4886 :eognosci
1383 4824 1564 4870 autem
1605 4830 1634 4870 a
1664 4815 1817 4871 nobis
1843 4825 2077 4888 quantus

479 4907 598 4975 ipse
626 4915 712 4961 est
737 4921 843 4961 non
873 4915 1074 4976 potest.

549 4997 603 5051 5.
648 4994 824 5052 Patris
848 5007 938 5052 aut
965 4995 1094 5052 Filii
1134 4997 1248 5051 laus
1280 5005 1354 5052 est
1392 5006 1591 5052 ntutua.
1628 5027 1700 5040 —-
1726 4997 1925 5053 Verum
1952 5013 2077 5054 cum

476 5087 532 5142 in
555 5087 701 5142 omni
731 5089 937 5157 psalmo
959 5089 1188 5160 simplex
1221 5090 1316 5144 Dei
1339 5099 1396 5145 et
1419 5089 1667 5146 absoluta
1688 5090 1925 5146 laudatio
1954 5101 2071 5159 est;

473 5178 789 5236 meminisse
833 5179 1095 5237 debemus
1142 5181 1359 5237 Patrem
1390 5182 1445 5238 in
1473 5180 1633 5249 Filio,
1663 5190 1719 5239 et
1766 5182 1964 5240 Filium
2015 5184 2072 5240 in

546 5340 627 5412 (a)
667 5340 742 5396 Ita
774 5337 998 5412 allectus
1019 5339 1232 5412 videtur
1257 5342 1485 5410 Tullius,
1515 5353 1573 5400 ut
1605 5343 1706 5400 hoc
1727 5359 1915 5400 verum
1942 5359 2066 5402 esse

475 5409 765 5484 voluisset;
791 5425 910 5466 cum
939 5409 1006 5464 de
1029 5411 1281 5468 Stratone
1308 5409 1638 5484 praemittens
1675 5415 1750 5471 lib
1784 5432 1836 5471 1v
1871 5426 2062 5484 QUEBSL

472 5483 642 5559 Acad.
670 5503 684 5559 ξ
713 5481 747 5559 .1
755 5499 842 5552 pse
870 5483 1285 5559 autemsingulas
1309 5481 1504 5540 'mundi
1537 5498 1706 5559 partes
1741 5481 2065 5559 persequens,

470 5553 722 5628 quidquid
749 5562 838 5607 aut
864 5553 1069 5628 sit,_aut
1098 5553 1207 5621 ﬁat,
1245 5553 1564 5628 naturalibus
1595 5559 1710 5628 fieri
1737 5553 1824 5612 aut
1875 5553 2068 5628 factum

471 5625 580 5682 esse
603 5628 743 5699 docet
762 5625 1067 5697 ponderibus
1091 5635 1139 5678 et
1181 5626 1438 5699 motibus;
1473 5625 1668 5685 exinde
1712 5625 1948 5699 snbjicit,
1979 5629 2070 5684 Sic

474 5699 561 5750 ille
592 5709 636 5750 et
669 5697 830 5750 Deum
857 5711 1008 5765 Opere
1032 5713 1218 5767 magno
1248 5697 1444 5767 liberat,
1486 5711 1531 5752 et
1574 5717 1651 5754 me
1695 5697 1893 5755 timore.
1943 5701 2068 5765 Quis

481 5769 611 5820 enim
637 5779 814 5834 potest,
841 5783 956 5820 cum
984 5766 1231 5822 existimet
1261 5785 1291 5820 a
1315 5766 1421 5821 Deo
1441 5786 1496 5824 se
1521 5773 1716 5835 curari,
1742 5790 1842 5827 non
1883 5783 1929 5826 et
1960 5772 2068 5827 dies

479 5845 526 5890 et
556 5838 964 5894 noctesdivinunt
996 5855 1182 5899 numen
1227 5839 1454 5896 horrere.
1511 5842 1570 5897 Si
1615 5841 1732 5899 haec
1757 5843 1972 5914 gentilis
1999 5844 2068 5901 de

2180 4735 2398 4792 semper
2440 4722 2494 4776 in
2526 4722 2957 4778 benedictionum
2988 4723 3333 4779 confessione
3359 4731 3626 4778 versetur.
3677 4722 3790 4779 Ac-

2182 4817 2312 4872 cidit
2340 4826 2520 4872 autem
2544 4817 2877 4888 frequenter,
2901 4830 2959 4874 ut
2993 4819 3062 4874 de
3094 4819 3289 4889 quibus
3315 4818 3454 4874 bene
3483 4819 3630 4891 loqui
3653 4833 3789 4891 pos-

2185 4908 2380 4974 simus,
2416 4909 2638 4964 laudare
2662 4924 2758 4966 eos
2791 4926 2896 4966 non
2921 4912 3210 4981 possimus.
3241 4911 3528 4968 Abstinere
3554 4928 3583 4968 a
3611 4912 3787 4983 malo,

2185 4997 2562 5055 benedictione
2593 5000 2813 5072 dignum
2835 5011 2935 5058 est.
2963 5001 3070 5060 Sed
3100 5002 3277 5058 solum
3314 5003 3514 5058 malum
3545 5018 3653 5058 non
3693 5005 3794 5061 ad-

2183 5091 2418 5156 mittere,
2452 5107 2559 5147 non
2601 5091 2764 5149 habet
2804 5093 3038 5161 laudem,
3086 5093 3192 5150 nisi
3235 5094 3362 5149 mali
3397 5094 3789 5154 abstinentiam

2179 5183 2342 5239 etiam
2376 5183 2547 5255 gloria
2580 5185 2706 5241 boni
2737 5186 2918 5256 operis
2945 5198 3326 5258 consequatur.
3361 5188 3428 5244 Et
3456 5187 3789 5247 beneficium

2175 5343 2268 5399 Dei
2311 5346 2647 5420 providentia
2680 5349 3079 5420 incertus,quid
3096 5351 3298 5407 sentire
3339 5351 3502 5409 debet
3528 5353 3786 5412 christia—

2174 5418 2414 5491 nus,geui
2440 5429 2590 5474 certo
2621 5429 2832 5475 constat
2853 5418 3100 5491 Opposita
3132 5428 3396 5478 sententia
3422 5425 3445 5479 τ

2255 5488 2327 5564 (b)
2367 5489 2422 5543 In
2451 5491 2831 5566 vulgatisdam
2866 5488 3225 5566 iit—sarculum.
3279 5495 3499 5551 Rectius
3543 5497 3596 5550 in
3644 5513 3781 5566 ms.,

2163 5562 2635 5638 jamutsazculttnt.
2678 5562 2765 5617 Sic
2788 5562 2839 5616 in
2883 5565 3017 5632 psal.
3048 5580 3240 5627 cxvut,
3292 5583 3345 5619 n.
3394 5566 3426 5620 7
3470 5585 3484 5620 :
3529 5569 3613 5621 Ait
3638 5562 3780 5624 enini

2172 5632 2417 5691 saeculum
2438 5633 2634 5709 surculi,
2664 5638 3192 5709 tamqumngtemporis
3228 5648 3452 5709 tempus,
3489 5641 3625 5704 quod
3654 5657 3776 5694 suc-

2171 5710 2376 5763 cedente
2400 5704 2620 5772 quadam
2659 5704 3008 5762 vicissitudine
3042 5704 3197 5778 hujus
3225 5704 3400 5765 sicculi
3436 5713 3679 5766 swculum
3707 5713 3777 5766 sit

2303 5796 2346 5830 'u
2355 5793 2402 5828 ηι
2411 5815 2423 5830 ι

2172 5785 2423 5852 futurum.

2249 5844 2320 5924 (c)
2363 5847 2419 5905 ln
2446 5861 2550 5904 ms.
2577 5855 2667 5905 aut
2695 5849 2805 5906 loco
2836 5846 3132 5921 impeditur.
