4134 6184
377 277 481 335 857

1444 273 1862 334 TRACTATUS
1898 273 1967 331 ΙΝ
2005 273 2213 334 CXLIV
2252 273 2604 333 PSALMUM.

3563 270 3671 329 858

373 389 590 462 quidem
637 388 693 445 in
735 403 833 445 nos
881 388 1202 446 benedicere
1249 402 1568 461 possumus;
1622 390 1744 460 quia
1777 397 1965 444 natura
1992 391 2047 451 A
2141 389 2196 446 9.
2240 389 2570 462 Magniﬁcus.
2600 418 2672 429 —
2699 386 2805 444 Sed
2828 386 3064 458 potentia
3095 401 3318 465 operum
3342 401 3406 444 ea
3448 385 3667 443 demum

372 484 560 554 exigit,
593 496 702 536 non
729 481 1037 538 obtrectare
1075 496 1174 538 nos
1204 481 1328 548 illis,
1373 497 1602 552 quorum
1633 481 1966 538 benevolen-

372 576 446 631 tia
475 574 833 631 eonlovemur
860 574 992 651 :gsed
1016 577 1060 630 si
1092 585 1147 631 et
1195 575 1316 631 aliis
1355 575 1500 631 vitiis
1545 575 1787 646 adspersi
1818 583 1964 642 sunt,

367 679 555 726 nostro
575 668 794 740 quidem
825 669 1111 724 commodo
1137 669 1550 736 benedicuntur,
1592 669 1685 726 sed
1724 671 1838 725 veri
1877 669 1965 740 ju-

366 761 509 817 dicio
542 777 648 816 non
673 761 1054 832 praedicantur.
1081 762 1350 818 Perfectio
1371 770 1549 818 autem
1595 763 1687 818 Dei
1728 761 1858 817 nihil
1909 761 1964 818 in

363 868 423 909 se
450 868 572 909 esse
599 853 802 923 patitur
826 869 923 925 pro
964 863 1136 924 parte.
1166 853 1300 910 Nam
1331 865 1388 909 ut
1417 853 1756 921 benedictus,
1797 855 1868 908 ita
1911 862 1965 910 et

365 944 653 1001 laudabilis
682 953 805 1012 est;
846 945 1050 1002 habens
1073 954 1129 1001 et
1150 961 1216 1002 ex
1242 946 1348 1014 his,
1375 946 1569 1016 quibus
1605 946 1961 1002 beneﬁcentia

365 1038 419 1093 in
447 1052 544 1092 nos
569 1053 663 1093 sua
708 1038 932 1104 utimur,
977 1038 1370 1095 benedictionis
1418 1048 1616 1094 nostra:
1661 1039 1961 1095 confessio-

365 1146 508 1196 nem,
541 1139 596 1186 et
623 1146 692 1186 ex
731 1130 1092 1202 perfectarum
1137 1132 1188 1186 in
1234 1147 1294 1188 se
1321 1133 1576 1187 virtutum
1606 1131 1962 1191 admiratione

363 1223 711 1294 praeconium.
738 1223 820 1279 0b
846 1224 990 1295 quod
1022 1224 1406 1282 benedicturus
1435 1241 1532 1296 per
1563 1225 1681 1282 dies
1720 1226 1960 1298 singulos

361 1315 526 1388 623
553 1316 832 1387 propheta,
860 1317 1022 1373 etiam
1072 1318 1125 1374 id
1153 1319 1366 1389 adjecit,
1393 1318 1461 1373 El
1509 1319 1730 1374 laudabo
1775 1336 1959 1375 nomen

360 1417 506 1462 tuum
526 1409 578 1462 in
597 1411 848 1464 saeculum
872 1420 918 1465 et
961 1411 1014 1464 in
1042 1413 1286 1465 saeculum
1314 1413 1491 1466 διεσαιί
1518 1409 1594 1485 (a)
1621 1410 1756 1467 Cum
1790 1412 1957 1468 bene-

359 1500 559 1556 dictum
587 1501 792 1569 laudat,
817 1513 871 1558 et
902 1502 1086 1558 laudat
1110 1503 1162 1558 in
1191 1504 1448 1559 saeculum
1479 1504 1661 1559 saeculi
1686 1547 1701 1570 ,
1729 1505 1781 1558 in
1809 1505 1958 1560 nullo

357 1594 637 1667 prophetm
665 1596 900 1652 ofﬁcium
934 1598 1207 1654 inﬁrmum
1254 1608 1357 1666 est,
1401 1613 1502 1654 nec
1552 1598 1950 1668 benedictione,

355 1702 455 1744 nec
483 1688 663 1754 laude,
697 1703 796 1744 nec
826 1698 1091 1760 tempore.

2072 481 2412 552 praedicanda
2443 492 2556 550 est,
2611 480 2688 553 (ά)
2736 497 2857 551 quae
2905 481 3318 552 magniﬁcentia:
3355 488 3668 550 exaequetur

2070 577 2348 645 operantis
2381 593 2393 629 :
2427 583 2486 630 ut
2517 574 2749 647 potentis
2776 574 3192 646 magniﬁcentim
3230 584 3420 643 potens
3466 571 3666 627 intelli-

2070 673 2224 737 gatur
2251 668 2516 736 operatio.
2544 667 2624 722 0b
2655 665 2795 736 quod
2824 667 3192 738 consequitur,
3227 665 3388 722 Vnus.
3419 665 3452 721 5
3492 682 3505 719 :
3537 663 3662 720 Ma-

2067 760 2414 831 gniﬁcentiam
2448 762 2726 831 majestatis
2755 769 2876 815 tute.

2142 853 2227 910 10.
2272 851 2494 908 Sanctus
2515 871 2605 909 seu
2629 854 2898 923 beneﬁcus.
2928 883 3002 896 —
3024 853 3130 909 Sed
3156 853 3548 925 magniﬁcentia
3567 895 3582 921 ,
3615 855 3663 912 si

2069 944 2211 1014 quod
2241 944 2296 1000 in
2318 959 2378 1001 se
2407 954 2491 1000 est
2531 954 2736 1001 tantum
2774 947 2875 1001 sibi
2915 947 3129 1011 habeat,
3163 947 3323 1003 habet
3351 946 3660 1003 admiratio-

2066 1053 2214 1104 nem,
2243 1053 2348 1094 non
2373 1037 2534 1095 habet
2563 1039 2774 1096 laudem
2807 1055 2822 1094 :
2849 1049 2906 1094 et
2934 1041 3108 1096 otiosa
3156 1043 3280 1098 aliis
3310 1054 3393 1098 est
3428 1047 3662 1114 p0tentis

2065 1131 2328 1199 operatio,
2353 1131 2456 1187 nisi
2487 1147 2582 1201 per
2603 1133 2874 1202 operantis
2894 1135 3237 1191 sanctitatem
3255 1151 3406 1192 usum
3428 1137 3657 1208 aliquem

2064 1240 2130 1280 ex
2156 1239 2214 1280 sc
2245 1225 2352 1280 illis
2383 1226 2474 1296 qui
2500 1225 2793 1282 laudabunt
2838 1237 2892 1282 et
2928 1227 3336 1284 admirabuntur
3365 1229 3658 1300 impertiet.

2062 1315 2148 1372 Ex
2171 1333 2276 1388 quo
2305 1326 2673 1387 competenter
2712 1319 2815 1373 .hoc
2867 1318 3112 1389 sequitur
3168 1337 3183 1374 ε
3231 1321 3298 1375 Et
3342 1323 3660 1376 sanctitatem

2062 1417 2202 1464 tuam
2245 1409 2534 1480 loquentur.
2567 1410 2636 1464 Et
2664 1411 2921 1465 sanctitas
2951 1410 3166 1480 quidem
3206 1413 3317 1482 jam
3364 1414 3502 1469 bona
3548 1423 3656 1479 est,

2061 1516 2237 1571 neque
2288 1511 2490 1557 tantum
2523 1502 2624 1558 sibi
2655 1502 2864 1573 proﬁcit
2895 1521 2907 1556 :
2942 1518 3119 1573 neque
3153 1505 3253 1560 hoc
3299 1506 3441 1576 quod
3473 1520 3538 1562 ex
3595 1522 3655 1562 se

2059 1601 2162 1657 est,
2215 1594 2351 1648 intra
2395 1608 2552 1649 usum
2608 1593 2877 1650 commodi
2923 1596 3126 1666 proprii
3179 1598 3467 1652 consumit.
3525 1597 3658 1654 Nam

2057 1686 2244 1753 etiam,
2273 1685 2337 1740 ad
2369 1688 2764 1756 provocandam
2789 1691 2839 1744 in
2873 1707 2931 1748 se
2959 1690 3188 1747 aliorum
3222 1690 3656 1758 beneﬁcentiam,

425 1779 479 1834 6.
521 1778 705 1834 Prima
731 1769 980 1835 laudandi
1014 1779 1114 1836 Dei
1142 1782 1299 1847 ratio,
1330 1785 1442 1854 ejus
1462 1781 1712 1852 inﬁnitas.
1748 1813 1820 1823 —
1848 1782 1944 1838 De-
1978 1787 2027 1847 B
2052 1779 2350 1835 sanctitatis
2373 1779 2537 1852 624
2583 1781 2774 1843 ciliciis
2825 1799 2948 1840 sese
2993 1784 3108 1854 ipsa
3159 1783 3519 1839 commendat.
3553 1782 3659 1839 Sed

353 1871 478 1926 hinc
506 1872 770 1942 sequitur,
803 1871 967 1928 VEBS.
999 1873 1032 1926 ὅ
1062 1891 1073 1926 :
1107 1872 1333 1945 Magnus
1369 1873 1639 1942 Dominus,
1693 1886 1737 1930 et
1767 1876 1950 1930 lauda-

354 1965 470 2021 bilis
499 1967 676 2033 nimis,
705 1977 752 2021 et
773 1967 1146 2038 magnitudinis
1173 1970 1286 2038 ejus
1312 1979 1509 2023 nonest
1533 1969 1670 2035 ﬁnis.
1698 1968 1823 2024 Haec
1853 1970 1950 2025 Dei

353 2059 523 2129 prima
550 2066 606 2114 et
635 2061 902 2129 praecipua
932 2058 1170 2115 laudatio
1199 2069 1300 2126 est,
1334 2059 1477 2131 quod
1505 2060 1636 2115 nihil
1675 2061 1726 2116 in
1757 2076 1816 2116 se
1838 2077 1952 2118 me-

350 2149 577 2217 diocre,
630 2150 766 2206 nihil
811 2152 1304 2222 circumscriptum,
1366 2151 1498 2206 nihil
1551 2166 1830 2207 emensum
1895 2164 1950 2209 et

352 2242 737 2314 magnitudinis
763 2259 876 2299 suae
905 2243 1101 2301 habeat
1140 2255 1194 2300 et
1239 2245 1432 2300 laudis.
1479 2244 1666 2300 Virtus
1693 2246 1808 2316 ejus
1833 2247 1950 2317 opi-

351 2337 515 2393 nione
536 2352 646 2392 non
675 2337 966 2405 clauditur,
999 2339 1134 2394 locis
1156 2353 1262 2394 non
1290 2339 1617 2405 continetur,
1639 2339 1950 2396 nominibus

352 2444 460 2485 non
485 2432 820 2498 enuntiatur,
867 2432 1200 2502 temporibus
1231 2447 1336 2488 non
1364 2432 1611 2488 subditur
1643 2450 1656 2485 :
1689 2442 1839 2488 artus
1881 2435 1950 2490 ad

351 2521 407 2578 id
429 2536 620 2578 sensus
645 2531 831 2579 noster
859 2533 965 2591 est,
998 2525 1270 2595 ingenium
1300 2526 1465 2582 hebes
1486 2534 1590 2594 est,
1623 2541 1804 2582 sermo
1824 2542 1946 2582 mu-

265 2671 270 2678 _
355 2622 440 2669 tus
460 2622 564 2669 est.
595 2614 780 2670 Finem
809 2615 1197 2686 magnilicentia
1220 2617 1385 2687 ipsius
1410 2618 1615 2674 nescit:
1639 2627 1694 2673 et
1717 2619 1950 2690 aliquam

353 2705 684 2762 ementiendi
713 2721 773 2762 se
818 2708 1126 2778 Opinionem
1181 2709 1444 2765 immensa
1484 2710 1801 2780 magnitudo
1842 2726 1951 2766 non

354 2800 575 2870 patitur.
637 2799 869 2855 Extenta
900 2802 1118 2872 ubique,
1153 2809 1370 2858 extenta
1401 2817 1618 2873 semper
1663 2812 1766 2870 est,
1815 2803 1953 2858 hanc

359 2893 566 2948 habens
595 2892 874 2948 inﬁnitatis
899 2909 1010 2949 sua:
1038 2894 1250 2951 laudem
1277 2913 1291 2950 :
1326 2905 1580 2951 cteterum
1620 2910 1837 2952 onmem
1869 2897 1953 2951 in-

360 2986 710 3058 telligentiam
762 2987 986 3044 inﬁnitae
1041 2988 1202 3060 hujus
1254 2991 1306 3045 in
1359 3004 1418 3045 se
1470 2989 1744 3061 qualitatis
1796 3005 1952 3046 exce-

356 3078 514 3135 deus.

2052 1874 2183 1929 nihil
2202 1874 2269 1929 de
2290 1889 2349 1928 se
2375 1875 2593 1946 dignum
2625 1876 2981 1934 admiratione
3010 1877 3310 1948 prtestabit,
3341 1876 3389 1931 si
3418 1876 3520 1932 sibi
3543 1877 3660 1933 sola

2054 1965 2146 2020 sit.
2195 1963 2266 2019 At
2297 1982 2425 2020 vero
2460 1968 2560 2022 hoc
2592 1968 2867 2038 proprium
2899 1979 2984 2026 est
3012 1981 3068 2026 et
3094 1969 3412 2024 admirabile
3458 1969 3662 2024 sancti-

2051 2057 2196 2124 tatis,
2223 2072 2344 2112 cum
2388 2057 2490 2114 hoc
2533 2061 2675 2128 quod
2704 2059 2756 2114 in
2787 2075 2845 2116 se
2871 2071 2974 2124 est,
3002 2063 3054 2115 in
3083 2077 3240 2116 usum
3271 2061 3502 2115 aliorum
3530 2061 3652 2131 qui-

2050 2147 2153 2204 bus
2181 2157 2266 2204 est
2296 2159 2483 2206 saneta
2508 2152 2770 2207 concedat
2804 2169 2817 2206 :
2848 2154 2962 2222 ipsa
2988 2153 3165 2223 aliquo
3196 2168 3300 2206 non
3333 2166 3519 2222 egens,
3554 2153 3656 2208 nisi

2048 2240 2190 2296 forte
2240 2257 2336 2311 per
2375 2243 2803 2298 benevolentiam
2835 2259 2900 2299 eo
2929 2252 3158 2310 tantum,
3192 2251 3250 2298 ut
3278 2257 3337 2298 se
3365 2242 3500 2298 alius
3533 2253 3654 2300 uta-

2052 2343 2160 2391 tur.
2193 2335 2275 2391 Ad
2306 2335 2358 2391 id
2380 2351 2508 2407 ergo
2531 2336 2670 2407 quod
2694 2336 2896 2392 dictum
2918 2345 3023 2401 est,
3053 2335 3121 2390 Et
3150 2337 3474 2390 sanctitatem
3510 2346 3654 2390 tuam

2051 2430 2357 2501 loquentur;
2386 2432 2582 2489 merito
2604 2433 2852 2504 subjecit,
2877 2431 2946 2487 Et
2971 2430 3039 2504 (e)
3068 2433 3324 2488 mirabilia
3349 2443 3436 2488 tua
3469 2448 3656 2488 narra-

2053 2524 2195 2578 bunt.
2323 2583 2327 2589 _

2127 2618 2215 2672 Η.
2259 2617 2418 2674 Malis
2445 2618 2704 2674 terribilis.
2756 2648 2828 2659 —
2887 2619 2953 2674 Et
2999 2619 3244 2676 mirabile
3285 2620 3501 2690 quidem
3544 2626 3650 2687 est,

2051 2710 2392 2766 sanctitatem
2424 2711 2555 2766 nihil
2585 2711 2686 2765 sibi
2740 2710 3106 2781 proﬁcientem
3157 2713 3208 2765 in
3261 2726 3414 2766 usum
3460 2710 3652 2767 alienae

2051 2802 2395 2858 beatitudinis
2424 2803 2721 2858 exuberare
2755 2820 2767 2855 :
2801 2802 2896 2856 sed
2926 2802 3222 2858 mirabilius
3247 2815 3351 2869 est,
3384 2804 3644 2858 sanctita-

2055 2902 2161 2949 tem
2195 2895 2404 2965 plenam
2429 2910 2552 2952 esse
2580 2894 2651 2967 (ί)
2690 2894 2948 2961 terroris;
2980 2911 3046 2950 ne
3070 2895 3113 2949 si
3145 2911 3251 2950 non
3298 2895 3649 2951 indiscretum

2053 3001 2115 3043 se
2147 2989 2418 3044 utentibus
2439 2999 2530 3044 aut
2555 2987 2950 3045 abundantibus
2979 2995 3218 3058 przestet,
3247 2988 3372 3042 dum
3402 2987 3560 3043 bonis
3590 3002 3654 3044 ac

2053 3081 2212 3136 malis
2238 3084 2540 3152 promiscua
2570 3093 2675 3150 est,
2707 3096 2762 3139 et
2784 3093 3055 3155 tamquam
3086 3100 3152 3138 ex
3179 3091 3386 3138 naturae
3415 3083 3654 3139 necessi-

429 3173 481 3227 7.
525 3175 568 3226 A
613 3173 793 3242 quibus
835 3174 1148 3230 laudandus.
1191 3205 1263 3217 —-
1311 3175 1378 3230 Et
1404 3174 1527 3246 quia
1557 3174 1672 3230 haec
1726 3176 1810 3230 vel
1851 3177 1952 3231 im-
1978 3176 2024 3240 C
2055 3182 2164 3230 tate
2191 3190 2249 3232 se
2272 3177 2538 3246 praebens,
2571 3177 2981 3233 admirationem
3027 3192 3132 3229 non
3163 3174 3356 3230 habent
3399 3175 3656 3231 sanctita-

355 3283 558 3324 mensae
589 3269 970 3341 magnitudinis
1009 3273 1267 3342 cognitio,
1307 3273 1392 3328 vel
1434 3273 1671 3328 laudatio
1724 3288 1948 3342 operum

357 3360 451 3417 Dei
476 3377 583 3416 non
611 3365 851 3418 omnimn
878 3366 1115 3436 gentium
1140 3375 1252 3431 est;
1291 3366 1488 3437 quibus
1513 3382 1543 3422 a
1569 3369 1954 3425 constitutione

360 3455 548 3510 rrundi
581 3455 685 3510 vita
710 3465 766 3512 et
812 3472 1007 3513 sensus
1033 3458 1224 3514 luisset
1253 3458 1536 3530 futuraque
1557 3468 1723 3526 esset,
1762 3475 1955 3516 conse-

354 3557 586 3618 quenter
606 3549 855 3620 subjecit,
885 3550 1050 3608 Vsus.
1085 3553 1118 3608 4
1145 3570 1156 3605 :
1184 3551 1454 3607 Generatio
1484 3561 1532 3608 et
1556 3554 1814 3626 generatio
1836 3554 1951 3608 lau-

355 3640 494 3694 dabit
521 3658 678 3709 opera
723 3651 830 3697 tua.
880 3642 996 3698 Non
1029 3645 1211 3715 utique
1237 3645 1614 3716 generationes
1642 3654 1694 3700 et
1729 3661 1955 3717 genera-

357 3729 548 3797 tiones,
582 3748 700 3804 qu:e
739 3742 794 3788 et
834 3735 1173 3804 temporibus
1203 3744 1254 3790 et
1299 3735 1547 3805 gentibus
1573 3735 1754 3790 multa:
1793 3743 1953 3806 atque

355 3825 599 3884 adversm
642 3835 768 3882 sunt
807 3845 819 3881 :
866 3827 962 3884 sed
992 3834 1250 3900 generatio
1276 3843 1397 3899 quae
1444 3829 1512 3884 ab
1551 3828 1821 3884 Abraham
1871 3829 1948 3902 (b)

357 3920 540 3989 erepit,
570 3937 690 3991 quae
729 3937 823 3992 per
848 3923 1060 3993 signum
1109 3923 1539 3978 circumcisionis
1569 3923 1855 3994 deputatur
1896 3925 1950 3980 in

359 4011 599 4084 Legem‘;
634 4024 682 4068 et
709 4017 970 4086 generatio
995 4031 1114 4086 qum
1145 4027 1437 4072 renovatur
1467 4016 1517 4071 in
1544 4014 1781 4085 Christo,
1833 4033 1952 4087 quae

356 4121 422 4162 ex
450 4107 710 4164 doctrinis
740 4110 1063 4180 propheticis
1091 4110 1159 4166 ad
1201 4111 1360 4168 ﬁdem
1399 4111 1721 4182 evangelicae
1756 4111 1953 4182 justiﬁ-

355 4201 585 4256 cationis
611 4203 912 4260 instruitur.
960 4205 1163 4261 Harum
1195 4206 1356 4277 igitur
1385 4205 1795 4276 generationum
1826 4222 1950 4276 pro-

354 4295 532 4365 prium
561 4306 664 4362 est,
695 4297 786 4352 Dei
811 4313 974 4369 opera
1003 4300 1244 4354 laudare.

427 4389 483 4444 8.
522 4388 842 4446 Laudandus
869 4391 1009 4446 Deus
1053 4393 1174 4463 quia
1202 4393 1256 4446 in
1284 4392 1434 4464 factis
1463 4400 1660 4462 potens.
1702 4422 1773 4433 -—
1816 4391 1954 4447 Lau-

354 4478 472 4535 dari
497 4497 660 4552 opera
688 4482 786 4538 Dei
827 4497 934 4538 non
965 4483 1070 4538 alia
1100 4484 1236 4539 ratio
1277 4484 1552 4551 admonet,
1601 4499 1760 4555 quam
1805 4484 1948 4555 quod

2057 3268 2144 3322 tis.
2178 3269 2246 3323 Et
2293 3269 2495 3325 idcirco
2541 3286 2665 3325 mox
2712 3270 2972 3334 subdidit,
3011 3267 3178 3324 Vens.
3212 3268 3246 3324 6
3277 3287 3290 3324 :
3317 3267 3384 3324 Et
3415 3270 3653 3325 virtutem

2055 3361 2358 3416 terribilium
2399 3371 2604 3418 tuorum
2631 3363 2797 3417 dicent
2828 3378 2846 3416 :
2874 3373 2930 3416 ut
2959 3361 3300 3416 sanctitatem
3345 3361 3650 3432 loquentes,

2054 3463 2108 3508 et
2164 3455 2429 3510 mirabilia
2475 3469 2782 3521 narrantes,
2829 3456 3013 3510 dicant
3061 3470 3275 3524 quoque
3331 3455 3650 3511 terribilium

2054 3545 2306 3602 virtutem
2325 3588 2340 3614 ,
2376 3547 2550 3602 media
2579 3546 2934 3602 admiratione
2959 3543 3100 3598 inter
3121 3545 3462 3601 sanctitatem
3490 3557 3652 3616 atque

2053 3624 2338 3704 terrorem,
2371 3639 2498 3694 dum
2523 3650 2573 3695 et
2603 3649 2778 3696 terror
2802 3642 2981 3720 suavis
3026 3646 3080 3693 et
3119 3639 3374 3695 terribilis
3415 3639 3654 3696 suavitas

2052 3728 2426 3785 admirabilem
2477 3731 2605 3788 facit
2657 3743 2714 3790 et
2765 3745 3030 3792 terrorem
3076 3751 3296 3793 suavem
3342 3745 3394 3790 et
3444 3733 3654 3790 terribi-

2054 3819 2156 3876 lem
2188 3823 2529 3881 suavitatem.

2134 3920 2222 3974 12.
2265 3919 2490 3992 Magnus
2521 3921 2630 3975 sine
2651 3923 2820 3977 modo.
2851 3922 3031 3979 Bonus
3063 3939 3262 3991 semper
3288 3931 3334 3977 et
3381 3922 3652 3977 abundan-

2054 4025 2145 4071 ter.
2173 4045 2244 4055 ——
2275 4015 2355 4072 Ob
2380 4015 2524 4086 quod
2554 4017 2823 4086 ingentem
2853 4016 2992 4074 hanc
3020 4016 3353 4072 admirandae
3385 4027 3651 4085 tempera-

2053 4109 2213 4162 tionis
2230 4107 2650 4177 magnitudinem
2678 4107 2936 4178 prOphcta
2961 4105 3555 4176 intelligens,subjecit,
3581 4105 3650 4159 Et

2052 4203 2454 4273 magnitudinem
2470 4211 2610 4255 tuam
2629 4203 2928 4256 narrabant.
2963 4200 3342 4271 Magnitudinis
3364 4199 3509 4255 enim
3533 4195 3650 4254 inli-

2054 4296 2178 4350 nitte
2195 4302 2298 4358 est,
2325 4295 2375 4350 in
2401 4295 2508 4349 Deo
2525 4295 2665 4365 quod
2699 4295 2935 4351 terribile
2963 4304 3046 4350 est
3067 4310 3228 4350 suave
3256 4309 3398 4360 esse,
3424 4302 3479 4349 et
3504 4293 3649 4363 quod

2052 4403 2221 4444 suave
2259 4396 2343 4444 est
2371 4398 2492 4444 esse
2515 4388 2773 4444 terribile.
2823 4388 3132 4460 Magnitudo
3153 4397 3329 4443 autem
3359 4402 3464 4442 non
3491 4387 3652 4440 habet

2053 4486 2307 4544 modum:
2329 4497 2395 4536 ne
2416 4481 2460 4536 si
2485 4479 2758 4536 moderata
2779 4481 2868 4545 sit,
2884 4480 2996 4550 jam
3013 4478 3321 4551 magnitudo
3342 4494 3447 4533 non
3469 4477 3536 4532 sit
3555 4492 3649 4547 per

353 4571 532 4626 omnia
561 4572 630 4626 ab
653 4587 720 4628 eo
751 4581 998 4643 potenter
1021 4574 1211 4630 eﬁ‘ecta
1241 4569 1367 4631 sunt
1393 4576 1468 4646 (c)
1513 4594 1527 4630 :
1573 4577 1698 4648 quia
1743 4592 1946 4646 praeco-
1972 4571 2027 4632 D
2052 4578 2125 4646 id,
2171 4576 2310 4648 quod
2342 4575 2502 4631 modo
2527 4591 2633 4630 non
2665 4583 2832 4631 caret.
2868 4574 2936 4631 Ut
2962 4589 3089 4642 ergo
3108 4573 3339 4644 propriae
3365 4571 3648 4626 admiratio

353 4664 498 4718 nium
524 4666 738 4731 habeat,
772 4682 880 4722 non
910 4667 1111 4737 aliquid
1141 4669 1338 4738 egisse,
1364 4670 1458 4726 sed
1478 4680 1726 4740 potenter
1744 4672 1938 4741 egisse.

354 4756 418 4811 Et
490 4758 612 4816 ideo
675 4760 943 4831 subjecit,
994 4759 1064 4816 Et
1110 4763 1390 4832 potentiam
1437 4772 1578 4818 tuam
1641 4759 1948 4834 pronuntia-

353 4847 496 4905 bunt

425 5003 502 5081 (a)
543 5007 641 5081 Ms.
669 5006 770 5063 Mic
786 5023 854 5081 ac
879 5009 1047 5079 prima
1069 5008 1236 5066 editio
1256 5009 1378 5066 Par.
1401 5027 1514 5066 cum
1536 5011 1805 5081 benedicit,
1834 5030 1948 5069 cum

354 5075 533 5131 laudnt
553 5080 605 5131 in
634 5075 904 5146 steculum',
931 5093 1038 5137 etc.

433 5149 510 5221 (b)
552 5150 666 5204 Non
686 5151 830 5220 quod
851 5153 976 5223 velit
1000 5153 1232 5208 Hilarius
1251 5161 1376 5208 ante
1395 5153 1664 5210 Abraham
1684 5155 1941 5223 defuisse,

351 5227 443 5294 qui
477 5223 566 5294 Dei
590 5237 753 5292 opera
787 5222 1086 5288 laudarent,
1120 5239 1237 5278 cum
1263 5225 1461 5294 passim
1486 5228 1697 5293 doceat,
1728 5229 1783 5282 in
1804 5222 1952 5282 man-

352 5292 486 5352 datis
520 5292 611 5346 Dei
625 5297 744 5366 jam
770 5311 801 5347 a
823 5296 996 5349 swculi
1022 5292 1342 5366 institutione
1361 5307 1665 5366 perrectum.
1685 5292 1823 5353 Haec
1847 5315 1944 5353 au-

354 5379 460 5422 tem
484 5361 685 5419 diserte
713 5365 995 5420 declarans
1022 5361 1074 5422 in
1105 5381 1185 5435 ps.
1216 5361 1398 5433 cxvui,
1444 5385 1496 5421 ιι.
1523 5368 1578 5431 8,
1609 5369 1844 5436 subiicit,
1875 5369 1945 5426 In

351 5441 448 5493 hac
478 5439 608 5489 enim
633 5437 813 5490 semita
843 5445 889 5491 et
933 5437 1058 5493 Abel
1099 5441 1360 5506 cucurrit,
1406 5449 1452 5492 et
1500 5441 1626 5494 Setlt
1663 5440 1866 5506 institit,
1900 5450 1947 5496 et

351 5509 532 5564 Euuch
559 5507 776 5577 placuit,
816 5518 864 5562 et
916 5507 1033 5562 Noe
1083 5511 1328 5563 reservari
1377 5513 1578 5572 meruit,
1604 5520 1652 5565 et
1678 5509 1947 5565 Melchise-

349 5583 499 5653 dech,
534 5587 638 5653 etc.
668 5577 850 5653 Neque
879 5595 1007 5633 vero
1039 5579 1138 5653 illi,
1191 5580 1291 5634 nisi
1324 5582 1486 5634 Deum
1518 5582 1741 5653 ejusque
1782 5597 1943 5651 opera

350 5651 619 5724 laudando
649 5650 984 5720 placuerunt.
1041 5651 1153 5705 Hoc
1197 5652 1356 5724 igitur
1404 5659 1609 5708 tantum
1656 5650 1760 5707 'sihi
1810 5650 1942 5724 Vult,

347 5721 753 5795 generationem
774 5737 846 5795 ac
864 5724 1114 5795 populum
1145 5723 1492 5791 peculiarem,
1520 5727 1610 5795 qui
1638 5725 1803 5783 Deum
1832 5721 1946 5783 1.)υὲ

350 5792 529 5859 daret,
559 5792 628 5850 ab
651 5808 766 5852 acto
787 5792 1019 5852 Abrahae
1046 5795 1274 5866 coepisse
1294 5792 1582 5869 segregari.

2051 4671 2347 4727 sanctitatis
2367 4678 2524 4740 atque
2552 4669 2774 4724 terroris
2801 4667 2854 4721 in
2879 4665 3258 4736 magnitudinis
3286 4680 3398 4719 suae
3415 4663 3649 4718 inﬁnita-

2053 4774 2105 4821 te
2123 4764 2382 4820 consistat
2411 4763 2485 4834 (g)
2510 4780 2525 4828 ;
2557 4776 2810 4816 mansura
2832 4771 2913 4817 est
2944 4767 2999 4814 et
3018 4774 3232 4829 semper
3254 4767 3307 4813 et
3343 4757 3644 4825 abundans,

2051 4870 2151 4913 nec
2171 4864 2409 4924 tempore
2432 4852 2649 4910 delinita
2681 4866 2782 4907 nec
2803 4850 2977 4919 copia.
3010 4850 3077 4905 Et
3103 4849 3304 4904 idcirco
3333 4848 3646 4916 connexuit,

2149 5013 2197 5085 c)
2236 5013 2292 5068 in
2316 5012 2564 5084 vulgatis,
2597 5011 2703 5082 qui.
2730 5010 2954 5085 [lectius
2983 5009 3034 5063 in
3068 5024 3168 5064 ms.
3196 5010 3334 5080 quia.

2149 5082 2204 5158 ᾱ)
2231 5082 2551 5158 _Editi,‘qua:
2566 5082 2997 5154 magniﬁcentiam
3022 5091 3301 5151 exequatur
3340 5083 3597 5150 operantis
3628 5099 3648 5137 :

2051 5156 2407 5213 emendantur
2431 5171 2495 5209 ex
2524 5170 2624 5209 ms.

2123 5227 2196 5299 (ε)
2233 5229 2482 5299 Origenes
2521 5225 2660 5293 apud
2685 5222 3020 5299 Corderium
3073 5223 3352 5299 mirabilia
3382 5225 3643 5299 interpre-

2051 5295 2185 5355 tans
2220 5295 2469 5351 miracula
2520 5311 2633 5362 qua:
2673 5298 2727 5349 in
2772 5295 3071 5364 beneﬁcium
3099 5296 3455 5366 quorumdam
3487 5295 3639 5363 ﬁunt,

2052 5371 2192 5424 hunc
2215 5369 2401 5422 Hilarii
2426 5369 2600 5420 locum
2633 5382 2738 5420 non
2781 5365 3125 5421 mediocriter
3156 5368 3403 5420 illustrat.
3437 5365 3642 5420 Sancti-

2051 5450 2213 5496 tatem
2238 5441 2529 5508 loquuntur
2555 5437 2756 5508 populi,
2783 5453 2903 5509 quae
2924 5437 3202 5494 miraculis
3231 5438 3331 5493 sibi
3367 5446 3640 5505 comperta

2050 5513 2229 5567 fuerit.

2123 5583 2192 5657 (f)
2236 5581 2392 5657 Apud
2415 5579 2583 5657 Bad.,g
2601 5579 2693 5634 Er.
2723 5589 2776 5635 et
2803 5579 2948 5657 Lips.
2983 5583 3196 5642 erroris,
3246 5578 3344 5632 nisi
3386 5593 3506 5642 non,
3529 5586 3634 5657 etc.

2049 5648 2320 5722 corrupte.
2352 5653 2484 5706 Tum
2517 5654 2677 5706 etiam
2727 5648 2883 5720 apud
2913 5653 3033 5706 Par.
3094 5661 3359 5706 retentum
3407 5657 3490 5703 est
3541 5648 3641 5704 nisi

2046 5745 2170 5784 non.
2201 5726 2369 5780 Totus
2391 5724 2474 5778 hic
2508 5723 2660 5779 locns
2684 5722 2796 5791 jam
2821 5723 3134 5778 emendatur
3158 5736 3223 5791 ett
3251 5735 3350 5773 ms.

2124 5797 2331 5872 (εὴ-δίο
2360 5796 2530 5870 prima
2554 5789 2721 5856 editio
2751 5794 2872 5850 Par.
2907 5807 3024 5848 cum
3055 5807 3156 5849 ms.
3187 5789 3412 5847 Caetcrtc
3433 5803 3635 5864 autem,
