4134 6184
407 254 506 311 861

1451 260 1867 320 τειΑετΑτυε
1896 261 1961 318 tu
1994 232 2208 323 exuv
2247 264 2596 345 PSALMUM.

3586 272 3695 334 862

405 370 743 437 occasiones,
788 385 962 443 neque
995 381 1263 445 tamquam
1295 375 1621 434 inﬁrmitatis
1672 386 1871 434 nostra;
1896 382 2074 441 ua-iA
2098 380 2395 438 dominatui
2436 384 2700 455 intelligat
2736 394 3083 441 eoteteruam.
3117 384 3291 458 Atque
3340 386 3410 443 ita
3458 391 3696 460 cognitio

407 473 649 536 tuncque
699 466 934 535 nescius,
963 467 1139 539 ipsum
1172 468 1303 525 illud
1349 470 1415 527 ad
1449 486 1661 540 ptenam
1700 474 1903 530 erroris
1944 476 2001 532 et

405 558 612 628 peccati
639 560 806 613 nostri
849 568 1065 632 tempus
1086 562 1165 635 (a)
1194 564 1396 621 invadit
1430 584 1443 620 :
1475 567 1570 623 sed
1614 567 1919 625 dissimulat
1942 578 1999 626 et

405 646 605 714 dilfert,
631 652 686 705 et
724 652 1055 720 poenitentia:
1082 655 1334 711 solatium
1366 656 1625 715 dilatione
1649 659 1868 716 ultionis
1900 676 1999 717 ex-

404 750 646 812 spectat;
681 758 908 801 suavem
940 762 998 800 se
1025 750 1276 805 omnibus
1306 760 1588 821 praestans,
1619 752 1743 809 dum
1774 769 1873 826 per
1900 756 2001 811 mi-

404 837 717 894 sericordiae
740 849 792 895 et
811 839 1033 910 justitiae
1056 842 1297 911 modum,
1329 847 1698 918 temperanda!
1736 849 1999 907 severita-

406 932 477 988 tis
501 933 854 1005 indulgentiae
880 952 939 992 se
964 947 1225 994 reservat.

482 1028 569 1083 i5.
598 1026 801 1095 Miseri,
828 1030 1145 1102 prwcipuum
1174 1029 1270 1086 Dei
1289 1024 1626 1103 opum—4100
1656 1035 1709 1092 in
1735 1036 1843 1093 Deo
1862 1053 2000 1110 pra:-

407 1120 645 1191 cipuum,
679 1121 781 1175 hoc
812 1121 864 1176 in
886 1132 1107 1192 potente
1138 1124 1460 1182 laudandum
1497 1145 1510 1181 :
1538 1144 1643 1184 non
1684 1131 1879 1186 emittm
1924 1131 2002 1189 fe-

384 1213 572 1279 ‘cisse,
591 1214 713 1284 quia
736 1224 930 1286 potens
955 1225 1068 1285 est;
1100 1233 1204 1273 non
1224 1228 1421 1274 terram
1450 1218 1724 1290 fundasse,
1743 1224 1867 1293 quia
1889 1225 2000 1279 vir-

408 1313 499 1362 tus
526 1315 637 1373 est;
665 1322 770 1362 non
813 1320 1014 1363 annum
1056 1309 1216 1364 astris
1252 1318 1604 1381 temperasse,
1636 1314 1757 1384 quia
1787 1315 2002 1382 sapiens

412 1410 528 1465 est;
555 1415 656 1456 non
684 1399 955 1455 hominem
984 1401 1271 1469 animasse,
1295 1403 1418 1473 quia
1439 1404 1547 1458 vita
1572 1413 1687 1471 est;
1717 1420 1822 1461 non
1851 1417 2001 1464 mare

406 1490 462 1546 in
488 1507 736 1548 accessus
775 1508 838 1548 ac
878 1493 1136 1551 decessus
1180 1495 1434 1562 movisse,
1466 1497 1590 1565 quia
1622 1499 1840 1568 spiritus
1869 1510 1951 1555 est
1982 1517 1996 1553 :

405 1582 501 1640 sed
531 1580 936 1640 misericordem
964 1600 1106 1654 esse,
1137 1587 1228 1658 qui
1271 1586 1447 1656 justus
1475 1599 1589 1655 est;
1617 1590 1711 1645 sed
1735 1591 2001 1647 miseran-

406 1684 514 1732 tem
543 1691 685 1742 esse,
715 1677 804 1749 qui
842 1693 940 1733 rex
969 1686 1082 1743 est;
1114 1678 1211 1734 s‘ed
1254 1677 1686 1738 dissimulantem
1734 1697 1879 1753 esse,
1906 1685 1999 1755 qui

404 1769 550 1825 Deus
576 1780 682 1826 εει.
715 1770 795 1825 Ad
842 1770 893 1826 id
940 1771 1081 1826 enim
1111 1772 1251 1843 quod
1275 1772 1477 1829 dictqu
1518 1785 1621 1841 est,
1667 1774 1881 1833 Justitia
1909 1786 1999 1832 tua
2024 1774 2074 1837 B

403 1861 754 1929 exsultabant,
790 1870 1042 1933 tanquam
1085 1865 1449 1921 necessarium
1473 1867 1734 1937 sequitur,
1765 1868 1929 1925 Vsus.
1960 1871 1996 1926 8

404 1966 462 2012 et
486 1958 518 2011 9
553 1974 567 2011 :
602 1955 877 2011 Miserator
908 1967 954 2012 et
980 1959 1271 2013 misericors
1304 1957 1557 2015 Dominus
1586 1971 1683 2027 est,
1722 1964 1921 2031 patiens
1950 1973 1998 2019 et

403 2048 582 2103 multa:
610 2048 993 2104 misericordia.
1026 2050 1214 2106 Suavis
1242 2048 1495 2106 Dominus
1521 2054 1790 2122 universis,
1823 2066 1869 2111 et
1904 2058 2001 2111 tui-

403 2142 682 2196 serationes
706 2146 821 2216 ejus
840 2159 994 2213 super
1012 2146 1184 2199 omnia
1212 2148 1368 2218 opera
1393 2147 1525 2219 ejus.
1559 2148 1712 2217 Quod
1735 2151 1876 2206 enim
1904 2168 2000 2221 po-

404 2242 532 2289 teus
561 2242 663 2300 est,
697 2238 903 2291 naturae
929 2250 1040 2292 suae
1069 2238 1247 2293 virtus
1277 2246 1359 2294 εει
1388 2256 1403 2293 :
1433 2234 1578 2311 quod
1621 2245 2000 2302 autem'mise-

403 2327 580 2383 ricors
607 2337 712 2393 est,
746 2328 933 2383 salutis
970 2338 1171 2384 nostra:
1203 2331 1477 2401 profectus
1509 2342 1610 2388 est.
1645 2333 1711 2388 Et
1741 2336 1858 2406 plus
1891 2346 1995 2405 est,

403 2433 514 2473 non
544 2419 657 2474 suis
687 2418 782 2486 uti,
815 2419 910 2475 sed
937 2421 1060 2476 aliis
1091 2424 1406 2492 prac5titisse
1441 2441 1560 2496 quae
1598 2442 1690 2481 sua
1719 2438 1844 2483 sunt
1871 2446 1883 2483 :
1914 2438 1997 2484 at-

410 2527 516 2591 que
545 2511 666 2567 ideo
697 2521 915 2585 praestat
935 2514 1146 2568 caeteris
1179 2516 1277 2572 Dei
1323 2519 1578 2589 Operibus
1606 2520 1995 2590 misericordia,

404 2604 530 2675 quia
554 2607 834 2676 magniﬁca
864 2596 982 2675 eius
1011 2610 1257 2678 operatio
1288 2612 1500 2668 virtutis
1524 2627 1637 2669 sua:
1671 2628 1760 2669 res
1781 2615 2001 2683 est,mi-

404 2694 699 2753 sericordia
728 2714 857 2754 vero
880 2698 999 2771 ejus
1025 2717 1156 2757 usus
1178 2703 1388 2761 alienus
1413 2714 1513 2761 est.

482 2786 569 2845 16.
634 2787 1046 2848 [mortalitatis
1098 2804 1287 2850 nostra
1341 2797 1597 2868 probatio.
1627 2798 1809 2856 —-0b
1854 2802 1999 2873 quod

410 2892 680 2957 tamquam
723 2884 776 2940 in
808 2886 961 2956 apice
983 2888 1098 2957 ipse
1144 2887 1443 2958 divinarum
1473 2890 1541 2947 ob
1573 2892 1998 2950 misericordiam

410 2978 628 3035 laudum
659 2966 927 3051 Propheta
955 2970 1279 3050 consistens,
1311 2983 1549 3041 debitum
1584 2986 1696 3043 Deo
1735 2988 1993 3044 honorem

406 3072 573 3129 veluti
615 3073 843 3144 publicae
891 3074 1247 3129 confessionis
1291 3077 1546 3145 ostendit,
1585 3079 1790 3148 dicens,
1824 3078 1989 3138 Vens.

410 3169 621 3224 10-15:
659 3157 1012 3237 Conﬁteantur
1052 3167 1139 3221 tibi
1183 3162 1402 3224 Domine
1430 3174 1600 3226 omnia
1639 3190 1795 3245 Opera
1815 3185 1923 3244 tua,
1954 3187 2000 3231 et
2024 3164 2074 3229 Ε

406 3261 572 3315 sancti
594 3261 667 3314 tui
693 3260 1034 3329 conﬁteantur
1060 3261 1166 3315 tibi.
1195 3261 1423 3316 Gloriam
1451 3267 1594 3337 regni
1624 3267 1698 3321 lui
1733 3269 1923 3336 dicent,
1954 3280 2001 3324 et

408 3352 686 3422 potentiam
716 3360 855 3406 tuam
886 3351 1155 3420 loquentur
1184 3358 1277 3431 :ut
1324 3358 1496 3409 notam
1531 3358 1725 3427 faciant
1762 3360 1883 3428 ﬁliis
1909 3362 2005 3415 lto—

409 3448 603 3501 minum
624 3450 900 3518 potentiam
927 3457 1087 3515 tuam,
1113 3459 1160 3504 et
1182 3450 1398 3522 gloriam
1426 3454 1820 3524 magniﬁcentia
1836 3456 1999 3530 627

407 3541 552 3613 regni
579 3540 673 3595 tui.
710 3539 944 3612 Regnum
982 3548 1126 3595 tuum
1170 3543 1395 3597 omnium
1447 3545 1770 3615 swculorutn,
1802 3560 1849 3603 et
1902 3552 1999 3603 do-

411 3632 627 3686 minatio
660 3642 747 3686 tua
778 3633 831 3685 in
883 3634 1020 3687 omni
1060 3636 1388 3707 generatione
1432 3645 1479 3690 et
1508 3640 1767 3712 pregenie.
1801 3641 2000 3712 Dignus

410 3724 722 3794 prephetica
756 3723 1211 3796 magniloquentia
1236 3725 1370 3781 ordo
1401 3726 1663 3783 dictorum
1694 3740 1796 3785 est.
1824 3730 2002 3802 Opera

412 3817 580 3873 Deum
620 3816 946 3874 conﬁtentur
974 3837 987 3873 :
1019 3834 1177 3890 quam
1234 3819 1548 3895 magniﬁcus
1577 3822 1720 3877 cuitu
1748 3823 1838 3893 sit,
1869 3840 2002 3895 ope-

411 3925 531 3965 rum
564 3922 616 3965 et
647 3919 908 3965 creaturae
953 3910 1345 3982 magniﬁcentia
1377 3914 1682 3971 conﬁtetur.
1730 3902 1835 3973 Sed
1866 3933 2001 3974 con-

413 4004 633 4060 ﬁtentur
656 4015 709 4061 et
728 4007 917 4073 sancti,
948 4006 1143 4077 quibus
1173 4022 1269 4062 rex
1312 3989 1432 4064 εέεε
1458 4008 1727 4080 dignatur.
1762 4010 2001 4069 Gloriam

413 4097 566 4168 regni
588 4098 909 4169 eloquuntur
939 4115 952 4151 :
980 4114 1046 4153 ne
1075 4097 1317 4167 ignorata
1358 4114 1464 4155 non
1503 4101 1844 4159 desideretur
1871 4119 2004 4159 usu-

388 4191 511 4245 .ris.
549 4176 993 4260 Magniﬁcentiam
1035 4205 1249 4263 quoque
1295 4193 1486 4264 glorim
1525 4197 1674 4267 regni
1720 4196 1813 4252 Dei
1861 4215 2005 4254 nuu-

417 4282 591 4337 tiant:
625 4297 693 4337 ne
718 4278 1037 4352 desperetur
1057 4292 1282 4342 interna.
1311 4270 1624 4341 Dominatus
1651 4287 1811 4343 etiam
1842 4290 1896 4345 iu
1916 4305 2009 4364 ge-

414 4377 749 4433 nerationem
800 4386 855 4433 et
890 4380 1294 4451 generationem
1345 4383 1650 4442 ostenditur
1699 4387 1907 4462 :(b)’ut
1948 4406 2008 4449 se

2102 476 2199 531 Dei
2226 477 2279 532 in
2302 478 2558 548 Operibns
2582 475 2687 543 et.
2732 486 3038 535 sanctorum
3068 469 3306 536 ofﬁcium
3346 482 3399 535 in
3444 468 3692 538 doctrina

2099 580 2205 637 est,
2236 570 2535 640 prophetiae
2562 582 2689 626 usus
2710 573 2764 626 in
2794 573 3174 643 praedicatione
3196 582 3304 641 est,
3338 575 3485 644 regni
3518 574 3689 645 gloria

2100 660 2155 716 in
2178 663 2479 719 aeternitate
2503 663 2812 719 deminutus
2835 674 2940 731 est,
2968 665 3277 721 dominatus
3300 668 3575 723 mterttitas
3598 680 3694 724 eos

2102 770 2326 812 necesse
2353 764 2436 812 est
2462 755 2678 824 habeat,
2706 757 2757 811 iu
2785 773 2919 829 quos
2940 768 3123 831 agatur
3148 766 3406 816 alemus.

2178 871 2266 929 17.
2292 872 2551 929 Sanctitas
2579 880 2792 944 operum
2812 870 2910 929 Dei
2935 875 3200 929 verborum
3226 875 3394 944 ﬁrmat
3417 875 3592 946 ﬁdem.
3622 892 3695 920 έ-

2071 944 2077 949 ’
2104 968 2280 1037 Atque
2304 967 2369 1021 ad
2400 966 2450 1022 id
2481 967 2681 1038 spebus
2710 964 2957 1022 fidelibus
2979 966 3362 1036 expetendum,
3387 944 3693 1027 adhortatio

2102 1059 2389 1131 Prophetas
2410 1063 2668 1118 continuo
2691 1061 2934 1133 subjecta
2957 1069 3041 1118 est
3072 1079 3087 1116 :
3118 1056 3316 1117 Fidelis
3361 1054 3615 1149 Dominus
3640 1066 3695 1120 in

2034 1198 2041 1206 .
2101 1156 2267 1210 verbis
2296 1156 2423 1223 suis,
2449 1164 2498 1211 et
2523 1160 2733 1211 sanetus
2779 1157 2833 1210 in
2862 1157 3095 1211 omnibus
3138 1156 3376 1228 operibus
3400 1159 3528 1214 suis.
3566 1158 3698 1214 Ver-

2102 1247 2290 1302 borum
2322 1245 2454 1303 ﬁdes
2475 1245 2617 1304 forte
2663 1255 2901 1316 nutaret,
2929 1249 3031 1303 nisi
3058 1249 3314 1304 sanctitas
3336 1242 3586 1319 operibus
3611 1258 3698 1306 es:-
3796 1316 3800 1325 δ

2102 1352 2185 1397 εει
2219 1340 2477 1398 admixta.
2510 1338 2686 1414 Atque
2733 1343 2803 1397 ita
2850 1336 3109 1399 sanctitas
3136 1344 3189 1399 in
3226 1331 3503 1415 operibus,
3532 1340 3695 1400 ﬁdem

2102 1432 2385 1489 conﬁrmat
2414 1435 2468 1490 in
2512 1428 2697 1492 verbis
2730 1452 2745 1490 :
2776 1446 2833 1491 ιιι
2873 1436 2941 1494 de
2985 1434 3153 1493 sancti
3194 1438 3295 1494 ﬁde
3335 1438 3387 1493 in
3415 1438 3697 1510 promissis

2102 1536 2210 1581 non
2255 1526 2517 1599 ambigas,
2553 1531 2706 1601 cujus
2761 1532 3041 1586 sanctitate
3086 1532 3255 1587 utaris
3306 1531 3362 1586 in
3407 1532 3591 1587 rebus.
3636 1532 3696 1589 Si

2102 1618 2247 1672 enim
2277 1627 2521 1675 sanetum
2564 1634 2685 1677 esse
2719 1616 2884 1676 Deum
2916 1618 3264 1693 intelligimus
3309 1624 3407 1693 per
3449 1622 3501 1677 id
3551 1623 3697 1694 quod

2104 1710 2397 1776 nascimur,
2425 1712 2681 1778 vivimus,
2711 1711 2928 1779 alimur,
2958 1725 3011 1769 ει
3041 1716 3209 1786 captis
3233 1716 3483 1771 omnibus
3508 1716 3698 1770 huma-

2104 1810 2186 1858 na:
2208 1812 2415 1858 naturae
2435 1804 2688 1874 congruis
2711 1804 3081 1872 abundamus;
3102 1808 3360 1863 sanetitas
3384 1808 3454 1862 ita
3480 1806 3543 1879 (ι’.
3568 1806 3692 1874 ista)

2103 1900 2229 1952 e‘s‘se
2256 1908 2363 1951 non
2393 1905 2570 1967 ροιεει
2600 1892 2830 1953 inﬁdelis
2863 1898 2917 1953 in
2940 1896 3119 1954 dictis.

2180 2008 2273 2067 l8.
2308 2009 2625 2067 Painitentes
2656 2010 2888 2079 suffulcit
2930 2000 3090 2067 Deus.
3122 2044 3190 2055 —-
3220 2002 3332 2068 Scit
3374 2022 3550 2069 autem
3575 2006 3706 2072 Pro-

2104 2088 2265 2174 pheta
2296 2118 2418 2159 esse
2460 2102 2513 2159 et
2556 2102 2701 2158 aliud
2740 2104 3042 2159 sanctitatis
3076 2098 3169 2159 D‘ei
3191 2119 3344 2175 opus,
3381 2106 3431 2160 iu
3462 2122 3528 2162 eo
3554 2108 3697 2178 quod

2102 2194 2353 2265 sequitur
2382 2212 2395 2248 :
2431 2182 2678 2262 Suﬁulcii
2707 2184 2969 2248 Dominus
2990 2211 3162 2249 omnes
3209 2196 3295 2265 qui
3319 2205 3498 2260 ruunt,
3529 2205 3577 2252 et
3618 2197 3692 2270 (e)

2102 2274 2251 2360 erigit
2293 2303 2466 2342 omnes
2497 2288 2668 2342 elisos.
2714 2276 2884 2344 Adest
2912 2286 3159 2342 erunibus
3215 2284 3305 2342 Dei
3334 2290 3612 2356 sanctitas,
3645 2300 3700 2345 ct

2102 2396 2162 2438 se
2195 2380 2443 2437 humanis
2471 2381 2685 2441 auxiliis
2712 2384 2820 2437 non
2862 2376 3152 2447 Subtrahit.
3184 2374 3292 2438 Sed
3325 2393 3509 2439 servat
3536 2382 3723 2439 etiam.

2103 2484 2245 2535 nunc
2268 2478 2493 2549 iustitia:
2524 2476 2578 2535 et
2605 2476 2990 2534 misericordiae
3015 2475 3092 2550 (d)
3114 2474 3382 2550 Propheta
3412 2480 3698 2555 rationem.

2103 2571 2355 2630 Suﬁ'ulcit
2378 2573 2520 2628 enim
2552 2573 2831 2639 Dominus,
2857 2588 2961 2627 non
2978 2558 3265 2643 collapsos,
3294 2570 3387 2626 sed
3419 2572 3696 2629 cadentes.

2102 2668 2350 2733 Quos,et
2391 2650 2436 2720 si
2482 2658 2657 2719 trahat
2688 2678 2888 2735 pronus
2933 2676 3137 2719 natura:
3183 2662 3366 2734 lapsus
3396 2663 3447 2718 in
3492 2678 3696 2731 casum,

2104 2758 2419 2830 posuitentia
2449 2766 2653 2823 tamen,
2694 2772 2813 2827 qua:
2856 2768 3043 2811 auctor
3070 2766 3152 2811 est
3172 2750 3476 2821 desinendi,
3509 2771 3579 2811 ne
3608 2771 3701 2825 pe-

2105 2856 2259 2910 nitus
2300 2851 2413 2924 jam
2439 2848 2508 2927 (e)
2547 2851 2867 2916 ceciderint,
2915 2849 3089 2916 sistet,
3141 2850 3192 2905 in
3246 2840 3395 2927 lapsu
3442 2840 3698 2903 suﬁ‘ulcit.

2105 2922 2497 3012 Ruereeuim,
2535 2958 2639 2998 non
2683 2942 2877 3008 ruisse,
2924 2932 3102 3012 potest
3138 2940 3190 2994 in
3219 2922 3271 2994 id
3321 2938 3697 2994 conﬁrmatum

2112 3054 2235 3094 esse
2265 3055 2333 3095 ne
2363 3036 2550 3093 ruerit.

2180 3157 2266 3212 i9.
2301 3154 2469 3210 Elisos
2494 3169 2584 3224 per
2600 3152 2935 3225 fragilitatem
2963 3159 3051 3205 aut
3076 3165 3298 3205 errorem
3327 3150 3568 3225 erigit.-—
3593 3147 3699 3206 Sed

2107 3249 2454 3319 eteriguntur
2474 3245 2631 3301 allisi.
2657 3244 2838 3299 Diﬁ'ert
2854 3252 3055 3307 autem,
3078 3241 3413 3298 viexteriore
3429 3241 3634 3307 collidi,
3649 3250 3702 3296 et

2109 3343 2286 3401 ruisse
2315 3357 2415 3398 suo
2444 3354 2593 3396 casu.
2618 3338 2873 3395 Alliditur
2891 3352 3121 3407 namque
3145 3337 3258 3403 ille,
3282 3352 3439 3405 quem
3469 3351 3565 3406 per
3588 3336 3704 3390 dia-

2107 3436 2220 3493 boli
2250 3435 2570 3491 instinctum
2619 3433 2800 3487 calens
2840 3430 3357 3500 mtas-praecipitavit
3397 3431 3448 3484 in
3491 3444 3698 3495 casum,

2106 3545 2268 3602 quem
2310 3528 2576 3599 ignoratio
2605 3525 2864 3595 compulit
2908 3525 2960 3577 in
2992 3538 3256 3585 errorem,
3284 3538 3442 3593 quem
3486 3523 3702 3577 fraudu-

2106 3623 2267 3679 lentis
2306 3636 2401 3675 usa
2458 3618 2736 3675 blanditiis
2780 3625 2986 3672 natura:
3034 3616 3315 3671 inﬁrmitas
3342 3617 3453 3687 egit
3506 3616 3558 3670 in
3592 3617 3702 3671 cri~

2110 3731 2255 3772 men.
2308 3713 2405 3770 Hie
2447 3712 2622 3783 potius
2672 3711 2910 3776 eliditur,
2954 3725 3113 3781 quam
3158 3708 3247 3764 ille
3294 3708 3383 3794 qui
3424 3708 3703 3764 voluntate

2112 3809 2490 3880 permanserit,
2526 3804 2596 3877 (ι’)
2636 3818 2795 3876 quem
2840 3802 2925 3858 hic
2970 3803 3219 3859 vitiorum
3273 3817 3401 3857 usus
3448 3800 3701 3864 oblectet.

2110 3916 2270 3973 quem
2336 3914 2441 3956 non
2510 3898 2769 3970 poeniteat
2844 3895 3084 3952 admissi.
3155 3895 3327 3951 Habet
3401 3895 3545 3951 enim
3606 3910 3702 3951 ve-

2112 3993 2215 4053 nia:
2278 3993 2417 4065 apud
2451 3994 2618 4049 Deum
2672 3990 2961 4056 solatium,
3009 3990 3323 4060 paenituisse
3367 3990 3435 4044 de
3478 3988 3647 4059 gestis
3689 4006 3703 4042 :

2109 4102 2214 4144 nec
2252 4095 2680 4157 temperamento
2735 4082 3037 4138 severitatis
3089 4081 3363 4152 indignum
3408 4088 3513 4159 est,
3559 4079 3703 4150 quod

2110 4197 2208 4253 per
2253 4179 2473 4236 admissi
2538 4178 2814 4243 dolorem,
2861 4176 3112 4233 allectum
3167 4175 3239 4230 ita
3286 4173 3567 4246 proﬁtetur
3621 4172 3702 4228 in-
3758 4215 3769 4229 .

2108 4272 2224 4328 viti.

2181 4390 2349 4464 628
2374 4388 2465 4445 20.
2499 4386 2687 4443 Omnia
2723 4394 2769 4441 et
2797 4383 3028 4459 corporis
3071 4393 3120 4441 et
3161 4383 3347 4440 animo:
3372 4383 3503 4439 bona
3528 4397 3560 4437 a
3595 4379 3704 4437 Deo

488 4584 566 4658 (a)
587 4584 701 4639 Hoc
728 4589 829 4649 est,
864 4596 972 4661 non
1016 4581 1213 4661 statim
1227 4584 1397 4661 punit,
1428 4591 1590 4655 atque
1628 4601 1874 4661 erramus
1898 4600 2007 4661 aut
2033 4582 2088 4657 Ῐ)
2116 4602 2300 4648 merus
2344 4588 2438 4646 illo
2468 4590 2720 4661 Superior
2764 4588 2831 4645 ab
2860 4588 2946 4645 his
2977 4587 3140 4645 etiam
3191 4586 3371 4644 verbis
3397 4586 3701 4658 inchoatur,

414 4650 852 4732 peccaturis.hseu
877 4661 936 4707 ut
961 4650 1252 4732 habeturin
1280 4656 1411 4732 psal.
1444 4650 1665 4723 cx'xvm,
1689 4676 1752 4732 η.
1772 4659 1806 4715 8
1840 4678 1852 4714 ε
1886 4658 2005 4717 Non

419 4722 796 4802 interexordia
818 4722 1366 4802 humenteiniquitatis
1397 4722 1662 4802 promptus
1686 4730 1754 4784 ad
1778 4738 2002 4802 poenam,

417 4803 505 4857 se‘d
535 4797 796 4876 desinendi
816 4811 849 4848 a
871 4796 1167 4848 criminibus
1195 4808 1361 4876 serum
1396 4798 1510 4852 licet
1546 4796 1856 4857 uoluntatem
1887 4796 2006 4876 pec;

416 4871 605 4927 caloris
634 4874 951 4933 exspectans.
1336 4866 1351 4879 ⁴

490 4944 567 5014 (b)
596 4939 760 5002 Editi,
791 4947 845 4991 ut
870 4936 1230 5014 {ﬁdottti‘natui
1251 4937 1485 5014 subjiciat
1508 4950 1755 4998 cowterno
1787 4961 1807 4999 :
1836 4947 2007 5000 corri-

418 5008 614 5083 guutur
644 5027 707 5065 ex
728 5027 842 5083 _uts.
877 5008 1141 5083 Mic._nisi
1168 5008 1311 5083 quod
1345 5012 1393 5083 in
1436 5025 1503 5065 eo
1530 5015 1800 5083 mendose
1825 5026 2004 5072 exstat

420 5077 706 5140 dominatu.
725 5080 813 5134 Sic
840 5079 1191 5133 ratiocinator
1210 5078 1445 5133 Hilarius
1476 5086 1490 5136 ἑ
1519 5077 1827 5141 Doininatus
1856 5098 2005 5142 teter-

419 5160 553 5211 uitas
581 5170 664 5208 eos
692 5160 888 5205 necesse
909 5159 979 5204 est
1009 5151 1061 5204 in
1086 5148 1388 5227 aeternitate
1415 5147 1615 5227 habeat,
1639 5155 1691 5208 in
1709 5174 1833 5227 quos
1858 5168 2009 5213 tuter-

421 5245 517 5282 nus
544 5237 732 5299 agatur
758 5237 775 5275 :
804 5230 1038 5299 aeternus
1066 5231 1243 5299 autem
1286 5223 1460 5291 agitur
1505 5224 1554 5299 in
1604 5223 2008 5295 generationem

419 5310 473 5354 et
492 5292 897 5370 geticrationem
932 5310 945 5345 :
980 5292 1579 5370 inuigilat-generatio
1611 5292 1889 5370 fcoazterna
1937 5301 2010 5356 sit

421 5363 646 5425 necesse
690 5375 792 5419 est.
822 5363 973 5435 Non
1006 5363 1151 5418 enim
1203 5363 1418 5420 videtur
1444 5365 1510 5419 ad
1540 5368 1666 5435 quid
1711 5368 1911 5425 referat
1956 5389 2010 5427 se

419 5452 748 5503 maternam,
767 5434 881 5509 nisi
910 5433 975 5489 ad
1004 5435 1430 5509 generationem.
1446 5433 1608 5509 idem
1631 5440 2008 5509 argumentum

419 5512 711 5583 postremis
767 5505 938 5583 hujus
990 5515 1248 5583 tractatus
1307 5505 1487 5583 verbis
1530 5505 1878 5583 inculcetur,
1941 5529 2008 5570 ex

419 5570 614 5653 quibus
653 5579 742 5635 hic
798 5570 1118 5644 dbminatui,
1159 5592 1268 5632 non
1307 5570 1574 5634 dominatu
1621 5570 1907 5653 legendum
1946 5583 2011 5641 li-

459 5663 565 5709 “8i.

419 5668 670 5798 q_ué('c.)ju
714 5738 819 5798 ms.
862 5721 1089 5798 εστι-ἱσὶὲ
1122 5714 1835 5798 Habentusuquideminitio
1862 5742 2012 5784 num.

439 5791 553 5859 20';
570 5791 690 5853 'Cur
715 5795 952 5857 cadentes
971 5791 1253 5865 suﬁ'ulciut,
1272 5802 1320 5849 et
1339 5791 1514 5853 allisos
1541 5795 1762 5871 corrigat
1789 5815 1807 5854 .'
1836 5807 1891 5859 at
1920 5800 2021 5861 tiu-4,

2114 4665 2219 4736 Sed
2247 4674 2311 4736 et,
2324 4665 2589 4736 eriguntur
2614 4663 2772 4736 allisi.

2182 4733 2263 4859 (t2
2298 4735 2369 4788 Ita
2399 4730 2503 4789 ius.
2532 4749 2595 4786 ac
2619 4733 2789 4805 prima
2816 4731 2982 4787 editio
3024 4732 3146 4786 Par.
3178 4730 3360 4800 Neque
3387 4731 3437 4786 iu
3472 4732 3703 4787 novissi-

2182 4822 2197 4857 ι
2258 4805 2404 4859 ebuit
2446 4805 2683 4859 nimierri
2719 4802 3173 4859 m'onltetationem.
3205 4800 3348 4859 quod
3387 4802 3529 4857 male
3563 4804 3702 4859 apud

2113 4800 2200 4861 ma
2221 4800 2404 4861 debuit
2446 4800 2683 4874 praeferri
2718 4802 3173 4874 prophetationem,
3205 4800 3348 4874 quod
3387 4802 3529 4857 male
3563 4804 3702 4874 apud

2114 4875 2271 4937 Bad..
2301 4877 2392 4930 Er.
2426 4872 2481 4931 et
2506 4874 2653 4945 Lips.
2687 4872 2983 4929 obtinebat.

2185 4946 2255 5019 (e)
2282 4947 2339 5002 In
2369 4944 2619 5019 vulgatis,
2648 4947 2997 5019 ceciderit,_ac
3022 4944 3221 5019 deinde
3252 4946 3296 4999 si
3337 4953 3447 5019 stet,
3495 4944 3705 5003 duobus

2112 5016 2312 5073 verbis.
2344 5016 2566 5073 Rectius
2598 5020 2650 5071 in
2683 5033 2782 5071 ms.
2817 5016 3110 5088 ceciderint,
3141 5016 3322 5074 sistet:
3351 5017 3402 5071 id
3435 5026 3535 5088 est,
3568 5033 3703 5088 quos

2114 5091 2426 5158 pmuitentia
2448 5089 2622 5154 sistet,
2645 5103 2740 5142 eos
2755 5088 2807 5143 in
2838 5089 2985 5156 lapsu
3005 5086 3239 5141 suﬁ‘ulcit
3265 5088 3424 5143 Deus.
3448 5087 3539 5142 Hae
3558 5086 3701 5143 enim

2113 5162 2231 5215 duae
2249 5161 2642 5237 propositiones
2656 5160 2940 5237 principum
2952 5167 3098 5237 sunt,
3120 5175 3342 5228 quarum
3360 5169 3571 5237 cmterm
3587 5172 3700 5237 tau-

2115 5240 2224 5285 tutu
2248 5227 2373 5285 suu't
2399 5230 2746 5299 appendices.
2785 5227 2973 5283 Obiter
3002 5227 3294 5286 observare
3323 5239 3405 5286 cst
3430 5229 3496 5284 de
3529 5232 3701 5297 paeni-

2113 5301 2279 5357 tentia
2303 5302 2391 5357 hic
2414 5301 2541 5364 dici,
2572 5309 2757 5372 auctor.
2792 5310 2863 5353 est
2904 5299 3168 5372 desinendi
3191 5319 3209 5368 ;
3232 5300 3498 5372 quomodo
3528 5300 3578 5354 in
3608 5315 3694 5369 ps.

2113 5388 2311 5439 cxxxv,
2347 5389 2401 5426 ιι.
2433 5371 2492 5432 4.
2518 5380 2573 5425 ει
2600 5370 2653 5425 in
2682 5385 2924 5440 cxxxvn,
2951 5388 3006 5427 ιι.
3040 5373 3095 5440 5,
3128 5370 3195 5430 de
3219 5370 3555 5428 confessione
3585 5372 3700 5426 dic-2

2114 5453 2224 5498 ttuu
2247 5454 2352 5506 est,
2375 5442 2627 5513 professio
2655 5450 2727 5496 est
2754 5441 3034 5498 desinendi.

2186 5514 2256 5586 (Ῑ)
2287 5512 2448 5586 Editi,
2476 5512 2645 5586 iquem
2683 5514 2913 5580 uitiosus,
2942 5515 3051 5581 vel,
3099 5531 3246 5586 quem
3280 5514 3389 5568 vitii
3437 5528 3561 5566 usus
3596 5530 3614 5568 :
3646 5523 3699 5569 et

2117 5583 2263 5652 mox,
2292 5584 2438 5671 habft
2466 5585 2598 5659 enim
2644 5586 2842 5671 vernant
2879 5595 2924 5671 et
2954 5586 3095 5671 apud
3120 5583 3307 5671 Deum,
3332 5593 3461 5671 crte”
3488 5594 3540 5669 et
3580 5593 3702 5671 post

2118 5672 2310 5730 pauca,
2338 5655 2579 5724 affectum
2606 5657 2874 5730 proﬁtetur
2896 5655 3059 5725 inviti,
3091 5661 3206 5714 sine
3233 5660 3324 5711 ita.
3349 5656 3701 5729 Corriguutnr

2119 5728 2441 5802 auctoritate
2471 5744 2574 5797 ms.
2606 5728 2682 5786 De
2703 5728 2983 5800 peccatore
3011 5732 3100 5802 qui
3115 5730 3329 5802 yeuiatn
3357 5743 3465 5787 non
3493 5745 3703 5802 nterea,-

2120 5813 2229 5873 tur,
2261 5799 2386 5859 vide
2410 5809 2663 5859 annotata
2686 5798 2736 5858 iit
2758 5818 2841 5876 ps.
2873 5817 2997 5873 exs,
3026 5798 3081 5858 ii.
3106 5800 3161 5857 8.
3669 5798 3677 5817 ’
