4134 6184
471 275 582 335 863

1690 289 1940 350 SANCTI
1981 292 2243 352 [llLARll
2284 297 2594 360 EPISCOPI

3666 318 3777 379 864

477 395 844 467 exspectanda.
877 427 948 439 -
978 397 1046 454 Et
1065 412 1162 455 cur
1180 399 1437 458 cadentes
1467 402 1756 472 suﬁ'ulciat,
1790 416 1846 463 et
1883 406 2070 466 allisos
2096 413 2150 472 Α
2176 419 2256 469 tes
2287 413 2477 483 Deum,
2506 415 2610 475 hoc
2634 427 2690 474 ut
2717 419 3008 480 audiamur
3039 437 3217 496 erant,
3248 437 3306 485 ut
3334 443 3440 486 non
3467 429 3781 494 dominetur

475 490 743 562 corrigat;
795 495 1252 564 consequentibus
1298 496 1488 564 docet,
1538 497 1748 570 dicens,
1788 500 1950 558 Vnns.
2005 504 2074 559 15

481 591 538 638 et
562 584 628 638 16
663 600 676 636 :
712 582 864 637 Oculi
889 586 1118 640 omnium
1141 587 1195 641 in
1231 597 1278 642 te
1305 599 1512 658 sperant
1541 589 1779 660 Domine,
1805 602 1858 648 et
1900 604 1954 647 tu
1983 594 2075 650 das

473 690 643 730 escam
668 675 878 730 illorum
903 678 957 731 in
988 689 1211 751 tempore
1240 693 1550 753 Opportuna.
1575 683 1758 754 Aperis
1782 695 1836 739 tu
1859 702 2072 740 manum

473 776 636 836 tuam,
662 779 711 823 et
738 770 917 843 imples
943 788 1142 828 omnem
1163 775 1387 828 animam
1409 777 1774 832 benedictione.
1803 778 1952 834 Totis
1975 781 2074 835 ita-

471 873 578 931 que
625 859 679 918 in
733 862 900 917 Deum
948 863 1090 919 allisi
1135 873 1191 920 et
1227 866 1484 924 cadentes
1511 870 1683 924 oculis
1713 870 2067 942 adspectent:

473 966 651 1022 neque
699 953 981 1023 quisquam
1011 957 1079 1010 ita
1108 955 1176 1012 de
1215 972 1274 1012 se
1323 959 1578 1023 conﬁdat,
1628 969 1685 1016 ut
1712 977 1818 1017 non
1859 977 2074 1034 semper

470 1045 686 1112 cadere,
719 1061 934 1117 semper
959 1064 1018 1104 se
1049 1061 1299 1106 vereatur
1328 1051 1493 1107 allidi.
1519 1054 1601 1109 Ab
1627 1054 1720 1109 illo
1746 1057 2070 1126 sperandum

474 1145 580 1205 est,
621 1155 688 1195 ne
717 1155 844 1196 casu
894 1142 1280 1212 periclitemur,
1333 1160 1401 1201 ne
1445 1146 1731 1202 allidamur
1761 1148 2072 1206 inﬁrmitate

469 1238 697 1286 naturae.
731 1231 919 1288 Omnia
975 1242 1153 1289 autem
1196 1235 1351 1291 nobis
1400 1237 1524 1292 vitae
1579 1237 1815 1294 subsidia
1845 1255 1910 1296 ex
1951 1239 2070 1312 ipso

467 1332 596 1379 sunt
629 1341 641 1377 :
674 1339 794 1379 cum
832 1340 898 1380 ex
943 1329 1342 1396 opportunitate
1373 1327 1644 1384 fructuum
1673 1329 1899 1386 indultis
1937 1333 2070 1389 cibis

465 1417 724 1486 vivimus,
757 1434 880 1475 cum
909 1435 1125 1477 manum
1164 1424 1458 1494 aperiendo
1485 1426 1693 1481 animas
1721 1434 1933 1482 nostras
1972 1427 2071 1483 do-

469 1510 553 1565 nis
577 1511 910 1580 spiritalibus
939 1514 1134 1584 replet,
1166 1526 1220 1570 et
1260 1531 1381 1572 cum
1427 1532 1493 1572 ex
1519 1517 1732 1574 virtutis
1762 1535 1874 1574 suae
1922 1519 2069 1590 fonte

467 1603 622 1674 copia
659 1604 710 1659 in
741 1621 840 1661 nos
865 1620 1052 1662 eorum
1083 1623 1204 1678 quae
1250 1609 1351 1665 sibi
1397 1609 1730 1681 beueplacita
1775 1619 1900 1666 sunt
1938 1627 2068 1668 exu-

467 1696 640 1755 berat.
671 1699 825 1766 Quod
855 1710 1145 1772 tttrumque
1173 1703 1226 1757 in
1256 1703 1340 1759 his
1367 1721 1488 1774 qua:
1527 1715 1929 1777 consequuntur
1959 1708 2068 1764 dis-

2178 521 2363 562 eorum
2389 518 2588 566 :eterna
2611 528 2782 582 mors,
2808 531 2913 571 non
2941 518 2994 572 in
3025 518 3299 577 interitum
3326 525 3568 595 perpetui
3589 527 3779 596 judicii

2177 597 2519 670 deputentur,
2554 603 2651 660 sed
2671 606 2771 661 sub
2801 611 3042 666 custodia
3061 612 3227 685 629
3257 615 3345 671 Dei
3381 617 3478 671 tuti
3509 619 3635 673 sint.
3679 620 3780 677 Se-

2176 693 2358 761 quitur
2403 696 2564 761 enim,
2587 697 2748 754 Vens.
2793 700 2864 756 20
2897 718 2909 755 :
2940 701 3173 759 Custodit
3212 706 3353 762 Deus
3395 710 3663 781 diligentes
3692 715 3778 785 ip-

2175 800 2304 872 sum.
2339 785 2528 844 Salvos
2558 807 2686 862 ergo
2724 793 2884 850 faciet
2927 810 3024 851 eos
3063 799 3434 868 custodiendo,
3470 802 3544 874 (c)
3585 804 3637 858 id
3663 814 3774 874 est,

2175 879 2362 933 aeterni
2403 882 2555 951 regni
2596 885 2884 956 participes
2922 890 3251 946 reservando
3294 911 3307 946 ;
3348 893 3443 948 sed
3465 909 3559 950 eos
3587 898 3677 966 qui
3719 906 3777 954 et

2177 970 2458 1038 timebunt,
2491 985 2544 1028 et
2584 977 2968 1046 precabantur,
3002 989 3058 1034 et
3086 981 3330 1052 diligent.
3366 985 3568 1042 Dehinc
3594 990 3776 1060 sequi-

2177 1070 2262 1116 tur
2287 1081 2299 1117 :
2336 1062 2401 1116 Et
2428 1081 2601 1122 omnes
2619 1080 2910 1138 peccatores
2934 1074 3214 1142 disperdet,
3263 1078 3352 1146 qui
3386 1093 3486 1134 nec
3511 1091 3568 1136 ut
3589 1079 3773 1139 homi-

2099 1215 2113 1226 ,
2175 1169 2271 1209 nes
2296 1157 2593 1226 timuerint,
2627 1176 2725 1216 nec
2756 1173 2810 1217 ut
2840 1164 3038 1220 subditi
3070 1169 3483 1248 oraverint,nec
3514 1172 3769 1231 utdonati

2176 1249 2285 1302 vita
2326 1251 2631 1323 mundoque
2676 1253 2980 1312 dilexerint.

2239 1341 2329 1396 25.
2360 1341 2678 1400 Laudandus
2722 1364 2924 1418 semper
2960 1348 3116 1408 Deus.
3158 1352 3228 1406 Id
3253 1355 3314 1408 ab
3341 1357 3576 1412 omnibus
3628 1377 3770 1430 prte-

2169 1436 2294 1489 stari
2319 1445 2461 1506 optat
2492 1437 2848 1509 Pr0pheta.——
2867 1439 3143 1499 Conclusit
3174 1455 3352 1501 autem
3383 1448 3648 1519 Propheta
3672 1451 3774 1508 ho-

2171 1528 2319 1584 noris
2341 1529 2506 1586 debiti
2533 1530 2953 1603 confessionem,
2982 1536 3192 1602 dicens,
3222 1539 3387 1596 Vens.
3419 1541 3483 1596 21
3513 1560 3525 1597 :
3552 1543 3770 1600 Lauda-

2171 1624 2358 1678 tionem
2384 1625 2590 1682 Domini
2619 1629 2850 1700 loquetur
2889 1649 2944 1685 os
2967 1649 3155 1687 meum.
3181 1633 3454 1692 Laudasse
3482 1653 3588 1693 non
3617 1640 3774 1696 sufﬁ—

2169 1717 2243 1772 cit
2264 1716 2504 1789 (subaud.
2531 1721 2624 1794 ei),
2657 1723 2758 1777 nisi
2785 1734 2836 1778 et
2865 1724 3085 1782 laudare
3105 1743 3209 1781 non
3242 1727 3476 1786 desinat.
3500 1729 3772 1788 Laudabit

467 1791 640 1845 cernit
666 1792 760 1858 ita,
789 1792 954 1848 Vens.
984 1795 1050 1848 17
1076 1812 1088 1847 :
1118 1793 1302 1850 Justus
1325 1794 1578 1852 Dominus
1619 1800 1673 1853 in
1701 1800 1936 1855 omnibus
1977 1803 2068 1857 viis
2094 1807 2144 1867 B
2172 1812 2314 1868 enim
2355 1814 2548 1882 adhuc,
2584 1791 2713 1873 ⁷(ιιιηι
2744 1818 2851 1888 jam
2900 1829 3079 1876 tamen
3119 1822 3321 1878 laudet.
3368 1823 3475 1879 Sed
3517 1840 3640 1880 cum
3673 1827 3769 1884 ille

462 1883 590 1948 suis,
620 1892 667 1936 et
694 1895 904 1939 sanctus
925 1886 977 1940 in
1000 1888 1233 1943 omnibus
1257 1890 1496 1959 operibus
1524 1892 1650 1946 suis.
1674 1892 1860 1949 Justus
1883 1894 1936 1949 in
1961 1895 2064 1952 viis

462 1982 564 2042 cst,
597 1990 719 2031 cum
766 1977 1128 2035 inﬁrmitatem
1174 1993 1412 2037 nostram
1459 1984 1511 2038 in
1553 1993 1814 2041 aeternum
1841 2003 2064 2059 regnum

460 2081 618 2121 suum
659 2067 973 2122 conﬁrmata
1008 2069 1073 2141 (f.
1107 2072 1506 2144 conﬁrmatam)
1550 2074 1816 2130 donorum
1846 2079 2066 2149 spirita-

463 2158 592 2215 lium
619 2163 1002 2218 communione
1044 2163 1294 2232 deducit;
1329 2174 1550 2222 sanctus
1587 2181 1766 2226 autem
1802 2173 1854 2226 in
1885 2173 2064 2242 operi-

461 2249 563 2306 bus
601 2252 737 2318 suis,
766 2267 888 2308 cum
917 2255 1187 2312 universis
1214 2255 1417 2313 fructus
1446 2259 1498 2314 in
1533 2269 1834 2331 temporum
1859 2279 2061 2336 oppor-

463 2343 693 2400 tunitate
736 2347 1046 2417 suppeditat
1083 2368 1095 2404 :
1131 2352 1471 2408 sanctitatem
1518 2370 1671 2411 suam
1719 2357 1772 2411 in
1820 2359 2060 2415 omnium

461 2437 714 2494 alimonia
746 2439 968 2508 docens,
989 2443 1253 2514 justitiam
1281 2461 1410 2502 vero
1435 2450 1488 2504 in
1509 2449 1783 2521 replendis
1808 2452 2062 2524 benepla-

460 2531 569 2586 cito
596 2532 791 2587 animis
820 2549 1172 2592 conservans.

532 2623 622 2678 21.
652 2623 794 2681 Deus
839 2629 1022 2700 ubique
1069 2640 1224 2700 totus,
1275 2649 1374 2704 quo
1411 2635 1583 2690 animo
1625 2636 1959 2692 invocandus.
1989 2666 2060 2680 ~—

462 2716 589 2774 Post
616 2734 736 2789 quae
764 2723 1025 2792 sequitur,
1058 2723 1223 2780 Vsus.
1254 2725 1322 2782 l8
1353 2744 1365 2780 :
1395 2725 1568 2797 Prope
1583 2738 1656 2783 est
1685 2727 1940 2784 Dominus
1971 2732 2048 2785 ἕης

458 2812 756 2867 vocantibus
780 2830 913 2868 eum.
945 2814 1063 2870 Non
1087 2818 1242 2886 longe
1268 2819 1440 2880 abest,
1470 2821 1558 2890 qui
1582 2836 1678 2890 per
1707 2831 1913 2877 natura:
1945 2840 2059 2877 sum

457 2903 806 2972 virtutem,et
836 2906 949 2976 ipse
980 2905 1058 2979 (id
1079 2918 1171 2973 est,
1199 2908 1362 2980 idem)
1399 2910 1594 2980 ubique
1615 2926 1830 2982 semper
1867 2922 1971 2978 est,
2005 2924 2060 2970 et

460 3003 605 3050 totus
638 3010 853 3066 semper
878 3007 934 3053 et
959 2999 1156 3070 ubique
1176 3011 1276 3066 est,
1307 3001 1603 3056 secundum
1634 3003 1761 3058 illud
1786 3005 2051 3075 Apostoli,

456 3088 591 3154 Quia
621 3087 674 3142 in
707 3089 824 3158 ipso
854 3105 1058 3158 sumus,
1094 3102 1148 3148 et
1177 3093 1230 3148 in
1271 3095 1388 3164 ipso
1428 3095 1656 3152 vivimus
1685 3113 1749 3154 ac
1775 3115 2058 3156 movemur

460 3179 598 3248 (Aet.
646 3195 786 3247 xvu,
826 3181 944 3252 28).
978 3184 1155 3256 Prope
1193 3195 1278 3241 est
1317 3202 1446 3257 ergo
1488 3191 1884 3259 invocantibus,
1930 3207 2050 3248 cum
2081 3195 2128 3260 C

455 3270 587 3324 nihil
637 3272 708 3326 sit
745 3273 890 3344 quod
917 3275 1034 3330 sine
1061 3291 1128 3332 eo
1172 3279 1264 3332 sit.
1309 3279 1417 3336 Sed
1446 3281 1640 3350 quibus
1675 3285 2053 3343 invocantibus

452 3378 620 3434 prOpe
645 3364 746 3432 sit,
779 3382 846 3422 ex
888 3369 1148 3438 subjectis
1187 3370 1366 3427 docet.
1400 3373 1650 3429 Omnibus
1695 3377 2053 3435 invocantibus

452 3475 568 3513 eum
598 3460 651 3514 in
679 3465 907 3517 veritate.
937 3462 1057 3519 Non
1077 3471 1151 3519 ex
1198 3465 1310 3521 otio
1356 3467 1748 3537 invocantibus,
1783 3487 1956 3542 neque
1986 3489 2052 3529 ex

453 3553 688 3611 inﬁdelis
717 3557 1080 3628 ambiguitatis
1106 3559 1346 3631 incerto;
1379 3563 1474 3620 sed
1495 3579 1682 3621 verum
1710 3566 1874 3624 Deum
1903 3568 2048 3627 ﬁdeli

454 3646 830 3705 invocantibus
855 3651 1103 3707 veritate.

522 3743 613 3797 22.
647 3744 762 3810 Quo
790 3745 982 3814 fructu.
1005 3776 1076 3786 —
1100 3747 1164 3801 Et
1192 3762 1313 3802 cum
1357 3761 1524 3820 prope
1547 3751 1707 3820 adsit,
1737 3754 1863 3825 quid
1900 3756 2052 3811 invo-

450 3836 697 3890 cantibus
727 3852 786 3892 se
818 3839 870 3892 iu
918 3840 1144 3896 veritate
1194 3842 1412 3910 tribuat,
1456 3845 1810 3915 demonstrat,
1839 3850 2046 3920 dicens,

463 3924 788 3982 Voluntatem
818 3929 1101 3985 timentium
1130 3949 1183 3987 se
1219 3933 1395 4003 faciet,
1429 3952 1534 3990 non
1567 3938 1646 4010 (α)
1676 3941 1908 4010 turpium
1948 3959 2046 3998 vo-

453 4019 705 4088 luntates,
740 4035 914 4091 neque
955 4025 1272 4080 vitiosarum
1303 4027 1628 4098 cupiditates
1657 4031 1802 4087 Deus
1848 4033 2043 4103 faciet;

451 4114 546 4170 sed
573 4115 856 4171 timentium
879 4107 1186 4189 se'(supple,
1218 4121 1566 4190 voluntates),
1601 4137 1696 4192 per
1722 4133 1924 4180 metum
1967 4128 2047 4182 in-

448 4219 728 4274 nocentes,
763 4225 858 4280 per
897 4210 1054 4265 ﬁdem
1095 4211 1372 4274 honestas.
1418 4229 1515 4283 per
1549 4218 1906 4273 reverentiam
1949 4236 2042 4276 ve-

447 4298 712 4354 recundas
756 4317 768 4353 :
817 4309 873 4355 et
903 4301 1203 4358 voluntates
1234 4319 1339 4357 non
1382 4305 1606 4373 otiosas,
1635 4322 1810 4376 neque
1847 4321 2041 4379 mutas,

445 4405 623 4459 neque
651 4406 870 4462 Sperare
893 4393 1094 4464 aliquid
1121 4409 1148 4447 a
1181 4408 1240 4450 se
1264 4395 1497 4466 quodam
1526 4379 1838 4471 contemptu
1880 4403 2045 4459 silen-

445 4481 501 4536 tii
530 4482 918 4553 dedignantes;
953 4484 1044 4541 sed
1075 4500 1207 4556 quas
1234 4487 1518 4558 eloqnatur
1537 4492 1730 4555 oratio,
1755 4508 1889 4563 quas
1921 4510 2044 4565 pre-

443 4590 532 4631 ces
563 4585 954 4632 contestantur.
983 4578 1049 4633 Et
1075 4578 1199 4634 ideo
1235 4579 1465 4651 subjecit
1494 4599 1507 4636 :
1538 4581 1606 4636 Et
1647 4586 1927 4641 orationem
1954 4604 2038 4643 eo-
2064 4589 2120 4650 D

437 4657 652 4742 rum(b)
689 4673 946 4727 exaudiet.
979 4673 1239 4729 Voluntas
1285 4691 1501 4747 ergoea
1551 4693 1582 4732 a
1641 4680 1750 4734 Deo
1799 4682 1875 4747 ﬁt,
1916 4699 2036 4753 qua:

438 4778 572 4818 voce
597 4766 856 4822 orationis
879 4766 1179 4821 exauditur.
1206 4767 1312 4822 Sed
1335 4785 1454 4838 quae
1483 4770 1735 4826 voluntas
1763 4773 1856 4828 ﬁet
1876 4789 2036 4830 oran-

438 4855 610 4911 tium?
639 4855 709 4911 Et
731 4860 920 4928 salvos,
946 4859 1138 4930 inquit,
1163 4861 1316 4932 faciet
1343 4877 1449 4916 eos.
1484 4862 1598 4921 Hoc
1622 4864 1812 4922 volunt
1842 4866 2036 4924 timeu-

515 5040 589 5114 (α)
619 5041 706 5114 _Sic
729 5059 831 5100 ms.
855 5045 995 5100 Editi
1017 5061 1168 5114 vero,
1185 5047 1524 5102 turbidarum.

514 5113 589 5188 (ὁ)
612 5112 675 5188 in
709 5130 808 5188 ms.
841 5119 1114 5188 exaudivit.
1157 5112 1163 5114 ’
1439 5185 1442 5188 ,

509 5183 810 5262 (r)Cl_arins
856 5187 970 5262 lucc
1014 5189 1390 5262 edisseruntur
1435 5185 1486 5244 in
1533 5208 1614 5262 ps.
1657 5207 1780 5261 cxx,
1824 5211 1878 5250 η.
1914 5198 2026 5255 16ι

442 5254 722 5332 Non‘euim
747 5259 987 5332 temporis
1017 5261 1170 5332 hujus
1197 5273 1244 5316 et
1266 5263 1443 5317 saeculi
1464 5254 1655 5318 est'ista
1675 5254 2027 5328 custodia..

437 5328 722 5412 sedfaturi
746 5329 867 5412 boni
879 5328 1187 5412 exspectatio
1219 5344 1312 5412 est,
1341 5351 1456 5412 cum
1478 5344 1719 5412 exeuntes
1735 5335 1797 5390 de
1818 5356 2031 5412 (crpore

437 5399 514 5476 ad
534 5400 802 5476 introitum
829 5400 976 5454 illum
1002 5404 1143 5476 regni
1169 5399 1383 5460 caelestis
1404 5423 1491 5476 per
1510 5407 1791 5461 custodiam
1820 5399 2031 5469 Domini

439 5470 615 5538 ﬁdeles
653 5487 828 5524 onmes
872 5470 1282 5541 reservabantur,
1329 5470 1541 5532 in'sinu
1590 5478 1784 5532 scilicet
1824 5484 2026 5539 interim

436 5541 657 5596 Abrahae
687 5543 1040 5619 collocati...”
1075 5562 1173 5614 quo
1212 5564 1370 5619 usque
1409 5550 1699 5606 introeundi
1740 5569 1945 5609 rursum
1971 5557 2026 5610 in

440 5629 652 5696 regnum
681 5614 922 5696 caelorum
953 5627 1148 5696 tempus
1187 5614 1436 5696 adpetunt.
1475 5623 1605 5677 llinc
1657 5625 1902 5696 proxime
1927 5642 2058 5696 pro,

439 5685 672 5766 custodit
700 5685 858 5755 Deus,
903 5685 1187 5766 mallemus
1239 5689 1509 5766 Dominus,
1552 5685 1822 5766 quomodo
1864 5685 2026 5755 habet

434 5754 628 5823 psalmi
661 5754 1111 5817 testus’tracutlui
1143 5764 1476 5834 praemissus.

2170 1903 2373 1972 laudet,
2419 1923 2578 1965 omne
2606 1925 2821 1981 quoque
2859 1912 2926 1967 ad
2969 1913 3400 1970 benedictionem
3444 1915 3540 1970 Dei
3570 1917 3768 1973 huma-

2167 2014 2294 2054 num
2325 2015 2494 2071 geuus
2525 2002 2842 2059 adhortatur
2873 2023 2885 2058 :
2921 2005 2989 2059 Et
3028 2006 3292 2062 benetticat
3312 2008 3476 2062 omnis
3506 2025 3625 2064 curo
3662 2026 3766 2064 no-

2166 2108 2279 2147 men
2307 2105 2540 2150 sanctum
2562 2098 2695 2167 ejus.
2728 2097 2831 2154 Per
2859 2098 3022 2154 ofﬁcii
3053 2100 3132 2154 sui
3164 2108 3219 2154 et
3245 2099 3368 2154 ﬁdei
3401 2103 3766 2158 constantiam

2164 2201 2378 2258 semper
2407 2190 2622 2260 quidem
2652 2179 2730 2263 '(d)
2760 2193 2848 2249 ille
2869 2192 3106 2250 laudabit
3131 2213 3143 2249 :
3169 2195 3262 2252 sed
3286 2195 3552 2268 Propheta
3582 2206 3637 2254 et
3662 2215 3766 2255 cu-

2164 2290 2268 2346 rat,
2299 2294 2356 2336 ut
2379 2299 2568 2340 omnes
2602 2287 2769 2342 Deum
2801 2288 3141 2355 benedicant,
3174 2299 3225 2344 et
3255 2299 3425 2358 aptat.
3466 2291 3582 2347 Non
3613 2295 3761 2348 enim

2165 2377 2257 2442 ait,
2290 2378 2632 2446 benediceut,
2664 2390 2934 2452 tamquam
2965 2391 3149 2438 certus
3177 2382 3247 2437 sit
3274 2382 3326 2437 in
3356 2381 3633 2450 futurum;
3659 2386 3760 2442 sed

2161 2489 2230 2530 ex
2253 2477 2360 2530 voti
2390 2475 2586 2531 aﬁ‘ectu
2616 2477 2712 2542 ait,
2743 2475 3041 2532 benedieant
3071 2493 3090 2531 :
3121 2477 3191 2549 (ε)
3222 2487 3277 2532 et
3304 2477 3457 2546 illud,
3489 2479 3668 2550 potius
3701 2488 3761 2535 ut

2161 2567 2555 2640 intelligeretur
2597 2579 2808 2640 optare,
2842 2586 3000 2642 quam
3043 2571 3346 2627 conﬁderet
3386 2573 3464 2628 sic
3492 2572 3757 2630 futurum.

2161 2662 2366 2717 Deinde
2394 2662 2820 2720 benedictionem
2854 2679 2960 2718 non
2998 2666 3383 2734 temporariam
3427 2680 3548 2722 esse
3570 2677 3762 2737 postu-

2159 2754 2254 2820 lat,
2287 2756 2379 2810 sed
2420 2763 2700 2824 aeternam,
2734 2758 2787 2810 in
2829 2758 3074 2811 saeculum
3103 2766 3150 2812 et
3181 2758 3235 2811 in
3264 2759 3512 2812 saeculum
3555 2761 3757 2814 swculi.

2159 2848 2323 2904 Nobis
2355 2849 2532 2918 potius
2561 2849 2876 2919 optandum,
2916 2859 2974 2906 ut
3002 2853 3053 2906 in
3084 2860 3348 2907 aeternum
3377 2853 3760 2910 benedicamus

2159 2945 2443 3000 AZternum
2494 2945 2662 3015 :quia
2709 2945 2762 3000 iu
2807 2957 3070 3002 aeternum
3122 2947 3472 3015 benedicens,
3523 2947 3761 3005 Eterno

2160 3037 2237 3092 illi
2267 3051 2489 3092 necesse
2533 3048 2618 3093 est
2648 3047 2866 3093 maneat
2908 3047 3234 3105 coaeternus,
3273 3040 3501 3095 Domino
3548 3041 3763 3096 scilicet

2158 3140 2346 3186 nostro
2371 3131 2647 3200 unigenito
2665 3140 2718 3186 et
2742 3130 3102 3202 primogenito
3127 3132 3216 3187 Dei
3237 3132 3347 3188 ﬁlio
3365 3131 3492 3188 Jcsu
3512 3132 3756 3201 Christo,

2157 3223 2247 3296 qui
2275 3224 2690 3298 estbenedictus
2717 3226 2769 3278 in
2801 3226 2998 3281 saecula
3019 3225 3362 3282 sazculorum.
3397 3225 3591 3282 Amen.

2670 3364 2987 3423 PSALMUS
3025 3363 3232 3422 CXLV.

2283 3482 2522 3540 Psalmus
2551 3484 2737 3564 Dauid.
2766 3484 3012 3540 Alleluia.
3048 3485 3222 3557 Αριρωὶ
3253 3495 3300 3539 et
3323 3484 3616 3540 Zacharite.

2226 3600 2409 3655 Lauda
2434 3604 2605 3655 anima
2636 3617 2746 3656 mea
2777 3601 3072 3668 Dominum,
3101 3601 3322 3656 laudabo
3359 3601 3520 3656 Deum
3543 3601 3765 3675 (Domi-

2155 3693 2299 3765 num)
2328 3695 2382 3749 in
2406 3695 2508 3748 vita
2537 3711 2668 3758 utea,
2695 3695 2914 3763 psallam
2944 3694 3048 3748 Deo
3067 3711 3178 3750 meo
3205 3713 3357 3766 quam
3375 3696 3466 3749 diu
3497 3712 3601 3751 ero.
3636 3695 3765 3752 Νο-

2154 3786 2243 3840 lite
2288 3785 2546 3854 couﬁdere
2591 3786 2643 3839 in
2673 3785 3019 3858 principibus,
3051 3803 3210 3857 neque
3260 3786 3446 3858 (Infra,
3478 3788 3629 3843 abest
3655 3805 3758 3842 ne-

2153 3881 2272 3951 que)
2300 3881 2354 3933 in
2382 3881 2506 3946 ﬁliis
2533 3881 2818 3942 hominum,
2850 3880 2902 3933 in
2933 3880 3117 3950 quibus
3146 3895 3248 3933 non
3278 3892 3350 3935 est
3375 3881 3535 3934 salus.
3569 3878 3757 3935 Exivi!

2152 3974 2362 4044 spiritus
2377 3977 2511 4047 ejus,
2528 3984 2571 4027 et
2591 3981 2865 4028 revertetur
2887 3972 3048 4045 (Infra
3061 4015 3074 4038 ,
3095 3989 3267 4026 eorum
3289 3984 3333 4026 et
3349 3971 3682 4043 revertentur)
3695 3974 3759 4027 in

2153 4077 2340 4120 terram
2376 4083 2521 4120 suam
2545 4082 2564 4120 :
2590 4067 2642 4120 in
2683 4067 2774 4120 illa
2825 4067 2908 4119 die
2935 4065 3172 4138 peribunt
3209 4082 3380 4120 omnes
3413 4066 3758 4138 cogitationes

2151 4175 2344 4214 eorum.
2405 4157 2596 4213 Beatus
2642 4161 2790 4230 cujus
2837 4158 2975 4213 Deus
3020 4157 3184 4213 Jacob
3248 4159 3457 4229 adjutor
3497 4163 3610 4232 ejus
3650 4177 3670 4215 :
3699 4171 3754 4215 et

2153 4252 2317 4328 (Infra
2338 4255 2489 4310 abest
2520 4253 2589 4326 et)
2612 4271 2726 4327 spes
2755 4256 2864 4325 ejus
2885 4255 2938 4308 in
2962 4252 3180 4308 Domino
3197 4253 3306 4308 Deo
3326 4255 3510 4326 ipsius,
3524 4256 3612 4325 qui
3626 4257 3756 4326 [erit

2149 4346 2328 4401 coelum
2358 4355 2405 4401 et
2437 4356 2647 4411 terram,
2675 4363 2816 4400 mare
2856 4355 2900 4401 et
2939 4347 3108 4401 omnia
3135 4362 3249 4419 qua?
3279 4347 3331 4399 in
3361 4348 3432 4401 eis
3455 4357 3595 4402 sunt.
3642 4347 3754 4413 Qui

2147 4439 2368 4493 custodit
2391 4442 2650 4494 ueritatem
2671 4441 2724 4492 in
2746 4440 3011 4508 saeuiunt,
3041 4423 3172 4510 facit
3194 4439 3358 4511 630
3373 4440 3633 4512 judicium
3662 4442 3753 4495 in-

2139 4532 2284 4604 juria
2310 4531 2620 4601 patientibus
2640 4531 2822 4602 (Infra,
2850 4532 2928 4586 his
2942 4534 3027 4600 qui
3059 4533 3324 4602 patiuntur
3343 4531 3631 4604 iujuriam),
3653 4535 3752 4588 dat

2144 4643 2309 4682 escam
2323 4625 2681 4680 esurientibus.
2701 4624 2957 4679 Dominus
2976 4625 3123 4678 solvit
3139 4622 3754 4696 eompeditos,Dominus

2143 4719 2481 4790 sapientiﬁcat
2503 4734 2680 4772 catcos.
2705 4717 2956 4771 Dominus
2970 4719 3117 4789 erigit
3134 4717 3311 4774 allisos
3329 4718 3372 4790 (Ι
3379 4735 3410 4772 n
3419 4717 3493 4772 ira
3505 4759 3518 4783 ,
3536 4717 3743 4788 elisos),

2138 4807 2391 4864 Dominus
2410 4811 2576 4880 diligit
2593 4810 2776 4876 iustos.
2800 4807 3054 4864 Dominus
3067 4810 3289 4864 custodit
3304 4811 3524 4865 advenas
3547 4808 3740 4881 (infra,

2135 4901 2493 4977 proselytum),
2515 4901 2772 4974 pupillum
2785 4912 2833 4957 et
2846 4903 3048 4957 viduam
3066 4905 3327 4976 suscipiet,
3353 4913 3400 4959 et
3419 4905 3528 4958 uias
3559 4921 3744 4974 pecca-

2210 5065 2290 5135 (d)
2321 5061 2474 5137 Apud
2504 5062 2662 5137 Bad.,
2695 5061 2791 5117 Er.
2821 5071 2874 5117 et
2907 5061 3053 5137 Lips.
3087 5063 3176 5137 ille
3194 5032 3479 5120 laudabilis
3501 5083 3520 5120 :
3548 5082 3740 5137 prave.

2134 5134 2278 5190 Tum
2301 5135 2504 5190 eaedem
2537 5134 2826 5206 editiones,
2858 5135 2945 5187 sed
2973 5136 3221 5205 propheta
3247 5138 3355 5190 lucc
3383 5134 3561 5193 curat.
3582 5138 3736 5206 Par.,

2133 5207 2225 5262 sed
2251 5208 2514 5278 prophetia
2545 5222 2689 5259 cura.
2723 5205 3033 5277 Elegantior
3062 5218 3144 5262 est
3171 5208 3330 5264 lectio
3355 5223 3456 5264 ms.

2207 5339 2278 5413 (e)
2310 5338 2448 5394 Editi
2477 5355 2598 5414 cum
2627 5355 2743 5414 ms.
2774 5349 2829 5393 ut
2866 5340 3016 5396 illud.
3045 5342 3181 5396 Tum
3215 5341 3372 5404 Bad.,
3393 5341 3512 5408 Er.,
3549 5343 3737 5414 Lips.,

2133 5427 2196 5466 ac
2220 5411 2491 5483 pesti-enin
2511 5411 2676 5483 editio
2702 5411 2821 5466 Par.
2856 5414 3190 5483 subsequens
3215 5424 3266 5467 ut
3298 5423 3594 5470 removent.
3620 5411 3738 5471 Ma;

2137 5483 2316 5538 lumus
2348 5482 2466 5537 loco
2499 5481 2655 5551 primi
2676 5492 2731 5536 ut
2761 5497 3023 5551 reponere
3039 5481 3118 5550 et,
3155 5485 3384 5538 maxime
3405 5501 3524 5539 cum
3557 5487 3609 5540 in
3635 5504 3731 5542 ve-

2137 5555 2344 5608 teribus
2394 5554 2540 5608 libris
2589 5567 2696 5607 non
2726 5569 2844 5609 rara
2899 5556 2968 5611 sit
3008 5555 3313 5624 huiusmodi
3347 5558 3588 5610 mutatio.
3640 5558 3735 5613 Sic

2135 5625 2370 5696 legenti,
2397 5635 2512 5700 post
2543 5633 2590 5679 et
2604 5624 2756 5693 illud,
2781 5627 3291 5700 subintelligendum
3319 5627 3469 5682 dixit.
3491 5629 3607 5683 Mox
3632 5645 3731 5700 pro

2133 5713 2292 5767 quam
2319 5697 2617 5767 conﬁderet,
2643 5711 2750 5753 non
2773 5697 3082 5771 displiceret
3101 5716 3252 5771 quam
3281 5701 3554 5772 conﬁdere.
