4134 6184
348 226 459 286 865

347 357 515 401 torunt
544 351 893 410 exterminavit
919 354 1102 427 (Infra,
1134 358 1381 416 viam.....
1406 367 1942 442 exterminabit).¥Re-

342 439 520 508 gnabit
537 440 794 501 Dominus
821 447 874 502 in
921 453 1163 508 steculunt
1186 456 1379 528 (Infra,
1410 462 1463 515 in
1484 439 1774 538 teternuntj
1803 465 1942 524 Deus

343 539 462 585 tuus
487 532 640 605 Sion,
657 536 712 590 in
729 543 1058 608 generatione
1079 555 1126 600 et
1145 553 1544 618 generationem.

776 680 1186 746 TRACTATUS
1225 690 1493 750 PSALMI.

413 808 464 864 ί.
499 807 659 866 Tituli
691 829 813 883 pars
859 817 1056 888 addita,
1089 840 1264 891 quare.
1302 826 1419 882 Vita
1465 831 1654 888 misera
1700 837 1789 904 qui
1832 855 1935 894 non

335 897 440 954 vita
484 913 681 958 nostra.
722 904 991 964 -—Etiam
1041 913 1164 970 huic
1213 918 1420 988 psalmo
1479 922 1678 981 addere
1711 897 1931 999 aliquid

336 995 751 1055 translatoribus
777 1000 949 1057 visum
981 1013 1085 1060 est.
1122 1007 1251 1065 Nam
1279 1025 1401 1067 cum
1435 1013 1678 1073 Hebrtris
1712 1019 1788 1092 (a)
1813 995 1928 1079 sola

335 1087 568 1157 alleluia,
597 1092 668 1146 sit
692 1094 912 1162 prmlata
957 1099 1250 1171 confessio,
1301 1105 1407 1161 illis
1434 1107 1635 1176 placuit
1673 1087 1929 1184 Aggaeum

335 1189 389 1236 et
413 1180 730 1240 Zachariam
781 1187 834 1242 in
879 1190 1034 1246 titulo
1085 1194 1397 1253 anteferre:
1432 1199 1534 1255 hoc
1565 1216 1652 1267 eo,
1699 1180 1930 1276 utpsal-

331 1289 482 1330 mum
527 1291 648 1333 esse
689 1280 1063 1350 prOpheticum
1108 1301 1456 1347 nosceremus
1487 1311 1500 1347 :
1533 1295 1652 1364 quia
1684 1311 1783 1367 per
1827 1299 1928 1356 hos

333 1367 648 1438 prophetas.
705 1371 806 1426 sub
834 1373 1029 1443 quibus
1070 1379 1330 1436 :ediﬁcata
1382 1399 1593 1441 rursum
1625 1387 1924 1447 Jerusalem

329 1467 436 1523 est,
463 1459 580 1529 ipso
606 1461 695 1516 illo
737 1473 846 1519 tum
893 1475 1139 1538 tempore
1186 1481 1402 1530 aeterna:
1430 1476 1728 1536 Jerusalem
1757 1483 1926 1538 aadiﬁ-

329 1550 472 1604 catio
495 1553 844 1624 prmdicatur,
873 1559 1035 1613 etiam
1068 1561 1360 1634 Evangelio
1403 1574 1656 1636 testante,
1693 1588 1814 1628 cum
1845 1575 1925 1630 in-

328 1657 582 1713 gressuro
614 1649 870 1717 templum
906 1651 1156 1721 Domino,
1185 1666 1238 1710 et
1266 1661 1744 1718 nummulariorum
1773 1681 1925 1721 men-

1455 247 1872 312 TRACTATUS
1910 253 1976 312 IN
2013 255 2196 318 CXLV
2240 263 2583 326 PSALMUM.

3444 263 3448 266 ’
3541 292 3646 351 866

1968 377 2022 437 Λ
2045 382 2376 449 sperandum.
2405 416 2477 427 —
2497 387 2626 442 Post
2653 403 2774 458 qum
2802 391 2996 450 stultas
3024 395 3300 454 hominum
3333 403 3637 475 opiniones,

2047 481 2102 527 et
2135 475 2324 532 inanes
2353 478 2405 533 in
2455 496 2639 551 regum
2684 485 2996 544 nominibus
3027 491 3332 562 religiones,
3363 513 3498 565 quos
3538 501 3644 557 sibi

2043 565 2176 622 deos
2207 571 2497 641 antiquitas
2530 573 2702 643 ﬁnxit,
2737 578 3013 650 redarguit
3036 583 3225 641 dicens
3259 605 3271 639 :
3305 586 3486 644 Nolite
3511 608 3634 648 con-

2039 659 2201 727 ﬁdere
2230 662 2284 716 in
2326 665 2672 738 principibus,
2707 669 2868 727 Vens.
2897 672 2931 727 5
2959 684 3014 730 et
3041 674 3096 742 4,
3127 678 3179 732 in
3205 679 3332 748 ﬁliis
3371 681 3638 738 hominum

2038 750 2092 803 in
2117 753 2300 822 quibus
2330 771 2432 810 non
2479 765 2555 810 est
2592 760 2752 814 salus.
2787 760 2966 816 Exibit
3003 765 3215 837 spiritus
3244 785 3441 838 eorum,
3473 782 3521 826 et
3549 791 3634 828 re-

2037 851 2293 898 vertentur
2319 847 2372 900 in
2409 855 2597 902 terram
2639 869 2786 906 suam
2810 870 2829 908 :
2856 855 2912 909 in
2953 857 3044 911 illa
3084 860 3168 914 die
3191 862 3428 932 peribunt
3459 881 3634 922 omnes

2035 934 2372 1003 coyitationes
2415 955 2610 993 eorum.
2644 941 2932 1002 Contidere
2973 949 3143 1004 vetuit
3196 951 3250 1007 in
3302 957 3537 1026 regibus.
3570 960 3638 1014 Et

2034 1025 2228 1094 quibus
2260 1031 2512 1100 regibus?
2557 1035 2832 1106 subjecit:
2885 1051 2935 1095 et
2980 1043 3036 1096 in
3062 1045 3207 1114 ﬁliis,
3232 1025 3426 1120 inquit,
3467 1053 3633 1107 homi-

2032 1132 2172 1172 num.
2209 1119 2276 1175 Et
2307 1123 2500 1192 quibus
2530 1124 2654 1182 filiis
2685 1129 3000 1189 hominum?
3029 1138 3212 1207 quibus
3245 1119 3346 1196 non
3375 1154 3447 1198 est
3465 1147 3629 1202 salus.

2031 1209 2099 1264 Et
2144 1226 2241 1267 cur
2282 1216 2427 1272 salus
2469 1235 2574 1275 non
2607 1221 2715 1278 sit?
2755 1227 2991 1284 ostendit
3023 1246 3036 1284 :
3064 1230 3242 1288 Exibit
3284 1239 3502 1305 spiritus
3544 1258 3631 1296 eo-

2027 1317 2167 1371 rum,
2194 1315 2239 1360 et
2265 1323 2438 1364 omnes
2465 1323 2780 1371 revertentur
2804 1320 2856 1372 in
2879 1329 3066 1377 terram
3098 1342 3266 1382 suam.
3292 1329 3359 1384 Et
3387 1348 3635 1389 reversu-

2029 1393 2105 1449 ris
2144 1396 2196 1451 in
2247 1406 2448 1456 terram
2495 1407 2622 1475 quid
2644 1409 2790 1464 erit?
2823 1411 2889 1467 In
2930 1415 3022 1470 illa
3069 1418 3150 1474 die
3191 1424 3427 1491 peribunt
3456 1445 3631 1486 ontues

2028 1489 2360 1559 cogitationes
2403 1512 2581 1553 eorum
2616 1517 2634 1555 :
2665 1516 2932 1578 corruptae
2970 1509 3074 1580 ipsi
3117 1515 3326 1573 scilicet
3371 1521 3626 1592 originis;

2025 1581 2150 1651 quia
2203 1599 2324 1642 esse
2372 1589 2465 1644 ﬁlii
2507 1591 2785 1654 hominum
2829 1606 3201 1676 perstiterunt,
3248 1628 3350 1668 nec
3391 1581 3487 1670 ﬁlii
3531 1617 3627 1674 Dei

327 1748 436 1800 sas,
479 1745 533 1790 et
560 1745 854 1796 ementium
883 1757 945 1797 ac
965 1745 1309 1802 vendentium
1349 1753 1563 1822 negotia
1588 1756 1919 1814 snbversuro
1949 1761 1998 1821 B
2024 1763 2236 1832 spiritu,

325 1827 541 1899 (Matth.
577 1847 688 1897 XXI,
724 1832 759 1887 4
791 1874 806 1900 ,
870 1833 948 1906 5),
999 1837 1071 1892 ita
1121 1840 1380 1909 scriptum
1421 1853 1544 1901 est:
1580 1845 1692 1902 Hoc
1740 1859 1918 1904 autem

325 1919 527 1977 factum
554 1933 657 1990 est,
690 1933 749 1979 ut
796 1926 1116 1997 impleretur
1145 1931 1288 2002 quod
1330 1933 1533 1991 dictum
1565 1945 1650 1994 est
1695 1955 1788 2009 per
1818 1941 1919 1996 Za-

325 2011 568 2069 chariam
614 2016 930 2086 prophetam
985 2020 1255 2078 dicentem
1303 2041 1316 2078 :
1354 2025 1524 2081 Dicite
1573 2029 1699 2098 ﬁlia:
1748 2030 1918 2099 Sion,

325 2104 465 2160 Ecce
500 2124 592 2162 rex.
617 2117 738 2179 tuus,
761 2112 893 2166 venit
923 2113 1014 2166 tibi
1061 2128 1380 2184 mansuetus,
1409 2121 1591 2175 sedens
1632 2140 1788 2195 super
1816 2127 1922 2181 asi-

323 2212 446 2251 nam
472 2208 518 2252 et
545 2201 745 2270 pullum
767 2205 1022 2259 novellum
1041 2209 1366 2282 subjugalem
1388 2211 1604 2283 (Zacclt;
1635 2232 1707 2285 ιχ,
1745 2217 1826 2291 9).

394 2290 451 2344 2.
486 2291 572 2356 Ει,
606 2302 663 2347 ιιι
686 2295 939 2366 arbitror,
974 2300 1133 2370 hujus
1160 2301 1461 2360 Jerusalem
1501 2307 1680 2376 potius
1705 2321 1761 2366 et
1783 2290 1917 2368 Sion

323 2397 506 2453 regem
541 2385 780 2454 psalmus
830 2391 1106 2456 ostendit,
1139 2394 1228 2464 qui
1279 2396 1348 2450 ita
1389 2399 1595 2469 οωρίι,
1631 2400 1795 2457 Vens.
1839 2405 1874 2458 2
1905 2422 1919 2458 :

321 2473 509 2529 Lauda
546 2477 721 2532 anima
772 2496 882 2534 mea
927 2481 1226 2554 Dominum,
1275 2489 1497 2546 laudabo
1541 2490 1822 2549 Dominum
1865 2498 1922 2552 in

321 2566 426 2620 vita
451 2583 583 2633 mea,
618 2569 840 2638 psallam
872 2571 984 2628 Deo
1005 2592 1115 2630 meo
1141 2594 1294 2648 quam
1321 2581 1410 2634 ditt
1438 2599 1545 2638 ero.
1591 2585 1838 2643 Scienter
1867 2598 1924 2644 et

321 2659 393 2715 de
421 2661 700 2730 propheta:
737 2663 981 2721 doctrina
1010 2668 1273 2726 dictorum
1305 2673 1550 2731 ordinem
1584 2678 1771 2734 tenuit.
1805 2680 1923 2735 Pri-

320 2768 470 2808 mum
495 2755 637 2810 enim
665 2771 784 2812 eam
816 2759 1098 2833 (animam)
1129 2765 1374 2823 hortatur
1411 2770 1480 2825 ad
1524 2770 1765 2840 laudem,
1799 2791 1920 2845 qua:

321 2845 378 2900 in
406 2845 547 2902 hanc
586 2856 668 2903 est
706 2850 998 2907 constituta
1040 2862 1309 2925 naturam,
1354 2869 1412 2914 ut
1438 2872 1656 2918 maneat
1691 2873 1916 2923 aeterna.

321 2936 464 2994 Tum
495 2939 707 3009 deinde,
741 2946 864 3015 quia
901 2961 998 3016 per
1036 2953 1450 3010 resurrectionis
1494 2956 1694 3014 donum
1717 2962 1923 3029 gloriﬁ-

321 3039 448 3085 cato
473 3045 698 3103 corpore
720 3044 888 3092 totum
913 3037 1053 3110 (scil.
1075 3056 1306 3112 corpore
1329 3056 1386 3101 ut
1415 3048 1621 3119 anima)
1645 3066 1703 3106 se
1731 3053 1780 3108 ei
1809 3069 1922 3108 me-

320 3122 537 3180 minerit
577 3136 932 3197 coaeternum,
985 3141 1259 3203 tamquam
1308 3138 1377 3194 de
1417 3140 1596 3198 futuro
1641 3147 1779 3200 conﬁ

321 3214 440 3270 ait:
472 3216 725 3272 Laudabo
760 3219 1038 3277 Dominum
1090 3226 1144 3280 in
1173 3227 1276 3281 vita
1317 3246 1450 3285 mea.
1499 3231 1617 3287 Non
1659 3236 1802 3290 enim
1853 3252 1916 3293 ea

321 3308 456 3377 vita,
496 3326 618 3380 quae
661 3327 803 3368 nunc
853 3323 936 3370 est
974 3331 1070 3386 per
1113 3319 1456 3379 inﬁrmitates
1511 3330 1776 3397 corporis,
1819 3345 1916 3387 sua

319 3412 409 3460 est
451 3421 464 3458 :
507 3405 574 3460 ab
630 3404 800 3460 Adam
831 3413 842 3479 ξ
859 3423 1087 3480 namque
1119 3412 1192 3486 (b)
1243 3415 1343 3470 ista
1401 3418 1585 3488 cmpit,
1640 3437 1744 3476 non
1793 3437 1914 3478 cum

315 3498 492 3554 Adam
533 3501 783 3560 inchoata
830 3516 931 3571 est,
969 3521 1128 3577 quam
1179 3521 1284 3562 non
1327 3509 1515 3578 vitam,
1557 3512 1653 3567 sed
1685 3524 1916 3572 mortem

315 3604 462 3657 esse,
490 3593 784 3663 Apostolus
812 3598 956 3652 novit
997 3597 1184 3653 dicens
1217 3615 1228 3651 :
1263 3598 1422 3655 Miser
1465 3619 1556 3672 ego
1602 3604 1776 3672 ltomo,
1802 3609 1918 3675 quis

316 3700 399 3738 me
435 3686 667 3744 liberabit
693 3691 755 3745 de
782 3709 996 3762 corpore
1024 3694 1205 3748 ntortis
1247 3693 1406 3766 hujus
1447 3696 1621 3765 (Rom.
1654 3716 1748 3765 vn,
1777 3702 1917 3775 24)?

316 3775 381 3833 ln
427 3778 527 3836 hac
569 3799 703 3855 ergo
733 3787 841 3840 vita
875 3801 970 3841 sua
1013 3787 1204 3853 Deum,
1235 3789 1411 3858 qualis
1454 3792 1685 3862 primum
1737 3795 1787 3848 in
1819 3795 1948 3872 ho—_

317 3871 466 3928 mine
493 3882 576 3929 est
603 3874 674 3947 (ε)
704 3877 970 3945 instituta,
997 3880 1158 3952 631
1190 3879 1451 3937 laudabit.
1495 3883 1629 3940 Tum
1660 3888 1819 3944 tertio
1849 3905 1918 3946 ne

316 3963 376 4018 in
411 3963 514 4021 hoc
541 3965 732 4023 eodem
761 3985 904 4025 nunc
934 3985 1164 4040 corpore
1215 3971 1554 4043 irreligiosus
1580 3978 1917 4036 existimare-

316 4066 441 4125 tur;
464 4060 663 4130 adjecit
692 4080 704 4116 :
737 4062 973 4118 Psallam
1004 4063 1114 4120 Deo
1139 4079 1251 4121 meo
1280 4083 1434 4134 quam
1465 4070 1555 4123 diu
1574 4087 1658 4124 ero
1681 4071 1910 4144 (supple,

316 4150 373 4205 in
401 4153 502 4206 hac
529 4155 634 4208 vita
662 4156 856 4211 misera
880 4157 1013 4221 ;vid.
1037 4155 1254 4229 Prolog.
1273 4176 1325 4212 lt.
1353 4159 1466 4231 19).
1496 4161 1551 4215 In
1568 4163 1713 4217 omni
1736 4172 1914 4220 autem

316 4242 422 4301 hoc
448 4247 779 4316 psalmorum
810 4248 969 4317 libro,
994 4249 1047 4305 in
1070 4252 1292 4322 psallere
1325 4253 1605 4322 religiosas
1636 4259 1913 4327 operatio-

314 4353 415 4394 nes
435 4341 678 4411 corporis
706 4343 996 4414 signiﬁcari
1019 4346 1364 4402 meminimus
1398 4364 1411 4402 :
1441 4357 1565 4419 apta
1590 4359 1645 4406 et
1675 4365 1914 4411 consona

313 4434 565 4502 corporei
595 4445 777 4491 motus
801 4437 1065 4494 varietate
1104 4439 1378 4510 placituri.

2025 1870 2210 1914 eorum
2244 1876 2518 1934 corporeae
2549 1878 2712 1942 atque
2745 1883 2972 1936 terrente
3000 1896 3122 1938 cum
3151 1896 3368 1945 terreno
3399 1905 3629 1964 corpore

2024 1947 2345 2009 interibunt.

2094 2041 2149 2096 4.
2181 2045 2346 2112 Quam
2368 2054 2557 2109 rectius
2585 2055 2639 2111 in
2667 2061 2846 2116 mundi
2877 2065 3114 2135 api/icem
3141 2085 3392 2142 speretur.
3424 2107 3495 2120 --
3518 2079 3626 2138 Sed

2022 2141 2082 2188 ut
2122 2135 2192 2192 ita
2226 2139 2277 2193 in
2309 2141 2609 2201 istiusmodi
2635 2166 2790 2220 reges
2820 2155 3074 2214 ﬁduciam
3123 2179 3229 2219 non
3261 2169 3531 2238 conferas,
3563 2172 3617 2228 in

2022 2242 2181 2298 quem
2228 2235 2555 2301 sperandum
2587 2253 2730 2297 esset
2772 2249 3031 2318 ostendit,
3063 2252 3228 2310 Vens.
3278 2259 3374 2314 5-7
3403 2235 3628 2320 :Beatus

2022 2601 2091 2652 cit
2107 2601 2367 2672 judicium
2406 2607 2487 2663 Itis
2530 2611 2619 2679 qui
2647 2616 2916 2682 patiuntur
2954 2622 3228 2695 injurinm.
3261 2628 3379 2686 Non
3409 2601 3622 2689 estiea-

2023 2687 2156 2745 duca
2180 2693 2433 2764 cogitatio
2465 2699 2518 2754 in
2562 2717 2741 2774 regem
2783 2687 3085 2769 istiusmodi
3117 2733 3337 2786 sperare
3367 2740 3378 2776 :
3408 2734 3465 2780 et
3495 2740 3623 2798 spes

2026 2780 2116 2836 illa
2150 2800 2256 2839 non
2285 2787 2488 2858 interit,
2527 2809 2646 2864 quae
2696 2798 2748 2852 in
2785 2797 3096 2862 Creatorem
3129 2811 3252 2866 caeli
3283 2823 3338 2869 et
3366 2780 3541 2874 terrae.
3564 2830 3622 2877 et

2021 2875 2184 2931 maris
2215 2887 2270 2932 et
2307 2884 2486 2938 omnis
2536 2887 2900 2949 universitatis
2944 2896 3102 2968 hujus
3149 2906 3479 2964 extenditur.
3523 2910 3622 2970 llic

2022 2971 2323 3038 sperandus
2365 2974 2580 3046 adjutor
2612 2991 2716 3049 est,
2749 2982 2803 3039 in
2844 3001 2952 3057 quo
2979 2989 3136 3047 dolus
3187 3011 3292 3052 non
3342 3009 3444 3056 est.
3485 3002 3621 3060 Nam

2027 3075 2171 3132 cum,
2215 3069 2508 3126 secundum
2553 3075 2912 3148 prophetiam,
2962 3086 3141 3142 omnis
3187 3088 3350 3146 homo
3395 3096 3624 3153 mendax

1785 3146 1920 3202 dens
1948 3147 1993 3211 C
2025 3153 2122 3222 sit;
2156 3160 2440 3218 veritatem
2478 3163 2533 3219 in
2577 3169 2780 3225 saeculo
2814 3146 2963 3230 solus
2994 3178 3084 3234 ille
3114 3183 3354 3239 custodit
3381 3202 3393 3238 :
3423 3195 3478 3242 et
3504 3203 3626 3244 cus-

2021 3248 2233 3307 todiens
2261 3255 2570 3326 veritatem,
2596 3259 2856 3330 judicium
2899 3267 3029 3324 facit
3057 3271 3128 3328 ob
3169 3289 3264 3330 eos
3292 3277 3384 3347 qui
3411 3280 3625 3350 patiun-

2023 3351 2106 3396 tur
2138 3343 2409 3414 injuriam.
2438 3350 2632 3408 Beatus
2665 3354 2756 3412 ille
2783 3367 2886 3427 est,
2913 3375 3072 3432 quem
3101 3365 3408 3436 adjuvando
3436 3389 3503 3428 ex
3531 3374 3621 3432 Ja-

2020 3437 2122 3493 cob
2153 3438 2229 3512 (tl)
2263 3440 2426 3498 faciet
2449 3445 2632 3502 Israel.
2681 3449 2817 3520 Spes
2855 3453 2974 3523 ejus
3019 3467 3222 3514 aeterna
3270 3472 3371 3528 est,
3405 3468 3528 3536 quia
3567 3469 3621 3524 in

2020 3527 2330 3587 Creatorem
2362 3535 2484 3590 οωιὶ
2527 3546 2768 3609 etterrte
2812 3545 3084 3616 marisque
3131 3552 3372 3607 conﬁdit.
3398 3527 3624 3616 ἀνθειοτ

2020 3629 2200 3675 autem
2230 3622 2422 3679 horum
2470 3630 2709 3685 omnium
2737 3631 2825 3687 hic
2867 3643 2921 3690 et
2951 3653 3116 3694 verus
3163 3650 3220 3697 et
3239 3644 3407 3713 judcx
3433 3658 3538 3718 est,
3565 3661 3623 3709 et

2021 3713 2307 3770 veritatem
2337 3718 2714 3788 custodiendo,
2743 3735 2797 3782 et
2819 3727 3066 3788 faciendo
3083 3734 3366 3804 judicium.

2091 3806 2146 3861 5.
2189 3805 2429 3864 Esuriem
2481 3815 2615 3869 verbi
2654 3817 2792 3875 Deus
2833 3825 3006 3880 satiat.
3040 3827 3320 3901 Compedes
3359 3839 3618 3910 spiritales

2019 3899 2190 3954 solvit.
2223 3898 2513 3960 chitatem
2555 3912 2733 3965 steculi
2755 3917 2917 3985 fugat.
2949 3948 3021 3958 —
3051 3898 3236 3992 Neque
3274 3898 3446 3984 solum
3469 3932 3616 4001 judi-

2019 3990 2161 4046 cium
2195 3991 2344 4060 facit,
2391 3997 2486 4052 sed
2538 4001 2699 4055 etiam
2730 4002 2782 4057 id
2823 4007 2964 4076 quod
3000 3990 3245 4082 sequitur
3273 4035 3287 4070 :
3316 4017 3421 4072 Dat
3450 3990 3618 4080 escam

2021 4083 2380 4141 esurientibus.
2409 4087 2664 4146 Dominus
2689 4094 2840 4150 solvit
2859 4103 3190 4172 compeditos,
3225 4107 3388 4168 Vens.
3415 4115 3446 4168 8
3474 4125 3530 4171 et
3549 4117 3618 4173 9:

2018 4174 2272 4230 Dominus
2318 4180 2669 4251 sapienti/ient
2713 4202 2895 4256 cazcos,
2946 4191 3201 4252 Dominus
3248 4205 3399 4276 erigit
3440 4208 3618 4280 elisos,

2018 4263 2275 4321 Dominus
2305 4268 2474 4341 diligit
2496 4272 2689 4342 justas.
2722 4277 2978 4338 Dominus
3019 4291 3237 4344 custodit
3270 4263 3613 4372 pirosclgtum;

2018 4360 2275 4430 pupillum
2305 4370 2351 4416 et
2377 4363 2582 4419 viduam
2623 4371 2888 4443 suscipiet,
2921 4384 2968 4432 et
3009 4379 3142 4435 viam
3169 4360 3607 4456 peccatorum

2022 4455 2333 4509 terminabit.
2392 4457 2520 4516 llaec
2546 4462 2766 4532 quidem
2803 4476 2859 4523 et
2909 4455 3265 4544 corporaliter
3314 4483 3616 4559 intelligere

2563 4524 2578 4532 _
2918 4524 3254 4544 --πωπω
3521 4524 3616 4546 σιυ

387 4526 444 4581 5.
479 4524 546 4580 In
575 4544 738 4600 reges,
769 4545 895 4600 quos
916 4530 1037 4586 deos
1075 4533 1174 4587 sibi
1199 4532 1352 4602 ﬁnxit
1380 4535 1682 4605 antiquitas,
1712 4554 1813 4594 non
1845 4553 1917 4596 est
1945 4535 1994 4596 D
2021 4561 2126 4602 non
2168 4546 2402 4604 otiosum
2441 4559 2526 4608 est
2557 4554 2690 4610 :sed
2739 4557 2903 4617 altius
2941 4566 3126 4622 nescio
3164 4571 3292 4641 quid
3343 4585 3398 4631 et
3443 4524 3617 4650 minus

389 4667 464 4748 (a)
494 4666 698 4748 italus.
724 4667 1024 4748 Editi_ve_ro
1051 4669 1175 4748 solre
1199 4672 1443 4728 alleluiaz.
1476 4673 1669 4748 Posset
1695 4678 1912 4748 quidem

312 4725 716 4814 fer‘ri'alleluite,
748 4749 806 4794 ut
833 4740 900 4814 ab
933 4739 1114 4814 l_lilarii
1156 4725 1314 4798 more
1332 4725 1444 4814 non
1476 4725 1784 4814 dissonaiis,
1819 4751 1914 4808 sed

311 4808 694 4892 non_ita.solte,
726 4811 869 4892 quod
896 4810 963 4892 ad
985 4813 1235 4892 confessio
1267 4813 1520 4869 refertur.
1534 4808 1905 4892 QuodAggtei

312 4892 362 4937 et
403 4881 670 4936 Zacharite
694 4881 956 4937 vocabula
1006 4883 1216 4948 attinet,
1269 4893 1500 4940 testatur
1534 4881 1912 4951 Tlteodofetus

310 4969 375 5008 ca
401 4969 461 5007 se
485 4967 591 5006 non
623 4952 784 5008 modo
810 4953 950 5034 apud
977 4953 1282 5034 [lein-auum.
1328 4956 1531 5034 aliosve
1566 4960 1903 5034 interpretes,

310 5024 542 5096 sednee
559 5025 706 5096 apud
740 5024 883 5079 LXX
915 5027 965 5079 in
992 5024 1227 5096 hexaplo
1254 5028 1545 5096 reperisse.

389 5095 466 5166 (b)
497 5095 656 5177 Editi,
683 5096 951 5182 ita-coepit.
984 5095 1205 5182 Rectius
1239 5095 1342 5182 ms.
1375 5099 1494 5182 ista,
1534 5098 1637 5182 hoc
1667 5112 1769 5169 est,
1800 5105 1904 5182 vita

309 5165 588 5236 corporeis
618 5165 1005 5236 cupiditatibus
1033 5179 1088 5221 et
1118 5168 1516 5224 inﬁrmitatibus
1548 5165 1904 5232 misere-sub-

309 5237 444 5325 dita.
480 5238 739 5320 Apposite
767 5239 1119 5322 Augustinus,
1147 5240 1181 5325 Ι.
1211 5255 1228 5294 ι
1260 5239 1500 5325 Βριτιιοοι..
1541 5257 1596 5325 ς..
1743 5263 1798 5300 ιι.
1829 5249 1864 5302 5
1890 5269 1902 5302 :

309 5307 443 5380 Ipsa
464 5307 598 5363 enim
622 5327 734 5365 vere
770 5327 841 5388 ac_
857 5307 1278 5388 pt'oprie_natura
1298 5307 1750 5384 hominis‘dicitur,
1782 5335 1906 5388 (μια-

309 5382 377 5436 lis
405 5383 517 5474 siu'e
544 5382 663 5474 vitio
693 5383 925 5454 primitus
947 5384 1154 5464 condita
1175 5393 1265 5474 est.
1417 5456 1428 5466 .
1533 5457 1545 5468 .
1737 5382 1768 5472 '.
1843 5462 1871 5474 Δ.

387 5453 454 5474 l__\
512 5470 535 5474 ,μ
568 5469 634 5474 ..--
665 5454 793 5474 ..Αιξ-
873 5463 1133 5474 Α----ι-ι-.ι,.
1208 5470 1213 5474 .
1261 5463 1492 5474 __‘-__a,,_-

384 5451 537 5525 (0)1"
568 5451 816 5525 vulgatis,
862 5455 1152 5506 constituta.
1187 5455 1495 5525 Elegantius
1532 5457 1584 5512 in
1613 5475 1714 5515 ms.
1751 5461 1902 5515 insti-

307 5534 442 5590 tuta,
469 5524 521 5614 it:
546 5540 646 5606 qua
678 5524 950 5614 nimirum,
985 5533 1043 5578 ut
1067 5524 1494 5614 esplicatltraetx
1517 5531 1654 5599 psal.
1682 5547 1899 5614 cxxxyt,

308 5610 464 5650 num.
488 5593 521 5647 5
552 5611 564 5647 :
593 5595 702 5649 sine
744 5596 1045 5666 cupiditate,
1078 5593 1188 5650 sine
1225 5597 1421 5664 dolore,
1449 5593 1563 5655 sine
1602 5611 1760 5666 metu,
1795 5593 1906 5660 sine

309 5665 522 5720 crimine
547 5668 651 5720 vita
671 5675 767 5722 est.
792 5665 900 5743 _Hic
923 5668 1031 5722 vita
1072 5666 1226 5743 beata
1247 5670 1558 5743 secundum
1589 5665 1754 5743 quid,
1793 5689 1903 5731 non

309 5751 415 5807 per
440 5751 654 5796 omnem
683 5736 919 5808 modum,
954 5753 1074 5795 eum
1105 5738 1261 5810 primi
1291 5739 1524 5800 hominis
1547 5736 1655 5803 viia
1686 5736 1906 5818 compa-

2023 4694 2192 4788 ratur.
2244 4687 2395 4788 tilias
2441 4691 2590 4776 enim.
2636 4705 3254 4788 post‘resnﬂrectionem
3298 4722 3617 4788 corporibus

2021 4758 2220 4853 nostris
2251 4760 2419 4853 tdotes
2451 4758 2648 4853 passim
2697 4769 2880 4853 tribuit
2917 4758 3615 4853 ιιιιὶίέίἁέζᾜὺίῦὶὶὲνζίξιῖξέιῗ

2019 4828 2324 4932 (:ia‘ru'itEl
2352 4828 2542 4932 autem.
2562 4836 2706 4932 illius
2740 4839 3020 4932 histricus

2018 4897 2113 5005 ‘i";
2145 4915 2162 4953 ¹
2194 4899 2368 5005 κειτει
2401 4918 2451 4957 ε·
2475 4907 2573 5005 μ’
2628 4924 2701 5005 ἰη
2739 4912 2793 4993 ξ,
2819 4897 3615 5005 ιξδί’ἆῖι,ξ”’ὸὲἔὶιῖᾶξὲἓ⁵“ξῖὶὶὲέ

2017 4979 2186 5024 autem
2225 4974 2424 5077 sopitas
2456 4974 2932 5077 ‘tt‘t‘nlc‘ﬁrmissima
2970 4993 3066 5044 erit
3111 4974 3260 5065 alque
3306 4974 3612 5077 ambiit-tib:

2021 5057 2134 5077 rum
2165 5059 2273 5077 κνοω
2299 5061 2399 5077 Imm
2428 5064 2448 5077 ο
2475 5065 2502 5077 ιιι
2537 5067 2552 5077 ι
2580 5068 2592 5077 Δ
2625 5062 2691 5077 ’.Ι-
2719 5065 2850 5077 ---.Α-
2892 5074 2941 5077 ᾼ-.
2961 5076 2970 5077 κ
3013 5071 3023 5077 .

2021 5057 2135 5143 cum
2164 5044 2405 5143 pristina;
2424 5044 2701 5143 stabilitati‘
2713 5065 2863 5143 certo‘
2885 5074 2976 5112 suo
3006 5044 3617 5143 tempoijevatq'tle'

2019 5111 2118 5164 Itoc
2150 5111 2339 5194 corpus
2361 5117 2531 5221 fuerit
2557 5125 2891 5198 restitutum),
2922 5147 3024 5186 non
3052 5111 3609 5221 itar

2019 5196 2160 5221 ηηηιί
2193 5200 2292 5221 nnn
2331 5203 2404 5221 cum
2477 5203 2626 5221 σίδαι-ι-
2658 5206 2772 5221 μΑ-.
2794 5215 2994 5221 μ---...---
3033 5207 3066 5221 .-

2017 5184 2162 5283 φααεὲ
2192 5200 2292 5239 ηοη
2327 5187 2427 5242 sint
2451 5194 2626 5271 futura
2656 5206 2772 5283 post
2792 5184 3212 5283 resurrectionem
3242 5184 3611 5283 εῖὶᾦῶῗξῗῖτῗὲἒ

2017 5251 2356 5361 ιίοναηῇααῃι
2381 5251 2668 5345 primoruni
2703 5267 2969 5361 hominum
2998 5275 3052 5330 in
3095 5251 3611 5361 paradizlttyﬂte‘ru'iitc;

2017 5338 2127 5361 Ηιηι
2175 5342 2191 5361 1
2238 5344 2267 5361 n
2297 5345 2399 5361 anni
2429 5347 2531 5361 ειη..
2567 5344 2662 5361 ΔΑ...
2710 5354 2736 5361 _
2765 5355 2817 5361 -._
2871 5359 2890 5361 _
3165 5354 3213 5361 ..-

2015 5338 2133 5430 “"3;
2175 5326 2399 5430 malli"!
2424 5334 2663 5430 ttonOsint
2704 5339 2906 5430 ale‘nda.
2935 5326 3608 5430 corpoiZalibttswaliiiteitlis:

2015 5409 2099 5430 nus
2137 5411 2196 5430 ηε
2239 5413 2268 5430 n
2293 5415 2316 5430 Δ
2354 5415 2415 5430 nn
2444 5418 2507 5430 ιι..
2535 5414 2631 5430 .-ιι-
2657 5423 2670 5430 -
2710 5425 2759 5430 -ᾼ
2830 5428 2854 5430 ,μ
2943 5425 2952 5430 .
3168 5428 3176 5430 .

2014 5395 2196 5479 quibus
2237 5395 2507 5489 alebantur
2535 5406 2670 5472 ista;
2705 5409 2794 5463 sed
2824 5395 3610 5489 pristini'itZZuEEs'iIZLiSHE

2015 5467 2314 5558 accipienda
2352 5481 2445 5558 est,
2467 5467 2726 5558 quatenus
2763 5467 3610 5558 (egritudinem‘iltiwc'b:

2015 5553 2144 5643 po'ra
2169 5539 2260 5594 illa
2283 5539 2566 5616 patientur,
2589 5549 2722 5604 sicut
2748 5539 2836 5609 ηεξ
2867 5557 2967 5613 ista
3492 5539 3610 5643 {2:2-

2012 5619 2202 5664 catum.

2013 5679 2274 5811 arma”?
2319 5699 2423 5743 ms.
2471 5688 2544 5747 At
2571 5691 2726 5764 editi,
2769 5701 2895 5770 facit
2932 5701 3122 5777 Israel,
3167 5717 3222 5765 et
3265 5726 3412 5782 mox,
3439 5718 3527 5787 qui
3554 5720 3609 5779 in
