4134 6184
314 253 425 312 869

1385 228 1802 312 raacrtrus
1840 228 1909 315 is
1948 256 2157 318 eam
2193 232 2544 318 PSALMUH.
2627 253 2650 318 Ξ

3509 240 3617 322 sio

312 370 462 425 circo
491 324 961 437 prtedixlmus,‘ne
984 366 1108 437 quia
1140 364 1559 424 translatorihus
1587 367 1760 425 visum
1789 378 1908 439 est,
1944 375 1994 436 Α
2020 383 2186 445 atque
2213 370 2598 430 observatione
2622 367 2867 427 laudant.
2901 368 3142 428 Advocat
3170 358 3457 443 igiturnos
3489 388 3617 445 pro-

315 455 443 512 huic
481 467 532 512 et
565 459 825 513 anteriori
858 458 1071 529 psalmo
1112 458 1167 514 in
1202 462 1455 531 Aggteum
1496 470 1551 516 et
1595 460 1911 518 Zachariam

313 551 538 607 titulum
571 552 956 622 praescribere,
986 552 1359 610 existimemus
1388 553 1443 609 in
1474 554 1617 610 illius
1652 557 1914 623 temporis

312 637 564 694 homines
595 639 895 709 prophetiae
946 639 1111 710 hujus
1155 641 1556 711 praeseientiam
1595 645 1907 702 convenire.

313 729 591 801 Propheta
629 731 775 787 enim
805 747 913 787 non
958 732 1175 805 ignarus
1202 734 1445 806 mystcrii
1476 734 1744 804 caelestis,
1789 751 1912 793 cum

314 823 375 878 in
407 823 773 880 aediﬁcatione
794 824 890 881 Dei
919 826 1158 883 civitatis
1183 826 1471 883 humanam
1496 827 1913 887 aediﬁcationem

319 918 538 975 inanem
566 935 691 976 esse
711 919 965 988 dixisset,
997 936 1119 977 cum
1145 922 1255 977 Deo
1280 922 1469 977 civitas
1493 923 1592 977 nisi
1623 922 1910 995 peripsum

317 1011 579 1068 mdiﬁcata
604 1021 808 1069 aeterna
839 1027 963 1069 esse
992 1030 1098 1069 non
1127 1023 1346 1085 posset;
1391 1031 1499 1071 non
1532 1028 1631 1072 nos
1673 1032 1815 1071 nunc
1845 1015 1913 1072 ad

267 1166 281 1183 ,
317 1106 734 1177 gratulationem
750 1106 1028 1164 aediﬁcata:
1043 1123 1076 1163 a
1089 1109 1198 1166 Deo
1216 1123 1428 1165 rursum
1441 1110 1737 1166 Jerusalem
1750 1110 1916 1184 634

319 1199 719 1269 adhortaretur,
752 1217 910 1270 quam
934 1216 1069 1257 vane
1094 1202 1162 1258 ab
1176 1202 1484 1258 hominibus
1513 1202 1767 1259 aediﬁcari
1789 1212 1914 1260 ante

319 1289 663 1360 prccdixerat.
712 1290 865 1360 Quod
911 1292 956 1348 si
985 1296 1107 1364 quis
1146 1294 1284 1350 forte
1324 1294 1562 1365 putabit,
1593 1293 1645 1348 id
1686 1294 1828 1366 quod
1860 1296 1912 1351 in

318 1383 435 1438 alio
462 1384 663 1454 psalmo
686 1385 756 1439 ita
785 1384 989 1440 dictum
1020 1396 1102 1441 est
1130 1403 1143 1439 :
1168 1384 1288 1443 Nisi
1310 1384 1560 1441 Dominus
1580 1387 1915 1458 aediﬁcaverit

318 1475 566 1544 domum,
611 1477 665 1531 in
707 1494 893 1533 vanum
941 1478 1177 1534 laborant
1202 1481 1288 1551 qui
1324 1481 1583 1551 mdiﬁcant
1622 1496 1771 1545 eam;
1815 1480 1918 1536 nisi

317 1568 572 1624 Dominus
598 1571 893 1625 custodierit
919 1573 1204 1637 civitatem,
1253 1573 1305 1627 in
1350 1588 1536 1627 uanum
1569 1573 1801 1645 vigilabit
1828 1573 1918 1644 qui

319 1661 541 1715 custodit
569 1679 682 1735 eam
721 1662 740 1733 (
769 1661 862 1719 Ps.
906 1678 1067 1720 cxxvt
1087 1706 1101 1732 ,
1133 1665 1217 1736 l),
1251 1664 1454 1721 idcirco
1479 1664 1681 1721 dictum
1709 1664 1876 1743 fuisse
1896 1708 1912 1733 ,

2016 465 2179 535 pheta
2227 463 2296 520 ad
2333 448 2434 520 Dei
2473 462 2690 519 laudem
2722 480 2735 516 :
2784 466 2903 533 quia
2943 463 3107 519 bonus
3144 464 3374 536 psalmus
3412 475 3490 520 est
3522 474 3622 523 :ct

2015 565 2167 627 optat
2188 563 2249 611 ut
2279 555 2437 626 huius
2478 554 2607 611 boni
2637 555 2828 625 psalmi
2874 554 2985 610 Deo
3025 566 3202 611 nostra
3248 557 3345 628 ﬁat
3374 561 3618 632 jucunda

2014 648 2277 717 laudatio,
2312 648 2523 704 scilicet
2551 655 2610 702 ut
2639 648 2905 719 placentia
2935 648 3044 705 Deo
3064 663 3230 720 Opera
3259 660 3445 707 nostra
3470 652 3581 707 sint
3600 693 3615 719 ,

2016 756 2113 812 per
2132 755 2254 813 qua:
2281 754 2312 795 a
2342 740 2499 796 nobis
2524 748 2803 813 gestorum
2834 748 3144 798 nostrorum
3178 740 3434 799 laudatur
3457 744 3618 803 obse-

2017 835 2167 907 quio.

2086 927 2141 982 5.
2176 924 2349 982 Israel
2370 926 2454 981 hic
2476 926 2847 998 ardiﬁcaturjn
2875 927 3279 1000 ﬁnetemporum
3309 947 3625 1006 congregan-

2015 1019 2223 1075 dus.—
2253 1019 2420 1077 Vens.
2451 1020 2568 1076 2-l.
2604 1017 2900 1091 £diﬁéans
2938 1020 3229 1079 Jerusalem
3276 1024 3622 1093 Dominus,et

2016 1110 2359 1183 dispersiones
2399 1112 2569 1169 Israel
2607 1130 2945 1187 congregans.
2999 1116 3103 1185 Qui
3148 1128 3298 1172 sanat
3372 1116 3619 1174 contritas

2015 1206 2185 1272 corde,
2215 1214 2265 1260 et
2283 1204 2465 1282 alligat
2490 1207 2820 1261 contritiones
2848 1223 3046 1262 eorum.
3102 1207 3395 1264 Numerans
3442 1211 3624 1266 multi-

2016 1296 2246 1351 tudinem
2267 1298 2554 1365 stellaram,
2580 1304 2629 1353 et
2654 1296 2889 1352 omnibus
2916 1299 2996 1354 Itis
3028 1300 3240 1355 nomina
3275 1316 3480 1356 uocans.
3512 1301 3620 1357 Re-

2016 1392 2256 1445 versuris
2282 1388 2349 1446 de
2376 1388 2665 1462 Babylonia
2688 1392 2742 1446 in
2764 1391 3065 1448 Jerusalem
3097 1391 3298 1449 Judaeis
3326 1393 3489 1466 635
3518 1394 3622 1450 sub

2020 1481 2180 1538 Dario
2228 1482 2307 1556 (ll)
2336 1498 2462 1555 rege
2488 1483 2668 1541 edicto
2700 1492 2943 1556 potestas
2982 1485 3105 1543 data
3152 1499 3235 1543 est
3283 1488 3615 1544 retertendi.

2016 1572 2201 1646 Neque
2243 1575 2373 1632 alibi
2398 1583 2543 1646 tum,
2577 1592 2738 1649 quam
2784 1579 2839 1633 in
2867 1578 3021 1649 regni
3059 1578 3371 1651 Babyloniae
3415 1578 3621 1636 ﬁnibus

2019 1668 2402 1725 detinebantur
2431 1686 2446 1724 :
2485 1683 2554 1725 ex
2598 1684 2704 1740 qua
2738 1685 2871 1741 ergo
2907 1670 3251 1741 dispersione
3287 1672 3459 1728 lsrael
3487 1686 3620 1726 con-

317 1753 441 1825 quia
481 1756 821 1811 eversionem
867 1755 985 1828 ejus
1010 1757 1159 1813 urbis
1180 1799 1195 1825 ,
1227 1758 1280 1813 in
1327 1774 1429 1829 qua
1460 1758 1722 1829 templum
1746 1756 1913 1813 :ediﬁ-
1945 1771 1996 1834 Β
2019 1761 2311 1832 gregatur?
2335 1760 2542 1833 Nempe
2572 1761 2640 1817 de
2659 1777 2746 1828 ea,
2775 1763 2843 1818 de
2869 1779 2973 1834 qua
3012 1764 3087 1818 ait
3132 1764 3412 1831 Dominus,
3445 1763 3618 1819 Emit—

314 1849 549 1905 eundum
596 1860 778 1916 esset,
831 1852 1099 1922 prepheta
1148 1862 1563 1923 praenosceret:
1606 1851 1916 1909 meminisse

320 1943 438 1999 haec
464 1944 625 2000 debet
657 1945 730 2000 ita
761 1945 1098 2017 intelligens,
1146 1945 1395 2002 eumdem
1426 1945 1567 2001 hunc
1595 1949 1914 2017 prophetam

328 2035 742 2093 aediﬁcationem
776 2054 931 2106 eam,
957 2054 1078 2109 quae
1101 2053 1131 2095 a
1158 2036 1461 2096 Zorobabel
1493 2038 1731 2095 secundo
1760 2039 1919 2094 inno-

316 2137 442 2184 vata
480 2139 586 2198 est,
636 2132 846 2187 inanem
888 2138 945 2187 et
986 2132 1244 2188 caducam
1299 2130 1537 2187 futuram
1592 2131 1758 2187 fuisse
1806 2146 1914 2186 non

317 2220 579 2293 ignorare
639 2223 918 2293 potuisse;
952 2239 1127 2295 neque
1173 2224 1353 2292 illam,
1404 2240 1531 2295 quae,
1564 2239 1591 2279 a
1624 2221 1916 2280 Saluinone

315 2330 493 2389 cut-pta
531 2330 615 2376 est
646 2363 660 2384 ,
704 2336 814 2376 non
846 2335 878 2375 a
906 2322 1014 2377 Deo
1044 2320 1394 2377 constitutam
1440 2320 1640 2377 idcirco
1671 2319 1874 2375 dixisse
1894 2360 1911 2387 ,

314 2413 444 2485 quia
474 2428 572 2484 per
595 2429 778 2485 regem
812 2414 1123 2487 Babyloniae
1152 2413 1696 2486 (Nabuchodonosor,
1724 2410 1771 2467 ll
1801 2409 1913 2465 Pa-

315 2508 418 2564 ral.
450 2522 614 2563 xxxvr
637 2550 653 2576 ,
682 2506 778 2580 26)
807 2520 952 2565 esset
976 2507 1305 2565 destruenda
1327 2550 1342 2576 ,
1385 2522 1507 2563 cum
1548 2516 1669 2578 post
1698 2517 1919 2577 septua—

315 2600 462 2670 ginta
494 2600 695 2656 deinde
734 2615 906 2657 annos
945 2600 1122 2675 (juxta
1150 2600 1447 2656 vaticinium
1490 2598 1681 2657 Jerent.
1742 2614 1875 2655 xxix
1898 2640 1915 2669 ,

318 2689 409 2762 i0)
440 2706 657 2746 rursum
674 2691 865 2747 eadem
908 2693 980 2747 sit
1008 2691 1338 2758 reformata;
1383 2691 1525 2748 hanc
1559 2706 1708 2759 vero,
1741 2706 1863 2763 qum
1886 2706 1917 2745 a

316 2785 619 2841 Zorobabel
659 2797 811 2857 gesta
838 2796 943 2856 est,
972 2801 1095 2843 esse
1126 2786 1543 2844 aediﬁcationem
1584 2788 1683 2843 Dei
1719 2786 1917 2857 praedi-

316 2889 519 2946 catam,
558 2895 678 2934 cum
712 2879 911 2937 exinde
949 2881 1131 2937 diruta
1170 2889 1226 2937 et
1254 2882 1371 2938 sine
1412 2883 1590 2954 aliqua
1636 2890 1914 2938 restaura-

319 2970 473 3026 tiene
496 2969 563 3024 sit
597 2971 891 3041 dissoluta;
923 2980 978 3028 et
1017 2988 1135 3029 eam
1181 2972 1413 3029 dirutam
1464 2975 1590 3031 licet
1629 2975 1915 3031 renovatio

317 3062 393 3117 sit
422 3073 736 3130 consecuta,
757 3066 971 3119 inanem
1002 3074 1163 3135 atque
1193 3066 1483 3121 humanam
1510 3076 1686 3121 tamen
1721 3066 1915 3137 praedi-

2020 1861 2096 1910 tet
2123 1853 2363 1926 Angelos
2376 1869 2502 1911 suos
2522 1869 2644 1911 cum
2672 1856 2799 1912 tuba
2822 1864 2875 1912 et
2898 1871 3033 1911 voce
3063 1870 3280 1926 magna,
3305 1864 3361 1911 ct
3388 1872 3621 1928 congre-

2015 1951 2163 2019 gabit
2188 1950 2394 2007 electos
2440 1965 2471 2006 a
2523 1958 2760 2022 quatuor
2806 1949 3021 2022 angulis
3065 1960 3350 2006 ventorum
3397 1949 3613 2023 (nauli.

2015 2056 2168 2110 xxxv,
2194 2042 2289 2113 5|)
2328 2061 2345 2096 τ
2369 2058 2602 2114 quorum
2637 2044 2986 2116 congregatio
3014 2050 3218 2098 costum
3249 2052 3454 2099 sancta:
3485 2043 3625 2098 civi-

2013 2134 2143 2190 tatis
2171 2133 2390 2203 elliciet,
2418 2149 2541 2206 quae
2567 2134 2729 2190 hodie
2757 2150 2853 2206 per
2878 2134 2994 2205 spei
3021 2145 3075 2190 et
3114 2133 3245 2190 ﬁdei
3265 2148 3409 2205 opus
3443 2132 3619 2189 aedili-

2015 2235 2170 2283 catur
2198 2227 2252 2283 in
2269 2228 2444 2283 nobis.
2463 2227 2530 2283 Et
2552 2227 2763 2283 idcirco
2785 2228 3036 2283 anterior
3061 2224 3350 2282 aediﬁcatio
3382 2225 3453 2299 (ε)
3482 2240 3614 2283 con-

2016 2320 2333 2390 gregatione
2358 2325 2463 2388 est,
2497 2319 2620 2390 quia
2665 2333 2764 2375 nos
2800 2318 2873 2375 ad
2897 2318 3093 2375 futura:
3132 2318 3370 2375 civitatis
3394 2332 3625 2390 congreo

2015 2414 2286 2486 gationem
2305 2414 2400 2470 Dei
2430 2415 2804 2472 misericordia
2833 2430 2930 2486 per
2954 2417 3182 2487 gratiam
3210 2415 3618 2487 justiﬁeationis

2016 2505 2267 2564 aediﬁcet.
2302 2507 2572 2564 Caeterum
2601 2508 2649 2564 si
2678 2508 2749 2564 de
2777 2516 2997 2565 terrena
3029 2508 3391 2565 aediﬁcatione
3428 2509 3620 2581 loque-

2016 2607 2187 2664 retur.
2237 2601 2389 2672 prior
2432 2600 2606 2658 fuerat
2651 2602 3000 2672 congregatio
3048 2600 3387 2672 praedicanda
3430 2618 3442 2653 :
3493 2599 3623 2671 quia

2018 2706 2125 2747 non
2149 2692 2251 2748 nisi
2290 2703 2649 2765 congregatus
2674 2692 2841 2751 Israel
2867 2693 3171 2751 Jerusalem
3196 2693 3468 2751 tediﬁcare
3495 2708 3623 2766 pos«

2016 2795 2102 2842 set
2129 2801 2394 2842 eversam.
2656 2790 2659 2793 ’

2089 2879 2143 2935 4.
2194 2878 2405 2935 Sanitas
2427 2882 2540 2953 ejus
2564 2880 2713 2935 modo
2734 2879 2993 2946 inchoata,
3022 2890 3132 2935 tum
3156 2880 3257 2936 erit
3272 2884 3520 2954 perfecta.
3548 2910 3623 2927 --

2020 2968 2193 3026 Tenet
2217 2970 2414 3027 deinde
2442 2971 2689 3027 ordinem
2736 2980 3157 3043 competentcm,
3198 2972 3414 3039 dicens,
3448 2973 3615 3030 Vens.

2018 3063 2053 3118 3
2087 3079 2100 3115 :
2137 3060 2239 3130 Qui
2277 3071 2427 3116 sanat
2471 3064 2719 3118 contritas
2764 3066 2935 3131 corde,
2965 3073 3016 3120 et
3066 3065 3253 3139 alligat
3292 3066 3623 3121 contritiones

319 3167 511 3221 casse;
537 3156 673 3211 hanc
699 3172 829 3212 vero
858 3172 979 3227 quae
1001 3157 1118 3212 sine
1148 3172 1246 3228 spe
1273 3157 1681 3214 reformationis
1704 3158 1916 3214 accide—
1941 3158 1993 3223 C
2017 3169 2216 3209 eorum.
2259 3154 2597 3226 Congregato
2645 3157 2790 3212 enim
2842 3156 3037 3222 lsrael,
3071 3165 3125 3212 et
3167 3157 3221 3212 in
3286 3174 3446 3213 unam
3501 3173 3623 3228 quae

318 3247 421 3314 sit,
448 3248 617 3303 divini
645 3251 827 3318 operis
857 3251 1227 3320 perpetuitate
1269 3251 1543 3306 renovari.
1576 3250 1705 3308 Hcce
1732 3250 1912 3306 omnia

317 3341 691 3412 intelligentia
712 3356 913 3413 genera
945 3344 1109 3398 stulta
1142 3354 1305 3414 atque
1341 3344 1571 3400 ridicula
1598 3354 1742 3401 sunt.

390 3435 447 3491 2.
489 3434 775 3491 Jerusalem
806 3438 1052 3507 spiritalis
1080 3438 1148 3492 ad
1169 3437 1491 3493 laudandum
1518 3440 1661 3494 bonis
1683 3438 1919 3512 aperibus

317 3528 486 3585 Deum
528 3530 797 3586 innitatur.
829 3561 900 3573 -—
936 3530 1147 3587 Laudat
1190 3545 1368 3588 autem
1417 3534 1680 3604 propheta
1732 3533 1913 3589 Domi-

316 3639 450 3679 nam
501 3625 862 3681 aediﬁcantem
900 3625 1195 3682 Jerusalem
1236 3626 1422 3694 illam,
1453 3642 1573 3698 quae
1617 3626 1917 3682 secundum

318 3716 614 3788 Evangelia
658 3718 829 3773 sancti
865 3718 1005 3788 regis
1034 3718 1247 3791 (Matth.
1280 3734 1332 3784 v,
1371 3718 1467 3789 35-)
1507 3728 1590 3775 est
1619 3719 1827 3787 civitas,
1863 3718 1918 3775 in

319 3824 429 3881 qua
449 3826 546 3879 per
569 3811 850 3865 Dominum
879 3821 1226 3883 resurgentes
1248 3812 1419 3868 sancti
1440 3811 1515 3885 (a)
1539 3812 1920 3869 demonstran-

318 3913 429 3971 tur,
471 3918 595 3974 quae
619 3904 888 3960 invectum
931 3905 1076 3975 pullo
1100 3905 1584 3961 asinae'Dominum
1617 3904 1690 3977 (b)
1733 3906 1786 3961 in
1823 3920 1920 3976 spe

317 4006 631 4053 sanctorum
678 3999 798 4055 laeta
838 3999 1095 4070 sust-epit.
1146 3997 1518 4071 Corporaliter
1561 3999 1778 4071 quidem
1828 4000 1922 4056 tali

318 4088 573 4146 vectione
620 4090 802 4158 illam,
851 4106 971 4163 quae
1019 4092 1218 4148 occidit
1269 4092 1562 4164 prophetas
1609 4102 1665 4148 et
1715 4092 1921 4163 lapidat

316 4182 599 4251 apostolos
630 4180 845 4254 (Matth.
889 4199 1013 4247 xxi,
1048 4184 1103 4255 9)
1127 4225 1140 4247 ,
1175 4183 1437 4240 Dominus
1475 4184 1756 4255 ingressus
1796 4192 1917 4240 est:

318 4271 416 4327 sed
447 4273 672 4328 alterius
701 4273 936 4329 civitatis
999 4274 1075 4345 (ε)
1096 4283 1223 4330 erat
1263 4274 1355 4329 illa
1401 4275 1609 4330 lmtitia.
1652 4273 1735 4331 0b
1777 4274 1921 4333 illius

317 4379 451 4435 ergo
496 4363 905 4421 aediﬁcationem
937 4366 1196 4435 pmpheta
1240 4382 1339 4421 nos
1381 4366 1651 4435 advocat,
1689 4366 1876 4424 dicens
1903 4409 1919 4435 ,

324 4455 496 4513 Vens.
528 4458 553 4512 l
589 4476 601 4511 :
635 4456 869 4513 Laudate
888 4458 1165 4514 Dominum
1191 4502 1205 4526 ,
1236 4461 1478 4531 quoniam
1501 4460 1661 4515 bonus
1684 4462 1923 4530 est‘psal-

2019 3244 2319 3301 aediﬁcatur
2357 3246 2631 3303 civitatem
2661 3248 2926 3315 collecto,
2978 3264 3169 3306 omnes
3196 3249 3447 3305 humanae
3474 3247 3627 3305 inﬁr—

2020 3341 2237 3396 mitates
2258 3351 2311 3397 et
2334 3341 2483 3397 labes
2504 3356 2784 3413 corporeae
2809 3342 3143 3399 aul‘erentnr.
3172 3342 3442 3415 Ahsorpta
3475 3345 3620 3399 enim

2020 3434 2397 3503 corruptione,
2440 3441 2500 3488 et
2539 3434 2790 3489 omnibus
2819 3434 3070 3489 humanae
3099 3444 3309 3489 natura:
3338 3434 3484 3489 vitiis
3526 3435 3624 3490 de-

2023 3527 2247 3592 voratis,
2287 3525 2620 3594 incorruptio
2658 3536 2859 3581 aeterna
2901 3536 2954 3580 et
3000 3524 3056 3578 in
3098 3525 3258 3579 nullis
3288 3524 3622 3580 anxietatum

2023 3621 2288 3675 mortibus
2312 3618 2642 3675 conterenda
2675 3618 2949 3674 succedet.
2985 3617 3147 3674 Venit
3166 3608 3308 3674 enim
3344 3616 3626 3688 Dominus,

2021 3712 2315 3767 secundum
2348 3710 2663 3782 Evangelia,
2703 3727 2889 3766 sanare
2920 3714 3166 3767 contritas
3190 3713 3343 3767 corde
3368 3756 3383 3779 ,
3429 3713 3624 3784 praedi-

2022 3818 2139 3857 care
2167 3803 2405 3874 captivis.
2435 3803 2785 3858 remissionem
2832 3814 2880 3858 et
2914 3805 3063 3859 (3(8ch
3113 3809 3280 3859 visum
3301 3846 3316 3871 ,
3370 3805 3629 3861 dimittere

2023 3898 2313 3967 confractus
2338 3896 2393 3949 in
2422 3896 2681 3967 requiem,
2711 3896 2994 3968 praedicare
3016 3912 3211 3951 annum
3245 3896 3456 3953 Domini
3481 3916 3630 3955 acce—

2025 4001 2195 4061 ptum,
2258 3999 2312 4045 et
2360 3989 2499 4045 diem
2545 3990 2887 4045 retributionis
2923 3987 3075 4061 (Luc.
3120 4003 3195 4056 tv,
3245 3988 3310 4043 18
3338 4031 3352 4056 ,
3388 3987 3499 4062 19).
3556 3990 3632 4045 Et'

2026 4082 2140 4138 lucc
2162 4082 2375 4154 quidem
2405 4096 2505 4153 pro
2533 4091 2687 4153 parte
2708 4081 2822 4155 jam
2844 4090 3016 4152 empta
3040 4091 3199 4148 sunt;
3224 4082 3347 4152 quia
3373 4097 3472 4153 per
3501 4097 3630 4153 spe-

2024 4176 2204 4231 culum
2228 4182 2284 4231 et
2308 4175 2360 4230 in
2383 4175 2670 4246 aenigmate
2696 4183 2749 4230 et
2771 4176 2822 4229 in
2847 4174 3081 4244 imagine
3104 4170 3410 4230 ﬁtturorum
3433 4190 3630 4231 secun-

2025 4268 2151 4324 dum
2185 4268 2501 4339 Apostolum
2554 4266 2902 4323 demorentur
2947 4265 3141 4339 (l’Cor.
3191 4282 3320 4335 xm,
3352 4267 3468 4341 12).
3518 4270 3628 4326 Sed

2024 4368 2204 4417 tamen
2227 4360 2465 4416 nondum
2497 4360 2653 4417 nobis
2677 4360 2796 4431 ejus
2827 4359 3089 4432 temporis
3130 4360 3336 4418 fructus
3370 4372 3452 4418 εει
3471 4403 3487 4429 ,
3517 4378 3625 4434 quo

2026 4453 2323 4510 secundum
2352 4454 2671 4525 prophetam
2706 4453 2894 4510 dicere
2919 4453 3113 4524 adepta
3142 4455 3257 4526 spei
3281 4469 3630 4511 consumma-

318 4564 487 4603 mm;
512 4547 623 4604 Deo
648 4562 822 4604 nostra
845 4551 1083 4621 jucunda
1108 4552 1172 4607 είι
1208 4551 1457 4607 laudatio,
1483 4550 1600 4608 Non
1625 4550 1761 4608 levis
1795 4567 1919 4623 gra-
1949 4551 2009 4616 υ
2030 4545 2173 4602 tione
2216 4545 2517 4617 possimus,
2567 4543 2871 4601 Convertere
2922 4547 3095 4602 anima
3144 4563 3257 4603 mea
3304 4548 3359 4602 in
3404 4549 3630 4620 requiem

322 4641 605 4697 tulationis
632 4643 749 4698 laus
774 4651 880 4710 est,
903 4643 1054 4714 cujus
1074 4644 1314 4714 psalmus
1340 4644 1514 4700 bonus
1541 4651 1643 4700 est.
1679 4643 1745 4699 Et
1775 4646 1919 4715 psal-

333 4750 457 4790 mus
493 4749 597 4791 non
629 4746 735 4791 tam
766 4737 950 4804 vocis,
1004 4746 1060 4792 ut
1104 4737 1416 4808 frequenter
1443 4737 1709 4805 diximus,
1759 4754 1922 4809 quam

322 4844 598 4900 corporeae
620 4829 953 4901 operationis
973 4830 1212 4887 ofﬁcium
1235 4830 1541 4902 signiﬁcare
1562 4832 1719 4886 solet.
1748 4831 1917 4886 Deum

323 4921 471 4979 enim
506 4937 612 4976 non
645 4932 752 4978 tam
782 4937 1034 4978 sermone
1055 4966 1072 4991 ,
1103 4938 1263 4993 quam
1292 4938 1353 4978 re
1379 4931 1434 4978 et
1463 4921 1634 4994 gestis
1665 4922 1927 4979 obedien-

321 5016 412 5071 tlm
441 5015 766 5072 laudamus:
807 5026 866 5073 ut
907 5031 1058 5072 mare
1096 5026 1153 5073 et
1199 5025 1345 5072 terra
1399 5025 1458 5072 et
1513 5016 1709 5072 coelum
1754 5015 1927 5072 Deum

319 5112 428 5163 rion
461 5114 572 5162 tam
603 5122 759 5177 voce,
789 5123 949 5181 quam
977 5107 1281 5165 officiorum
1309 5121 1532 5165 suorum
1548 5107 1921 5165 vicissitudine

395 5306 472 5379 (a)
492 5306 551 5362 In
582 5307 833 5378 vulgatis,
862 5308 1211 5365 demorantur.
1239 5307 1645 5367 Prmlerendum
1673 5315 1922 5379 putamus

324 5377 586 5452 cum‘ms.
638 5377 1084 5445 demonstrantur,
1127 5391 1289 5452 atque
1328 5382 1414 5436 hic
1460 5379 1637 5452 alludi
1674 5377 1741 5433 ad
1791 5379 1933 5434 illud‘

2027 4647 2170 4692 tuam
2205 4639 2369 4710 :quia
2399 4637 2652 4695 Dominus
2694 4640 2937 4711 benefacit
2983 4639 3065 4713 (ί)
3111 4640 3223 4696 tibi.
3265 4639 3398 4708 Quia
3445 4643 3637 4716 eripuit

2028 4732 2253 4786 animam
2279 4749 2444 4788 nteam
2476 4734 2541 4789 de
2564 4744 2725 4790 morte
2748 4777 2762 4800 ,
2786 4734 2962 4790 oculos
3000 4750 3139 4790 meos
3169 4752 3203 4790 a
3230 4737 3476 4809 lacrgntis
3498 4781 3513 4806 ,
3538 4755 3634 4811 pe—
3660 4731 3668 4739 ’

2032 4826 2119 4879 des
2150 4841 2285 4880 meos
2318 4842 2350 4879 a
2390 4827 2569 4898 lapsu,
2600 4827 2810 4901 placebo
2843 4827 3065 4884 Domino
3090 4829 3142 4884 in
3162 4831 3369 4905 regione
3398 4832 3635 4889 vivorum

2025 4914 2204 4989 '(Psal.
2256 4932 2413 4986 cxrv,
2518 4927 2565 4974 et
2594 4918 2779 4991 seqq.).
2825 4919 3027 4976 Sanata
3068 4923 3212 4976 enim
3263 4924 3410 4979 omni
3456 4926 3639 4984 cordis

2032 5014 2378 5082 contritione,
2416 5022 2472 5072 et
2517 5031 2584 5072 ne
2609 5026 2873 5087 perpetuo
2912 5030 3124 5072 rursum
3157 5018 3351 5075 subeat
3386 5020 3636 5093 alligata,

2033 5109 2120 5165 his
2162 5109 2415 5165 omnibus
2465 5107 2822 5165 humanarum
2871 5100 3196 5182 passionum‘
3230 5111 3635 5172 inﬁrmitatibus

2100 5308 2176 5451 ξε)
2228 5310 2306 5367 Ita
2331 5326 2433 5367 ms.
2455 5311 2602 5367 ‘Editi
2630 5326 2760 5367 vero
2790 5313 2911 5366 erit.

2127 5383 2185 5451 d)
2226 5383 2350 5438 Hec
2381 5392 2620 5451 potestas
2642 5383 2911 5451 primum:

2127 5383 2185 5456 tl)
2226 5383 2363 5456 Hec
2381 5392 2620 5456 potestas
2642 5383 2933 5456 primumia
2961 5384 3103 5456 Cyro
3128 5388 3264 5446 facta
3292 5399 3377 5446 est
3404 5388 3637 5446 l’lisdra'.l

321 5448 515 5504 Matth.
545 5464 695 5506 xxvu
715 5494 730 5518 ,
759 5453 833 5509 55
860 5469 873 5505 :
898 5448 1216 5508 amcos?
1234 5455 1299 5508 de
1330 5450 1665 5508 monumentis
1698 5458 1815 5521 post
1842 5465 1935 5506 re-
2033 5471 2081 5520 ι,
2110 5448 2260 5517 Ξζέιε
2284 5448 2480 5510 deinde
2507 5470 2539 5509 a
2560 5448 2739 5511 Daiio~
2770 5455 2916 5512 illius
2943 5448 3261 5517 successore
3311 5460 3637 5519 conﬁrmata

322 5522 697 5577 surrectionem-
715 5526 826 5596 ejus
852 5534 1097 5596 venerum
1115 5527 1177 5581 in
1195 5536 1426 5581 sanctam
1451 5526 1728 5587 ciuitatem,
1763 5530 1810 5575 et
1835 5539 1931 5596 ap-

324 5601 608 5668 paruerunt
651 5590 847 5648 multis.
890 5595 1148 5668 Adeoque
1177 5596 1590 5653 demonstrantur
1637 5592 1932 5663 respondet

322 5662 496 5719 verbo
525 5673 896 5734 apparuerunt.

402 5753 478 5827 (b)
522 5754 700 5827 Edili.
727 5769 773 5815 et
802 5776 893 5834 spe
918 5779 941 5831 ί
969 5762 1311 5835 corriguntur
1333 5777 1403 5821 ex
1434 5777 1536 5820 ms.

2033 5525 2059 5582 1
2107 5525 2296 5582 Esdrae
2322 5541 2407 5593 vs,
2441 5524 2529 5581 14.

2068 5616 2184 5701 ,μὴ
2238 5616 2378 5673 Editi
2403 5658 2420 5687 ,
2464 5619 2813 5694 congregatio
2840 5636 2946 5677 non
2975 5631 3098 5680 est:
3143 5625 3471 5696 castigantur
3502 5626 3637 5685 sub.
3734 5644 3739 5650 -

2037 5688 2177 5746 sidio
2196 5703 2300 5745 ms.
2565 5688 2600 5694 “
2656 5688 2677 5694 '
3276 5688 3319 5696 τ’
3581 5720 3588 5729 ,

2111 5760 2183 5833 (f)
2224 5760 2313 5819 Sic
2350 5775 2455 5818 ms.
2490 5760 2636 5819 Editi
2658 5775 2810 5831 vero,
2838 5762 2985 5819 mihi.
