4134 6184
507 243 608 301 871

1700 223 1952 286 SANCTI
1993 219 2250 282 lllLARll
2285 221 2594 282 EPISCOPI

3709 221 3816 279 872

514 351 758 419 liberati,
788 348 1118 424 placebimus
1149 347 1261 404 Deo
1287 345 1340 402 in
1365 344 1589 417 regione
1608 341 1853 399 vivorum
1872 383 1888 408 ,
1921 342 2099 397 anima
2125 341 2182 402 Α
2206 339 2369 396 Israel
2396 340 2629 397 voluerit
2661 361 2673 397 :
2706 346 2765 397 ut
2789 353 2933 400 nunc
2972 341 3027 398 in
3057 338 3250 399 eodem
3288 337 3394 395 hoc
3419 338 3648 409 psalmo
3685 354 3812 396 cum

512 446 769 504 nostrain
798 445 1036 515 requiem
1066 457 1217 497 suam
1237 483 1251 506 ,
1280 456 1345 496 ex
1367 455 1471 511 qua
1494 455 1588 510 per
1613 435 2100 508 transgressionem

513 538 674 611 primi
734 536 971 607 parentis
1017 535 1099 590 sui
1141 534 1275 590 Adae
1317 532 1490 602 ejecta
1513 539 1630 599 est,
1662 535 1972 586 revertente
2005 525 2102 598 (V.

515 628 688 685 Tract.
721 625 814 680 Ps.
844 641 1008 693 CXLV,
1044 642 1097 680 tt.
1120 624 1201 696 2).

584 722 637 778 5.
689 719 882 777 Stellas
901 760 917 787 ,
953 719 1009 774 id
1031 728 1137 786 est,
1171 717 1356 772 electos
1384 716 1470 785 qui
1499 724 1640 770 vocet
1674 713 1816 770 Deus
1842 729 1901 768 ac
1931 727 2107 767 nume-

510 825 609 871 ret.
631 845 704 857 --
730 814 838 871 Sed
866 819 989 883 post
1016 810 1455 882 praedicationem
1491 809 1663 863 sanati
1700 805 1880 862 cordis
1900 847 1916 873 ,
1943 804 2106 860 etiam

511 910 569 967 id
617 909 683 964 ad
747 907 1074 979 praeconium
1126 904 1322 960 divina:
1373 902 1628 959 bonitatis
1677 900 1943 971 adjectum
1995 906 2102 954 est:

512 1002 810 1059 Numeratss
865 997 1245 1054 multitudinem
1298 995 1597 1064 stellarum,
1650 1005 1698 1049 et
1743 993 1978 1048 omnibus
2028 991 2106 1046 his

511 1096 721 1151 nomina
770 1109 974 1148 vocans.
1029 1091 1085 1147 Si
1141 1091 1258 1145 laus
1314 1089 1425 1144 Deo
1471 1088 1540 1143 ob
1603 1086 1921 1142 aediﬁcatam
1987 1098 2112 1140 cor-

511 1189 772 1262 poraliter
797 1185 1095 1244 Jerusalem
1127 1183 1402 1249 defertur;
1430 1180 1558 1251 quid
1586 1179 1674 1236 hic
1696 1193 1954 1235 numerus
1981 1177 2112 1233 stel-

511 1284 683 1340 larum
710 1291 762 1338 et
780 1280 1028 1337 omnibus
1055 1278 1135 1333 his
1165 1277 1382 1332 nomina
1405 1283 1674 1346 tamquam
1695 1272 1761 1328 ad
1784 1272 2109 1343 praecipuam

510 1377 682 1433 divini
729 1374 910 1445 operis
959 1372 1317 1429 laudationem
1368 1368 1748 1440 proferuntur?
1803 1367 1909 1422 Aut
1955 1381 2112 1420 num-

511 1467 640 1539 quid
686 1465 1008 1522 laudabilius
1055 1464 1164 1518 Deo
1193 1471 1279 1517 est
1327 1474 1644 1516 numerasse
1686 1466 1742 1514 et
1773 1470 2110 1526 nuncupasse

508 1561 716 1629 stellas,
748 1574 910 1631 quam
930 1572 1178 1622 creasse;
1203 1571 1325 1612 cum
1352 1554 1554 1611 creatio
1581 1562 1636 1608 et
1661 1565 1942 1606 numerum
1967 1549 2111 1612 fece-s

510 1656 602 1722 rit,
629 1661 686 1712 et
710 1655 926 1709 nomina
959 1650 1296 1720 imposuerit,
1312 1658 1364 1704 et
1390 1646 1665 1704 vocabulis
1684 1644 1900 1700 nomina
1922 1657 2112 1698 nume-

509 1762 737 1819 rumque
765 1744 1128 1802 discreverit?
1154 1742 1248 1798 sed
1272 1749 1621 1796 numerantur
1643 1737 1729 1792 hic
1752 1735 1944 1800 stelltc,
1976 1748 2108 1806 quas
2135 1757 2185 1818 Β

510 1841 781 1898 Abraham
811 1838 1083 1894 contuitus
1111 1836 1165 1890 in
1189 1833 1328 1891 caelo
1341 1840 1446 1900 est,
1475 1845 1607 1902 quas
1638 1829 1789 1885 Isaac
1815 1826 2025 1897 accepit
2052 1825 2106 1881 in

511 1933 745 1998 semine,
770 1945 906 2002 quas
925 1929 1125 1985 Paulus
1150 1925 1405 1984 discrevit
1433 1925 1485 1979 in
1515 1923 1708 1995 gloria.
1738 1920 1893 1989 Quod
1929 1929 2109 1975 autem

515 2023 824 2082 nominibus
851 2021 963 2076 suis
991 2028 1275 2084 vocentur,
1301 2017 1584 2072 audiamus
1613 2030 1737 2070 eum
1763 2013 1854 2084 qui
1890 2018 2110 2067 vocatu-

509 2132 602 2172 rus
619 2125 720 2171 est.
749 2113 913 2186 636
933 2113 1067 2167 Dicit
1093 2111 1235 2166 enim
1260 2109 1314 2164 in
1343 2107 1648 2177 Evangeliis
1681 2123 1696 2162 :
1734 2105 1910 2160 Nolite
1930 2103 2112 2158 mirari

508 2208 641 2273 ista;
667 2207 908 2277 quoniam
931 2205 1062 2258 venit
1089 2205 1215 2257 hora
1234 2243 1248 2268 ,
1271 2203 1327 2255 in
1356 2217 1457 2271 qua
1484 2215 1656 2254 omnes
1675 2197 1762 2268 qui
1789 2206 1905 2252 sunt
1932 2198 1986 2250 in
2003 2211 2112 2250 mo-

509 2299 789 2365 numentis,
821 2297 1027 2352 audient
1052 2311 1222 2350 vocem
1242 2297 1368 2366 ejus,
1386 2302 1433 2348 et
1463 2290 1733 2362 precedent
1752 2290 1928 2362 (Joan.
1947 2287 2109 2356 v,9.8,

507 2391 622 2464 29).
674 2389 947 2446 Vocantur
976 2403 1158 2458 ergo,
1191 2395 1244 2442 et
1279 2385 1547 2456 prodient.
1583 2382 1734 2439 Adeo
1773 2390 1953 2436 autem
2009 2395 2109 2435 nu-

509 2492 788 2542 merantur
804 2497 899 2554 per
916 2482 1106 2547 Deum,
1130 2489 1187 2534 ut
1215 2477 1397 2548 capilli
1423 2491 1658 2547 quoque,
1691 2475 1782 2545 qui
1812 2475 1865 2530 in
1887 2472 2113 2542 singulis

508 2577 664 2634 nobis
712 2574 1133 2632 innumerabiles
1180 2585 1303 2627 esse
1347 2569 1759 2633 existimantur,
1807 2568 1857 2621 in
1887 2580 2113 2620 numero

508 2672 640 2737 sint,
669 2668 860 2726 eodem
891 2666 1117 2723 Domino
1139 2665 1349 2720 dicente
1383 2681 1396 2718 :
1427 2661 1616 2716 Nonne
1644 2669 1689 2715 et
1719 2659 1898 2730 capilli
1929 2658 2114 2730 capitis

505 2763 660 2820 vestri
724 2762 974 2816 numerati
1003 2757 1120 2815 s'unt
1152 2755 1306 2830 (Luc.
1333 2770 1447 2820 xu,
1483 2753 1584 2826 7)?
1612 2753 1723 2808 Hoc
1755 2751 1984 2806 Domino
2014 2763 2116 2819 po-

509 2857 616 2912 tius
643 2855 894 2926 dignum,
929 2853 1030 2908 hoc
1060 2853 1112 2906 in
1143 2846 1510 2905 misericordia
1541 2846 1656 2916 ejus
1682 2841 2111 2913 praeferendum,

509 2957 571 3005 ut
589 2964 704 3014 eos,
733 2963 866 3019 quos
883 2945 1148 3003 contritos
1176 2943 1341 2998 corde
1366 2939 1656 3007 sanaverit,
1679 2950 1910 3008 quorum
1929 2933 2115 3004 alliga-

507 3041 648 3099 verit
675 3042 1053 3108 contritiones,
1100 3037 1407 3094 nominibus
1437 3042 1612 3100 vocet,
1656 3031 2115 3104 proprietate_nu-

508 3144 703 3202 meret,
751 3133 958 3191 caelesti
986 3134 1106 3188 luce
1131 3131 1411 3186 clarificet.

507 3233 533 3291 ι·
580 3226 637 3281 6.
689 3225 769 3281 Ob
816 3240 935 3295 quae
990 3222 1254 3277 mirabilia
1313 3221 1431 3290 ejus
1478 3228 1640 3288 atque
1694 3216 1978 3288 prteclara,
2040 3212 2114 3266 ait

508 3317 676 3374 Vnus.
709 3317 743 3373 5
773 3324 828 3373 et
853 3316 885 3370 6
913 3333 924 3368 :
961 3313 1187 3385 Magnus
1218 3311 1472 3366 Dominus
1505 3317 1695 3376 noster,
1727 3318 1772 3363 et
1799 3323 1985 3378 magna
2007 3306 2112 3359 vir-

510 3420 591 3466 tus
618 3413 753 3484 ejus,
782 3419 828 3465 et
869 3408 1134 3481 sapientia
1158 3405 1268 3477 ejus
1292 3420 1394 3459 non
1416 3414 1489 3458 est
1520 3417 1782 3457 numerus.
1813 3400 2114 3469 Suscipiens

506 3513 798 3559 mansuetos
828 3500 1106 3566 Dominus,
1138 3497 1415 3552 humilians
1445 3503 1612 3550 autem
1639 3503 1928 3565 peccatores
1955 3507 2115 3561 usque

506 3596 576 3651 ad
597 3605 806 3651 terram.
857 3593 971 3648 l-loc
1022 3593 1167 3648 enim
1219 3595 1630 3645 mansuetorum
1660 3585 1938 3657 proprium
1991 3591 2107 3650 est,

509 3689 685 3760 (quia,
735 3685 1031 3743 secundum
1088 3683 1399 3753 Evangelia,
1445 3680 1710 3736 mansueti
1760 3675 2115 3748 possidebunt

510 3789 707 3836 terram
737 3778 954 3850 (Matth.
981 3792 1038 3844 v,
1067 3774 1147 3847 ll),
1193 3785 1253 3829 ut
1279 3774 1422 3845 digni
1445 3773 1584 3842 apud
1625 3772 1793 3843 Deum
1821 3773 1932 3826 sint
1975 3783 2112 3823 nun-

507 3873 813 3943 cupatione,
851 3884 1097 3936 numero,
1130 3868 1394 3924 claritate.
1420 3866 1642 3937 Magnus
1673 3873 1758 3920 est
1809 3863 2105 3926 Dominus,

506 3982 629 4025 cum
658 3967 1025 4038 dispersioncs
1053 3969 1361 4034 congregat.
1391 3959 1578 4032 Magna
1601 3959 1773 4013 virtus
1800 3957 1941 4028 ejus,
1973 3970 2099 4012 cum

506 4060 738 4120 contrita
766 4056 1047 4115 clariﬁcat.
1078 4053 1492 4112 Innumerabilis
1525 4050 1795 4123 sapientia
1837 4051 1956 4119 ejus
1983 4055 2105 4114 est,

508 4171 630 4213 cum
655 4153 908 4209 universa
931 4161 986 4207 ct
1005 4149 1314 4206 nominibus
1342 4146 1604 4203 discernit
1632 4155 1686 4201 et
1717 4157 1966 4200 numero.
2001 4139 2108 4197 Sed

507 4247 599 4319 qui
631 4245 856 4315 suscipit
885 4253 1218 4309 mansuetos,
1250 4239 1498 4294 humiliat
1536 4251 1750 4311 quoque
1794 4242 2108 4307 peccatores

507 4353 677 4411 usque
707 4337 775 4392 ad
807 4345 1025 4392 terram.
1059 4333 1190 4388 Post
1208 4332 1464 4388 meritum
1488 4329 1814 4394 sanctitatis,
1857 4326 2106 4396 impieta~

507 4433 578 4487 tis
604 4445 764 4502 paena
807 4427 1049 4497 subjecta
1087 4433 1171 4482 est
1204 4443 1217 4478 :
1262 4439 1383 4479 cum
1423 4422 1689 4493 susceptis
1723 4417 2021 4476 mansuetis
2053 4417 2102 4471 iu

2178 424 2431 490 'dixisset
2460 454 2471 488 :
2504 435 2804 505 (Ediﬁcans
2834 436 3160 503 Jerusalem,
3191 443 3240 490 et
3269 450 3583 505 congregans
3611 434 3818 503 disper-

2207 527 2375 582 siones
2405 527 2604 595 Israel,
2633 535 2689 584 et
2713 527 2780 583 ad
2812 528 3023 585 laudent
3053 528 3170 599 ejus
3210 526 3528 582 cohortatus
3572 525 3813 596 adjecit:

2211 617 2314 684 Qui
2344 620 2509 689 operit
2536 621 2722 676 caelum
2766 620 3014 687 nubibus,
3043 621 3132 691 qui
3172 629 3322 690 parat
3353 627 3503 673 terra:
3539 618 3766 689 pluviam
3794 634 3817 671 .-

2209 718 2399 768 utnon
2429 711 2567 767 alius
2593 720 2754 783 atque
2779 713 2915 768 alius
2943 712 3078 783 legis
3103 712 3222 767 lata:
3248 719 3305 768 et
3332 710 3625 766 creationis
3655 710 3816 767 istius

2209 801 2351 858 Deus
2391 811 2571 873 posset
2616 803 2862 875 intelligi.
2893 804 2969 860 Ita
2990 813 3170 860 autem
3213 812 3511 874 temperata
3542 802 3814 858 doctrina:

2211 896 2364 951 istius
2392 898 2528 950 ratio
2551 905 2653 963 cst,
2683 904 2742 951 ut
2768 911 2830 952 ca
2856 897 3147 953 creationis
3167 904 3498 953 enumerata:
3517 904 3570 951 et
3593 895 3815 950 nomina

2210 997 2768 1044 commemorarentur
2816 997 2870 1044 et
2908 1004 3139 1059 genera,
3177 1005 3295 1060 qua:
3339 1003 3460 1044 cum
3504 997 3814 1045 creatorem

2213 1078 2380 1134 Deum
2393 1093 2514 1135 esse
2525 1079 2644 1134 latae
2659 1079 3614 1151 legis'ostenderent,signilicationem
3628 1087 3814 1137 tamen

2211 1168 2264 1224 in
2286 1185 2345 1225 se
2368 1170 2719 1227 institutionis
2733 1170 2922 1242 typicac
2935 1182 2990 1228 et
3011 1171 3341 1242 propheticae
3361 1173 3719 1229 continerent.
3745 1173 3816 1229 Et

2215 1277 2356 1318 nunc
2386 1263 2634 1319 conﬁteri
2672 1265 2839 1350 Deum
2873 1265 2944 1319 ob
2972 1263 3024 1319 id
3066 1265 3450 1332 admonemur,
3495 1267 3616 1336 quia
3645 1268 3814 1338 aperit

2211 1355 2395 1408 caelum
2422 1355 2662 1421 nubibus,
2695 1357 2818 1427 quia
2849 1368 2996 1427 parat
3015 1365 3166 1411 terrae
3190 1357 3436 1429 pluviam,
3461 1358 3585 1429 quia
3619 1360 3818 1428 produ-

2213 1448 2279 1501 cit
2309 1449 2362 1503 in
2392 1448 2645 1504 montibus
2674 1453 2901 1520 fatuum,
2933 1450 3057 1520 quia
3086 1450 3174 1503 dat
3199 1451 3448 1523 jumentis
3475 1467 3645 1504 escam
3671 1452 3820 1521 ipsa-

2211 1556 2356 1606 rum,
2389 1551 2436 1596 et
2465 1542 2672 1596 herbam
2702 1542 2930 1598 servituti
2955 1543 3215 1596 hominum
3236 1583 3250 1607 ,
3283 1552 3330 1597 et
3357 1543 3516 1615 pullis
3541 1560 3817 1599 corvorum

2212 1633 2564 1690 invocantibus
2597 1650 2732 1689 eum.
2766 1633 2824 1690 lu
2859 1634 2940 1689 his
2966 1635 3110 1690 enim
3140 1634 3391 1690 omnibus
3419 1635 3515 1690 Dei
3541 1645 3596 1691 et
3627 1637 3817 1706 provi-

2213 1725 2390 1782 dentia
2419 1727 2787 1798 signiﬁcatur,
2817 1736 2872 1783 et
2900 1727 3112 1783 bonitas
3145 1745 3158 1781 :
3200 1738 3258 1783 ut
3297 1729 3549 1785 subtecto
3578 1730 3821 1787 nubibus

2212 1819 2352 1876 ctelo
2374 1819 2531 1876 terris
2562 1820 2770 1890 pluvias
2796 1820 3066 1887 infundat,
3088 1832 3144 1876 ut
3165 1822 3397 1878 vertices
3420 1823 3638 1878 collium
3669 1823 3822 1880 lieno

2216 1913 2444 1979 vestiat,
2467 1913 2726 1983 jumentis
2766 1913 3022 1984 pabulum
3053 1915 3328 1984 prmbeat.
3356 1926 3412 1970 et
3447 1917 3637 1971 avibus
3659 1917 3822 1973 cibos

2214 2016 2462 2078 prteslet,
2494 2008 2616 2078 quia
2639 2007 2706 2062 ab
2735 2022 2802 2062 eo
2843 2007 3154 2062 alimoniam
3195 2008 3356 2080 637
3401 2009 3650 2065 universa
3692 2025 3821 2080 qua:

2215 2099 2417 2155 creavit
2440 2107 2775 2170 exspectent.
2812 2098 2920 2156 Sed
2949 2099 3066 2156 hzec
3085 2101 3264 2155 omnia
3282 2087 3602 2172 diligentius
3649 2100 3821 2157 intro-

2215 2191 2850 2263 specta,signiflcatiouis
2879 2192 3102 2248 alterius
3129 2193 3379 2248 virtutem
3413 2193 3463 2247 in
3497 2208 3555 2248 se
3587 2193 3814 2250 habent.

2221 2314 2231 2343 ι
2291 2287 2346 2342 8.
2379 2285 2613 2342 Nubium
2653 2287 2795 2341 varia
2819 2288 3068 2358 acceptio.
3099 2286 3202 2341 His
3243 2287 3478 2341 doctrina
3519 2297 3820 2343 sanctorum

2213 2381 2555 2451 signiﬁcatur.
2577 2413 2648 2422 —
2677 2381 2891 2438 Scimus
2912 2382 3058 2438 enim
3082 2396 3205 2439 esse
3229 2382 3420 2449 nubes,
3453 2382 3648 2452 quibus
3673 2385 3819 2440 Deus

2215 2492 2286 2532 ne
2304 2491 2468 2546 super
2517 2477 2731 2534 vineam
2775 2477 2964 2548 pluant
2994 2477 3251 2544 mandat,
3282 2479 3424 2534 sicut
3454 2493 3550 2548 per
3594 2465 3817 2536 ESaiam

2215 2569 2416 2626 dictum
2465 2580 2593 2626 est:
2637 2570 2707 2648 Et
2761 2570 2980 2625 nubibus
3021 2570 3297 2635 mandabo,
3334 2587 3398 2625 ne
3440 2571 3623 2642 pluant
3658 2590 3822 2644 super

2215 2681 2328 2719 eam
2380 2664 2648 2736 pluviam;
2702 2666 2850 2720 vinea
2906 2666 3040 2720 enim
3086 2663 3297 2719 Domini
3353 2664 3584 2721 Sabaoth
3626 2667 3818 2722 domus

2218 2755 2391 2812 Israel
2419 2765 2491 2813 est
2545 2755 2772 2829 (Esa.v,
2804 2756 2884 2828 6).
2908 2756 3166 2812 Novimus
3186 2755 3381 2821 nubes,
3415 2772 3534 2827 qute
3563 2772 3674 2829 pra:
3701 2757 3821 2814 ful-

2215 2863 2348 2919 gore
2377 2848 2495 2918 ejus
2545 2849 2596 2903 in
2629 2858 2926 2920 conspectu
2959 2849 3174 2905 Domini
3203 2859 3485 2908 transeunt
3513 2869 3526 2904 :
3561 2851 3677 2907 Pra:
3703 2851 3821 2906 tul-

2219 2955 2370 3012 gore,
2404 2941 2599 3011 inquit,
2645 2940 2762 3011 ejus
2802 2941 2855 2996 in
2901 2951 3195 3013 conspectu
3225 2944 3344 3015 ejus
3374 2946 3546 3001 nubes
3578 2945 3820 3002 transie-

2219 3047 2344 3093 runt
2369 3037 2495 3110 (Ps.
2554 3054 2688 3104 xvu,
2721 3039 2838 3110 12).
2882 3039 3140 3096 Novimus
3161 3040 3369 3109 nubes,
3417 3058 3550 3113 quas
3579 3043 3721 3098 Deus
3751 3043 3814 3099 in

2141 3149 2188 3212 ο
2221 3131 2542 3188 adscensum
2563 3147 2718 3188 suum
2749 3133 2959 3204 posuit;
2985 3143 3038 3188 et
3067 3135 3247 3205 posuit
3272 3137 3467 3193 nubem
3489 3137 3819 3196 adscensum

2219 3239 2398 3279 suum.
2424 3223 2546 3294 (Ps.
2579 3240 2690 3288 cut,
2743 3224 2823 3294 3.)
2855 3225 3112 3283 Novimus
3152 3228 3326 3285 nubes
3355 3229 3422 3285 ad
3463 3245 3599 3301 quas
3641 3247 3820 3302 usque

2220 3316 2314 3372 Dei
2365 3317 2564 3372 veritas
2620 3325 2739 3385 est;
2801 3318 2870 3372 Et
2933 3336 3092 3390 usque
3145 3323 3214 3375 ad
3263 3324 3422 3378 nubes
3465 3326 3653 3379 veritas
3724 3335 3820 3381 tua

2215 3407 2334 3480 (Ps.
2365 3426 2472 3473 LVI.
2505 3410 2615 3478 ll).
2645 3410 2713 3466 Et
2742 3410 2839 3466 has
2882 3412 3054 3468 nubes
3091 3413 3298 3484 aliquot
3325 3415 3460 3470 locis
3489 3425 3805 3473 sanctorum

2213 3502 2514 3557 doctrinam
2548 3503 2838 3573 significari
2880 3505 3020 3560 ratio
3049 3505 3294 3562 absoluta
3323 3516 3440 3573 est,
3475 3525 3600 3578 qua:
3627 3512 3813 3567 vetita

2215 3593 2524 3650 inﬁdelibus
2546 3595 2755 3666 pluere,
2785 3595 2860 3668 (b)
2893 3595 3111 3667 eloquio
3141 3598 3290 3654 arida
3324 3599 3613 3671 impiorum
3642 3601 3811 3659 corda

2215 3701 2320 3742 non
2344 3686 2540 3756 rigant.
2561 3686 2692 3754 Quae
2723 3701 2844 3742 cum
2878 3686 3138 3743 Dominus
3160 3690 3322 3755 adsit,
3347 3705 3471 3747 esse
3490 3694 3810 3749 cessabunt:

2217 3787 2275 3834 ut
2299 3779 2478 3850 (forte,
2505 3786 2563 3833 ut
2587 3778 2748 3850 sicut)
2771 3786 2892 3834 orto
2919 3780 3037 3835 sole
3060 3780 3340 3836 stellarum
3373 3782 3553 3839 lumen
3584 3783 3816 3840 hebeta-

2213 3883 2318 3938 tur,
2355 3875 2428 3927 ita
2455 3879 2512 3928 et
2529 3871 2774 3928 doctrina
2818 3872 3048 3928 .nubium
3081 3874 3311 3930 Domino
3338 3871 3456 3946 ipso
3480 3875 3587 3946 jam
3616 3892 3718 3947 per
3745 3893 3816 3935 so

2213 3964 2450 4037 fulgente
2467 3973 2770 4034 prcctereat.
2803 3964 2908 4021 Per
2927 3980 3062 4037 quas
3089 3970 3254 4022 etiam
3277 3967 3342 4025 ad
3377 3969 3659 4024 Dominum
3675 3985 3814 4027 con-

2211 4058 2513 4122 scenditur,
2571 4058 2698 4113 dum
2725 4057 2908 4114 divina
2941 4058 3255 4128 praedicatio
3307 4059 3412 4116 iter
3450 4062 3607 4118 nobis
3641 4041 3813 4135 regni

2212 4152 2450 4209 caelestis
2505 4149 2745 4208 ostendit
2777 4168 2790 4205 :
2825 4159 2882 4206 et
2912 4149 3034 4206 ideo
3082 4150 3168 4206 hte
3218 4152 3389 4208 nubes
3426 4153 3582 4209 nobis
3609 4155 3809 4226 posita:

2211 4241 2408 4300 suntin
2425 4240 2990 4298 adscensum.Veritas
3004 4256 3220 4314 quoque
3236 4243 3329 4300 Dei
3350 4259 3524 4316 usque
3541 4246 3609 4302 ad
3633 4249 3810 4305 nubes

2209 4335 2426 4393 easdem
2475 4345 2559 4389 est
2583 4352 2596 4400 ;
2622 4334 2746 4404 quia
2774 4334 2829 4390 in
2856 4349 2917 4390 se
2940 4349 3124 4390 veram
3155 4335 3249 4391 Dei
3293 4336 3657 4408 cognitionem
3687 4338 3812 4396 haec

2209 4431 2460 4486 doctrina
2491 4429 2804 4501 prophetica
2825 4428 3097 4500 continet.

505 4523 752 4580 claritate
782 4520 1095 4588 stellarum,
1127 4527 1440 4589 peccatores
1471 4529 1640 4586 usque
1663 4514 1728 4568 ad
1775 4522 1973 4569 terram
2005 4509 2103 4566 hu-
2130 4543 2185 4606 Β
2280 4526 2339 4581 9,
2375 4524 2565 4579 Pluvia
2597 4523 2690 4577 Dei
2731 4523 2952 4593 eloquia.
2996 4521 3200 4580 Montes
3238 4523 3470 4594 fecundi,
3522 4527 3618 4582 viri
3655 4543 3810 4600 pra—

504 4616 692 4674 miliati
718 4613 800 4688 (a)
824 4612 1050 4670 inferna:
1072 4612 1206 4683 legis
1227 4610 1431 4683 judicio
1456 4609 1816 4665 destinantur.

575 4713 632 4767 7.
685 4710 809 4766 Non
854 4711 991 4765 alius
1019 4707 1230 4764 Creator
1252 4707 1514 4768 omnium,
1542 4704 1677 4758 alius
1707 4701 1831 4773 legis
1853 4699 2102 4755 Deus.—

503 4805 585 4863 Oh
629 4819 749 4876 quae
797 4817 931 4868 nos,
977 4808 1252 4871 tamquam
1297 4805 1612 4854 cunetantes
1655 4803 1710 4850 et
1754 4793 2098 4857 haesitantes,

504 4897 765 4968 propheta
793 4895 1108 4950 cohortatur
1128 4892 1193 4947 ad
1220 4890 1452 4955 laudem,
1485 4887 1672 4943 dicens
1695 4929 1709 4954 ,
1740 4885 1904 4941 Vens.
1939 4886 1993 4952 7,
2023 4884 2055 4939 8
2085 4901 2100 4938 :

505 4985 754 5042 lnchoate
781 4985 1003 5040 Domino
1029 4985 1082 5038 in
1103 4983 1444 5056 confessione,
1471 4979 1687 5051 psallite“
1704 4977 1810 5032 Deo
1840 4985 2016 5030 nostra
2047 4974 2101 5028 in

506 5080 730 5145 cithara,
779 5080 867 5150 qui
919 5079 1081 5152 aperit
1121 5077 1303 5133 cazlum
1333 5074 1588 5139 nubibus,
1634 5064 1722 5141 qui
1761 5069 1912 5140 parat
1954 5079 2102 5124 terra:

506 5175 732 5247 pluviam
751 5214 766 5240 ,
806 5173 890 5242 qui
921 5172 1158 5244 producit
1187 5172 1242 5225 in
1269 5169 1525 5223 montibus
1556 5171 1767 5238 frenum,
1797 5166 1884 5236 qui
1905 5165 1994 5218 dat
2009 5165 2103 5236 ju-

505 5266 688 5322 ntentis
716 5280 886 5319 escam
911 5263 1162 5333 ipsorum,
1190 5270 1239 5316 et
1269 5260 1426 5332 pullis
1448 5273 1720 5314 corvorum
1748 5256 2101 5311 invocantibus

421 5403 428 5408 .
505 5376 639 5416 eum.
665 5357 994 5426 Frequenter
1016 5355 1268 5409 admonet
1287 5351 1636 5426 propheticus
1657 5364 1838 5406 sermo
1855 5390 1870 5416 ,
1897 5358 1955 5404 ut
1976 5363 2098 5404 eum

504 5453 870 5512 universitatis
899 5449 1058 5520 hujus
1087 5463 1208 5503 esse
1251 5447 1534 5502 Dominum
1578 5444 1896 5510 credamus,
1944 5458 2102 5514 quem

503 5549 681 5608 omnis
710 5548 796 5604 lex
829 5544 998 5601 Deum
1025 5541 1206 5598 locuta
1235 5548 1351 5606 est,
1394 5541 1486 5611 qui
1520 5554 1581 5596 se
1605 5538 1903 5609 nuncupari
1937 5536 2102 5593 Deum

506 5670 521 5704 θ’
581 5671 659 5782 'a)
697 5665 870 5731 Editi,
893 5671 1121 5734 excepto
1150 5659 1273 5716 Par.
1297 5658 1511 5715 internae
1542 5657 1686 5730 legis.

579 5710 633 5782 ll.
687 5740 782 5782 Mc-
818 5738 990 5782 siluere
1010 5733 1230 5782 elomtia.

579 5710 659 5813 ὶῐέ
687 5710 1230 5810 ᾖξ”ῥὶαὲἲέἳῑόᾇιιῖιί

2211 4617 2575 4673 celsi.—-H£cc
2596 4631 2724 4688 ergo
2754 4614 2822 4670 ad
2849 4619 3426 4675 commemorationem
3464 4619 3559 4676 Dei
3584 4621 3806 4678 laudum

2209 4718 2576 4767 creaturarum
2599 4724 2799 4781 genera
2818 4709 2989 4766 electa
3013 4718 3161 4776 sunt,
3178 4726 3296 4781 qua:
3311 4727 3436 4767 cum
3464 4717 3803 4782 praeconium

2201 4804 2329 4859 inse
2349 4801 2622 4858 Creatoris
2649 4801 3024 4868 ostenderent,
3041 4802 3403 4872 parabolicam
3427 4813 3631 4874 tamen,
3657 4808 3805 4874 sive,

2205 4904 2264 4950 ut
2287 4894 2580 4965 Apostolus
2604 4895 2700 4959 ait,
2725 4895 3188 4966 allegorumenam
3217 4897 3372 4953 nobis
3397 4897 3700 4955 doctrinam
3729 4901 3806 4957 ita

2206 4994 2631 5042 commemorata
2667 4986 2976 5057 pratberent
3008 4986 3150 5060 (Gal.
3187 5003 3258 5053 tv,
3281 4988 3401 5060 24).
3429 4987 3648 5046 Caelum
3671 5008 3808 5066 ergo

2208 5079 2441 5136 nubibus
2470 5079 2862 5150 subtegitur,id
2893 5087 2999 5146 est,
3025 5079 3341 5150 prophetica
3363 5081 3612 5139 doctrina
3643 5087 3808 5142 rebus

2209 5179 2292 5228 est
2317 5170 2556 5241 subjecta
2589 5171 2804 5226 divinis.
2839 5170 3024 5226 Pluvia
3053 5171 3211 5228 terris
3239 5172 3560 5242 infunditur,
3586 5176 3806 5248 eloquia

2206 5264 2414 5320 scilicet
2469 5263 2655 5318 harum
2707 5263 3077 5320 subtectarum
3127 5263 3348 5320 nubium
3399 5265 3804 5334 profunduntur

2209 5373 2308 5430 per
2327 5373 2445 5430 quae
2467 5355 2789 5412 infructuosi
2819 5355 2920 5426 ipsi
2952 5364 3116 5426 atque
3135 5356 3272 5412 aridi
3311 5355 3382 5429 (c)
3407 5357 3474 5412 ad
3502 5359 3804 5418 eliciendos

2209 5466 2275 5507 ex
2300 5450 2457 5505 nobis
2497 5449 2700 5505 fructus
2729 5447 2874 5504 dono
2893 5447 3066 5503 divini
3091 5447 3284 5504 imbris
3308 5449 3700 5508 humescimus.
3732 5453 3800 5508 Et

2213 5544 2331 5602 haec
2380 5543 2592 5614 eloquia
2629 5542 2807 5597 divina
2849 5549 3122 5614 tamquam
3170 5541 3398 5600 imbrem
3443 5543 3803 5618 intelligenda

2275 5661 2347 5735 (c)
2377 5659 2476 5719 Ms.
2507 5659 2577 5715 ad
2599 5657 2880 5732 eligendos.
