4134 6184
373 230 480 287 875

1451 239 1866 304 TRACTATUS
1907 243 1976 304 IN
2010 245 2215 310 CXLVI
2256 251 2604 317 PSALMUM.

3555 280 3662 336 874

367 364 490 406 csse
524 347 736 421 Moyses
784 359 1018 411 testatus
1045 364 1150 423 est,
1196 356 1382 415 dicens
1413 377 1426 414 :
1462 361 1800 433 Exspectetur
1837 369 1967 421 sicut
1993 374 2044 430 Α
2073 369 2250 427 ﬁcium
2281 385 2362 429 est
2381 417 2393 440 ,
2415 379 2504 447 qui
2535 379 2685 436 solus
2712 392 2780 437 ex
2811 383 3076 445 universis
3099 389 3464 452 animantibus
3490 401 3663 465 parti-

367 440 542 465 --Ιυυέη
576 441 823 465 -l---.:_-_-_
859 462 1016 465 ---μων
1128 458 1138 465 .
1189 450 1200 465 ι
1378 453 1388 465 .
1471 462 1478 465 _
1559 456 1568 465 .
1908 459 1916 465 .

365 440 543 512 pluvia
568 441 826 512 eloquium
857 462 1022 499 meum
1043 488 1057 514 ,
1093 458 1139 501 et
1166 450 1479 507 descendant
1524 456 1655 509 sicut
1697 474 1780 511 ros
1811 459 1964 514 verba

365 549 498 596 mea,
527 543 582 587 ut
611 535 788 604 pluvia
827 554 982 607 super
1009 557 1219 611 gramen
1252 544 1270 617 (
1297 544 1454 600 Deut.
1479 563 1654 616 χχχιι,
1699 549 1778 621 Ξ).
1837 551 1964 609 Hmc

363 638 495 694 ergo
541 634 703 680 terrae
733 625 1296 701 pluvia‘prreparatur,
1329 635 1402 707 (a)
1437 651 1533 706 per
1561 654 1722 708 quam
1760 641 1961 697 faenum

363 714 417 769 in
450 714 727 772 montibus
767 720 1082 789 producitur
1105 765 1119 789 ,
1152 733 1206 780 et
1245 725 1508 796 jumentis
1535 731 1587 784 in
1621 729 1798 790 escam
1833 750 1961 804 pro-

364 809 536 879 priam
570 812 862 880 praebetur.
894 813 1096 886 Opinor
1136 818 1480 878 fecundiores
1524 838 1647 880 esse
1687 828 1962 884 montibus

362 901 557 970 valles,
589 921 710 974 quae
736 906 1207 978 circumjectorum
1247 913 1464 969 collium
1495 929 1737 973 concavo
1764 920 1959 976 declivi

363 997 416 1054 in
448 1012 508 1054 se
539 998 769 1056 humore
801 1003 1154 1073 pinguescant
1182 1023 1194 1060 :
1225 1014 1280 1062 et
1306 1007 1432 1079 quid
1469 1012 1694 1068 rationis
1736 1025 1855 1080 est,
1897 1023 1957 1070 ut

362 1089 430 1144 ad
470 1105 651 1145 escam
690 1092 1059 1161 iumentorum
1104 1099 1328 1167 produci
1394 1101 1534 1156 frena
1593 1103 1880 1160 laudentur
1906 1107 1959 1162 in

362 1181 685 1240 montibus?
735 1185 803 1240 Et
839 1202 1162 1258 quamquam
1219 1191 1402 1259 plures
1452 1202 1662 1250 montes
1720 1197 1960 1253 fecundis

361 1274 657 1330 verticibus
678 1282 840 1347 atque
869 1277 1108 1334 herbidis
1150 1291 1311 1348 sunt;
1345 1293 1524 1340 tamen
1554 1301 1732 1342 rerum
1765 1304 1961 1360 corpo-

360 1365 557 1421 ralium
607 1368 914 1424 nominibus
963 1369 1224 1440 spiritalis
1262 1374 1508 1430 doctrina
1552 1386 1804 1435 conserta
1852 1392 1953 1436 cst.

363 1455 676 1512 Producunt
709 1473 840 1530 ergo
872 1471 1084 1518 montes
1109 1464 1370 1531 jumentis
1391 1467 1443 1520 in
1467 1483 1647 1524 escam
1675 1487 1827 1527 suam
1861 1473 1960 1529 fas-

360 1563 532 1616 num;
587 1550 684 1607 sed
725 1562 940 1610 montes
985 1557 1076 1625 qui
1117 1558 1526 1616 exsultaverunt
1565 1563 1705 1618 sicut
1760 1567 1959 1624 arietes

361 1637 482 1712 (Ps.
513 1657 661 1711 cxm,
691 1642 772 1716 4),
818 1647 871 1701 in
915 1662 1050 1718 quos
1095 1649 1405 1718 frequenter
1459 1654 1720 1723 propheta
1769 1660 1958 1714 oculos

359 1735 562 1805 erexit,
624 1735 812 1794 dicens
865 1757 878 1793 :

360 1829 477 1904 (Ps.
508 1847 638 1901 cxx,
675 1836 750 1905 1).
807 1833 872 1890 Hi
905 1852 1036 1906 ergo
1077 1850 1310 1901 montes,
1339 1842 1793 1911 patriarcharum,
1826 1861 1950 1914 pro-

359 1923 644 1993 phetarum
666 1967 680 1991 ,
711 1928 1079 1996 apostolorum
1101 1972 1116 1996 ,
1162 1942 1461 2004 martyrum
1489 1935 1824 2004 altitudines,
1859 1939 1953 1994 fce-

358 2037 486 2076 num
516 2019 996 2097 pecoribus'638
1022 2029 1340 2096 producunt.
1393 2029 1460 2083 Et
1506 2030 1700 2100 quibus
1739 2031 1953 2087 tandem

360 2115 687 2184 pecoribus?
719 2116 935 2172 Esaiam
975 2120 1258 2177 audiamus
1291 2139 1304 2174 :
1337 2122 1588 2193 Agnovit,
1639 2122 1833 2194 inquit,
1867 2126 1956 2180 bos

358 2223 700 2277 possessorem
725 2226 894 2278 suum,
919 2221 966 2264 et
1005 2213 1182 2267 asinus
1208 2231 1435 2284 praesepe
1457 2216 1653 2270 domini
1701 2218 1785 2271 sui
1805 2234 1825 2285 ;
1870 2218 1955 2272 ls-

357 2298 471 2353 rael
499 2315 612 2354 vero
660 2317 739 2355 me
779 2319 883 2356 non
929 2307 1162 2376 cognovit
1189 2303 1340 2377 (Esa.
1371 2322 1412 2374 ι,
1461 2307 1539 2380 5).
1591 2309 1655 2362 Ει
1683 2310 1805 2380 quia
1859 2325 1957 2380 per

359 2389 574 2447 hebetis
631 2400 839 2448 natura:
885 2393 1243 2466 irreligiosum
1297 2398 1697 2469 ignorationem
1749 2415 1952 2470 pecora

360 2489 486 2537 sunt
521 2483 684 2552 dicta,
717 2485 867 2541 cibus
890 2503 1104 2558 quoque
1130 2503 1319 2544 eorum
1345 2491 1679 2561 signiﬁcatus
1701 2492 1754 2546 in
1784 2491 1952 2548 foeno.

359 2573 473 2631 Hoc
501 2591 629 2647 ergo
650 2576 854 2634 foenum
883 2580 966 2634 his
991 2579 1252 2651 jumentis
1280 2583 1552 2653 praebetur
1581 2584 1633 2638 in
1660 2584 1951 2640 montibus.

433 2669 521 2724 10.
556 2667 744 2724 Versus
764 2673 1015 2742 adjectus.
1051 2672 1227 2728 Herba
1256 2676 1486 2729 servituti
1518 2676 1781 2730 hominum
1807 2677 1951 2747 quid.

361 2788 431 2798 —
461 2758 519 2814 ln
573 2761 818 2830 pluribus
849 2773 1027 2819 autem
1078 2765 1356 2822 codicibus
1398 2767 1664 2824 insertum
1708 2768 1781 2842 (b)
1816 2770 1956 2825 hunc

360 2866 576 2908 versum
602 2853 1080 2924 deprehendimus,
1097 2857 1167 2912 Et
1187 2860 1393 2914 herbam
1410 2863 1640 2915 servituti
1659 2863 1952 2918 hominum:

363 2956 422 2999 ut
452 2961 514 3000 ea
541 2963 660 3017 quae
693 2950 942 3018 superius
968 2951 1109 3006 dicta
1133 2961 1292 3019 sunt,
1323 2953 1391 3009 de
1425 2955 1643 3008 homine
1669 2955 1810 3010 dicta
1834 2969 1956 3010 esse

359 3051 460 3108 per
471 3043 921 3109 nuncupationem
938 3044 1106 3113 ipsius
1119 3044 1352 3100 hominis
1370 3047 1822 3117 intelligerentur.
1846 3047 1953 3104 Sed

2067 477 2196 533 ceps
2225 468 2446 523 rationis
2471 471 2692 527 effectus
2719 486 2823 530 est.
2857 479 3155 537 Corvorum
3187 501 3314 542 vero
3337 489 3464 557 pulli
3489 490 3657 549 Deum

2066 561 2338 626 quomodo
2392 563 2689 622 invocant?
2718 569 2785 624 Et
2828 587 2924 627 cur
2967 576 3098 644 pulli
3141 594 3428 636 corvorum
3481 587 3658 654 potius

2065 664 2222 719 quam
2273 655 2442 723 corvi,
2483 673 2712 726 quorum
2762 673 2950 719 natura
3014 669 3211 737 hebes,
3266 672 3335 744 (Γ)
3388 675 3656 746 improba,

2065 738 2386 813 improvida,
2421 749 2566 802 nulla
2595 751 2691 806 Dei
2713 756 3019 824 cognitione
3045 758 3240 817 donata
3271 738 3340 818 sit
3361 765 3383 818 ?
3404 738 3512 822 Aut
3537 738 3658 839 quia

2064 843 2188 886 esca
2217 837 2531 903 praebetur?
2574 841 2847 911 Numquid
2889 858 2945 903 ut
2972 848 3173 906 faenum
3206 854 3490 924 jumentis,
3519 837 3573 916 et
3598 871 3658 916 ut

2065 921 2231 979 herba
2263 927 2569 986 hominibus
2594 949 2607 998 ;
2647 936 2726 990 sic
2753 950 3132 1010 corruptorum
3157 945 3478 1003 cadaverum
3509 951 3657 1006 faeti-

2065 1014 2161 1070 das
2185 1019 2376 1075 sordes
2405 1021 2544 1078 Deus
2564 1027 2844 1085 orantibus
2873 1047 2932 1086 se
2970 1049 3254 1091 corvorum
3290 1040 3448 1108 pullis
3482 1055 3536 1098 et
3563 1059 3657 1112 pe-

2063 1110 2259 1166 cudum
2284 1123 2488 1172 mortes
2529 1118 2596 1172 ad
2644 1121 2822 1176 cibum
2855 1124 2980 1180 vitae
3022 1131 3307 1198 praesentis
3339 1110 3656 1204 itnpertiet?

2064 1200 2190 1258 llaec
2220 1204 2293 1260 ita
2324 1208 2646 1280 intelligere,
2677 1229 2784 1270 non
2813 1215 2984 1273 dicam
3009 1223 3228 1289 erroris,
3261 1226 3358 1281 sed
3389 1227 3658 1300 irreligio-

2063 1295 2240 1352 sitatis
2292 1309 2551 1357 extremae
2597 1312 2699 1360 est.
2746 1307 2883 1373 Quid
2929 1327 3059 1382 ergo
3111 1316 3336 1388 intelligi
3383 1295 3653 1392 oporteat,

2063 1399 2223 1458 prout
2253 1391 2353 1461 ipsi
2382 1393 2526 1450 dono
2568 1399 2758 1468 gratiae
2786 1403 3027 1461 caelestis
3077 1408 3255 1479 adepti
3307 1391 3515 1482 sumus,
3573 1417 3657 1474 loo

2062 1495 2308 1550 quemur.

2133 1574 2224 1626 12.
2253 1575 2447 1633 Corvus
2465 1592 2790 1646 peccatorum
2813 1588 3002 1658 ﬁgura.
3035 1589 3228 1648 Corvus
3250 1594 3384 1651 Elia:
3411 1601 3657 1656 nutritius

2060 1664 2290 1736 gentium
2315 1674 2698 1730 conversionem
2743 1679 3033 1736 adumbrat.
3056 1714 3128 1726 -—
3157 1691 3386 1742 Corvum
3431 1694 3486 1746 in
3540 1693 3656 1748 for-

936 1739 1136 1798 Levavi
1207 1745 1392 1799 oculos
1445 1763 1597 1803 meos
1647 1750 1702 1805 in
1741 1760 1954 1808 montes
1983 1751 2032 1812 B
2058 1770 2200 1810 mam
2226 1764 2524 1827 peccatoris
2561 1770 2914 1826 constitutum
2941 1790 3063 1831 esse
3097 1785 3234 1844 tum,
3262 1795 3386 1836 cum
3436 1799 3502 1839 ex
3530 1800 3655 1842 arca

2059 1848 2289 1905 emissus
2321 1869 2426 1908 non
2449 1857 2637 1925 rediit,
2669 1862 3035 1921 meminimus.
3069 1849 3201 1924 Cum
3252 1874 3396 1927 enim
3445 1880 3656 1936 consis-

2061 1939 2209 1994 tendi
2232 1958 2494 2014 nusquam
2516 1948 2668 2006 locus
2691 1963 2856 2020 esset,
2885 1958 3037 2027 aquis
3068 1960 3120 2015 in
3144 1962 3394 2020 universa
3419 1966 3650 2040 dtﬂ'usis,

2058 2028 2202 2097 ipse,
2231 2034 2480 2090 columba
2513 2050 2695 2108 postea
2729 2060 2835 2099 non
2864 2059 3077 2118 reperta
3102 2056 3292 2124 requie
3320 2069 3650 2130 revertente,

2056 2135 2164 2178 non
2182 2125 2344 2181 rediit
2375 2128 2527 2199 (Gen.
2559 2149 2673 2199 vm,
2709 2137 2788 2206 7).
2818 2137 2951 2194 Cum
2979 2145 3120 2197 enim
3173 2147 3281 2202 illic
3308 2165 3430 2206 arca
3464 2125 3652 2211 Eccle;

2055 2213 2150 2268 size
2196 2213 2428 2274 formam
2478 2223 2746 2293 habuerit,
2794 2230 2841 2284 is
2884 2234 2972 2301 qui
3001 2234 3302 2294 Ecclesium
3332 2257 3452 2296 cum
3496 2261 3652 2302 num-

2055 2319 2213 2375 quam
2241 2311 2369 2366 alibi
2395 2324 2576 2382 posset
2611 2321 2913 2379 consistere
2943 2326 3270 2400 derelinquit
3291 2375 3304 2399 ,
3351 2341 3652 2405 peccatoris

2057 2397 2204 2455 ineo
2231 2407 2544 2476 exemplum
2593 2421 2680 2466 est
2727 2417 3110 2487 constitutum,
3159 2397 3399 2493 quicum
3443 2432 3650 2488 nullam

2056 2489 2216 2588 aliam
2268 2507 2462 2564 praeter
2486 2517 2644 2570 quam
2695 2504 2954 2565 Ecclesiae
2982 2512 3147 2587 639
3174 2489 3413 2588 requiem
3459 2523 3656 2583 habeat

2057 2579 2110 2634 in
2131 2585 2351 2652 saeculo,
2377 2592 2581 2646 mavult
2603 2600 2784 2650 tamen
2808 2599 2857 2652 in
2882 2599 3130 2659 inanibus
3152 2610 3333 2664 smculi
3356 2611 3652 2672 demorari.

2057 2669 2206 2729 Hanc
2234 2690 2452 2748 quoque
2477 2696 2631 2738 avem
2661 2684 2890 2754 legimus
2933 2691 2986 2745 in
3029 2706 3238 2762 pastum
3265 2700 3397 2756 Elite
3419 2669 3650 2773 deputat

2059 2770 2189 2831 tam,
2210 2767 2362 2874 cibos
2389 2787 2607 2843 semper
2636 2779 2685 2830 ei
2711 2779 2877 2835 fuisse
2905 2785 3117 2841 solitam
3139 2789 3336 2848 inferre
3384 2767 3503 2863 (ΙΙΙ-
3516 2798 3646 2874 Reg.

2059 2869 2187 2921 xvn,
2211 2857 2292 2930 6),
2311 2861 2489 2918 ethoc
2518 2874 2652 2933 tum,
2671 2883 2790 2924 cum
2810 2873 3126 2943 impiissime
3147 2883 3323 2936 omnis
3347 2891 3576 2956 populus
3591 2857 3654 2947 et

2063 2948 2520 3022 irreligiosissime
2589 2961 2974 3022 diversaretur.
3028 2969 3085 3024 ln
3150 2973 3464 3034 famulatum
3519 2999 3649 3055 ergo

2058 3042 2189 3095 tanti
2219 3046 2496 3114 propheta:
2523 3051 2639 3107 haec
2663 3056 2776 3108 avis
2797 3097 2812 3122 ,
2855 3075 2972 3128 quae
3012 3060 3065 3116 iu
3094 3064 3315 3122 formam
3346 3042 3646 3139 peccatoris

359 3145 458 3185 nos
473 3146 578 3186 non
596 3147 817 3202 egemus
836 3135 936 3190 hoc
953 3149 1134 3191 sensu.
1153 3135 1286 3191 Nam
1307 3137 1434 3192 licet
1454 3152 1558 3192 non
1577 3139 1950 3209 impediatad-
1977 3121 2023 3185 C
2056 3143 2174 3188 erat
2201 3141 2492 3195 constituta
2513 3183 2528 3209 ,
2581 3144 2789 3202 delecta
2819 3159 2921 3205 est.
2950 3153 3084 3208 Cum
3110 3159 3255 3212 enim
3279 3164 3519 3220 anterior
3550 3182 3650 3236 po-

357 3218 538 3290 jectus
558 3239 572 3287 ;
589 3239 696 3278 non
714 3232 891 3280 tamen
909 3241 1054 3294 eum,
1071 3236 1341 3298 tamquam
1362 3245 1466 3284 non
1483 3228 1550 3301 (ο)
1567 3228 1687 3284 aliis
1705 3229 1771 3284 ad
1794 3230 1955 3300 hujus

352 3316 722 3387 intelligentiae
759 3320 1226 3376 conﬁrmationem
1259 3322 1333 3375 uti
1357 3322 1648 3392 possimus,
1676 3321 1954 3391 amplecti-

352 3422 494 3463 mur.
555 3407 655 3465 Hic
713 3411 856 3466 enim
914 3412 1047 3466 ordo
1087 3413 1353 3467 dictorum
1399 3425 1503 3481 est,
1541 3413 1761 3468 Vnus.8
1798 3413 1947 3470 ειυς

355 3499 460 3566 Qui
487 3502 652 3568 operit
677 3503 859 3558 calum
885 3504 1126 3573 nubibus,
1159 3515 1206 3560 et
1227 3515 1374 3576 parat
1411 3516 1560 3560 terra:
1581 3507 1840 3579 pluviam,
1863 3507 1950 3577 qui

354 3595 594 3663 producit
613 3596 667 3649 in
694 3595 952 3651 montibus
973 3601 1184 3668 fanum,
1218 3599 1304 3652 dat
1328 3600 1580 3670 jumentis
1605 3615 1772 3653 escam
1807 3599 1950 3668 ipso-

354 3704 488 3752 rum,
521 3697 567 3741 et
598 3687 808 3742 herbam
835 3692 1064 3744 servituti
1093 3690 1356 3744 hominum
1379 3731 1395 3757 ,
1426 3701 1474 3744 et
1501 3691 1660 3760 pullis
1677 3705 1944 3743 corvorum

355 3780 708 3836 invocantibus
741 3798 878 3838 eum.
902 3781 981 3854 (ά)
1003 3783 1125 3838 Sive
1157 3781 1316 3852 igitur
1341 3797 1433 3850 per
1461 3781 1682 3835 nubium
1715 3780 1948 3848 pluviam

354 3871 615 3941 producto
633 3872 892 3942 jumentis
935 3874 987 3928 in
1042 3873 1318 3928 montibus
1348 3873 1525 3939 fmno,
1563 3881 1621 3926 ut
1659 3872 1944 3942 allegorica

352 3962 600 4019 doctrina
631 3971 817 4034 posset
846 3965 1096 4035 intelligi,
1145 3967 1258 4019 haec
1290 3965 1454 4019 herba
1485 3963 1732 4019 servituti
1770 3963 1946 4019 homi-

351 4071 482 4110 num
518 4055 829 4126 prazbetur,
882 4058 971 4127 qui
1023 4056 1261 4126 pecudea
1307 4057 1644 4127 ignoratione
1673 4055 1937 4125 deposita,

350 4148 521 4204 Deum
543 4148 756 4203 tandem
782 4148 1173 4203 rationabiliter
1192 4147 1614 4218 comperissent;
1641 4141 1774 4214 sive,
1801 4146 1942 4218 quod

347 4242 651 4298 absolutius
677 4242 898 4314 intelligi
928 4251 1126 4314 petest,
1175 4241 1231 4296 in
1261 4239 1430 4296 herba
1453 4240 1657 4295 fructus
1679 4239 1931 4296 humanis

346 4337 486 4392 cibis
530 4334 757 4407 praestiti
805 4335 1122 4402 edocentur,
1169 4335 1294 4404 quia
1342 4346 1533 4388 omnes
1579 4331 1790 4387 fructus
1837 4347 1935 4403 per

347 4433 573 4490 herbam
623 4431 1008 4488 conﬁrmantur
1064 4432 1119 4486 in
1163 4445 1392 4487 messem
1433 4445 1446 4483 :
1496 4429 1606 4485 Deo
1651 4439 1938 4500 utrumque

2054 3227 2212 3296 pulus
2240 3230 2611 3302 improbabilis
2635 3249 2880 3308 repertus
2909 3252 3024 3312 est,
3051 3252 3164 3301 tum
3190 3249 3283 3306 Dei
3307 3227 3647 3326 praedicatio,

2054 3335 2174 3388 qum
2206 3323 2356 3378 cibus
2386 3334 2440 3380 et
2488 3327 2713 3385 esuritio
2740 3340 2824 3386 est
2856 3336 3238 3405 prophetarum
3266 3383 3280 3408 ,
3333 3361 3430 3414 per
3456 3323 3644 3407 eorum

2053 3417 2141 3487 qui
2168 3429 2484 3488 peccatores
2513 3434 2668 3480 erant
2693 3426 2869 3482 ofﬁcia
2897 3433 3164 3499 expletur.
3193 3435 3302 3490 Nos
3346 3441 3490 3495 enim
3516 3486 3531 3510 ,
3558 3447 3644 3500 vel

2051 3511 2233 3566 caeteri
2261 3513 2337 3585 (g)
2367 3524 2491 3569 ante
2519 3531 2618 3570 nos
2642 3557 2657 3581 ,
2689 3533 2756 3572 ex
2787 3520 3189 3588 impudentibus
3223 3536 3278 3580 et
3319 3533 3643 3598 procacibus

2051 3613 2106 3659 et
2133 3603 2426 3660 immundis
2456 3615 2511 3660 et
2533 3609 2770 3662 cruentis
2799 3611 2966 3679 geniti
2998 3623 3161 3684 atque
3190 3620 3332 3681 nati,
3367 3630 3640 3692 tamquam

2051 3697 2178 3765 pulli
2206 3712 2493 3752 corvnrum
2519 3699 2689 3754 Deum
2722 3701 3053 3773 invocamus,
3085 3707 3393 3779 agnitione,
3426 3714 3645 3770 confes—

2050 3787 2237 3854 sione,
2290 3788 2546 3844 famulatu
2582 3807 2596 3845 :
2627 3799 2685 3844 ιιι
2728 3807 2792 3846 ex
2828 3792 3088 3862 jumentis
3115 3809 3168 3852 et
3219 3804 3504 3870 pecoribus
3547 3823 3646 3877 per

2049 3881 2375 3952 agnitionem
2405 3882 2499 3937 Dei
2524 3882 2770 3939 homines
2795 3885 2996 3942 eﬁ‘ecti.
3029 3891 3255 3948 rationis
3282 3897 3488 3952 scilicet
3513 3916 3643 3970 par-

2050 3974 2240 4042 ticipes
2259 3989 2325 4029 ex
2354 3975 2580 4029 rationis
2608 3976 2828 4044 ignaris,
2851 3979 3047 4047 quibus
3067 3984 3308 4050 quotidie
3329 4003 3357 4039 a
3384 3988 3496 4044 Deo
3519 4009 3646 4060 pro-

2047 4065 2276 4121 ducente
2316 4067 2368 4121 in
2395 4067 2670 4137 prophetis
2708 4067 2971 4125 doctrinae
3010 4073 3470 4145 prmdicationem,
3504 4091 3642 4138 tam-

2046 4173 2204 4230 quam
2242 4158 2295 4213 in
2340 4158 2613 4213 montibus
2645 4159 2870 4225 foenum,
2931 4163 3036 4218 cibi
3082 4166 3321 4224 caelestis
3368 4172 3641 4239 praebetur

2045 4250 2323 4306 alimonia.

2119 4341 2205 4396 15.
2239 4339 2322 4395 Ea:
2340 4340 2420 4394 his
2441 4339 2711 4410 superiora
2738 4342 3011 4415 allegorice
3027 4345 3358 4421 intelligenda
3378 4368 3486 4410 esse
3511 4371 3637 4411 con-

2044 4432 2310 4503 ﬁcitur.—
2340 4430 2411 4489 Ut
2430 4441 2609 4487 autem
2639 4432 2819 4488 omnia
2850 4433 2988 4505 haec,
3017 4454 3137 4507 quae
3166 4439 3457 4512 allegorice
3482 4460 3635 4502 com-

347 4527 494 4582 laudi
527 4535 630 4594 est,
681 4527 979 4582 inﬁrmitati
1037 4541 1160 4582 cum
1229 4535 1430 4581 nostra:
1486 4525 1569 4578 vel
1624 4503 2016 4596 corporalesD
2045 4534 2339 4580 memorata
2384 4533 2540 4593 sunt,
2572 4525 2626 4580 in
2653 4527 2954 4596 proiectum
3003 4527 3252 4586 humanae
3302 4535 3491 4594 salutis
3519 4540 3636 4611 geri

349 4616 424 4690 (e)
454 4619 508 4675 in
535 4619 742 4675 fructus
783 4621 956 4687 cibos,
989 4619 1076 4676 vel
1106 4619 1370 4690 spiritalia
1398 4617 1452 4674 in
1481 4617 1762 4690 prophetis
1811 4620 1935 4675 vita:

347 4711 542 4782 pabula
571 4711 891 4781 praebuisse.

418 4807 506 4861 ll.
563 4804 840 4861 Coi-varum
884 4802 1316 4860 natum—Sed
1371 4802 1425 4858 id
1472 4803 1615 4875 quod
1667 4803 1930 4875 sequitur,

345 4899 616 4973 quomodo
647 4899 868 4971 intelligi
893 4899 1192 4970 oportebit,
1223 4896 1292 4951 Et
1315 4897 1473 4968 pultis
1500 4914 1764 4953 corvorum
1787 4899 1932 4953 invo-

343 4991 580 5049 cantibus
604 5007 722 5048 eum
742 4993 768 5046 ?
796 4993 961 5048 Deum
992 4991 1246 5047 invocare
1276 4989 1553 5060 proprium
1588 4989 1826 5048 hominis
1851 4988 1934 5046 of-

419 5155 495 5225 la)
525 5155 585 5210 In
611 5170 714 5211 ms.
741 5164 853 5222 post
879 5169 1052 5225 quant.

419 5220 496 5300 (b)
530 5220 1047 5300 Abestftiam'nunc
1072 5222 1139 5300 ab
1164 5220 1379 5276 heber
1409 5225 1588 5284 textu,
1619 5233 1724 5275 non
1749 5225 1930 5273 autem

341 5311 376 5352 a
397 5294 622 5375 vulgatis
819 5294 1240 5375 exemplaribus.

445 5366 507 5434 c)‘
528 5366 684 5434 Apud
713 5367 834 5430 Par,
869 5383 973 5420 non
1004 5366 1056 5418 in
1082 5366 1220 5419 aliis.

441 5430 498 5513 ά)
527 5430 680 5513 nam,
706 5438 795 5492 Er.
828 5446 882 5490 et
909 5437 1053 5505 Lips.
1082 5437 1126 5488 si
1155 5441 1443 5513 ergo,etc.,
1469 5430 1742 5513 mendose.
1813 5463 1840 5513 ,Δ
1877 5501 1889 5512 .
1927 5507 1933 5513 1

443 5502 493 5576 e)
540 5511 634 5564 lix.
660 5524 760 5564 ms.
814 5502 1129 5563 revocamus
1157 5502 1464 5576 in'fructus.
1494 5502 1634 5576 quod
1663 5502 1847 5555 deerat
1868 5502 1930 5576 _in’

341 5573 592 5648 vulgatis.
625 5580 906 5655 Mallemus
933 5579 1190 5655 tamenin
1214 5573 1463 5655 fructibus
1482 5615 1504 5655 ,Δ
1528 5575 1610 5627 vel
1638 5573 1932 5655 corporales

344 5643 548 5736 [ructus
569 5653 626 5734 in
652 5651 808 5736 cibos.
838 5650 925 5706 Sic
953 5648 1205 5736 superius
1214 5643 1223 5647 ’
1239 5652 1469 5736 fructus“
1479 5643 1906 5736 priuignisucibis
1912 5682 1928 5708 ,

341 5718 398 5780 id
423 5734 504 5779 est
525 5764 539 5790 ,
568 5723 620 5778 in
649 5721 900 5779 alimenta
945 5720 1244 5789 corporalia
1273 5718 1494 5788 praestiti
1537 5723 1926 5773 memorantur.

862 5815 1136 5876 ΡΑτιιοι.
1167 5811 1282 5873 IX.

2045 4617 2510 4688 intelligerentur;
2558 4619 2748 4688 psalmi
2805 4619 3154 4678 conclusione
3208 4628 3514 4684 conﬁrmat.
3556 4633 3635 4688 lta

2039 4708 2182 4764 enim
2207 4710 2301 4775 ait,
2327 4709 2491 4764 Vnus.
2529 4709 2595 4764 10
2617 4718 2672 4764 et
2701 4711 2759 4764 ll
2797 4728 2808 4762 :
2843 4709 2968 4765 Non
3010 4713 3063 4766 in
3099 4715 3286 4770 viribus
3307 4721 3422 4787 equi
3450 4723 3636 4778 volun-

2039 4809 2190 4856 tatem
2217 4799 2437 4867 habebit,
2467 4816 2559 4853 nec
2586 4804 2637 4853 in
2666 4803 3005 4856 tabernaculis
3031 4804 3125 4856 viri
3165 4806 3532 4876 beneplacitum
3558 4825 3632 4870 est

2037 4897 2102 4949 ei.
2131 4892 2518 4964 Beneplacitum
2568 4901 2640 4946 est
2689 4889 2914 4946 Domino
2951 4911 3108 4962 super
3151 4897 3384 4954 timentes
3412 4918 3550 4971 eum,
3583 4915 3632 4961 et

2038 4985 2118 5060 (h)
2146 4987 2201 5040 in
2229 5000 2402 5041 omnes
2424 4984 2512 5054 qui
2529 4993 2736 5054 sperant
2755 5001 2909 5056 super
2929 4987 3281 5042 misericordia
3305 4993 3436 5063 ejus.
3483 4993 3630 5052 Con-

2138 5142 2183 5214 f)
2218 5140 2526 5214 Adjecimus
2562 5138 2823 5214 improba,
2849 5141 3176 5214 auctoritate
3218 5159 3321 5198 ms.

2138 5142 2183 5214 ί)
2218 5141 2526 5211 Adjecimus
2562 5141 2823 5208 improba,
2857 5141 3176 5197 auctoritate
3218 5159 3321 5226 ms.

2109 5141 2189 5286 ξς)
2226 5211 2379 5286 Apud
2434 5210 2554 5286 Par.
2597 5209 3002 5286 desiderabatur
3048 5221 3186 5286 ante.
3242 5214 3428 5273 Hilarii
3473 5221 3631 5280 dictis

2041 5279 2214 5341 lucent
2245 5279 2401 5354 alfert
2430 5280 2776 5350 Augustinus.
2813 5279 2867 5354 _V
2874 5296 2990 5346 ere,
3046 5284 3216 5354 inquit
3267 5288 3316 5340 in
3374 5279 3622 5348 eumdem

2041 5356 2173 5426 psal.
2206 5371 2261 5407 ιι.
2299 5353 2386 5426 18..
2415 5367 2587 5426 omnes
2608 5360 2777 5423 gentes
2807 5351 2864 5426 in
2884 5362 3086 5416 peccato
3106 5351 3133 5421 ,’
3148 5359 3200 5409 in
3231 5357 3544 5424 idololatria,
3568 5365 3622 5417 in

2037 5421 2782 5493 adorationelapidumatque
2829 5422 3080 5493 lignorum
3132 5429 3428 5482 erant:sed
3474 5421 3622 5485 num-

2033 5499 2156 5570 quid
2182 5496 2253 5550 sic
2279 5492 2672 5570 remanserunt?
2715 5491 2825 5570 Etsi
2866 5491 2965 5570 non
2992 5496 3092 5570 ipsi
3124 5500 3258 5552 corvi
3303 5511 3470 5570 patres
3501 5520 3622 5556 nos-

2037 5562 2104 5624 tri
2124 5611 2139 5633 ,
2171 5578 2334 5621 tamen
2357 5562 2488 5635 pulli
2517 5579 2783 5617 corvorum
2809 5565 2907 5632 ipsi
2948 5582 3040 5618 nos
3071 5562 3361 5622 invocamus
3389 5568 3578 5626 Deum.

2111 5639 2192 5709 (h)
2221 5636 2306 5693 Sic
2333 5634 2431 5715 ms.
2463 5634 2709 5715 Graecum
2737 5644 2916 5691 autem
2935 5677 2949 5703 ,
2979 5638 3153 5698 ἐντοῖς
3186 5645 3335 5695 πᾶσι.
3364 5641 3434 5697 At
3463 5642 3618 5715 editi,

2036 5721 2084 5770 et
2110 5706 2280 5766 omnes
2300 5747 2315 5778 ,
2347 5706 2464 5764 sine
2493 5706 2567 5761 in.
