4134 6184
449 259 557 320 875

1619 279 1626 286 ο
1653 251 1901 313 SANCTI
1935 250 2190 311 HlLARIl
2231 249 2540 314 EPISCt)Pl

3643 259 3751 318 876

456 377 623 434 traria
652 375 757 431 ista
799 374 902 430 sibi
934 379 1098 437 sunt,
1151 371 1198 425 si
1249 368 1607 440 corporaliter
1651 369 2044 438 intelligantur.
2077 369 2131 431 Α
2156 378 2261 425 tem
2289 385 2417 425 vero
2439 369 2576 425 hanc
2605 369 2739 424 vivis
2761 364 2858 433 ,‘ut
2883 369 2960 424 ait
2979 365 3268 440 Apostolus
3292 411 3308 439 ,
3351 365 3621 442 lapidibus
3645 389 3740 429 ex-

455 466 739 534 Qnomodn
766 465 914 518 enim
961 464 1102 516 Deus
1144 462 1402 531 jumeutis
1455 462 1654 516 l'tBnum
1703 460 1952 529 producit
1998 460 2050 514 in

454 559 755 622 montibus,
785 556 873 610 cui
905 569 1010 608 non
1039 565 1122 609 est
1152 552 1548 623 beneplacitum
1593 553 1646 606 in
1690 552 1887 622 equis?
1942 550 2053 605 Neo

455 648 723 706 cessitatis
783 659 1018 716 namque
1081 647 1474 712 ministerium,
1529 660 1637 699 non
1694 643 2050 714 providentiae

458 741 764 810 benignitas
801 748 888 794 est
917 739 1228 793 alimoniam
1260 739 1502 807 prtebere
1531 751 1636 792 non
1667 736 1900 807 placitis.
1943 735 2052 790 Sed

455 833 581 904 quia
613 832 792 886 omnis
834 830 929 886 Dei
957 829 1332 886 misericordia
1361 841 1545 884 curam
1591 827 1755 882 habet
1799 829 2052 882 humanm

452 923 668 987 salutis,
699 921 990 991 allegorice
1030 921 1277 990 superius
1325 920 1467 974 diota
1513 917 1874 974 conclusionis
1895 917 2054 972 abso«

451 1012 659 1068 latione
711 1023 1094 1068 consummat:
1131 1028 1238 1066 non
1291 1025 1545 1080 pecorum
1599 1010 1835 1080 speciem
1889 1018 2053 1080 atque

452 1107 734 1172 virtutem,
769 1121 867 1161 nec
897 1107 1254 1175 pretiosarum
1280 1105 1564 1159 domorum
1597 1105 1706 1158 Deo
1732 1110 2050 1159 ornamenta

451 1198 746 1269 placuisse,
776 1214 896 1269 quae
921 1199 1155 1253 maxima
1180 1207 1262 1252 est
1303 1198 1551 1252 humanae
1575 1196 1848 1265 epiniouis
1875 1195 2019 1250 ambi
2036 1227 2049 1236 -

450 1292 549 1357 tio,
579 1291 780 1347 habere
806 1292 1014 1348 nobiles
1036 1307 1234 1362 equos,
1264 1291 1456 1345 domos
1502 1289 1770 1359 pulchras,
1825 1289 1917 1344 sed
1941 1289 2052 1358 pla-

449 1399 574 1440 cere
605 1393 812 1439 tantum
863 1386 1176 1449 timentem,
1229 1391 1563 1452 sperantem,
1619 1391 1675 1435 et
1721 1389 2047 1448 potestatem

448 1475 548 1531 Dei
581 1485 634 1531 et
666 1476 1097 1532 miscricordiam
1135 1492 1229 1545 spe
1263 1487 1516 1543 metuque
1551 1483 1857 1527 testantem.
1892 1473 2053 1527 Mise-

402 1591 405 1596 ν
445 1567 619 1624 ricors
649 1568 790 1623 enim
819 1577 874 1622 et
919 1576 1107 1637 potens
1151 1577 1238 1622 est
1261 1608 1274 1633 ,
1309 1568 1396 1634 qui
1426 1566 1563 1620 dixit
1600 1583 1612 1616 ε
1647 1565 1748 1630 Qui
1794 1566 1954 1618 credit
1996 1566 2050 1618 in

449 1677 565 1726 me,
598 1678 697 1714 non
711 1661 1036 1732 judicabitur
1063 1701 1078 1726 ,
1109 1661 1199 1715 sed
1249 1661 1462 1713 transiet
1506 1661 1570 1712 de
1615 1669 1776 1712 morte
1815 1660 1867 1712 in
1898 1659 2052 1712 vitam

2153 471 2380 517 tractam
2404 503 2417 528 ,
2459 471 2765 515 sanctorum
2795 472 2965 517 coetus
3015 461 3310 517 conformis
3341 463 3527 532 gloriae
3560 465 3650 519 Dei
3682 481 3752 520 ex

2153 555 2550 609 resurrectione
2594 564 2933 609 consummat
2975 553 3020 627 (l
3075 553 3217 638 Petg.
3251 572 3320 623 ll,
3375 552 3451 627 5).
3497 557 3602 623 Qui
3653 575 3747 626 se,

2153 644 2326 714 qualis
2352 645 2562 700 futurus
2591 655 2768 715 esset,
2801 661 2894 717 per
2918 643 3078 702 ﬁdem
3110 649 3160 702 in
3181 663 3409 717 c0rpore
3435 642 3647 703 Domini
3673 647 3751 722 (α)

2153 746 2276 792 ante
2302 739 2613 808 speculatus
2643 750 2756 806 est;
2785 748 2839 795 et
2887 739 3089 795 idcirco
3115 741 3277 796 etiam
3309 739 3440 797 Sion
3471 759 3757 811 nuncupa-

2153 840 2260 885 tur.
2295 831 2504 900 Corpus
2533 829 2748 900 quidem
2802 831 3046 900 Domini,
3094 834 3389 890 secundum
3430 834 3758 904 interpreta—

2154 922 2318 978 tionis
2341 923 2636 992 virtutem,
2664 925 2786 996 quia
2811 927 2864 981 in
2890 943 2954 982 eo
2991 943 3142 997 spem
3194 937 3434 984 nostram
3478 927 3582 985 ﬁde
3620 946 3757 985 con-

2155 1014 2508 1085 templamur,
2543 1016 2608 1070 in”
2637 1018 2887 1073 omnibus
2927 1018 3223 1089 Scripturis
3267 1017 3401 1075 Sion
3453 1022 3753 1091 nuncupari

2152 1109 2519 1175 existimatur;
2552 1111 2673 1180 quia
2697 1109 2828 1167 Sion
2857 1113 3156 1182 Speculatio
3186 1123 3288 1168 est.
3327 1111 3434 1170 Sed
3464 1126 3516 1169 et
3544 1117 3745 1170 civitas

2155 1200 2283 1268 illa,
2315 1217 2433 1271 quae
2461 1201 2760 1258 Jerusalem
2798 1215 2910 1270 est,
2942 1221 3062 1275 qua:
3091 1215 3312 1275 propter
3340 1207 3748 1263 unanimitatcm

2155 1295 2347 1349 civitas
2373 1295 2518 1364 pacis
2545 1305 2659 1361 cst;
2694 1295 2854 1350 etiam
2907 1305 3130 1366 propter
3163 1297 3645 1355 conformationem
3691 1301 3750 1356 in

2153 1400 2213 1440 se
2238 1386 2479 1455 corporis
2507 1387 2633 1452 Dei,
2662 1383 2716 1440 in
2759 1401 2865 1456 quo
2894 1402 2952 1442 se
2978 1399 3104 1444 ante
3134 1390 3408 1460 speculata
3452 1402 3534 1447 est
3555 1434 3569 1457 ,
3617 1392 3754 1449 Sion

2155 1487 2529 1546 nuncupatur:
2563 1488 2616 1534 et
2654 1478 2806 1548 cujus
2851 1477 3079 1550 gloriam
3129 1477 3321 1552 adepta
3367 1492 3481 1548 est,
3539 1484 3754 1554 accepit

2152 1583 2364 1639 quoque
2393 1570 2509 1639 ejus
2539 1580 2592 1625 et
2614 1585 2829 1625 nomen.
2867 1570 3007 1642 Ergo
3030 1583 3083 1627 et
3129 1584 3428 1629 conventus
3461 1575 3550 1630 ille
3597 1576 3748 1645 paci.
3799 1583 3804 1588 ’

2155 1662 2284 1716 licus
2307 1705 2319 1727 ,
2347 1671 2401 1717 et
2429 1663 2599 1733 gloria
2631 1663 2722 1717 illa
2773 1677 3060 1734 corporum
3105 1665 3501 1721 dentutatornm
3523 1709 3536 1731 ,
3571 1665 3620 1721 in
3650 1665 3748 1723 Je-

451 1753 636 1825 (Joan.
661 1770 716 1821 v,
747 1754 862 1824 24).
895 1753 991 1808 Est
1017 1764 1209 1822 potens
1239 1761 1467 1806 mortem
1491 1751 1777 1805 demutare
1808 1751 1916 1805 vita
1939 1791 1953 1815 ,
1986 1760 2039 1806 et
2069 1752 2118 1820 Β
2147 1754 2379 1810 rusalem
2407 1767 2460 1810 et
2487 1755 2618 1810 Sion
2643 1757 2862 1812 nomine
2885 1799 2897 1822 ,
2929 1757 3071 1827 quod
3103 1767 3391 1827 utrumque
3415 1773 3578 1814 unum
3606 1771 3694 1816 est
3713 1802 3731 1828 ,

453 1845 764 1900 misericors
789 1843 980 1913 judicii
1010 1859 1264 1898 amovere
1286 1847 1548 1897 terrorem
1569 1881 1583 1906 ,
1629 1842 1886 1895 Dominus
1927 1855 2048 1896 nos-

450 1942 533 1991 ter
557 1934 716 1990 Jesus
743 1934 1020 2002 Christus,
1051 1935 1143 2005 qui
1173 1945 1257 1991 est
1293 1934 1609 1990 benedictus
1633 1934 1686 1988 iu
1716 1935 1916 1990 saecula
1946 1947 2048 1989 sec-

453 2026 721 2082 culorum.
753 2030 947 2081 Amen.

966 2137 1283 2194 PSALMUS
1308 2132 1558 2194 CXLVII.

815 2255 1058 2320 Alleluia,
1110 2254 1286 2326 Aggtci
1327 2263 1372 2307 et
1399 2245 1688 2310 Zachariw.

517 2361 702 2429 Lauda
723 2363 1013 2425 Jerusalem
1037 2369 1334 2432 Dominum,
1357 2366 1513 2420 lauda
1538 2366 1702 2420 Deum
1728 2377 1870 2420 tuum
1893 2364 2047 2419 Sion:

447 2467 687 2538 quoniam
718 2462 1022 2534 confortavit
1059 2477 1198 2514 seras
1227 2471 1494 2524 portarum
1523 2469 1758 2524 tuarum,
1791 2458 2046 2512 benedixit

447 2560 574 2628 ﬁliis
600 2558 698 2611 tuis
718 2556 847 2629 (ilil.
881 2555 1016 2624 ﬁlios
1039 2551 1172 2622 tuos)
1194 2553 1246 2605 in
1269 2562 1333 2605 te.
1359 2552 1461 2618 Qui
1483 2552 1649 2622 posuit
1678 2552 1806 2619 ﬁnes
1829 2562 1940 2603 tuos
1961 2566 2044 2617 pa-

443 2666 586 2717 cem,
619 2649 785 2721 640
813 2656 858 2701 et
879 2648 1030 2715 adipe
1058 2644 1301 2715 frumenti
1329 2644 1483 2698 satiat
1514 2654 1578 2697 te.
1615 2644 1712 2708 Qui
1738 2644 1916 2697 emittit
1936 2642 2032 2696 elo

444 2744 621 2814 quium
650 2758 800 2796 suum
829 2751 1000 2805 terraz,
1034 2739 1271 2792 velociter
1294 2739 1454 2790 currit
1480 2754 1645 2791 sermo
1673 2741 1806 2809 ejus.
1835 2737 1935 2801 Qui
1955 2737 2044 2791 dat

444 2833 612 2888 nivem
625 2834 755 2887 sicut
771 2834 966 2894 lanam,
982 2831 1215 2883 nebulam
1231 2831 1362 2882 sicut
1377 2831 1593 2883 cinerem
1606 2832 1822 2900 spargit.
1844 2827 2043 2882 Emittit

447 2921 582 2996 (Hii.
604 2925 779 2991 mittit.)
796 2925 1098 2994 crystallum
1122 2938 1268 2975 suam
1285 2920 1413 2975 sicut
1441 2923 1605 2991 frusta
1622 2923 1753 2988 (Hd.
1770 2921 2040 2991 buccellas)

445 3016 631 3086 panis:
654 3026 770 3068 ante
785 3018 962 3085 facient
988 3016 1194 3087 [rigoris
1217 3017 1327 3082 ejus
1341 3017 1454 3084 quis
1475 3016 1704 3068 subsistit
1731 3014 1860 3084 (llil.
1881 3016 2006 3068 susti
2021 3046 2038 3054 ι

443 3105 644 3178 nebit)?
673 3103 881 3160 Emittet
913 3110 1117 3161 verbum
1147 3126 1316 3174 suum,
1350 3118 1395 3161 et
1450 3109 1740 3180 liquefaciet
1769 3126 1866 3174 ea;
1896 3111 2039 3179 ﬂavit
2065 3137 2112 3200 ρ
2146 3143 2231 3213 pl“

443 3202 658 3273 spiritus
688 3204 820 3272 ejus,
854 3212 900 3254 et
927 3202 1084 3268 [luent
1111 3216 1274 3268 aquas.
1305 3199 1656 3255 Pronuntians
1691 3201 1820 3272 (l‘lil.
1841 3202 1929 3270 qui
1947 3219 2040 3254 an—

443 3292 668 3364 nuntiat)
701 3295 903 3347 verbum
927 3310 1076 3346 suum
1101 3293 1263 3346 Jucob
1287 3335 1300 3358 ,
1344 3295 1604 3365 justitiam
1639 3295 1769 3366 (liii.
1794 3294 2040 3367 justitias)

447 3395 495 3439 et
540 3386 742 3456 judicia
768 3399 859 3437 sua
882 3381 1073 3436 Israel.
1103 3381 1223 3435 Non
1254 3383 1371 3453 fecit
1401 3382 1568 3436 taliter
1594 3385 1731 3436 omni
1755 3387 1966 3450 nationi,
1997 3394 2045 3438 et

439 3476 642 3548 judicia
667 3493 761 3530 sua
787 3493 890 3530 non
916 3475 1256 3546 manifestabit
1276 3476 1405 3546 (llil.
1450 3478 1814 3549 nianifestavit)
1844 3480 1932 3534 eis.

889 3589 1302 3646 TRACTATUS
1342 3589 1615 3646 PSALMI.

517 3686 568 3738 1.
598 3683 834 3753 Regnum
869 3681 966 3735 Dei
1009 3693 1258 3735 internum
1305 3683 1387 3734 ltic
1417 3684 1674 3750 psallitur.
1705 3711 1774 3724 -—-
1817 3685 1881 3738 Et
1913 3684 2037 3740 huic

445 3777 687 3847 psalmo,
720 3786 777 3828 ut
805 3775 855 3828 ei
895 3775 986 3842 qui
1033 3784 1159 3826 ante
1214 3775 1548 3841 superiorem
1597 3776 1728 3841 fuit,
1773 3777 1949 3848 Aggcei
1997 3787 2083 3858 et.

449 3866 722 3922 Zacltaria:
741 3908 756 3931 ,
785 3881 908 3919 cum
934 3865 985 3917 in
1028 3864 1292 3918 ltebraicis
1320 3880 1427 3917 non
1454 3876 1629 3918 exstet
1657 3905 1672 3931 ,
1728 3882 1922 3921 nomen
1952 3868 2046 3922 ad-

452 3961 739 4017 scribitur:
775 3969 834 4014 ut
882 3968 935 4013 et
967 3975 1061 4028 per
1085 3958 1226 4012 hunc
1255 3967 1309 4012 et
1337 3975 1429 4027 per
1471 3975 1595 4025 eos,
1630 3961 1770 4014 sicut
1799 3963 2044 4029 superius

446 4055 783 4111 ostendimus
803 4095 817 4118 ,
847 4063 1064 4108 internae
1101 4051 1401 4107 Jerusalem
1437 4052 1714 4122 prepltetia
1745 4062 1926 4123 posset
1957 4057 2043 4108 lno

451 4146 640 4216 telligi.

522 4241 579 4294 2.
613 4240 715 4295 Cur
737 4236 1022 4292 Jerusalem
1052 4248 1396 4308 nuncupatur.
1430 4266 1500 4276 —
1529 4237 1693 4292 Vens.
1725 4237 1811 4291 12.
1860 4237 2044 4292 Lauda

449 4332 741 4388 Jerusalem
769 4329 1046 4382 Dominum
1069 4369 1083 4390 ,
1131 4329 1290 4380 lauda
1318 4327 1483 4381 Deum
1532 4340 1671 4382 tuum
1723 4329 1872 4382 Sion.
1927 4328 2040 4383 Noli

453 4425 632 4481 dill'ert
677 4423 974 4477 Jerusalem
1021 4436 1048 4472 a
1083 4418 1248 4484 Sion;
1296 4431 1416 4472 nam
1465 4420 1759 4474 secundum
1801 4422 2040 4475 locorum

2151 1864 2258 1902 non
2292 1863 2415 1904 saxa
2449 1849 2716 1916 inanima,
2746 1863 2926 1920 neque
2955 1851 3336 1906 mdilicaliones
3361 1852 3581 1907 hebetes
3602 1896 3617 1920 ,
3650 1854 3750 1909 sed

2149 1942 2410 1997 rationale
2432 1943 2655 2008 animal,
2689 1940 3160 1998 fundamentorum
3209 1943 3560 2015 vivarumque
3607 1945 3752 2015 lapi-

2149 2033 2246 2090 des
2275 2049 2605 2104 gctnmarum
2628 2075 2643 2101 ,
2682 2045 2734 2089 et
2761 2035 2908 2090 cives
2956 2035 3260 2090 sanctitatis
3282 2078 3296 2102 ,
3341 2045 3394 2090 et
3424 2035 3520 2090 Dei
3547 2035 3600 2091 in
3644 2037 3750 2092 do-

2151 2127 2406 2182 mesticos
2433 2141 2560 2181 suos
2593 2124 2668 2198 (ὁ)
2694 2124 3003 2181 dominatus
3033 2126 3147 2181 haec
3170 2127 3359 2182 civitas
3389 2137 3506 2196 est,
3529 2144 3649 2198 qua:
3678 2145 3749 2185 ex

2150 2232 2311 2274 sensu
2338 2217 2690 2274 beatitudinis
2733 2231 2846 2274 sum
2878 2230 2937 2287 et
2975 2216 3318 2275 confessione
3364 2219 3619 2290 praeconii
3646 2220 3748 2276 ad-

2147 2320 2372 2366 vocatur
2400 2311 2466 2365 ad
2498 2307 2734 2365 laudem.

2215 2399 2379 2474 641
2411 2403 2463 2458 5.
2506 2401 2635 2456 Vita:
2672 2411 2876 2459 ceteraet:
2903 2403 3124 2475 felicitas
3174 2413 3221 2459 et
3246 2399 3513 2458 securitas.
3563 2433 3636 2446 —
3674 2403 3743 2462 Et

2147 2501 2404 2564 preptteta
2439 2507 2657 2550 causam
2678 2489 3002 2551 laudationis
3021 2498 3239 2567 adjecit,
3261 2495 3431 2553 Vnus.
3462 2495 3527 2552 l3
3550 2507 3603 2554 et
3630 2497 3734 2554 M:

2149 2587 2408 2651 Quoniam
2438 2590 2742 2659 conforta'm't
2804 2603 2944 2642 seras
2983 2595 3247 2659 portarum
3289 2598 3527 2654 tuarum,
3585 2587 3741 2643 bene-

2148 2679 2279 2732 dixit
2313 2676 2384 2750 (c)
2412 2679 2548 2748 ﬁlios
2579 2685 2695 2732 tuos
2717 2681 2768 2733 in
2801 2689 2868 2734 te.
2905 2677 3005 2747 Qui
3035 2681 3202 2749 posuit
3233 2680 3362 2749 fines
3395 2691 3510 2734 tuos
3541 2697 3741 2752 pacem,

2147 2783 2195 2826 et
2225 2773 2377 2844 adipe
2415 2775 2658 2841 frumenti
2681 2774 2834 2827 satiat
2861 2783 2924 2826 te.
2960 2771 3084 2828 Hil’c
3127 2782 3208 2828 cst
3239 2770 3326 2826 illa
3361 2775 3531 2829 beata:
3583 2785 3744 2829 terra:

2145 2863 2433 2921 haereditas
2459 2907 2472 2932 ,
2502 2881 2659 2936 quam
2714 2865 2969 2920 Dominus
3023 2865 3074 2918 in
3129 2863 3419 2937 Evangelio
3449 2866 3744 2920 mansuetis

2144 2956 2460 3026 spopondit,
2497 2957 2711 3012 dicens:
2755 2955 2900 3010 Beati
2921 2959 3171 3012 mansueti
3196 3001 3210 3023 ,
3241 2957 3484 3027 quoniam
3504 2959 3601 3027 ipsi
3631 2959 3744 3012 ἠω-

2141 3051 2430 3103 reditabunt
2455 3059 2642 3104 terram
2668 3047 2883 3120 (Matth.
2912 3063 2967 3116 ν,
2996 3048 3074 3119 4).
3101 3049 3350 3104 Plurimis
3378 3049 3430 3103 in
3459 3051 3592 3105 locis
3619 3063 3748 3120 pro-

2235 3152 2320 3196 :tae
2348 3139 2697 3196 beatitudinis
2741 3141 2898 3211 hujus
2925 3149 3139 3212 tempus
3184 3135 3654 3211 praedicaverunt,
3687 3151 3747 3198 et

2144 3233 2447 3287 firmitatem
2477 3229 2709 3288 civitatis
2742 3232 2896 3302 hujus
2923 3242 3172 3288 mternm:
3215 3231 3366 3301 Cujus
3393 3231 3463 3287 ita
3498 3243 3667 3302 porta:
3691 3239 3748 3288 et
3840 3257 3850 3263 -

2144 3340 2277 3381 sera:
2302 3325 2632 3380 confirmata:
2663 3336 2788 3381 sunt
2807 3370 2822 3394 ,
2855 3334 2914 3380 ut
2941 3323 3267 3380 adversariis
3297 3327 3453 3379 nobis
3486 3321 3749 3380 inimiris-

2144 3432 2249 3487 que
2277 3418 2568 3472 virtutibus
2613 3415 3072 3487 impenetrabilis,
3105 3414 3244 3471 invia
3265 3458 3278 3481 ,
3329 3415 3748 3473 indissolubilis-

2143 3525 2246 3580 quc
2276 3520 2580 3580 perseveret
2608 3528 2622 3575 ;
2653 3509 2853 3564 nullius
2875 3523 3037 3578 egens
3069 3509 3134 3564 ad
3163 3509 3406 3579 corporis
3435 3503 3750 3576 animaeque

2144 3601 2500 3658 substantiam
2523 3646 2536 3668 ,
2563 3603 2863 3657 artemitate
2891 3601 3044 3656 ﬁrma
3072 3645 3085 3667 ,
3109 3593 3393 3657 benedicta
3426 3600 3480 3656 in
3510 3598 3705 3656 incolis
3730 3643 3747 3669 ,

2147 3694 2423 3747 voluntate
2449 3689 2668 3761 pacifica
2691 3735 2702 3750 .
2735 3691 2858 3745 vita:
2890 3691 3189 3746 substantia
3214 3687 3456 3759 copiosa.

2217 3787 2268 3838 4.
2308 3783 2459 3838 Verbi
2487 3781 2584 3836 Dei
2607 3784 2846 3836 velocitas
2877 3783 2946 3834 ad
2999 3781 3395 3837 construendum
3439 3780 3536 3836 Dei
3561 3781 3746 3836 civita-

2145 3883 2262 3927 tem.
2288 3903 2359 3913 —
2383 3873 2489 3928 Sed
2518 3874 2581 3927 ad
2607 3875 2747 3928 hanc
2777 3872 2872 3928 Dei
2918 3872 3356 3943 praedicationem
3407 3871 3564 3927 etiam
3608 3873 3746 3930 illud

2145 3965 2450 4040 adjungitur
2478 4006 2492 4031 ,
2527 3963 2692 4019 Vsus.
2752 3965 2847 4019 15:
2909 3964 3012 4032 Qui
3066 3965 3249 4018 emittit
3294 3964 3551 4034 eloquium
3596 3979 3747 4019 suum

2147 4066 2296 4110 terrm
2321 4072 2336 4120 ;
2365 4057 2603 4110 velociter
2652 4058 2812 4110 currit
2843 4072 3012 4110 sermo
3043 4060 3174 4130 ejus.
3223 4055 3634 4113 Pru-‘dlcationis
3656 4071 3749 4114 re-

2145 4148 2235 4218 gni
2269 4146 2361 4202 Ilci
2388 4161 2496 4202 non
2547 4147 2649 4201 fuit
2701 4150 2842 4202 lenta
2888 4148 3234 4217 properatin;
3286 4147 3380 4203 sed
3427 4145 3482 4202 in
3529 4162 3745 4205 omnem

2148 4250 2343 4295 terram
2401 4239 2666 4294 indefessa
2719 4237 3022 4295 mobilitate
3077 4249 3132 4295 ct
3181 4239 3349 4296 celeri
3402 4241 3743 4296 transcurrit.

2146 4333 2249 4388 Ubi
2271 4335 2416 4388 cnim
2447 4343 2551 4387 non
2593 4335 2810 4399 statim,
2862 4347 2984 4388 cum
3036 4331 3297 4389 Dominus
3339 4332 3424 4406 (Δ)
3461 4333 3613 4404 regni
3659 4332 3747 4388 sui

2146 4426 2368 4496 gloriam
2419 4426 2474 4480 in
2534 4439 2761 4494 corpore
2811 4435 2968 4480 natus
3004 4425 3272 4492 Ostendit,
3319 4425 3634 4494 apostolicae
3689 4434 3749 4482 et

451 4518 672 4573 nomina
703 4514 848 4568 urbis
873 4514 1047 4582 ipsius
1097 4511 1248 4564 locus
1279 4510 1418 4564 idem
1466 4522 1580 4564 est:
1636 4511 1729 4566 sed
1767 4513 2040 4566 nominum
2066 4511 2119 4572 D
2147 4517 2470 4586 preplteticae
2513 4515 2770 4571 doctrinae
2803 4530 2992 4572 cursus
3025 4527 3278 4585 egressus
3299 4517 3421 4572 est?
3452 4517 3556 4573 Per
3605 4517 3749 4574 hanc

448 4608 824 4681 interpretatio
853 4609 1123 4674 getuinam
1169 4604 1310 4656 hanc
1338 4603 1582 4671 ejusdem
1625 4605 1771 4659 urbis
1803 4621 2046 4662 comme-

450 4705 806 4758 morationetn
837 4698 1144 4752 necessario
1168 4695 1529 4749 desiderabat.
1577 4693 1875 4750 Jerusalem
1897 4698 2042 4751 enim

453 4803 538 4850 est
573 4796 763 4849 civitas
815 4793 979 4860 pacis.
1033 4789 1099 4844 Et
1133 4789 1254 4859 quia
1289 4787 1500 4841 Domini
1527 4788 1697 4841 nostri
1734 4801 1958 4856 regnum
1988 4789 2042 4841 in

449 4901 584 4955 pace
611 4898 665 4940 et
694 4886 1042 4940 unanimitate
1089 4892 1398 4935 sanctorum
1447 4889 1560 4944 est;
1621 4889 1675 4934 et
1715 4880 1888 4935 lactus
1928 4892 2040 4946 est,

454 4978 663 5046 inquit,
698 4979 750 5031 in
776 4992 908 5047 pace
939 4979 1087 5030 locus
1119 4976 1234 5045 ejus
1268 4973 1438 5045 (Psal.
1483 4989 1624 5028 Lxxv
1644 5016 1657 5039 ,
1685 4975 1773 5044 5):
1805 4989 2043 5031 conven-

453 5079 542 5125 tus
575 5070 662 5122 ille
691 5071 964 5124 beatorum
994 5111 1007 5136 ,
1040 5069 1128 5138 qui
1173 5068 1267 5121 Dei
1301 5067 1364 5137 (ι’.
1398 5067 1629 5138 Domini)
1679 5083 1901 5136 regnum
1933 5077 2047 5135 cst,

453 5161 753 5218 Jerusalem
797 5171 1064 5232 tamquam
1095 5159 1285 5215 civitas
1311 5158 1458 5231 pacis
1496 5171 1578 5215 est
1616 5160 1811 5215 dictus.
1842 5159 2046 5217 Civita-

521 5344 602 5418 (a)
634 5344 699 5418 In
719 5359 817 5413 quo
841 5345 1088 5418 nimirum
1111 5384 1125 5408 ,
1157 5352 1213 5396 ut
1251 5343 1536 5418 exponitur
1581 5341 1636 5395 in
1682 5342 1800 5418 psal
1847 5358 2032 5409 cxxrv,

449 5433 506 5472 η.
535 5416 602 5475 ιε
638 5417 746 5486 Ipsi
768 5416 1103 5482 nosmetipsos
1129 5426 1218 5486 per
1239 5416 1635 5480 assumptionem
1661 5416 1827 5466 carnis
1849 5424 2036 5467 nostra?

447 5491 772 5557 corporisque
794 5489 1135 5552 speculamur.
1168 5485 1229 5536 In
1254 5501 1312 5536 eo
1351 5488 1483 5535 enim
1504 5501 1679 5536 simius
1702 5488 2031 5557 resurrectio-

445 5575 561 5612 nem
583 5556 809 5612 nostram
835 5560 1200 5611 resurrectione
1219 5557 1379 5626 nostri
1400 5558 1454 5606 in
1479 5572 1537 5607 eo
1559 5556 1788 5626 corporis
1809 5567 2033 5610 contem-

448 5629 675 5698 plantes:
702 5630 980 5699 speculatio
1001 5637 1077 5681 est
1100 5631 1235 5680 enim
1277 5625 1405 5680 Sion
1437 5641 1600 5680 mons.

515 5722 589 5792 (ὁ)
619 5723 690 5777 ita
724 5739 824 5777 ms.
857 5723 998 5778 Editi
1025 5735 1182 5788 vero,
1227 5717 1475 5787 deputans
1496 5758 1511 5785 ,
1555 5719 1674 5773 loco
1705 5718 2023 5773 dominatus.

2147 4627 2376 4680 namque
2423 4609 2663 4666 velocem
2733 4610 3186 4665 transcursionem
3241 4609 3528 4664 mdilicatio
3571 4608 3749 4666 beata

2149 4703 2308 4773 hujus
2353 4701 2585 4756 civitatis
2634 4710 2716 4756 est
2771 4712 2981 4770 coepta,
3015 4719 3168 4771 ante,
3215 4703 3411 4758 auditis
3453 4705 3748 4772 opulentia:

2147 4810 2260 4851 sua:
2287 4796 2487 4865 copiis,
2513 4794 2756 4864 quotidie
2783 4794 2976 4864 ubique
3026 4795 3163 4848 vitis
3189 4795 3429 4850 fidelium
3477 4795 3745 4865 lapidibus

2150 4897 2351 4944 structa
2374 4929 2386 4951 ,
2421 4901 2590 4956 usque
2639 4886 2703 4940 ad
2737 4886 3001 4940 incolatus
3046 4887 3130 4940 sui
3171 4887 3558 4955 plenitudinem
3589 4901 3744 4941 corno

2151 4988 2397 5051 paratur,
2427 4977 2581 5046 cujus
2601 4977 2654 5031 in
2686 4977 3076 5047 Congregandis
3119 4978 3376 5031 erunibus
3401 4991 3468 5033 ex
3509 4983 3748 5049 quatuor

2151 5071 2388 5142 partibus
2416 5070 2597 5123 mundi
2631 5069 2788 5122 velox
2819 5083 2998 5122 sermo
3029 5069 3095 5138 (ε)
3121 5070 3502 5136 prtccucurrit,
3528 5085 3747 5124 rursum

2153 5164 2218 5219 ad
2247 5156 2795 5232 conl’requentaudain
2829 5160 2970 5215 hanc
3013 5160 3156 5215 beati
3199 5161 3353 5231 regni
3384 5161 3657 5217 civitatem
3687 5162 3745 5216 in

2169 5415 2180 5425 _
2218 5343 2287 5414 (c)
2316 5342 2410 5396 Ms.
2447 5340 2583 5410 ﬁlios
2632 5321 2744 5394 tuos
2771 5339 2824 5393 in
2853 5355 3064 5412 pacem,
3107 5350 3159 5393 et
3187 5340 3343 5410 adipe
3385 5340 3630 5412 frumenti
3657 5357 3748 5396 sa-

2142 5423 2520 5556 mzltirgcerat
2558 5483 2609 5536 in
2642 5484 2866 5552 vulgatis
2895 5483 3036 5553 regni
3083 5484 3181 5536 sui.
3209 5482 3502 5552 Suppleur
3523 5495 3591 5536 ex
3633 5497 3744 5538 ηις,

2219 5576 2291 5645 (e)
2321 5574 2410 5630 Sic
2439 5589 2542 5627 ms.
2580 5577 2646 5627 At
2669 5573 2799 5645 Par.
2816 5575 3091 5642 percurrit.
3125 5574 3262 5628 Alite
3293 5585 3426 5630 vero
3444 5573 3741 5640 edititmes,

2139 5644 2476 5718 percurreret.
2528 5645 2740 5718 Aliquid
2773 5644 2970 5718 deinde
2993 5646 3293 5718 desiderari
3340 5647 3512 5714 prima
3555 5645 3744 5700 fronte

2137 5714 2258 5787 quis
2288 5714 2594 5772 crediderit.
2627 5714 2696 5769 At
2718 5717 2952 5784 perlecta
2975 5726 3038 5785 et
3053 5716 3299 5772 absoluta
3328 5719 3735 5783 maculantia,
