4134 6184
334 312 441 370 877

328 431 529 481 cretum
560 430 946 501 consummata)
984 421 1334 492 plenitudinis
1364 422 1775 495 congregandis.

405 516 458 569 5.
491 513 559 569 In
582 516 663 568 uia
687 516 802 569 vita:
827 515 994 586 gravis
1019 514 1162 568 labor
1185 558 1199 582 ,
1228 514 1317 569 sed
1342 516 1692 569 transitorius.
1717 542 1789 556 —
1816 512 1920 570 Sed

330 617 387 665 et
412 607 722 678 prtedicalio
747 608 849 661 alia
874 608 1238 675 connectitur,
1274 606 1441 663 Vens.
1477 606 1677 662 1:548:
1714 606 1814 674 Qui
1838 607 1926 661 dat

332 700 496 753 nivem
525 701 655 752 sicut
701 699 872 753 lanam
902 740 917 766 ,
973 698 1210 753 nebulam
1243 701 1374 781 sicut
1433 698 1653 753 cinerem
1710 700 1923 770 spargit.

334 791 500 845 Mittit
521 791 823 862 crystallum
876 808 1020 846 suam
1052 791 1128 863 (a)
1179 792 1312 846 sicut
1363 790 1646 859 buccellas,
1692 801 1809 845 ante
1846 790 1928 860 fa-

332 884 465 937 ciem
510 884 721 955 frigoris
766 886 880 956 ejus
940 885 1053 954 quis
1099 883 1410 938 sustinebit?
1460 882 1667 938 Eutittet
1723 884 1930 938 verbum

341 989 512 1039 sutum,
543 984 595 1029 et
620 975 913 1046 liquefaciet
934 991 1033 1039 ea;
1062 976 1207 1046 ﬂabit
1233 976 1446 1046 spiritus
1507 977 1619 1045 ejus
1642 1018 1657 1041 ,
1703 984 1747 1030 et
1772 976 1931 1046 ﬂuent

338 1080 503 1139 aqua.
541 1065 674 1121 Vitas
701 1065 809 1133 via,
840 1067 980 1121 sicut
1012 1068 1269 1122 Dominus
1298 1067 1350 1121 in
1382 1064 1684 1137 Evangeliis
1705 1067 1808 1132 ait,
1837 1082 1932 1121 an-

338 1170 493 1232 gusta
523 1171 578 1216 et
605 1162 853 1215 tribulata
899 1169 981 1213 est
1029 1160 1242 1230 (Matth.
1298 1176 1392 1225 vn,
1437 1160 1563 1229 Li);
1609 1174 1781 1230 neque
1831 1157 1934 1213 nisi

339 1266 439 1324 per
470 1252 730 1307 maximas
776 1250 1122 1307 difﬁcultates
1149 1260 1203 1306 et
1250 1250 1525 1306 molestias
1554 1253 1654 1303 hac
1681 1250 1745 1305 ad
1774 1250 1935 1305 coelo-

341 1362 465 1406 rum
496 1360 715 1419 regnum
749 1348 832 1401 via
862 1348 1116 1417 pergitur.
1145 1346 1298 1415 Quod
1329 1345 1545 1417 quidem
1573 1344 1640 1424 de
1680 1344 1937 1400 molestiis

345 1440 509 1512 hujus
539 1439 722 1494 saeculi
744 1439 941 1493 dictum
975 1439 1134 1492 fuisse
1161 1436 1386 1507 intelligi
1413 1444 1657 1507 oportet;
1686 1451 1780 1505 per
1801 1449 1939 1505 prte-

343 1542 524 1588 sentes
549 1531 689 1585 enim
720 1532 1035 1585 vexationes
1080 1529 1133 1583 in
1167 1528 1405 1599 requiem
1434 1534 1691 1582 aeternam
1739 1525 1934 1581 aditur.

345 1624 412 1679 Et
439 1624 684 1695 quamvis
711 1633 890 1678 rerum
918 1619 1264 1691 prtesentiutn
1311 1618 1608 1685 laboribus,
1638 1618 1786 1688 quasi
1810 1632 1941 1687 qua-

346 1718 468 1772 dam
497 1716 753 1772 violentia
800 1717 1113 1786 asperrima:
1158 1714 1388 1777 hiemis,
1448 1726 1699 1776 uramur;
1758 1721 1939 1766 tamen

1407 304 1822 365 TRACTA'I'US
1853 306 1918 362 IN
1945 306 2206 366 CXLVIII
2244 307 2586 371 PSALMUM.

3518 319 3621 377 878

1949 424 1999 485 Α
2029 438 2184 495 quam
2213 420 2341 481 ﬂatu
2365 424 2589 495 tepenti,
2610 432 2719 480 tum
2744 438 2863 480 cum
2886 434 3009 496 post
3034 424 3133 481 hos
3155 427 3430 484 stecularis
3453 433 3623 488 noctis

2029 520 2236 591 rigores
2259 562 2274 586 ,
2308 530 2545 591 tempora
2574 519 2661 575 illa
2688 524 2838 591 regni
2863 522 3051 576 teterni
3077 522 3127 576 in
3156 536 3316 577 uitam
3345 532 3507 594 atque
3537 525 3623 580 in-

2029 612 2411 669 demutabilem
2434 613 2872 683 tranquillitatem
2902 614 2995 668 Dei
3027 615 3249 684 spiritus
3278 610 3618 687 temperabit.

2105 704 2159 761 7.
2191 704 2293 771 Qui
2319 722 2465 761 verus
2492 703 2690 760 Iacob:
2720 706 2833 775 ejus
2864 706 3231 778 prtemgatiute.
3262 736 3335 747 —
3360 709 3534 777 Atque
3563 716 3623 762 ut

2032 798 2134 853 sub
2162 798 2300 853 nivis
2337 806 2394 854 et
2421 797 2633 853 nebulae
2674 805 2724 852 et
2742 796 2982 865 crystalli
3032 796 3229 868 frigore
3250 841 3264 865 ,
3298 798 3625 856 intolerabili

2033 889 2081 943 si
2109 896 2385 957 maneret,
2433 888 2527 944 Dei
2558 899 2735 944 tamen
2768 886 2958 957 spiritu
3006 890 3077 942 in‘
3113 888 3404 959 deliquium
3452 890 3659 948 resol-'

2035 980 2211 1035 vendo
2235 1022 2249 1047 ,
2281 979 2613 1052 signiﬁcasse
2644 978 2787 1035 illam
2802 978 2995 1035 :eterni
3021 979 3169 1050 regni
3198 987 3404 1037 teterno
3428 983 3627 1052 populo

2038 1073 2248 1129 beatam
2278 1071 2589 1143 temperiem
2638 1085 3017 1135 nosceremus;
3066 1069 3326 1140 psalmum
3361 1072 3627 1142 Propheta

2038 1166 2127 1220 tali
2146 1165 2486 1221 Confessione
2508 1164 2790 1219 conclusit:
2815 1166 2942 1217 Ante
2959 1163 3144 1234 [aciem
3162 1165 3371 1233 frigoris
3393 1166 3503 1237 ejus
3518 1166 3629 1235 quis

2037 1258 2299 1311 sustinebit
2322 1259 2346 1311 ?
2371 1257 2577 1311 Emittet
2596 1258 2798 1311 verbum
2822 1272 2992 1322 suum,
3015 1266 3059 1309 et
3086 1256 3372 1325 liquefaciet
3400 1270 3494 1321 ea;
3531 1258 3631 1327 fla-

2040 1351 2109 1403 bit
2133 1350 2343 1420 spiritus
2374 1353 2485 1421 ejus
2507 1391 2521 1415 ,
2544 1359 2590 1403 et
2618 1346 2778 1420 ﬂuent
2819 1364 2983 1415 aquae.
3025 1344 3189 1403 Vens.
3224 1346 3288 1403 l9
3318 1356 3372 1403 et
3394 1349 3482 1402 20.
3534 1348 3633 1413 Qui

2040 1442 2310 1494 annuntiat
2340 1442 2543 1495 verbum
2574 1456 2727 1493 suum
2756 1438 2920 1492 Iacob
2942 1482 2955 1505 ,
2978 1438 3213 1511 justitias
3240 1448 3285 1493 et
3315 1439 3511 1506 iudicia
3540 1454 3634 1492 sua

2044 1531 2231 1587 Israel.
2287 1531 2409 1587 Non
2438 1532 2555 1601 fecit
2583 1533 2751 1588 taliter
2780 1532 2919 1587 omni
2970 1534 3202 1599 nationi,
3233 1541 3281 1587 et
3300 1533 3506 1605 judicia
3530 1549 3626 1587 sua

2043 1638 2143 1677 non
2167 1624 2512 1695 manifestarit
2544 1626 2633 1680 eis.
2661 1622 2951 1680 Peculiaris
2976 1623 3092 1679 hmo
3119 1620 3174 1679 in
3200 1624 3366 1679 Jacob
3388 1634 3443 1679 et
3473 1622 3638 1680 Israel

2049 1713 2148 1770 Dei
2174 1713 2424 1769 voluntas
2462 1723 2577 1770 est:
2612 1731 2717 1770 non
2750 1713 2805 1769 in
2845 1730 2967 1769 eum
3002 1715 3163 1769 Israel
3197 1731 3369 1785 neque
3407 1714 3465 1770 in
3514 1730 3637 1771 eum

348 1821 469 1882 post
518 1810 707 1865 harum
738 1809 1087 1880 przeseutinm
1139 1805 1492 1862 accrbitatum
1544 1804 1781 1875 rigores,
1831 1802 1944 1858 Deo
1973 1810 2021 1871 Β
2049 1806 2252 1873 Jacob,
2280 1811 2369 1879 qui
2416 1807 2519 1863 hoc
2550 1807 2795 1878 corporis
2832 1822 3030 1862 nomen
3075 1806 3148 1862 'ad
3196 1808 3445 1863 solatium
3476 1808 3641 1864 veluti

349 1903 795 1966 eosresolvenlc,
840 1902 890 1955 in
941 1899 1166 1971 placidis
1194 1907 1247 1954 et
1293 1895 1594 1967 tranquillis
1644 1907 1698 1952 et
1742 1896 1948 1951 serenis

352 1997 714 2066 quiescemus.
766 1994 1071 2051 Secundum
1117 1993 1258 2047 enim
1330 1989 1530 2045 dicttun
1571 1988 1945 2059 propheticum

352 2086 432 2158 (b)
484 2095 536 2141 ct
578 2085 964 2155 allegorumeni
996 2081 1465 2149 consuetudinem,
1499 2094 1639 2135 nunc
1668 2082 1720 2135 in
1746 2081 1868 2135 nive
1897 2088 1951 2134 et

354 2176 547 2233 nebula
589 2187 644 2231 et
689 2177 961 2248 crystallo,
991 2193 1110 2247 qua:
1142 2173 1319 2230 omnia
1350 2188 1447 2246 per
1502 2186 1745 2229 naturam
1798 2186 1949 2228 suam

362 2278 533 2323 urunt
559 2277 718 2339 atque
740 2268 1082 2333 tnortiilcant,
1118 2267 1451 2321 srccnlarium
1480 2264 1532 2319 in
1553 2280 1652 2319 nos
1670 2264 1952 2323 molestia-

359 2376 480 2417 rum
506 2371 560 2415 et
589 2360 952 2415 calamitatum
982 2368 1036 2414 et
1060 2360 1306 2414 dolorum
1340 2368 1665 2412 nocturnum
1687 2354 1855 2425 frigus
1883 2356 1958 2408 si-

365 2454 672 2526 gniﬁcatum
705 2469 825 2509 esse
866 2452 1192 2508 credendum
1222 2459 1324 2507 est.
1372 2449 1485 2506 Scit
1528 2449 1613 2503 hic
1656 2446 1795 2503 idem
1826 2461 1953 2519 pro-

363 2546 524 2617 pheta
552 2542 715 2616 642
741 2543 910 2597 beata:
949 2542 1107 2612 hujus
1134 2540 1361 2596 civitatis
1398 2538 1711 2609 participem
1753 2552 1957 2607 nequa-

366 2652 528 2712 quam
551 2639 660 2709 jam
694 2637 893 2707 frigore
925 2637 1027 2690 isto
1076 2633 1284 2705 injuria:
1328 2631 1599 2687 saecularis
1649 2629 1908 2685 urendum
1940 2671 1956 2696 ,

337 2726 587 2790 'dicens:
618 2730 721 2785 Per
740 2713 892 2785 'diem
938 2729 1017 2785 sol
1043 2745 1145 2783 non
1186 2739 1298 2782 uret
1347 2737 1432 2787 te.
1494 2741 1651 2796 neque
1699 2726 1823 2779 tuna
1873 2738 1963 2794 per

369 2836 567 2881 noctem
595 2822 713 2895 (Ps.
739 2838 843 2879 cxx
867 2866 879 2888 ,
909 2822 991 2893 6).
1025 2820 1151 2876 Hmc
1192 2818 1335 2874 enim
1361 2816 1572 2882 omnia,
1623 2816 1817 2888 quibus
1867 2829 1965 2886 per

366 2928 667 2990 prtescntes
692 2915 1027 2972 calamitates
1055 2913 1333 2969 adurimnr
1353 2953 1369 2978 ,
1419 2926 1635 2966 rursum
1671 2909 1767 2965 Dei
1810 2908 1966 2964 boni-

378 3016 490 3065 tate
521 3009 593 3083 (ε)
621 3011 855 3065 resoluta
886 3007 1179 3078 liquuntur.
1212 3005 1310 3061 Nix
1354 3018 1585 3073 namque
1627 3004 1764 3056 laute
1793 3000 1969 3055 molli-

380 3101 566 3156 tudine
609 3100 884 3164 defluens,
937 3110 1124 3169 tegens
1181 3096 1357 3151 omnia
1412 3095 1551 3149 intra
1611 3109 1668 3148 se
1724 3091 1965 3146 detinet:

2050 1912 2327 1970 generosa:
2348 1899 2402 1957 in
2424 1915 2484 1957 se
2504 1898 2689 1971 stirpis
2712 1899 3083 1981 amplecﬁtur;
3105 1900 3199 1957 sed
3228 1898 3285 1956 in
3308 1916 3431 1956 eum
3451 1900 3639 1967 Jacob,

2051 1991 2145 2063 qui
2174 1991 2537 2064 supplantavit
2570 1993 2804 2063 priorem
2828 2036 2841 2058 ,
2876 1996 2965 2064 qui
2991 1993 3343 2066 primogenita
3366 2010 3462 2066 spe
3489 2006 3648 2053 teter-

2051 2082 2233 2138 nitatis
2264 2083 2429 2151 emit,
2472 2082 2559 2141 cui
2604 2082 2765 2141 Israel
2794 2087 2862 2140 de
2909 2084 3017 2140 Deo
3064 2085 3295 2140 videndo
3340 2100 3645 2156 cognomen

2054 2183 2133 2230 est
2152 2218 2166 2241 ,
2195 2178 2283 2246 qui
2314 2176 2429 2244 ipse
2457 2174 2754 2231 Jerusalem
2781 2181 2837 2230 et
2864 2173 3010 2245 pacis
3039 2185 3122 2231 est
3150 2177 3372 2242 civitas,
3397 2179 3489 2247 qui
3520 2179 3646 2233 ardi-

2056 2268 2245 2323 llcatus
2271 2280 2431 2337 supra
2455 2276 2659 2337 petram
2690 2264 2847 2332 ﬁdei,
2878 2265 3209 2321 confirmatis
3255 2275 3647 2336 portarumse-

2055 2358 2133 2415 ris
2153 2401 2168 2425 ,
2216 2357 2470 2414 fortiores
2497 2366 2773 2429 portarum
2808 2364 2991 2427 portas
3034 2354 3196 2411 inferi
3226 2355 3525 2425 obtinebit,
3556 2358 3651 2429 qui

2060 2453 2112 2507 in
2135 2451 2299 2507 verbo
2330 2449 2422 2506 Dei
2452 2458 2837 2520 congregatur,
2870 2448 2957 2518 qui
3010 2465 3117 2502 non
3148 2444 3333 2518 inopia
3358 2456 3512 2518 eget,
3542 2462 3652 2503 non

2060 2540 2337 2598 saecularis
2394 2541 2588 2612 rigoris
2636 2538 2835 2611 frigore
2882 2540 3170 2594 adoretur:
3212 2537 3309 2593 sed
3356 2536 3657 2608 liquefactis
3746 2564 3757 2571 -

2062 2636 2348 2704 omnibus,
2379 2632 2542 2712 65.3
2569 2644 2624 2689 et
2652 2633 2743 2687 Dei
2794 2631 2983 2701 spiritu
3013 2630 3270 2685 absolutis
3292 2670 3306 2695 ,
3347 2627 3422 2701 (e)
3442 2636 3655 2699 tempe-

2063 2726 2145 2783 rie
2175 2736 2392 2782 reterns:
2421 2724 2726 2780 serenitatis
2750 2730 2951 2777 utetur.
2986 2720 3117 2775 Huic
3143 2720 3523 2788 pronuntiatur
3549 2718 3655 2775 hoc

2067 2818 2439 2884 verbum,hic
2487 2831 2581 2886 per
2618 2814 2916 2887 spiritalem
2965 2813 3371 2883 intelligentiam
3423 2811 3518 2867 has
3562 2810 3659 2868 Dei

2067 2910 2306 2984 justitlas
2359 2919 2414 2967 et
2458 2908 2660 2980 judicia
2703 2917 2999 2978 exspectat.
3048 2905 3284 2963 Consors
3328 2906 3455 2961 boni
3505 2907 3661 2977 huius
3730 2922 3734 2927 ·

2073 3004 2217 3059 nulla
2243 3017 2375 3070 gens
2404 3000 2505 3055 alia
2530 3008 2644 3061 est,
2678 3014 2851 3069 neque
2895 2999 3033 3053 hanc
3054 2998 3239 3067 judicii
3271 2997 3496 3068 gloriam
3528 2997 3657 3052 inﬂ-

2074 3093 2266 3149 delitas
2297 3090 2597 3159 irreligiosa
2619 3090 2916 3160 cognoscit.
2951 3086 3017 3143 In
3047 3104 3143 3142 sua
3161 3089 3296 3143 enim
3322 3089 3478 3154 venit,
3508 3098 3559 3144 et
3580 3090 3663 3143 sui

378 3197 572 3267 pruina
594 3206 803 3265 quoque
832 3192 911 3264 (ά)
938 3190 1149 3246 nebula:
1179 3186 1558 3245 descendentis
1586 3185 1784 3241 cineris
1808 3182 1969 3239 modo
1995 3174 2041 3240 C
2074 3192 2188 3232 eum
2209 3191 2309 3231 non
2336 3183 2654 3244 receperunt.
2683 3173 2942 3243 Quotquot
2972 3186 3144 3227 autem
3172 3182 3492 3242 receperunt,
3521 3173 3666 3227 dedit

385 3302 573 3358 sparsa
602 3284 953 3355 constringit:
1003 3280 1313 3355 crystallum
1367 3277 1529 3335 etiam
1573 3277 1709 3332 ultra
1737 3291 1971 3332 consue-

385 3378 625 3435 tudinem
669 3376 944 3449 graudiuis
974 3377 1222 3430 duratum
1242 3415 1256 3438 ,
1287 3378 1342 3427 et
1361 3371 1414 3426 in
1446 3372 1614 3425 frusta
1645 3368 1968 3435 solidatam,

386 3473 550 3529 habet
578 3473 635 3527 in
662 3486 721 3527 se
742 3479 797 3528 et
828 3471 1083 3541 impetum
1111 3477 1165 3523 et
1192 3466 1443 3537 rigorem.
1480 3463 1549 3519 Et
1570 3463 1617 3519 si
1648 3462 1762 3518 haec
1794 3475 1978 3533 perpe-

387 3574 481 3620 tuo
508 3570 923 3635 permanerent,
955 3558 1213 3629 numquid
1238 3572 1341 3613 non
1371 3556 1618 3612 universa
1670 3554 1862 3610 horum
1886 3554 1979 3609 fri-

382 3668 513 3728 gore
530 3664 747 3725 perusta
768 3668 984 3725 semper
1005 3650 1242 3707 arereot‘l
1266 3648 1399 3717 Quis
1421 3648 1564 3705 enim
1589 3647 1729 3705 ferre
1752 3655 1980 3702 aeternas

385 3748 633 3817 corporis
661 3746 996 3802 calamitates
1026 3743 1501 3812 indeiicieutesque
1550 3749 1734 3811 posset
1759 3782 1774 3805 ,
1803 3738 1850 3793 si
1892 3753 1981 3793 se-

385 3840 498 3898 ries
526 3839 658 3894 mali
688 3838 861 3894 nostri
886 3830 1587 3907 sempiterna‘traheretnr?

460 3928 516 3987 6.
552 3929 795 3985 Felicitas
823 3937 1029 3985 attenta.
1081 3954 1154 3968 -—
1193 3925 1299 3982 Sed
1343 3923 1619 3980 dissolutis
1667 3920 1991 3977 infirmitati-

390 4026 493 4081 bus
522 4020 797 4093 corporis,
829 4022 977 4092 regni
998 4020 1141 4076 beati
1166 4018 1322 4086 hujus
1350 4026 1561 4085 tempus
1599 4023 1860 4069 aeternum
1884 4022 1988 4079 est,

394 4112 489 4170 ubi
512 4126 620 4168 non
643 4107 902 4177 ﬂendum,
928 4125 1036 4165 non
1067 4108 1377 4172 dolendum,
1396 4120 1503 4161 non
1536 4118 1815 4175 corporeae
1846 4102 1990 4170 cupi-

396 4204 581 4262 ditatis
605 4204 972 4260 demutatione
998 4200 1286 4255 labentium
1332 4203 1444 4252 est:
1480 4195 1573 4251 sed
1607 4196 1656 4249 in
1701 4194 1783 4249 his
1805 4193 1990 4249 viven-

407 4299 535 4353 dum
556 4336 571 4365 ,
601 4308 723 4366 qua:
743 4336 757 4361 ,
792 4294 960 4364 inquit
977 4332 991 4358 ,
1012 4292 1190 4345 oculus
1216 4304 1316 4343 non
1332 4287 1459 4341 uidit
1478 4328 1492 4352 ,
1524 4294 1575 4341 et
1604 4286 1743 4340 auris
1775 4299 1879 4339 non
1905 4298 1996 4339 au-

401 4389 548 4455 divit,
601 4388 735 4442 etin
792 4400 879 4438 car
915 4370 1133 4437 hoininis
1179 4394 1281 4436 non
1335 4378 1558 4433 ascendit
1591 4376 1783 4448 (lCor.
1826 4390 1882 4443 n,
1915 4374 1994 4449 8).

477 4481 667 4536 Cessat
704 4477 756 4532 in
782 4478 939 4533 bonis
961 4473 1152 4531 futuris
1174 4471 1546 4543 intelligentia:
1567 4470 1780 4525 auditus
1802 4478 1859 4525 et
1904 4484 1965 4523 as

2076 3271 2147 3325 eis
2166 3276 2462 3341 potestatem
2489 3266 2624 3337 ﬁlios
2652 3262 2747 3319 Dei
2793 3266 2905 3333 ﬁeri
2934 3264 3114 3338 (Ioan.
3146 3281 3185 3332 ι,
3234 3264 3297 3318 Ii
3330 3274 3378 3318 et
3407 3265 3508 3343 di)
3556 3265 3664 3319 Do-

2077 3360 2256 3418 minus
2286 3368 2476 3415 noster
2518 3357 2675 3413 Iesus
2703 3356 2982 3426 Christus,
3016 3356 3109 3428 qui
3154 3365 3243 3412 est
3274 3354 3590 3413 benedictus
3610 3355 3667 3411 in

2078 3453 2276 3509 atecuIa
2308 3453 2653 3509 steeulorum.
2693 3451 2887 3504 Amen.

2564 3579 2879 3642 PSALMUS
2907 3576 3180 3637 CXLVIII.

2773 3692 3015 3749 Alleluia.

2159 3812 2393 3869 Laudate
2414 3807 2695 3865 Dominum
2722 3809 2788 3862 de
2809 3807 2950 3871 cretis
2967 3846 2982 3871 ,
3001 3804 3205 3859 laudate
3222 3818 3338 3859 eum
3365 3803 3418 3858 in
3439 3801 3677 3860 excisis.

2089 3908 2324 3964 Laudato
2349 3920 2463 3961 eum
2502 3919 2675 3960 omnes
2702 3902 2869 3973 angeli
2913 3902 3061 3968 ejus:
3088 3899 3295 3952 laudate
3339 3913 3454 3951 eum
3497 3913 3674 3953 omnes

2090 4003 2298 4057 uirtutes
2323 4003 2459 4074 ejus.
2511 3996 2743 4051 Laudato
2770 4008 2889 4047 eum
2938 3993 3020 4046 sol
3045 3999 3092 4044 et
3144 3990 3268 4044 luna
3285 4005 3306 4044 :
3335 3990 3546 4044 laudate
3564 4006 3685 4044 eum

2095 4110 2268 4151 omnes
2337 4093 2501 4148 stella!
2548 4098 2596 4144 et
2655 4090 2863 4150 lumen;
2924 4082 3135 4138 laudate
3181 4094 3297 4136 eunt
3365 4081 3479 4135 caeli
3532 4081 3687 4137 creto.

2094 4201 2229 4251 rum,
2259 4193 2476 4253 etaqua:
2521 4192 2637 4251 qua:
2686 4192 2844 4247 super
2887 4179 3038 4231 emtas
3082 4182 3225 4239 sunt,
3252 4173 3459 4227 laudent
3500 4172 3686 4243 (Infra,

2097 4292 2231 4349 aqua
2270 4288 2383 4347 qui:
2408 4289 2565 4344 super
2586 4272 2737 4327 ctelos
2764 4279 2836 4326 est
2869 4266 3068 4340 laudet)
3095 4282 3276 4321 nomen
3300 4265 3529 4320 Domini.
3558 4266 3691 4333 Quia

2098 4371 2208 4440 ipse
2230 4370 2381 4434 dixit,
2406 4376 2457 4422 et
2489 4370 2626 4439 facta
2653 4371 2805 4428 sunt;
2832 4362 2944 4433 ipse
2962 4356 3245 4422 mandauit,
3278 4367 3327 4412 et
3350 4365 3526 4413 creata
3548 4368 3689 4410 sum.

2104 4463 2300 4521 Statuit
2325 4476 2384 4517 ea
2406 4463 2459 4515 in
2486 4470 2730 4515 (eternium
2762 4450 2950 4528 (Intra,
2981 4464 3026 4508 et
3053 4452 3232 4507 statuit
3257 4466 3319 4505 ea
3344 4451 3401 4505 in
3428 4450 3694 4519 sarculum)

410 4579 601 4644 pectus
630 4590 643 4626 :
670 4583 772 4625 nec
800 4567 1112 4639 conspectui
1158 4564 1472 4635 subjicitur,
1518 4576 1617 4617 nec
1645 4560 1830 4616 auditu
1854 4558 2002 4631 capi-
2028 4548 2084 4613 Β
2109 4566 2157 4615 et
2183 4558 2235 4612 in
2258 4555 2501 4612 sweulnm
2530 4551 2741 4607 steculi:
2774 4556 3079 4620 prwceptum
3110 4544 3278 4644 posuit
3300 4584 3314 4610 ,
3342 4552 3391 4596 et
3432 4558 3535 4596 non
3562 4556 3699 4608 prae

414 4673 534 4729 tur,
568 4676 668 4719 nec
698 4670 878 4717 mente
909 4658 1232 4732 percipitur,
1279 4654 1537 4728 quidquid
1570 4655 1695 4709 illud
1727 4651 1905 4709 Bcat'Is
1934 4670 2004 4709 te-

412 4748 844 4811 ternis‘beatnm
897 4761 1268 4819 aeternumque
1320 4745 1672 4819 promittitur.
1720 4745 2007 4801 Solrentur

412 4847 576 4919 igitur
603 4846 716 4902 inec
740 4843 921 4901 omnia
942 4845 1096 4909 nivis,
1127 4841 1354 4913 pruinae,
1376 4838 1614 4911 crystalli
1633 4836 1848 4909 frigora,
1873 4846 2008 4893 tam-

414 5017 543 5077 puta
567 5046 581 5071 ,
608 5004 939 5077 prophetieae
976 5013 1031 5059 et
1057 5002 1367 5077 a‘postolicte
1396 4999 1657 5077 doctrinre
1702 5012 2008 5077 sermonem

415 5069 839 5149 prmcucurrisse
868 5076 933 5149 ad
975 5069 1387 5149 congregandos
1415 5085 1510 5125 eos
1539 5072 1629 5139 qui
1658 5070 1893 5149 ctelestis
1922 5069 2014 5125 Je-

420 5140 657 5205 rusalem
690 5140 1109 5201 :edilicationeni
1132 5140 1219 5199 hic
1261 5140 1615 5205 inchoarent,
1664 5143 1860 5212 quique
1892 5156 2012 5194 rur-

422 5230 543 5273 sum
576 5216 936 5287 congregandi
975 5224 1154 5271 essent
1184 5224 1241 5269 ut
1280 5212 1526 5287 eamdem
1553 5218 2013 5287 consummarent.

422 5289 579 5343 Nulla
623 5282 804 5343 autem
844 5290 1112 5357 supererit
1158 5284 1491 5349 obscuritas,
1522 5282 1567 5337 si
1614 5296 1733 5351 post
1773 5298 2015 5345 rursum,

423 5358 709 5429 mm.-
734 5358 938 5413 iisdem.

506 5422 589 5501 (α)
613 5431 709 5484 bis.
746 5431 890 5501 psicut
919 5433 1082 5499 kasta
1111 5429 1289 5501 panis,
1318 5426 1692 5501 consentiente
1720 5422 2019 5501 Augustino

429 5493 554 5556 cum
572 5493 858 5555 veteribus
902 5493 1166 5567 psalteriis
1205 5500 1459 5553 German.
1483 5538 1497 5559 ,
1527 5495 1747 5551 Carnut.
1770 5534 1785 5557 ,
1819 5493 2018 5567 Medio-

433 5571 585 5635 Ian.,
651 5571 810 5626 Rern.
867 5563 1129 5624 Videntur
1177 5584 1392 5639 quoque
1459 5568 1641 5621 favere
1671 5563 2020 5631 etpositionis

434 5643 641 5707 verba,
672 5644 724 5694 in
757 5646 927 5711 frusta
946 5642 1247 5695 solidatam.
1281 5639 1388 5711 Sed
1416 5640 1461 5693 si
1486 5640 1684 5711 frusta,
1717 5645 2025 5711 nontamen

438 5724 575 5783 post
606 5705 793 5767 vocem
823 5713 972 5782 panis
1002 5713 1265 5779 permittit
1282 5705 1786 5783 eademewositio.

516 5781 589 5855 (b)
608 5783 770 5851 Editi,
783 5776 1012 5853 excepto
1026 5783 1149 5837 Par.
1160 5822 1174 5849 ,
1199 5792 1244 5836 et
1257 5782 1585 5851 allegoricam
1596 5776 2029 5833 consuetudinem.

2112 4650 2298 4706 teribit.
2330 4646 2563 4701 Laudate
2590 4642 2868 4697 Dominum
2909 4640 2973 4693 de
3002 4647 3140 4692 terra
3160 4636 3411 4690 dracones
3449 4643 3496 4688 et
3523 4648 3698 4688 omnes

2112 4741 2305 4814 abyssi.
2335 4738 2484 4809 Ignis
2501 4779 2513 4803 ,
2541 4733 2739 4806 grando
2758 4773 2773 4797 ,
2803 4731 2893 4784 nia:
2915 4770 2928 4795 ,
2961 4729 3151 4798 glacies
3177 4767 3191 4792 ,
3217 4725 3427 4797 spiritus
3452 4723 3703 4794 procella-

2113 4850 2263 4905 rum,
2294 4832 2381 4903 qui
2409 4829 2608 4902 faciunt
2633 4823 2844 4881 uerbum
2871 4822 2980 4892 ejus
3010 4818 3176 4893 (Infra
3198 4859 3214 4888 ,
3242 4817 3570 4890 crystallum,
3597 4817 3705 4889 cpia

2190 5000 2263 5072 (c)
2288 4995 2447 5062 Bad.,
2474 4993 2572 5049 Er.
2602 5001 2656 5046 et
2687 4984 2835 5057 Lips.
2864 4984 3079 5041 resoluti
3106 4985 3371 5054 liquintur.

2192 5091 2272 5165 (ά)
2299 5090 2402 5147 Ubi
2433 5088 2485 5142 in
2528 5084 2752 5165 tutata
2784 5093 2954 5165 "vos.
2974 5074 3713 5165 Distentoastrueret

2123 5146 2347 5218 citierein
2368 5158 2592 5230 spargit,
2617 5146 2705 5230 qui
2725 5152 2863 5230 apud
2893 5148 3277 5230 Hieronymum
3307 5146 3715 5229 psalmosillus-

2127 5216 2319 5295 travit,
2354 5216 2539 5284 nionét
2569 5216 2648 5281 ex.
2683 5216 3233 5295 bebrreoiegendum
3282 5231 3399 5295 esse
3431 5218 3671 5295 pruinam
3696 5255 3711 5281 ,

2127 5286 2232 5359 non
2256 5286 2510 5355 nebulam.
2537 5297 2894 5364 Hieronymus
2916 5286 3032 5364 ipse
3060 5289 3218 5364 vertit
3244 5289 3473 5359 pruinas.
3506 5286 3718 5364 L_ectio-

2122 5356 2246 5429 nem
2263 5380 2541 5439 utramque
2560 5356 2789 5421 Hilarius
2818 5371 2871 5415 et
2895 5356 3095 5439 vidisse
3122 5356 3335 5439 videtur
3358 5366 3415 5412 et
3437 5356 3715 5439 promisse,

2126 5424 2402 5515 quamhic
2443 5424 2494 5494 in
2540 5451 2703 5515 unum
2734 5433 3039 5515 conponit,
3097 5424 3719 5515 Qt‘lOMOdO‘DilSCI'YfAY-I‘:

2130 5495 2281 5571 iii—tis.”
2314 5495 2470 5580 hujus
2527 5508 2656 5561 cdil.
2709 5506 2813 5580 col.
2861 5495 3182 5580 '591,‘_m3t.
3221 5517 3306 5580 μ,
3348 5512 3495 5579 ,ειιηι
3545 5495 3723 5580 least?

2133 5563 2707 5645 moitemi'absorptam
2757 5575 2811 5629 in
2839 5563 3426 5645 contentioneguietorite,
3452 5580 3571 5618 eum
3596 5563 3727 5645 alibi

2136 5638 2340 5713 tantum
2370 5654 2424 5706 in
2455 5638 2823 5706 contentionem
2842 5688 2857 5712 ,
2890 5645 3012 5700 alibi
3042 5645 3095 5697 in
3118 5640 3382 5694 uictoriam
3410 5638 3630 5707 legeret.
3718 5692 3723 5699 Α

2219 5765 2291 5836 (ι)
2322 5763 2457 5821 Iole
2484 5760 2627 5833 apud
2651 5759 2782 5816 Par.
2804 5773 2874 5814 ex
2902 5754 3085 5826 Lipoio
3104 5789 3118 5818 ,
3144 5759 3393 5819 tempore.
