4134 6184
462 288 568 345 879
1649 280 1895 338 SANCTI
1926 278 2179 336 llILARII
2219 278 2527 337 EPlSCOPl
3650 281 3763 339 880

465 404 597 457 ritus
624 399 862 473 procella:
885 414 998 469 qua:
1026 395 1220 469 faciunt
1251 395 1401 450 verba
1421 395 1554 468 ejus)
1567 394 1794 462 ,'montes
1815 403 1862 448 et
1884 410 2057 448 omnes
2085 394 2131 454 A
2162 395 2331 467 angeli
2351 395 2644 466 prospicere
2660 392 2707 466 (l
2726 393 2868 451 Petr.
2889 409 2926 460 ι,
2949 394 3060 467 12).
3084 394 3432 467 Exspectatio
3449 397 3626 467 itaque
3644 413 3759 455 cm-

468 495 645 560 colles,
681 494 818 564 ligna
855 491 1126 560 fructifera
1169 498 1215 544 et
1245 504 1415 543 omnes
1436 488 1595 552 cedri,
1626 488 1793 541 (vestite
1818 495 1863 540 et
1886 486 2058 540 omnia
2164 487 2376 541 testium
2406 496 2487 542 est
2529 487 2804 542 beatitudo
2851 497 3060 544 terrena
3085 488 3195 559 (seu
3222 529 3236 552 ,
3271 487 3661 563 terrestrium):
3696 501 3751 546 et

466 585 665 659 (Infra,
692 581 963 652 universa)
995 597 1181 651 pecora
1203 622 1216 645 ,
1247 588 1502 651 serpentes
1524 589 1570 634 et
1599 577 1828 633 volucres
1864 592 2057 649 penna-
2160 580 2523 651 corruptionis
2550 590 2749 637 nostra:
2776 581 3070 636 demutatio
3091 582 3392 638 divinarum
3421 586 3758 640 creationum

459 688 560 740 tce.
588 693 731 749 reges
754 684 906 729 terrm
934 685 980 730 et
1031 691 1201 730 omnes
1230 674 1439 746 populi,
1489 673 1748 743 principes
1786 681 1850 748 et
1883 686 2055 724 omnes
2158 670 2469 726 demoratur
2520 672 2817 739 elementa,
2882 674 3191 743 prospicere
3238 675 3379 730 hanc
3425 675 3760 746 evangelicae

454 770 658 844 judices
688 780 837 823 terra:
858 809 873 836 ,
889 771 1104 841 juvenes
1149 778 1194 821 et
1222 767 1441 839 uirgines
1462 808 1476 832 ,
1502 767 1723 840 seniores
1744 782 1857 819 cum
1877 765 2055 837 jniiio-
2156 762 2559 830 prtedieatioiiis
2588 778 2736 833 spem
2768 764 3204 833 concupiscentia
3253 763 3393 836 (scil.
3426 765 3755 837 elementa),

460 864 603 917 ribus
628 862 835 917 laudent
884 879 1064 917 nomen
1093 856 1340 924 Domini;
1367 861 1489 930 quia
1528 860 1806 914 exaltatum
1838 867 1911 912 est
1960 874 2053 911 no-
2155 854 2377 923 gloriam
2410 871 2560 910 suam
2593 871 2655 910 ex
2697 856 2883 926 gloriin
2923 866 3120 910 nostrae
3164 855 3598 913 conformatione
3637 873 3773 913 sus-t

459 971 577 1009 men
598 957 709 1027 ejits
736 954 919 1008 solius.
945 952 1207 1023 Confessio
1245 955 1358 1025 ejus
1384 967 1538 1023 super
1562 950 1742 1005 cretum
1772 951 1820 1004 et
1842 957 2049 1003 terram.
2155 954 2407 1014 ceptura:
2467 962 2570 1016 qua
2620 947 2730 1015 jam
2799 947 3093 1002 secundum
3154 948 3488 1019 praphetiam
3557 950 3753 1019 psalmi

465 1045 762 1101 Exsultavit
790 1045 976 1117 (Infra,
1009 1054 1054 1101 et
1075 1043 1339 1115 exultavit)
1357 1061 1514 1098 cornu
1541 1042 1721 1116 populi
1742 1043 1842 1097 sui.
1879 1041 2048 1114 Hym-
2156 1035 2354 1106 adepta
2376 1078 2392 1104 ,
2428 1037 2484 1092 in
2515 1053 2808 1095 consonam
2839 1039 3051 1095 laudem
3101 1050 3368 1112 percepta:
3396 1041 3749 1099 beatitudinis

457 1156 557 1194 nus
594 1140 827 1194 omnibus
857 1139 1048 1194 sanctis
1094 1141 1204 1212 ejus
1231 1179 1245 1205 ,
1286 1137 1409 1207 ﬁliis
1434 1134 1623 1203 Israel,
1653 1135 1842 1208 populo
1862 1151 2051 1206 appro—
2155 1127 2512 1186 advocamur.

455 1231 724 1303 pinquanti
741 1231 857 1287 sibi.
900 1300 971 1303 ω
1012 1302 1017 1303 ί
1054 1298 1312 1303 ______“
1346 1299 1423 1303 -μ
1448 1301 1455 1303 ξ
1480 1298 1598 1303 ____
1855 1272 1859 1278 .

2227 1222 2281 1276 5.
2339 1221 2571 1278 Mundus
2614 1240 2716 1279 non
2744 1227 3016 1297 fortuitus,
3061 1243 3165 1281 non
3194 1226 3355 1283 Deus.
3383 1226 3552 1283 Nulla
3574 1231 3752 1287 mundi

2149 1332 2268 1388 pars
2320 1317 2514 1372 honore
2559 1317 2730 1372 divino
2777 1319 3008 1374 colenda.
3041 1348 3115 1361 --
3145 1319 3308 1376 Vens.
3363 1320 3471 1377 1-6.
3516 1320 3754 1377 Laudatc

2158 1404 2436 1461 Dominum
2459 1406 2523 1462 de
2546 1409 2686 1463 ctelis
2708 1450 2723 1475 ,
2752 1409 2959 1464 laudate
2986 1426 3100 1465 eum
3139 1410 3194 1464 in
3239 1411 3471 1466 excelsis.
3511 1388 3755 1469 Laudare

2148 1514 2262 1553 eum
2283 1517 2455 1555 omnes
2503 1503 2673 1574 angeli
2693 1503 2804 1572 ejus
2835 1520 2854 1557 :
2904 1503 3117 1558 laudate
3166 1519 3280 1563 eum
3327 1520 3501 1558 omnes
3538 1507 3753 1563 virtutes

447 1601 882 1658 distributionem
919 1582 1054 1671 'ipso
1106 1599 1520 1656 collocationum
1584 1611 1802 1652 suarum
1856 1596 2045 1651 ordine
2147 1596 2276 1665 ejus.
2299 1593 2530 1648 Laudate
2553 1611 2666 1649 eum
2690 1595 2770 1649 sol
2793 1605 2840 1648 et
2863 1597 2984 1650 tuna
3010 1612 3026 1653 :
3053 1596 3258 1651 laudate
3279 1613 3395 1652 eum
3423 1615 3596 1653 omnes
3624 1599 3744 1653 stel-

444 1703 571 1748 sunt
597 1694 789 1749 secuti.
821 1693 1033 1747 Primus
1063 1691 1206 1746 enim
1230 1705 1415 1745 eorum
1448 1690 1517 1743 ob
1545 1703 1695 1758 spem
1727 1685 2044 1743 aeternitatis
2147 1682 2212 1737 la:
2234 1692 2281 1737 et
2302 1683 2492 1738 lumen.
2526 1683 2759 1739 Laudate
2785 1701 2901 1738 eum
2942 1686 3055 1740 caeli
3095 1687 3381 1742 cistarum:
3401 1698 3448 1743 et
3468 1705 3604 1759 aqua
3626 1706 3746 1761 quia

439 1786 753 1841 etcmlcstis
798 1785 947 1854 regni
984 1781 1447 1852 exspectationem
1481 1787 1729 1836 cantatus
1787 1786 1893 1834 est.
1945 1777 2042 1833 Se-
2071 1778 2118 1838 B
2145 1790 2300 1844 super
2325 1775 2478 1830 caelos
2503 1786 2608 1841 est.
2644 1776 2815 1830 laudet
2834 1793 3016 1831 ηοηιεη
3047 1777 3278 1833 Domini.
3307 1779 3440 1846 Quia
3466 1783 3578 1850 ipse
3599 1799 3753 1843 man-

899 1298 1316 1357 TRACTATUS
1345 1298 1616 1356 PSALMI.

527 1418 579 1472 1.
608 1416 929 1486 Superiores
962 1425 1071 1472 tres
1114 1413 1337 1485 psalmi,
1385 1411 1582 1483 quibus
1623 1409 1905 1481 prophetia
1949 1424 2046 1464 nos

460 1507 529 1563 ad
557 1508 764 1563 laudem
795 1506 1007 1562 Domini
1033 1506 1293 1571 advocat,
1322 1504 1496 1560 beata:
1525 1500 1670 1558 illius
1699 1502 1813 1573 spei
1846 1509 2046 1557 nostra:

445 1883 657 1932 eundus
686 1876 757 1931 ob
787 1874 1197 1929 aedificationem
1246 1883 1448 1927 sanctae
1469 1872 1700 1953 civitatis
1727 1879 1782 1925 et
1809 1885 2039 1940 congre-

445 1970 719 2042 gationem
762 1978 1107 2034 sanctorum,
1160 1968 1249 2038 qui
1295 1967 1363 2021 ad
1420 1965 1807 2037 plenitudinem
1840 1973 2040 2018 sanctae

443 2044 609 2134 hujus
656 2063 894 2120 civitatis
922 2062 1281 2126 conveniant,
1314 2059 1637 2114 subsecutus
1670 2067 1772 2112 est.
1820 2055 2038 2110 Tertius

439 2157 545 2212 iste
595 2155 708 2225 jam
757 2154 828 2210 ob
877 2153 1290 2224 gratulationem
1362 2148 1709 2204 exmdiﬁcatae
1768 2146 2037 2211 civitatis,

439 2256 497 2304 et
564 2240 764 2303 aeterna
822 2259 951 2315 pace
1023 2242 1293 2303 fundatis,
1345 2249 1399 2296 et
1463 2237 1629 2312 644
1688 2246 1811 2309 post
1855 2235 2037 2292 saeculi

432 2353 599 2412 urens
626 2352 894 2407 areasque
925 2335 1091 2407 frigus
1128 2333 1346 2389 ctelest'i
1379 2332 1568 2403 spiritu
1600 2337 1914 2399 temperatae
1935 2368 1949 2394 ,
1983 2327 2036 2381 in

438 2430 587 2485 hunc
609 2428 869 2500 hymnum
900 2428 984 2482 cst
1026 2431 1389 2494 comparatus.
1443 2421 1711 2476 Doctrinze
1736 2433 1864 2489 ergo
1895 2417 2035 2472 idem

435 2532 522 2580 est
547 2522 714 2589 ordo,
746 2520 834 2590 qui
861 2534 1068 2576 rerum.
1098 2517 1263 2581 Nam,
1314 2513 1610 2571 secundum
1667 2511 2033 2582 proplieticam

408 2631 412 2635 '
440 2621 499 2671 et
523 2612 874 2684 apostolicam
902 2598 1341 2681 praedicationem
1364 2649 1379 2673 ,
1429 2606 1574 2661 beati
1608 2606 1761 2659 istius
1802 2603 1951 2673 regni
1982 2610 2038 2657 et

435 2706 673 2762 civitatis
701 2713 922 2778 atteram
948 2704 1001 2758 in
1034 2702 1119 2758 his
1152 2701 1283 2757 ordo
1306 2699 1601 2771 dispositus
1631 2707 1712 2752 cst
1733 2739 1748 2765 ,
1773 2696 1829 2751 in
1858 2700 2033 2749 resur-

435 2796 700 2856 rectionis
729 2797 1129 2862 demutatione,
1162 2795 1215 2848 in
1244 2792 1663 2862 congregatione
1690 2797 1995 2843 sanctorum
2017 2829 2032 2854 ,

439 2893 498 2947 in
537 2889 928 2947 dominicorum
984 2888 1179 2944 civium
1221 2886 1298 2958 (α)
1343 2880 1905 2953 confrequeiitaiitium
1951 2878 2037 2933 iii-

438 2984 643 3041 colatu.

508 3074 566 3130 2.
597 3073 973 3130 Beatitudinem
1023 3079 1252 3126 nostrain
1287 3068 1384 3140 qui
1427 3074 1685 3140 exspectet
1739 3065 1902 3119 omnis
1951 3079 2031 3118 res

2144 1866 2313 1932 dabit,
2341 1876 2386 1921 et
2407 1877 2576 1922 creata
2602 1879 2761 1934 sunt;
2802 1870 2912 1939 ipse
2949 1870 3080 1925 dixit
3098 1911 3112 1935 ,
3145 1880 3193 1925 et
3219 1873 3355 1943 facta
3385 1883 3538 1940 sunt;
3563 1884 3611 1928 et
3635 1884 3746 1931 sta-

2143 1959 2239 2012 tuit
2262 1975 2320 2012 ea
2361 1959 2414 2013 in
2455 1961 2699 2015 swcnlum
2728 1970 2774 2014 et
2818 1962 2870 2015 in
2917 1962 3163 2017 sweuluni
3189 1965 3403 2019 saeculi:
3432 1977 3750 2037 praceptum

2153 2049 2353 2119 posuit,
2379 2060 2424 2104 et
2450 2067 2553 2106 non
2576 2052 2872 2129 prieteribit.
2917 2052 3178 2109 Absoluta
3203 2055 3419 2125 quidem
3474 2057 3541 2112 ad
3590 2059 3751 2115 intel-

2143 2139 2414 2211 ligentiam
2444 2157 2716 2211 sermone,
2744 2146 3003 2215 propheta
3027 2160 3214 2202 omnes
3236 2149 3484 2204 caelestes
3507 2149 3740 2207 virtutes

2142 2231 2462 2289 adhortatur
2488 2236 2554 2290 ad
2579 2235 2814 2301 laudem,
2842 2237 2938 2293 sed
2961 2254 3066 2294 non
3104 2240 3222 2295 sine
3256 2240 3490 2309 perfecta
3519 2244 3735 2300 ratione

2139 2322 2419 2380 doctrinae.
2448 2326 2682 2382 Primum
2710 2328 2851 2383 enim
2874 2344 3110 2384 errorem
3138 2330 3277 2386 hunc
3305 2331 3553 2387 humana:
3582 2334 3738 2403 igno—

2140 2418 2367 2473 rationis
2386 2420 2601 2486 avertit,
2628 2436 2734 2490 quo
2756 2420 2989 2477 fortuitis
3015 2423 3365 2478 concursibus
3385 2422 3529 2479 hunc
3550 2426 3740 2483 mundi

2140 2508 2379 2565 habitum
2411 2511 2463 2565 in
2505 2526 2564 2567 se
2592 2513 2797 2578 coisse,
2837 2521 2997 2583 atque
3022 2514 3092 2569 ita
3135 2530 3200 2571 ex
3246 2514 3643 2575 inordinatione
3685 2519 3742 2575 in

2139 2601 2328 2657 ordine
2374 2602 2714 2670 constitisse,
2744 2604 2961 2673 quidam
3009 2606 3123 2660 ausi
3154 2614 3279 2660 sunt
3326 2607 3573 2677 opinari:
3624 2619 3739 2669 tum

2138 2694 2279 2762 quod
2329 2695 2416 2749 alii
2458 2695 2600 2752 hunc
2645 2697 2820 2767 ipsum
2863 2700 3121 2753 mundum
3171 2699 3338 2755 Deum
3380 2702 3651 2773 eSse,qui
3678 2718 3740 2760 se

2137 2785 2295 2854 agitet
2328 2800 2390 2839 ac
2430 2796 2679 2853 moveat,
2737 2796 2789 2842 et
2831 2786 2996 2861 645
3047 2788 3099 2843 in
3132 2804 3366 2845 annuam
3416 2793 3735 2862 temperiem

2136 2890 2295 2932 cursu
2321 2877 2580 2935 dimensus
2610 2880 2836 2936 rationis
2859 2882 3199 2961 moderetur,
3229 2883 3578 2941 existiment:
3610 2902 3749 2957 ρος-ι

2144 2978 2317 3024 tremo
2363 2976 2504 3041 quod
2555 2972 2802 3043 quaedam
2833 2972 2938 3028 sibi
2981 2990 3046 3030 ex
3077 2974 3162 3030 his
3190 2976 3322 3046 ipsis
3369 2967 3739 3052 unusquisque

2138 3064 2268 3136 legit
2296 3066 2611 3131 elementis,
2644 3075 2735 3122 aut
2754 3069 2949 3123 coelum
2969 3109 2984 3133 ,
3016 3078 3109 3124 aut
3137 3070 3306 3125 solem
3329 3112 3344 3136 ,
3376 3081 3469 3126 aut
3492 3088 3687 3143 aquam
3712 3115 3732 3141 ,

438 3176 631 3222 creata.
654 3194 727 3207 -—-
753 3165 883 3219 Post
910 3180 1063 3234 tilias,
1089 3163 1198 3231 jam
1222 3161 1277 3216 in
1314 3170 1511 3215 interna
1550 3157 1881 3213 beatitudine
1910 3170 2025 3209 om-
2058 3160 2103 3225 ο
2134 3164 2227 3210 aut
2251 3171 2374 3212 aera
2393 3198 2406 3221 ,
2437 3156 2630 3225 quibus
2656 3157 2752 3213 Dei
2781 3158 3041 3215 honorem
3074 3160 3220 3216 inani
3261 3171 3424 3233 atque
3454 3164 3613 3235 impia
3637 3181 3733 3223 re—

436 3259 597 3313 nibus
617 3254 955 3317 constitutis,
988 3253 1055 3307 ad
1084 3252 1355 3307 cancndas
1405 3250 1500 3305 Dei
1532 3250 1718 3304 laudes
1768 3248 1869 3303 hoc
1894 3261 2027 3302 con-

434 3346 685 3418 sequenti
714 3345 920 3415 psalmo
947 3341 1149 3398 cborus
1168 3342 1471 3398 caelestium
1504 3339 1762 3394 virtutum
1788 3345 2025 3408 potesta-

434 3452 660 3511 tumque
687 3438 1053 3495 contrahitur:
1076 3445 1134 3490 ιιι
1174 3436 1243 3491 ob
1271 3434 1552 3504 depulsam
1600 3430 1783 3487 saeculi
1818 3430 2028 3485 vanita-

434 3545 545 3591 tem
575 3539 820 3589 creatura
863 3529 1040 3585 omnis
1094 3544 1165 3582 ex
1195 3527 1404 3598 magnis
1455 3517 1753 3579 officiorum
1804 3537 2022 3579 suorum

431 3625 706 3682 laboribus
727 3623 974 3679 absoluta
995 3663 1009 3688 ,
1033 3630 1090 3678 et
1120 3625 1175 3675 in
1199 3620 1358 3675 beato
1385 3631 1551 3689 regno
1579 3616 1898 3672 mternitaiis
1921 3616 2023 3670 ali-

431 3717 647 3789 quando
690 3716 994 3785 respirans,
1038 3714 1206 3767 Deum
1251 3727 1404 3767 suum
1451 3718 1505 3765 et
1540 3711 1659 3764 la'ta
1696 3710 1949 3780 praedicet
1968 3717 2025 3764 et

437 3809 653 3879 quieta,
685 3813 742 3861 et
800 3806 913 3873 ipsa
966 3802 1261 3859 secundum
1320 3800 1637 3870 Apostolum
1698 3800 1749 3853 in
1795 3800 2017 3870 gloriam

432 3898 608 3955 beatae
651 3894 962 3951 aeternitatis
1008 3902 1281 3961 assumpta
1307 3933 1323 3959 ,
1350 3906 1473 3946 cum
1511 3890 1587 3944 ait
1637 3908 1650 3943 :
1682 3888 1887 3944 Etenim
1931 3906 2021 3945 ea:-

430 3990 677 4062 spectatio
701 3989 865 4054 ipsius
903 3995 1152 4041 creatura:
1174 3985 1526 4039 reuelationem
1555 3983 1778 4052 ﬁliorum
1802 3981 1901 4036 Dei
1931 3999 2021 4036 ea:-

428 4080 886 4156 spectat.Vanitati
905 4081 1038 4134 enim
1064 4087 1298 4133 creatura
1321 4076 1549 4143 subiecta
1570 4084 1670 4143 est,
1703 4092 1802 4130 non
1823 4074 2014 4142 volens,

429 4177 520 4231 sed
542 4184 746 4246 propter
761 4190 875 4228 eum
893 4172 966 4245 (b)
984 4173 1072 4240 qui
1094 4171 1305 4245 subjecit
1317 4171 1368 4223 in
1389 4185 1509 4241 spe:
1534 4168 1655 4239 quia
1669 4177 1715 4220 et
1741 4168 1855 4238 ipsa
1875 4183 2018 4221 crea-

428 4275 547 4319 tura
577 4263 870 4320 liberabitur
903 4280 936 4315 a
963 4263 1197 4317 servitute
1227 4260 1563 4330 corruptionis
1582 4300 1597 4326 ,
1649 4259 1703 4313 in
1733 4258 2016 4313 libertatem

424 4359 677 4414 claritatis
719 4357 947 4426 ﬁliorum
975 4354 1073 4409 Dei
1118 4354 1290 4427 (Rom.
1321 4369 1434 4420 vui,
1470 4351 1535 4408 l9
1561 4362 1614 4407 et
1651 4348 1835 4421 seqq.).
1883 4350 2018 4406 Hinc

423 4464 553 4520 ergo
575 4448 809 4520 hymnus
835 4455 920 4502 est
942 4444 1206 4500 libertatis
1249 4443 1470 4499 indultae
1490 4482 1505 4505 ,
1538 4442 1680 4513 quod
1711 4440 2010 4497 ofﬁciorum

2132 3245 2329 3317 ligione
2355 3247 2610 3303 deferret.
2641 3248 2866 3304 Omnem
2913 3250 3074 3321 igitur
3097 3267 3338 3309 errorem
3374 3254 3730 3325 ignorationis

2132 3339 2361 3395 exclusit
2385 3382 2400 3405 ,
2428 3340 2615 3396 dicens
2640 3383 2657 3411 ,
2694 3341 2948 3407 Quoniam
2991 3344 3101 3413 ipse
3130 3344 3262 3399 dixit
3282 3388 3296 3413 ,
3331 3356 3378 3400 et
3404 3348 3543 3418 facta
3571 3358 3733 3417 sunt;

2127 3432 2238 3498 ipse
2268 3433 2510 3501 praecepit
2529 3474 2543 3496 ,
2576 3442 2623 3487 et
2647 3443 2815 3488 creata
2844 3443 2981 3488 sunt.
3010 3433 3201 3490 Nullus
3233 3437 3394 3508 igitur
3415 3438 3503 3495 hic
3532 3440 3730 3496 fortui-

2129 3530 2306 3578 torum
2372 3538 2697 3591 concursus,
2789 3525 2932 3579 nulla
2994 3534 3197 3582 natura:
3242 3530 3473 3598 propria:
3520 3531 3727 3599 virtus,

2133 3616 2276 3670 nulla
2322 3618 2638 3673 aeternitatis
2666 3634 2735 3673 ex
2775 3628 2948 3675 semet
2994 3620 3327 3690 substantia,
3358 3624 3411 3678 in
3455 3611 3543 3681 liis
3594 3642 3723 3698 qua
3763 3646 3777 3660 κ

2131 3720 2307 3767 creata
2358 3711 2650 3780 docentur,
2690 3713 3009 3769 admittitur.

2198 3806 2254 3860 4.
2299 3804 2349 3859 F
2350 3804 2499 3859 ilium
2526 3804 2674 3861 Patri
2701 3808 2755 3861 in
2777 3810 2999 3862 creando
3029 3808 3221 3864 mundo
3258 3810 3532 3868 adstitisse.
3558 3839 3629 3854 -
3654 3812 3719 3868 In

2124 3910 2232 3967 quo
2275 3895 2420 3951 dicto
2462 3898 2624 3952 etiam
2665 3898 2717 3952 id
2756 3899 3004 3966 docetur,
3049 3902 3193 3971 quod
3230 3911 3285 3957 et
3327 3903 3556 3961 Genesis
3599 3903 3717 3962 dis-

2125 3987 2321 4053 tinxit,
2358 3998 2412 4043 et
2441 3988 2737 4059 Evangelia
2764 3999 2956 4047 testata
2983 3978 3219 4060 sunt,et
3251 3997 3545 4064 Apostolus
3575 4012 3723 4068 pre-

2122 4079 2342 4147 dicavit,
2377 4081 2473 4137 Dei
2494 4082 2646 4149 jussu
2670 4080 2810 4136 facta
2831 4098 2954 4139 esse
2972 4085 3156 4139 omnia
3181 4103 3194 4139 :
3217 4102 3323 4141 non
3353 4102 3451 4157 per
3466 4104 3526 4144 se
3547 4091 3722 4147 exsti-

2120 4171 2286 4239 tisse,
2348 4180 2621 4243 tamquam
2674 4173 2787 4242 ipsa
2844 4174 2933 4228 illa
2987 4176 3209 4232 materia
3261 4177 3586 4235 obedientiae
3627 4181 3706 4255 (c)

2117 4263 2296 4320 vitalis
2321 4265 2631 4331 exsisteret,
2665 4279 2788 4320 eum
2819 4281 2940 4322 esse
2968 4281 3033 4322 ac
3059 4269 3355 4326 subsistere
3377 4271 3666 4339 iuberetur
3698 4292 3713 4328 :

2114 4354 2212 4412 sed
2238 4354 2424 4411 omnia
2451 4371 2517 4411 ex
2544 4355 2799 4411 mandato
2825 4364 3005 4412 creata
3034 4374 3155 4414 esse
3176 4402 3189 4423 ,
3227 4368 3281 4415 et
3309 4361 3511 4417 dictum
3543 4362 3715 4421 fuisse

2114 4448 2183 4504 ab
2209 4461 2276 4504 eo
2303 4445 2394 4517 qui
2417 4447 2627 4502 dicebat
2658 4447 2738 4519 (ά)
2771 4458 2827 4503 ιιι
2857 4448 3070 4505 tierent.
3104 4450 3179 4506 Ita
3207 4452 3350 4507 enim
3374 4453 3602 4511 Genesis
3626 4465 3718 4514 est

421 4555 645 4597 suorum
688 4540 1014 4596 necessitate
1064 4537 1309 4592 absoluta
1332 4577 1347 4602 ,
1397 4543 1453 4590 et
1480 4543 1637 4590 antea
1658 4535 1713 4590 in
1742 4550 1872 4591 usus
1901 4534 2007 4590 hu-
2033 4561 2089 4623 Β
2114 4539 2289 4596 locuta
2327 4556 2339 4593 :
2366 4539 2437 4594 Et
2461 4539 2592 4594 dixit
2618 4536 2829 4594 Deus...
2859 4538 2928 4594 Et
2944 4541 3064 4610 fecit
3087 4539 3227 4599 Deus
3253 4543 3407 4615 (Gen.
3435 4562 3474 4613 ι,
3495 4545 3530 4602 6
3558 4558 3608 4602 et
3625 4549 3707 4620 7).

417 4634 831 4707 maiiisubjecta
854 4630 1057 4686 servitii
1079 4671 1094 4697 ,
1112 4630 1222 4701 jam
1254 4627 1588 4684 conformata
1620 4625 1838 4681 tandem
1871 4627 2008 4683 [ilio-

417 4740 538 4780 rum
571 4724 667 4780 Dei
704 4723 873 4794 gloria
924 4723 976 4776 in
1007 4731 1263 4776 aeternam
1318 4717 1731 4785 beatitudinem,
1773 4719 2006 4774 creatio-

416 4831 545 4871 iium
575 4818 839 4871 elementa
862 4814 1225 4884 requiescunt.
1250 4811 1417 4881 Cujus
1458 4810 1804 4866 beatitudinis
1844 4811 2005 4882 longo

409 4909 520 4981 jam
548 4910 638 4964 diu
664 4906 961 4965 secundum
991 4904 1291 4975 apostolum
1344 4903 1560 4957 Petrum
1609 4902 1880 4958 desiderio
1905 4902 2000 4957 de-

413 5001 751 5066 tinebantur,
784 5015 906 5054 cum
957 4998 1060 5052 ait:
1094 4995 1226 5051 Hth
1249 4990 1543 5066 qua’modo
1586 4995 1724 5049 vobis
1770 4996 2004 5049 nuntiata

408 5102 566 5159 sunt,
592 5108 680 5159 per
721 5107 806 5146 eos
833 5091 919 5160 qui
968 5089 1106 5143 vobis
1151 5087 1355 5158 Spiritu
1391 5097 1569 5140 sancto
1624 5087 2001 5158 euangelizare-

403 5192 564 5252 runt,
594 5198 706 5253 qua:
722 5183 877 5235 missa
898 5191 1015 5237 sunt
1048 5198 1075 5236 e
1100 5181 1247 5248 ctelo,
1284 5179 1339 5233 in
1385 5195 1485 5250 qua
1530 5194 1587 5233 re
1634 5179 2001 5249 concupiscunt

400 5344 444 5410 ετ
478 5344 556 5415 (a)
594 5342 753 5415 Bad.,
783 5339 875 5415 Er.
907 5348 963 5396 et
1004 5339 1150 5415 Lip_s.
1196 5354 1311 5415 cum
1337 5339 1769 5415 frequentatione:
1800 5349 1994 5409 praeter
2068 5322 2081 5336 ’
2101 5341 2344 5415 quaedam
2372 5342 2661 5411 sententia,
2683 5358 2803 5413 qua:
2831 5343 2995 5399 vellet
3019 5345 3299 5401 materiam

402 5407 607 5498 morem
652 5407 1019 5496 _Hilarianum.
1071 5407 1283 5466 'Conler
1327 5407 1610 5465 numerum
1650 5407 1684 5463 4
1732 5407 1987 5467 tractatus

400 5499 713 5556 superioris.

473 5556 546 5629 (ὁ)
569 5557 660 5629 Sic
686 5570 789 5615 ms.
814 5553 965 5623 juxta
987 5564 1148 5621 graec.
1172 5551 1249 5604 Ac
1275 5548 1478 5617 vulgati
1497 5551 1583 5629 qui
1602 5550 1814 5619 subjecit
1834 5567 1981 5606 eam:

394 5634 450 5679 et
476 5621 635 5693 paulo
662 5637 786 5681 ante
813 5621 914 5679 non
934 5630 1117 5693 sponte
1135 5662 1151 5688 ,
1181 5634 1278 5690 pro
1306 5635 1409 5693 non
1436 5621 1628 5676 uolens.

513 5642 635 5683 aulo
662 5642 786 5681 ante
813 5642 914 5679 non
934 5642 1117 5693 sponte
1135 5662 1151 5688 ,
1181 5642 1278 5690 pro
1306 5642 1407 5672 non
1436 5642 1628 5676 valens.

466 5642 535 5766 δι)
571 5699 623 5751 In
664 5696 912 5767 vulgatis,
945 5693 1134 5767 uitatis,
1168 5705 1274 5746 uno
1302 5690 1490 5767 verbo,
1523 5692 1666 5762 quod
1704 5707 1960 5767 separan-

388 5761 526 5823 dum
546 5761 793 5824 duximus
824 5784 837 5823 :
870 5774 929 5824 ut
950 5765 1057 5835 hic,
1079 5768 1337 5837 quantum
1376 5761 1653 5834 sapimus,
1691 5761 1972 5821 refellatur

2109 4631 2178 4688 Et
2201 4646 2342 4688 nunc
2363 4630 2629 4702 Pr0pheta
2658 4632 2752 4697 ait,
2787 4630 2952 4698 Dixit,
2986 4642 3034 4687 et
3072 4637 3211 4703 facta
3238 4648 3376 4690 sunt.
3411 4635 3526 4693 Non
3557 4639 3709 4696 enim

2108 4723 2213 4780 sibi
2244 4724 2501 4794 prmcepit
2540 4731 2601 4777 ut
2639 4722 2855 4790 ﬁerent,
2890 4723 2987 4779 sed
3029 4734 3153 4779 sunt
3190 4725 3333 4783 facta
3375 4743 3499 4784 cum
3543 4729 3704 4786 dixit.

2107 4815 2271 4871 Facta
2306 4825 2488 4871 autem
2517 4824 2642 4870 sunt
2671 4830 2766 4885 per
2801 4831 2946 4883 eum,
2980 4816 3047 4872 de
3075 4831 3183 4887 quo
3214 4818 3554 4890 Evangelista
3587 4831 3703 4878 tes-

2109 4914 2250 4961 tatus
2291 4915 2394 4974 est,
2426 4905 2613 4961 Omnia
2653 4923 2743 4978 per
2787 4907 2959 4979 ipsum
2994 4907 3132 4978 facta
3176 4918 3312 4975 sunt,
3356 4921 3404 4965 et
3447 4913 3557 4967 sine
3584 4914 3703 4981 ipso

2105 4999 2301 5071 factum
2338 5011 2409 5054 est
2447 5001 2579 5054 nihil
2598 5000 2786 5073 ,(Jcan.
2822 5016 2858 5065 i,
2890 4999 2948 5072 ὅ)
2982 5018 2995 5055 :
3026 5010 3082 5056 et
3106 5000 3401 5072 Aposwlus
3439 5006 3516 5060 ait
3546 5026 3560 5062 :
3595 5007 3704 5074 Qui

2106 5102 2180 5147 est
2202 5095 2369 5163 imago
2399 5090 2498 5147 Dei
2526 5092 2815 5158 invisibilis,
2847 5092 3216 5165 primogenitus
3246 5095 3411 5151 omnis
3430 5107 3705 5167 creature,

2105 5184 2226 5254 quia
2252 5183 2305 5237 in
2330 5184 2443 5255 ipso
2469 5184 2675 5240 condita
2701 5194 2820 5239 sunt
2848 5185 3022 5239 omnia
3048 5184 3101 5239 in
3124 5186 3265 5242 caelis
3288 5195 3336 5242 et
3355 5186 3409 5242 in
3434 5196 3594 5256 terra,
3619 5193 3706 5247 vi-

3396 5364 3425 5403 r
3443 5363 3506 5407 se
3525 5353 3707 5409 exsti-

2092 5412 2327 5536 gslsenet
2345 5423 2620 5496 praecepto
2648 5412 2741 5471 Dei
2770 5424 2975 5469 tantum
3001 5415 3302 5474 obtinuisse
3328 5412 3561 5477 formam
3584 5439 3699 5495 qua

2173 5500 2217 5537 is
2242 5494 2549 5538 exsisteret.

2173 5500 2217 5537 IS
2242 5500 2549 5541 eXSlSlel'el.

2158 5554 2240 5638 (ά)
2274 5556 2709 5638 Edi_ti,.utﬁeret.
2748 5554 2969 5638 Rectius
3015 5569 3224 5638 ηιμ-εει
3257 5560 3694 5638 βαψηιιειιιρε

2081 5626 2292 5704 omnia.
2318 5626 2538 5704 Dicebat
2580 5626 3081 5704 aute_m_Pater,_et
3124 5626 3293 5687 Filius
3337 5626 3590 5704 faciebat,
3616 5626 3687 5694 'ut

2076 5696 2366 5769 exponitur
2394 5696 2491 5753 lib.
2520 5711 2573 5752 tv
2598 5696 2667 5754 de
2686 5695 2868 5765 Triii.,
2899 5713 2954 5753 ii.
2990 5698 3082 5755 16.
