4134 6184
401 269 504 327 881

1438 266 1856 326 TRACTATUS
1893 267 1959 324 1N
1997 267 2256 326 CXLVIII
2292 269 2640 328 PSALMUM.

3575 276 3683 335 882

392 381 568 436 sibilia
596 390 643 435 et
666 380 981 448 invisibilia;
1007 382 1109 437 sive
1130 381 1312 451 Sedes,
1340 384 1444 437 sive
1462 381 1869 449 Dominationes,
1893 383 1996 438 sive
2022 386 2073 444 Α
2100 382 2293 440 lubiles
2321 385 2622 441 creationes
2648 401 2793 443 nunc
2827 387 2892 442 ad
2929 388 3145 445 laudem
3179 390 3272 446 Dei
3300 389 3463 448 luisse
3496 408 3686 451 nume-

411 470 766 553 Principatns,
794 474 898 527 sive
918 471 1410 542 Potestates,omnia
1429 491 1519 548 per
1543 477 1711 546 ipsum
1738 484 1784 529 et
1802 478 1853 529 in
1880 476 1990 546 ipso

409 566 618 620 condita
642 577 764 622 sunt
794 565 1013 634 (Coloss.
1048 583 1085 632 ι,
1117 568 1183 623 l5
1207 579 1252 622 et
1278 568 1389 638 16).
1430 569 1498 623 Et
1533 569 1807 639 Sapientia
1833 568 1901 624 de
1930 585 1990 624 se

393 657 466 712 ita
494 658 786 713 locutae-5t
817 675 830 709 :
862 657 974 728 Ego
1002 674 1140 711 eram
1162 660 1307 729 apud
1341 661 1489 714 illum
1509 661 1989 728 c'omponens;milri

391 747 733 818 adgaudebat,
763 764 880 802 cum
922 750 1181 803 laetaretur
1222 750 1343 804 orbe
1385 751 1612 821 perfecto
1644 750 1826 821 (Prov.
1863 768 1980 820 vm,

391 839 509 913 50).
538 838 731 895 Cessat
770 840 952 910 itaque
995 841 1317 911 ambiguitas
1346 843 1711 915 intelligentia:
1733 885 1748 908 ,
1779 851 1835 898 et
1864 845 1983 899 novi

390 943 447 987 et
472 933 676 989 veteris
702 932 1034 988 Testamenti
1064 937 1382 991 auctoritate
1408 937 1649 991 convicta
1676 977 1692 1004 ,
1724 936 1867 992 Patri
1898 937 1983 992 Fi-

390 1023 521 1079 lium
548 1034 674 1079 ante
702 1025 899 1080 saecula
931 1035 1239 1082 manentem
1271 1026 1324 1081 in
1352 1026 1576 1083 creandi
1600 1026 1784 1082 mundi
1817 1043 1979 1083 exor-

390 1118 481 1173 dio
507 1117 802 1174 adstitisse.

459 1207 514 1264 5.
548 1208 808 1264 Creatura:
828 1224 933 1264 non
958 1209 1294 1266 dissoluenda:
1312 1211 1380 1265 ad
1400 1211 1605 1267 laudem
1636 1210 1734 1267 Dei
1755 1212 1976 1266 invitone

387 1310 493 1355 tur.
527 1300 675 1367 Quod
709 1317 812 1354 non
842 1300 1203 1367 dissolventur,
1236 1301 1481 1357 mandato
1516 1302 1646 1367 Dei,
1681 1319 1782 1357 non
1824 1312 1976 1357 natu-

387 1407 465 1447 ra?
500 1409 605 1447 sure
652 1392 850 1448 debent.
894 1421 967 1434 ——
1012 1393 1239 1449 Causam
1290 1395 1451 1450 etiam
1499 1395 1761 1466 propheta
1813 1396 1971 1450 aliam

386 1483 563 1539 laudis
591 1483 788 1554 adjecit
812 1502 826 1539 :
860 1483 1116 1549 Quoniam
1142 1487 1248 1559 ipse
1269 1487 1419 1551 dixit,
1445 1497 1492 1541 et
1517 1491 1657 1558 facta
1684 1496 1838 1554 sunt;
1866 1488 1977 1555 ipse

384 1574 668 1642 mandavit,
702 1587 748 1630 et
767 1584 940 1630 creata
963 1587 1119 1639 sunt;
1147 1578 1324 1631 statuit
1353 1593 1410 1630 ea
1433 1577 1486 1630 in
1504 1577 1750 1630 saeculum
1776 1577 1970 1631 surculi.

387 1665 606 1723 Manent
639 1668 785 1723 etaim
812 1684 877 1724 ex
922 1668 1089 1723 nihilo
1114 1667 1401 1723 substituta
1422 1708 1438 1734 ,
1471 1676 1527 1723 et
1551 1668 1775 1738 gratiam
1809 1666 1976 1740 646

2092 484 2260 542 ratas,
2283 476 2375 532 sed
2399 492 2490 533 eas
2510 493 2629 548 quite
2660 480 2710 533 in
2737 482 3052 536 aeternitatis
3074 491 3199 537 sunt
3224 482 3296 554 (ε)
3325 484 3683 542 substantiam

2091 569 2419 625 constitutae.
2451 573 2528 626 Ac
2552 587 2618 627 ne
2642 572 2801 638 forte,
2830 575 2971 641 quod
2995 575 3048 630 in
3078 585 3340 630 aeternum
3374 590 3679 645 manerent,

2091 661 2334 715 naturale
2356 660 2462 716 illis
2490 677 2612 718 esse
2640 679 2707 719 ex
2734 665 3049 720 subSIantiae
3072 667 3404 722 beatitudine
3431 668 3683 725 credere-

2096 760 2214 816 tur;
2245 752 2508 823 subjecit,
2544 752 2866 824 Prteceptum
2896 758 3099 826 posuit,
3130 766 3176 812 et
3216 774 3321 813 non
3350 761 3632 830 prwteribit
3662 778 3681 815 :

2090 851 2150 895 nt
2192 843 2295 898 hoc
2336 845 2476 914 quod
2509 855 2654 912 sunt,
2702 848 2753 902 id
2786 856 2903 916 est,
2931 858 2987 904 ut
3029 860 3283 907 maneant
3312 852 3364 907 in
3394 863 3678 920 aeternum,

2087 948 2193 988 non
2224 944 2426 991 naturae
2452 952 2565 992 sua:
2605 953 2725 994 esse
2757 940 3095 1010 intelligant,
3133 942 3227 997 sed
3268 944 3519 1014 praecepti
3560 946 3678 1015 ejus

2084 1027 2173 1091 sit,
2205 1029 2294 1097 qui
2324 1036 2513 1097 potens
2540 1032 2611 1085 sit
2634 1034 2792 1087 rebus
2812 1050 2880 1088 ex
2912 1033 3080 1089 nihilo
3102 1035 3402 1091 subStitutis
3426 1047 3672 1092 naturam

2084 1119 2403 1172 aeternitatis
2430 1118 2644 1175 afferre.
2668 1120 2784 1177 Non
2807 1124 2971 1189 enim,
2999 1124 3188 1194 inquit,
3215 1127 3508 1194 praeteribit
3535 1143 3669 1196 prte-

2082 1216 2319 1278 ceptum,
2354 1210 2405 1263 id
2436 1220 2538 1277 est,
2569 1213 2804 1268 mandati
2834 1214 2950 1284 ejus
2980 1231 3087 1269 non
3118 1216 3221 1270 erit
3246 1216 3367 1271 ﬁnis
3403 1236 3415 1272 :
3448 1217 3531 1288 (ά)
3551 1218 3671 1289 quia

2080 1299 2135 1354 in
2187 1309 2445 1355 aeternum
2502 1312 2773 1370 maneant,
2831 1304 3024 1376 quibus
3083 1308 3441 1363 aeternitatem
3493 1307 3674 1364 Virtus

2079 1394 2399 1448 aeternitatis
2431 1394 2668 1450 indulsit.

2151 1481 2203 1537 6.
2241 1483 2341 1551 Qui
2369 1484 2533 1539 Deum
2559 1488 2769 1542 laudent
2792 1488 3041 1545 inanima.
3070 1520 3141 1531 —-
3160 1489 3287 1546 Post
3312 1507 3432 1562 qua:
3457 1506 3669 1547 rursum

2077 1582 2288 1631 terrena
2313 1587 2505 1633 caetera
2534 1580 2866 1635 advocamur
2893 1583 2959 1636 ad
2993 1583 3229 1650 laudem,
3263 1599 3384 1654 qua:
3410 1585 3512 1638 etsi
3555 1598 3662 1639 non

2074 1669 2255 1723 omnia
2286 1679 2411 1723 sunt
2440 1669 2632 1725 borum
2661 1674 2961 1728 caelestium
3008 1683 3064 1729 et
3094 1676 3374 1730 beatorum
3410 1675 3669 1730 bonorum

380 1773 447 1814 ex
476 1774 543 1814 eo
568 1759 708 1831 quod
735 1770 883 1822 sunt.
911 1758 1153 1816 Creatori
1181 1776 1279 1816 suo
1305 1761 1506 1818 debent
1531 1760 1608 1835 (a)
1645 1777 1768 1816 cum
1806 1776 1970 1816 sensu
1998 1780 2048 1839 Β
2075 1762 2368 1824 consortia.
2403 1763 2594 1831 partim
2629 1780 2725 1833 per
2755 1765 3175 1821 irrationabilcm
3208 1782 3448 1829 sensum,
3476 1768 3670 1837 partim

379 1853 501 1906 vitae
525 1867 659 1916 suae,
687 1854 977 1908 bonitatem
1010 1855 1128 1924 ejus
1156 1864 1211 1926 et
1240 1855 1495 1911 virtutem
1526 1855 1837 1921 senticntia,
1877 1870 1971 1924 per

383 1958 542 2014 quem
568 1943 748 2001 vivere
765 1960 824 2000 se
845 1947 1047 2001 sentire
1069 1955 1371 2017 coeperunt.
1402 1946 1594 2002 Vivunt
1614 1957 1793 2002 autem
1816 1947 1971 2013 adeo,

378 2045 440 2090 ut
480 2042 537 2090 et
580 2037 634 2091 in
685 2037 942 2093 saeculum
996 2039 1177 2094 smculi
1229 2048 1503 2104 maneant,
1549 2048 1625 2107 et,
1676 2040 1972 2096 secundum

374 2128 722 2198 Apostolum,
755 2130 1147 2186 revelationetn
1179 2132 1410 2186 ﬁliorum
1442 2132 1538 2186 Dei
1569 2140 1909 2201 exspectent,
1940 2149 1972 2189 a

375 2221 740 2288 corruptionis
784 2222 1006 2277 servitio
1048 2222 1100 2276 in
1140 2221 1478 2280 conformem
1520 2237 1708 2279 eorum
1745 2224 1970 2295 gloriam

375 2309 675 2367 liberanda.
713 2311 1087 2368 Contuendum
1116 2324 1293 2368 autem
1325 2323 1438 2382 est,
1471 2315 1522 2369 in
1552 2307 1637 2371 his
1667 2317 1930 2372 creaturis
1950 2360 1965 2384 ,

373 2415 492 2472 qua:
519 2404 572 2458 in
600 2404 862 2460 sarculum
908 2405 1091 2460 saeculi
1130 2414 1257 2461 sunt
1300 2416 1518 2471 statuta,
1561 2422 1737 2475 neque
1772 2408 1969 2463 emtum

374 2491 479 2548 hoc
508 2495 649 2565 quod
698 2495 1104 2552 ﬁrmamentum
1152 2505 1513 2567 nuncupatur,
1548 2513 1723 2568 neque
1768 2506 1968 2554 terram

375 2601 495 2656 qua:
533 2587 681 2644 arida
719 2588 859 2644 dicta
899 2599 1004 2657 est,
1053 2588 1132 2660 (b)
1167 2598 1551 2644 connumerata
1595 2588 1762 2646 fuisse
1795 2608 1809 2644 :
1843 2592 1968 2661 quia

372 2689 427 2736 et
454 2680 505 2735 in
529 2679 815 2751 Prophetis
842 2681 1043 2737 dictum
1074 2682 1172 2746 sit,
1208 2680 1345 2736 Ecce
1378 2698 1469 2752 ego
1496 2683 1630 2753 facio
1660 2684 1841 2736 emtum
1869 2700 1967 2738 no-

372 2785 511 2837 vatn,
537 2781 584 2824 et
615 2782 802 2826 terram
840 2787 1022 2826 novam
1051 2771 1203 2842 (Esa.
1231 2787 1362 2838 va,
1398 2771 1508 2845 l7),
1536 2782 1593 2828 et
1619 2773 1878 2829 Dominus
1911 2775 1967 2831 itt

2077 1868 2176 1923 per
2206 1854 2548 1908 inanimalem
2580 1863 2847 1923 naturam,
2880 1858 3071 1926 partim
3117 1874 3212 1926 per
3248 1858 3547 1927 impietatis
3588 1859 3670 1913 of-

2074 1943 2318 2009 fensam;
2354 1952 2530 1999 tamen
2564 1945 2731 2000 Deum
2766 1961 2861 2015 per
2889 1946 2963 2013 id,
2993 1946 3148 2017 quod,
3188 1947 3311 2000 talia
3348 1958 3478 2002 sunt
3519 1948 3673 2004 iusti;

2076 2041 2209 2100 tuta,
2243 2035 2356 2104 ipsa
2385 2036 2739 2091 institutionis
2771 2038 2823 2092 in
2847 2052 2905 2093 se
2936 2038 3133 2093 habitae
3162 2037 3502 2108 providentia
3529 2055 3669 2109 prte-

2074 2124 2274 2180 dieant.
2309 2128 2396 2181 Ait
2423 2129 2566 2197 enim
2597 2130 2689 2196 ita,
2727 2129 2890 2185 Vens.
2918 2130 3056 2185 7-l2
3085 2148 3098 2184 :
3124 2131 3355 2186 Laudate
3379 2131 3663 2186 Dominum
3706 2134 3712 2146 '

2074 2217 2137 2269 de
2159 2226 2293 2270 terra
2317 2217 2563 2271 dracones
2596 2227 2643 2271 et
2670 2234 2845 2273 omnes
2865 2219 3057 2290 abyssi.
3082 2219 3252 2290 Ignis,
3287 2221 3508 2290 grando,
3548 2223 3662 2287 nim,

2073 2309 2392 2380 crystallum,
2416 2309 2627 2378 spiritus
2659 2312 2924 2378 procellae,
2958 2327 3072 2380 quae
3104 2311 3299 2379 faciunt
3334 2311 3487 2366 verba
3516 2315 3664 2384 ejus,

2070 2409 2266 2454 montes
2295 2410 2341 2454 et
2361 2417 2532 2455 omnes
2563 2401 2739 2467 colles,
2769 2404 2908 2473 ligna
2934 2401 3096 2475 647
3120 2404 3391 2475 fructifera
3412 2415 3459 2460 et
3494 2421 3669 2460 omnes

2074 2492 2237 2560 cedri,
2270 2492 2442 2548 bestia:
2472 2504 2521 2548 et
2553 2495 2789 2549 universa
2823 2512 3029 2564 pecora,
3067 2509 3324 2567 serpentes
3361 2509 3408 2553 et
3440 2501 3670 2554 volucres

2072 2596 2326 2656 pennata,
2357 2602 2503 2657 reges
2524 2597 2677 2643 terra:
2704 2598 2753 2641 et
2783 2604 2954 2644 omnes
2980 2591 3179 2661 populi,
3211 2591 3470 2660 principes
3488 2601 3535 2645 et
3560 2609 3671 2646 om-

2072 2693 2160 2731 nes
2176 2678 2381 2747 judices
2408 2687 2578 2744 ter-rte,
2598 2683 2811 2752 juvenes
2833 2690 2879 2734 et
2904 2682 3145 2750 virgines,
3177 2683 3402 2736 seniores
3430 2698 3548 2736 cum
3577 2684 3672 2752 ju-

2071 2770 2302 2825 nioribus
2333 2771 2542 2828 laudent
2577 2789 2760 2827 nomen
2800 2771 3035 2828 Domini.
3075 2773 3268 2828 Omnia
3310 2774 3523 2829 laudem
3568 2774 3664 2829 Dei

376 2861 672 2934 Evangelia
699 2863 896 2919 dixerit
924 2879 937 2918 :
964 2861 1155 2918 Cretum
1184 2872 1233 2917 et
1254 2872 1406 2921 .terra
1433 2864 1782 2933 prteteribunt,
1818 2865 1969 2920 verba

377 2962 545 3006 autem
562 2970 674 3009 mea
702 2970 803 3008 non
827 2952 1151 3023 praeteribunt
1179 2953 1391 3025 (Matth.
1422 2970 1568 3019 xxrv,
1604 2953 1694 3027 55)
1722 2974 1734 3008 :
1759 2955 1828 3011 de
1848 2956 1968 3026 qui-
2069 2954 2163 3010 sed
2189 2970 2282 3025 per
2308 2954 2657 3011 inStitutionis
2683 2956 2926 3012 ordinem
2956 2957 3660 3028 qualitatemque-gignendi

372 3043 477 3100 bus
506 3059 612 3101 non
639 3044 798 3116 hujus
819 3045 926 3101 loci
953 3060 1133 3102 sermo
1154 3056 1255 3101 est.
1280 3046 1511 3102 Tantum
1531 3046 1661 3101 illud
1684 3046 1751 3103 ad
1778 3047 1965 3103 admo-
2068 3049 2397 3118 praeconium
2418 3050 2693 3106 Creatoris
2712 3051 3022 3127 ostendunt.
3052 3050 3262 3105 Deteuti
3288 3050 3340 3104 in
3371 3059 3515 3105 terra
3541 3050 3665 3105 dra-

373 3137 635 3194 nitionem
665 3136 1197 3194 commemorandum
1242 3153 1272 3192 a
1312 3138 1467 3195 nobis
1496 3139 1614 3207 fuit,
1649 3154 1758 3196 non
1789 3140 1964 3198 disso—
1992 3158 2038 3222 ρ
2069 3159 2254 3214 cones,
2284 3163 2578 3220 eorumque
2606 3148 2788 3219 plures
2812 3147 2869 3204 in
2894 3148 3107 3219 abyssis
3138 3146 3375 3203 demersi
3407 3164 3423 3203 :
3460 3153 3521 3203 ut
3558 3159 3661 3203 nos

2068 2863 2381 2930 concinunt,
2425 2865 2547 2920 licet
2573 2865 2820 2936 quzedam
2845 2880 3010 2920 sensu
3040 2864 3214 2920 laudis
3246 2867 3483 2919 carentia
3515 2864 3664 2930 sint;

446 3341 524 3413 (a)
556 3342 614 3397 ln
644 3341 827 3405 editis,
859 3357 978 3397 cum
1005 3357 1212 3396 sensum
1244 3342 1359 3396 vita:
1381 3357 1511 3405 suae,
1537 3341 1758 3396 bonitate
1782 3344 1896 3414 ejus
1925 3353 1973 3399 et

371 3416 610 3469 virtutem
629 3425 672 3467 et
703 3414 989 3477 scientiam,
1023 3429 1111 3480 per
1150 3428 1298 3480 quem
1323 3414 1487 3466 vivere
1513 3429 1603 3466 seu
1632 3414 1821 3467 sentire
1864 3430 1969 3468 ca:-

376 3484 781 3554 prrunt:valde
812 3479 1140 3552 perturbate.
1180 3479 1435 3538 Confusio
1480 3483 1688 3537 tollitur
1727 3483 1969 3538 subsidio

371 3570 475 3610 ms.
512 3555 565 3608 in
596 3569 704 3624 quo
731 3564 907 3609 tamen
939 3555 1222 3619 sententiis,
1253 3569 1360 3608 non
1400 3554 1672 3609 sentientia
1709 3555 1969 3610 mendose

376 3626 631 3681 librarius
656 3625 1033 3692 descripserat.
1130 3632 1139 3638 ’

447 3695 521 3767 (b)
555 3695 646 3751 Sic
686 3711 788 3751 ms.
833 3697 903 3767 At
940 3694 1068 3749 Bad.
1104 3703 1158 3749 et
1202 3695 1297 3750 Er.
1334 3704 1772 3749 connumeratam.
1814 3694 1965 3765 Lips.

375 3766 846 3823 commemoratam.
875 3766 998 3821 Par.
1029 3775 1443 3820 commemorata.

408 3872 411 3875 ν
448 3837 522 3909 (c)
555 3837 715 3897 Editi,
739 3838 793 3909 in
812 3837 1114 3909 wternitatis
1140 3847 1254 3890 sunt
1280 3836 1579 3909 substantia.
1615 3834 1832 3890 Rectius
1860 3851 1961 3909 ms.

375 3904 733 3972 substantiam,
768 3908 868 3962 hoc
888 3917 990 3973 est,
1022 3908 1073 3960 in
1098 3906 1449 3961 substantiam
1477 3916 1754 3970 :eternam,
1779 3920 1871 3960 seu
1896 3905 1963 3960 ad

375 3979 777 4034 subsistendum
807 3979 925 4033 sine
953 3977 1079 4033 ﬁne.
1114 3976 1249 4033 Cum
1285 3979 1399 4032 lucc
1434 3976 1499 4030 ad
1537 3984 1829 4031 memorata
1860 3975 1963 4030 ini-

379 4050 453 4105 tio
480 4066 534 4104 ιι.
559 4051 613 4112 5.
642 4049 960 4116 referantur,
990 4048 1073 4102 ubi
1099 4049 1204 4112 sol,
1229 4048 1374 4112 luna,
1407 4047 1601 4111 stellio,
1629 4055 1733 4101 etc.
1758 4047 1822 4099 all
1851 4048 1966 4099 lau-

382 4121 502 4175 dem
539 4120 629 4174 Dei
669 4120 1036 4181 advocantnr;
1083 4121 1247 4188 quaeri
1291 4126 1464 4183 potest
1506 4133 1632 4171 num
1679 4116 1963 4188 prasdictas

375 4206 464 4246 res
493 4199 700 4245 creatas
723 4192 986 4244 animatas
1008 4187 1237 4243 senserit
1264 4188 1520 4243 Hilarius.
1548 4188 1627 4242 Eo
1648 4187 1861 4256 quidem
1884 4202 1965 4241 er-

376 4277 502 4317 rore
523 4261 799 4329 inspersos
821 4261 964 4315 illius
992 4261 1043 4314 in
1074 4259 1172 4313 Job
1204 4260 1371 4313 libros
1397 4259 1463 4312 ad
1494 4267 1734 4329 sanctum
1759 4255 1963 4329 Grego-

377 4332 517 4387 rium
570 4327 994 4413 papanrscribit
1040 4330 1353 4411 Liciniusl.
1398 4344 1451 4411 lt.
1501 4327 1772 4451 Spicil.’p.
1810 4327 1960 4409 3.69:

379 4403 525 4451 Satis
554 4418 733 4451 rmror.
775 4409 945 4451 tnmnt
976 4400 1203 4451 barbaro
1243 4400 1451 4451 dicendi
1497 4398 1679 4451 modo.
1745 4414 1960 4451 ommem

379 4403 525 4457 Satis
554 4398 734 4466 miror,
775 4402 945 4469 inquit
976 4400 1203 4455 barbaro
1243 4400 1451 4454 dicendi
1497 4398 1679 4464 modo,
1708 4398 1965 4469 hominem

379 4474 733 4527 doctissimum
763 4479 810 4525 et
848 4467 1100 4531 sanctum.
1131 4479 1184 4524 ut
1213 4471 1275 4524 de
1298 4470 1459 4523 stellis
1490 4471 1686 4524 menius
1728 4467 1966 4540 Origenis

379 4546 699 4616 transferret.
728 4542 800 4597 At
826 4542 967 4623 quod
1010 4542 1075 4597 ad
1118 4540 1499 4623 illumulficinii
1534 4542 1727 4623 locum
1753 4542 1961 4621 attinet,
1990 4563 2044 4623 Ι)

379 4629 487 4668 non
514 4609 721 4667 constat
748 4630 815 4667 an
845 4609 901 4666 in
930 4628 1089 4669 vcros
1116 4611 1301 4665 llilarii
1333 4611 1384 4664 in
1416 4610 1519 4666 Job
1544 4618 1799 4664 tractatus
1828 4609 1954 4663 inci-

379 4684 539 4739 derit.
575 4688 683 4738 Aut
712 4692 859 4738 certe
901 4699 933 4738 a
983 4682 1247 4753 prtedicto.
1280 4696 1465 4753 errore
1510 4696 1639 4751 pura
1674 4679 1964 4753 judicanda

378 4764 505 4810 sunt
551 4772 668 4824 qutt-
711 4755 759 4807 in
803 4752 905 4809 Job
943 4750 1131 4808 scribit
1171 4752 1421 4813 llilarius,
1469 4750 1578 4824 aut,
1608 4751 1748 4824 quod
1793 4750 1962 4824 nefas,

381 4821 591 4894 pondus
645 4833 697 4879 et
755 4825 961 4891 pondus
1016 4825 1341 4894 Hieronymo
1365 4822 1808 4894 “attribuendum.
1862 4821 1965 4886 Qui

380 4890 522 4950 enim
537 4890 830 4966 generatim
846 4894 1043 4966 Hilarii
1069 4890 1234 4966 libros
1259 4890 1510 4966 inoffenso
1530 4892 1659 4966 pede
1678 4893 1965 4966 decurren-

380 4968 482 5020 tlos
511 4961 685 5028 docet,
714 4964 1027 5019 nominatim
1056 4965 1124 5019 de
1148 4963 1395 5031 Origenis
1430 4961 1485 5016 in
1520 4961 1622 5017 Job
1654 4961 1966 5017 tractatibus

381 5037 544 5105 epist.
574 5050 726 5091 Lxxv
749 5036 825 5090 ait
854 5053 867 5089 :
897 5034 976 5090 Ad
1006 5044 1055 5088 te
1081 5035 1273 5105 ipsum,
1302 5031 1580 5105 Vigilanti,
1606 5033 1802 5086 veniam
1828 5047 1846 5085 :
1872 5047 1966 5105 cur

381 5102 627 5179 tractatus
656 5109 769 5179 ejus
808 5104 1115 5179 (Origcnis)
1151 5104 1204 5179 in
1240 5102 1660 5179 Jobhdescriptos
1696 5105 1875 5179 lmbes,
1911 5103 1966 5155 in

381 5176 564 5259 quibus
591 5171 1046 5259 contradiabo‘lum
1076 5171 1399 5259 etdelstellis
1427 5171 1963 5259 cmlo'quedisputatm,

382 5242 615 5317 gutedam
644 5247 843 5301 locutus
865 5258 939 5301 est
964 5261 1077 5315 qua:
1104 5242 1335 5317 Ecclesia
1373 5259 1475 5297 non
1503 5245 1700 5317 recipit.
1730 5242 1839 5317 Cur
1867 5258 1963 5297 ex-

385 5314 605 5385 probrat
648 5322 763 5371 viro
807 5317 948 5387 quod
977 5314 1079 5387 vel
1116 5316 1414 5387 descriptos
1452 5315 1589 5383 apud
1634 5329 1691 5367 se
1736 5314 1969 5387 retineat

382 5384 631 5455 Origenis
662 5384 939 5452 tractatus,
968 5394 1024 5441 et
1046 5385 1258 5455 femina:
1285 5395 1471 5440 auctor
1495 5394 1577 5438 est
1601 5400 1705 5437 non
1729 5384 1969 5455 modout

382 5452 636 5521 retineat,
669 5458 763 5512 scd
799 5466 856 5513 et
892 5459 1034 5528 legat
1064 5454 1252 5511 Hilarii
1283 5455 1469 5528 libros,
1501 5455 1602 5508 nisi
1635 5454 1839 5528 qttia__i_n
1882 5452 1966 5506 his

384 5544 626 5585 errorem
682 5528 749 5583 de
794 5523 970 5584 stellis
1008 5544 1111 5581 non
1152 5527 1398 5592 advertit,
1444 5540 1601 5593 quem
1646 5526 1696 5579 in
1737 5523 1845 5579 illis
1882 5538 1969 5579 re-

383 5600 685 5670 spuendum
712 5598 1101 5668 duxit‘iNeque
1121 5596 1174 5651 in
1190 5597 1307 5670 hoc
1332 5598 1449 5667 ipso
1481 5602 1711 5670 tractatu
1743 5593 1847 5670 nisi
1881 5604 1962 5669 te-

384 5664 537 5726 mere
562 5684 716 5726 error
736 5670 878 5725 idem
906 5664 1223 5738 reprehendi
1256 5664 1449 5737 potest.
1481 5666 1662 5721 Primo
1689 5664 1833 5721 enim
1856 5666 1964 5738 non

385 5742 462 5798 ait
483 5756 578 5800 eas
595 5749 800 5798 tantum
822 5737 1164 5798 enunieratas
1192 5753 1314 5796 esse
1342 5737 1664 5806 creationes,
1692 5751 1813 5808 quae
1847 5737 1961 5792 ani~

2075 3357 2256 3416 mane,
2288 3349 2380 3405 sed
2418 3364 2543 3421 quae,
2583 3363 2688 3403 non
2728 3347 3090 3411 dissolvendae
3132 3356 3337 3404 essent.
3380 3347 3587 3404 Deinde
3615 3351 3663 3404 si

2073 3420 2224 3481 solis.
2256 3422 2416 3485 lunae,
2440 3420 2726 3475 Stellarum
2758 3430 2814 3474 et
2842 3434 2995 3487 aquae
3037 3434 3157 3486 quae
3195 3432 3358 3487 super
3398 3421 3567 3474 custos
3597 3421 3664 3474 sit

2075 3490 2349 3545 vocabulis
2377 3492 2524 3545 vivas
2548 3490 2873 3544 substantias
2901 3489 3183 3553 intellexit,
3217 3502 3290 3557 ea
3307 3502 3412 3541 non
3443 3490 3663 3557 proprie

2072 3560 2166 3613 sed
2195 3561 2511 3629 spiritaliter
2536 3557 2857 3613 intellexerit
2878 3571 3103 3621 necesse
3122 3568 3224 3611 est.
3249 3556 3433 3629 Neque
3446 3556 3662 3613 inﬁcias

2071 3629 2191 3695 ibit,
2223 3631 2309 3699 qui
2354 3631 2495 3684 illius
2539 3630 2679 3683 dicta
2722 3637 2875 3699 tract.
2920 3641 2999 3699 ps.
3033 3641 3313 3699 cxsttt,_n.
3342 3628 3394 3689 5,
3428 3641 3661 3695 perpen-

2071 3699 2165 3753 det
2191 3719 2201 3751 :
2233 3696 2321 3754 ubi
2350 3701 2525 3771 primo
2562 3698 2731 3768 punit,
2762 3697 3052 3753 absurdum
3081 3696 3249 3751 videri
3273 3705 3335 3750 ut
3361 3710 3516 3766 aquae
3546 3699 3663 3771 ani-

2071 3771 2231 3824 males
2270 3769 2429 3849 sint:
2476 3780 2586 3849 tum
2623 3773 2809 3849 sumit.
2857 3782 3026 3839 aquas
3074 3777 3450 3849 tamen-super
3491 3769 3661 3849 caelos

2072 3856 2194 3894 esse
2219 3856 2337 3910 qua:
2371 3841 2590 3896 laudent
2623 3838 2941 3902 Dominum,
2977 3853 3041 3892 ac
3084 3838 3309 3910 proinde
3349 3838 3609 3910 animales
3643 3858 3656 3893 :

2070 3908 2282 3965 tandem
2328 3926 2393 3965 ue
2422 3910 2718 3976 concludit,
2760 3924 3016 3979 aquarum
3060 3908 3275 3962 nomine
3319 3908 3545 3977 pupulas
3575 3909 3658 3964 in—

2071 3927 2387 4036 telligendos
2413 3997 2554 4036 esse.
2586 3996 2722 4036 auos
2748 3981 2887 4033 inter
2920 3980 3019 4032 sint
3054 3978 3306 4036 caelestes.
3345 3979 3444 4031 sint
3472 3988 3520 4033 et
3551 3990 3652 4032 ter-

2071 3982 2387 4052 telligendos
2413 3997 2554 4047 esse,
2586 3996 2722 4050 quos
2748 3982 2887 4033 inter
2920 3982 3019 4032 sint
3054 3982 3306 4043 cmlestes,
3345 3982 3444 4031 sint
3472 3988 3520 4033 et
3551 3990 3652 4032 ter-

2068 4061 2268 4117 restres,
2299 4061 2404 4107 etc.
2435 4052 2540 4107 Eas
2586 4065 2753 4120 aquas
2783 4048 2950 4120 magis
2985 4049 3201 4117 praprie
3244 4048 3454 4101 videtur
3485 4049 3654 4120 intel-

2328 3997 2387 4035 os
2413 3997 2554 4047 esse,
2586 3996 2722 4050 quos
2748 3981 2887 4033 inter
2908 3980 3019 4050 sint
3054 3978 3325 4050 caelestes,
3345 3979 3444 4031 sint
3472 3988 3520 4033 et
3551 3990 3652 4050 ter-

2072 4122 2238 4192 ligere
2269 4124 2321 4176 in
2360 4137 2440 4192 ps.
2473 4117 2679 4185 cxxxv,
2713 4138 2766 4173 n.
2797 4120 2851 4183 8,
2872 4118 3007 4192 dum
3037 4127 3191 4192 voeat
3217 4117 3651 4192 temperatioretn
3688 4185 3694 4190 ,

2071 4187 2340 4257 naturam,
2361 4187 2535 4258 'cujns
2561 4192 2770 4260 objecta
2803 4189 2958 4259 primi
2999 4188 3122 4244 creti
3150 4188 3308 4242 sedes
3345 4187 3654 4260 circumfusi

2071 4263 2165 4317 Dei
2192 4263 2390 4319 virtute
2420 4258 2643 4317 nimium
2673 4258 2895 4316 accensa
2940 4268 3286 4326 temperetur.
3322 4266 3380 4311 ut
3420 4258 3489 4312 ab
3519 4258 3656 4314 infe-

2070 4333 2302 4388 rioribus
2325 4337 2394 4388 sit
2414 4332 2664 4403 patienda
2691 4330 2919 4403 naturis.
2946 4329 3131 4403 Neque
3150 4327 3550 4403 etiantdubium
3573 4339 3657 4383 est

2070 4419 2136 4457 ex
2167 4413 2320 4475 tract.
2350 4398 2434 4475 ps:
2461 4418 2641 4469 CXLVI,
2672 4419 2726 4456 ιι.
2757 4400 2817 4475 5,
2846 4398 3192 4475 quas_stellas
3235 4398 3659 4475 animatas-sen-

2071 4476 2225 4541 serit,
2261 4469 2740 4543 ubi'explicaturus
2766 4469 2915 4539 illud,
2951 4470 3244 4543 Numerans
3277 4469 3654 4543 multitudinem

2071 4546 2353 4609 stellarum,
2379 4540 2513 4612 etc.,
2538 4544 2739 4613 rejecto
2765 4542 2996 4610 primum
3021 4542 3213 4613 littera:
3237 4554 3399 4593 sensu
3420 4540 3658 4613 subjicit,

2069 4614 2180 4670 Sed
2200 4608 2529 4669 numerantur
2557 4608 2640 4667 hic
2668 4608 2849 4676 stellat,
2881 4629 3007 4682 quas
3032 4608 3291 4664 Abraham
3325 4609 3658 4682 contu_itus_in

2070 4686 2195 4739 coelo
2237 4694 2333 4751 est,
2366 4703 2492 4754 quas
2532 4683 2687 4738 Isaac
2725 4678 2919 4753 accepit
2957 4683 3009 4734 in
3047 4682 3258 4744 semine,
3298 4695 3423 4747 quas
3459 4678 3657 4754 Paulus

2066 4756 2299 4828 discrevit
2322 4750 2387 4828 iri
2406 4757 2594 4828 gloria.
2622 4754 2738 4828 Non
2761 4750 2913 4828 enim
2930 4753 3215 4828 obscurum
3241 4750 3651 4828 es_t,stel|arum

2070 4826 2291 4881 nomine
2328 4820 2533 4882 ele'ctos
2575 4832 2630 4879 et
2669 4824 2809 4879 ﬁlios
2852 4822 3085 4877 Abrahae
3124 4836 3247 4874 eum
3290 4820 3653 4888 interpretari.

2070 4895 2255 4965 Neque
2280 4912 2405 4952 vero
2425 4898 2546 4966 quis
2575 4893 2774 4966 dixerit
2802 4894 2996 4966 cretum
3021 4903 3079 4966 _et
3111 4900 3307 4966 terram
3340 4889 3654 4957 spiritaliter

2070 4960 2338 5023 intellecta
2369 4960 2556 5022 ad'res
2590 4980 2696 5020 non
2728 4962 3098 5029 dissolvendas
3125 4960 3323 5029 pariter
3347 4974 3657 5013 accommo-

2073 5037 2188 5091 dari
2219 5039 2478 5106 potuisse.
2507 5036 2665 5091 Vetat
2687 5035 2830 5090 enim
2862 5031 3028 5106 illud,
3047 5028 3243 5106 Caelum
3272 5037 3320 5084 et
3348 5036 3487 5106 terra
3509 5038 3655 5106 trun-

2072 5100 2260 5162 sibunt.
2289 5108 2398 5163 Nec
2426 5108 2603 5164 simile
2631 5106 2919 5174 quidquam
2946 5102 3171 5174 habetur
3199 5102 3267 5155 de
3295 5100 3656 5174 creatinnibus

2072 5179 2320 5247 superius
2360 5172 2689 5233 memoratis.
2724 5172 2945 5247 Demum
2978 5172 3337 5247 Hieronymus
3366 5172 3525 5247 epist.
3550 5186 3657 5226 uti

2073 5241 2542 5318 ad'l‘heophilum,
2570 5253 2836 5318 quatenus
2860 5245 3142 5318 0_r_ige_nem
3165 5241 3395 5318 llilarius
3420 5241 3656 5294 imitatus

2072 5321 2140 5373 sit
2184 5312 2484 5375 declarans.
2521 5312 2650 5372 dum
2690 5317 2854 5368 dicit:
2890 5312 3304 5388 Noxiaguteque
3344 5312 3650 5388 dell-uncatis

2069 5390 2221 5443 utilia
2247 5388 2526 5452 transtulit,
2557 5390 2689 5441 satis
2718 5396 2903 5449 aperte
2932 5384 3200 5454 signiﬁcat
3222 5379 3375 5435 illum
3405 5379 3650 5454 Origenis

2070 5459 2138 5515 de
2166 5460 2335 5513 stellis
2368 5448 2590 5531 nmmos.
2625 5463 2684 5509 ut
2718 5470 2839 5510 cum
2871 5448 3424 5531 Licinio‘loquamur,
3454 5448 3560 5531 vel,
3592 5453 3653 5528 ut

2070 5545 2192 5586 cum
2216 5532 2332 5598 ipso
2367 5528 2716 5599 Hieronymo,
2753 5541 2873 5597 qua:
2901 5525 3141 5581 Ecclesia
3171 5539 3277 5580 non
3308 5525 3517 5589 recipit,
3550 5525 3653 5593 mi.-

2067 5602 2213 5659 nime
2233 5600 2592 5655 transtulisse.
3300 5604 3304 5608 ‘
3390 5600 3395 5605 '

2140 5671 2219 5743 (tt)
2251 5670 2304 5726 ln
2338 5686 2440 5727 ms.
2472 5670 2595 5743 quin
2619 5678 2866 5727 aeternum
2894 5673 3150 5724 maneant.
