4134 6184
434 213 540 270 885
608 231 617 239 *

1610 208 1858 269 SANCTI
1894 206 2152 267 HILARII
2192 206 2497 269 EPISCOPI

3622 207 3732 264 88b

431 328 570 385 intra
601 337 804 387 metum
839 338 896 386 et
933 327 1272 398 religionem,
1310 324 1438 379 dum
1466 324 1569 396 ipsi
1600 324 1738 381 intra
1766 325 2025 396 abyssum
2055 325 2112 387 Α
2137 323 2213 380 illi
2248 324 2431 394 utique
2458 322 2527 381 de
2551 324 2746 390 quibus
2769 324 2974 381 dictum
2998 333 3083 382 est
3111 344 3124 380 :
3160 325 3313 382 Plebs
3338 327 3447 381 hac
3478 326 3625 381 labiis
3646 342 3733 381 me

432 428 742 492 terramque
781 420 992 490 religati
1032 416 1324 488 impietatis
1368 424 1570 473 nostra:
1601 419 1777 487 poenis
1816 431 2028 488 praepa-

434 523 642 580 rantur,
659 519 990 567 coercerent.
1005 508 1205 565 Natura
1225 509 1381 579 ignis,
1400 509 1539 565 nivis
1565 510 1790 576 candor,
1811 508 1886 581 (a)
1903 525 2030 581 cry-

435 605 578 662 stalli
609 605 826 676 glacies,
870 603 1128 675 procellae
1171 602 1417 674 spiritus,
1470 604 1730 659 montium
1758 601 1978 658 celsitas
2011 642 2028 669 ,

437 697 713 754 distinctio
753 696 994 763 collium,
1028 694 1287 753 arborum
1320 695 1556 763 fructus,
1594 694 1889 751 bestiarum
1933 709 2030 749 va-

436 787 625 854 rietas,
659 802 915 857 pecorum
942 785 1169 848 utilitas.
1196 794 1510 856 serpentum
1541 785 1712 849 nisus,
1744 784 2029 865 volucrum

437 880 673 946 volatus,
696 894 883 951 regum
914 886 1173 948 potestas,
1198 877 1518 947 populorum
1544 875 1853 941 famulatus,
1886 874 2036 943 prin-

438 971 615 1041 cipum
643 970 902 1043 dignitas,
920 969 1163 1043 judicum
1186 967 1435 1038 aequitas,
1463 975 1682 1023 aetatum
1707 966 1950 1023 omnium
1978 973 2032 1021 et

437 1078 667 1122 sexuum
695 1078 894 1133 mores,
922 1063 1119 1129 studia,
1149 1062 1408 1126 virtutes;
1433 1060 1549 1117 haec
1568 1059 1749 1129 itaque
1775 1058 1953 1114 omnia
1980 1057 2035 1113 in

439 1157 686 1216 diversos
717 1156 1128 1229 ineffabilesque
1154 1170 1284 1213 usus
1309 1154 1565 1219 formata,
1597 1154 1885 1218 distincta,
1912 1153 2034 1208 ani.

438 1261 616 1316 mata.
648 1251 883 1322 perfecta
905 1293 920 1319 ,
951 1250 1228 1309 Creatoris
1261 1249 1655 1322 providentiam
1697 1247 1936 1303 laudant.
1972 1247 2039 1303 Et

440 1358 629 1399 eorum
660 1357 779 1411 quae
804 1352 894 1395 aut
925 1341 1183 1409 inanima,
1209 1349 1303 1395 aut
1326 1338 1715 1404 irrationabilia
1737 1345 1886 1404 sunt,
1910 1351 2042 1407 qua-

441 1435 510 1490 lis
540 1434 773 1491 laudatio
803 1441 950 1489 esset
978 1432 1239 1497 ostendit,
1270 1432 1458 1488 dicens
1490 1449 1504 1487 :
1541 1429 1669 1497 Quae
1688 1429 1887 1499 faciunt
1918 1444 2034 1485 ver-

443 1525 562 1579 bum
587 1525 702 1592 eius
727 1540 745 1580 :
768 1532 827 1579 ut
853 1537 922 1581 ex
947 1538 1031 1590 eo,
1063 1523 1205 1594 quod
1233 1524 1287 1580 in
1316 1521 1461 1579 hunc
1486 1519 1788 1577 officiorum
1820 1535 2041 1577 suorum

2137 416 2374 482 honorat,
2403 433 2491 472 cer
2528 426 2699 474 autem
2732 434 2906 474 eorum
2941 419 3092 491 longe
3122 429 3197 474 est
3223 436 3257 472 a
3292 434 3373 473 me
3398 417 3612 488 (blattis.
3640 432 3734 485 xv,

2135 506 2228 579 8);
2259 507 2355 563 sed
2383 507 2438 562 hi
2470 510 2557 577 qui
2591 509 2938 565 merebuntur
2971 510 3182 577 audire,
3237 508 3411 581 Prope
3442 519 3515 563 est
3553 506 3741 563 Domi-

2138 616 2234 659 nus
2278 598 2512 655 omnibus
2548 599 2900 655 invocantibus
2936 616 3054 655 eum
3090 599 3211 671 (Ps.
3253 616 3436 665 cxuv,
3476 599 3589 671 18).
3631 598 3744 654 illis

2138 706 2268 762 ergo
2300 691 2553 763 proprius
2585 691 2673 748 hic
2713 691 2949 764 hymnus
2984 702 3091 756 est,
3134 693 3223 763 qui
3256 693 3369 748 Deo
3410 691 3745 762 propinqua-

2138 784 2293 850 buut,
2326 785 2420 855 qui
2450 801 2544 855 per
2574 786 2679 841 hoc
2702 796 2905 842 sanctas
2931 786 3233 842 Jerusalem
3266 802 3487 858 regnum
3519 786 3740 841 beatum

2136 884 2347 933 aeterno
2392 892 2562 946 regno
2608 878 2859 947 proximi,
2905 889 3027 948 post
3075 895 3298 950 regnum
3347 881 3561 935 Domini
3607 879 3740 936 Jesu

2137 965 2338 1023 Christi
2393 968 2447 1023 in
2515 983 2738 1039 regnum
2798 970 2893 1025 Dei
2962 972 3127 1039 patris
3195 971 3424 1026 Domino
3506 986 3737 1043 congre-

2139 1069 2298 1131 gante
2337 1060 2659 1128 transibunt,
2702 1060 2965 1130 Apostoio
2996 1061 3209 1117 dicente
3244 1082 3255 1116 :
3284 1063 3414 1119 Cum
3451 1065 3617 1118 tradet
3648 1080 3735 1118 re-

2140 1165 2297 1222 gnum
2328 1148 2439 1205 Deo
2477 1151 2644 1219 patri,
2668 1168 2784 1206 cum
2811 1152 3131 1209 concusserit
3160 1169 3362 1210 omnem
3396 1153 3745 1226 principatum

2142 1251 2190 1298 et
2220 1257 2420 1299 omnem
2440 1252 2740 1316 potestatem
2763 1254 2811 1299 et
2832 1244 3068 1300 virtutem
3115 1245 3327 1317 Oportet
3352 1248 3490 1300 enim
3507 1263 3622 1301 eum
3650 1264 3741 1302 re-

2142 1351 2323 1406 gnare,
2347 1335 2508 1392 donec
2535 1345 2689 1407 ponat
2709 1353 2883 1391 omnes
2902 1338 3139 1392 inimicos
3161 1339 3255 1392 sub
3275 1338 3489 1409 pedibus
3511 1343 3626 1413 ejus
3644 1340 3744 1413 (ε).

2149 1427 2397 1485 Omnibus
2434 1430 2569 1484 enim
2610 1428 2851 1503 subjectis
2893 1429 2985 1485 sub
3028 1431 3241 1500 pedibus
3289 1434 3422 1504 ejus,
3469 1432 3751 1488 novissima

2146 1531 2421 1578 evacuatur
2456 1538 2616 1578 mors.
2657 1520 2806 1577 Cum
2839 1523 3037 1578 dixerit
3080 1541 3093 1577 :
3127 1523 3316 1578 Omnia
3352 1534 3472 1579 sunt
3514 1525 3750 1599 subjecta

443 1616 553 1673 sint
589 1615 836 1673 ordinem
878 1616 1188 1684 constituta,
1227 1614 1553 1687 praeconium
1591 1612 1709 1683 ejus
1750 1626 1782 1667 a
1820 1626 1928 1682 quo
1968 1612 2041 1668 ita
2069 1682 2115 1693 _
2147 1625 2331 1690 praeter
2360 1617 2509 1673 illum
2527 1618 2616 1687 qui
2639 1618 2689 1672 ei
2713 1617 2930 1687 subjecit
2964 1618 3157 1683 omnia,
3189 1626 3310 1673 tunc
3346 1619 3457 1686 ipse
3489 1619 3753 1693 subjectus

446 1709 556 1765 sint
584 1709 829 1765 instituta
860 1716 1143 1764 testentur.

516 1802 573 1857 7.
618 1800 977 1857 Rationalibus
1027 1816 1141 1871 quat
1190 1798 1439 1855 laudandi
1489 1794 1587 1853 Dei
1643 1814 1819 1853 causa.
1873 1797 2041 1869 Regni

443 1893 577 1949 beati
616 1892 780 1951 sedes.
827 1921 900 1933 —
939 1892 1176 1964 Regibus
1218 1906 1347 1948 vero
1390 1898 1448 1949 et
1486 1890 1702 1955 caeteris
1745 1888 1868 1945 aliis
1904 1897 2042 1945 tam-

442 2000 605 2055 quam
633 1983 860 2041 rationis
887 1983 1263 2048 consortibus,
1302 1982 1415 2037 baec
1446 1979 1700 2037 laudandi
1727 1994 1886 2037 causa
1920 1994 2044 2048 pro-

444 2060 619 2151 posita
649 2089 755 2144 est,
789 2078 950 2135 Vsus.
982 2078 1051 2133 l3
1077 2098 1090 2134 :
1130 2076 1266 2144 Quia
1293 2076 1572 2133 exaltatum
1598 2084 1672 2131 est
1707 2089 1890 2130 nomen
1928 2076 2044 2147 ejus

444 2172 625 2237 solius,
666 2172 923 2243 confessio
963 2175 1075 2245 ejus
1120 2185 1275 2240 super
1303 2168 1484 2225 etclam
1517 2177 1565 2223 et
1606 2175 1812 2223 terrens.
1845 2166 1914 2223 Et
1943 2166 2046 2222 hac

445 2263 665 2332 quidem
713 2260 855 2318 Deus
892 2276 1102 2333 regum,
1141 2270 1196 2317 et
1243 2260 1587 2329 populorum,
1617 2270 1670 2315 et
1714 2257 2040 2327 principum,

445 2362 500 2410 et
519 2353 784 2425 judicum,
814 2362 870 2409 et
897 2361 1117 2409 aetatum
1154 2350 1396 2408 omnium
1435 2349 1824 2406 constitutione
1853 2349 2041 2405 lauda-

446 2446 572 2502 bilis
601 2454 705 2513 est,
735 2445 859 2517 quia
901 2447 1022 2517 (ms.
1064 2444 1193 2517 quo)
1234 2443 1486 2501 humana:
1527 2441 1651 2499 vitae
1687 2456 1908 2500 cursum
1949 2440 2044 2498 tali

447 2537 789 2595 diversorum
832 2536 1138 2593 officiorum
1179 2534 1574 2604 temperatione
1610 2532 1907 2589 contineat.
1938 2532 2045 2588 Ta-

447 2644 575 2686 men
604 2629 729 2699 quia
755 2629 934 2685 omnis
975 2627 1225 2696 superior
1256 2625 1495 2682 laudatio
1534 2623 1676 2678 beati
1706 2621 1855 2679 illius
1892 2621 2044 2693 regni

447 2726 664 2788 tempus
702 2716 968 2779 ostendit:
1010 2716 1150 2773 hanc
1189 2730 1408 2772 causam
1450 2714 1625 2771 laudis
1665 2713 1884 2783 adjecit,
1924 2713 2048 2778 quia

446 2813 728 2867 exaltatum
757 2821 833 2867 est
861 2827 1042 2866 nomen
1066 2813 1182 2883 ejus
1206 2809 1383 2866 solius.
1414 2808 1550 2866 Tum
1573 2807 1715 2864 enim
1743 2801 2047 2863 Deus'unus

448 2904 613 2960 etiam
640 2902 709 2958 ab
736 2902 922 2959 invitis
952 2911 1006 2957 et
1033 2902 1357 2973 intelligitur
1377 2910 1431 2957 et
1455 2900 1531 2973 (ὁ)
1557 2900 1792 2966 videtur,
1818 2899 2047 2970 religato

448 2993 693 3061 diabolo,
722 3003 775 3050 et
815 2994 1025 3068 angelis
1060 2994 1181 3063 ejus
1210 3008 1383 3064 parum
1413 3007 1536 3048 cum
1577 3006 1644 3047 eo
1673 2991 1862 3049 aeterni
1907 2990 2045 3060 ignis

448 3086 708 3153 addictis,
740 3095 797 3145 et
829 3088 976 3144 omni
1013 3085 1334 3154 spiritalium
1375 3083 1733 3155 nequitiarum
1777 3092 2044 3154 potestate

456 3180 702 3240 sublata;
750 3192 872 3231 cum
913 3178 1023 3247 jam
1074 3192 1181 3231 non
1230 3186 1529 3247 peccatum,
1572 3190 1678 3230 non
1725 3190 1893 3241 mors,
1938 3190 2046 3230 non

451 3281 702 3328 terrenus
740 3269 828 3325 hic
859 3268 1089 3323 mundus
1128 3269 1218 3322 sit.
1252 3269 1343 3323 Ait
1372 3269 1546 3335 enim,
1580 3268 1744 3321 Vens.
1778 3270 1842 3322 il
1870 3285 1882 3319 :
1912 3267 2047 3324 Con-

451 3364 606 3435 fessio
635 3367 746 3438 ejus
784 3379 936 3434 super
974 3363 1154 3418 caelum
1198 3372 1246 3418 et
1274 3363 1486 3427 terram,
1527 3371 1574 3417 et
1608 3360 1854 3417 exultavit
1886 3376 2048 3415 cornu

450 3455 633 3526 populi
657 3456 740 3510 sui
767 3471 787 3509 :
810 3455 861 3508 id
881 3462 983 3520 est,
1010 3454 1064 3507 in
1088 3453 1182 3508 illo
1206 3454 1378 3508 beatae
1401 3453 1632 3508 civitatis
1653 3452 1798 3506 illius
1823 3452 2041 3520 sacculo,

450 3549 545 3605 ubi
570 3562 739 3605 cornu
766 3546 949 3621 populi
980 3546 1060 3601 sui
1086 3545 1347 3600 Dominus
1368 3544 1647 3609 exaltabit,
1679 3551 1734 3599 et
1763 3542 2047 3615 incorrup-

450 3642 656 3698 tionem
695 3643 769 3705 ei,
801 3656 922 3710 qua:
960 3638 1293 3709 significatur
1336 3639 1387 3693 in
1418 3653 1610 3704 cornu,
1652 3652 1747 3709 per
1778 3636 2044 3694 honorem

450 3732 877 3791 immortalitatis
898 3729 1191 3799 impertiet.
1218 3728 1355 3785 Tum
1380 3729 1524 3784 enim
1547 3730 1742 3785 caelum
1772 3744 1970 3782 novum
1991 3739 2047 3784 et

452 3836 597 3880 terra
630 3836 765 3877 nova
792 3822 914 3887 crit,
939 3836 1060 3875 cum
1094 3820 1178 3874 his
1207 3821 1564 3890 praesentibus
1592 3820 1872 3876 dissolutis
1904 3836 2043 3877 nova

451 3916 542 3971 illa
573 3924 631 3971 et
674 3922 882 3971 aeterna
923 3913 1236 3971 succedent.
1271 3912 1396 3970 ideo
1426 3911 1695 3971 confessio
1725 3915 1843 3986 ejus
1882 3931 2046 3987 super

449 4006 648 4064 coelum
675 4014 731 4060 et
753 4015 950 4062 terram
977 4002 1235 4059 reddetur
1262 4020 1279 4058 :
1309 4004 1434 4073 quia
1462 4019 1569 4063 non
1606 4004 1659 4060 in
1693 4005 1799 4061 hoc
1820 4007 2039 4074 sacculo,

449 4112 626 4169 neque
650 4096 706 4151 in
738 4095 842 4151 hoc
880 4111 1038 4162 aere,
1072 4095 1167 4152 sed
1210 4096 1264 4150 in
1303 4097 1672 4167 superioribus
1712 4098 1847 4161 locis
1883 4098 2045 4156 sedes

449 4191 595 4246 beati
623 4188 766 4244 illius
791 4188 939 4257 regni
973 4193 1057 4242 est
1076 4186 1389 4243 constituta.

524 4284 578 4339 8.
617 4282 849 4354 Populus
883 4282 1325 4351 appropinquans,
1351 4281 1440 4352 qui
1477 4281 1587 4348 iam
1619 4282 1677 4338 in
1710 4298 1865 4354 regno
1891 4281 2042 4350 Filii,

450 4375 684 4431 nondum
716 4374 770 4425 in
797 4387 957 4444 regno
994 4370 1190 4424 Patris.
1218 4400 1292 4412 ——
1316 4370 1384 4424 Et
1419 4371 1543 4441 quia
1570 4371 1701 4425 illud
1732 4380 2041 4427 sanctorum

2068 1682 2119 1744 Β
2145 1682 2242 1764 erit
2280 1709 2361 1764 illi
2387 1711 2473 1777 qui
2509 1682 2557 1764 ei
2594 1682 2817 1783 subjecit
2858 1711 3050 1777 omnia,
3091 1682 3150 1763 ut
3175 1711 3242 1763 sit
3283 1682 3427 1765 Deus
3473 1682 3644 1765 omnia
3688 1714 3747 1767 in

2143 1798 2376 1855 omnibus
2397 1797 2542 1871 (Cor.
2573 1815 2664 1865 xv,
2719 1800 2791 1856 24
2830 1809 2880 1855 et
2902 1798 3090 1872 seqq.).
3124 1799 3224 1855 ilic
3250 1816 3381 1871 ergo
3406 1802 3634 1871 populus
3661 1810 3753 1859 est

2145 1893 2513 1964 propinquans
2557 1906 2726 1963 regno
2764 1893 2857 1948 Dei
2896 1892 3064 1964 patris
3102 1907 3201 1963 per
3234 1908 3461 1964 regnum
3500 1893 3596 1948 lilii
3643 1896 3742 1951 Dei

2148 1982 2450 2054 prosimus.
2490 1983 2702 2054 Regnat
2740 1985 2923 2055 itaque
2971 1984 3252 2051 Dominus,
3298 1985 3601 2040 traditurus
3636 1986 3756 2042 Deo

2147 2076 2287 2145 patri
2328 2090 2585 2146 regnum;
2632 2091 2741 2131 non
2791 2075 2943 2147 regni
2989 2084 3260 2147 potestate
3302 2078 3601 2141 cariturus.
3651 2078 3755 2134 sed

2143 2182 2265 2243 nos,
2295 2166 2386 2236 qui
2416 2181 2643 2235 regnum
2668 2166 2789 2236 ejus
2820 2181 3028 2233 sumus,
3058 2167 3167 2222 Deo
3194 2167 3331 2236 patri
3367 2168 3664 2224 traditurus
3692 2169 3751 2224 in

2146 2274 2371 2331 regnum
2402 2259 2502 2329 (V.
2536 2260 2574 2315 l.
2608 2275 2661 2315 xl
2711 2259 2773 2315 de
2806 2257 2992 2325 Trin.,
3033 2276 3085 2312 η.
3134 2260 3250 2330 59).
3295 2261 3466 2331 Regni
3504 2261 3751 2331 traditio,

2148 2362 2335 2409 nostra
2366 2351 2648 2421 provectio
2675 2360 2788 2417 est;
2834 2358 2892 2406 ut
2919 2352 3008 2421 qui
3050 2352 3103 2406 in
3141 2367 3312 2423 regno
3352 2352 3475 2408 Filii
3516 2355 3747 2422 erimus,

2146 2445 2201 2500 in
2233 2459 2401 2515 regno
2429 2460 2644 2515 quoque
2670 2445 2840 2500 simus
2868 2454 2923 2499 et
2948 2445 3131 2500 Patris
3158 2446 3340 2516 :digui
3364 2461 3463 2518 per
3496 2446 3551 2501 id
3574 2462 3749 2519 regno

2145 2533 2350 2599 Patris,
2374 2534 2498 2604 quia
2520 2533 2667 2605 digni
2690 2549 2858 2604 regno
2876 2535 3079 2591 erimus
3104 2544 3161 2592 et
3179 2536 3339 2604 Filii;
3371 2538 3602 2608 proximi
3625 2549 3741 2593 tum

2146 2626 2323 2682 Patris
2348 2642 2534 2698 regno,
2568 2642 2691 2683 cum
2721 2627 2843 2683 Filii
2870 2626 2952 2697 (ά)
2990 2629 3194 2683 erimus
3224 2630 3278 2684 in
3304 2644 3472 2700 regno
3500 2646 3512 2683 :
3542 2632 3634 2701 qui
3662 2639 3748 2687 est

2146 2717 2469 2776 benedictus
2498 2719 2554 2775 in
2584 2720 2780 2776 saecula
2811 2719 3155 2775 satculorum.
3188 2720 3385 2776 Amen.

2652 2850 2969 2910 PSALMUS
3005 2852 3239 2911 CXLIX.

2817 2966 3062 3023 Alleluia.

2075 3045 2121 3115 C
2223 3055 2438 3115 Cautate
2457 3055 2683 3113 Domino
2711 3059 2963 3114 canticum
2983 3074 3193 3127 novum,
3216 3059 3329 3115 laus
3354 3058 3539 3133 (Infra,
3572 3062 3754 3119 laudu-

2148 3147 2241 3221 tio)
2274 3152 2384 3221 ejus
2414 3149 2468 3201 in
2499 3150 2710 3203 ecclesia
2731 3158 3047 3203 sanctorum.
3069 3148 3292 3204 Laetetur
3316 3148 3484 3206 Israel
3498 3154 3549 3205 in
3570 3169 3626 3206 eo
3660 3155 3752 3223 qui

2148 3239 2269 3310 fecit
2312 3255 2445 3305 eum,
2476 3246 2524 3293 et
2563 3240 2661 3307 ﬁlii
2708 3239 2835 3294 Sion
2871 3242 3123 3295 exsultent
3165 3257 3319 3313 super
3364 3259 3531 3317 regem
3572 3260 3749 3298 suum.

2148 3326 2385 3391 Laudent
2412 3349 2596 3389 nomen
2626 3334 2738 3405 ejus
2774 3334 2827 3390 in
2857 3336 3037 3398 choro,
3068 3335 3122 3389 in
3150 3324 3398 3406 tympano
3428 3345 3476 3390 et
3502 3337 3757 3405 psalterio

2147 3424 2379 3495 psallunt
2397 3423 2460 3476 ei.
2489 3423 2744 3489 Quoniam
2760 3422 3129 3494 beneplacituns
3150 3435 3221 3481 est
3236 3424 3461 3480 Domino
3487 3428 3753 3499 iupopulo

2155 3532 2250 3570 suo
2282 3532 2301 3570 :
2327 3516 2568 3570 exultavit
2590 3516 2776 3585 (Infra,
2810 3517 3076 3588 exaltabit)
3106 3528 3397 3572 mansuetos
3424 3520 3479 3573 in
3503 3520 3747 3576 salutent.

2148 3607 2495 3665 Exsultabunt
2508 3609 2669 3663 sancti
2682 3609 2734 3662 in
2749 3609 2947 3682 gloria:
2964 3610 3271 3666 [elabuntur
3282 3611 3334 3664 in
3350 3610 3605 3667 cubilibus
3618 3613 3749 3667 suis.

2147 3699 2541 3755 Exsultationes'
2564 3700 2657 3754 Dei
2687 3703 2740 3756 in
2762 3702 2995 3770 faucibus
3021 3702 3220 3775 (Infra,
3251 3704 3493 3774 gutture)
3523 3720 3695 3759 eorum
3731 3722 3747 3758 :

2148 3803 2198 3849 et
2216 3794 2420 3865 gladius
2430 3795 2672 3864 ancipitis
2687 3792 2868 3866 (infra,
2890 3794 3050 3867 gladii
3072 3795 3149 3848 bis
3168 3795 3330 3866 acuti)
3350 3796 3401 3849 in
3415 3796 3643 3849 nianibus
3654 3810 3751 3849 eo-

2146 3902 2283 3951 rum,
2302 3887 2369 3940 ad
2382 3887 2667 3957 faciendam
2681 3886 2955 3940 vindictam
2975 3887 3027 3941 in
3042 3888 3354 3952 nationibus,
3372 3888 3751 3959 increpfttiones

2149 3979 2334 4050 (Infra,
2357 3978 2758 4053 objurgationes)
2783 3980 2837 4034 in
2858 3973 3085 4049 populis.
3108 3980 3189 4033 Ad
3217 3980 3512 4053 alligandos
3532 3996 3675 4053 reges
3698 3982 3754 4036 in

2148 4072 2363 4125 manicis
2389 4080 2437 4126 et
2466 4070 2670 4143 (Abest
2691 4070 2828 4125 infra
2861 4072 3073 4126 manicis
3100 4074 3171 4142 et)
3200 4074 3542 4144 compedibus,
3576 4085 3622 4128 et
3653 4091 3750 4128 uo-

2148 4163 2273 4218 biles
2293 4181 2468 4220 eorum
2507 4165 2560 4219 in
2588 4166 2803 4220 vinculis
2829 4165 3029 4236 ferreis.
3064 4164 3133 4220 Ut
3163 4167 3357 4237 faciant
3392 4167 3443 4220 in
3482 4168 3552 4221 eis
3597 4167 3737 4231 judi-

2147 4257 2283 4312 cium
2306 4257 2649 4326 conscriptum
2672 4273 2691 4310 :
2717 4248 2882 4330 gloria
2899 4258 3007 4311 lucc
3030 4266 3106 4313 est
3132 4258 3366 4312 omnibus
3395 4259 3585 4315 sanctis
3606 4262 3741 4332 ejus.

2440 4348 2441 4351 ‘
2501 4368 3104 4445 mrnacruus
3143 4366 3413 4427 PSALMI.

450 4473 538 4521 est
576 4477 824 4535 regnum,
854 4420 961 4532 aper
989 4460 1131 4533 quod
1175 4420 1691 4532 regnantejliomino
1732 4461 1800 4516 ad
1830 4463 2044 4517 beatum
2070 4420 2126 4481 Β
2226 4461 2279 4517 1.
2303 4420 2803 4532 Ρδαιηιίᾨῖᾶἱοτίε
2831 4464 3283 4533 recapitulatio.-——
3315 4463 3576 4534 Superior
3607 4465 3754 4534 psal-

360 4540 367 4549 ’
449 4569 677 4627 regnum
724 4551 817 4609 Dci
862 4550 1030 4621 patris
1072 4549 1434 4617 adscendcnt;
1480 4549 1755 4620 psalmum
1803 4551 1876 4606 ita
1927 4567 2052 4623 pro-
2151 4568 2274 4609 mus
2297 4568 2513 4609 omnem
2540 4553 2876 4608 creationum
2920 4552 3292 4609 diversitatem
3320 4554 3387 4607 ad
3415 4554 3628 4608 laudem
3653 4555 3751 4610 Dei

445 4648 609 4720 pheta
639 4644 950 4701 conclusit:
980 4641 1219 4713 Hymnus
1256 4642 1494 4696 omnibus
1527 4643 1717 4697 sanctis
1760 4643 1892 4713 ejus,
1922 4645 2048 4713 ﬁliis
2151 4645 2412 4701 creatoris
2450 4653 2534 4701 est
2564 4645 2922 4701 adhortatus:
2950 4653 3005 4701 et
3054 4646 3188 4700 ordo
3217 4661 3247 4700 a
3277 4647 3589 4703 coelestibus
3637 4662 3754 4702 (‘03-

447 4740 617 4796 Israel
645 4740 836 4814 populo
872 4737 1306 4812 appropinquanti
1347 4737 1463 4791 sibi.
1503 4735 1822 4793 Sanctorum
1863 4740 2041 4794 omnis
2151 4744 2297 4808 plus,
2330 4745 2521 4791 cuncta
2554 4744 2714 4791 terrae
2744 4751 2806 4791 ac
2844 4734 3006 4792 maris
3030 4745 3082 4792 et
3112 4737 3255 4792 aeris
3298 4737 3591 4793 animantia
3620 4753 3750 4808 pcr-

454 4832 545 4889 ltic
572 4831 804 4903 hymnus
831 4840 937 4897 est,
957 4828 1047 4900 qui
1072 4828 1263 4893 Deum,
1292 4843 1396 4884 non
1423 4834 1487 4884 ut
1507 4829 1688 4884 caeteri
1706 4827 1873 4903 648
1893 4846 2049 4901 reges
2148 4828 2334 4894 currit,
2367 4828 2617 4883 universo
2644 4842 2859 4898 quoque
2883 4843 3082 4898 genere
3103 4837 3345 4893 aetatum,
3375 4843 3619 4895 sexuum,
3652 4843 3751 4895 po-

448 4931 542 4975 aut
571 4922 844 4991 principes
865 4932 956 4978 aut
992 4921 1224 4990 iudices,
1259 4936 1360 4989 pro
1389 4918 1607 4977 virtutis
1641 4930 1695 4975 et
1734 4922 2036 4978 confessio-
2150 4930 2403 4977 teatatum
2434 4921 2501 4975 ad
2534 4920 2796 4976 honorem
2828 4920 3023 4976 debitae
3055 4920 3413 4975 confessionis
3441 4919 3747 4986 admonito,

442 5013 529 5067 nis
550 5012 905 5067 admiratione
934 5013 1169 5078 laudent,
1194 5011 1290 5066 sed
1314 5027 1410 5080 pro
1435 5011 1631 5081 gaudio
1653 5024 2040 5071 consummata:
2146 5025 2207 5071 ut
2227 5014 2451 5086 gloriam
2476 5014 2612 5085 ejus,
2634 5016 2724 5085 qui
2753 5029 2813 5069 se
2834 5012 2901 5069 ad
2925 5013 3086 5068 vitam
3108 5013 3425 5081 auimasset,
3448 5012 3747 5081 firmasset,

444 5105 501 5160 in
532 5118 593 5159 se
620 5102 970 5164 beatitudinis
992 5116 1047 5161 et
1072 5104 1432 5177 gratulatione
1458 5104 1790 5161 cantantium
1820 5122 1834 5157 :
1867 5107 2041 5163 sancti
2146 5115 2394 5163 ornasset
2421 5146 2438 5173 ,
2485 5107 2604 5176 pius
2653 5106 2949 5176 gratiarum
3001 5118 3183 5159 sermo
3234 5103 3555 5159 celebraret.
3583 5103 3750 5157 Post-

439 5196 675 5264 scilicet,
702 5198 797 5267 qui
825 5195 990 5255 Israel
1014 5197 1112 5256 lilii
1141 5206 1289 5267 sunt,
1315 5198 1427 5256 Deo
1446 5199 1902 5272 propinquantes;
1928 5215 2039 5257 non
2143 5215 2326 5272 quam,
2355 5206 2419 5254 ut
2460 5200 2680 5270 dignum
2733 5198 2854 5266 fuit,
2888 5196 3158 5268 Propheta
3200 5195 3393 5269 psalmi
3438 5193 3603 5264 hujus
3633 5192 3748 5250 fine

503 5373 585 5499 Σο)
636 5373 918 5444 Quomodo
960 5371 1241 5443 superiore
1272 5382 1501 5433 tractatu
1549 5392 1697 5432 num.
1738 5378 1792 5445 5,
1837 5380 2023 5451 pruina

538 5445 658 5499 ulte.
688 5452 744 5499 et
781 5443 835 5498 in
880 5443 1012 5499 ossi.
1045 5456 1153 5499 le.
1188 5460 1246 5499 η.
1280 5447 1345 5499 14
1377 5447 1474 5499 :in
1510 5449 1833 5499 contentione
1860 5453 2021 5499 nicto-

434 5443 744 5516 nebulae,et
781 5443 835 5498 in
880 5443 1012 5516 pssl.
1045 5456 1153 5516 ιιι,
1188 5460 1246 5499 n.
1276 5447 1345 5516 μ
1377 5447 1474 5501 :in
1510 5443 2021 5504 contentione'victo-

433 5517 563 5592 riae;
585 5516 657 5569 ita
684 5512 769 5592 hic
799 5512 1236 5592 nonucrystallum
1256 5514 1534 5592 dumtaxat
1563 5521 1774 5592 ponitur
1793 5529 1885 5576 aut
1909 5523 2023 5592 gla-

2231 5380 2286 5451 b)
2314 5377 2539 5451 Sicine;
2562 5377 2635 5434 At
2659 5377 2813 5451 editi,
2843 5376 3118 5451 uidebitur.

2230 5445 2279 5523 ο)
2314 5449 2596 5523 ΒλάηΑβττ
2626 5461 2679 5523 et
2708 5448 2861 5523 Lips.
2891 5446 3081 5503 Omnes
3109 5447 3249 5523 enim
3270 5445 3506 5523 subjiciet
3524 5447 3616 5523 sub
3640 5465 3737 5519 pe-

1129 5518 1236 5594 tum
1256 5518 1534 5594 dumtaxat
1563 5521 1774 5594 ponitur
1793 5529 1885 5594 aut
1909 5523 2023 5592 gla-
2130 5518 2280 5594 dibu}
2301 5523 2431 5594 ejus.
2460 5518 2753 5594 Novissima
2782 5520 2917 5576 enim
2933 5520 3265 5576 evacuabitur
3281 5518 3439 5574 mors.
3467 5518 3527 5573 γ.
3554 5519 3652 5577 lib.
3678 5536 3742 5576 xx

436 5587 557 5661 cies,
603 5586 697 5661 sed
734 5584 962 5657 crystalli
1004 5584 1215 5659 glacies,
1255 5585 1464 5655 duobus
1503 5584 1711 5661 legendi
1745 5584 2022 5651 modis'ita
2129 5592 2199 5648 de
2228 5584 2401 5661 Trin,
2437 5606 2492 5646 n.
2526 5590 2620 5645 22.

433 5654 725 5727 adoptatis.
792 5654 806 5657 ⁷
1007 5654 1023 5659 "
1559 5654 1587 5661 ⁷
2206 5660 2284 5737 (d)
2316 5660 2480 5730 Editi,
2517 5661 2705 5723 erimus
2730 5676 2946 5737 regnum
2971 5678 2990 5717 :
3019 5659 3367 5736 corriguntur
3395 5674 3465 5720 ex
3494 5662 3628 5733 me.)
