4134 6184
388 250 497 313 sss
1202 320 1211 327 ,
1453 251 1875 321 τιιΑιιτΑτυε
1909 252 1977 313 tu
2014 253 2227 319 cxux
2259 234 2612 325 esamuu.‘
3579 280 3686 345 εκ

386 367 662 461 proprium
707 367 874 461 otiieii
899 371 983 431 sui
1011 384 1205 461 munus
1230 367 1561 461 expleverat,
1585 365 1841 431 omnibus
1865 365 1981 437 qui-
2007 367 2057 433 Α
2084 368 2308 431 Lretetur
2325 372 2493 437 Israel
2514 377 2569 439 in
2589 395 2649 439 ea
2669 383 2759 453 qui
2782 387 2902 457 fecit
2921 403 3062 455 eum,
3078 397 3128 449 α
3149 389 3249 459 ﬁlii

385 456 509 512 dem
536 458 605 514 ad
628 459 844 519 laudem
871 460 1105 525 divinant
1133 460 1459 525 adhortatis,
1486 460 1748 537 hymnum
1776 467 1983 521 tantum

382 567 504 608 esse
541 565 853 619 sanctorum
900 556 1018 627 ejus
1058 555 1326 619 ostendit,
1383 554 1505 609 ﬁliis
1548 553 1759 609 scilicet
1796 553 1981 621 lsrael,

382 648 585 718 populo
606 649 699 721 qui
734 648 889 707 ﬁeret
919 650 1027 704 Deo
1069 650 1348 723 proximus
1378 663 1394 714 ;
1427 655 1485 701 nt
1512 660 1633 703 cum
1664 645 1984 700 universitas

381 741 559 794 omnis
590 741 758 794 Deum
790 756 854 795 ex
885 740 1009 801 vitae
1044 754 1155 797 suae
1197 754 1360 794 sensu
1387 747 1442 792 et
1479 736 1836 811 gratulatione
1870 736 1985 793 lau—

286 878 291 883 .
378 831 582 897 dasset,
606 830 770 888 Israel
802 842 979 889 tamen
1003 831 1078 904 (a)
1093 834 1141 889 ei
1166 832 1317 888 solus
1342 830 1700 903 approprians
1724 829 1982 901 hymnum

380 923 450 979 de
496 924 822 995 cegnitionis
867 940 932 978 ac
992 924 1319 996 dignationis
1380 922 1573 976 divinae
1619 921 1983 985 familiaritate

380 1024 647 1071 cantaret.
676 1015 810 1073 Post
837 1031 958 1087 qua:
1003 1032 1149 1073 nunc
1191 1015 1259 1072 ad
1285 1014 1607 1079 cantandum
1644 1013 1752 1075 Deo
1782 1027 1978 1068 novum

382 1107 648 1169 canticum
681 1106 757 1177 (ὁ)
784 1108 1090 1163 incitamur.
1109 1107 1174 1163 Et
1205 1107 1343 1163 forte
1372 1106 1502 1163 nihil
1533 1106 1671 1165 ultra
1695 1104 1981 1174 reliquisse

381 1198 623 1270 psalmus
652 1201 898 1259 anterior
919 1200 1174 1254 novitatis
1198 1198 1678 1268 admirationisque
1703 1196 1978 1265 credatur,

380 1305 505 1346 cum
537 1292 582 1346 si
608 1291 735 1362 quid
763 1292 895 1349 illud
925 1291 977 1346 in
1004 1292 1363 1363 gratulatione
1386 1298 1567 1347 nostra
1596 1280 1866 1359 sensuque
1886 1290 1977 1367 sit,

383 1383 617 1453 idipsum
667 1384 717 1447 in
757 1383 918 1439 laude
957 1393 1213 1459 oportere
1278 1399 1400 1440 esse
1461 1381 1832 1453 praescriptum
1886 1382 1976 1436 sit.

381 1473 594 1529 Eﬂerre
644 1483 822 1535 autem
869 1489 930 1531 se
966 1460 1109 1533 .ultra
1152 1475 1430 1531 caelestem
1474 1475 1658 1529 sedem
1702 1472 1773 1546 (c)
1824 1488 1978 1533 meus

381 1579 567 1623 nostra
593 1583 699 1624 non
730 1568 933 1633 sufﬁcit
964 1588 977 1623 :
1002 1570 1096 1626 sed
1126 1571 1348 1629 laudare
1380 1570 1548 1625 Deum
1575 1586 1639 1633 ea
1667 1584 1786 1639 qua:
1816 1584 1978 1639 supra

378 1661 549 1715 ctelos
577 1668 705 1713 sunt
731 1660 1112 1721 admonentur.
1147 1660 1382 1715 Rursum
1429 1670 1608 1719 autem
1659 1674 1718 1725 se
1757 1658 1978 1725 tendere

2085 478 2241 532 super
2265 480 2433 536 regem
2486 485 2673 533 suum:
2706 475 2921 535 laudent
2970 496 3156 541 nomen
3184 485 3297 553 ejus
3322 483 3380 545 in
3406 482 3586 550 Mos
3621 485 3681 547 in

2086 563 2329 653 tympana
2365 568 2410 615 ct
2443 562 2685 630 psalterio
2724 570 2950 641 psallunt
2981 573 3046 631 ei.
3085 570 3159 644 (ε)
3186 573 3247 637 Id
3272 581 3375 640 est.
3400 575 3458 639 in
3482 590 3550 633 eo
3583 576 3680 653 qui

2086 649 2385 711 secundum
2418 658 2751 726 nonagesimi
2774 669 2829 715 et
2858 664 3030 732 quinti
3060 666 3249 733 psalmi
3280 670 3547 730 canticum
3577 649 3679 731 ua-

2083 752 2210 794 vum
2250 743 2494 815 regnabit
2542 746 2596 805 in
2641 752 2916 821 gentibus,
2949 765 3004 815 et
3048 755 3115 829 (Ῑ)
3140 774 3301 825 quem
3345 759 3397 817 in
3427 760 3681 828 sequenti

2084 832 2295 891 cantico
2340 852 2514 904 novo,
2566 840 2623 897 in
2652 843 2992 909 mirabilibus
3032 848 3186 909 iactis
3242 851 3355 906 suis
3385 851 3675 913 Dominum

2084 927 2314 982 salvabit
2352 929 2574 986 dextera
2615 951 2731 990 sua.
2782 938 2958 1010 Super
2979 941 3081 997 hoc
3123 944 3284 1013 igitur
3311 961 3440 1017 rege
3467 947 3680 1007 laetatur

2080 1018 2246 1077 Israel
2276 1032 2330 1083 et
2377 1024 2507 1081 Sion
2556 1028 2671 1095 lilii,
2715 1032 2834 1099 ejus
2878 1035 3083 1101 scilicet
3127 1037 3260 1095 Sion
3283 1054 3401 1108 qum
3428 1041 3676 1101 materin

2082 1114 2236 1169 caelis
2256 1123 2359 1179 est,
2389 1134 2509 1187 quae
2549 1124 2977 1193 conscriptorum
3024 1128 3421 1199 primitivorutu
3443 1142 3496 1188 et
3518 1147 3677 1203 ange-

2083 1205 2261 1263 lorum
2289 1207 2744 1281 frequentantium
2787 1218 2979 1275 civitas
3007 1229 3129 1284 est;
3163 1229 3219 1279 et
3255 1221 3422 1277 Israel
3449 1223 3560 1288 ille,
3587 1223 3677 1292 qui

2080 1297 2275 1364 spiritu
2312 1314 2419 1359 non
2466 1301 2645 1359 littera
2682 1304 2927 1377 (subduci.
2976 1311 3211 1381 laetetur)
3233 1321 3289 1369 et
3328 1329 3491 1384 super
3515 1329 3677 1384 quem

2082 1388 2327 1458 Apostoli
2361 1407 2461 1461 pax
2490 1403 2575 1450 est
2625 1395 2773 1468 (Gai.
2822 1416 2899 1465 vt,
2928 1401 3040 1472 16).
3077 1404 3139 1459 lii
3167 1420 3299 1474 ergo
3328 1406 3443 1470 lilii,
3469 1407 3559 1474 qui
3581 1422 3677 1469 su-

2081 1480 2373 1548 scipientes
2405 1487 2837 1561 conﬁtentesque
2876 1508 3058 1563 regem
3105 1495 3197 1549 lilii
3227 1496 3321 1553 Dei
3371 1497 3501 1557 facti
3528 1508 3676 1565 sunt,

2080 1579 2136 1625 et
2158 1570 2210 1629 hi
2234 1588 2363 1643 ergo
2403 1577 2493 1646 qui
2527 1579 2579 1635 in
2607 1594 2838 1651 corpore
2870 1584 3039 1641 Deum
3069 1587 3269 1645 mentis
3294 1588 3467 1645 oculis
3513 1603 3680 1656 agno-

2078 1673 2294 1732 verunt,
2328 1666 2653 1726 laetabuntur
2680 1673 2733 1726 in
2779 1673 2970 1741 choro,
3000 1677 3055 1731 in
3088 1684 3345 1749 tympano
3382 1679 3672 1748 psalterion

378 1751 519 1806 ultra
559 1750 742 1825 abyssi
784 1752 1202 1813 immensitatem
1241 1750 1609 1823 intelligentia:
1634 1760 1833 1807 nostrae
1861 1753 1979 1821 opi-
2006 1752 2055 1817 B
2084 1772 2189 1826 que
2234 1758 2549 1831 psallentes.
2577 1763 2705 1819 Haec
2732 1774 2913 1827 autem
2967 1783 3123 1829 musa
3148 1770 3216 1838 (Ι.
3254 1773 3447 1841 causa)
3472 1771 3677 1827 laetitia:

267 1881 285 1895 .
377 1844 470 1900 nio
499 1858 607 1898 non
630 1853 811 1916 potest
848 1862 861 1898 :
890 1860 1078 1900 verum
1106 1860 1193 1911 ea,
1223 1860 1345 1917 quae
1385 1846 1437 1899 in
1469 1843 1554 1898 his
1577 1854 1725 1910 sunt,
1769 1843 1837 1899 ad
1867 1845 1982 1907 lau-

377 1934 462 1989 dis
487 1933 727 1999 ol'iicium
776 1934 1132 1999 advocamur.
1161 1934 1281 1991 Jam
1311 1949 1439 1989 vero
1486 1933 1604 2003 ipsa
1651 1934 1739 1989 illa
1785 1946 1977 1990 natura

376 2026 521 2081 aeris
546 2026 598 2079 in
616 2025 900 2096 grandine,
929 2026 1081 2092 nive,
1098 2024 1374 2097 crystallo,
1399 2025 1757 2094 procellaeque
1786 2025 1978 2092 spiritu

376 2119 668 2173 concinere
692 2119 918 2188 gloriam
943 2126 1110 2173 tantae
1142 2116 1316 2172 laudis
1348 2116 1627 2186 jubentur.
1648 2115 1782 2171 Tum
1814 2131 1978 2187 porro

378 2210 968 2281 universitasgeneris
1025 2209 1247 2267 humani
1298 2209 1348 2263 in
1405 2209 1643 2278 regibus,
1680 2207 1734 2265 in
1779 2206 1980 2277 princi-

377 2302 555 2373 pibus,
586 2302 641 2358 in
663 2301 956 2371 judioibus,
981 2302 1035 2359 in
1070 2302 1216 2361 omni
1243 2302 1325 2361 vel
1380 2300 1555 2361 aetatis
1581 2299 1736 2366 ﬂore,
1756 2299 1845 2358 vel
1887 2314 1977 2356 se-

377 2396 618 2451 nectutis
661 2396 993 2461 maturitate,
1039 2395 1129 2451 Dei
1179 2395 1392 2455 laudem
1443 2403 1664 2453 cantare
1708 2404 1976 2462 prmcepta

377 2500 483 2555 est;
512 2493 639 2561 quia
666 2492 782 2549 haec
802 2491 984 2549 omnia
1011 2490 1113 2547 sibi
1136 2489 1528 2560 imperturbata
1552 2501 1717 2545 cursu
1740 2487 1978 2542 modera-

380 2595 542 2655 toque
566 2584 885 2650 consistant,
914 2583 1192 2653 ﬂuuntque
1223 2582 1477 2641 universa
1525 2581 1598 2636 ita
1627 2587 1836 2637 natura:
1863 2593 1977 2637 suae

376 2675 497 2747 lege
524 2686 813 2745 praecepta,
842 2685 899 2733 ut
928 2675 1197 2733 decedere
1228 2674 1312 2733 his
1337 2689 1402 2731 ex
1430 2688 1492 2731 ea
1514 2686 1623 2743 qua
1648 2680 1830 2731 creata
1851 2680 1977 2731 sunt

378 2768 769 2831 constitutione
798 2783 905 2825 non
935 2767 1115 2822 liceat.

450 2858 745 2924 2.Quorum
774 2861 1045 2933 proprium
1073 2858 1140 2914 sit
1169 2858 1266 2915 hoc
1284 2860 1541 2914 canticum
1561 2852 1974 2913 novum—Cum

382 2965 512 3020 ergo
537 2951 701 3018 nulla,
730 2960 882 3009 extra
925 2951 1041 3015 haec
1092 2966 1273 3006 rerum
1312 2950 1617 3013 divinarum
1644 2949 1975 3005 cmlestium-

379 3060 485 3116 que
505 3044 738 3113 decreta,
769 3044 1017 3100 videatur
1044 3044 1251 3105 homini
1280 3057 1538 3103 concessa
1568 3056 1690 3097 esse
1716 3041 1971 3110 cognitio,

2081 1850 2135 1905 in
2170 1851 2531 1909 tabernaculis
2563 1853 2834 1923 iustorum
2859 1870 2964 1920 est.
2988 1866 3045 1914 et
3070 1859 3125 1915 in
3146 1861 3487 1931 symphonia:
3513 1871 3677 1923 cantu

2079 1940 2147 2013 (f.
2180 1951 2236 1999 et
2286 1946 2624 2015 symphonia:
2652 1947 2866 2021 cantus)
2896 1949 2951 2007 in
2981 1949 3164 2013 reditu
3218 1951 3315 2015 lilii
3362 1953 3675 2023 paenitentis

2078 2031 2316 2093 auditur.

2150 2124 2205 2179 '5.
2237 2123 2406 2182 Homo
2437 2129 2695 2191 creatione
2729 2130 2837 2191 Deo
2881 2132 3112 2201 placeas,
3144 2142 3353 2205 peccato
3373 2136 3674 2207 displicens,

2077 2215 2131 2269 in
2161 2214 2365 2273 Christo
2404 2219 2528 2279 bene
2558 2219 2773 2295 placuit.
2801 2253 2873 2263 —
2900 2223 3031 2292 Quae
3076 2234 3257 2293 autem
3290 2242 3434 2284 nunc
3460 2230 3677 2297 proprie

2079 2318 2201 2378 post
2230 2320 2598 2367 creaturarum
2631 2313 3019 2379 laudationem.
3068 2300 3127 2371 et
3153 2319 3437 2387 superiora
3462 2319 3676 2379 cantica

2079 2414 2236 2467 nova,
2263 2402 2421 2473 hujus
2436 2405 2629 2461 cantici
2649 2406 2769 2463 novi
2791 2421 2953 2467 causa
2975 2418 3135 2477 esset,
3164 2408 3400 2475 ostendit
3446 2410 3632 2469 dicens
3654 2453 3671 2478 .

2078 2489 2243 2547 Vens.
2267 2494 2299 2546 4
2329 2502 2383 2547 et
2405 2493 2439 2548 5
2470 2512 2484 2548 :
2517 2494 2650 2562 Quia
2680 2496 3055 2565 benepiacitum
3099 2508 3171 2561 est
3220 2500 3442 2561 Domino
3495 2502 3546 2561 iu
3577 2517 3671 2569 tto-

2079 2584 2201 2652 ptth
2250 2599 2385 2641 sua:
2422 2587 2666 2643 exaltabit
2716 2600 3008 2645 mansuetos
3054 2592 3109 2647 in
3165 2593 3401 2653 salutem.
3429 2592 3677 2651 Exsulta-
3720 2662 3727 2668 _
3774 2616 3779 2621 ”

2076 2672 2201 2726 bunt
2225 2677 2387 2731 sancti
2442 2677 2497 2735 in
2540 2678 2729 2746 gloria.
2764 2678 2954 2739 Omnia
2980 2682 3197 2751 quidem
3251 2684 3364 2739 Deo
3392 2699 3515 2743 cum
3540 2693 3670 2749 sunt

2076 2774 2257 2823 creata
2300 2770 2656 2838 placuerunt.
2705 2770 2906 2827 Genesi
2956 2782 3192 2832 testante
3241 2792 3361 2837 cum
3393 2776 3528 2839 dicit
3559 2795 3571 2839 ς
3605 2777 3671 2839 Et

2076 2856 2200 2915 vidit
2234 2858 2374 2917 Deus
2421 2861 2542 2931 quia
2586 2861 2719 2917 bona
2763 2874 2883 2927 sunt
2930 2863 3081 2937 (Gen.
3129 2882 3165 2931 ι,
3219 2866 3352 2937 51);
3386 2867 3481 2929 sed
3506 2868 3675 2933 bene»

2078 2950 2332 3021 placitum
2390 2953 2438 3006 ei
2486 2952 2540 3007 in
2589 2956 2786 3027 populo
2817 2969 2913 3015 suo
2943 2972 3065 3019 esse
3092 2958 3491 3028 cognoscimus.
3524 2959 3672 3025 Bona

2075 3040 2291 3110 quidem
2345 3044 2550 3103 crcatio
2607 3047 2841 3101 hominis
2886 3058 3015 3121 est,
3074 3046 3151 3119 (g)
3206 3056 3265 3105 ut
3310 3066 3427 3117 quae
3461 3050 3672 3115 initium

379 3136 812 3213 cognitionisque
835 3136 1105 3201 laudatio;
1128 3135 1423 3200 videamus,
1451 3133 1517 3188 ad
1540 3133 1682 3206 quod
1713 3148 1853 3191 nunc
1875 3148 1973 3187 no-
2002 3121 2047 3193 C
2081 3134 2371 3191 creationis
2399 3135 2696 3197 secundum
2732 3137 2994 3207 originem
3030 3139 3121 3201 Dei
3153 3138 3674 3219 similitudinemqne

378 3246 505 3287 vum
558 3228 824 3289 canticum
868 3222 1228 3296 advoc‘emur,
1273 3244 1393 3283 cum
1448 3228 1677 3294 dicitur,
1706 3226 1867 3281 Vens.
1904 3227 1974 3283 l:

379 3318 593 3376 Caritate
639 3318 862 3377 Domino
914 3320 1171 3375 canticum
1210 3335 1417 3379 nouum.
1454 3310 1731 3388 Est"plane
1778 3333 1975 3375 novum

380 3414 674 3475 canticum.
704 3412 871 3483 Cujus
913 3413 1130 3481 quidem
1175 3412 1299 3467 novi
1329 3412 1521 3471 cantici
1560 3411 1973 3483 gratulationem

377 3506 486 3577 jam
511 3505 677 3581 650
698 3504 776 3579 (ά)
804 3514 856 3560 et
881 3506 929 3559 in
951 3505 1317 3577 superioribus
1337 3505 1578 3577 psalmis,
1596 3506 1646 3559 in
1662 3504 1852 3573 quibus
1875 3520 1975 3559 no-

380 3613 504 3659 vum
530 3599 795 3655 canticum
826 3606 1090 3663 cantatur,
1119 3596 1487 3662 ostendimus;
1512 3612 1631 3655 cum
1656 3596 1976 3665 ingentibus

381 3691 639 3747 Dominus
694 3705 817 3754 esse
868 3699 1188 3760 regnaturus
1244 3689 1545 3749 ostenditur
1568 3687 1687 3762 (Ps.
1712 3704 1832 3751 xcv,
1862 3688 1970 3759 10),

380 3796 502 3839 cum
528 3784 700 3855 ipsum
719 3781 786 3837 ad
816 3781 965 3857 regni
986 3782 1210 3851 gloriam
1232 3781 1451 3835 dextera
1478 3795 1571 3837 sua
1603 3780 1831 3843 salvabit
1852 3778 1970 3851 (Ps.

380 3888 544 3939 xcvu,
575 3872 647 3945 l),
693 3888 816 3935 cum
868 3887 1153 3931 assumens
1202 3887 1269 3929 ex
1298 3870 1509 3927 interno
1539 3872 1772 3927 animam
1822 3885 1972 3927 suam

382 3980 483 4023 nos
513 3980 695 4020 secum
737 3965 1028 4037 assumpsit
1069 3965 1121 4021 in
1154 3977 1331 4033 reges.
1372 3962 1654 4031 Proprium
1705 3976 1834 4031 ergo
1873 3962 1975 4016 hoc

382 4056 651 4111 canticum
700 4069 896 4112 novum
926 4062 1010 4111 est
1039 4054 1240 4109 sanctis
1269 4054 1405 4122 ejus.
1438 4051 1493 4109 Id
1520 4054 1661 4108 enim
1692 4055 1973 4122 sequitur:

381 4146 635 4203 Laudatio
662 4151 773 4220 ejus
824 4148 878 4205 in
927 4145 1168 4203 Ecclesia
1210 4153 1522 4200 sanctorum.
1559 4142 1721 4199 Vens.
1769 4144 1804 4197 2
1842 4155 1894 4201 et
1917 4146 1972 4201 5.

481 4301 533 4371 α)
557 4301 681 4356 Par.
711 4301 822 4371 ejus
847 4300 987 4354 solus
1016 4316 1035 4355 :
1062 4299 1358 4369 castigatur
1378 4312 1447 4352 ex
1478 4312 1579 4351 ms.

481 4305 533 4371 α)
557 4305 681 4356 Par.
711 4305 822 4371 ejus
847 4305 987 4354 solus
1016 4316 1035 4355 :
1062 4305 1358 4369 castigatur
1378 4312 1447 4352 ex
1478 4312 1579 4351 ms.
1924 4305 1927 4307 '

457 4305 530 4445 ib)
571 4373 704 4440 Quae
748 4381 1101 4445 sequuntur,
1140 4373 1375 4445 primum
1404 4384 1469 4445 ert
1506 4383 1634 4445 gms;
1670 4368 1975 4445 Miciacensi

384 4438 998 4514 vulgata-sunt'editioue
1022 4438 1310 4514 Earisiensi
1337 4439 1466 4514 anni
1495 4438 1656 4507 1605,
1680 4455 1802 4495 cum
1825 4443 1972 4510 prius

385 4509 778 4577 liic'desineret
803 4509 1472 4567 HilariiCommentarios.

462 4587 537 4654 (c)
586 4583 739 4653 Apud
774 4582 896 4639 Par.
929 4592 987 4636 ut
1042 4584 1094 4636 in
1152 4598 1253 4636 ms.
1301 4597 1591 4635 mensuram
1615 4597 1715 4634 non
1745 4582 1977 4652 sufﬁcit:

386 4653 661 4724 corrUpte.
715 4654 1025 4721 Legendum
1095 4667 1216 4706 esse
1269 4668 1410 4705 mens
1458 4662 1650 4724 nostra,
1700 4653 1980 4720 Sequentia

386 4723 713 4787 conlirutant
746 4744 759 4780 :
792 4738 892 4781 nec
922 4739 1169 4791 magnum
1226 4724 1277 4776 in
1306 4723 1578 4781 veteribus
1605 4723 1757 4778 libris
1785 4724 1980 4777 discri-

390 4814 513 4853 men
564 4796 705 4851 inter
737 4806 1020 4864 utramque
1050 4793 1339 4848 lectiunem
1375 4797 1640 4849 interesse
1668 4804 1863 4848 norunt
1893 4810 1984 4863 pe-

391 4867 504 4931 riti.
548 4866 667 4921 Mox
697 4867 748 4921 in
800 4881 903 4919 ms.
946 4864 1305 4929 admonentur,
1338 4864 1532 4934 ultique
1564 4864 1834 4934 vulgatum
1868 4872 1986 4919 erat

392 4941 748 4993 admonemur.

465 5009 548 5081 (tt)
599 5009 712 5063 Hoc
759 5006 973 5080 quidem
1021 5003 1260 5081 quodam
1305 5011 1462 5081 pacto
1516 5014 1793 5081 ostensum
1822 5005 1985 5081 estin

395 5074 488 5149 ps:
511 5074 693 5134 omn.
728 5074 790 5134 ης
819 5082 908 5143 19;
940 5074 1353 5149 sed’cumdicat
1374 5074 1675 5149 Hilariusjn
1701 5077 1985 5149 superiori-

391 5145 488 5207 bus
515 5150 749 5217 psalmis,
793 5163 897 5203 non
950 5148 1001 5203 in
1030 5148 1313 5213 superiore
1346 5145 1572 5215 psalmo.
1614 5146 1804 5217 hisque
1852 5147 1989 5213 adji-

394 5163 488 5207 nus
515 5163 749 5217 psatmts,
793 5163 897 5203 non
950 5165 1001 5203 ut
1030 5163 1313 5213 superiore
1346 5163 1572 5215 psanuo,
1615 5163 1804 5270 nisq'pe
1852 5163 1989 5213 aan-

394 5221 523 5281 ciat.
570 5221 623 5277 in
674 5220 857 5289 quibus
898 5234 1085 5273 novum
1124 5216 1378 5270 canticum
1423 5226 1678 5283 cantatur,
1766 5218 1865 5272 and
1894 5218 1991 5274 ob—

395 5305 555 5349 scure
604 5290 871 5361 signiﬁcat
898 5289 1227 5363 sepsalmos
1265 5302 1364 5341 xcv
1392 5294 1447 5341 et
1476 5301 1642 5352 xcvu,
1679 5302 1983 5363 enarrasse,

396 5377 625 5431 quorum
659 5359 1343 5431 tractatusdesiderantur.

435 5490 439 5494 ,
469 5433 544 5501 (e)
576 5432 728 5501 Apud
767 5432 888 5495 Par.
918 5430 1052 5484 idem
1074 5430 1129 5489 in
1152 5446 1228 5484 eo.
1261 5428 1530 5501 Malumus
1578 5429 1632 5483 id
1662 5439 1759 5501 est,
1793 5429 1988 5501 cuntin

398 5499 533 5556 mss;
560 5499 748 5556 eadem
777 5503 986 5556 ratione
1017 5501 1151 5554 idem
1182 5509 1233 5554 et
1262 5500 1315 5552 id
1340 5510 1413 5553 est
1436 5501 1579 5569 pingi
1613 5500 1843 5569 soleant.
1878 5499 1991 5555 llac

399 5574 656 5644 particula
690 5574 954 5644 inclinatur
976 5571 1104 5640 quid
1124 5572 1227 5629 sibi
1256 5571 1385 5625 velit
1411 5563 1607 5644 laetetur
1635 5563 1804 5644 [arari
1830 5571 1883 5623 in
1910 5587 1988 5624 eo.

474 5641 541 5715 (ι’)
574 5642 924 5699 liestituintus
963 5657 1259 5715 quent,_pro
1289 5658 1425 5710 quae,
1449 5641 1553 5715 line
1590 5642 1995 5715 inanitestepq-

400 5710 634 5772 stillante
664 5716 953 5772 sententia.
982 5713 1103 5768 illo:
1138 5711 1191 5768 in
1222 5715 1390 5783 prima
1421 5712 1668 5769 editione
1693 5710 1815 5768 Par.
1851 5710 1997 5768 desi-

2078 3225 2269 3285 sortita
2317 3235 2399 3285 est
2429 3243 2443 3291 ;
2476 3226 2572 3281 sed
2617 3227 2821 3296 judicio
2866 3244 2923 3285 se
2951 3228 3302 3291 itttmutabilis
3336 3232 3426 3295 Dei
3481 3246 3675 3299 seculi-

2078 3317 2207 3377 dum
2256 3317 2678 3375 demutationetn
2728 3321 2976 3381 humatur:
3028 3323 3321 3385 voluntatis
3374 3332 3535 3401 atque
3579 3338 3671 3389 ar-

2079 3410 2223 3471 bitrii
2254 3411 2329 3480 (It)
2364 3419 2719 3483 temperante,
2754 3424 2862 3473 tum
2886 3415 3008 3487 quia
3040 3423 3426 3483 peccassenlet
3454 3424 3677 3484 agerent

2081 3501 2409 3571 pmnitenda,
2458 3504 2722 3573 ptenitero
2771 3518 2828 3556 se
2864 3505 2988 3572 quia
3032 3502 3250 3559 iecisset
3289 3504 3561 3567 hominem
3592 3512 3674 3569 te-

2081 3602 2251 3649 status
2280 3601 2379 3648 est.
2416 3592 2483 3647 At
2510 3608 2641 3653 vero
2694 3595 2823 3663 ipsis
2878 3594 2983 3649 illis
3039 3610 3102 3649 ex
3138 3604 3359 3665 peccato
3405 3595 3459 3657 in
3510 3596 3674 3659 vitam

2082 3684 2405 3749 reformatis,
2437 3684 2656 3754 depulsa
2710 3684 3041 3757 paenitentia:
3065 3688 3129 3757 (i)
3157 3687 3398 3756 querela,
3437 3686 3548 3761 jam
3581 3686 3675 3742 be-

2082 3776 2333 3846 neplaciti
2384 3777 2438 3830 in
2504 3791 2597 3831 eos
2670 3776 2896 3833 affeCtus
2945 3778 3269 3837 ostenditur.
3320 3779 3676 3843 Recunciliati

2080 3872 2223 3926 enim
2249 3886 2435 3927 sumus
2464 3887 2555 3939 per
2581 3886 2778 3945 corpus
2806 3880 2860 3925 et
2886 3872 3199 3940 sanguinein
3238 3872 3437 3935 Christi
3480 3889 3544 3927 ex
3573 3872 3675 3931 ini-

2080 3962 2235 4017 micis
2287 3964 2338 4017 in
2393 3962 2534 4018 ﬁlios
2588 3963 2733 4029 Deo,
2776 3977 2897 4023 cum
2954 3963 3110 4023 nobis
3141 3964 3332 4021 aeterni
3379 3964 3677 4027 sacerdotis

2080 4054 2435 4124 placationem
2487 4053 2553 4127 (j)
2600 4052 3002 4126 impmnitentia:
3057 4063 3396 4111 sacramento
3450 4069 3679 4124 spopon-

2080 4145 2289 4212 disset,
2344 4146 2615 4216 PrOpheta
2660 4144 2916 4201 dicente:
2948 4142 3155 4203 Iuravit
3201 4140 3474 4211 Dominus,
3503 4152 3678 4203 etnon

2083 4299 2373 4358 derahatur
2401 4298 2700 4372 Dominum,
2731 4299 2956 4369 ejusque
3001 4300 3122 4372 loco
3173 4300 3223 4354 in
3250 4308 3522 4372 postrema
3555 4303 3682 4357 sub-

2083 4372 2327 4424 stitutum
2365 4380 2449 4425 est
2501 4369 2777 4433 Dominus,
2832 4370 3048 4425 omissis
3094 4369 3274 4425 verbis
3311 4372 3515 4425 dextera
3542 4389 3636 4425 sua
3659 4390 3679 4427 :

2082 4454 2262 4513 contra
2284 4440 2444 4513 (idem
2472 4444 2796 4509 exemplaris
2821 4457 2922 4497 ms.
2956 4440 3071 4495 Non
3095 4441 3407 4510 displiceret
3447 4442 3678 4513 saluauit,

2003 4520 2056 4585 ι)
2083 4512 2200 4566 loco
2227 4512 2461 4585 salvabit,
2494 4520 2551 4565 ut
2577 4523 2631 4566 et
2653 4525 2805 4575 antea
2834 4514 3061 4585 regnavit
3092 4527 3191 4585 pro
3212 4513 3462 4584 regnabit.

2157 4584 2231 4653 (g)
2269 4583 2370 4636 l’ro
2416 4592 2492 4647 ut,
2525 4584 2576 4636 in
2611 4600 2710 4636 ms.
2744 4582 2929 4648 exstat
2960 4582 3101 4651 quia.
3153 4582 3313 4636 Forte
3342 4585 3549 4654 quippe.
3584 4584 3685 4654 Dc-

2085 4654 2211 4708 inde
2240 4658 2520 4706 secundum
2550 4654 2818 4722 originem.
2843 4654 2895 4707 id
2916 4655 3155 4722 est,quia
3180 4653 3379 4706 nullam
3403 4653 3563 4707 altam
3588 4653 3682 4707 hn-

2086 4727 2175 4779 bet
2205 4730 2286 4777 sui
2317 4740 2534 4778 causam
2562 4725 2663 4779 nisi
2704 4728 2889 4789 Deum,
2925 4725 3116 4779 saltem
3162 4722 3456 4785 secundum
3502 4724 3677 4789 [Iulios

2084 4811 2201 4849 rem
2232 4796 2312 4848 sui
2346 4806 2553 4864 partem
2585 4812 2702 4864 qua:
2748 4804 2832 4849 est
2886 4795 3085 4860 anima,
3140 4809 3169 4851 a
3226 4793 3380 4862 cujus
3405 4795 3684 4853 creatione

2087 4865 2250 4918 homo
2287 4865 2494 4919 initium
2524 4866 2822 4936 sumpsisse
2852 4864 3179 4935 praedicatur
3207 4864 3256 4919 in
3286 4879 3369 4933 ps.
3403 4880 3593 4931 cxxrx,
3623 4882 3680 4920 n.

2089 4936 2162 5001 5;
2194 4951 2273 5004 ps.
2303 4951 2493 4997 cxvttl.
2522 4953 2577 4989 ιι.
2608 4937 2660 4989 7.

2162 5006 2244 5078 (Ιι)
2278 5007 2543 5063 Hactenus
2583 5006 2847 5078 obtinuit,
2875 5014 3210 5078 temperantes
3236 5014 3342 5060 tum
3388 5006 3509 5078 quia
3559 5022 3686 5076 pac,

2090 5076 2309 5139 cessent,
2342 5079 2421 5131 vel
2448 5089 2764 5149 peccassent.
2792 5077 2960 5149 [Vettio
2988 5091 3095 5149 non
3126 5076 3687 5149 videtpt‘t’uferendum

2090 5164 2214 5203 esse
2243 5146 2553 5216 temperante
2581 5164 2598 5201 :
2627 5148 2768 5216 quod
2821 5146 2975 5200 aliter
3006 5147 3207 5200 dictum
3237 5156 3314 5201 cst
3344 5147 3397 5205 in
3430 5163 3510 5214 ps.
3557 5163 3684 5217 cxx,

2092 5234 2145 5279 n.
2183 5217 2246 5272 9:
2283 5218 2578 5273 Secundam
2608 5218 3010 5285 uniuscujusque
3037 5233 3199 5271 mores
3225 5233 3283 5271 ac
3315 5220 3541 5279 studium
3570 5218 3686 5281 uni-.-

2090 5292 2271 5356 cuique
2312 5288 2452 5366 Dens
2499 5291 2699 5371 adjacet
2730 5288 2967 5371 :hidcir‘co
2996 5298 3043 5342 et
3088 5294 3335 5371 peruersis
3383 5303 3589 5341 aversus
3634 5293 3685 5366 et

2088 5372 2293 5413 sanctus
2322 5361 2373 5410 in
2405 5355 2591 5411 sanctis
2622 5370 2711 5411 est.
2743 5358 2944 5412 Deinde
2975 5373 3068 5425 pro
3089 5355 3219 5411 'dum
3244 5358 3493 5412 duxmius
3520 5355 3684 5415 resti-

2098 5432 2349 5485 tuendum
2366 5444 2486 5482 esse
2502 5442 2626 5491 lunt,
2642 5434 2792 5499 quasi
2814 5439 2930 5482 tunc
2945 5441 3185 5499 (cuipam
3203 5437 3413 5484 testatus
3455 5435 3559 5499 est,
3575 5435 3684 5480 etc.

2170 5498 2233 5570 (i)
2268 5499 2377 5552 lloc
2411 5508 2534 5570 West,
2569 5496 2771 5553 mutato
2799 5498 3003 5565 judicio
3047 5496 3161 5552 non
3190 5501 3302 5567 jam
3330 5512 3388 5551 se
3419 5496 3685 5570 ptenitere

2098 5570 2173 5625 ait
2212 5565 2387 5642 Deus._
2409 5569 2486 5642 Ex
2521 5571 2620 5623 hac
2668 5570 2929 5639 particula
2972 5572 3106 5642 jam,
3135 5565 3303 5639 liquet
3332 5567 3579 5637 superius
3612 5565 3686 5620 le-

2100 5642 2336 5709 gendum
2367 5638 2531 5695 fuisse
2560 5638 2686 5702 tum,
2714 5657 2819 5695 non
2849 5638 2990 5695 dum:

2181 5712 2250 5784 (j)
2282 5710 2439 5780 Apud
2484 5712 2609 5767 Par.
2663 5711 2718 5765 in
2766 5712 3075 5781 paenitentia:
3111 5714 3427 5765 sacramento
3459 5723 3472 5759 :
3500 5704 3585 5767 cui
3615 5706 3696 5773 le-
