4134 6184
449 289 551 345 887

1631 277 1876 337 SANCTI
1917 275 2175 332 HILARII
2215 276 2522 335 EPISCOPI

3629 282 3738 340 888
3825 345 3828 350 _

451 402 712 476 paenitebit
735 402 896 474 651
924 397 1155 468 eum,Tu
1179 415 1230 453 es
1257 397 1496 453 sacerdos
1521 397 1576 452 in
1598 385 1844 451 internum
1862 409 2042 449 secun-
2066 396 2118 454 Α
2144 396 2439 464 evangelia,
2461 397 2513 450 in
2547 397 2842 453 exteriores
2871 398 3123 454 tenebras
3150 399 3479 470 deputantur
3508 399 3735 472 (Matth.

454 495 579 548 dum
599 495 829 549 ordinem
857 490 1232 546 Melchisedech
1253 487 1369 562 (Ps.
1402 502 1509 553 cur,
1542 487 1619 556 l).
1650 484 2041 556 Complacitum

454 600 582 656 ergo
608 592 691 638 est
715 583 856 654 quod
882 583 1226 650 impmnitens
1248 595 1366 635 esse
1393 578 1716 649 (a)juratum
1740 583 1824 630 est
1844 576 1915 640 ei,
1939 589 2045 645 quo

451 685 712 745 regnante
757 675 1051 729 secundum
1083 673 1326 728 ordinem
1375 670 1795 736 Melchisedech,
1827 670 1878 724 id
1931 674 2034 733 est,

451 769 693 839 gentium
723 775 779 821 et
805 782 933 835 rege
961 775 1015 821 et
1041 765 1347 830 sacerdote,
1379 763 1613 834 primum
1638 761 1933 817 mansuetis
1959 775 2045 815 sa-

453 861 561 927 lus,
590 861 789 916 deinde
819 860 1079 931 Splendor
1108 867 1192 915 est
1230 845 1434 913 s'anctis
1461 856 1860 913 exsultantibus
1885 870 2048 925 super

451 968 635 1024 regem
663 967 843 1007 suum.

527 1047 581 1100 4.
607 1044 922 1102 Sanctorum
953 1041 1460 1115 privilegia.Gattur,
1495 1043 1620 1113 quid
1638 1041 1912 1113 signiﬁcet;
1929 1041 2052 1110 quid

455 1139 679 1209 gladius.
707 1136 879 1192 Gladii
923 1137 998 1190 bis
1019 1138 1156 1190 acuti
1183 1137 1295 1205 quis
1325 1151 1448 1188 usus
1471 1134 1677 1188 sanctis.
1700 1162 1774 1174 —
1797 1131 1902 1189 Sed
1933 1141 2054 1202 post

459 1236 770 1284 sanctorum
817 1228 1064 1297 gloriam,
1101 1225 1507 1293 intelligendum
1541 1233 1624 1276 est
1653 1220 1780 1292 quid
1837 1227 1903 1274 art
1927 1237 2052 1276 can-

463 1320 552 1374 tici
583 1321 705 1373 novi
761 1317 1149 1388 plenitudinem
1193 1324 1556 1386 consequatur
1589 1333 1602 1368 :
1640 1313 1972 1368 Lwtabuntur
2000 1314 2052 1366 in

458 1413 706 1468 cubilibus
759 1415 883 1466 suis.
910 1412 1079 1467 Vnus.
1117 1411 1171 1466 6.
1227 1409 1610 1464 Exsultationes
1642 1408 1735 1462 Dei
1775 1407 1827 1460 in
1855 1416 2058 1476 gutture

462 1523 658 1572 eorum,
689 1518 736 1562 et
765 1507 926 1577 gladii
976 1506 1052 1559 bis
1104 1506 1242 1558 acuti
1278 1506 1329 1558 in
1373 1503 1605 1557 manibus
1652 1503 1905 1571 ipsorum.
1937 1500 2054 1554 Jam

463 1612 573 1651 non
622 1597 874 1668 lacrymis
901 1604 1129 1652 stratum
1164 1594 1446 1664 rigabitur,
1505 1609 1604 1648 nec
1631 1593 1684 1646 in
1714 1593 1815 1647 hoc
1869 1591 2056 1646 mortis

463 1705 693 1760 corpore
721 1689 1028 1761 degentium
1075 1688 1145 1742 ob
1188 1687 1396 1758 peccati
1458 1687 1834 1740 necessitatem
1873 1699 1936 1737 ac
1962 1683 2060 1737 do-

2151 502 2283 550 xxn,
2314 485 2426 558 l5).
2458 484 2526 542 Et
2553 489 2675 558 quia
2716 489 2827 545 illic
2857 490 2958 545 erit
2984 491 3140 546 lletus
3169 499 3224 546 et
3243 491 3443 546 stridor
3471 491 3736 557 dentium,

2153 579 2246 632 liet
2287 578 2546 646 judicium
2595 581 2998 650 conscriptum,
3045 581 3188 651 quod
3220 583 3302 636 lex
3345 583 3551 638 scilicet
3598 598 3747 652 pra:—

2151 672 2466 741 scripscrat,
2515 673 2656 742 quod
2695 674 2977 745 Prophetze
3027 675 3420 744 nuntiaverant,
3454 677 3596 746 quod
3626 692 3748 731 om-

2153 765 2234 818 nis
2291 763 2503 820 divinus
2541 775 2657 821 erat
2699 783 2878 822 sermo
2927 776 3172 824 testatus.
3220 769 3333 825 lloc
3363 770 3517 832 lldes.
3545 772 3744 840 pietas,

2151 857 2502 923 continentia,
2525 861 2794 914 confessio
2825 860 2985 915 habet
3015 862 3264 916 meritum
3299 880 3310 914 :
3340 862 3444 917 hoc
3499 873 3748 918 contem-

2153 957 2277 1019 plus
2301 949 2484 1004 sasculi
2507 952 2743 1005 muneris
2769 951 3074 1017 sumit,lleri
3100 967 3278 1023 regem
3299 968 3749 1024 regum,quorum
3779 956 3782 958 ⁷

2154 1039 2276 1094 odia
2307 1040 2377 1093 oh
2416 1041 2579 1114 652
2625 1040 2827 1096 Christi
2868 1057 3062 1106 nomen
3111 1054 3333 1112 excepta
3377 1045 3524 1109 sint;
3556 1045 3752 1100 vinciri

2157 1132 2392 1197 nobiles,
2423 1148 2650 1201 quorum
2688 1149 2786 1187 nos
2815 1134 3027 1187 vincula
3071 1149 3425 1203 carceresque
3470 1137 3774 1190 concluse—'

2157 1225 2266 1280 rint
2289 1241 2304 1290 ;
2325 1226 2689 1295 conscriptum
2715 1227 2765 1280 in
2787 1241 2880 1281 eos
2905 1227 3166 1295 judicium
3190 1227 3494 1300 habetur(f.
3516 1227 3743 1298 haberi),

2159 1332 2385 1386 quorum
2429 1327 2483 1370 et
2511 1317 2672 1387 gladii
2702 1318 3071 1384 desazvierint,
3099 1324 3155 1372 et
3205 1327 3461 1388 potestas.
3495 1318 3586 1374 Sic
3615 1334 3745 1373 san-

2159 1417 2363 1466 ctorum
2409 1409 2576 1480 gloria
2650 1413 2825 1465 omnis
2849 1425 2878 1463 a
2907 1411 3017 1464 Deo
3057 1419 3161 1476 est,
3197 1426 3315 1464 cum
3351 1419 3472 1480 post
3497 1410 3594 1466 has
3623 1411 3753 1465 vitae

2159 1510 2214 1557 et
2233 1516 2524 1571 corporum
2553 1501 2830 1571 passiones
2853 1509 3102 1556 exserant
3127 1509 3470 1572 potestatem.
3502 1501 3591 1557 Sic
3618 1516 3752 1557 can-

2163 1597 2254 1650 tici
2286 1596 2409 1650 novi
2456 1595 2689 1667 hymnus
2740 1596 3017 1665 impletur,
3053 1611 3176 1651 cum
3223 1607 3345 1666 post
3387 1597 3626 1668 gentium
3658 1611 3762 1666 0p~

2167 1686 2442 1758 probrium
2471 1702 2770 1756 regumque
2797 1685 3068 1742 cruciatus
3087 1687 3344 1757 judicium
3385 1689 3758 1754 conscriptum

463 1782 636 1835 lorem
662 1781 910 1835 noctibus
939 1779 1164 1848 singulis
1194 1780 1362 1832 lectus
1392 1777 1677 1830 lavabitur.
1709 1775 1768 1829 lu
1794 1774 2061 1830 cubilibus
2091 1777 2138 1836 B
2165 1780 2218 1833 in
2247 1786 2437 1847 gentes
2467 1793 2729 1848 regesque
2757 1778 3074 1843 decernant,
3096 1779 3289 1848 quibus
3310 1779 3566 1834 Dominus
3596 1779 3765 1835 Jesus

467 1871 613 1925 enim
638 1873 747 1939 jam
781 1873 893 1924 suis
921 1869 1094 1924 sancti
1144 1868 1467 1922 laetabuntur
1497 1868 1550 1920 in
1591 1866 1803 1936 gloria;
1831 1873 1884 1919 et
1910 1865 1980 1919 ob
2006 1864 2059 1919 id

466 1962 562 2017 Dei
609 1963 1001 2016 exsultationes
1029 1976 1246 2031 semper
1296 1959 1350 2014 in
1399 1967 1636 2030 gutture.
1664 1959 1766 2013 Per
1792 1957 2062 2028 signiﬁca-

467 2056 669 2110 tionem
708 2056 964 2126 gutturis,
993 2055 1222 2109 iuternaa
1260 2052 1607 2108 conscientia:
1634 2061 1961 2122 protestatur
1983 2049 2063 2104 af-

465 2147 688 2203 fectum.
720 2147 826 2204 Sed
856 2162 1032 2216 neque
1062 2146 1236 2200 solum
1281 2145 1335 2198 in
1362 2157 1553 2198 eorum
1584 2152 1799 2213 gutture
1825 2143 2063 2198 exsulta-

465 2239 542 2293 tio
572 2239 661 2293 Dei
697 2249 780 2293 est
807 2256 822 2305 ;
859 2238 1239 2324 verum.etiam
1285 2237 1529 2306 ipsorum
1557 2250 1750 2291 manus
1783 2235 1866 2299 bis
1893 2235 2063 2290 acutis

465 2331 660 2403 gladiis
683 2331 1054 2387 armabantur.
1091 2331 1215 2384 Haec
1242 2329 1369 2384 liliis
1400 2329 1530 2384 Sion
1551 2330 1788 2399 cognitio
1818 2328 1960 2398 regis
1984 2329 2066 2382 in-

467 2424 694 2495 dulget,
742 2424 937 2493 quibus
980 2423 1032 2476 in
1080 2421 1262 2476 choris
1313 2423 1686 2493 tympanisque
1713 2421 2066 2490 psallentibus

469 2520 728 2587 disposita
756 2521 827 2572 sit
869 2527 924 2572 et
962 2518 1128 2582 salus,
1157 2524 1213 2571 et
1237 2517 1430 2586 gloria,
1455 2525 1508 2570 et
1540 2515 1745 2581 laetitia,
1778 2525 1834 2569 et
1879 2514 2065 2569 exsul-

370 2606 380 2615 ”
470 2612 624 2673 tatio,
669 2617 724 2663 et
765 2617 1020 2679 potestas.
1049 2606 1183 2661 Nam
1231 2615 1552 2676 potestatem
1607 2607 1657 2659 in
1688 2605 1866 2675 gladio
1891 2604 1967 2677 (b)
1994 2605 2069 2659 si-

472 2704 867 2774 gniticari,tum
897 2700 1137 2770 pluribus
1170 2699 1324 2759 locis,
1355 2709 1464 2751 tum
1492 2699 1948 2768 consequentibus
1969 2697 2067 2752 ad-

470 2809 774 2850 monemur.
807 2791 916 2846 Cur
959 2792 1101 2846 enim
1131 2790 1214 2844 bis
1238 2791 1379 2844 acuti
1421 2789 1583 2859 gladii
1609 2791 1663 2844 in
1694 2789 1944 2844 manibus
1969 2805 2066 2844 eo-

471 2902 593 2942 rum
617 2894 820 2946 essent,
836 2883 1049 2938 edocuit
1071 2897 1201 2936 mox
1224 2880 1514 2949 Propheta,
1535 2879 1742 2946 dicens,
1762 2879 1924 2935 Vsus.
1949 2880 2063 2937 7-9:

472 2978 555 3033 Ad
584 2977 874 3050 faciendam
917 2975 1196 3028 vindictam
1240 2975 1294 3027 in
1340 2973 1655 3037 nationibus,
1687 2974 2068 3045 objurgationes

472 3077 526 3129 in
553 3074 796 3144 populis;
818 3074 886 3126 ad
911 3071 1203 3141 alligandos
1223 3087 1362 3141 reges
1383 3086 1556 3124 eorum
1575 3071 1628 3122 in
1641 3067 1988 3132 compedibus,
2021 3075 2068 3120 et

475 3165 669 3218 nobiles
696 3180 869 3218 eorum
898 3164 951 3215 in
989 3163 1206 3214 manicis
1241 3163 1457 3231 ferreis;
1485 3171 1542 3215 ut
1583 3161 1776 3230 faciant
1804 3159 1855 3211 in
1880 3159 1958 3211 Itis
1975 3161 2068 3230 ju-

476 3255 664 3308 dicium
711 3254 1088 3320 conscriptum:
1117 3252 1282 3320 gloria
1338 3253 1446 3305 haec
1491 3262 1563 3306 est
1593 3252 1827 3306 omnibus
1878 3251 2070 3303 sanctis

473 3349 606 3417 ejus.
653 3343 766 3397 Hoc
808 3356 938 3411 ergo
985 3351 1067 3395 est
1107 3342 1375 3394 canticum
1413 3357 1612 3395 novum
1659 3343 1787 3396 dum
1837 3342 2070 3396 humiles

476 3445 635 3492 terrae
699 3433 1046 3500 tribulatique
1090 3431 1253 3486 corde
1295 3431 1512 3502 regibus
1569 3434 1964 3487 constituantur
2014 3433 2067 3486 in

473 3541 674 3598 reges,
730 3540 852 3580 cum
931 3522 1222 3578 existimati
1267 3534 1616 3594 purgamenta
1664 3524 1849 3579 mundi
1896 3534 1950 3579 et
1979 3525 2066 3580 vel

475 3618 719 3674 abortiva
769 3618 1008 3688 gentium
1033 3617 1212 3672 lumen
1245 3615 1428 3671 tnundi
1452 3626 1507 3671 et
1531 3616 1732 3672 ultores
1760 3617 1868 3671 sint
1891 3619 2069 3672 natio-

475 3729 603 3769 num
653 3711 696 3782 (Ι
729 3713 846 3765 Cor.
895 3727 970 3776 tv,
1018 3709 1131 3779 15).
1162 3707 1338 3763 Gladii
1363 3711 1507 3763 enim
1540 3710 1620 3764 bis
1643 3713 1783 3763 acuti
1818 3710 1869 3762 in
1900 3709 2072 3763 mani-

474 3807 578 3860 bus
605 3818 792 3858 eorum
821 3811 948 3855 sunt
976 3816 988 3850 :
1019 3799 1092 3870 (ε)
1119 3800 1243 3867 quia
1284 3808 1472 3854 sancto
1526 3799 1605 3852 illi
1664 3801 1717 3854 in
1745 3801 2066 3872 Apocalypsi

475 3897 684 3967 gladius
724 3894 805 3948 bis
843 3901 1032 3947 acutus
1079 3907 1143 3946 ex
1183 3907 1278 3945 ore
1303 3893 1393 3958 sit,
1419 3892 1678 3960 judicium
1711 3894 1946 3964 undique
1975 3911 2068 3964 po-

476 3987 687 4043 testatis
739 3999 999 4039 exercens
1032 3982 1218 4054 (Apoc.
1261 3998 1374 4049 XIX,
1425 3984 1535 4054 15).
1578 3982 1712 4037 Nam
1740 3995 1793 4037 et
1833 3984 2066 4053 gladium

480 4081 630 4136 venit
688 4079 947 4133 Dominus
1004 4077 1219 4130 mittere
1251 4077 1304 4130 in
1345 4084 1543 4130 terram
1571 4076 1783 4147 (Matth.
1837 4093 1891 4144 κ,
1926 4077 2018 4148 54)
2052 4098 2064 4131 :

477 4183 534 4228 et
557 4171 730 4227 sancti
769 4167 1063 4223 secundum
1090 4166 1408 4237 Apostolum
1438 4167 1696 4223 mundum
1723 4169 2062 4239 judicabunt,

477 4274 534 4322 et
575 4266 628 4318 in
660 4263 764 4317 illis
791 4261 1122 4332 judicabitur
1150 4262 1381 4317 mundus
1427 4262 1605 4331 (lCor.
1636 4279 1710 4330 vi,
1739 4263 1821 4330 2).
1856 4264 2066 4320 Dictum

476 4367 563 4414 est
586 4356 753 4422 enim,
793 4363 885 4410 aut
925 4353 1146 4409 nescitis
1166 4353 1288 4422 quia
1328 4357 1551 4425 angelos
1577 4357 1708 4411 estis
1730 4357 2067 4426 iudicaturi?

473 4452 563 4509 Fit
591 4465 720 4520 ergo
765 4464 862 4519 per
889 4463 984 4503 eos
1027 4445 1267 4501 vindicta
1297 4447 1350 4500 in
1383 4449 1716 4514 nationibus;
1755 4451 1894 4505 Deus
1921 4453 2064 4505 enim

473 4544 530 4598 in
564 4543 722 4597 nobis
747 4549 832 4596 est
871 4539 951 4612 (d)
979 4539 1264 4594 ultiouum.
1294 4539 1604 4610 Objurgatio
1631 4539 1826 4595 deinde
1857 4544 2064 4598 exseri-
2089 4525 2142 4584 D

474 4643 564 4690 tur
605 4635 659 4687 in
713 4632 938 4703 populos
971 4647 984 4683 :
1026 4630 1224 4684 ﬁdelis‘
1254 4646 1486 4700 namque
1533 4641 1650 4696 est,
1690 4633 1780 4703 qui
1821 4635 1896 4688 ait
1930 4634 2068 4689 :Ar—

471 4741 628 4797 guant
650 4735 718 4791 te,
735 4735 780 4778 et
807 4733 1028 4776 statuant
1058 4723 1165 4777 hac
1191 4734 1370 4776 contra
1401 4724 1584 4792 faciem
1602 4733 1740 4778 tuam
1763 4724 1882 4798 (Ps.
1916 4743 2062 4794 xux,

471 4818 591 4890 21).
643 4818 747 4873 Sed
793 4816 1112 4886 arguitionis
1154 4815 1309 4886 hujus
1352 4815 1437 4871 hic
1467 4817 1646 4872 exitus
1693 4829 1794 4882 est,
1829 4829 1883 4874 ut
1910 4836 2065 4890 reges

474 4909 748 4963 nationum
769 4908 1086 4978 nobilesque
1110 4923 1294 4963 earum
1324 4909 1550 4963 manicis
1575 4918 1630 4963 et
1659 4911 1919 4979 compede
1948 4911 2067 4966 vin~

471 5005 701 5057 ciantur.
729 5003 905 5058 Vincti
931 5003 1078 5058 enim
1106 5002 1354 5058 manibus
1385 5011 1440 5058 et
1484 5002 1733 5072 pedibus,
1763 5006 2061 5061 secnndunt

467 5160 637 5216 ctioni
689 5169 988 5230 repugnant
1056 5161 1357 5230 sequentia.
1414 5160 1666 5229 Apertius
1723 5161 2060 5230 impaenitenti

466 5241 786 5286 sacramento
813 5231 1105 5296 diceretur,
1139 5233 1231 5286 sed
1260 5231 1475 5300 quidam
1506 5234 1559 5283 in
1583 5231 1762 5285 verbis
1805 5233 1953 5286 lusus
1978 5232 2061 5287 al-

463 5302 692 5357 fectatus
721 5300 968 5373 videtur,
1025 5303 1151 5367 quia
1204 5303 1457 5357 nimirum
1507 5303 1814 5373 paenitentia
1851 5304 2056 5372 querela

471 5375 720 5444 proxime
747 5373 851 5438 iam
878 5371 1078 5424 dictum
1101 5383 1267 5426 esset.

541 5443 614 5514 (a)
646 5442 769 5514 Par.
815 5444 1052 5514 juratum
1079 5451 1172 5514 est,
1207 5444 1286 5496 cui
1344 5453 1636 5512 regnantem
1666 5444 1947 5499 secundum
1974 5460 2059 5499 or-

467 5511 636 5567 dinem
668 5511 1064 5575 Melchisedech,
1096 5512 1229 5565 ident
1259 5511 1503 5582 gentium,
1533 5524 1639 5569 etc.

541 5583 618 5653 (b)
666 5583 797 5637 Huic
860 5582 1180 5654 correctioni
1236 5599 1436 5654 nemo,
1500 5594 1648 5651 puto,
1678 5583 2056 5654 refragabitur,

466 5652 713 5726 quamvis
751 5653 890 5726 apud
921 5653 1042 5726 Par.
1064 5653 1218 5724 juxta
1239 5667 1339 5708 ms.
1374 5652 1575 5710 editum
1627 5657 1716 5721 sit,
1750 5652 2053 5726 signi/icon;

465 5725 593 5781 tium
621 5726 853 5796 pluribus
874 5724 1018 5780 locis.

2163 1871 2410 1926 Christus
2441 1880 2496 1925 et
2523 1871 2826 1940 unigenitus
2877 1870 3018 1924 Deus
3066 1879 3122 1925 et
3155 1871 3412 1924 Dominus
3441 1880 3495 1925 et
3521 1885 3613 1926 rex
3645 1879 3760 1938 est,

2163 1963 2252 2031 qui
2284 1972 2368 2016 est
2397 1961 2712 2016 benedictus
2736 1963 2788 2014 in
2818 1961 3013 2016 saecula
3038 1962 3380 2016 saeculorum.
3406 1962 3597 2017 Amen.

2697 2094 3013 2152 PSALMUS
3049 2096 3154 2152 CL.

2238 2209 2470 2265 Laudate
2495 2208 2774 2264 Dominum
2820 2210 2873 2263 in
2903 2211 3094 2263 sanctis
3140 2213 3292 2283 ejus:
3317 2210 3522 2264 laudate
3562 2224 3680 2263 eum
3706 2210 3772 2263 in

2167 2304 2490 2373 ﬁrmamento
2533 2303 2732 2356 virtutis
2785 2305 2912 2376 ejus.
2963 2301 3198 2356 Laudate
3241 2319 3353 2358 eum
3387 2303 3443 2356 in
3491 2302 3771 2358 virtutibus

2169 2398 2278 2467 ejus
2304 2414 2322 2450 :
2353 2397 2558 2450 laudate
2586 2413 2700 2450 eum
2727 2396 3006 2451 secundant
3034 2397 3412 2452 multitudinem
3443 2399 3769 2468 magnitudi-

2169 2491 2250 2544 nis
2288 2493 2420 2563 ejus.
2472 2489 2702 2544 Laudate
2729 2507 2842 2544 eum
2870 2491 2923 2544 in
2949 2507 3076 2544 sono
3132 2491 3304 2548 tubte:
3332 2491 3540 2546 laudate
3567 2508 3684 2546 eum
3708 2493 3770 2546 in

2171 2582 2410 2654 psalterio
2436 2592 2483 2637 et
2514 2582 2731 2635 cithara.
2757 2581 2994 2636 Laudate
3019 2599 3132 2636 eum
3159 2584 3213 2636 in
3241 2593 3483 2654 tympano
3498 2592 3545 2637 et
3566 2584 3722 2638 choro
3743 2601 3767 2641 :

2171 2674 2377 2729 laudate
2405 2689 2519 2728 eum
2547 2674 2601 2726 in
2629 2673 2833 2728 chordis
2876 2682 2923 2727 et
2949 2691 3162 2745 organo.
3207 2673 3438 2728 Lua-date
3459 2691 3574 2728 eum
3620 2693 3772 2746 cym-

2172 2767 2302 2821 balis
2347 2766 2470 2819 bene
2513 2766 2834 2828 sonantibus,
2859 2765 3065 2819 laudate
3094 2783 3207 2820 eum
3229 2766 3282 2820 in
3307 2766 3552 2838 cymbalis
3563 2766 3769 2842 jubila-

2173 2857 2324 2911 tionis
2345 2873 2365 2922 ;
2386 2857 2550 2911 omnis
2572 2856 2788 2925 spiritus
2826 2856 2996 2917 laudet
3025 2855 3324 2915 Dominum.

2600 2965 3012 3024 TRACTATUS
3066 2968 3186 3024 PSA
3195 2968 3334 3024 Lbll.

2248 3061 2301 3117 1.
2326 3059 2525 3115 Psaltni
2565 3059 2817 3131 mysteriis
2839 3059 3035 3130 referti.
3061 3057 3164 3114 Cur
3200 3061 3254 3114 in
3283 3069 3382 3116 tres
3405 3061 3772 3132 quinquagesio

2095 3155 2140 3218 C
2173 3168 2281 3205 mas
2307 3151 2586 3205 distributi.
2618 3181 2689 3192 -—
2715 3151 2917 3220 Magnis
2950 3150 3278 3220 psalmorum
3333 3151 3527 3206 librum
3583 3167 3774 3209 sacra-

2172 3246 2367 3300 mentis
2389 3259 2568 3300 rerum
2597 3242 2895 3299 cmlestium
2915 3246 3171 3299 refertum
3195 3259 3316 3300 esse
3335 3261 3480 3315 saepe
3504 3249 3765 3302 tractavi-

2169 3352 2310 3404 mus,
2333 3337 2412 3390 vel
2438 3350 2560 3390 cum
2587 3335 2868 3404 dispositio
2896 3335 3250 3403 singulorum,
3279 3345 3467 3390 contra
3492 3338 3760 3406 temporis

2170 3441 2553 3502 gestorumque
2589 3435 2877 3498 rationem,
2907 3431 3173 3496 ordinem,
3207 3447 3596 3504 numerumque
3647 3449 3774 3491 sor-

2173 3527 2268 3580 tita
2299 3525 2404 3591 sit,
2446 3526 2529 3580 vel
2575 3539 2696 3578 cum
2749 3525 3238 3594 superscriptiones
3262 3528 3537 3583 nonnulla:
3579 3528 3768 3596 aliter,

2172 3632 2331 3687 quam
2400 3615 2750 3671 Hebraaorum
2826 3615 2978 3670 libris
3033 3617 3428 3688 continentur,
3475 3619 3772 3690 adscripta:

2172 3720 2318 3777 sunt,
2348 3710 2432 3763 vel
2455 3723 2576 3763 cum
2607 3708 2742 3762 tituli
2770 3707 2972 3777 plures.
3002 3724 3124 3763 cum
3147 3711 3278 3765 nulli
3305 3711 3435 3778 sint,
3469 3711 3771 3781 praferan-

2173 3811 2277 3856 tur.
2305 3800 2440 3855 Cum
2471 3814 2602 3870 ergo
2656 3801 2795 3854 ultra
2849 3799 3038 3854 litterae
3066 3801 3380 3870 Opinionem
3408 3803 3646 3858 celsioris
3675 3801 3769 3857 in-

2173 3893 2484 3962 telligentiae
2514 3906 2674 3946 sensu
2706 3892 2958 3946 volumen
2985 3891 3251 3962 digestum
3283 3893 3352 3946 sit
3377 3910 3392 3959 ;
3417 3894 3651 3962 oportuit
3678 3892 3766 3948 id-

2173 3986 2346 4054 ipsum
2379 3983 2541 4052 digno
2588 3984 2691 4037 line
2730 3982 3011 4037 concludi:
3044 3991 3101 4036 ut
3144 3984 3440 4038 secundum
3471 3987 3766 4052 gloriosam

2177 4077 2294 4147 spei
2338 4085 2537 4130 nostrae
2591 4073 2980 4146 perfectionem
3030 4075 3172 4132 liber
3218 4093 3430 4147 quoque
3461 4079 3591 4133 tanti
3624 4078 3765 4134 Pro-

2172 4171 2347 4241 pheta:
2394 4179 2801 4224 consummatus
2864 4169 3172 4225 exsisteret.
3229 4170 3467 4225 Primum
3514 4171 3660 4225 enim
3711 4174 3767 4225 iu

2171 4279 2294 4317 cum
2322 4272 2406 4318 est
2437 4277 2717 4317 numerum
2747 4261 3084 4326 distributus,
3105 4262 3193 4332 qui
3225 4277 3288 4316 ex
3315 4263 3582 4332 tripartito
3603 4263 3763 4332 quin-

2171 4356 2485 4427 quagesimo
2529 4369 2756 4409 numero
2787 4362 2931 4409 esset
2981 4353 3298 4422 explendus,
3326 4369 3449 4408 cum
3506 4369 3685 4424 neque
3713 4357 3765 4410 in

2176 4449 2417 4504 "Cbl‘tClS
2471 4463 2727 4502 numerus
2775 4447 2998 4517 singulis
3037 4447 3338 4517 quibusque
3363 4461 3646 4502 connexus
3672 4449 3764 4514 sit,

2171 4553 2225 4598 et
2275 4543 2515 4611 plerique
2559 4539 2698 4610 apud
2729 4553 2826 4593 eos
2870 4539 3082 4609 psalmi,
3123 4553 3230 4608 quo
3253 4539 3430 4594 minus
3472 4541 3559 4593 hic
3593 4539 3769 4610 tripli-

2173 4635 2250 4690 cis
2291 4631 2362 4706 (e)
2405 4631 2879 4703 quinquagesimus
2928 4645 3183 4685 numerus
3224 4632 3561 4698 conveniret,
3591 4631 3766 4701 juncti

2175 4737 2316 4782 sunt.
2343 4725 2468 4780 Fuit
2505 4739 2633 4794 ergo
2680 4726 2732 4778 in
2792 4723 3198 4779 translatoribus
3247 4724 3348 4778 hoc
3394 4724 3768 4794 intelligentiae

2176 4817 2451 4889 spiritalis,
2483 4825 2540 4870 ut
2569 4824 2883 4886 congestam
2919 4815 3055 4869 hanc
3101 4815 3153 4869 in
3204 4815 3452 4884 plurimis
3477 4815 3765 4870 continua-

2176 4921 2392 4980 tamque
2441 4908 2638 4963 seriem
2686 4907 3012 4976 partirentur
3047 4907 3098 4960 in
3159 4922 3440 4961 numerum
3477 4917 3574 4960 :ut
3616 4907 3769 4977 psal-

2174 5018 2382 5060 morum
2425 5001 2664 5057 omnium
2712 5000 2797 5056 hic
2843 5010 2898 5056 et
2923 4999 3058 5056 ordo
3094 5008 3148 5057 et
3169 5015 3445 5067 numerus,
3475 5000 3567 5071 qui
3597 5001 3649 5055 in
3681 5000 3768 5056 his

2236 5163 2310 5230 (c)
2332 5162 2398 5216 Et
2421 5161 2506 5214 hic
2536 5159 2890 5227 restituimus,
2917 5161 3058 5230 quia,
3085 5159 3176 5214 ubi
3197 5157 3475 5214 obtinebat
3504 5161 3613 5228 qui.
3641 5159 3764 5216 Mox

2163 5235 2386 5289 verbum
2413 5247 2650 5285 exercens
2674 5230 3017 5298 (familiarius
3064 5231 3266 5284 Hilario
3298 5231 3436 5285 foret
3466 5233 3763 5297 exurens),

2163 5319 2260 5374 per
2285 5302 2570 5374 quemdam
2601 5312 2812 5372 tropum
2861 5300 2926 5356 ad
2956 5302 3191 5372 gladium
3232 5301 3316 5356 bis
3345 5311 3560 5356 acutum
3591 5302 3766 5358 refer-

2163 5384 2274 5430 tur.

2241 5445 2321 5516 (ά)
2351 5443 2502 5512 Apud
2533 5443 2660 5498 Par.
2691 5441 2948 5497 ultionum
2969 5441 3489 5517 objurgatio.Deinde
3520 5461 3539 5500 :
3569 5445 3768 5500 vitiosa

2166 5516 2626 5582 interpunctimte.

2236 5586 2307 5658 (e)
2325 5587 2388 5640 Et
2412 5586 2498 5658 hie
2524 5583 2800 5658 legendum
2825 5583 3271 5658 videturtriplicis
3295 5587 3758 5656 quinquagesima,

2162 5668 2217 5712 ct
2244 5655 2384 5739 intra
2414 5657 2571 5712 tribus
2599 5655 3053 5726 quinquagesimis,
3077 5657 3196 5714 loco
3239 5658 3392 5715 verbi
3415 5655 3770 5729 trisquinqua-

2161 5745 2400 5802 gestatus.
