4134 6184
279 219 310 302 If

278 303 304 402 ἶ

374 279 483 338 889

1003 274 1317 335 MONITUM
1350 273 1438 331 DE
1479 270 1975 331 COMMENTARIO
2013 271 2079 329 ΙΝ
2121 271 2436 330 PSALMOS
2475 273 2594 342 XV,
2633 273 2828 345 XXXI,
2869 277 3006 334 XLI.

3551 280 3656 338 890

371 394 948 468 trisquinquagesimus
977 403 1083 460 est,
1138 393 1312 464 possit
1335 391 1543 463 expleri
1591 390 1686 463 (V.
1719 389 1961 460 Prolog.,
1991 391 2044 451 A
2069 388 2459 447 habitationum
2491 401 2544 448 et
2572 392 2836 449 claritate.
2869 394 3170 451 Laudamus
3193 395 3396 453 idcirco
3421 397 3473 453 in
3513 411 3663 468 cym-

374 507 428 544 n.
461 488 586 558 il);
616 492 885 559 totiusque
928 487 1050 543 libri
1071 485 1212 540 idem
1243 484 1332 540 hic
1357 484 1509 554 quasi
1539 491 1711 538 status
1735 482 1966 539 exsiste-

372 592 475 649 ret,
519 583 608 651 qui
644 580 786 641 ﬁdei.
822 588 880 636 ut
911 581 963 634 iu
1012 580 1459 650 quinquagesimo
1483 577 1690 646 psalmo
1737 576 1968 632 centesi-

371 691 570 747 moque
619 677 782 750 653
828 675 1195 739 tractavimus,
1225 688 1451 743 quorum
1500 688 1640 727 unus
1670 671 1963 727 secundum

373 771 685 840 praescripta
719 771 875 840 legis,
930 778 1053 840 post
1094 768 1441 824 sabbatorum
1491 765 1710 821 sabbata
1754 762 1965 819 confes-

369 864 578 919 sionem
635 864 837 933 peccati
913 861 1405 928 remissionemque
1471 857 1786 926 complexus
1855 863 1960 922 est,

371 953 508 1008 alius
563 953 664 1009 sub
711 953 957 1023 ejusdem
999 951 1210 1006 numeri
1253 948 1584 1020 plenitudine
1637 961 1743 1002 non
1791 946 1964 1002 indul-

370 1048 604 1118 gentiam
646 1048 893 1118 peccati,
943 1047 1036 1102 sed
1067 1047 1298 1104 fructum
1343 1045 1688 1114 ofﬁciumque
1738 1043 1962 1114 justitia:

371 1141 804 1213 comprehendit.
839 1141 915 1213 (a)
934 1141 1064 1197 Post
1095 1157 1214 1210 qua:
1241 1154 1455 1195 rursum
1484 1137 1746 1194 aediﬁcata
1769 1138 1878 1208 jam
1908 1139 1962 1194 in

368 1243 633 1290 aeternum
661 1235 756 1290 Dei
786 1235 1022 1299 civitate,
1073 1243 1128 1289 et
1168 1233 1420 1288 omnibus
1449 1232 1514 1286 ad
1545 1232 1961 1302 gratulationem

370 1326 492 1395 ejus
507 1326 825 1396 laudemque
844 1327 1211 1392 commonitis,
1230 1326 1330 1381 sub
1354 1323 1595 1393 ejusdem
1622 1339 1832 1378 rursum
1858 1339 1960 1378 nu-

370 1420 509 1474 meri
540 1429 800 1487 porestate
826 1433 949 1488 spes
985 1428 1069 1474 est
1092 1425 1460 1473 consummata
1489 1425 1820 1480 sanctorum,
1847 1415 1959 1484 jam

368 1512 439 1567 ad
459 1512 759 1582 spiritalem
800 1513 1050 1568 omnibus
1088 1512 1314 1583 gloriam
1347 1519 1700 1579 naturamque
1731 1523 1960 1563 renova-

367 1604 438 1660 tis
466 1621 478 1656 :
511 1612 567 1658 ut
597 1604 858 1674 gradatim
891 1620 989 1672 per
1016 1603 1120 1659 hoc
1164 1602 1230 1658 ad
1265 1603 1356 1658 Dei
1384 1602 1715 1657 consortium
1746 1600 1958 1654 venire-

368 1705 478 1761 tur,
509 1711 630 1751 cum
689 1707 1033 1766 peccatorum
1084 1695 1334 1751 remissio
1355 1694 1482 1749 vita:
1513 1691 1874 1748 innocentiam
1903 1699 1959 1746 et

2067 481 2206 537 balis
2257 482 2398 539 bene
2441 485 2762 539 sonantibus
2809 487 2908 540 :in
2968 487 3229 558 cymbalis
3280 489 3659 546 exsultationis

2069 572 2186 628 laus
2239 576 2339 628 ista
2396 576 2692 643 perficitur.
2721 577 2854 645 Quae
2886 578 3004 634 laus
3033 580 3211 634 omnis
3241 581 3293 634 in
3330 583 3530 637 sanctis
3553 592 3657 648 est,

2068 667 2208 736 quod
2236 667 2413 721 abhis
2469 670 2872 738 corruptionem
2925 671 3103 726 carnis
3153 673 3537 743 sanguinisque
3566 675 3661 730 de-

2066 758 2286 829 pulerit,
2319 759 2461 829 quod
2491 759 2558 813 ad
2609 760 2896 828 imaginem
2951 763 3213 818 creatoris
3237 766 3315 818 sui
3343 765 3447 818 sint
3490 765 3662 820 refor-

2068 853 2215 916 mati,
2249 851 2393 921 quod
2424 852 2738 909 conformes
2753 855 2864 924 jam
2890 869 3011 911 esse
3058 855 3243 925 gloria:
3286 857 3532 926 corporis
3564 857 3658 912 Dei

2065 946 2330 1016 cteperint
2363 987 2377 1008 ,
2426 946 2568 1015 quod
2632 947 2683 1000 in
2735 963 2951 1003 omnem
3003 949 3097 1004 Dei
3131 949 3512 1018 plenitudinem
3560 950 3660 1004 im-

2066 1040 2334 1108 pleantur,
2367 1038 2511 1107 quod
2556 1053 2677 1092 cum
2711 1041 2851 1094 Deus
2896 1041 3120 1110 spiritus
3151 1042 3240 1105 sit,
3278 1041 3443 1097 Deum
3478 1051 3656 1099 tamen

2065 1148 2172 1188 non
2199 1146 2328 1188 caro
2353 1131 2463 1202 jam
2492 1132 2562 1188 sit
2582 1131 2886 1199 laudatura,
2905 1133 2998 1188 sed
3022 1134 3264 1204 spiritus.

2709 1265 3020 1322 MONITUM

2228 1395 2296 1437 DE
2324 1394 2704 1437 COIIENTARIO
2734 1396 2785 1436 IN
2814 1394 3045 1436 PSALRIOS
3077 1395 3164 1445 κν,
3193 1395 3344 1447 XXXI,
3375 1395 3482 1436 XLI.

2512 1493 2622 1568 (Ex
2649 1493 2896 1552 Biblioth.
2924 1493 3202 1564 Galland.)

2137 1610 2403 1679 Quantum
2460 1610 2654 1665 litteris
2713 1619 2767 1665 et
2822 1609 3064 1665 doctrina
3122 1607 3436 1663 excelluerit
3491 1621 3651 1663 sanc-

2062 1711 2146 1756 tus
2175 1701 2437 1766 Hilarius,
2481 1716 2544 1756 cx
2579 1702 2644 1755 iis
2683 1701 2964 1771 praeconiis
3003 1701 3134 1755 satis
3177 1708 3406 1764 constat,
3459 1698 3654 1769 quibus

362 1789 548 1861 indic“
577 1792 932 1846 CODSlanliam
985 1798 1308 1855 mereretur.
1341 1787 1465 1843 νίῑω
1494 1796 1668 1841 autem
1703 1787 1962 1841 innocell-
1989 1776 2036 1838 Β
2063 1801 2275 1848 veteres
2305 1791 2564 1846 Ecclesia:
2595 1791 2886 1859 scriptores
2913 1791 3030 1860 ejus
3058 1791 3250 1845 merita
3285 1790 3650 1845 celebrarunt.

367 1885 438 1941 tis
485 1884 780 1955 iudiciique
821 1884 1124 1940 canstantia
1169 1881 1425 1954 Spiritalis
1484 1880 1671 1951 gloriae
1721 1887 1961 1934 sumeret

364 1977 705 2045 dignitatem.
740 1977 816 2030 Ac
863 1976 941 2030 sic
971 1975 1185 2038 omnia,
1238 1973 1566 2043 baptismum
1607 1971 1956 2036 resurrectio,

363 2067 665 2125 demutatio
691 2068 1059 2133 continentur,
1091 2082 1212 2122 cum
1263 2066 1434 2137 prima
1485 2080 1584 2121 nos
1630 2064 1754 2120 libri
1796 2063 1957 2134 hujus

363 2161 807 2232 quinquagesima
851 2171 1138 2230 regeneret
1167 2160 1235 2214 ad
1290 2159 1680 2223 innocentiam,
1725 2172 1954 2228 sequens

362 2253 430 2307 ad
472 2252 731 2321 judicium
779 2251 1107 2308 innocentize
1167 2251 1239 2322 (b)
1303 2250 1626 2306 resurrectio
1674 2251 1954 2319 perducat,

363 2346 520 2402 tertia
553 2346 605 2400 in
630 2354 874 2400 naturam
907 2345 1140 2414 spiritus
1165 2353 1217 2398 et
1248 2343 1459 2398 laudem
1484 2343 1792 2397 constituat.
1829 2341 1958 2397 Post

359 2439 571 2493 vinctos
598 2437 740 2492 enim
772 2436 1124 2507 compedibus
1143 2443 1331 2505 reges,
1377 2434 1678 2504 ligatosque
1728 2432 1953 2488 manicis

360 2529 569 2584 nobiles
594 2528 655 2599 (f.
689 2527 768 2593 et)
797 2536 1106 2582 sanctorum
1129 2527 1392 2597 judicium
1422 2527 1950 2594 conscriptum,cum

359 2619 416 2676 in
477 2620 562 2675 his
614 2621 868 2675 omnibus
911 2621 1084 2690 gloria
1137 2619 1490 2683 constitisset,
1529 2619 1715 2688 gloriae
1771 2625 1950 2672 tamen

358 2709 528 2782 ipsius
557 2710 950 2766 consummatio
975 2710 1043 2779 (c)
1071 2711 1185 2766 haec
1211 2720 1395 2765 secula
1418 2719 1519 2765 est.

427 2803 484 2858 2.
516 2802 777 2874 Superior
807 2803 1054 2874 proximo
1110 2802 1348 2872 psalmus
1395 2800 1459 2855 ad
1489 2799 1700 2856 laudem
1731 2815 1830 2855 nos
1857 2799 1950 2853 Dei

357 2895 428 2951 ob
474 2895 808 2950 creationum
840 2894 1295 2965 magniﬁcentiam
1326 2893 1613 2948 advocavit
1646 2909 1659 2944 :
1695 2893 1790 2948 sed
1831 2901 1952 2962 post

357 2988 552 3042 cantici
585 2989 707 3041 novi
741 2985 998 3057 hymnum
1025 2986 1165 3040 Deus
1195 2999 1301 3040 non
1335 2985 1508 3039 adhuc
1535 2983 1700 3058 65A
1738 2985 1789 3039 in
1821 2998 1951 3053 ope-

354 3080 503 3136 ribus
539 3080 861 3148 laudandus,
891 3081 982 3136 sed
1032 3080 1330 3135 laudandus
1360 3081 1412 3134 in
1444 3081 1645 3135 sanctis
1677 3088 1777 3144 est,
1809 3095 1945 3149 quos

353 3181 480 3242 post
521 3172 778 3243 judicium
831 3173 1196 3244 conscriptum
1245 3175 1296 3228 in
1354 3175 1671 3228 aeternitatis
1721 3173 1944 3243 gloriam
1977 3151 2021 3214 Ο

353 3263 720 3330 collocaverit,
740 3274 793 3317 et
847 3263 1256 3318 indenmtabiles
1281 3264 1389 3332 jam
1413 3265 1618 3320 caelesti
1635 3265 1836 3319 honore
1850 3265 1948 3319 do-

353 3357 600 3412 navcrit:
633 3373 732 3428 per
759 3357 902 3427 quod
944 3357 995 3412 in
1028 3357 1240 3410 virtutis
1282 3372 1395 3411 suae
1431 3356 1730 3412 laudandus
1759 3357 1828 3412 sit
1852 3356 1946 3412 ﬁr-

353 3457 706 3511 mamentum,
737 3448 858 3517 quia
913 3448 1310 3502 ﬁrmamentum
1369 3456 1587 3504 teternze
1623 3450 1840 3504 virtutis
1868 3451 1948 3504 in.

353 3542 584 3606 rexerit,
633 3543 886 3612 absorpta
941 3542 993 3596 in
1048 3543 1398 3598 contentione
1447 3553 1639 3606 morte,
1669 3560 1791 3600 cum
1821 3559 1945 3600 cor-

353 3636 658 3705 ruptionem
718 3635 1054 3705 incorruptio
1101 3635 1460 3692 devoraverit.
1496 3638 1563 3692 Et
1619 3637 1821 3694 idcirco
1847 3640 1945 3694 tir-

354 3741 684 3786 mamentum
730 3729 946 3785 virtutis
977 3729 1095 3785 laus
1131 3731 1374 3799 sequitur
1421 3739 1769 3800 potestatum,
1819 3733 1944 3801 quia

354 3829 586 3876 mortem
638 3821 1014 3876 immortalitas
1064 3823 1491 3891 consumpserit,
1530 3822 1769 3877 tribuens
1799 3825 1943 3893 quod

353 3915 546 3969 oculus
577 3928 680 3968 non
713 3913 868 3979 vidit,
902 3930 1001 3971 nec
1048 3930 1143 3969 cor
1172 3915 1449 3985 cogitavit,
1485 3931 1584 3969 nec
1611 3917 1760 3971 auris
1794 3917 1946 3971 audi-

349 4007 448 4062 vit.
473 4005 696 4077 (Versus
709 4006 948 4077 quinque,
969 4005 1276 4076 fugientibus
1294 4023 1389 4059 ms.
1412 4007 1612 4073 litteris,
1630 4007 1728 4077 legi
1748 4008 1830 4061 hic
1844 4025 1946 4064 non

351 4096 826 4168 potuere.).........
858 4096 910 4153 in
934 4100 1135 4154 sanctis
1155 4107 1211 4154 et
1239 4099 1304 4154 ad
1336 4099 1668 4155 laudem.....
1700 4115 1943 4156 suas.....

527 4190 667 4245 Deus
722 4190 1018 4245 secundum
1073 4189 1392 4261 Apostolum
1451 4206 1548 4246 nos
1596 4200 1721 4246 ante
1759 4193 1946 4249 mundi

348 4282 792 4338 constitutionem
841 4282 892 4335 in
933 4282 1247 4338 ctelestibus
1299 4281 1524 4350 spiritali
1573 4283 1946 4340 benedictione

347 4371 630 4428 benedixit
687 4371 906 4442 (Ep/res.
953 4389 993 4438 ι,
1051 4375 1151 4442 5):
1203 4372 1268 4426 ad
1318 4373 1472 4442 cujus
1519 4372 1692 4426 laudis
1721 4375 1945 4443 gloriam

347 4464 528 4520 omnia
560 4473 613 4518 et
645 4464 792 4519 vocis
819 4473 872 4519 et
898 4478 1120 4533 operum
1153 4462 1328 4518 ofﬁcia
1380 4462 1607 4518 incitant
1633 4462 1946 4522 diversitate

2062 1886 2423 1956 Hieronymus
2454 1885 2652 1938 Doctor
2683 1883 2948 1937 maximus
2980 1882 3266 1936 columnam
3295 1881 3539 1934 Ecclesia:
3575 1882 3654 1951 ip-

2060 1995 2177 2035 sum
2201 1978 2438 2048 appellat
2467 1977 2563 2046 (ά).
2592 1976 2854 2030 Praeterea
2877 1974 2952 2045 (e)
2978 1974 3141 2027 virum
3158 1973 3648 2045 eloquentissimum,

2060 2080 2105 2125 et
2136 2079 2311 2123 contra
2328 2069 2546 2122 Arianos
2559 2066 2730 2120 Latini
2754 2066 3003 2120 sermonis
3042 2064 3231 2118 tubam.
3253 2065 3390 2119 Alibi
3413 2077 3541 2118 vero
3567 2061 3647 2135 (f)

2058 2177 2297 2230 magnum
2319 2161 2482 2214 virum
2499 2174 2619 2213 eum
2647 2166 2828 2222 vocat,
2848 2167 2894 2210 et
2920 2155 3228 2223 temporibus
3277 2157 3382 2208 suis
3411 2155 3645 2209 disertis-

2056 2254 2263 2319 simum,
2290 2253 2375 2319 qui
2413 2260 2459 2304 et
2487 2250 2816 2320 confessionis
2852 2264 2960 2302 sum
2995 2249 3172 2330 mel-ito
3191 2289 3205 2311 ,
3235 2256 3281 2300 et
3319 2247 3440 2300 vita:
3468 2245 3647 2299 indus-

2059 2347 2176 2408 tria,
2194 2355 2244 2400 et
2258 2345 2556 2413 eloquentia:
2581 2341 3139 2410 claritate,ubicumque
3165 2340 3452 2393 Romanum
3469 2353 3649 2393 nomen

2056 2448 2152 2505 est,
2189 2439 2518 2507 prwdicatur.
2546 2437 2613 2491 Et
2641 2435 2709 2490 ad
2737 2436 2935 2490 Laetam
2961 2434 3204 2488 scribens
3233 2434 3307 2508 (g)
3341 2433 3458 2503 ejus
3484 2432 3647 2486 ﬁliam

2058 2530 2323 2597 hortatur,
2353 2539 2410 2584 ut
2430 2528 2621 2582 Hilarii
2641 2530 2794 2581 libros
2820 2526 3073 2594 inoffenso
3099 2525 3335 2580 decurrat
3350 2526 3494 2597 pede.
3509 2524 3647 2591 Quin

2058 2623 2187 2678 tanti
2221 2622 2452 2677 faciebat
2488 2622 2672 2675 Hilarii
2704 2622 2902 2689 scripta
2937 2620 3315 2691 Hieronymus,
3337 2628 3394 2673 ut
3419 2620 3536 2687 ejus
3563 2620 3647 2672 in-

2028 2715 2499 2784 ‘tcrprelationem
2523 2713 2858 2766 Psalmorum
2895 2710 3266 2765 Davitlicorum
3298 2718 3351 2763 et
3382 2710 3645 2780 prolixum

2053 2807 2209 2862 valde
2239 2806 2306 2861 de
2335 2804 2565 2876 Synodis
2608 2805 2803 2858 librum
2851 2818 3013 2858 manu
3046 2817 3141 2856 sua
3185 2801 3300 2872 ipse
3341 2800 3648 2886 descripse-

2053 2899 2123 2954 rit
2159 2898 2370 2969 (h).Sed
2395 2908 2450 2954 et
2476 2898 2545 2952 ab
2567 2899 2866 2968 Augustino
2893 2896 3136 2950 laudatur
3161 2894 3222 2967 (i)
3255 2895 3489 2950 Hilarius
3512 2904 3648 2950 tam-

2019 3046 2021 3048 .
2053 3006 2213 3060 quam
2245 2992 2470 3046 ecclesia:
2503 2991 2772 3044 catholica:
2795 2989 3034 3042 adversus
3065 2989 3330 3042 haereticos
3366 2989 3648 3043 acerrimus

2054 3083 2310 3153 defensor,
2345 3093 2506 3153 atque
2538 3083 2616 3156 (j)
2648 3080 2948 3136 venerabilis
2979 3080 3262 3134 catholicus
3290 3080 3579 3149 disputator
3599 3088 3651 3136 et

2051 3176 2267 3245 insignis
2296 3175 2624 3228 ecclesiarum
2649 3174 2824 3226 doctor
2868 3171 2970 3243 (k),
3023 3188 3179 3240 neque
3217 3171 3486 3226 mediocris
3516 3189 3644 3226 auc-

2051 3268 2274 3322 toritatis
2301 3268 2355 3320 in
2398 3267 2702 3320 tractatione
2745 3266 3115 3332 scripturarum
3143 3273 3187 3318 et
3217 3265 3496 3317 assertione
3524 3264 3647 3333 ﬁdei

2049 3361 2146 3414 vir.
2180 3360 2307 3414 Post
2338 3359 2437 3412 hos
2483 3369 2662 3413 autem
2697 3358 2872 3426 magni
2926 3355 3158 3410 nominis
3203 3356 3452 3410 doctores
3502 3354 3644 3410 haud

2050 3453 2274 3507 interest
2301 3452 2508 3521 reliqua
2538 3451 2590 3505 in
2620 3450 2856 3505 medium
2889 3451 3130 3517 proferre
3155 3447 3226 3503 de
3259 3459 3445 3503 nostro
3475 3447 3644 3504 antis-

2050 3542 2148 3598 tite
2178 3542 2500 3596 l’ictaviensi
2522 3541 2746 3610 judicia,
2787 3553 2907 3606 quae
2957 3538 3142 3592 tulisse
3171 3548 3464 3592 noscuntur
3492 3538 3640 3592 Ruﬁ-

2049 3651 2152 3692 nus
2209 3637 2270 3706 (ι)
2299 3677 2312 3699 ,
2355 3635 2688 3689 Sozomenus
2719 3631 2838 3706 (m),
2871 3630 3161 3686 Cassianus
3204 3629 3315 3701 (η),
3349 3629 3638 3685 t'assiodo-

2049 3744 2143 3784 rus
2177 3727 2253 3799 (ο)
2281 3725 2500 3794 aliique.

2127 3839 2146 3874 ι
2195 3820 2553 3890 Quapropter,
2594 3818 2768 3887 inquit
2796 3816 3088 3872 Martenius
3137 3814 3240 3888 (Ρ),
3282 3815 3414 3870 satis
3455 3815 3640 3872 dolere

2051 3929 2155 3968 non
2187 3927 2495 3983 possumus,
2525 3911 2802 3981 complura
2835 3910 2967 3964 tanti
3000 3909 3244 3963 Doctoris
3294 3918 3642 3965 monumenta

2048 4017 2138 4063 aut
2167 4007 2395 4078 periisse
2420 4007 2665 4068 omnino,
2706 4014 2796 4058 aut
2825 4001 3083 4057 oblivioni
3119 4001 3312 4054 tradita
3341 4001 3541 4055 alicubi
3559 4001 3644 4069 ja-

2048 4115 2174 4155 cere
2202 4100 2420 4169 pulvere
2449 4098 2650 4152 obsita.
2684 4096 2751 4151 Et
2783 4095 2834 4148 in
2867 4101 3136 4163 postrema
3168 4090 3384 4160 quidem
3415 4105 3641 4160 operum

2048 4193 2166 4262 ejus
2199 4191 2515 4248 recensione
2553 4205 2710 4259 quam
2750 4189 2852 4258 pize
2893 4183 3169 4240 memoria:
3195 4199 3225 4239 e
3258 4185 3457 4239 nostris
3485 4183 3644 4239 ador—

2049 4283 2192 4338 navit
2243 4282 2436 4338 Petrus
2466 4279 2802 4339 Coutantius,
2837 4277 2968 4331 nihil
2991 4277 3284 4347 diligentiae
3313 4276 3639 4346 praetermis-

2048 4390 2203 4439 sum,
2249 4373 2535 4444 quominus
2582 4381 2636 4425 et
2676 4385 2705 4423 a
2757 4368 2970 4424 mendis
3025 4377 3316 4438 expurgatu
3347 4375 3403 4422 et
3431 4367 3638 4436 integra

2049 4466 2330 4536 prodirent
2367 4467 2420 4520 in
2473 4465 2648 4520 lucem
2696 4462 2897 4518 omnia.
2929 4459 3039 4516 Nec
3069 4459 3246 4516 inanis
3275 4458 3498 4514 omnino
3543 4457 3644 4512 fuit

417 4623 491 4692 (a)
523 4620 854 4694 Reponimus
880 4630 995 4694 post
1031 4635 1178 4694 quae,
1196 4619 1284 4674 ubi
1329 4619 1484 4694 prius
1510 4620 1755 4694 exstabat
1797 4632 1939 4694 post-
1971 4623 2019 4682 D
2118 4621 2185 4694 (f)
2222 4621 2434 4694 Hieron.
2464 4619 2623 4690 epist.
2659 4633 2842 4682 χχχιιι,
2874 4616 2945 4672 al.
2988 4629 3108 4671 cm
3153 4613 3220 4668 ad
3252 4613 3485 4669 Marcell.
3518 4612 3546 4684 §
3575 4612 3639 4678 ὅ,

345 4689 536 4816 quam,
567 4691 777 4764 experti
823 4689 1078 4747 mendum
1129 4690 1271 4746 idem
1306 4691 1554 4760 superius
1581 4689 1750 4746 fuisse
1770 4693 1940 4748 corri-

345 4780 467 4816 ΗΕΙΙ(
491 4779 599 4816 um.

344 4779 599 4836 genuum.

419 4853 494 4926 (b)
519 4854 670 4922 Apud
707 4854 851 4920 Par.,
888 4853 1257 4926 resurrectione
1287 4851 1538 4920 producat
1569 4869 1581 4904 :
1607 4867 1713 4905 non
1743 4851 1937 4917 disiili-

345 4922 493 4979 ceret
534 4927 920 4987 resurrectione,
954 4924 1055 4980 nisi
1084 4922 1424 4977 obniteretur
1455 4938 1554 4974 ms.
1583 4938 1701 4975 nam
1725 4939 1937 4992 sequens

344 4996 559 5048 videtur
589 4997 775 5051 referri
804 4995 870 5049 ad
922 5008 1111 5050 vocem
1167 4993 1607 5064 quinquagesima,
1634 5008 1754 5062 qua:
1808 4995 1938 5048 reti-

342 5073 555 5125 neatur.

418 5161 492 5230 (ε)
517 5158 1129 5230 Nimirumpotestatem
1163 5169 1319 5226 reges
1366 5154 1641 5230 vincendi,
1665 5153 1935 5230 judicium

343 5226 711 5298 conscriptum
763 5228 1088 5284 decernendi
1121 5245 1135 5287 ;
1186 5241 1308 5298 nam
1366 5226 1495 5279 illud
1524 5226 1632 5298 [tam
1663 5229 1713 5279 in
1739 5235 1936 5298 quarto

342 5315 472 5354 casu
503 5296 724 5369 pluralis
742 5301 947 5354 numeri
980 5296 1515 5369 intelligendumest.
1538 5296 1660 5369 Mox
1697 5297 1934 5362 proximo

340 5371 421 5424 sic
442 5366 532 5437 per
559 5370 775 5423 modum
800 5369 1033 5424 adverbii
1068 5369 1206 5437 apud
1234 5371 1352 5421 Par.
1377 5366 1779 5431 designabatur,
1813 5382 1934 5421 cum

337 5440 483 5495 idem
506 5440 578 5493 sit
606 5439 806 5495 Hilario
853 5440 1086 5507 superior
1127 5440 1382 5510 proximo,
1433 5437 1576 5507 quod
1607 5437 1765 5509 vulgo
1796 5446 1939 5493 ante-

338 5511 674 5581 penultimus,
708 5519 831 5578 puta
892 5512 1015 5567 147.

410 5603 488 5669 (d)
524 5601 768 5668 Hierom,
797 5613 972 5656 contr.
1005 5599 1184 5656 Ruﬁn.
1210 5599 1304 5656 lib.
1331 5616 1369 5667 ι,
1395 5599 1420 5669 §
1450 5599 1536 5666 11,
1559 5613 1683 5669 opp.
1717 5609 1847 5656 tom.
1875 5615 1929 5666 ιι,

331 5686 460 5742 pag.
490 5671 618 5738 459,
654 5672 782 5728 edit.
812 5673 1010 5728 Veron.

409 5714 1026 5818 iéffaf’iﬁi'df'tiiffﬁfg
1060 5742 1147 5815 49,
1180 5755 1298 5815 pag.
1335 5741 1457 5800 διδ.

2048 4704 2086 4749 t.
2118 4690 2463 4764 i,'pag.154.

2114 4784 2190 4858 (9)
2222 4784 2296 4839 Id.
2327 4786 2485 4855 epist.
2518 4798 2624 4839 cvn
2654 4783 2726 4837 al.
2751 4797 2842 4845 vn,
2873 4781 2900 4853 §
2937 4781 3022 4846 11,
3051 4795 3170 4850 pag.
3198 4777 3321 4833 682.

2114 4877 2195 4949 (Ιι)
2222 4875 2297 4931 Id.
2326 4875 2485 4944 epist.
2519 4891 2573 4938 v,
2598 4874 2673 4929 al.
2701 4889 2774 4939 VI,
2798 4873 2863 4927 ad
2893 4872 3158 4938 Florent.,
3187 4869 3213 4940 §
3247 4869 3333 4934 11,
3357 4883 3478 4940 pag.
3512 4868 3601 4924 15.

2131 4969 2191 5039 (i)
2223 4971 2356 5041 Aug.
2379 4979 2553 5041 contr.
2581 4968 2786 5025 Julian.
2813 4966 2907 5022 lib.
2935 4982 2967 5033 ι,
3007 4980 3123 5034 cap.
3146 4965 3200 5028 5,
3226 4980 3371 5018 num.
3413 4963 3469 5032 9,
3511 4977 3640 5034 opp.

2056 5048 2186 5095 tom.
2217 5056 2270 5104 κ,
2305 5040 2423 5111 pag.
2458 5040 2583 5094 501.

2124 5130 2200 5205 (j)
2228 5132 2306 5186 Id.
2340 5131 2407 5186 de
2449 5131 2644 5205 Triniit.
2680 5131 2770 5184 lib.
2820 5146 2878 5195 ιι,
2928 5143 3046 5197 cap.
3098 5127 3153 5194 8,
3204 5143 3352 5183 num.
3405 5127 3498 5196 26,
3545 5129 3640 5196 28,

2051 5202 2188 5257 toni.
2212 5219 2324 5263 vm.
2361 5218 2483 5272 pag.
2509 5202 2633 5266 545,
2666 5217 2781 5271 seq.

2148 5295 2197 5366 k)
2227 5297 2304 5351 ld.
2333 5296 2461 5350 ibid.
2493 5297 2586 5351 lib.
2617 5312 2686 5359 vi,
2720 5311 2840 5365 cap.
2875 5295 2964 5362 10,
2993 5310 3142 5349 num.
3171 5296 3258 5361 11,
3288 5311 3409 5366 pag.
3439 5294 3566 5351 850.

2143 5368 2184 5432 Ι)
2243 5367 2418 5435 Ru/in.
2476 5367 2610 5421 Iiist.
2646 5367 2802 5432 ccc|.,
2839 5367 2932 5421 lib.
2967 5382 3003 5432 ι,
3034 5381 3155 5437 cap.
3183 5367 3274 5422 51.

2117 5437 2214 5507 (in)
2245 5437 2452 5507 Sozam.
2480 5438 2570 5492 lib.
2595 5452 2649 5503 ν,
2672 5453 2791 5507 cap.
2827 5438 2918 5494 15.

2140 5506 2200 5576 ιι)
2225 5506 2460 5565 Cassian.
2493 5508 2560 5563 de
2587 5507 2822 5574 Incarn.,
2857 5510 2947 5564 lib.
2977 5525 3071 5574 VII,
3103 5523 3220 5576 cap.
3248 5507 3342 5562 24.

2141 5575 2190 5646 ο)
2223 5577 2481 5645 Cassiod.,
2517 5580 2580 5634 tle
2605 5579 2776 5634 Instit.
2809 5581 2976 5635 divin.
3012 5575 3205 5639 litter.’,
3231 5591 3349 5646 cap.
3380 5575 3464 5629 17.

2042 5649 2449 5776 ssfgj‘all‘llarten.
2483 5650 2666 5708 Vctcr.
2701 5652 2886 5724 script.
2924 5652 3167 5717 collect.,
3217 5657 3341 5704 tom.
3391 5660 3468 5712 ts,
3512 5659 3633 5717 pag.

2121 5736 2302 5792 tSC‘l‘l'
