4134 6184
455 196 556 261 891

1657 194 1903 261 ειΑΝοτι
1942 194 2201 261 lile
2224 198 2531 264 ΕΡιὸὓΟΗ

3633 207 3746 269 σεε

456 314 576 387 ejus
602 312 753 369 labor
782 330 795 368 :
829 327 952 371 nam
982 320 1036 368 et
1078 311 1289 383 Aliquot
1334 311 1388 371 in
1416 310 1663 373 Psalmos
1692 302 2041 387 tractatibus,
2072 310 2124 381 Α
2150 324 2312 382 super
2337 312 2473 371 Sion
2497 322 2743 379 montem
2769 278 3013 378 sanctum
3049 272 3202 388 eius!
3236 330 3347 377 nos
3372 318 3562 393 utique
3596 321 3742 383 arisi.

458 416 516 464 et
539 404 883 482 apelogeticis
913 402 980 461 ad
1007 401 1429 474 reprehensores
1450 402 1577 464 libri
1594 402 1663 460 de
1682 402 1920 479 Synodis
1933 416 2047 463 res.

461 500 646 571 ponsis
671 485 959 552 editionem
988 510 1140 556 suam
1170 496 1339 557 auxit.
1372 495 1575 556 Verum
1601 511 1711 556 non
1760 510 1924 573 pauca
1954 494 2048 555 ad-

462 591 567 647 huc
591 589 933 645 delitescunt.

532 678 896 755 Quamobrem
944 695 1063 739 cum
1131 680 1465 749 superiorum
1521 688 1829 739 nostrorum
1897 679 2052 755 jussu

463 774 843 833 Germanicum
892 773 993 828 iter
1039 773 1511 844 suscepissemus,
1560 771 1805 831 hortatus
1833 780 1919 827 est
1955 786 2053 831 nos

462 869 545 923 vir
575 866 945 930 doctissimus,
972 877 1029 919 ut
1055 865 1110 921 in
1142 863 1535 933 perlustrandis
1564 863 1905 921 bibliothecis
1937 863 2053 921 sin-

463 958 634 1029 gulari
666 950 843 1013 studio
875 955 1063 1013 Hilarii
1101 956 1315 1010 codices
1345 955 1802 1026 pervolveremus,
1831 955 1876 1011 si
1918 952 2057 1013 forte

468 1058 751 1107 tractatum
784 1047 901 1119 ejus
923 1047 978 1104 in
1001 1046 1127 1117 Job,
1172 1046 1535 1118 praefationem
1574 1048 1625 1107 in
1668 1045 1975 1110 Matthwum
2003 1054 2059 1102 et

467 1144 703 1217 plurium
735 1142 1072 1197 Psalmorum
1114 1141 1481 1210 expositiones
1512 1156 1833 1210 recuperare
1874 1155 2057 1210 posse-

470 1252 618 1292 mus:
641 1250 952 1307 persuasum
979 1234 1178 1306 quippe
1202 1234 1428 1288 habehat
1452 1234 1712 1304 integrum
1740 1232 2058 1288 Psalterium

469 1344 499 1384 a
522 1330 680 1386 beate
710 1330 937 1389 Doctore
966 1327 1133 1385 iuiSse
1158 1329 1489 1397 expositum.
1514 1326 1578 1383 Et
1604 1341 1733 1384 ecce
1770 1325 2063 1383 discutien-

471 1421 613 1477 tibus
652 1423 805 1478 nobis
854 1420 1163 1479 monasterii
1208 1419 1640 1491 Aquiciuctensis
1690 1418 1854 1472 libros
1901 1432 2063 1473 manu

470 1522 738 1575 exaratos.
771 1513 955 1568 incidit
982 1512 1209 1567 feliciter
1240 1513 1292 1569 in
1326 1527 1516 1573 manus
1557 1520 1770 1570 nostras
1799 1510 1967 1567 codex
1994 1510 2063 1565 ab

472 1606 630 1662 annis
649 1605 865 1662 circiter
904 1606 1179 1663 sexcentis
1224 1605 1496 1679 eleganter
1523 1606 1755 1674 scriptus
1780 1645 1795 1675 η
1826 1600 1978 1673 cujus
2008 1603 2063 1658 in

2152 410 2271 463 tror
2304 404 2359 465 in
2391 414 2574 465 monte
2623 406 2732 467 hoc.
2767 416 2983 471 terrena
3024 407 3115 478 qui
3156 417 3241 467 est
3269 410 3322 464 in
3361 408 3548 466 Judzea
3569 451 3584 479 ,
3617 428 3742 484 reg-

2152 511 2279 557 num
2308 511 2340 555 a
2370 497 2531 559 Patre
2558 499 2742 559 datum
2786 501 3017 559 Domino
3035 542 3049 567 ,
3079 503 3231 573 cujus
3270 505 3492 561 cceleste
3519 520 3746 576 regnum

2152 591 2445 661 Apostolus
2471 592 2629 649 docet
2651 610 2667 647 :
2688 594 2827 650 sicut
2847 603 2900 651 et
2919 594 3091 665 ipsam
3121 596 3398 659 civitatem
3419 597 3744 670 Jerusalem,

2152 695 2259 737 non
2291 681 2432 741 hanc
2469 683 2668 743 Christi
2693 701 2817 747 esse
2849 687 3089 745 ostendit
3115 704 3235 759 quae
3265 705 3407 749 nunc
3436 692 3602 749 servit
3623 709 3746 750 eum

2154 770 2278 831 ﬁliis
2307 775 2421 831 suis
2444 815 2459 841 ,
2496 775 2592 837 sed
2636 777 2781 835 illam
2805 793 2926 849 quae
2961 793 3177 839 sursum
3201 789 3322 848 est,
3355 794 3582 841 matrem
3619 800 3750 845 nos:

2157 876 2295 927 tratu
2333 867 2558 927 liberam
2581 909 2598 936 ,
2639 870 2917 929 caelestem
2957 871 3275 935 Jerusalem.
3317 873 3395 929 Ita
3424 891 3526 933 nec
3554 876 3750 939 binum

2155 959 2466 1023 «Iudaeorum
2497 962 2592 1033 qui
2621 963 2926 1025 circumcisi
2965 976 3089 1026 sunt
3130 966 3545 1027 circumsicione
3587 985 3752 1029 manu

2160 1052 2294 1111 facta
2320 1095 2339 1125 ,
2372 1052 2467 1111 sed
2495 1053 2635 1113 sicut
2661 1052 2957 1125 Apostolus
2982 1054 3161 1117 docuit
3180 1100 3195 1123 ,
3225 1057 3413 1119 dicens
3441 1075 3454 1113 :
3490 1060 3615 1129 quia
3639 1078 3751 1121 non

2159 1153 2243 1203 est
2288 1143 2373 1202 hic
2410 1143 2631 1205 Judtrus
2673 1145 2764 1219 qui
2794 1146 2970 1219 palam
3002 1148 3213 1209 videtur
3236 1189 3252 1215 ,
3288 1165 3460 1220 neque
3504 1152 3591 1213 illa
3637 1154 3751 1213 cir-

2160 1235 2421 1293 cumcisio
2446 1252 2564 1308 quae
2596 1237 2648 1292 in
2686 1252 2849 1299 carne
2875 1240 2981 1307 sit,
3020 1240 3118 1297 scd
3148 1241 3488 1301 circumcisio
3523 1244 3704 1305 cordis
3728 1283 3749 1311 ,

2161 1327 2312 1397 cujus
2335 1328 2450 1385 laus
2480 1343 2585 1389 non
2610 1344 2679 1389 ex
2710 1330 3039 1393 hominibus.
3063 1332 3157 1391 sed
3188 1347 3255 1391 ex
3284 1332 3395 1391 Deo
3414 1342 3527 1401 est;
3560 1343 3616 1391 et
3643 1351 3756 1393 non

2164 1420 2355 1481 horum
2396 1421 2702 1481 Judaeorum
2736 1439 2830 1481 rex
2873 1423 3033 1481 Jesus
3062 1425 3153 1494 qui
3199 1439 3266 1487 ex
3310 1427 3568 1493 Operibtts
3606 1428 3756 1502 apud

2165 1510 2411 1571 homines
2454 1514 2751 1586 gloriantur
2773 1555 2789 1579 ,
2831 1514 2926 1573 sed
2963 1530 3191 1586 quorum
3217 1518 3388 1587 gloria
3414 1518 3555 1589 apud
3587 1520 3758 1580 Deum

2167 1611 2384 1679 propter
2413 1619 2569 1674 spem
2594 1607 2781 1677 gratiae
2809 1605 2925 1679 ejus
2954 1615 3057 1665 est.
3098 1607 3229 1665 Vide
3258 1609 3402 1665 enim
3432 1607 3760 1678 Apostolutn

475 1697 659 1753 limine
707 1698 822 1754 haec
870 1698 1150 1771 legebatur
1196 1697 1526 1773 epigraphe:
1559 1694 1625 1751 In
1669 1696 1764 1757 Itoc
1810 1696 2064 1753 uolumine
2092 1694 2140 1761 B
2167 1694 2473 1760 dicentem,
2502 1712 2729 1766 quorum
2768 1697 2841 1753 sit
2868 1697 3039 1767 gloria
3083 1698 3223 1770 apud
3256 1699 3444 1763 Deum,
3480 1699 3543 1757 Si
3576 1702 3715 1762 enim
3737 1741 3758 1769 ,

362 1855 375 1865 ~
472 1793 794 1848 continentur
821 1790 937 1867 libri
961 1808 1035 1846 xu
1066 1790 1129 1848 S.
1157 1790 1347 1845 Hilarii
1402 1788 1716 1851 Pictavensis
1746 1792 1972 1863 episcopi
2003 1793 2066 1853 de

475 1880 729 1941 Trinitate
750 1892 925 1939 contra
946 1899 1118 1938 omnes
1141 1883 1357 1937 Itwreses
1375 1924 1390 1948 ,
1438 1893 1484 1936 et
1513 1881 1617 1937 alia
1645 1885 1894 1952 apuscuta
1928 1886 2068 1959 ejus-

476 1973 588 2033 dem
616 1991 635 2041 ;
664 1974 871 2031 scilicet
902 1974 1028 2028 liber
1057 1974 1120 2028 de
1162 1974 1390 2047 Synodis
1419 1985 1596 2034 contra
1625 1990 1794 2030 omnes
1825 1973 2061 2047 hwreses,

477 2067 603 2123 liber
630 2076 809 2121 contra
838 2064 1194 2145 Constantiani
1219 2108 1235 2133 ,
1260 2076 1510 2120 tractatus
1541 2065 1609 2118 ad
1634 2064 1903 2130 eumdem;
1937 2065 2069 2120 liber

478 2157 547 2213 ad
566 2158 820 2226 eumdem,
849 2175 997 2233 quem
1022 2157 1464 2233 Constantinopoli
1493 2157 1631 2225 dedit
1657 2157 1825 2213 adhuc
1846 2157 2025 2213 viventi
2047 2176 2067 2231 ;

477 2248 815 2321 blasphemia:
835 2248 1074 2309 Λακεηῶ
1105 2248 1415 2305 Arianorum
1442 2249 1687 2322 episwpi,
1737 2246 1865 2303 liber
1891 2261 2072 2305 contra

477 2344 727 2400 eumdem.
758 2342 929 2417 Super
954 2342 1214 2399 Psalmos.
1263 2341 1522 2400 Consulto
1551 2357 1680 2401 vero
1710 2341 1887 2398 indice
1918 2340 2067 2397 Psal-

480 2454 713 2505 morum,
743 2452 969 2509 quorum
997 2435 1365 2506 expositiones
1406 2437 1459 2489 iu
1485 2433 1645 2491 editis
1691 2433 1878 2489 Hilarii
1902 2428 2072 2505 operi.

478 2529 578 2585 bus
605 2529 1011 2592 desiderantur,
1046 2526 1417 2583 enarrationes
1446 2528 1501 2583 in
1530 2527 1775 2583 Psalmos
1813 2542 1881 2581 xv
1900 2569 1915 2595 ,
1943 2542 2067 2587 xxxi

478 2629 534 2676 et
563 2636 651 2676 xu
673 2660 689 2688 ,
739 2619 967 2675 necdum
1001 2618 1245 2690 vulgatas
1275 2618 1326 2672 in
1366 2616 1552 2673 codice
1597 2616 1692 2672 illo
1723 2617 2021 2695 reperimus
2052 2633 2069 2681 ς

481 2727 614 2784 quas
648 2710 887 2767 studiose
919 2711 1275 2785 perlegentes,
1311 2709 1501 2767 Hilarii
1547 2710 1601 2765 in
1643 2708 1929 2767 scribendo
1959 2725 2074 2765 me—

479 2803 702 2860 thodum
732 2803 1072 2861 observatam
1098 2844 1114 2872 ,
1143 2804 1344 2876 stylum
1373 2803 1492 2879 ejus
1512 2845 1527 2869 ,
1559 2798 1838 2874 scripturae
1870 2801 2072 2861 versio-

481 2913 606 2955 nem
651 2895 1075 2968 antiquissimam
1124 2905 1179 2952 et
1220 2906 1345 2952 ante
1371 2896 1739 2955 elucubratam
1785 2897 1854 2953 ab
1885 2896 2075 2951 Hiero-

485 3003 648 3062 nymo
677 2987 945 3057 vulgatam
985 2987 1258 3056 usitatam,
1303 2980 1617 3055 c‘opstanter
1647 2988 1699 3044 in
1731 2987 1810 3045 eis
1854 2988 2070 3049 citatam

2166 1787 2378 1857 inquit,
2419 1785 2677 1841 Abraham
2719 1805 2784 1849 ea;
2830 1789 3067 1859 aperibus
3097 1792 3419 1865 justiﬁcatus
3456 1801 3573 1857 est,
3616 1792 3765 1863 apud

2164 1877 2393 1933 homines
2419 1878 2608 1934 habens
2638 1880 2856 1953 gloriam
2900 1880 3077 1951 (Rom.
3111 1897 3187 1946 tv,
3208 1882 3297 1951 2);
3336 1884 3401 1939 ad
3433 1883 3560 1955 quid
3589 1884 3767 1945 credit

2165 1966 2219 2024 in
2251 1984 2373 2025 eum
2403 1971 2493 2041 qui
2520 1970 2817 2039 justilicare
2864 1973 3085 2045 impium
3131 1983 3353 2047 potest,
3387 1987 3442 2031 et
3470 1975 3767 2049 gratuitam

2168 2059 2594 2123 misericordiam
2642 2064 2736 2126 Dei
2775 2065 2993 2135 sperat?
3033 2064 3196 2125 habet
3223 2065 3453 2145 gloriam
3478 2109 3497 2136 ,
3528 2068 3625 2131 sed
3655 2083 3768 2133 non

2170 2154 2309 2225 apud
2339 2154 2529 2213 Deum.

2241 2247 2295 2305 5.
2335 2247 2643 2305 ,ῐιιιιωοι-ιιιῐι
2684 2249 2864 2322 itaque
2906 2264 2999 2307 rex
3034 2248 3302 2316 Christus,
3332 2266 3565 2323 quorum
3593 2252 3771 2323 gloria

2172 2354 2278 2401 non
2303 2356 2372 2396 ex
2401 2341 2703 2403 hominibus
2723 2382 2741 2409 ,
2769 2341 2865 2403 sed
2890 2357 2959 2403 ex
2992 2343 3121 2401 Deo.
3157 2342 3397 2415 Denique
3423 2352 3479 2403 et
3508 2344 3591 2399 hic
3623 2345 3773 2421 psal.

2173 2449 2290 2490 mus
2327 2435 2692 2507 signiﬁcanter
2719 2435 2826 2501 ait,
2872 2432 3037 2498 Vsus.
3071 2437 3104 2493 5
3147 2447 3202 2491 ει
3232 2435 3265 2490 6
3318 2454 3331 2491 :
3381 2435 3637 2493 Dominus
3688 2446 3769 2497 est

2173 2526 2337 2597 portio
2361 2524 2673 2581 hwreditatis
2697 2541 2840 2583 mete.
2869 2524 3045 2583 Iv’uues
3080 2526 3372 2585 ceciderunt
3402 2525 3530 2585 mihi
3556 2528 3611 2585 in
3638 2528 3771 2600 ipsis

2174 2619 2538 2689 potentissimis
2564 2661 2577 2686 ,
2603 2622 2787 2675 etenim
2815 2618 3088 2677 hwreditas
3126 2635 3237 2674 mea
3264 2636 3509 2690 perquam
3548 2621 3778 2679 nausiam

2134 2752 2139 2755 -
2173 2723 2268 2775 ut.
2299 2714 2428 2787 Quae
2451 2721 2535 2771 est
2562 2729 2692 2786 ergo
2716 2714 3000 2773 harrcditas
3030 2714 3264 2785 Domini,
3296 2716 3397 2775 nisi
3428 2715 3549 2777 hac
3573 2717 3642 2776 tie
3667 2732 3775 2791 qua

2174 2806 2433 2877 scriptum
2463 2813 2548 2863 est
2580 2822 2593 2861 :
2628 2804 2814 2873 Posce,
2844 2816 2890 2862 et
2924 2807 3057 2862 dabo
3085 2806 3177 2863 tibi
3214 2821 3389 2882 gentes
3416 2807 3779 2869 hwreditatem

2177 2907 2316 2950 tuam
2344 2894 2462 2967 (Ps.
2490 2911 2560 2967 ιι,
2591 2893 2670 2969 8).
2717 2895 3039 2953 Peccatores
3065 2908 3247 2953 autem
3274 2912 3338 2955 ex
3375 2896 3631 2968 gentibus
3658 2913 3784 2952 crc—

2179 2984 2307 3043 dunt
2338 2989 2391 3049 in
2418 3003 2540 3043 eum
2563 2989 2650 3058 qui
2678 2986 2979 3059 justiticare
3008 2989 3229 3060 impium
3261 3000 3458 3060 potest.
3487 2990 3555 3051 Et
3581 2992 3625 3044 si
3655 2993 3786 3060 ειυς

487 3079 972 3135 animadvertimus
1006 3099 1019 3135 :
1054 3081 1296 3155 nihilque
1320 3080 1647 3141 incommodi
1685 3081 1855 3138 visum
1887 3089 1994 3153 est,
2028 3078 2076 3139 si
2105 3069 2154 3139 C
2181 3078 2257 3133 ria
2289 3093 2478 3134 eorum
2506 3092 2613 3135 non
2643 3094 2709 3134 ex
2743 3078 3050 3140 homimbus
3071 3120 3086 3147 ,
3109 3080 3208 3143 sed
3235 3096 3299 3142 ex
3331 3081 3443 3139 Deo
3472 3090 3586 3146 est;
3615 3092 3669 3141 et
3698 3081 3787 3139 is:

488 3188 581 3231 cas
608 3170 812 3230 Hilario
843 3173 1280 3229 altribueremus.
1304 3194 1324 3229 ι

823 3296 1240 3380 SANCTI
1296 3297 1751 3379 HILARII

533 3413 1098 3478 PSALMORUM
1171 3413 1341 3487 XV,
1404 3410 1655 3472 XXXI
1709 3410 1824 3472 ET
1878 3410 2042 3473 XLI

1004 3536 1585 3602 INTERPHETATIO,
1610 3566 1617 3573 υ

799 3629 922 3691 Qus
944 3633 1182 3680 hactenus
1206 3628 1254 3678 in
1279 3630 1425 3679 editis
1442 3626 1770 3679 desideratur.

1133 3710 1189 3783 (1
1192 3712 1444 3783 ndidem.)

780 3801 1196 3862 TRACTATUS
1235 3803 1324 3859 DE
1375 3803 1648 3862 PSALMO
1686 3804 1804 3862 XV.

571 3917 623 3972 1.
667 3915 831 3975 Tituli
880 3917 1228 3991 inscriptione
1276 3926 1607 3989 praenotatur
1648 3917 1750 3975 ἱειε
1797 3920 2036 3995 psalmus
2073 3935 2091 3982 :

495 4009 589 4069 sed
617 4026 736 4083 qua:
764 4008 925 4065 fuerit
956 4009 1121 4065 David
1153 4010 1292 4067 tituli
1321 4011 1621 4080 inscriptio,
1649 4010 1703 4067 in
1729 4012 1953 4071 historia
1982 4028 2089 4075 non

498 4102 821 4158 invenimus.
850 4101 1231 4159 Verumtamen
1280 4101 1417 4158 tituli
1446 4103 1852 4174 inscriptionem
1886 4105 1937 4165 in
1966 4119 2092 4175 pas-

496 4198 651 4251 sione
683 4193 891 4249 Domini
931 4192 1125 4251 factam
1159 4195 1593 4265 recognoscimus
1636 4214 1650 4252 :
1680 4205 1734 4251 et
1771 4196 1956 4271 negari
1985 4210 2094 4255 non

501 4296 677 4361 potest
697 4288 990 4347 secundum
1015 4287 1534 4368 interpretationem,
1568 4288 1690 4357 quia
1723 4288 1828 4347 iste
1857 4289 2098 4365 psalmus

501 4380 570 4436 de
601 4379 850 4449 passione
878 4385 932 4434 et
962 4379 1358 4435 resurrectione
1388 4377 1589 4437 Christi
1627 4382 1980 4453 praphetasse
2012 4380 2093 4436 vi-

2186 3181 2360 3229 torum
2404 3169 2713 3231 Judaeorum
2763 3188 2854 3227 rex
2899 3171 3165 3248 Christus.
3213 3172 3331 3229 Non
3381 3174 3526 3233 enim
3571 3172 3658 3231 hic
3684 3172 3790 3233 ,ιιι-

2185 3262 2339 3319 dmus
2362 3264 2451 3333 qui
2478 3263 2655 3333 palam
2688 3263 2929 3330 videtur,
2960 3278 3135 3335 neque
3168 3265 3256 3319 illa
3283 3280 3405 3343 quae
3429 3265 3485 3321 in
3510 3274 3703 3335 aperto
3728 3266 3792 3329 in

2186 3370 2350 3410 carne
2380 3356 2439 3409 iit
2464 3356 2820 3415 circumcisio.
2860 3355 2967 3415 Sed
2994 3355 3122 3429 quid
3159 3357 3266 3413 ait?
3302 3358 3562 3429 numquid
3590 3373 3656 3419 ex
3690 3359 3786 3421 illa

2187 3444 2594 3505 circumcisione
2610 3461 2712 3501 non
2733 3447 2944 3519 plurimi
2963 3447 3329 3505 crediderunt?
3350 3464 3536 3514 verum
3554 3460 3637 3507 est
3656 3450 3787 3520 quia

2190 3537 2561 3605 crediderunt,
2584 3540 2678 3599 sed
2697 3549 2750 3599 et
2769 3539 2870 3611 ipsi
2885 3530 2951 3594 ad
2970 3541 3271 3610 exemplum
3292 3541 3530 3613 gentium
3552 3540 3790 3610 reducti,

2192 3642 2248 3690 ut
2265 3633 2410 3707 prius
2436 3647 2494 3688 se
2516 3632 2906 3697 conﬁterentur
2928 3644 3256 3705 peccatores,
3285 3645 3339 3689 et
3360 3636 3439 3689 sic
3466 3636 3786 3695 misericor-

2191 3729 2331 3787 diam
2352 3740 2709 3799 mererentur,
2729 3729 2865 3785 sicut
2893 3727 3086 3787 Paulus
3103 3709 3169 3785 ad
3192 3728 3406 3785 Galatas
3420 3729 3661 3785 scribens
3683 3729 3787 3783 du-

2191 3830 2304 3877 cet:
2326 3822 2386 3878 Si
2417 3831 2495 3893 tu,
2512 3822 2700 3891 inquit,
2725 3819 3068 3881 cumJuda'us
3092 3822 3182 3886 sis,
3207 3823 3463 3895 gentiliter
3487 3822 3629 3889 vivis;
3646 3837 3783 3893 quo-

2195 3913 2345 3967 modo
2357 3922 2524 3985 gentes
2537 3914 2673 3984 cogis
2687 3912 2957 3984 judaizare
2979 3911 3117 3984 (Gal.
3143 3928 3202 3977 ιι,
3229 3912 3355 3978 14η
3373 3911 3480 3967 Nos
3497 3913 3790 3983 naturaju—

2195 4004 2319 4070 darei,
2343 4017 2393 4061 et
2418 4022 2521 4059 non
2541 4021 2604 4060 ex
2627 4005 2873 4079 gentibus
2894 4012 3223 4073 peccatores,
3248 4005 3482 4065 scientes
3501 4003 3644 4074 quod
3677 4019 3790 4069 non

2192 4096 2515 4169 justilicatur
2534 4096 2709 4151 omnis
2730 4110 2856 4150 caro
2878 4110 2945 4151 ex
2974 4095 3107 4165 lege.
3129 4095 3312 4165 Itaque
3327 4093 3514 4155 volens
3528 4092 3789 4153 lucriﬁeri

2198 4187 2250 4245 in
2281 4187 2495 4245 Christo
2521 4188 2772 4245 inventus
2796 4195 2880 4242 est
2908 4194 3159 4258 peccator
3182 4201 3197 4249 ι
3222 4185 3346 4257 quia
3371 4183 3620 4239 Christus
3646 4184 3795 4243 venit

2200 4297 2305 4334 non
2328 4279 2651 4353 justiﬁcatos
2680 4293 2892 4349 vocare,
2923 4277 3017 4335 sed
3047 4285 3382 4355 peccatores.
3417 4273 3601 4349 Itaque
3622 4286 3677 4329 et
3704 4272 3798 4343 qui

2200 4385 2264 4429 ex
2289 4371 2700 4429 circumcisione
2730 4385 2886 4425 manu
2918 4369 3058 4427 facta
3083 4367 3449 4435 crediderunt,
3479 4366 3548 4421 ad
3581 4364 3799 4423 confes-

504 4448 695 4526 deatur
719 4511 734 4536 ,
778 4468 920 4541 quod
966 4469 1016 4523 in
1048 4470 1137 4525 illo
1169 4471 1287 4525 loco
1328 4448 1674 4525 manifestum
1703 4448 1786 4526 est
1810 4511 1827 4539 ,
1858 4472 1947 4527 ubi
1989 4472 2095 4536 ait,
2122 4448 2175 4508 D
2201 4465 2408 4520 sionem
2439 4464 2800 4534 peccatricum
2831 4462 3070 4531 gentium
3115 4458 3382 4513 humiliati
3422 4456 3795 4524 crediderunt,

509 4562 669 4621 Vsus.
706 4561 773 4621 10
803 4580 819 4619 ι
852 4562 1110 4626 Quoniam
1144 4578 1248 4619 non
1315 4561 1631 4631 derelinquat
1684 4562 1909 4621 animant
1936 4576 2103 4620 meam

505 4656 557 4710 in
569 4656 793 4727 inferno,
818 4671 908 4708 nec
925 4654 1071 4709 dabis
1094 4665 1326 4708 sanctum
1348 4665 1491 4708 tuum
1510 4654 1681 4708 videre
1700 4655 2097 4723 corruptionem.

506 4748 673 4811 Dmid
704 4748 849 4803 enim
891 4755 1135 4801 mortuus
1162 4755 1249 4801 est
1287 4754 1340 4800 et
1369 4745 1611 4816 sepultus
1642 4762 1655 4798 :
1687 4742 1892 4801 Christi
1919 4756 2100 4805 autem

507 4854 634 4895 caro
659 4841 773 4896 sola
804 4853 911 4895 non
936 4840 1068 4894 vidit
1090 4838 1515 4908 corruptionem,
1549 4853 1647 4893 nec
1670 4837 1899 4895 detineri
1932 4840 2105 4909 potuit

510 4934 688 4989 anima
723 4937 839 5004 ejus
884 4934 936 4989 in
967 4931 1198 4989 inferno.
1247 4932 1610 5000 Quamobrem
1654 4932 1893 5002 psalmus
1930 4932 2021 5003 qul
2047 4941 2103 4988 et

513 5025 580 5081 de
610 5027 858 5095 passione
896 5028 1014 5097 ejus
1052 5036 1109 5082 et
1135 5025 1530 5082 resurrectione
1568 5034 1623 5080 et
1649 5024 1962 5085 haereditate
1992 5023 2105 5080 dic-

516 5128 668 5175 turus
708 5125 889 5186 esset,
932 5121 1127 5176 merito
1165 5124 1380 5176 notatus
1423 5129 1506 5176 est
1547 5114 1686 5177 tituli
1731 5118 2100 5190 inscriptione.

516 5210 655 5278 Quid
682 5211 825 5265 enim
856 5211 909 5265 in
940 5225 999 5266 se
1038 5212 1222 5269 habuit
1263 5212 1531 5283 scriptura
1564 5210 1739 5281 tituli,
1771 5226 1930 5283 quam
1959 5212 2107 5269 cruci

519 5303 635 5375 ejus
675 5300 875 5358 Pilatus
912 5302 1113 5361 aflixit?
1162 5300 1354 5370 Iesus,
1414 5304 1618 5371 inquit,
1662 5319 1755 5363 rex
1776 5300 2107 5363 Judworum.

521 5394 674 5462 Quod
703 5396 754 5450 in
781 5408 839 5449 se
863 5408 1056 5449 nomen
1084 5404 1137 5449 et
1164 5395 1280 5464 ipse
1302 5393 1585 5451 confessus
1608 5404 1712 5460 est,
1742 5384 2110 5469 interrogante

524 5500 647 5541 eum
682 5484 853 5544 Pilato
885 5500 902 5540 :
944 5482 1026 5538 Tu
1062 5499 1117 5539 es
1158 5499 1251 5541 rex
1273 5483 1574 5541 Judworum
1605 5482 1799 5557 (Marc.
1838 5499 1941 5553 xv,
1983 5482 2110 5555 26)?

528 5576 594 5635 In
620 5578 736 5644 hoc,
770 5575 972 5652 inquit,
1000 5576 1116 5638 veni
1142 5583 1189 5633 et
1210 5574 1264 5633 in
1285 5576 1381 5637 hoc
1408 5587 1557 5633 natus
1582 5592 1718 5635 sum.

598 5668 654 5723 2.
700 5668 809 5728 Sed
847 5668 1107 5742 numquid
1145 5667 1443 5727 carnalium
1470 5666 1782 5729 Judaeorum
1825 5681 1922 5731 rex
1959 5664 2029 5724 ab
2053 5676 2122 5728 eo

2204 4561 2261 4611 ut
2285 4565 2466 4611 essent
2493 4569 2680 4609 omnes
2703 4551 2992 4609 boereditas
3018 4550 3215 4609 Christi
3242 4568 3255 4605 :
3286 4564 3392 4609 non
3422 4548 3476 4603 in
3505 4550 3589 4603 his
3618 4550 3708 4618 qui
3732 4564 3798 4603 ex

2204 4646 2460 4716 operibus
2488 4646 2602 4700 suis
2623 4643 3096 4714 justillcabuntur,
3126 4641 3219 4696 sed
3245 4641 3298 4696 in
3326 4642 3408 4695 his
3432 4643 3522 4711 qui
3552 4656 3651 4711 per
3674 4656 3800 4711 gra-

2205 4740 2391 4796 tuitam
2420 4739 2643 4810 gratiam
2696 4738 2789 4792 Dei
2834 4728 3221 4806 justiﬁcantur:
3262 4735 3330 4789 Et
3379 4736 3494 4789 haec
3538 4743 3622 4789 est
3663 4733 3800 4788 tituli

2206 4830 2516 4902 inscriptio,
2544 4827 2687 4901 quod
2714 4828 2784 4885 sit
2814 4828 2931 4900 ipse
2955 4842 3048 4884 rex
3089 4825 3419 4884 Judaeorum.
3449 4825 3638 4895 Itaque
3679 4841 3801 4878 nar-

2208 4933 2291 4981 rat
2318 4922 2405 4979 hic
2436 4922 2672 4993 psalmus
2695 4936 2926 4993 quorum
2950 4918 3258 4977 Judteorum
3287 4932 3379 4973 rex
3403 4915 3655 4971 Christus
3682 4929 3800 4978 esse

2210 5015 2474 5079 videatur,
2494 5023 2547 5069 et
2596 5028 2755 5083 quam
2808 5012 3003 5067 habeat
3058 5009 3324 5064 rationem
3377 5006 3513 5060 tituli
3569 5003 3799 5069 inscriu.

2211 5108 2376 5173 tione;
2410 5107 2499 5178 qui
2548 5121 2658 5162 non
2706 5118 2893 5162 eorum
2937 5102 3248 5159 Iudaeorum
3294 5100 3384 5170 qui
3432 5097 3611 5168 palam
3655 5096 3797 5155 vidc-

2214 5209 2423 5265 rentur,
2447 5210 2506 5257 et
2530 5207 2756 5271 quorum
2787 5206 2931 5253 esset
2953 5203 3138 5272 aperta
3170 5194 3221 5247 in
3253 5206 3417 5247 carne
3441 5189 3800 5256 circumcisio,

2217 5292 2313 5354 sed
2343 5293 2522 5363 potius
2563 5288 2777 5349 illorum
2809 5285 3116 5347 Judmorum
3146 5284 3236 5357 qui
3269 5281 3325 5339 in
3351 5291 3564 5337 secreto
3594 5279 3761 5339 λιιιιωί
3781 5319 3801 5355 ,

2216 5384 2415 5456 quibus
2460 5381 2801 5439 circumcisio
2841 5377 3023 5437 cordis
3050 5416 3064 5437 .
3105 5388 3333 5444 quorum
3384 5372 3557 5442 gloria
3606 5384 3714 5426 non
3741 5382 3805 5425 ex

2222 5478 2548 5541 hominibus,
2572 5476 2669 5532 sed
2689 5492 2753 5531 ex
2784 5476 2893 5530 Deo
2917 5485 3020 5527 εει.
3044 5470 3338 5527 Videamus
3359 5466 3595 5535 denique
3622 5460 3805 5535 psalmi

2226 5580 2461 5637 textum,
2492 5569 2536 5623 si
2567 5568 2631 5623 ad
2666 5568 2778 5621 haec
2806 5580 2926 5635 qure
2954 5563 3189 5619 diximus
3219 5561 3430 5621 attinet.

2302 5663 2359 5721 ι.
2404 5662 2566 5719 Vsus.
2600 5661 2650 5717 1.
2688 5657 2903 5723 Custodi
2946 5673 3048 5735 nte,
3074 5655 3271 5728 inquit,
3304 5649 3551 5723 Domine,
3581 5648 3817 5727 quoniam
