4134 6184
337 267 445 323 895

1471 258 1885 318 TRACTATUS
1914 259 2021 319 ,ΒΕ
2057 258 2335 318 PSALMO
2374 259 2489 317 XV.

3512 257 3619 314 8M

335 382 388 436 in
416 390 465 436 te
489 380 713 452 speravi.
741 378 843 449 Qui
872 378 1112 435 debitum
1138 378 1291 447 petit,
1325 393 1433 434 non
1455 387 1639 449 sperat
1668 395 1681 432 :
1711 392 1837 434 nam
1877 375 1924 433 si
1951 380 2006 443 Α
2028 392 2144 431 rum
2188 391 2208 431 :
2249 388 2363 447 post
2406 377 2516 433 btet:
2544 377 2997 433 acceleraverunt?
3023 376 3241 432 Tractat
3268 374 3411 431 hunc
3433 375 3612 431 locum

333 471 562 528 debetur
590 470 720 526 mihi
759 470 984 541 aliquid,
1012 469 1134 550 jure
1163 468 1217 525 id
1258 484 1506 541 reposco.
1536 468 1691 536 Quod
1720 469 1767 524 si
1804 470 1927 539 quis

338 565 468 619 mihi
491 579 557 621 ex
589 565 867 619 voluntate
900 562 1133 629 tribuat,
1164 577 1275 618 non
1300 577 1365 619 ex
1388 562 1703 644 oblatione;
1737 563 1803 618 de
1824 562 1927 619 hac

332 655 727 711 consuetudine
751 654 889 724 ejus,
919 653 1347 709 benevolentiam
1392 653 1511 722 ejus
1536 654 1787 723 sperabo.
1817 654 1927 710 lta-
1958 708 1968 723 κ

335 762 441 817 que
484 747 573 802 bic
596 748 690 817 qui
721 762 826 803 non
859 763 924 802 ex
951 748 1207 818 operibus
1231 747 1493 818 justitiam
1525 746 1925 817 magnificabat,

332 839 425 893 sed
455 838 748 909 gratuitam
784 839 877 894 Dei
905 840 1129 909 gratiam
1157 839 1550 905 introducebat,
1584 838 1795 896 Custodi
1826 857 1924 908 me,

329 929 488 994 dixit,
513 930 752 996 Domine,
777 932 899 1002 quia
917 933 970 985 in
1000 941 1047 986 te
1067 932 1287 1002 speravi.
1311 931 1496 987 Dicam
1521 931 1763 998 Domino,
1790 930 1929 987 Deus

297 1099 301 1104 ν
330 1038 472 1077 meus
499 1038 552 1077 es
580 1035 656 1079 tu.
716 1023 962 1080 Potestas
989 1025 1132 1083 enim
1162 1025 1370 1081 Domini
1394 1026 1447 1081 in
1468 1041 1534 1081 eo
1561 1036 1665 1092 est,
1692 1036 1747 1081 ut
1767 1025 1929 1082 faciat

339 1113 397 1170 in
444 1130 660 1171 servum
689 1114 834 1186 quod
861 1115 1013 1180 vult,
1055 1131 1163 1171 non
1204 1116 1347 1187 quod
1388 1132 1612 1174 necesse
1642 1118 1822 1173 habet.
1871 1117 1928 1174 Si

330 1214 512 1262 autem
536 1206 794 1277 operibus
835 1221 1044 1262 merces
1069 1207 1331 1275 debetur;
1372 1209 1424 1267 id
1454 1210 1583 1265 mihi
1623 1211 1925 1278 retribuet,

332 1297 481 1368 quod
520 1294 740 1373 necqése
768 1297 1018 1357 habuerit
1040 1343 1056 1367 ,
1093 1316 1198 1357 non
1237 1301 1380 1371 quod
1410 1301 1657 1359 voluerit.
1693 1301 1750 1357 Si
1781 1302 1925 1357 enim

335 1399 591 1459 operatus
616 1389 769 1447 fuero
792 1432 808 1455 ,
840 1391 972 1447 velit
1000 1394 1156 1458 nolit,
1188 1393 1414 1449 debetur
1443 1392 1574 1447 mihi
1602 1408 1840 1460 merces,
1872 1401 1928 1450 et

333 1481 683 1537 evacuabitur
714 1496 811 1552 per
839 1483 955 1539 base
977 1485 1149 1554 gratia
1178 1483 1292 1548 Dei,
1320 1484 1462 1539 sicut
1485 1484 1777 1553 Apostolus
1803 1484 1880 1539 ait
1907 1498 1921 1537 :

230 1632 233 1633 ν
329 1572 467 1631 Nam
494 1572 587 1641 qui
613 1582 870 1641 operatur
893 1614 909 1642 ,
943 1589 1151 1631 merces
1190 1575 1266 1629 illi
1301 1584 1520 1644 accepta
1550 1576 1610 1629 lit
1639 1590 1734 1643 per
1770 1574 1925 1630 debi-

332 1673 476 1729 tum,
508 1679 616 1721 non
648 1679 746 1735 per
768 1666 995 1736 gratiam
1021 1685 1036 1732 ;
1066 1666 1162 1723 sed
1217 1666 1309 1737 qui
1336 1682 1396 1724 se
1435 1680 1546 1722 non
1572 1682 1645 1722 ex
1671 1666 1925 1739 operibus

2029 466 2319 535 Apostolus
2349 466 2661 534 plenissime
2686 467 2751 522 ad
2780 467 3054 521 Romanos
3074 507 3090 533 ,
3115 466 3250 536 quod
3280 465 3365 520 lea:
3392 465 3618 532 introivit

2029 567 2083 614 ut
2115 556 2520 629 ampliﬁcantur
2547 570 2829 631 peccatum.
2865 558 2965 613 Ubi
2995 559 3366 630 ampliﬁcatam
3395 568 3467 612 est
3500 574 3617 629 pea-

2026 662 2196 706 catunt
2222 691 2237 717 ,
2268 652 2340 709 ibi
2375 654 2546 725 gratia
2573 653 2849 708 abundavit
2881 652 3056 725 (Rom.
3088 668 3138 719 v,
3165 651 3280 722 20).
3328 652 3616 720 Postquam

2030 746 2172 803 enim
2205 746 2551 816 repudiantes
2578 747 2805 818 gratiam
2847 747 2939 803 Dei
2988 748 3189 802 inventi
3234 756 3360 801 sunt
3405 747 3458 801 in
3490 761 3619 817 ope-

2028 836 2177 893 ribus
2198 836 2355 907 legis,
2388 837 2616 893 inlirmis
2643 838 2776 891 mira
2804 837 2944 892 facta
2973 847 3058 893 est
3089 838 3341 892 voluntas
3372 838 3485 905 Dei,
3514 852 3621 909 qua

2028 929 2095 984 ad
2124 930 2351 999 gratiam
2399 944 2550 986 suam
2593 929 2918 999 provocabat
2959 945 3075 984 eos.
3109 930 3446 1000 Quicumque
3490 946 3619 1000 ergo

2029 1022 2146 1079 vult
2171 1024 2350 1079 salvus
2380 1038 2503 1079 esse
2526 1065 2541 1088 ,
2574 1032 2789 1094 oportet
2820 1030 2877 1078 ut
2898 1026 3068 1093 gratia
3098 1024 3191 1078 Dei
3222 1023 3441 1079 liberari
3468 1025 3617 1079 velit.

2028 1116 2215 1186 Itaque
2256 1119 2391 1174 bene
2424 1117 2667 1189 psalmus
2696 1118 2770 1172 ait
2802 1136 2816 1172 :
2860 1117 2975 1187 Ipsi
3002 1119 3159 1172 miras
3189 1121 3414 1187 fecerunt
3439 1118 3621 1173 volun-

2029 1218 2157 1266 tates
2186 1219 2302 1265 tuas
2322 1212 2377 1265 in
2396 1226 2486 1275 se;
2516 1211 2877 1279 multiplicata:
2900 1222 3018 1264 sunt
3048 1211 3375 1279 inﬁrmitates
3400 1226 3571 1264 eorum
3602 1227 3622 1266 :

2028 1311 2140 1373 post
2170 1304 2278 1357 hinc
2297 1297 2728 1357 acceleraverunt.
2756 1300 2889 1356 Cum
2923 1303 3065 1359 enim
3094 1302 3468 1371 multiplicatae
3498 1310 3625 1357 sunt

2030 1392 2366 1449 inﬁrmitates
2388 1408 2573 1450 eorum
2603 1395 2694 1464 qui
2716 1409 2775 1450 se
2798 1395 2852 1449 in
2881 1394 3138 1463 operibus
3158 1394 3438 1463 justillcari
3471 1396 3619 1450 vole-

2029 1486 2194 1553 bant,
2228 1487 2378 1542 mira:
2408 1486 2564 1544 factas
2600 1497 2727 1543 sunt
2755 1488 3064 1543 voluntates
3096 1488 3187 1542 Dei
3217 1504 3339 1558 quae
3364 1488 3430 1541 ad
3458 1489 3617 1544 tidem

2028 1577 2214 1647 gratiae
2245 1579 2525 1635 vocabant.
2569 1579 2771 1634 Horum
2802 1578 2966 1649 igitur
2992 1593 3293 1649 synagogas
3313 1618 3328 1643 ,
3361 1580 3435 1633 ait
3457 1617 3473 1647 ,
3514 1594 3651 1643 non,

2033 1668 2341 1739 aggregabo
2379 1669 2447 1725 de
2476 1669 2736 1739 sanguine
2777 1685 2899 1743 tnep
2928 1684 2942 1724 :
2977 1668 3027 1724 id
3070 1678 3191 1752 est,
3221 1685 3327 1723 non
3357 1670 3621 1725 redimam

331 1756 468 1824 suis,
489 1756 587 1812 sed
615 1772 678 1812 ex
705 1757 876 1828 gratia
898 1758 992 1813 Dei
1015 1759 1227 1815 salvum
1253 1759 1368 1816 ﬁeri
1387 1760 1524 1825 vult,
1549 1765 1688 1815 sicut
1711 1768 1926 1831 oportet
1952 1763 2001 1825 B
2027 1773 2124 1815 eos
2139 1759 2228 1829 qui
2248 1759 2672 1830 redemptionem
2689 1775 2822 1815 mea:
2843 1760 3028 1831 gratiae
3054 1776 3161 1815 non
3184 1761 3485 1831 requirunt.
3513 1760 3623 1815 Nec

332 1863 433 1903 nos
458 1862 651 1903 omnes
680 1848 940 1915 credere;
974 1849 1064 1905 hic
1092 1866 1319 1920 sperans
1343 1852 1400 1907 in
1434 1852 1601 1908 Deum
1632 1852 1924 1909 constituet

330 1940 436 1995 sibi
464 1940 666 2016 bonum
696 1941 839 2013 quod
881 1943 1111 1999 voluerit
1156 1944 1294 2002 Deus
1320 1985 1336 2011 ,
1381 1959 1486 2001 non
1524 1945 1665 2011 quod
1698 1960 1924 2001 neee~se

331 2033 628 2100 habuerit,
677 2050 740 2089 ac
787 2050 883 2106 per
915 2036 1018 2092 hoc
1055 2036 1422 2106 significanter
1467 2039 1580 2103 ait,
1630 2037 1799 2093 Vsus.
1847 2040 1920 2091 2:

331 2126 462 2183 Diri
492 2128 732 2195 Domina,
762 2127 907 2185 Deus
932 2146 1072 2185 ineas
1095 2145 1149 2185 es
1187 2140 1263 2184 tu.
1292 2128 1476 2199 Neque
1501 2130 1645 2186 enim
1669 2146 1921 2199 umquam

260 2232 265 2235 ·
330 2220 593 2276 Dominus
617 2222 819 2291 gratias
844 2221 952 2291 agit
981 2236 1162 2288 servo,
1203 2220 1249 2277 si
1278 2221 1470 2278 fecerit
1498 2222 1638 2293 quod
1666 2223 1922 2292 jusserit;

329 2311 430 2367 sed
460 2326 555 2382 per
604 2311 721 2367 haec
743 2313 923 2368 omnia
954 2313 1260 2382 exspectari
1305 2314 1448 2370 volet
1494 2312 1926 2370 benevolentiam

327 2418 484 2459 suam
524 2412 577 2457 et
617 2403 843 2474 gratiam
874 2445 889 2469 ,
935 2402 1073 2459 sicut
1111 2413 1167 2459 et
1214 2405 1471 2462 Dominus
1499 2405 1661 2462 docet
1695 2406 1923 2462 dicens:

333 2492 463 2559 Quis
494 2509 557 2549 ea:
593 2493 732 2550 vobis
773 2494 923 2551 habet
960 2511 1162 2550 servum
1201 2505 1433 2552 orantem
1470 2506 1558 2552 aut
1588 2507 1876 2568 pascentem
1902 2499 1929 2553 ?

330 2584 605 2656 Numquid
653 2589 998 2643 cumtvencrit
1036 2588 1268 2655 domum,
1313 2590 1437 2645 dicit
1475 2591 1544 2658 ei,
1587 2592 1747 2645 transi
1772 2601 1820 2646 et
1845 2607 1928 2646 re-

340 2680 547 2735 cumbe?
573 2680 663 2736 sed
690 2680 836 2745 dicit,
866 2682 1031 2737 transi
1058 2691 1105 2736 et
1129 2683 1363 2736 ministra
1388 2681 1537 2747 mihi,
1568 2694 1615 2739 et
1642 2693 1764 2738 tunc
1781 2700 1928 2738 man-

330 2770 569 2827 ducabis.
601 2770 869 2841 Numquid
891 2774 996 2846 agit
1026 2773 1265 2829 dominus
1285 2775 1363 2829 illi
1392 2776 1585 2847 gratias
1609 2792 1777 2842 servo,
1807 2779 1928 2847 quia

335 2862 415 2918 sic
446 2863 664 2933 fecerit?
688 2879 836 2918 amen
868 2863 985 2919 dico
1028 2865 1167 2919 vobis
1204 2866 1325 2934 quia
1353 2883 1457 2922 non
1491 2868 1618 2939 agit.
1650 2868 1741 2923 Sic
1770 2877 1817 2922 et
1838 2884 1928 2925 vos

332 2970 454 3009 cunt
493 2956 665 3011 omnia
692 2956 913 3025 feceritis
950 2973 1065 3024 qua:
1085 2958 1291 3029 jussero
1320 2960 1458 3015 vobis
1479 3001 1496 3026 ,
1529 2961 1682 3016 dicite
1726 2979 1739 3015 :
1780 2961 1928 3017 Servi

329 3051 536 3107 inutiles
560 3068 737 3107 sanius
767 3066 786 3105 :
810 3053 946 3122 quod
974 3068 1173 3109 necesse
1201 3053 1494 3123 habuimus,
1525 3056 1738 3126 fecimus
1767 3056 1922 3129 (Luc.

2029 1851 2367 1918 memorator,
2392 1851 2585 1922 inquit,
2615 1851 2825 1907 nemina
2854 1867 3031 1906 eorum
3066 1868 3157 1922 per
3184 1851 3321 1905 labia
3354 1868 3486 1906 mea.
3516 1851 3619 1920 Qui

2026 1943 2172 1999 enim
2200 1942 2252 1999 in
2284 1943 2537 2011 operibus
2563 1944 2675 1999 suis
2707 1941 2819 1996 vult
2859 1942 3040 1998 salvus
3072 1957 3193 1997 esse
3220 1982 3236 2008 ,
3279 1942 3366 1997 hic
3405 1942 3611 1997 beneli-

2026 2035 2166 2093 cium
2199 2049 2376 2091 meum
2407 2049 2514 2090 non
2543 2034 2832 2090 confitetur
2861 2051 2874 2086 :
2907 2043 2961 2089 et
2995 2035 3082 2103 qui
3121 2046 3202 2088 me
3231 2034 3494 2101 confessus
3514 2049 3618 2088 non

2027 2129 2179 2197 fuerit
2212 2143 2387 2183 coram
2415 2125 2725 2192 hominibus,
2757 2143 2850 2181 nec
2871 2142 2963 2198 ego
2983 2126 3259 2196 conﬁtebor
3277 2125 3425 2179 illum
3444 2141 3618 2179 coram

2032 2220 2189 2277 Patre
2229 2237 2339 2275 meo
2375 2219 2460 2289 qui
2501 2226 2572 2273 est
2601 2222 2655 2273 in
2684 2218 2822 2274 caelis
2855 2216 3069 2288 (Matth.
3118 2234 3153 2272 ι
3177 2257 3194 2283 ,
3227 2216 3341 2286 52).
3374 2216 3529 2284 Quod
3570 2217 3618 2273 si

2029 2314 2132 2369 hos
2160 2315 2295 2369 tales
2326 2328 2430 2369 non
2463 2312 2639 2367 fuerat
2666 2321 3106 2381 congregaturus,
3140 2317 3424 2378 supererat
3450 2318 3505 2363 ut
3531 2324 3622 2364 os-

2029 2408 2276 2465 tenderet
2303 2422 2439 2477 quos
2467 2408 2522 2464 in
2547 2407 2865 2464 haereditate
2890 2413 3209 2474 accepturus
3236 2411 3402 2458 esset.
3436 2401 3621 2473 Itaque

2030 2500 2219 2557 ordine
2241 2500 2519 2571 subjungit
2551 2517 2565 2555 :

2102 2594 2156 2649 7.
2186 2593 2353 2652 Vsus.
2388 2592 2441 2649 5.
2476 2592 2727 2649 Dominus
2778 2591 2945 2661 portio
2974 2590 3285 2645 htereditatis
3313 2604 3439 2645 mete
3466 2598 3511 2642 et
3533 2604 3622 2642 ca-

2030 2685 2142 2743 licis
2168 2686 2265 2739 mei
2292 2699 2310 2739 .'
2333 2695 2388 2738 tu
2414 2700 2467 2738 es
2488 2684 2575 2754 qui
2604 2683 2872 2738 custodisti
2903 2682 3027 2735 mitti
3049 2681 3392 2737 hareditatem
3430 2694 3615 2736 meam.

2031 2775 2088 2832 Si
2115 2775 2259 2832 enim
2291 2789 2386 2829 eos
2431 2775 2522 2847 qui
2569 2789 2634 2829 ex
2664 2773 2921 2844 operibus
2960 2772 3328 2841 justitieantur
3369 2770 3621 2841 repudia-

2029 2866 2121 2925 bat
2141 2907 2155 2930 ,
2180 2880 2276 2922 eos
2306 2865 2489 2936 utique
2516 2880 2651 2935 quos
2692 2866 2833 2920 Deus
2863 2881 2959 2936 per
2994 2864 3222 2935 gratiam
3252 2863 3434 2919 salvos
3459 2862 3621 2919 facie-

2032 2958 2144 3023 bat,
2179 2957 2379 3015 bahere
2404 2958 2657 3013 malebat.
2686 2957 2870 3027 Itaque
2894 2956 3262 3025 significanter
3290 2956 3366 3009 ait
3394 2973 3408 3009 z
3436 2953 3619 3009 Domi-

2030 3069 2128 3107 nus
2155 3054 2324 3123 portio
2347 3050 2659 3108 htvreditatis
2685 3065 2825 3105 ntere.
2853 3050 2985 3106 Cum
3008 3050 3150 3104 enim
3170 3048 3425 3104 Dominus
3450 3045 3619 3118 gratia

331 3158 445 3199 xvu
469 3185 484 3209 ,
521 3145 597 3215 7).
641 3143 808 3215 Igitur
831 3147 920 3216 qui
950 3147 1194 3216 agnoscit
1221 3162 1280 3201 se
1309 3147 1476 3203 Deum
1506 3147 1736 3215 habere,
1762 3150 1925 3206 talem
1956 3138 2003 3203 C
2032 3159 2126 3199 sua
2156 3144 2335 3199 salvos
2367 3143 2555 3199 fecerit
2577 3143 2698 3198 illos
2723 3180 2737 3207 ,
2768 3156 2905 3211 quos
2929 3141 3018 3195 ille
3043 3141 3097 3196 in
3128 3140 3494 3196 haereditatem
3522 3139 3620 3195 de-

331 3236 598 3293 exbibere
623 3236 784 3293 debet
809 3239 1083 3298 servitutis
1112 3238 1487 3297 humilitatem.
1521 3241 1626 3297 Sed
1653 3243 1767 3297 haec
1794 3259 1929 3299 con-

332 3327 499 3386 fessio
521 3344 627 3383 non
657 3338 740 3384 est
764 3344 988 3399 operum
1010 3370 1029 3398 ,
1055 3332 1150 3387 sed
1179 3331 1323 3387 lidei.
1352 3331 1538 3402 Itaque
1582 3334 1704 3387 novi
1736 3333 1926 3389 Testa~

330 3423 501 3477 menti
523 3422 661 3478 bene
687 3423 1037 3479 annuntialor
1064 3425 1141 3479 ait
1172 3443 1185 3479 :
1220 3424 1343 3480 Dixi
1368 3424 1590 3481 Domino
1616 3442 1751 3495 meo,
1787 3424 1927 3483 Deus

330 3527 478 3566 meus
508 3528 559 3566 es
583 3522 659 3567 tu.
692 3513 757 3567 Et
782 3513 909 3582 quid
942 3523 1066 3583 post
1089 3514 1205 3571 haec
1230 3513 1401 3571 dicit?

402 3606 459 3662 5.
493 3608 750 3675 Quoniam
771 3610 1016 3665 bonorum
1043 3624 1269 3665 nieorum
1290 3625 1393 3663 non
1419 3609 1634 3682 indiges,
1659 3609 1824 3666 Vens.
1868 3611 1923 3665 5.

268 3690 281 3701 ’
333 3698 545 3756 Sanctis
577 3701 665 3767 qui
693 3709 810 3755 sunt
837 3701 891 3755 in
918 3709 1074 3757 terra.
1104 3701 1241 3767 Quid
1269 3710 1377 3757 tam
1414 3716 1756 3773 consequens
1786 3709 1925 3770 erat,

332 3807 494 3860 quam
523 3791 666 3863 quod
691 3793 787 3857 ait,
816 3791 955 3847 bona
979 3807 1075 3849 sua
1105 3792 1409 3849 necessaria
1442 3807 1550 3849 non
1578 3807 1700 3849 esse
1725 3795 1928 3850 sanctis

334 3891 497 3938 terra:
517 3924 532 3948 ,
563 3898 737 3953 neque
767 3898 830 3939 ea
861 3882 997 3940 bona
1029 3883 1240 3939 Domini
1267 3882 1336 3938 ad
1376 3898 1530 3938 nsunt
1557 3898 1679 3940 esse
1706 3895 1926 3938 saneto-

333 3990 453 4031 rum
514 3982 669 4031 teme
721 3974 1121 4031 habitatorum?
1177 3974 1310 4053 Quae
1353 3981 1533 4030 autem
1594 3984 1721 4031 sunt
1785 3966 1927 4032 bona

333 4067 578 4133 Christi,
611 4083 731 4136 quas
772 4067 909 4123 bona
960 4066 1100 4123 Novi
1140 4066 1495 4147 Testamenti,
1531 4067 1633 4123 nisi
1671 4067 1927 4137 gratuita,

333 4159 439 4214 nisi
482 4167 823 4228 peccatorum
854 4158 1140 4215 remissio?
1180 4157 1309 4214 Haec
1350 4158 1491 4214 bona
1520 4159 1721 4214 sanctis
1767 4169 1929 4217 terrm

333 4251 644 4307 necessaria
677 4266 782 4307 non
808 4260 953 4306 sunt.
983 4250 1107 4307 Non
1143 4260 1288 4323 egent
1316 4253 1402 4321 qui
1430 4253 1543 4307 sani
1562 4263 1681 4307 sunt
1710 4254 1927 4322 medico,

332 4343 425 4398 sed
447 4344 537 4410 qui
568 4342 700 4397 male
729 4342 914 4398 habent
960 4342 1153 4413 (Marc.
1204 4359 1281 4410 ιι,
1314 4341 1427 4417 17).
1455 4344 1523 4400 Et
1551 4346 1766 4415 proprie
1804 4346 1929 4403 illos

334 4433 427 4502 qui
457 4448 516 4487 se
546 4433 600 4487 in
625 4434 880 4503 operibus
921 4435 1034 4489 suis
1058 4433 1355 4503 justiflcant
1376 4475 1392 4502 ,
1421 4447 1636 4492 sanctos
1665 4452 1772 4491 non
1807 4438 1929 4495 coeli

2029 3236 2147 3303 dit;
2177 3251 2301 3291 vere
2347 3236 2601 3291 Dominus
2628 3244 2707 3290 est
2732 3236 2909 3306 portio
2949 3232 3283 3289 hmreditatis
3311 3232 3446 3302 ejus.
3491 3232 3620 3288 Ser-

2027 3330 2173 3385 vavit
2198 3339 2376 3385 autem
2416 3329 2732 3400 obsequium
2760 3327 2922 3394 ﬁlius,
2954 3338 3012 3382 ut
3053 3327 3423 3383 haireditatem
3464 3341 3618 3382 suam

2030 3437 2137 3479 non
2168 3424 2222 3479 in
2262 3424 2525 3493 sanguine
2552 3439 2652 3478 suo
2680 3426 2963 3492 quaesitam
2989 3423 3343 3491 praedicaret;
3394 3421 3487 3479 sed
3520 3434 3619 3490 per

2032 3517 2199 3572 Deum
2232 3516 2483 3571 donatam
2528 3516 2629 3572 sibi
2656 3514 2863 3570 diceret
2895 3529 2924 3568 s
2960 3515 3092 3580 Deo,
3127 3522 3185 3569 ut
3214 3524 3268 3569 et
3298 3515 3486 3568 calieis
3512 3515 3614 3577 sui,

2030 3609 2084 3665 id
2116 3619 2198 3664 est
2226 3609 2516 3677 passionis,
2553 3608 2836 3664 Dominum
2868 3608 3167 3677 portionem
3197 3621 3319 3662 esse
3354 3609 3617 3663 contitea-
3650 3610 3657 3619 '

2034 3710 2138 3756 tur.
2176 3701 2386 3757 Etenim
2418 3702 2464 3755 si
2489 3701 2739 3770 passione
2770 3701 2983 3755 Domini
3014 3700 3309 3772 redemptae
3335 3707 3462 3756 sunt
3487 3716 3619 3771 gen-

2029 3799 2116 3849 tes
2144 3792 2213 3848 de
2245 3798 2491 3862 peccato,
2534 3793 2648 3862 ipsa
2696 3801 2877 3848 tamen
2923 3793 3103 3863 passio
3134 3793 3343 3849 Domini
3370 3794 3620 3849 voluntas

2029 3882 2206 3940 Patris
2251 3882 2366 3949 fuit,
2409 3884 2549 3938 sicut
2596 3892 2822 3940 testatur
2880 3884 2932 3938 in
2977 3884 3261 3954 evangelio
3302 3884 3487 3943 dicens
3535 3884 3623 3954 (ut

2032 3975 2194 4031 homo
2226 3976 2462 4044 loquitur
2485 3991 2644 4047 quem
2682 3978 2945 4047 suscepit)
2975 3994 2989 4031 :
3016 3976 3193 4043 Pater,
3220 3987 3443 4032 transeat
3483 3981 3619 4035 calix

2029 4069 2125 4125 iste
2152 4086 2185 4123 a
2210 4085 2289 4124 me
2314 4084 2332 4124 :
2356 4078 2724 4131 verumtamen,
2744 4083 2850 4121 non
2875 4068 3011 4138 quod
3036 4083 3126 4141 ego
3170 4068 3307 4133 volo,
3353 4068 3442 4121 scd
3484 4067 3622 4137 quod

2034 4171 2090 4216 tu
2137 4159 2352 4233 (Matth.
2396 4174 2544 4223 xxvr.
2572 4157 2689 4230 59).
2718 4158 2885 4229 Igitur
2928 4159 2972 4212 si
3023 4158 3355 4213 voluntatem
3405 4158 3619 4213 Domini

2032 4250 2366 4314 consideres,
2415 4251 2530 4320 ipso
2572 4249 2858 4305 confessus
2906 4260 2991 4305 est
3034 4249 3266 4306 dicens:
3297 4250 3342 4304 si
3371 4248 3487 4304 fieri
3528 4264 3625 4320 po-

2035 4351 2158 4408 test,
2190 4351 2428 4397 transeat
2457 4341 2557 4396 iste
2584 4341 2721 4396 calix
2753 4356 2782 4395 a
2816 4357 2922 4397 me.
2956 4342 3106 4396 Unde
3138 4343 3299 4397 etiam
3322 4342 3625 4410 redemptio

2031 4434 2272 4503 gentium
2313 4447 2423 4488 non
2483 4433 2537 4488 in
2594 4436 2870 4488 voluntate
2922 4433 3065 4499 Filii,
3123 4432 3219 4488 sed
3263 4433 3316 4487 in
3346 4432 3623 4488 voluntate

333 4522 430 4576 sed
458 4532 616 4579 terrae
641 4524 950 4594 appellavit;
977 4542 1045 4579 ex
1072 4525 1381 4582 hominibus
1400 4528 1545 4585 enim
1572 4528 1687 4584 laus
1715 4543 1925 4596 eorum,
1955 4521 2010 4582 D
2034 4526 2211 4583 Patris
2240 4525 2547 4596 recipienda
2575 4537 2679 4581 est.
2711 4525 2826 4581 Non
2860 4527 3004 4581 enim
3035 4524 3179 4595 quod
3218 4538 3320 4594 ego
3345 4524 3490 4591 volo,
3539 4524 3621 4578 ina

335 4627 444 4669 non
474 4630 542 4669 ex
578 4614 687 4670 Deo
716 4626 797 4670 est
831 4633 844 4669 :
872 4617 1061 4687 quales
1100 4617 1269 4675 fuisse
1312 4633 1406 4675 eos
1440 4618 1699 4675 Dominus
1739 4628 1922 4685 notat,

329 4703 695 4773 justilicantes
723 4719 782 4761 se
826 4707 877 4760 iu
918 4716 1209 4777 Conspectu
1254 4709 1529 4764 hominum
1556 4751 1572 4777 ,
1605 4711 1696 4780 qui
1742 4727 1929 4781 repre-

335 4795 702 4852 bendentibus
745 4797 890 4866 quod
920 4814 1041 4854 cum
1076 4796 1390 4868 publicanis‘
1411 4801 1725 4859 conviveret
1748 4842 1764 4868 ,
1804 4801 1928 4859 Non

334 4888 469 4954 veni,
494 4888 684 4958 inquit.
700 4891 873 4959 justas
893 4895 1060 4961 facere
1080 4892 1268 4957 salvos,
1293 4892 1384 4947 sed
1403 4904 1695 4963 peccatores
1713 4894 1766 4969 (Ι
1772 4895 1872 4949 bid.
1885 4895 1927 4968 ).

335 4976 505 5049 igitur
533 4981 703 5049 gratia
741 4982 971 5051 gratuita
1013 4991 1069 5039 et
1108 4983 1358 5038 remissio
1399 4991 1741 5052 peccatorum
1769 4988 1930 5056 justis

238 5069 250 5077 ’
334 5071 641 5126 necessaria
668 5086 774 5129 non
801 5082 912 5135 est;
937 5073 1030 5131 sed
1056 5074 1239 5144 utique
1260 5073 1421 5142 justis
1440 5076 1529 5145 qui
1550 5091 1608 5131 se
1625 5076 1801 5146 justas
1833 5094 1931 5147 pu-

334 5172 486 5228 tant;
517 5179 641 5219 nam
669 5178 795 5221 vere
815 5165 993 5234 justus
1017 5180 1082 5220 ex
1109 5165 1216 5221 title
1241 5166 1386 5221 venit
1411 5166 1475 5237 (f.
1504 5166 1681 5237 vivit).
1712 5168 1803 5226 lsti
1827 5170 1928 5226 ita-

331 5270 440 5323 que
463 5256 638 5311 sancti
665 5271 769 5313 non
787 5255 1028 5327 indigent
1058 5256 1318 5315 bonorum
1338 5257 1431 5313 lilii
1451 5259 1557 5317 sui.
1585 5260 1767 5331 Itaque
1789 5262 1925 5319 infra

332 5344 409 5399 ait
454 5363 466 5397 :
517 5343 642 5401 Non
669 5347 987 5420 congregabo
1027 5365 1317 5422 synagogas
1364 5365 1539 5409 eorum
1574 5353 1637 5405 de
1678 5354 1926 5423 sanguine

330 5452 466 5492 meo.
495 5435 614 5491 Non
638 5444 724 5495 est
745 5440 890 5494 enim
923 5438 1119 5495 talibus
1148 5440 1450 5510 redemptio
1475 5456 1572 5511 per
1610 5444 1924 5512 sanguinem

330 5543 511 5583 meum
545 5531 873 5597 necessaria,
904 5531 995 5603 qui
1021 5547 1080 5587 se
1101 5532 1276 5603 justus
1304 5547 1427 5589 esse
1450 5533 1802 5593 arbitrantur.

403 5619 456 5674 6.
500 5620 609 5679 Sed
638 5636 803 5692 quare
851 5624 969 5679 ait:
1010 5622 1123 5693 Ipsi
1170 5625 1332 5682 miras
1368 5625 1600 5696 fecerunt
1642 5628 1925 5686 voluntates

332 5717 452 5771 tuas
483 5712 536 5771 in
568 5728 660 5780 se;
689 5711 839 5774 Vsus
868 5712 936 5774 6:
963 5714 1319 5787 multiplicata
1343 5726 1465 5775 sunt
1488 5718 1812 5790 inﬁrmitates
1837 5737 1925 5779 eo-

2030 4618 2169 4688 quit,
2201 4618 2299 4674 sed
2341 4619 2483 4687 quod
2511 4628 2587 4673 tu.
2636 4619 2799 4688 lgitur
2844 4618 2982 4673 hanc
3026 4618 3197 4686 ipsam
3242 4617 3466 4687 gratiam
3515 4630 3618 4684 qua

2032 4725 2133 4779 per
2173 4719 2402 4767 mortem
2442 4712 2561 4782 ejus
2608 4711 2903 4778 redemptae
2948 4718 3072 4763 sunt
3111 4720 3316 4779 gentes,
3368 4722 3473 4761 non
3519 4706 3622 4762 sibi

2031 4800 2224 4868 Filius,
2257 4801 2352 4857 sed
2385 4803 2530 4858 Patri
2570 4802 2827 4872 assignat.
2851 4801 3035 4871 Itaque
3056 4810 3112 4856 et
3141 4799 3474 4855 baereditatls
3505 4814 3625 4854 sure

2033 4900 2088 4949 et
2109 4893 2291 4951 calicis
2322 4895 2626 4963 portionem
2658 4893 2942 4949 Dominum
2970 4908 3091 4949 esse
3111 4893 3322 4948 asserit.

2104 4990 2156 5045 8.
2192 4988 2359 5045 Vsus.
2394 4989 2447 5045 6.
2497 4989 2762 5056 Funiculi,
2818 4988 3012 5059 inquit,
3058 4988 3349 5042 ceciderunt
3395 4985 3521 5040 mihi
3567 4986 3621 5040 in

2032 5082 2392 5149 potentissimis
2419 5099 2433 5135 :
2465 5083 2648 5136 etenim
2676 5082 2948 5136 hereditas
2992 5096 3104 5134 mea
3129 5080 3355 5134 maxima
3375 5087 3446 5133 est
3472 5078 3618 5132 mihi.

2032 5170 2157 5226 Fuit
2181 5173 2324 5227 enim
2352 5172 2688 5228 consuetudo
2727 5182 2880 5227 vetus
2910 5211 2924 5235 ,
2967 5181 3024 5225 ut
3049 5183 3101 5226 et
3142 5170 3280 5225 flues
3312 5170 3610 5240 possessio-

2034 5280 2162 5320 num
2189 5266 2240 5318 in
2278 5265 2518 5321 funiculo
2558 5273 3007 5321 mensurarentur
3039 5281 3052 5320 :
3098 5263 3326 5333 ideoque
3368 5262 3457 5316 hic
3499 5274 3621 5315 cum

2033 5355 2101 5410 de
2130 5355 2463 5412 haereditatis
2489 5371 2603 5412 sum
2630 5356 2875 5424 portione
2908 5356 3241 5427 loqueretur,
3273 5351 3510 5426 funiculi,
3545 5351 3626 5403 ln-

2033 5449 2167 5519 quit,
2197 5450 2488 5504 ceciderunt
2512 5450 2638 5503 milii
2667 5450 2720 5503 in
2746 5450 2873 5518 ipsis
2903 5449 3283 5520 potentissimis.
3317 5442 3625 5512 Accipimus

2029 5546 2212 5597 autem
2244 5541 2321 5597 rei
2356 5542 2514 5610 hujus
2554 5542 2915 5597 testimonium
2947 5558 3013 5596 ex
3056 5540 3267 5597 cantico
3312 5534 3499 5607 Moysi,
3533 5530 3624 5586 ubi

2033 5635 2293 5705 scriptum
2325 5646 2405 5691 est
2431 5656 2446 5692 :
2475 5634 2603 5691 Cum
2634 5637 2873 5706 dispersit
2923 5635 3062 5690 Deus
3088 5635 3225 5707 ﬁlios
3250 5630 3398 5696 Adit,
3431 5639 3476 5712 et
3520 5634 3624 5712 sta-

2035 5726 2131 5782 tuit
2164 5727 2292 5797 ﬁnes
2317 5727 2543 5798 gentium
2576 5727 2857 5786 secundum
2886 5741 3151 5783 numerum
3176 5710 3481 5809 angelorum
3505 5710 3630 5798 Dei,
