4134 6184
471 269 580 330 895

1676 273 1922 332 SANCTI
1961 273 2217 332 lllLARll
2258 275 2565 334 EPISCOPI

3651 282 3760 338 896

469 396 518 441 et
546 389 684 459 facta
713 397 786 443 est
809 389 977 461 portio
1003 387 1213 443 Domini
1239 388 1460 460 papulus
1488 389 1620 458 ejus,
1651 389 1814 444 Iacob
1859 391 2064 460 funicu-
2091 391 2144 451 Α
2169 391 2325 444 aliam
2351 393 2511 462 legem
2550 394 2602 447 in
2639 395 2876 450 membris
2903 397 3028 451 meis
3048 406 3415 469 repugnantem
3441 399 3540 469 legi
3576 401 3760 456 mentis

469 479 551 536 lus
599 482 910 535 hteretlitatis
958 485 1070 553 ejus
1099 481 1278 553 (Deut.
1329 497 1509 548 xxx",
1538 480 1619 553 8).
1658 483 1724 537 Et
1753 483 1947 538 merito
1974 482 2062 537 hic

469 574 559 642 qui
590 573 888 640 portionem
937 573 1270 628 hzereditatis
1316 589 1428 629 sua:
1475 575 1638 630 Deum
1681 589 1803 630 eSse
1829 571 2061 638 dixerat,

473 660 745 717 funiculos
777 665 1134 731 possessionis
1160 679 1274 719 suae
1305 666 1355 719 in
1389 665 1521 735 ipsis
1545 667 1934 735 potentissimis
1975 681 2066 721 ce-

471 753 672 808 cidisse
701 754 935 810 dicebat.
981 756 1120 824 Quid
1167 757 1308 812 enim
1358 758 1458 812 nisi
1512 760 1868 828 potentissimi
1913 768 2059 827 sunt,

469 859 610 916 quos
635 846 894 905 Dominus
921 849 1200 918 justiﬁcat.
1233 866 1368 920 quos
1398 852 1655 907 Dominus
1702 853 2064 908 honoriﬁcat?

476 939 605 1005 Quis
626 922 884 996 accusabit
915 944 1095 997 electos
1143 943 1286 998 Dei?
1325 945 1466 999 Deus
1508 947 1593 1016 qui
1617 948 1916 1020 justi/icat?
1952 947 2066 1015 quis

475 1031 737 1086 danmauit
767 1033 940 1102 (Rom.
973 1051 1066 1100 vn,
1099 1035 1236 1107 35)?
1265 1037 1434 1108 Igitur
1463 1039 1552 1107 qui
1581 1040 1633 1092 in
1661 1039 1856 1094 talibus
1888 1041 2060 1096 lucre-

477 1121 698 1178 ditatem
749 1139 900 1180 suatn
967 1125 1201 1182 futuram
1251 1145 1373 1184 esse
1419 1129 1650 1197 dicebat,
1702 1132 1896 1186 merito
1949 1132 2062 1186 ait:

476 1213 724 1270 Furticuli
763 1219 1048 1273 ceciderunt
1076 1222 1203 1274 mihi
1242 1223 1293 1275 in
1335 1222 1460 1292 ipsis
1504 1224 1880 1292 potentissimis.
1911 1223 2064 1291 Quod

476 1317 657 1362 autem
687 1310 998 1376 ceciderunt,
1047 1315 1150 1379 ait;
1184 1329 1344 1369 nemo
1389 1316 1464 1370 sic
1496 1317 1746 1384 accipiat,
1791 1317 1941 1385 quasi
1969 1315 2066 1371 de-

480 1400 736 1455 teriorem
766 1400 960 1458 factam
989 1404 1358 1461 luereditatem
1385 1422 1536 1462 suam
1562 1408 1726 1473 dicat,
1758 1410 1880 1479 quia
1906 1423 2068 1462 omne

473 1493 617 1561 quod
644 1495 788 1549 cadit
811 1495 1050 1552 deterius
1077 1499 1169 1552 ﬁat
1199 1518 1212 1566 ;
1247 1501 1341 1555 sed
1372 1517 1499 1555 usus
1524 1513 1605 1556 est
1633 1504 1852 1572 proprio
1897 1503 2064 1558 verbo

476 1591 535 1638 et
560 1587 886 1642 necessario.
939 1588 1034 1644 Ubi
1085 1592 1228 1645 enim
1270 1592 1390 1662 quis
1421 1607 1525 1646 non
1571 1601 1788 1662 propter
1815 1594 2064 1646 meritum

476 1673 716 1744 eligitur,
748 1677 815 1731 ibi
848 1680 1000 1748 quasi
1027 1682 1270 1749 quaedam
1314 1697 1432 1759 sors
1468 1682 1612 1736 cadit
1654 1684 1877 1753 gratim;
1927 1684 2066 1737 sicut

2168 500 2292 537 mete
2321 484 2501 552 (Rom.
2536 501 2631 551 vn,
2670 485 2782 558 1‘2).
2819 488 2884 541 Et
2913 489 3016 542 alio
3041 489 3190 543 loco:
3217 488 3388 559 Igitur
3405 507 3497 560 ego
3518 491 3625 558 ipse
3644 491 3758 559 qui-

2167 574 2279 627 dem
2328 585 2493 630 mente
2528 578 2687 631 seruio
2733 578 2832 648 legi
2869 577 3003 645 Dei;
3047 596 3198 634 carne
3224 591 3394 634 autem
3440 581 3538 651 legi
3563 583 3759 650 peccati

2168 664 2329 737 (Ibid.
2358 667 2473 736 25).
2520 667 2703 723 Talem
2742 685 2873 739 ergo
2913 671 3026 738 ipse
3069 671 3356 740 quamdam
3407 681 3460 726 et
3499 672 3759 728 Dominus

2167 769 2350 812 noster
2378 758 2534 813 Jesus
2565 763 2767 815 sentire
2798 777 2857 816 se
2885 762 3049 817 refert
3073 764 3464 819 dissensionem
3492 807 3506 830 ,
3539 766 3624 819 ubi
3651 767 3756 818 ait:

2169 849 2398 916 Spiritus
2431 861 2720 919 promptus,
2748 869 2866 906 caro
2888 864 3053 908 autem
3083 855 3323 924 inﬁrma:
3355 856 3647 910 secundum
3677 855 3759 912 in-

2169 938 2421 994 teriorem
2452 941 2595 995 enim
2629 942 2899 997 hominem
2929 946 3302 1000 consentiebat
3335 947 3434 1016 legi
3467 945 3662 1011 Patris,
3700 955 3758 1002 ut

2168 1039 2477 1100 pateretur;
2527 1034 2818 1088 secundum
2846 1035 3171 1092 exteriorem
3203 1049 3380 1092 autem
3406 1079 3422 1104 ,
3449 1047 3505 1090 ut
3531 1038 3644 1108 ipse
3679 1047 3760 1093 te-

2167 1130 2360 1187 statur,
2394 1124 2444 1177 in
2471 1138 2634 1180 carne
2663 1125 2980 1194 trepidabat.
3015 1127 3198 1198 Itaque
3223 1128 3346 1198 quia
3370 1143 3528 1182 renes
3548 1139 3757 1184 secreta

2169 1216 2452 1271 continent
2477 1218 2655 1272 carnis
2683 1235 2802 1288 qua:
2845 1220 3216 1275 inﬁrmabatur
3258 1223 3311 1276 in
3355 1230 3594 1292 tempore
3633 1239 3758 1292 pas-

2168 1307 2338 1360 sionis
2362 1348 2375 1368 ,
2405 1308 2670 1363 eruditum
2705 1325 2762 1365 se
2789 1312 3008 1366 renibus
3039 1314 3150 1367 suis
3179 1315 3290 1376 ait,
3334 1323 3392 1367 ut
3435 1315 3760 1384 intelligeret

2169 1396 2304 1466 ipse,
2335 1398 2462 1452 licet
2482 1411 2626 1454 esset
2657 1400 2846 1466 Filius,
2879 1417 3099 1472 Sperare
3129 1405 3178 1457 in
3209 1404 3399 1459 Deum.
3432 1405 3584 1469 Quod
3615 1407 3765 1461 simi-

2169 1486 2294 1542 liter
2334 1489 2401 1544 de
2445 1504 2512 1544 eo
2556 1498 2610 1545 et
2653 1493 2879 1561 epistola
2921 1511 3038 1562 qua:
3077 1495 3332 1551 scribitur
3368 1495 3432 1549 ad
3463 1495 3722 1551 Hebrzeos
3746 1536 3762 1561 ,

2169 1582 2352 1636 sentit.
2389 1582 2710 1654 Quamquam
2731 1586 2898 1652 enim,
2928 1588 3031 1651 ait,
3066 1598 3194 1642 esset
3225 1586 3397 1642 Filius
3432 1589 3549 1652 Dei,
3585 1589 3767 1642 didicit

2171 1690 2235 1728 ea:
2257 1675 2334 1728 his
2355 1693 2468 1746 qua:
2491 1695 2668 1747 passus
2699 1689 2774 1733 est
2798 1680 3203 1734 obaudientiam:
3241 1691 3287 1736 et
3314 1687 3567 1754 perfectus
3599 1684 3769 1752 [actus

476 1765 530 1820 in
559 1771 928 1839 assumptione
955 1774 1184 1844 aposmn
1217 1774 1307 1842 qui
1335 1774 1656 1844 subrogatus
1681 1783 1766 1829 εει
1794 1775 1845 1828 in
1890 1775 2062 1828 locum
2093 1774 2142 1833 Β
2172 1775 2242 1819 cst
2271 1767 2504 1822 omnibus
2533 1769 2921 1825 obaudientibus
2953 1790 3109 1827 causa
3142 1775 3324 1828 salutis
3362 1785 3566 1829 teternte
3595 1775 3757 1847 (Heb.

475 1857 649 1925 Judte,
680 1862 939 1930 scriptum
970 1871 1074 1930 est,
1108 1865 1229 1934 quia
1255 1882 1368 1918 sors
1390 1867 1571 1919 cecidit
1599 1883 1752 1935 super
1793 1865 2065 1921 Matthiam

483 1949 620 2022 (Act.
655 1967 693 2015 ι,
724 1953 838 2022 26).
876 1954 1057 2025 Itaque
1087 1957 1210 2025 quia
1239 1972 1344 2011 non
1383 1959 1484 2012 nisi
1525 1973 1592 2012 ex
1638 1959 1808 2028 gratia
1855 1959 2064 2013 Domini

482 2042 607 2097 talis
661 2044 764 2098 sibi
819 2045 1106 2100 htereditas
1160 2055 1307 2102 sorte
1357 2049 1664 2118 contigerit,
1701 2050 2067 2120 signiﬁcanter

476 2134 591 2190 ait:
629 2134 872 2190 Funiculi
902 2139 1192 2194 ceciderunt
1221 2141 1348 2193 mihi
1391 2141 1444 2194 in
1488 2142 1614 2210 ipsis
1653 2143 2016 2210 potentissimis
2047 2162 2066 2198 :

477 2229 660 2283 etenim
700 2230 971 2287 hwreditas
1020 2250 1132 2289 utea
1179 2236 1407 2289 maxima
1449 2237 1576 2290 mihi
1625 2246 1719 2291 est.
1752 2237 1850 2294 Hic
1898 2253 2067 2294 novus

479 2319 649 2376 Adam
682 2321 917 2392 loquitur
1339 2371 1356 2383 .

549 2412 603 2466 9.
638 2411 801 2468 Vens.
835 2413 888 2467 7.
912 2413 1219 2470 Benedicam
1248 2415 1532 2474 Dominum
1556 2421 1642 2490 qui
1683 2423 1962 2495 intelligere
1990 2439 2070 2479 me

481 2507 601 2574 fecit
626 2520 645 2558 :
671 2505 799 2560 nihil
829 2509 970 2561 enim
1003 2511 1108 2565 scit
1137 2510 1326 2577 Filius,
1355 2513 1454 2567 nisi
1485 2529 1606 2583 quae
1633 2516 1764 2569 vidit
1789 2524 1843 2570 et
1863 2518 2070 2571 audivit

481 2609 510 2648 a
543 2594 723 2650 Patre.
777 2597 959 2668 itaque
1008 2600 1278 2655 bent-dicit
1322 2618 1468 2668 eum,
1518 2606 1608 2674 qui
1664 2606 1966 2676 intelligere
2009 2622 2070 2662 se

480 2683 630 2741 fecit.
662 2687 732 2740 Et
758 2703 885 2743 vere
929 2690 1015 2746 hic
1043 2693 1347 2748 intellectus
1376 2710 1480 2750 non
1515 2702 1592 2750 ex'
1611 2696 1847 2765 homine,
1877 2698 1972 2753 sed
2003 2715 2067 2754 ex

479 2775 592 2832 Deo
613 2787 716 2834 est.
746 2779 877 2833 Nam
913 2783 1035 2851 quis
1082 2784 1358 2839 hominum
1392 2785 1598 2842 duabus
1630 2791 1817 2858 positis
1840 2789 2072 2844 haeredi-

483 2870 705 2937 tatibus,
761 2887 987 2942 quarum
1036 2877 1205 2931 altera
1253 2879 1323 2932 sit
1376 2879 1426 2933 in
1483 2881 1734 2948 operibus
1791 2881 2068 2951 magniﬁca

481 2969 537 3016 et
566 2960 738 3028 dives,
771 2964 938 3021 altera
980 2982 1180 3038 pauper
1230 2978 1285 3024 et
1327 2985 1525 3040 egens;
1574 2971 1738 3042 eligat
1784 2987 1901 3028 eam
1951 2990 2070 3044 qua:

483 3053 656 3108 aliena
685 3064 840 3126 egeat
869 3060 1276 3116 misericordia?
1327 3063 1521 3118 Verum
1554 3063 1720 3120 Filius
1767 3065 1990 3122 edoctus
2039 3085 2067 3122 a

2175 1871 2231 1920 v,
2265 1858 2342 1926 8).
2378 1858 2468 1914 Sic
2497 1860 2640 1914 enim
2672 1877 2829 1918 renes
2859 1864 3174 1918 erudierunt
3203 1881 3344 1928 eum,
3376 1875 3431 1919 ut
3460 1866 3772 1935 provideret

2173 1947 2340 2002 Dcum
2371 1965 2400 2002 a
2429 1949 2633 2006 dextris
2662 1953 2773 2006 suis
2803 1968 3018 2024 semper
3041 1965 3097 2009 ut
3129 1969 3235 2009 non
3263 1967 3567 2011 moveatur.
3611 1957 3773 2012 Scili-

2172 2048 2258 2093 cet
2287 2039 2354 2095 de
2382 2042 2679 2107 voluntate,
2705 2045 2925 2112 Spiritus
2954 2054 3237 2116 promptus
3268 2055 3370 2112 est,
3405 2051 3500 2102 sed
3528 2063 3655 2103 caro
3688 2049 3775 2102 in-

2173 2129 2346 2186 ﬁrma.
2401 2133 2468 2188 Et
2497 2135 2710 2204 pr0prie
2739 2138 2818 2190 sic
2859 2138 3127 2192 eruditum
3155 2154 3213 2194 se
3235 2154 3355 2195 esse
3385 2140 3518 2194 dixit
3544 2141 3773 2200 renibus

2173 2225 2458 2295 suisquasi
2489 2227 2542 2280 in
2572 2237 2768 2295 nocte;
2817 2246 2921 2284 non
2949 2231 3085 2286 dixit
3114 2233 3166 2286 in
3199 2243 3411 2288 noctem
3436 2276 3449 2295 .
3482 2235 3577 2290 sed
3609 2238 3770 2300 quasi

2173 2319 2226 2373 in
2259 2328 2437 2374 nocte.
2471 2319 2586 2374 Non
2613 2323 2756 2376 enim
2790 2325 3003 2392 penitus
3034 2325 3404 2380 contenebrati
3432 2336 3556 2381 sunt
3577 2342 3773 2385 sensus

2173 2410 2289 2480 ejus
2317 2411 2382 2466 de
2414 2413 2606 2468 timore
2635 2415 2844 2484 mortis,
2877 2416 2964 2486 qui
2992 2417 3238 2472 dicebat:
3282 2417 3474 2471 Verum
3506 2435 3607 2473 non
3633 2421 3773 2490 quod

2173 2519 2264 2574 ego
2288 2505 2422 2570 volo,
2453 2505 2541 2558 sed
2571 2508 2774 2572 quodtu
2804 2507 3022 2577 (Matth.
3047 2525 3235 2574 xxxvr,
3269 2508 3381 2580 59).
3429 2511 3536 2565 Sed
3588 2521 3769 2568 tamen

2174 2610 2280 2648 non
2305 2599 2552 2650 eratsiue
2576 2597 2802 2663 quadam
2831 2599 3260 2667 perturbatione,
3288 2602 3376 2671 qui
3398 2602 3770 2658 inﬁrmitatem

2175 2696 2229 2741 et
2257 2687 2522 2742 tristitiam
2551 2689 2837 2745 fatebatur.
2869 2691 2998 2745 Nam
3029 2692 3072 2744 si
3101 2692 3232 2747 alibi
3265 2692 3427 2747 David
3456 2695 3566 2748 ait:
3599 2694 3773 2750 Metus

2174 2780 2354 2834 mortis
2380 2780 2557 2832 cecidit
2605 2798 2758 2852 super
2783 2797 2881 2846 me,
2913 2783 3064 2836 timor
3094 2793 3140 2836 et
3167 2795 3353 2838 tremor
3392 2799 3774 2857 occupaverunt

2176 2889 2255 2926 me
2278 2911 2292 2936 ,
2339 2882 2383 2925 et
2411 2875 2610 2941 operuit
2637 2891 2715 2928 me
2758 2875 2959 2928 tenebt'a
2989 2875 3160 2948 (Psal.
3186 2894 3294 2943 ων,
3324 2879 3417 2948 6);
3463 2891 3611 2935 recte
3655 2881 3775 2935 ha-c

2177 2965 2392 3020 tenebra
2444 2981 2512 3019 ex
2562 2967 2754 3021 timore
2797 2972 2989 3022 mortis
3037 2955 3298 3038 veniens,
3353 2987 3514 3040 quam
3547 2971 3775 3028 minima

2174 3054 2339 3112 fuisse
2367 3057 2420 3112 itt
2447 3057 2585 3112 Filio
2615 3059 2703 3114 Dei
2733 3061 3004 3128 convenit,
3046 3078 3152 3116 non
3184 3077 3310 3127 nox,
3341 3063 3435 3117 sed
3467 3064 3617 3132 quasi
3665 3080 3776 3118 nox

483 3147 667 3213 Patre,
698 3153 898 3206 mavult
931 3154 984 3207 ίη
1011 3154 1095 3209 his
1129 3155 1496 3212 haereditate".
1529 3159 1618 3228 qui
1666 3159 1717 3213 in
1751 3159 1918 3214 υυιηη
1950 3177 2071 3231 spe-
2099 3155 2144 3217 C
2177 3151 2504 3220 appellatur.
2533 3151 2718 3222 Itaque
2737 3154 3102 3224 signiﬁcanter
3117 3155 3342 3210 dicitur:
3375 3154 3568 3210 Adhuc
3590 3165 3777 3211 autem

484 3249 626 3301 rent,
676 3256 835 3310 quant
883 3244 972 3312 qui
1023 3246 1077 3298 in
1125 3248 1380 3313 operibus
1427 3249 1541 3302 suis
1583 3249 1964 3318 justiﬁcantur.
1994 3253 2072 3308 lta

485 3331 711 3401 pulchre
743 3332 817 3386 ait
851 3350 864 3386 :
895 3333 1203 3388 Benedicam
1230 3335 1508 3391 Dominum
1533 3341 1618 3408 qui
1647 3341 1930 3410 intelligere
1955 3343 2075 3411 fecit

485 3439 566 3476 me
594 3440 612 3477 :
644 3423 816 3478 adhuc
843 3437 1009 3481 autem
1034 3436 1080 3482 et
1108 3429 1239 3481 sicut
1283 3430 1334 3482 in
1373 3439 1516 3484 nocte
1544 3431 1839 3486 erudierunt
1884 3451 1962 3487 me
1989 3453 2072 3489 re-

486 3533 574 3571 nes
601 3521 717 3570 mei.
761 3516 898 3583 Quid
947 3533 1068 3573 eum
1111 3519 1428 3576 erudierunt
1481 3537 1637 3578 renes
1686 3523 1806 3578 sui?
1847 3525 2073 3593 scilicet,

487 3609 582 3677 ait,
616 3609 918 3682 intelligere
940 3628 1062 3667 eum
1089 3611 1354 3680 fecerunt,
1397 3615 1590 3671 melius
1627 3632 1750 3673 esse
1776 3633 1995 3688 sperare
2025 3622 2076 3676 in

492 3702 740 3767 Domino,
787 3719 946 3774 quam
979 3705 1031 3758 in
1061 3721 1160 3759 suo
1204 3723 1370 3777 opere
1393 3709 1694 3776 justiﬁcari.
1733 3711 1864 3766 Nam
1896 3723 1950 3766 et
1999 3715 2080 3784 ip-

488 3811 607 3850 sum
641 3796 927 3850 Dominum
969 3811 1148 3852 nonne
1176 3814 1336 3854 renes
1374 3802 1454 3854 sui
1483 3805 1632 3870 quasi
1662 3803 1714 3857 in
1756 3814 1915 3860 nocte
1957 3821 2078 3861 eru-

491 3887 708 3942 dierunt
757 3903 976 3958 sperare
1019 3890 1069 3943 in
1121 3891 1328 3946 Deum?
1377 3891 1508 3948 Nam
1540 3904 1592 3948 et
1636 3897 1949 3952 contristata
1997 3908 2081 3954 est

491 3983 668 4034 anima
717 3981 834 4050 ejus
879 3998 1050 4052 usque
1097 3983 1162 4037 ad
1213 3995 1462 4040 mortem.
1517 3986 1710 4042 Didicit
1753 4004 1976 4058 sperare
2027 3993 2080 4046 in

492 4071 684 4140 Deum,
726 4081 782 4128 et
809 4073 912 4130 hoc
944 4085 1026 4130 est
1071 4077 1211 4144 quod
1255 4077 1329 4131 ait
1358 4076 1412 4132 in
1447 4077 1588 4133 hunc
1636 4095 1698 4136 se
1745 4081 2076 4139 intellectura

490 4165 759 4221 eruditum
785 4181 906 4221 esse
933 4181 962 4220 a
989 4167 1212 4222 renibus
1241 4170 1392 4237 quasi
1420 4169 1468 4222 in
1495 4181 1671 4226 nocte.
1710 4172 1775 4226 Et
1801 4175 2079 4244 sequentia

493 4256 634 4310 enim
665 4256 960 4312 ostendunt
996 4256 1064 4313 de
1105 4258 1356 4326 passione
1395 4275 1518 4316 eum
1567 4277 1662 4318 sua
1707 4263 1906 4333 dicere,
1957 4281 2079 4321 cum

489 4348 767 4419 subjungit
796 4366 809 4402 :

564 4442 650 4496 10.
679 4440 844 4496 Vens.
877 4439 1031 4497 8-10.
1069 4440 1406 4498 Prooidebam
1434 4445 1710 4501 Dominum
1736 4448 1788 4501 in
1812 4458 2086 4519 conspectu

2177 3242 2332 3312 quasi
2358 3242 2410 3296 in
2444 3254 2603 3298 nocte
2625 3242 2939 3300 erudierunt
2971 3262 3056 3300 me
3079 3261 3236 3301 renes
3264 3246 3387 3301 mei.
3418 3246 3556 3314 Quid
3590 3256 3778 3304 autem

2178 3335 2532 3392 erudierunt?
2561 3337 2779 3393 Scilicet
2802 3339 2941 3408 quod
2973 3339 3217 3410 sequitur
3242 3341 3400 3406 infra,
3430 3352 3486 3395 ut
3516 3342 3771 3410 provide-

2178 3437 2262 3482 ret
2288 3429 2453 3484 Deum
2481 3430 2534 3484 in
2581 3441 2874 3501 conspectu
2920 3447 3021 3488 suo
3056 3448 3272 3503 semper
3297 3475 3312 3500 ,
3357 3434 3482 3504 quia
3511 3449 3543 3488 a
3573 3435 3781 3490 dextris

2179 3523 2297 3592 ejus
2327 3533 2410 3578 est
2434 3534 2494 3578 ut
2526 3540 2628 3579 non
2657 3536 3081 3582 commoveatur.

2255 3615 2340 3668 Η.
2377 3613 2482 3668 Pro
2518 3617 2633 3681 hoc,
2671 3617 2765 3683 ait,
2796 3618 3141 3690 jucundatum
3171 3629 3244 3674 est
3281 3635 3368 3673 cor
3393 3635 3587 3682 meum.
3611 3629 3658 3674 et
3688 3638 3782 3676 ex-

2180 3704 2388 3759 sultavit
2418 3705 2593 3776 lingua
2623 3723 2767 3773 mea;
2797 3712 2967 3761 adhuc
2995 3719 3164 3763 autem
3186 3719 3232 3762 et
3251 3726 3370 3763 caro
3393 3727 3505 3765 mea
3529 3711 3782 3765 habitabit

2181 3795 2234 3849 in
2255 3813 2380 3865 spe:
2401 3799 2643 3868 quoniam
2672 3817 2772 3853 non
2805 3801 3119 3870 derelinques
3147 3803 3369 3856 animam
3409 3820 3570 3857 meam
3607 3805 3659 3856 in
3687 3804 3778 3857 itt-

2183 3891 2349 3960 ferno,
2385 3908 2546 3958 neque
2575 3892 2720 3946 dabis
2758 3905 2989 3947 sanctum
3018 3907 3161 3948 tuum
3185 3897 3355 3950 videre
3374 3897 3780 3966 corruptionem.

2185 3964 2354 4036 Notas
2391 3985 2553 4053 fecisti
2592 3986 2719 4038 mihi
2741 3987 2845 4040 vias
2886 3987 3038 4042 vittv:
3087 3988 3317 4058 implebis
3346 4005 3424 4042 me
3455 3990 3635 4043 ltetitia
3661 4005 3782 4044 cum

2182 4073 2324 4127 uulto
2357 4083 2472 4128 tuo:
2503 4076 2857 4131 delectationes
2887 4078 2938 4130 in
2960 4078 3166 4132 dextera
3193 4089 3300 4134 tua.
3338 4080 3478 4149 Ergo
3503 4089 3559 4134 et
3585 4080 3784 4149 jucun-

2183 4161 2380 4218 ditatcs
2415 4165 2464 4218 in
2497 4165 2716 4220 dextera
2755 4167 2885 4232 Dei,
2936 4169 3131 4237 quibus
3160 4170 3369 4224 cunctis
3413 4171 3653 4239 repletus
3693 4181 3785 4225 est

2184 4253 2374 4309 Filius.
2435 4256 2490 4310 ln
2521 4256 2725 4312 dextris
2754 4259 2896 4313 enim
2926 4258 3160 4314 ltabcbat
3190 4260 3377 4314 Deum.
3433 4259 3784 4315 Providebam

2185 4343 2505 4413 Dontinum,
2550 4349 2755 4418 inquit,
2804 4351 2855 4403 in
2881 4361 3151 4422 conspectu
3178 4369 3284 4406 meo
3305 4368 3540 4420 semirer;
3583 4355 3704 4423 quia
3750 4371 3785 4406 a

2185 4439 2379 4494 dextris
2408 4441 2532 4494 meis
2563 4452 2653 4494 est.
2701 4443 3008 4499 Ascendens
3041 4456 3217 4500 autem
3266 4446 3320 4499 itt
3362 4447 3560 4500 co‘lum
3593 4489 3606 4510 ,
3661 4449 3782 4516 ipse

491 4546 602 4584 meo
626 4546 847 4602 semper,
873 4534 994 4601 quia
1017 4551 1049 4588 a
1071 4534 1265 4588 dextris
1293 4545 1366 4589 est
1393 4537 1520 4590 mihi
1546 4547 1602 4590 ut
1621 4554 1723 4592 non
1741 4555 2077 4593 commoveor.
2109 4531 2161 4591 D
2190 4532 2242 4585 in
2264 4533 2475 4588 dextris
2505 4534 2676 4588 Patris
2706 4535 2881 4591 factus
2902 4542 3002 4591 est.
3035 4537 3090 4591 In
3119 4537 3321 4592 dextris
3357 4543 3508 4607 ejus:
3554 4555 3673 4609 qua:
3711 4542 3787 4595 sit

492 4619 713 4690 Propter
733 4623 828 4675 hoc
844 4623 1192 4692 jucundatum
1223 4634 1295 4678 est
1342 4641 1431 4679 cor
1471 4643 1668 4691 meum,
1719 4641 1766 4682 et
1806 4628 2080 4682 exsultavit

492 4712 669 4782 lingua
694 4730 826 4778 mea,
858 4715 1067 4783 insuper
1088 4726 1136 4769 et
1171 4733 1289 4770 caro
1320 4733 1429 4770 mea
1459 4717 1704 4771 habitabit
1729 4719 1781 4771 in
1808 4735 1929 4789 spe:
1958 4721 2081 4788 quia

490 4819 592 4856 non
619 4805 940 4875 derelinques
961 4807 1187 4860 animam
1209 4824 1371 4862 meam
1405 4809 1458 4862 in
1488 4809 1764 4880 infernum,
1799 4826 1958 4879 neque
1987 4811 2080 4863 da-

491 4895 564 4949 bis
595 4906 826 4954 sattctum
851 4908 993 4953 tuum
1019 4901 1192 4956 uidere
1217 4905 1622 4971 corruptionem.
1667 4905 1728 4959 Et
1763 4914 1938 4960 textus
1965 4906 2084 4974 qui-
2128 4941 2133 4946 -

491 4988 612 5043 dem
645 4990 732 5045 hic
757 5001 812 5047 et
838 4993 973 5047 ordo
1001 4995 1318 5050 manifestus
1347 5008 1463 5052 est:
1496 4997 1592 5052 sed
1633 4997 1774 5067 quod
1803 5012 1958 5052 renes
1989 5013 2085 5052 no-

493 5079 718 5136 minavit
741 5123 755 5146 ,
787 5093 840 5136 ct
866 5085 1018 5152 quasi
1047 5086 1101 5141 in
1136 5098 1292 5140 nocte
1319 5127 1333 5151 ,
1365 5089 1479 5151 ait,
1509 5087 1828 5142 erudierunt
1856 5102 1980 5153 me;
2017 5103 2085 5143 ne

491 5170 805 5225 obscuriora
837 5172 1132 5241 videantur,
1163 5177 1582 5247 interrogemus.
1627 5179 1768 5234 Deus
1815 5187 2085 5234 scrutator

490 5261 690 5318 dicitur
718 5278 906 5318 renum
937 5276 991 5321 et
1020 5268 1217 5332 cordis,
1250 5270 1299 5322 in
1325 5269 1518 5339 quibus
1544 5271 1699 5340 quasi
1720 5269 1928 5325 duobus
1949 5271 2081 5326 locis

489 5355 726 5411 hominis
750 5365 956 5410 secreta
986 5370 1290 5414 teneantur.
1334 5361 1439 5416 Sed
1469 5361 1524 5414 in
1555 5360 1718 5417 corde
1747 5361 1966 5431 quidem
1997 5375 2084 5415 se-

489 5458 693 5505 cretum
725 5450 944 5516 animas,
974 5451 1025 5505 in
1059 5451 1276 5507 renibus
1298 5467 1426 5507 vero
1457 5463 1722 5509 secretum
1753 5453 1932 5509 cauis
1963 5461 2076 5518 est;

490 5558 624 5614 quas
652 5542 883 5598 subinde
910 5543 1051 5597 inter
1077 5558 1136 5598 se
1161 5543 1503 5599 diversitates
1549 5545 1821 5600 interioris
1847 5554 1904 5600 et
1927 5552 2078 5600 exte-

491 5639 648 5694 rioris
683 5639 915 5695 hominis
940 5639 1101 5694 etiam
1137 5640 1425 5707 Apostolus
1452 5640 1609 5696 docet
1634 5656 1755 5697 cum
1802 5642 1920 5709 ait:
1949 5639 2085 5696 Con-

493 5732 653 5786 sentio
687 5731 786 5802 legi
821 5732 1099 5790 secundum
1132 5731 1424 5788 interiorem
1473 5733 1772 5798 hominem;
1818 5733 1907 5790 sed
1940 5733 2084 5790 video

2189 4625 2342 4678 istius
2370 4625 2572 4680 dextra:
2597 4626 2838 4692 sinistra,
2863 4629 3273 4699 interrogemus.
3308 4629 3462 4684 Novit
3490 4647 3622 4702 ergo
3647 4648 3791 4702 quo-

2187 4715 2309 4770 dam
2341 4716 2460 4771 loco
2493 4719 2800 4786 Apostolus,
2831 4733 2981 4773 arma
3008 4720 3230 4790 justitite
3251 4721 3438 4776 dextra
3457 4732 3510 4776 et
3535 4722 3788 4789 sinistra,

2186 4805 2409 4875 gloriam
2436 4806 2652 4878 quidem
2678 4821 2730 4864 et
2754 4809 3161 4879 ignobilitatem.
3197 4811 3389 4865 Dextra
3430 4810 3655 4866 formam
3694 4812 3792 4882 juo

2187 4898 2348 4954 stitim
2362 4907 2526 4967 puto;
2560 4897 2951 4969 ignobilitatem
2971 4910 3150 4956 autem
3173 4912 3226 4956 et
3247 4902 3522 4956 infamiam
3538 4903 3786 4960 sinistra.

2187 4993 2438 5046 Attamen
2466 5001 2694 5062 utraque
2718 4993 2942 5063 justitize
2965 5010 3112 5048 arma
3153 5003 3298 5049 sunt.
3347 4995 3452 5050 Sed
3497 5003 3559 5049 ut
3595 5011 3792 5061 perveo

2187 5084 2401 5137 niamus
2429 5082 2496 5137 ad
2527 5084 2713 5138 dextra
2751 5099 2897 5137 arma
2939 5085 3199 5153 iustitiae,
3251 5086 3303 5138 in
3347 5085 3583 5139 sinistris
3631 5086 3792 5154 prius

2189 5173 2529 5229 militandum
2560 5173 2672 5229 est.’
2719 5174 3069 5244 Snscipienda
3110 5183 3191 5229 est
3216 5190 3346 5230 vero
3369 5177 3418 5229 in
3453 5176 3556 5231 hoc
3580 5177 3793 5231 Inundo

2188 5265 2495 5336 ignobilitas
2520 5308 2535 5333 ,
2568 5266 2784 5321 infamia
2809 5308 2824 5332 ,
2857 5267 3138 5322 inﬁrmitas
3164 5310 3178 5333 ,
3230 5269 3456 5323 stultitia
3494 5278 3551 5324 et
3586 5281 3797 5325 caetera

2188 5359 2274 5413 his
2303 5359 2495 5412 similia
2521 5375 2534 5424 ;
2578 5368 2638 5412 ut
2674 5357 3052 5428 perveniamus
3077 5359 3142 5414 ad
3175 5360 3511 5416 nobilitatem
3536 5403 3550 5424 ,
3580 5361 3648 5416 ad
3675 5363 3798 5431 glo-

2187 5455 2345 5517 riam,
2385 5451 2451 5507 ad
2495 5452 2769 5519 virtutem,
2799 5452 2864 5507 ad
2896 5455 3250 5524 sapientiam:
3282 5471 3401 5525 qua:
3429 5456 3608 5509 omnia
3647 5459 3797 5511 acci-

2189 5547 2402 5617 piemus
2423 5587 2437 5609 ,
2479 5561 2601 5601 cum
2647 5546 3052 5616 pervenerimus
3082 5546 3195 5603 illic
3223 5547 3313 5602 ubi
3343 5547 3593 5604 Christus
3621 5561 3707 5606 est
3739 5550 3802 5605 in

2194 5648 2343 5710 parte
2357 5639 2546 5694 dextra
2565 5639 2654 5693 ι)θί
2671 5637 2888 5694 sedens.
2914 5637 3262 5696 Seminamur
3274 5649 3455 5696 autem
3471 5641 3524 5696 in
3545 5642 3805 5712 ignobili-

2195 5743 2348 5801 tate,
2412 5739 2469 5789 nt
2529 5745 2870 5802 rcsurgamus
2925 5731 2978 5788 in
3031 5732 3302 5802 gloriam;
3356 5733 3696 5791 seminantur
3745 5729 3807 5789 iit
