4134 6184
321 265 430 326 897

1413 259 1828 320 TRACTATUS
1869 261 1958 319 DE
1997 261 2271 323 PSALMO
2311 266 2502 325 XXXI.

3412 226 3418 243 ’
3506 278 3616 338 898

319 376 649 434 mortalitate
663 374 1142 448 utresurgamusin
1156 377 1919 450 arternitatemJtaqueDomi-
1944 380 1994 441 A
2026 389 2104 437 tas
2132 392 2325 452 vocat,
2361 390 2747 455 praetereuntes
2774 383 3104 443 voluntatem
3134 386 3230 444 Dei
3256 428 3271 453 ,
3301 395 3358 446 et
3383 392 3611 448 consilia

318 485 421 523 nus
449 479 633 525 noster
661 482 850 539 passus
894 469 948 523 in
995 479 1236 539 tempore
1284 470 1548 540 passionis
1578 469 1914 540 ﬂagellorum

316 559 545 615 ludibria
577 570 739 630 atque
777 562 1142 631 sputaminum
1169 602 1184 628 ,
1223 576 1346 618 cum
1373 571 1721 618 accusaretur
1758 561 1913 633 quasi

312 649 689 722 blasphemus,
718 668 841 707 cum
874 653 1013 707 intra
1040 654 1280 709 latrones
1306 654 1681 724 deputaretur,
1703 654 1913 725 positus

314 743 372 800 in
398 752 548 799 tanta
578 743 911 813 ignobilitate
936 753 992 800 et
1016 744 1256 810 infamia,
1298 744 1427 816 quid
1454 745 1556 801 nisi
1587 746 1643 801 in
1675 743 1913 800 sinistris

314 835 481 890 armis
515 836 741 905 justitia:
766 836 1072 911 militabat?
1119 835 1305 908 Itaque
1339 846 1468 893 tunc
1493 837 1548 892 in
1574 837 1788 892 sinistra
1818 837 1913 893 Dei

315 927 552 1001 positus,
601 928 918 999 providebat
945 943 1069 984 eum
1088 945 1119 984 a
1145 929 1349 985 dextris
1374 930 1508 995 suis,
1537 937 1595 983 ut
1620 944 1726 985 non
1757 944 1907 984 com-

314 1034 644 1079 moveretur.
670 1024 740 1077 At
768 1037 896 1077 vero
919 1028 1269 1092 posteaquam
1298 1023 1602 1077 resurrexit
1636 1032 1690 1077 et
1714 1036 1905 1076 ascen-

312 1116 392 1171 dit
421 1116 477 1171 in
502 1116 698 1171 caelum
723 1158 737 1183 ,
775 1114 1095 1184 perveniens
1124 1115 1191 1168 ad
1215 1113 1492 1170 dexteram
1516 1156 1533 1183 ,
1580 1113 1648 1169 ad
1678 1115 1910 1184 palmam

309 1210 555 1282 iustitiae.
583 1209 649 1265 ad
677 1209 928 1281 gloriam,
955 1208 1023 1263 ad
1046 1209 1375 1264 nobilitatem
1395 1250 1410 1273 ,
1443 1208 1697 1279 impletur
1725 1208 1911 1264 laetitia

312 1317 438 1359 cum
467 1304 619 1358 vultu
643 1302 755 1369 Dei,
782 1311 835 1356 et
863 1301 1025 1357 habet
1049 1300 1439 1357 delectationes
1464 1301 1518 1355 in
1541 1300 1745 1356 dextris
1766 1300 1905 1371 ejus.

312 1396 361 1451 A
383 1396 577 1467 quibus
604 1409 701 1450 nos
728 1409 828 1464 spe
851 1392 1166 1448 cohortatur
1197 1392 1488 1463 Apostolus
1524 1392 1738 1449 dicens:
1776 1392 1913 1460 Quia

311 1506 416 1544 non
437 1500 555 1544 sunt
583 1488 850 1561 condigna
875 1488 1137 1559 prtesentis
1163 1488 1403 1557 temporis
1424 1487 1691 1555 passiones
1720 1487 1788 1539 ad
1817 1486 1909 1541 illa

309 1592 520 1637 uentura
556 1582 688 1638 bona
713 1623 729 1649 ,
758 1596 872 1648 qua:
898 1580 1264 1651 adaperientur
1299 1581 1353 1637 in
1397 1578 1543 1633 nobis
1577 1578 1759 1651 (Rom.
1791 1593 1903 1645 vtu,

314 1675 427 1748 18).
482 1676 712 1745 Propter
740 1672 884 1745 quod
909 1683 963 1727 et
991 1687 1090 1727 nos
1116 1672 1368 1728 libentius
1414 1673 1468 1727 in
1505 1670 1909 1727 inﬁrmitatibus

2017 488 2114 528 sua
2144 483 2466 531 statuentes.
2494 476 2682 533 Omnis
2708 487 2889 535 autem
2920 478 3198 550 hypocrita
3227 481 3509 538 simulator
3530 490 3616 539 est

2016 573 2070 619 et
2099 565 2319 621 dolosas
2360 577 2463 622 est.
2516 568 2583 621 Et
2632 567 2876 639 profecto
2924 568 3242 627 manifestus
3285 571 3441 629 dolus
3490 582 3610 641 est,
3664 572 3670 581 ’

2017 655 2179 713 ﬁdem
2208 658 2319 713 Deo
2348 659 2664 730 promittere
2689 701 2704 727 ,
2732 671 2786 717 et
2813 661 3064 719 humanis
3089 663 3329 720 consiliis
3358 664 3608 722 credere.

2015 746 2339 818 IIujusmodi
2366 758 2549 807 autem
2580 751 2680 806 viri
2704 767 2806 808 nec
2834 755 3115 811 remittere
3144 755 3479 827 iniquitates,
3514 772 3616 815 nec

2015 840 2229 911 operire
2253 850 2472 911 peccata
2514 855 2777 913 possunt;
2822 846 2947 916 quia
2981 846 3210 902 salutem
3242 862 3392 903 suam
3437 849 3609 919 magis

2016 939 2227 1001 ponunt
2255 934 2307 987 in
2335 934 2574 991 consiliis
2601 935 2879 992 hominum
2905 977 2920 1003 ,
2973 953 3131 1008 quam
3178 941 3231 994 in
3259 940 3461 996 auxilio
3493 941 3611 999 Dei.

2016 1023 2258 1095 Denique
2278 1026 2429 1097 quasi
2444 1042 2594 1083 suam
2616 1032 2797 1086 statim
2823 1034 3172 1087 tentationem
3197 1033 3247 1087 in
3272 1034 3611 1092 vacillatione

2012 1117 2139 1174 ﬁdei
2164 1129 2313 1176 notat
2343 1121 2635 1192 propheta;
2677 1131 2731 1179 et
2758 1126 2911 1195 quasi
2942 1125 3292 1195 semetipsum
3315 1128 3607 1197 castigans,

2011 1208 2138 1280 quid
2165 1210 2255 1265 alii
2286 1210 2453 1268 vitare
2473 1213 2723 1282 debeant,
2757 1227 3070 1272 commonet
3097 1215 3314 1272 dicens:
3340 1232 3463 1273 cum
3483 1233 3610 1289 gra-

2011 1300 2095 1354 vis
2122 1315 2285 1371 super
2317 1316 2377 1358 se
2416 1318 2604 1359 manus
2638 1305 2734 1360 Dei
2771 1304 2982 1374 fuisset,
3013 1308 3115 1363 hoc
3138 1316 3224 1364 est
3252 1324 3607 1379 perseverans

2010 1389 2064 1446 in
2094 1394 2479 1451 tentationibus
2508 1396 2690 1451 multis
2715 1437 2731 1464 ,
2770 1397 3035 1455 clamasse
3060 1399 3277 1469 quidem
3305 1402 3371 1457 ad
3402 1402 3566 1469 Deum
3592 1444 3609 1470 ,

2009 1480 2106 1537 sed
2144 1483 2196 1538 in
2228 1484 2465 1542 clamore
2492 1501 2598 1542 non
2630 1504 3046 1558 perseverasse:
3094 1506 3279 1547 verum
3331 1502 3609 1558 postremo

2012 1574 2263 1643 tacuisse,
2283 1586 2337 1632 et
2366 1594 2432 1633 ex
2457 1579 2819 1642 taciturnitate
2840 1582 3094 1639 continuo
3121 1582 3456 1642 inveterasse
3483 1600 3608 1643 ossa

2008 1680 2100 1721 sua
2111 1708 2124 1721 .

310 1767 512 1824 nostris
553 1768 885 1839 gloriemur,
934 1775 994 1819 ut
1035 1774 1279 1835 protegat
1310 1778 1409 1819 nos
1449 1764 1622 1818 virtus
1646 1763 1779 1823 ,Dei.
1838 1763 1907 1818 Et
1934 1766 1983 1827 Β
2082 1757 2136 1812 5.
2188 1757 2320 1814 Ossa
2363 1769 2545 1817 autem
2592 1764 2908 1833 spiritaliter
2934 1766 3062 1837 quid
3094 1769 3424 1826 aestimemus
3449 1810 3465 1836 ,
3499 1769 3601 1827 ire.

310 1875 454 1916 nunc
478 1858 696 1930 quidem
723 1859 789 1912 sit
818 1856 973 1912 nobis
1009 1857 1141 1927 ipsis
1170 1856 1331 1911 Pater
1361 1856 1413 1910 in
1458 1853 1666 1910 dextris
1709 1863 1767 1910 ut
1798 1868 1907 1909 non

309 1963 624 2008 moveamur
648 1990 664 2016 ,
718 1947 1074 2004 translaturus
1098 1962 1197 2001 nos
1224 1944 1563 2016 postmodum
1593 1945 1646 1999 in
1691 1943 1907 2000 dextris

308 2044 422 2100 suis
446 2054 489 2110 ,‘
512 2042 567 2097 in
598 2041 813 2097 divitias
845 2039 1056 2095 Domini
1081 2039 1249 2095 nostri
1273 2037 1402 2095 Jesu
1427 2036 1660 2094 Christi:
1709 2037 1795 2092 cui
1825 2044 1908 2093 est

308 2138 502 2210 gloria.
542 2135 736 2193 Amen.

562 2266 977 2324 TBACTATUS
1018 2264 1108 2321 DE
1149 2263 1422 2322 PSALMO
1456 2262 1650 2319 XXXI.

392 2408 445 2463 1.
477 2406 721 2463 Psalmus
749 2403 915 2459 David
954 2403 1241 2457 intellectus
1270 2409 1421 2456 notat
1463 2414 1622 2471 quam
1663 2399 1907 2454 continet

306 2497 671 2571 prophetiam.
689 2495 980 2567 Apostolus
1001 2494 1203 2560 docuit,
1228 2493 1351 2563 quia
1370 2491 1576 2547 Novum
1599 2491 1906 2546 Testamen-

304 2603 420 2648 tum
444 2591 787 2647 annuntiarct
816 2605 912 2660 per
934 2588 1267 2643 vocationem
1296 2586 1558 2657 gentium.
1586 2585 1645 2640 In
1664 2599 1771 2655 quo
1790 2585 1906 2655 jus-

306 2682 559 2739 tiﬁcauda
599 2690 718 2737 erat
760 2680 894 2735 ﬁdes
920 2680 1039 2734 sine
1066 2677 1354 2748 operibus,
1401 2684 1456 2732 et
1502 2676 1553 2730 in
1584 2690 1690 2746 quo
1727 2674 1904 2731 futura

306 2775 726 2847 promittebatur
747 2772 998 2830 remissio
1025 2771 1366 2842 iniquitatum
1401 2779 1455 2825 et
1487 2769 1689 2824 oblivio
1712 2783 1923 2840 pecca-'

309 2876 485 2923 torum
527 2882 622 2937 per
649 2866 935 2937 gratuitam
967 2865 1194 2934 gratiam
1230 2863 1359 2918 Dei:
1408 2870 1464 2918 et
1490 2861 1556 2917 ad
1583 2862 1688 2917 hoc
1729 2863 1905 2917 mani-

307 2960 447 3018 festa
474 2969 555 3018 est
580 2961 738 3017 ratio.
779 2960 887 3017 Sed
918 2974 1099 3030 opera:
1128 2960 1359 3029 pretium
1390 2969 1473 3014 est
1504 2958 1756 3029 persequi
1785 2973 1900 3013 om-

306 3070 436 3111 nem
461 3054 653 3125 psalmi
685 3062 909 3120 textum,
944 3052 998 3108 in
1022 3068 1128 3122 quo
1158 3052 1380 3107 aﬁ‘ectus
1405 3051 1684 3123 psallentis
1710 3050 1902 3122 depre-

306 3146 636 3203 hendantur.
670 3145 800 3213 Quis
828 3144 1025 3200 viderit
1053 3143 1348 3199 secundum
1369 3157 1612 3211 carnem,
1644 3143 1897 3198 tentatio-
1927 3144 2128 3216 Qquia
2158 3147 2212 3198 in
2241 3161 2380 3201 novo
2407 3146 2626 3204 homine
2650 3148 2887 3205 Charitas
2915 3150 3008 3205 Dei
3035 3150 3227 3206 dill'usa
3249 3160 3334 3207 est
3358 3152 3409 3207 in
3438 3151 3604 3209 corde
3684 3190 3689 3193 -

306 3254 406 3295 nes
433 3239 770 3294 introeuntes
802 3237 867 3292 ad
896 3235 1099 3292 ﬁdem?
1125 3236 1274 3291 Vidit
1295 3236 1438 3291 enim
1467 3236 1655 3291 beatos
1681 3234 1897 3306 quidem

305 3346 453 3398 esse,
479 3346 706 3401 quorum
726 3330 933 3401 justitia
960 3345 1025 3385 ex
1053 3328 1306 3398 operibus
1308 3344 1439 3408 ‘non
1465 3335 1897 3398 computaretur.

304 3424 420 3481 Lex
441 3425 586 3480 enim
611 3424 834 3479 intravit
865 3435 916 3476 ut
950 3422 1406 3492 ampliﬁcarentur
1446 3432 1699 3492 peccata:
1728 3432 1781 3478 et
1812 3421 1899 3477 lex

303 3517 442 3573 iram
469 3516 724 3571 fabricat:
768 3525 823 3571 et
862 3514 952 3569 ubi
982 3514 1066 3569 lex
1096 3528 1205 3568 non
1232 3505 1354 3580 est,
1384 3528 1487 3569 nec
1518 3514 1897 3585 transgressio.

304 3609 671 3679 Quamobrem
702 3622 808 3663 non
831 3605 1102 3661 immerito
1133 3605 1321 3661 beatus
1351 3605 1649 3672 vocabitur,
1678 3605 1769 3676 qui
1792 3620 1897 3661 non

303 3702 472 3759 fuerit
500 3702 600 3758 sub
630 3702 768 3772 lege,
797 3700 892 3757 sed
921 3697 1081 3755 fuerit
1102 3700 1280 3769 potius
1305 3699 1408 3755 sub
1435 3699 1626 3769 gratia.

377 3795 437 3849 2.
471 3794 666 3850 Verum
700 3792 834 3848 ﬁdes
854 3793 969 3847 lucc
990 3791 1163 3860 qualis
1186 3790 1511 3861 requiratur,
1533 3790 1740 3845 notavit
1761 3789 1901 3860 psal-

304 3886 467 3944 mista
512 3884 779 3951 dicendo,
833 3884 999 3939 Vens.
1039 3881 1107 3936 2:
1164 3880 1344 3953 Neque
1396 3882 1629 3936 inuentus
1657 3882 1813 3952 fuerit
1844 3881 1901 3935 in

306 4001 398 4041 ore
436 3987 549 4057 ejus
574 3982 745 4037 dolus.
791 3980 967 4036 Credo
1014 3981 1200 4048 utique
1245 3978 1407 4032 talem
1445 3975 1617 4030 virum
1649 3982 1855 4044 quaerat
1878 4013 1895 4041 ,

306 4075 521 4148 qualem
552 4075 855 4130 venientem
884 4071 951 4128 ad
978 4086 1039 4128 se
1064 4068 1452 4126 Natbanaelem
1492 4067 1752 4122 Dominus
1783 4065 1899 4120 lau-

305 4170 483 4237 davit;
512 4170 711 4241 quales,
731 4185 838 4224 non
869 4176 1024 4224 erant
1054 4167 1105 4221 in
1137 4164 1302 4220 Israel
1328 4206 1343 4230 ,
1376 4178 1511 4233 quos
1542 4163 1613 4216 ita
1643 4162 1786 4217 Deus
1812 4159 1900 4215 in-

305 4268 623 4332 crepaverat
644 4275 741 4331 per
766 4257 1091 4330 prophetas:
1143 4254 1379 4325 Populus
1413 4252 1496 4307 hic
1526 4252 1674 4306 labiis
1703 4267 1782 4304 me
1807 4251 1897 4304 Ito-

305 4358 481 4419 nbrat,
514 4369 603 4408 cor
629 4361 797 4407 autem
818 4367 990 4406 eorum
1016 4350 1164 4421 longe
1191 4355 1265 4402 est
1295 4363 1326 4399 a
1351 4361 1431 4399 me
1457 4343 1757 4417 (Isa.xx1x,
1784 4341 1894 4416 15).

303 4444 422 4502 Nec
447 4445 668 4500 dubium
695 4452 778 4499 est
819 4442 947 4514 quin
979 4440 1080 4496 hoc
1112 4441 1180 4496 sit
1207 4438 1363 4495 dolus
1389 4479 1404 4504 ,
1445 4436 1589 4492 aliud
1619 4438 1673 4491 in
1702 4434 1858 4491 labiis
1879 4478 1894 4503 ,

2012 1857 2242 1919 quenter
2266 1853 2603 1908 notavimus:
2648 1856 2771 1925 quia
2818 1855 2959 1912 sicut
3001 1860 3245 1928 corporis
3285 1862 3366 1915 sui
3396 1861 3607 1917 stabili-

2012 1949 2252 1994 mentum
2275 1950 2330 1996 et
2354 1940 2616 2000 fortitudo
2644 1957 2769 2002 sunt
2797 1962 2919 2005 ossa
2947 1991 2961 2016 ,
2994 1950 3071 2004 ita
3097 1958 3152 2006 ct
3184 1954 3382 2007 mentis
3409 1961 3611 2010 nostra:

2008 2031 2432 2090 stabilimentum
2462 2046 2517 2091 et
2543 2037 2800 2094 fortitudo
2829 2041 3090 2110 patientia
3120 2051 3237 2109 cst;
3288 2042 3360 2099 ita
3392 2044 3481 2101 hic
3514 2046 3609 2117 qui

2008 2136 2229 2194 gravata
2271 2140 2436 2198 super
2462 2143 2521 2185 se
2552 2144 2713 2185 manu
2746 2131 2841 2188 Dei
2887 2148 3238 2203 perseverare
3281 2151 3390 2191 non
3437 2137 3613 2207 potuit

2008 2215 2077 2272 ad
2103 2217 2270 2274 Deum
2293 2261 2309 2287 ,
2359 2220 2455 2276 sed
2485 2222 2682 2279 defecit
2705 2233 2760 2279 et
2790 2227 2986 2293 tacuit;
3038 2227 3370 2286 inveterasse
3414 2232 3609 2287 merito

2009 2308 2140 2365 dicit
2163 2325 2287 2367 ossa
2314 2326 2443 2368 sua:
2477 2312 2531 2370 id
2571 2325 2656 2371 est
2684 2319 3037 2374 consenuisse
3074 2321 3388 2390 patientiam
3429 2338 3601 2379 suam.

2007 2402 2179 2460 Omne
2213 2417 2393 2462 autem
2436 2410 2646 2465 senium
2690 2410 2849 2467 aﬁ‘ert
2876 2412 3262 2470 inﬁrmitatem.
3316 2413 3499 2487 Itaque
3545 2425 3603 2473 et

2008 2496 2350 2554 mauilestum
2371 2510 2454 2556 est
2484 2501 2810 2558 inﬁrmatam
2842 2518 2965 2561 esse
3005 2506 3316 2575 patientiam
3349 2507 3487 2579 ejus.
3538 2508 3609 2564 Et

2008 2594 2228 2663 proin-ie
2256 2594 2434 2664 posuit
2456 2595 2785 2655 inveterasse
2809 2640 2824 2665 ,
2872 2598 2924 2655 id
2966 2599 3139 2655 estad
3167 2608 3404 2657 veterem
3437 2605 3609 2672 impa-

2007 2684 2253 2739 tientiam
2279 2685 2515 2743 redisse:
2551 2702 2723 2744 novus
2748 2689 2891 2745 enim
2920 2690 3082 2745 homo
3101 2700 3156 2746 et
3184 2693 3443 2749 nativitas
3464 2707 3602 2749 nova

2007 2773 2167 2830 habet
2191 2787 2628 2847 perseverantem
2657 2779 3002 2848 patientiam;
3036 2779 3161 2837 inde
3180 2782 3475 2853 Apostolus
3494 2782 3602 2840 ait;

2018 2865 2227 2921 Venatio
2248 2870 2546 2939 patientiam
2576 2872 2772 2941 pariet,
2802 2873 3045 2944 patientia
3073 2873 3445 2944 probationem,
3476 2891 3604 2943 pro-

2006 2959 2141 3015 batio
2167 2977 2348 3033 spem;
2387 2979 2501 3035 spes
2540 2971 2708 3018 autem
2731 2980 2833 3019 non
2868 2964 3176 3030 conturbat,
3209 2967 3334 3036 quia
3375 2966 3603 3023 charitas

2002 3051 2104 3107 Dei
2130 3053 2323 3121 diﬁusa
2356 3067 2427 3109 est
2456 3056 2511 3110 in
2536 3057 2695 3111 corda
2734 3068 2911 3113 nostra
2938 3062 2957 3132 (
2985 3060 3138 3115 Rom.
3178 3075 3213 3115 v
3237 3101 3254 3129 ,
3283 3060 3319 3116 5
3344 3059 3386 3133 ).
3437 3060 3605 3132 Igitur

2005 3251 2101 3307 per
2119 3236 2375 3320 Spiritum
2393 3249 2637 3296 sanctum
2667 3242 2756 3312 qui
2783 3242 3009 3297 clamat:
3038 3242 3192 3298 Abba
3218 3243 3407 3311 Pater;
3438 3245 3604 3300 meri-

2002 3338 2060 3386 to
2087 3346 2439 3402 perseverans
2465 3340 2552 3389 est
2581 3333 2838 3405 patientia
2870 3336 2990 3405 ejus
3009 3376 3025 3402 ,
3077 3344 3135 3390 ut
3174 3337 3345 3408 possit
3380 3337 3603 3395 dicere:

2006 3424 2133 3491 Quis
2162 3442 2241 3480 me
2282 3426 2471 3482 diuidet
2502 3444 2536 3481 a
2575 3426 2824 3484 charitate
2849 3427 2991 3483 Dei?
3042 3429 3288 3498 Venatio,
3328 3433 3599 3503 angustia,

2001 3533 2070 3571 an
2096 3518 2322 3586 nuditas,
2349 3536 2415 3573 an
2445 3522 2626 3590 fames,
2666 3536 2733 3573 an
2756 3519 2963 3591 gladius
2988 3519 3163 3591 (Rom.
3200 3536 3313 3589 vut,
3352 3521 3486 3593 55)?
3529 3523 3602 3579 At

2001 3608 2092 3677 qui
2119 3607 2317 3663 defecit
2342 3608 2625 3664 clamando
2650 3619 2704 3664 et
2734 3609 3001 3678 sperando
3025 3611 3077 3665 in
3102 3611 3292 3679 Deum,
3327 3612 3602 3670 benedicit

2004 3697 2127 3766 quia
2159 3696 2601 3753 inveteraverunt
2627 3713 2752 3754 ossa
2778 3713 2905 3766 sua;
2935 3700 3077 3771 quod
3113 3709 3198 3757 est
3222 3743 3237 3767 ,
3262 3702 3328 3758 ad
3358 3713 3598 3761 veterem

2002 3788 2392 3858 impatientiam
2416 3804 2638 3847 reversa
2659 3801 2805 3860 sunt,
2828 3792 3121 3850 deﬁciente
3152 3811 3307 3853 nova:
3344 3798 3600 3855 nativita-

2002 3879 2070 3934 tis
2098 3879 2383 3949 charitate,
2413 3897 2534 3953 quae
2563 3898 2853 3956 numquam
2883 3884 2950 3939 de
2974 3885 3132 3942 Patre
3162 3888 3439 3960 desperat.

2073 3974 2126 4028 4.
2157 3973 2292 4042 Quid
2319 3990 2451 4046 ergo
2468 3976 2664 4033 docet?
2686 3977 2949 4045 Quoniam
2974 3979 3092 4036 haec
3112 3981 3266 4037 nobis
3287 3982 3390 4039 ﬁda
3412 4001 3604 4056 repro-

2002 4065 2188 4122 missio
2215 4076 2327 4123 cst:
2358 4069 2609 4139 quoniam
2632 4070 2677 4124 si
2710 4070 2963 4142 iniquitas
2984 4080 3079 4127 aut
3098 4076 3342 4144 operatio
3366 4081 3597 4148 peccati,

2001 4161 2216 4218 etiamsi
2240 4161 2420 4231 gravis
2443 4161 2578 4218 iacta
2615 4162 2778 4219 fuerit
2806 4180 2997 4222 manus
3026 4166 3235 4223 Domini
3273 4184 3436 4243 super
3464 4188 3563 4229 nos
3584 4214 3599 4241 ,

2001 4260 2058 4307 et
2084 4252 2392 4309 oneraverit
2417 4267 2514 4308 nos
2545 4255 2929 4312 tentationibus
2950 4257 3132 4314 multis
3155 4300 3171 4327 ,
3219 4275 3326 4316 non
3354 4263 3601 4323 deﬁcere

2002 4343 2163 4400 debet
2189 4345 2396 4401 clamor
2422 4356 2606 4403 noster
2633 4347 2700 4403 ad
2741 4348 2930 4407 Deum.
2987 4352 3125 4419 Quid
3151 4354 3194 4409 si
3228 4357 3599 4414 tacuerimus?

2001 4437 2156 4506 Quod
2178 4448 2518 4511 revertamur
2541 4441 2608 4497 ad
2639 4453 2851 4501 veteres
2877 4446 3266 4518 cogitationes,
3299 4452 3597 4508 remedium

306 4534 453 4591 aliud
503 4537 557 4591 in
601 4533 765 4590 corde
812 4532 1035 4588 habere.
1082 4531 1268 4601 Itaque
1312 4530 1451 4585 bene
1480 4528 1646 4584 David
1692 4527 1746 4582 in
1792 4526 1899 4582 alio
1925 4534 2056 4598 Din
2087 4534 2286 4590 nostris
2305 4535 2546 4592 consiliis
2573 4538 2909 4608 requirentes
2936 4581 2951 4607 ,
2989 4540 3308 4599 adhibentes
3342 4559 3504 4601 curas
3542 4554 3599 4602 et

304 4630 547 4701 psalmo:
597 4627 838 4695 Credidi,
890 4625 1099 4696 inquit,
1141 4633 1349 4695 propter
1386 4622 1523 4693 quod
1561 4622 1759 4676 locutus
1788 4635 1900 4674 sum

304 4722 327 4795 (
347 4722 496 4778 Psal.
539 4737 668 4788 cxv,
705 4720 834 4791 I0).
880 4720 949 4775 Et
985 4718 1274 4789 Apostolus
1307 4727 1550 4773 enarrat:
1602 4715 1725 4786 quia
1747 4712 1901 4768 corde

305 4816 532 4870 creditur
548 4814 617 4868 ad
624 4815 904 4885 justitiam,
933 4829 1022 4867 ore
1047 4820 1215 4866 autem
1237 4811 1492 4880 confessio
1517 4808 1574 4879 ﬁt
1595 4808 1663 4861 ad
1680 4806 1898 4861 salutem

307 4907 487 4980 (Rom.
516 4922 573 4973 x,
603 4907 717 4978 10).
758 4906 834 4962 Ita
860 4907 905 4961 si
930 4904 984 4960 in
1013 4904 1180 4960 corde
1212 4902 1399 4959 credat
1420 4901 1563 4971 quod
1593 4900 1728 4956 labia
1766 4914 1896 4954 con-

305 4998 550 5065 ﬁtentur,
581 5014 687 5054 non
715 4998 1017 5054 invenietur
1040 4997 1093 5051 in
1112 5010 1208 5051 ore
1230 4994 1348 5064 ejus
1371 4992 1545 5049 dolus.
1580 4996 1650 5048 At
1674 4992 1722 5048 si
1746 4992 1899 5048 labiis

302 5092 426 5163 quis
451 5092 685 5146 honoret
710 5082 899 5155 Deum,
932 5104 1028 5144 cor
1055 5097 1234 5143 autem
1264 5085 1380 5155 ejus
1410 5085 1567 5154 longe
1595 5085 1898 5140 inveniatur

302 5186 372 5241 ab
396 5200 499 5251 eo;
526 5184 684 5240 dolus
706 5184 760 5239 iu
789 5198 886 5240 ore
911 5182 1030 5252 ejus
1069 5189 1172 5249 est,
1197 5195 1304 5248 quo
1330 5178 1546 5249 proprie
1585 5178 1636 5232 in
1665 5193 1730 5235 eo
1764 5187 1898 5233 tem-

301 5293 437 5350 pore
466 5284 741 5343 notantur,
772 5276 824 5330 in
852 5289 958 5346 quo
980 5273 1255 5328 doctrinas
1287 5269 1560 5325 hominum
1593 5278 1647 5326 et
1674 5269 1897 5324 consilia

302 5377 495 5425 nostra
521 5367 817 5437 sequimur,
849 5364 1098 5420 mandata
1123 5363 1213 5418 Dei
1245 5360 1610 5432 repudiantes.
1640 5359 1732 5417 Sic
1749 5358 1892 5415 enim

302 5460 564 5531 scriptum
594 5467 706 5514 est:
741 5456 974 5526 Populus
1001 5456 1082 5510 hic
1107 5455 1255 5509 labiis
1280 5470 1360 5509 me
1382 5454 1634 5520 honorat,
1676 5469 1765 5509 cor
1802 5470 1897 5508 au-

302 5563 404 5608 tem
425 5567 600 5607 eorum
621 5551 770 5624 longe
794 5556 866 5604 est
892 5546 1025 5620 (Isa.
1053 5563 1197 5614 xxix,
1234 5546 1347 5620 15).
1380 5544 1566 5601 Colunt
1593 5562 1701 5608 me.
1744 5562 1894 5602 man-

303 5645 428 5700 data
455 5654 507 5700 et
538 5644 796 5699 doctrinas
819 5641 1083 5695 hominum
1121 5648 1382 5709 sequentes
1411 5637 1432 5707 (
1456 5635 1643 5693 Matth.
1676 5653 1767 5705 xv,
1799 5636 1891 5709 7).

304 5737 401 5796 Sic
430 5747 488 5796 et
515 5739 772 5798 Dominus
799 5736 850 5792 in
884 5733 1178 5806 Evangelio
1208 5731 1340 5804 legis
1368 5731 1618 5790 doctores
1645 5731 1898 5803 hypocri-

1998 4625 2411 4695 sollicitudines,
2430 4637 2486 4684 et
2506 4643 2603 4698 per
2626 4629 2943 4700 sapientiam
2968 4640 3207 4688 nostram
3234 4633 3599 4707 relinquentes

2000 4733 2149 4789 spem
2172 4733 2294 4789 quae
2321 4724 2406 4775 est
2424 4734 2491 4775 ex
2522 4720 2654 4789 Deo,
2684 4737 2804 4791 quae
2828 4730 2913 4778 est
2938 4722 3147 4781 ﬁrmior
3169 4727 3419 4782 omnibus
3445 4727 3597 4801 cogi-

1999 4811 2292 4868 tationibus
2322 4812 2542 4869 nostris.
2594 4812 2664 4868 Et
2699 4813 2839 4870 hanc
2883 4815 3038 4886 quasi
3077 4815 3133 4872 in
3166 4818 3467 4876 tentatione
3497 4836 3599 4878 no-

2000 4911 2120 4959 tans
2142 4902 2403 4973 propheta
2429 4945 2445 4969 ,
2489 4904 2671 4974 psallit
2695 4947 2710 4971 ,
2766 4904 2932 4962 Vsus.
2959 4907 2996 4962 5
3020 4917 3077 4964 et
3100 4907 3169 4963 4:
3224 4909 3477 4978 Quoniam
3522 4923 3602 4970 ta-

1998 4999 2080 5052 cui
2101 5040 2116 5065 ,
2157 4998 2558 5054 inveteraverunt
2595 5000 2770 5055 omnia
2806 5016 2925 5057 ossa
2963 5018 3115 5070 mea;
3156 5021 3271 5058 cum
3300 5007 3603 5064 clamassem

2000 5097 2105 5143 tota
2133 5089 2218 5143 die
2235 5106 2295 5144 ac
2318 5100 2505 5155 nocte;
2532 5102 2745 5165 gravata
2773 5092 2916 5146 estin
2942 5108 3022 5147 me
3040 5109 3225 5149 manus
3251 5105 3359 5150 tua.
3384 5096 3452 5152 Et
3470 5098 3601 5169 quid

1997 5182 2293 5238 novissime
2319 5182 2433 5237 ait?
2460 5181 2742 5241 Conversus
2770 5200 2881 5239 sum
2904 5185 2961 5239 in
2986 5184 3268 5254 miseriam,
3293 5189 3417 5243 dum
3438 5191 3601 5261 inﬁxa

1999 5281 2074 5327 est
2119 5271 2248 5326 mihi
2291 5273 2461 5342 spina.
2511 5273 2639 5329 Ideo
2676 5282 2862 5345 aperte
2889 5275 3196 5349 signiﬁcat,
3229 5295 3295 5337 ex
3323 5280 3425 5337 hoc
3468 5284 3599 5338 vitio

2000 5365 2143 5436 quod
2173 5366 2225 5420 in
2267 5366 2654 5422 tentationibus
2690 5370 3201 5438 supervenientibus
3243 5374 3482 5430 clamare
3530 5374 3598 5431 ad

2002 5456 2172 5512 Deum
2197 5465 2251 5512 et
2279 5472 2500 5527 sperare
2521 5458 2773 5515 desiisset
2797 5501 2811 5527 ,
2844 5463 3166 5520 succedente
3190 5465 3407 5521 silentio
3435 5473 3490 5521 et
3518 5473 3598 5522 ta-

2001 5547 2313 5604 citurnitate
2338 5589 2353 5615 ,
2400 5549 2703 5619 suscepisse
2726 5566 2787 5607 se
2813 5552 2868 5608 in
2898 5555 3324 5624 cogitationibus
3358 5572 3515 5612 curas
3539 5567 3598 5615 et

2001 5640 2395 5699 sollicitudines
2415 5643 2537 5699 vita:
2561 5658 2697 5713 sute,
2715 5660 2780 5702 ac
2806 5661 2903 5717 per
2926 5647 3028 5704 hoc
3046 5663 3369 5705 conversum
3392 5664 3452 5706 se
3475 5666 3600 5710 esse

2001 5732 2059 5793 in
2087 5734 2381 5804 miseriam,
2409 5735 2600 5794 relicta
2624 5736 2832 5796 scilicet
2854 5752 2953 5813 spe
2978 5739 3231 5813 adjutorii
3265 5741 3399 5820 (Dei:
3439 5752 3603 5818 atque
