4172 6188
529 222 638 304 899

1738 234 1986 298 ssnon
2015 235 2272 300 BILARII
2312 221 2616 303 suscepi

3716 243 3830 304 900

524 358 892 430 signiﬁcanter
921 360 1033 423 ait,
1065 355 1282 412 inﬁxam
1328 355 1432 413 sibi
1479 369 1600 412 esse
1643 356 1873 426 spinam.
1926 359 2119 426 Spinas
2149 362 2193 420 Α
2223 375 2345 416 men
2391 361 2751 430 deprecatur,
2799 355 3055 417 humilem
3099 364 3288 428 vocat;
3327 357 3468 432 quod
3508 368 3592 418 est
3636 362 3828 434 utique

534 453 678 508 cnim
710 455 762 507 in
784 453 1072 522 Evangelio
1094 451 1348 504 Dominus
1375 452 1528 506 docet
1557 466 1716 505 curas
1743 451 2126 508 ctsoliicitudi—

531 559 629 598 nes
656 547 826 597 victus
852 557 994 607 esse,
1021 541 1214 611 quibus
1248 542 1537 597 suﬁ‘ocatur
1564 544 1781 597 verbum
1805 559 1817 592 :
1850 553 1935 597 aut
1964 558 2123 613 quam

530 635 616 689 hic
642 635 904 704 propheta
935 637 1168 704 spinam,
1202 635 1252 689 id
1299 645 1380 690 est
1414 649 1597 690 curam
1629 644 1684 690 et
1707 634 2122 690 sollicitudinem

530 729 678 790 vitae,
711 726 930 780 inﬁxam
953 742 1074 783 esse
1096 728 1196 781 sibi
1219 728 1369 794 dicit,
1403 743 1466 781 ex
1491 743 1557 781 eo
1586 741 1653 780 ex
1683 742 1791 796 quo
1819 726 2044 781 tacuerit
2071 735 2127 782 et

530 821 753 876 desierit
781 821 1020 876 clamare
1046 820 1111 874 ad
1157 821 1323 876 Deum
1349 861 1364 887 ,
1411 835 1505 890 per
1533 820 1676 889 quod
1708 833 2026 874 conversum
2065 833 2127 875 se

529 927 649 968 esse
676 914 727 966 in
779 913 1050 967 miseriam
1078 915 1386 968 conﬁtetur.
1436 914 1504 967 Et
1547 913 1800 982 quoniam
1842 911 1925 966 hae
1983 923 2126 966 curae

532 1011 588 1059 et
617 1002 1006 1057 sollicitudines
1029 1005 1322 1058 saeculares
1350 1003 1660 1072 frequenter
1703 1004 1754 1056 in
1796 1005 2004 1058 animos
2034 1017 2130 1056 no-

533 1107 696 1162 stros,
729 1098 890 1151 etiam
921 1110 1041 1151 cum
1073 1112 1176 1151 non
1203 1097 1585 1162 attenduntur,
1617 1098 1891 1166 irrepunt;
1935 1094 2130 1150 Pecca-

532 1199 661 1254 tum,
696 1190 887 1259 inquit,
923 1206 1086 1244 meum
1115 1179 1371 1261 cognitum
1398 1189 1524 1243 mihi
1549 1190 1653 1259 fac.

605 1283 659 1336 5.
695 1282 761 1336 Et
784 1285 1075 1351 separavit,
1105 1283 1440 1352 distinguens
1463 1283 1796 1352 iniquitatem
1824 1293 1854 1336 a
1878 1289 2127 1353 peccato;

535 1379 657 1445 quia
689 1374 944 1445 iniquitas
973 1377 1148 1447 ignota
1178 1391 1297 1430 esse
1315 1377 1536 1431 minime
1564 1383 1761 1446 potest.
1787 1375 1953 1444 Cujus
1980 1375 2129 1430 Verbi

537 1472 709 1539 magis
746 1472 921 1540 aptior
965 1479 1047 1524 est
1094 1471 1449 1542 signiﬁcantia
1496 1472 1546 1524 in
1597 1483 1794 1540 graeco.
1845 1468 2128 1540 Ansdayan

536 1562 681 1618 enim
714 1572 905 1618 vocant
934 1606 946 1628 ,
977 1573 1074 1633 per
1107 1564 1248 1632 quod
1275 1563 1604 1633 signiﬁcatur
1634 1572 1844 1631 tempus
1884 1571 1989 1631 quo
2016 1562 2134 1616 sine

538 1656 657 1726 lege
688 1657 882 1711 vixerit
912 1658 1164 1721 mttndus,
1189 1673 1309 1711 ctun
1333 1657 1506 1711 adhuc
1538 1657 1588 1710 in
1616 1656 1802 1726 gentili
1830 1655 1936 1709 vita
1965 1655 2132 1709 Deum

2229 455 2462 524 superbo
2499 454 2852 507 contrarium.

2298 544 2352 600 6.
2387 544 2489 599 Pro
2522 544 2624 599 hoc
2654 544 2830 609 enim,
2869 544 3068 614 inquit,
3098 543 3472 616 deprecabitur
3511 542 3731 598 humilis
3772 551 3832 600 et

2223 633 2399 704 justus
2423 637 2487 692 ad
2516 645 2567 692 te
2594 638 2648 691 in
2679 647 2919 706 tempore
2946 648 3112 692 recte.
3148 635 3240 691 Est
3271 651 3398 706 ergo
3427 643 3636 704 tempus
3661 651 3834 706 quan-

2228 726 2298 780 do
2327 742 2432 781 non
2472 739 2552 782 est
2584 737 2730 783 recte
2756 727 2930 797 justus
2961 741 2988 782 a
3022 728 3267 783 Domino.
3313 727 3430 796 ipse
3469 728 3729 796 propheta
3776 731 3832 782 in

2230 818 2581 884 subsequenti
2619 820 2776 874 docet
2813 819 3031 883 dicens,
3067 820 3232 875 Vens.
3264 820 3332 875 ϐε
3375 817 3562 872 Verum
3600 819 3654 871 in
3693 821 3836 874 dilu-

2229 911 2367 962 vium
2405 912 2684 965 multarum
2727 923 2976 981 nituerunt
3015 913 3082 965 ad
3121 912 3266 966 illum
3305 929 3408 967 non
3440 915 3834 983 appropinqua-

2230 1000 2369 1056 bnnt.
2403 1003 2543 1073 Ergo
2570 1003 2622 1056 in
2653 1003 2859 1058 diluvio
2887 1003 3174 1057 multarum
3203 1015 3458 1072 aquarum
3489 1021 3595 1058 non
3625 1011 3836 1059 rectum

2231 1105 2313 1150 est
2354 1104 2601 1164 tempus,
2648 1105 2704 1150 ut
2739 1096 2915 1166 justus
2956 1097 3355 1166 appropinquet
3394 1096 3459 1150 ad
3506 1096 3833 1160 Dominum;

2227 1187 2358 1257 justi
2401 1185 2546 1244 enim
2588 1186 2687 1242 vici
2729 1203 2834 1242 non
2876 1198 2958 1243 est
2987 1188 3116 1242 “dare
3147 1189 3340 1242 animae
3368 1203 3481 1242 suae
3511 1189 3785 1242 audaciam
3814 1229 3831 1254 ,

2233 1281 2372 1336 sicut
2409 1289 2464 1335 et
2503 1280 2588 1336 lex
2631 1281 2796 1335 dicit:
2842 1279 2964 1336 Non
3004 1281 3147 1335 dabis
3185 1283 3371 1336 anima:
3411 1292 3514 1335 tum
3541 1282 3834 1334 audaciam.

2234 1373 2386 1441 Quod
2408 1375 2450 1429 si
2477 1375 2598 1443 quis
2618 1374 2916 1444 profundus
2945 1385 2996 1429 et
3023 1375 3316 1428 altissimus
3347 1375 3617 1445 mysteriis
3651 1374 3837 1426 Domi-

2237 1479 2363 1520 num
2410 1475 2648 1535 quzerat,
2698 1475 2968 1521 scrutetur
3012 1467 3187 1520 omnia
3230 1465 3432 1535 judicia
3483 1466 3636 1534 ejus:
3686 1474 3740 1520 et
3793 1467 3838 1520 si

2235 1559 2376 1614 forte
2404 1559 2468 1613 ad
2498 1560 2839 1615 sustinendos
2871 1574 3059 1614 omnes
3102 1558 3307 1613 fructus
3341 1560 3418 1629 (f.
3448 1557 3679 1628 ﬂuctus)
3715 1558 3840 1627 ejus

2237 1654 2508 1708 existimet
2542 1669 2600 1710 se
2627 1668 2785 1724 posse
2816 1653 3087 1718 sufﬁcere,
3122 1669 3227 1708 non
3258 1654 3362 1708 erit
3391 1653 3492 1708 iste
3522 1654 3606 1706 vir
3631 1653 3838 1722 justus,

539 1751 796 1804 nesciret.
824 1751 1023 1804 Omnes
1063 1759 1240 1804 autem
1272 1749 1518 1803 conversi
1549 1748 1613 1801 ad
1657 1749 1937 1800 Dominum
1970 1746 2136 1800 conﬁ—
2165 1745 2212 1807 Β
2241 1761 2414 1816 neque
2453 1747 2655 1801 utiliter
2695 1746 2748 1800 in
2790 1746 2991 1801 diluvio
3029 1761 3286 1815 aquarum
3321 1747 3612 1800 multarum
3644 1759 3846 1814 appro-

537 1849 752 1897 teautur
785 1860 1004 1899 necesse
1035 1852 1136 1908 est,
1177 1843 1538 1897 damnabilem
1568 1841 1733 1896 fuisse
1763 1841 1955 1910 prioris
1997 1850 2135 1894 tem-

541 1935 686 2002 peris
707 1935 892 1988 vitam.
941 1935 1010 1988 At
1031 1949 1159 1988 vero
1187 1935 1308 2004 quia
1335 1934 1539 2004 peccati
1568 1947 1763 1988 nomen
1790 1933 1840 1986 in
1867 1933 1967 1987 hoc
2007 1930 2140 1985 deﬁ-

550 2027 750 2090 nimus,
783 2027 834 2079 in
858 2041 962 2094 quo
991 2027 1112 2094 quis
1140 2027 1299 2078 intrat
1324 2025 1376 2078 in
1405 2038 1561 2078 curas
1585 2034 1640 2078 et
1667 2020 2058 2078 sollicitudines
2087 2031 2141 2076 et

538 2119 892 2188 cogitationes
917 2119 1088 2173 victus
1115 2159 1127 2182 ,
1175 2131 1294 2187 qua:
1325 2117 1671 2186 qttammttlttc
1703 2123 1756 2169 et
1781 2115 1944 2168 variae
1974 2122 2098 2167 sunt
2123 2153 2138 2180 ,

539 2225 876 2281 quarumque
925 2210 1186 2279 imagines
1233 2209 1413 2262 invitis
1450 2209 1613 2263 etiam
1660 2206 1814 2260 bonis
1842 2215 2001 2274 quam
2030 2203 2137 2258 l‘rc-

540 2313 772 2376 quenter
796 2311 1122 2368 occurrunt;
1151 2304 1270 2372 quis
1293 2303 1461 2371 possit
1489 2303 1541 2355 in
1564 2313 1658 2355 sua
1687 2298 2024 2360 observantia
2048 2297 2137 2352 dc-

548 2397 926 2466 prehendere?
956 2397 1138 2465 ltaque
1162 2411 1324 2463 super
1345 2393 1446 2449 hoc
1470 2395 1606 2448 bene
1634 2392 1889 2446 auxilium
1930 2392 1997 2445 de
2031 2391 2140 2445 Deo

551 2489 780 2556 requirit
848 2486 1108 2556 propheta
1175 2487 1441 2552 dicendo,
1516 2487 1680 2542 Vens.
1730 2486 1796 2540 5:
1866 2485 2140 2539 Peccatum

549 2593 730 2639 meum,
751 2581 1006 2651 cognitum
1036 2577 1162 2632 mihi
1208 2581 1310 2648 fac,
1356 2578 1596 2634 Domine.
1632 2578 1696 2632 Et
1723 2579 1773 2632 in
1804 2577 1904 2633 hoc
1933 2577 2139 2648 peccati

547 2689 744 2729 nomen
774 2690 802 2728 a
830 2675 1097 2744 principio
1126 2674 1308 2728 mundi
1363 2682 1415 2728 et
1442 2671 1614 2727 teneri
1641 2714 1655 2738 ,
1685 2673 1729 2726 si
1757 2673 1924 2742 ipsam
1954 2679 2140 2741 proto-

542 2766 701 2836 piasti
731 2765 1215 2836 transgressionem
1241 2765 1713 2830 discriminemus,
1747 2765 2033 2818 manifesto
2062 2764 2142 2817 in-

543 2858 809 2912 venimus.
862 2858 965 2913 Sed
1013 2859 1081 2912 de
1121 2858 1222 2912 hoc
1263 2857 1478 2926 longum
1519 2859 1622 2911 erit
1652 2856 1938 2925 persequi;
1989 2867 2141 2924 teque

545 2959 725 3005 tamen
771 2965 962 3006 sensus
991 2951 1430 3006 discriminantes
1463 2951 1602 3004 inter
1634 2959 1910 3018 peccatum
1953 2955 2008 3003 et
2035 2947 2142 3001 itii-

542 3046 800 3113 quitatem
833 3045 1280 3116 persequentibus
1317 3059 1527 3114 quoque
1581 3042 2009 3097 maniiestantur.
2067 3041 2142 3098 De

2245 1841 2507 1910 pinquare
2536 1837 2818 1894 conabitur
2842 1854 2904 1894 ac
2937 1840 3219 1894 Dominum
3261 1853 3540 1908 quaerere;
3585 1838 3842 1908 quoniam

2242 1932 2294 1986 in
2321 1931 2649 1986 exultatione
2674 1931 2950 2001 sapientiae
2979 1946 3088 1986 sum.
3111 1973 3127 1999 ,
3157 1931 3408 2001 proiundi
3435 1931 3550 2000 ejus
3573 1931 3843 1985 absconsa

2241 2024 2456 2094 pulsare
2485 2007 2891 2094 pertentavcrit.
2923 2025 3010 2079 Sic
3041 2034 3092 2078 et
3120 2025 3395 2093 apostolus
3425 2023 3649 2078 Paulus:
3683 2022 3752 2076 Et
3782 2038 3849 2077 ne

2241 2118 2296 2171 in
2327 2117 2684 2185 multitudine,
2728 2118 2838 2181 ait,
2882 2118 3275 2187 adapertionum
3313 2117 3528 2183 exaltcr,
3570 2115 3723 2170 datus
3771 2125 3849 2169 est

2243 2212 2384 2264 carni
2405 2227 2529 2265 mea?
2548 2211 2811 2274 stimulus,
2843 2211 3053 2280 angelus
3082 2219 3277 2264 satana:
3305 2211 3395 2277 qui
3421 2225 3501 2262 me
3528 2209 3845 2274 colapltizet:

2243 2313 2450 2373 propter
2475 2304 2612 2372 quod
2638 2314 2714 2357 ter
2745 2302 3022 2356 Dominum
3049 2303 3223 2372 ragavi
3239 2318 3256 2355 :
3288 2312 3333 2355 et
3363 2302 3553 2355 dictant
3579 2311 3652 2354 est
3679 2303 3808 2354 mihi
3828 2317 3847 2354 :

2245 2393 2446 2463 Sufﬁcit
2477 2395 2566 2447 tibi
2592 2397 2756 2465 gratia
2784 2409 2932 2448 mea:
2958 2409 3076 2446 nam
3103 2394 3259 2448 virtus
3286 2395 3338 2446 in
3367 2393 3664 2460 inﬁrmitate
3689 2395 3847 2461 per/i—

2243 2487 2379 2540 citur
2421 2485 2501 2557 (Il
2531 2486 2652 2542 Cor.
2705 2503 2814 2553 xit,
2859 2485 2892 2540 7
2920 2518 2945 2528 -
2971 2485 3065 2555 9).
3107 2484 3290 2556 Itaque
3331 2495 3382 2542 et
3419 2485 3507 2539 hic
3547 2485 3842 2555 prepheta,

2243 2595 2366 2636 cum
2396 2577 2656 2635 dixisset:
2699 2582 2820 2649 quia
2857 2580 2986 2649 justi
3027 2590 3082 2634 et
3109 2579 3339 2634 humiles
3369 2584 3422 2635 in
3449 2579 3655 2634 diluvio
3685 2596 3848 2649 aqua.

2245 2687 2364 2726 rum
2394 2673 2681 2726 multarum
2723 2687 2828 2725 non
2873 2671 3378 2741 appmpinquabunt
3416 2671 3480 2725 ad
3525 2672 3843 2737 Dominum,

2246 2763 2486 2817 ostendit
2519 2765 2632 2832 ipse
2659 2777 2765 2833 quo
2791 2763 2960 2833 magis
2986 2765 3086 2817 sibi
3119 2771 3360 2833 tempore
3383 2763 3645 2818 Dominus
3671 2764 3849 2831 requi-

2245 2862 2413 2916 ratur,
2446 2853 2608 2910 Vens.
2641 2851 2703 2908 7:
2731 2853 2813 2908 Tu
2843 2872 2895 2909 es
2918 2897 2932 2921 ,
2966 2856 3165 2925 inquit,
3201 2857 3455 2928 refugium
3485 2872 3653 2910 meum
3693 2873 3723 2908 a
3750 2856 3845 2908 tri-

2245 2946 2506 3000 bulatione
2533 2947 2878 3002 circumdante
2908 2964 3006 3000 me.
3041 2947 3105 3001 Et
3135 2946 3219 3001 hic
3249 2957 3378 3017 ergo
3409 2951 3577 3016 magis
3609 2947 3660 3000 in
3692 2945 3842 3000 inﬁr-

2247 3039 2524 3093 mitatibus
2549 3039 2829 3108 gloriatur,
2854 3045 2913 3092 ut
2938 3046 3184 3108 protegat
3209 3049 3330 3093 eum
3356 3039 3525 3092 virtus
3552 3038 3683 3104 Dei,
3712 3036 3848 3092 sicut

472 3155 487 3164 ο
542 3148 764 3205 peccato
794 3139 935 3192 enim
967 3139 1138 3205 petit,
1188 3149 1244 3190 ut
1274 3137 1546 3206 cognitum
1575 3135 1679 3191 sibi
1729 3135 1854 3202 ﬁat;
1907 3143 1965 3190 ut
2011 3150 2140 3190 vero
2168 3125 2214 3190 C
2245 3127 2443 3184 Paulus
2469 3131 2574 3182 ait:
2606 3128 2868 3184 Libentius
2894 3146 3012 3201 ergo
3051 3130 3106 3182 in
3147 3129 3528 3201 inﬁrmitatibus
3568 3130 3692 3182 meis
3731 3128 3843 3198 gla-

545 3227 887 3297 iniquitatem
937 3243 1043 3282 non
1071 3229 1330 3282 celaverit
1370 3229 1470 3281 sibi
1523 3229 1715 3297 inquit.
1767 3225 1902 3281 Illud
1953 3227 2138 3294 enim,

544 3321 669 3390 quia
699 3318 817 3373 sine
839 3319 1062 3375 scientia
1097 3320 1328 3372 hominis
1358 3333 1462 3372 non
1491 3331 1606 3372 erat
1630 3360 1645 3383 ,
1673 3327 1953 3387 supererat
1980 3319 2032 3373 in
2075 3333 2143 3374 eo

543 3411 809 3469 medicina
844 3413 1160 3468 humilitatis
1185 3419 1243 3466 ut
1270 3411 1612 3466 annitntiaret
1640 3410 1769 3466 illud
1796 3451 1810 3473 ,
1839 3421 1891 3466 et
1921 3411 2143 3466 conﬁte-

541 3515 692 3560 retur
713 3503 958 3560 Domino.
988 3506 1055 3559 At
1079 3520 1205 3559 vero
1223 3514 1524 3573 peccatum,
1551 3502 1703 3574 cujus
1722 3503 1956 3558 varietas
1978 3505 2139 3558 etiam

542 3596 812 3668 ignoranti
840 3608 1052 3668 poterat
1083 3598 1344 3666 obrepere
1371 3639 1384 3662 ,
1436 3596 1590 3666 cujus
1620 3594 1908 3650 multitudo
1953 3593 2142 3650 fallere

541 3701 753 3759 poterat
781 3700 835 3745 et
868 3690 1036 3743 latere
1062 3731 1075 3750 ,
1123 3697 1179 3742 ut
1202 3690 1473 3757 cognitum
1504 3688 1604 3743 sibi
1635 3687 1789 3742 ﬁeret
1819 3688 2142 3756 deprecatus

542 3789 645 3836 est.
702 3779 1078 3834 Perseveravit
1107 3778 1337 3847 denique
1368 3780 1419 3831 in
1461 3777 1817 3846 signiﬁcantia
1851 3778 2035 3845 verbi;
2088 3786 2143 3833 et

546 3873 670 3941 quia
704 3871 1040 3938 iniquitatem
1065 3885 1096 3923 a
1118 3878 1336 3938 peccato
1365 3869 1668 3937 separabat,
1701 3869 1868 3924 dixit:
1900 3870 2030 3941 Ego,
2060 3871 2142 3924 in-

549 3964 665 4032 quit
691 4003 706 4028 ,
731 3963 1031 4017 renuntiabo
1053 3962 1324 4016 adversum
1350 3977 1430 4015 me
1448 3961 1768 4031 iniquitatem
1793 3977 1955 4014 meam
1981 4003 1996 4022 .
2033 3962 2143 4015 Do-

548 4056 706 4110 mine.
757 4053 906 4109 Adeo
936 4065 989 4108 et
1029 4053 1115 4108 hic
1157 4067 1262 4107 non
1308 4060 1590 4123 peccatum
1630 4068 1807 4107 meum
1839 4053 2136 4120 nuntiabo,

545 4146 791 4211 Domine,
824 4145 917 4200 sed
949 4145 1302 4215 iniquitatem.
1337 4145 1621 4200 Peccatum
1649 4146 1792 4199 enim
1819 4143 2140 4198 aunuutiarc

541 4252 648 4293 non
684 4247 914 4308 poterat,
950 4237 1105 4306 cujus
1133 4237 1498 4308 cognitionem
1537 4236 1635 4290 sibi
1660 4235 1936 4306 quterebat
1972 4249 1999 4287 a
2033 4235 2143 4290 D0-

542 4334 710 4389 mino.
739 4337 806 4388 At
833 4347 963 4388 vero
983 4333 1318 4402 iniquitatem
1349 4345 1506 4402 quam
1537 4332 1588 4384 in
1617 4330 1943 4385 conscientia
1970 4330 2138 4384 liabe-

542 4427 654 4489 bat,
702 4426 862 4491 hanc,
889 4429 982 4492 ait,
1015 4423 1350 4478 annuntiabo
1377 4424 1661 4478 adversum
1713 4435 1799 4478 me
1827 4433 2006 4478 coram
2036 4423 2140 4476 Du-

2247 3219 2437 3288 riabor,
2465 3233 2522 3276 ut
2549 3231 2780 3294 protegat
2805 3239 2882 3278 me
2905 3224 3063 3278 virtus
3087 3222 3276 3277 Christi
3304 3222 3468 3294 (Ibid.
3495 3222 3572 3295 9).
3611 3224 3847 3294 Denique

2247 3323 2302 3370 et
2329 3315 2602 3385 subiunxit
2625 3333 2639 3369 :
2675 3316 2941 3370 Exultatio
2971 3331 3083 3368 mea
3104 3357 3118 3380 ,
3163 3317 3319 3370 libera
3348 3332 3430 3370 me
3457 3331 3490 3369 a
3518 3316 3845 3370 circumdari.

2247 3407 2380 3460 tibus
2409 3423 2506 3462 me.
2552 3409 2834 3463 Dominum
2873 3409 3263 3464 exultationem
3306 3423 3457 3464 suam
3500 3415 3693 3464 vocat:
3728 3411 3846 3477 quia

2246 3513 2352 3554 non
2384 3500 2647 3569 glorietur
2674 3502 2892 3570 sapiens
2921 3502 2972 3555 in
3007 3502 3265 3571 sapientia
3309 3516 3402 3556 sua
3425 3543 3439 3566 ,
3479 3515 3660 3572 neque
3697 3502 3848 3557 fortis

2247 3593 2300 3646 in
2333 3593 2645 3647 fortitudine
2673 3608 2802 3658 sua;
2837 3593 2931 3649 sed
2965 3594 3016 3648 in
3045 3594 3146 3648 hoc
3173 3595 3540 3664 unusquisque
3565 3595 3846 3664 glorietur,

2245 3684 2390 3753 quod
2421 3686 2673 3754 cognovit
2699 3694 2752 3740 et
2777 3685 2931 3738 timet
2961 3683 3270 3740 Dominum.
3300 3685 3564 3740 Exultatio
3590 3699 3710 3756 ergo
3738 3701 3850 3739 mea

2246 3775 2405 3830 libera
2434 3791 2514 3830 me
2542 3793 2573 3829 a
2597 3776 3030 3830 circumdantibus
3061 3793 3160 3830 me.

2317 3871 2370 3925 7.
2408 3870 2568 3926 Vens.
2603 3871 2657 3926 8.
2706 3867 3003 3941 lntelligam
3025 3881 3069 3925 et
3091 3872 3376 3943 conjungar
3417 3870 3508 3926 tibi
3548 3870 3599 3922 in
3638 3870 3723 3923 uia
3753 3869 3854 3923 hac

2243 3980 2344 4033 qua
2385 3963 2706 4017 ambulabis:
2753 3964 2966 4032 ﬁrmabo
3006 3964 3059 4016 in
3104 3972 3152 4017 te
3193 3963 3367 4016 oculos
3397 3977 3553 4016 meos.
3597 3962 3854 4032 Sequitur

2247 4066 2576 4128 praeceptum
2627 4056 2770 4127 quod
2819 4055 3138 4111 mandatur:
3190 4054 3315 4110 Post
3358 4053 3642 4109 Dominum
3685 4053 3852 4108 Deum

2247 4160 2388 4202 tuum
2416 4147 2719 4202 ambulabis.
2749 4149 2816 4202 Et
2838 4147 2941 4202 hoc
2971 4159 3050 4202 est
3082 4147 3255 4201 ﬁdelis
3283 4149 3384 4211 vir,
3409 4162 3514 4201 non
3545 4147 3651 4201 sibi
3677 4149 3848 4216 ipsum

2245 4243 2445 4312 eligere
2473 4243 2611 4296 viam
2640 4282 2652 4306 ,
2686 4241 2781 4296 sed
2812 4241 2986 4310 ipsum
3019 4240 3171 4310 sequi
3211 4241 3351 4294 viam
3391 4254 3548 4309 quam
3591 4241 3850 4294 Dominus

2243 4335 2515 4400 ostendit,
2560 4333 2690 4388 illud
2737 4341 2922 4403 putare
2965 4339 3168 4387 rectum
3225 4332 3366 4401 quod
3416 4330 3507 4386 ille
3553 4333 3848 4386 mandavit.

2249 4425 2490 4496 Denique.
2518 4427 2627 4481 ait:
2659 4423 2986 4496 Conﬁrmabo
3012 4427 3063 4479 in
3093 4437 3139 4479 te
3167 4426 3341 4480 oculos
3361 4439 3533 4497 meos;
3560 4433 3619 4478 ut
3645 4425 3850 4479 scilicet

547 4520 716 4574 mino.
769 4517 1040 4588 lniquitati
1081 4517 1227 4572 enim
1259 4517 1360 4570 alia
1393 4517 1536 4570 nulla
1569 4515 1829 4571 medicina
1869 4523 1995 4580 est,
2036 4515 2140 4568 nisi
2168 4508 2222 4569 D
2249 4518 2456 4573 nullum
2489 4517 2634 4572 aliud
2669 4519 2772 4573 iter
2798 4517 3051 4584 videant,
3087 4518 3187 4572 nisi
3231 4517 3373 4584 quod
3421 4515 3618 4586 dirigat
3665 4516 3845 4570 Domi-

539 4611 810 4666 confessio
843 4610 909 4663 ad
943 4611 1128 4664 Deum.
1186 4608 1439 4663 Facimus
1466 4609 1609 4661 enim
1654 4607 1964 4676 ignoranter
1991 4604 2135 4674 quod

540 4706 778 4776 agnitum
813 4703 940 4757 facit
971 4703 1231 4756 Dominus
1259 4741 1272 4768 ,
1326 4715 1447 4756 cum
1482 4700 1811 4771 agnitionem
1858 4699 1974 4768 ejus
2003 4712 2135 4768 con-

541 4799 718 4853 versio
738 4798 948 4862 fecerit,
971 4808 1028 4852 et
1055 4805 1276 4851 necesse
1299 4803 1382 4852 est
1406 4793 1718 4859 poenitentia
1749 4797 2132 4862 consequatur.

540 4890 616 4945 Ita
647 4901 766 4959 post
797 4891 1132 4962 iniquitatem
1165 4889 1304 4943 hanc
1329 4929 1344 4954 ,
1375 4889 1417 4942 si
1447 4885 1729 4941 coui‘cssus
1767 4886 1926 4940 fuerit
1951 4897 2137 4938 coram

549 4984 796 5048 Domino,
827 4993 882 5040 et
905 4984 1306 5039 annuntiaverit
1339 4983 1484 5036 illam
1507 4981 1790 5035 adversum
1821 4993 1902 5044 se,
1935 4979 2142 5034 scilicet

543 5085 825 5128 accusator
851 5075 932 5129 sui
959 5076 1148 5140 factus,
1191 5074 1420 5130 redimet
1453 5073 1783 5142 impietatem
1815 5071 1992 5127 cordis
2032 5071 2138 5126 sui.

543 5166 613 5222 Et
665 5166 752 5221 hic
794 5169 1043 5236 prudenti
1072 5170 1280 5224 ratione
1313 5169 1424 5223 ait:
1460 5165 1628 5221 Dixi:
1665 5165 2008 5233 pronuntiabo
2043 5165 2140 5219 ad—

540 5275 743 5313 versum
773 5273 852 5312 me
872 5259 1190 5327 iniquitatem
1226 5275 1410 5324 meam,
1439 5259 1690 5323 Domine;
1725 5267 1774 5313 et
1808 5265 1862 5312 tu
1895 5258 2138 5312 remisisti

540 5353 851 5422 impietatem
894 5351 1062 5406 cordis
1099 5354 1217 5406 mei.
1269 5353 1506 5423 Denique
1536 5352 1624 5421 qui
1656 5353 1989 5422 iniquitatem
2028 5363 2136 5407 non

544 5445 830 5500 conﬁtetur
857 5444 1088 5498 Domino
1113 5484 1127 5509 ,
1181 5445 1481 5512 superbiam
1527 5444 1810 5499 adversum
1851 5437 2135 5498 Dominum

553 5540 764 5608 recipit,
813 5553 876 5594 ac
906 5537 983 5593 sic
1028 5536 1353 5606 impietatem
1388 5536 1631 5604 acquirit.
1685 5536 1964 5591 Dominum
1994 5537 2137 5592 enim

545 5645 652 5685 non
682 5633 926 5702 agnoscit
964 5641 1168 5701 patttem
1213 5629 1377 5684 totius
1402 5637 1684 5684 creaturae.
1707 5687 1715 5689 Α.
1735 5629 1935 5685 Contra
1961 5672 1975 5695 ,
2015 5639 2140 5700 pros

549 5721 712 5791 pheta
734 5737 855 5778 eum
881 5722 973 5795 qui
993 5719 1361 5790 conﬁtebittIr,
1389 5729 1452 5775 ac
1475 5729 1570 5789 per
1591 5721 1693 5776 hoc
1717 5720 2009 5791 impietatis
2035 5722 2142 5778 cri-

2247 4621 2382 4664 uus:
2417 4611 2558 4680 quod
2587 4609 2661 4663 ait
2689 4610 2740 4662 in
2769 4608 2876 4662 alio
2906 4609 3116 4678 psalmo
3137 4607 3507 4663 manifestius:
3539 4608 3694 4662 Sicut
3719 4609 3848 4661 ouili

2245 4702 2449 4756 ancillte
2468 4703 2520 4755 in
2547 4701 2787 4755 manibus
2813 4701 3035 4755 domina:
3059 4715 3180 4763 aute,
3207 4703 3281 4755 sic
3306 4702 3438 4754 oculi
3463 4702 3627 4754 nostri
3649 4701 3722 4753 ad
3745 4699 3847 4752 Da-

2245 4800 2443 4853 minum
2471 4807 2696 4852 nostrum
2724 4795 2898 4868 (Psal.
2941 4811 3115 4859 cxxn,
3141 4795 3244 4867 2);
3274 4796 3480 4851 scilicet
3500 4837 3514 4860 ,
3558 4811 3668 4849 non
3707 4794 3844 4865 quod

2249 4892 2348 4962 ipsi
2379 4905 2561 4944 verum
2593 4891 2872 4945 intendere
2902 4889 3230 4959 dirigantur;
3276 4889 3369 4944 sed
3409 4888 3555 4958 quod
3589 4889 3847 4941 Dominus

2246 4981 2515 5037 convertit
2541 4981 2728 5036 oculos
2759 4989 2974 5036 nostros
2995 5023 3009 5047 ,
3055 4981 3108 5034 in
3150 4980 3302 5048 cujus
3329 4980 3578 5034 manibus
3606 4991 3730 5034 ease
3758 4980 3847 5034 des

2247 5073 2483 5138 iicbunt;
2517 5083 2569 5127 et
2600 5074 2723 5143 quia
2755 5074 2820 5128 in’
2839 5072 2956 5142 ejus
2986 5082 3247 5142 potestate
3275 5075 3379 5138 sit,
3409 5071 3498 5126 ubi
3530 5073 3740 5142 aperiat
3773 5071 3845 5125 vi.

2245 5181 2363 5220 sum
2394 5175 2639 5220 nostrum
2663 5207 2678 5233 ,
2707 5167 2794 5220 tibi
2823 5167 3056 5221 claudat.

2317 5258 2371 5314 8.
2415 5257 2569 5326 Quod
2609 5259 2654 5313 si
2681 5259 2799 5329 quis
2843 5259 2907 5313 ad
2951 5258 3052 5313 hoc
3081 5257 3346 5329 refugium
3377 5255 3472 5312 Dei
3504 5269 3611 5312 non
3657 5264 3844 5326 sponte

2244 5350 2464 5405 aCCedat
2484 5391 2498 5415 ,
2531 5351 2803 5405 discamus
2824 5351 3094 5421 quomodo
3116 5352 3274 5406 talem
3298 5351 3520 5419 castigat
3544 5349 3804 5419 prepheta
3825 5389 3839 5411 ,

2246 5443 2328 5497 cui
2360 5453 2666 5512 comparet,
2705 5441 2829 5511 quid
2865 5442 3161 5512 prohibeat.
3197 5439 3399 5507 Nolite,
3437 5444 3644 5512 inquit,
3675 5441 3839 5496 Vsus.

2247 5537 2302 5598 9,
2333 5535 2446 5604 ﬁeri
2473 5537 2602 5590 sicut
2625 5553 2782 5606 equus
2809 5545 2857 5590 et
2878 5537 3071 5599 multis,
3102 5537 3284 5607 quibus
3308 5553 3408 5592 non
3432 5545 3507 5592 est
3534 5535 3838 5591 intellectus.

2249 5628 2422 5684 llomo
2460 5630 2603 5684 enim
2645 5627 2810 5684 verbo
2839 5629 3175 5700 obsequitur,
3206 5639 3260 5685 et
3287 5631 3352 5686 ad
3385 5644 3569 5685 vocem
3601 5627 3836 5684 obaudit.

2248 5721 2319 5776 At
2349 5735 2477 5779 vero
2501 5719 2695 5794 quibus
2721 5721 2822 5778 dici
2855 5732 3063 5793 potest:
3091 5723 3312 5791 Quwsivi
3339 5736 3385 5780 et
3413 5737 3514 5781 non
3543 5723 3647 5794 fuit
3673 5724 3836 5788 hanc,
