4172 6188
356 235 461 312 an

353 369 530 422 vocavi
555 375 603 422 et
631 385 734 426 non
761 374 860 443 fuit
889 377 980 446 qui
1003 381 1266 437 mudiret
1292 383 1443 457 (Ita.
1470 397 1630 455 unt,
1658 394 1692 448 ὅ

351 639 482 696 dura
514 646 697 700 cervix
727 655 781 701 et
807 649 953 705 dura)
981 656 1424 717 maxillai'eorum
1456 673 1726 724 tormento
1751 682 1805 726 et
1829 673 1945 726 vin-

350 731 514 787 lentia
548 737 880 795 molliantur.
909 744 973 798 Et
996 745 1223 818 benigne
1255 753 1514 822 prapitcta
1547 773 1652 812 non
1687 762 1798 816 vult
1827 763 1947 819 illos

350 823 563 879 duritiae
590 844 700 882 sua:
730 831 991 903 relinqui,
1025 840 1347 912 quicumque
1377 855 1568 916 sponte
1609 865 1713 905 non
1753 869 1946 923 appro»

351 915 609 986 piuquanl
633 920 701 975 ad
728 923 1046 984 Dominum:
1075 933 1166 986 sed
1196 937 1371 1003 potius
1391 915 1697 1008 expostulat
1721 915 1942 1014 quibus-

351 1023 580 1079 cumque
601 1016 876 1082 suppliciis
897 1022 1293 1092 pertrahuntur,
1317 1028 1608 1086 dummodo
1631 1035 1764 1089 salvi
1791 1039 1939 1094 (iant.

349 1097 532 1172 Itaque
553 1106 624 1158 ait
646 1121 658 1158 :
684 1104 752 1160 In
775 1108 920 1177 freno
943 1121 991 1166 et
1017 1131 1162 1170 camo
1187 1120 1426 1177 maxillas
1451 1140 1628 1180 eorum
1650 1128 1836 1198 deduc,
1856 1132 1944 1200 qui

349 1207 449 1245 mm
479 1197 891 1268 appropinquant
919 1204 988 1256 ad
1012 1214 1080 1260 te.

349 1470 493 1526 enim
519 1474 699 1545 plagas
720 1487 775 1532 et
797 1479 1202 1552 tribulationes,
1234 1494 1538 1561 superbiam
1570 1510 1935 1572 peccatorum,

345 1572 404 1616 ut
458 1568 645 1622 timere
683 1585 1040 1641 consueSCat,
1079 1581 1278 1635 erudit.
1330 1585 1635 1654 Spei-antem
1674 1605 1845 1648 autem
1883 1597 1938 1651 in

343 1653 624 1711 Dominum
653 1662 1003 1720 misericordia
1037 1670 1390 1729 circumdabit.
1435 1677 1623 1750 Neque
1661 1684 1803 1738 enim
1845 1699 1935 1743 aut

341 1745 496 1804 freno
523 1763 613 1806 aut
639 1768 793 1810 canto
819 1757 1099 1816 docendus
1124 1776 1237 1830 est,
1267 1779 1358 1822 aut
1383 1768 1602 1840 ﬂagello
1626 1779 1932 1845 arguendos
1961 1777 2008 1845 Β

342 1935 457 1990 Dei.
481 1937 664 2009 itaque
689 1941 808 1996 huic
826 1945 1068 2013 proxima
1088 1961 1170 2004 est
1195 1954 1567 2012 misericordia
1588 1961 1940 2027 ejus.Quam—

338 2027 524 2082 obrem
557 2035 690 2086 sicut
722 2034 984 2104 propheta
1011 2039 1120 2104 ait,
1154 2041 1320 2100 Vens.
1356 2046 1416 2101 ii
1441 2062 1456 2102 :
1484 2046 1857 2108 Jucundamini
1883 2057 1938 2109 in

335 2116 586 2186 Domino,
609 2133 654 2175 et
677 2125 901 2180 exultate
919 2130 1081 2196 justi,
1115 2143 1160 2185 et
1184 2136 1400 2212 gaudete
1419 2153 1590 2194 omnes
1613 2145 1734 2198 recti
1759 2146 1934 2202 corde.

337 2208 443 2264 Per
469 2211 651 2268 Jesum
682 2215 954 2274 Christum
990 2222 1275 2281 Dominqu
1307 2209 1572 2302 nostrum,
1593 2235 1679 2291 cui
1710 2247 1793 2292 est
1821 2240 1938 2310 glo-

335 2305 419 2359 ria
445 2307 496 2362 in
525 2313 724 2366 saecula
754 2316 1099 2374 saeculorum.
1127 2325 1320 2378 Amen.

621 2443 1035 2509 TRACTATUS
1077 2455 1161 2511 DE
1202 2451 1474 2517 PSALMO
1514 2455 1649 2522 XLI.

410 2582 462 2635 1.
507 2583 854 2655 Disciplinam
894 2595 1184 2650 enarrandi
1223 2601 1549 2666 generaliter
1587 2604 1639 2658 in
1684 2608 1933 2664 omnibus

335 2676 558 2744 psalmis
589 2681 905 2735 servandam
935 2694 1083 2754 puto,
1117 2698 1174 2742 ut
1204 2691 1354 2758 prius
1386 2693 1566 2749 titulus
1599 2696 1928 2767 inspiciatur,

331 2776 387 2821 et
439 2768 505 2822 ad
550 2771 720 2838 ipsum
766 2777 943 2830 omnis
987 2780 1226 2846 psalmus
1273 2795 1505 2852 aptetur,
1557 2789 1740 2860 Neque
1785 2796 1928 2848 enim

330 2859 526 2930 aliquis
553 2872 660 2916 tam
692 2867 888 2921 stultus
918 2879 1020 2932 est,
1046 2873 1132 2941 qui
1161 2888 1282 2929 cum
1306 2892 1364 2932 se
1392 2879 1461 2934 de
1479 2859 1932 2952 cmiropromise-

330 2955 404 3008 rit
423 2971 541 3011 esse
562 2958 854 3027 dicturum,
875 2962 1145 3019 describat
1164 2983 1422 3036 quercum
1443 2989 1455 3025 :
1481 2975 1676 3029 nedum
1699 2978 1929 3046 Spiritus

329 3045 425 3100 Dei
451 3063 609 3117 quem
637 3050 869 3105 locutum
896 3055 1164 3110 credimus
1193 3071 1288 3127 per
1316 3062 1630 3130 prophetam
1653 3109 1667 3133 ,
1701 3067 1844 3123 aliud
1875 3071 1926 3125 in

329 3139 484 3194 titulo
511 3151 806 3212 notaverit,
832 3147 974 3201 aliud
999 3149 1050 3203 in
1080 3152 1270 3218 psalmi
1295 3155 1504 3210 cantico
1527 3157 1758 3227 dixerit,
1787 3165 1926 3219 sicut
1953 3161 1998 3232 C

324 3232 379 3286 in
425 3237 675 3302 praiseuti
708 3253 768 3291 ea
804 3239 985 3308 utique
1015 3245 1253 3297 cantavit
1281 3245 1446 3301 David
1478 3265 1596 3318 qua:
1633 3253 1924 3310 intellectus

325 3338 449 3378 esse
474 3325 737 3381 debeteut
759 3330 885 3396 ﬁliis
910 3327 1039 3385 Core
1066 3333 1256 3398 (Nam.
1284 3353 1371 3390 xu
1389 3379 1404 3401 ,
1431 3339 1518 3410 8):
1559 3344 1635 3396 sic
1665 3347 1807 3400 enim
1839 3359 1923 3403 est

325 3417 672 3482 praetitulatio
701 3420 911 3484 psalmi.
941 3422 1190 3494 Legimus
1216 3439 1396 3484 autem
1425 3446 1752 3506 synagogam
1779 3438 1922 3497 Core

323 3508 378 3562 in
410 3517 652 3578 tempore
672 3511 842 3582 Moysi
865 3513 1123 3570 adversus
1145 3519 1536 3578 ordinationem
1567 3526 1655 3580 Dei
1683 3544 1923 3587 murmu-

322 3614 508 3664 rasse,
559 3611 618 3655 ut
660 3619 925 3659 summam
974 3607 1384 3668 ministrationis
1426 3618 1714 3674 sacerdotii
1757 3638 1918 3692 quam

323 3691 508 3748 Aaron
532 3704 586 3748 et
613 3695 704 3750 lilii
729 3697 845 3767 ejus
864 3702 1159 3757 secundum
1188 3705 1519 3763 voluntatem
1550 3711 1638 3765 Dei
1665 3691 1924 3784 suscepe—

322 3793 466 3850 raut,
498 3803 753 3857 usurpare
780 3790 879 3845 sibi
907 3803 960 3847 et
986 3810 1175 3863 rapere
1203 3797 1519 3856 niterentur.
1546 3803 1701 3870 Quod
1731 3807 1919 3862 vitium

323 3879 634 3948 cupiditatis
679 3885 972 3951 Apostolus
1017 3897 1167 3943 notat
1204 3901 1258 3945 et
1297 3905 1481 3949 monet
1523 3897 1920 3965 quodammodo

321 3987 592 4042 arguens:
623 3974 706 4028 Ita
736 3977 849 4031 dico
878 3979 1016 4033 vobis
1044 3997 1134 4051 per
1161 3985 1378 4054 gratiam
1407 4003 1521 4055 qui:
1546 3993 1670 4043 data
1697 4002 1768 4045 est
1794 3995 1920 4048 mihi

319 4064 375 4117 in
405 4066 640 4119 omnibus
670 4068 837 4135 vobis,
866 4087 928 4124 ne
954 4088 1111 4143 supra
1138 4076 1346 4130 modum
1376 4080 1588 4147 sapiatis
1607 4123 1622 4146 ,
1653 4099 1804 4152 quam
1831 4103 1918 4139 sa-

320 4175 445 4228 pere
467 4174 554 4213 vos
579 4171 775 4229 oportet
802 4163 980 4235 (Rom.
1014 4182 1086 4221 xu
1103 4203 1118 4232 ,
1147 4168 1236 4238 5);
1261 4170 1354 4224 sed
1381 4171 1435 4225 in
1459 4187 1525 4228 eo
1556 4177 1727 4243 sapiat
1753 4193 1918 4234 unus-

320 4253 551 4323 quisque
572 4265 810 4310 vestrum
837 4260 1136 4314 secundum
1160 4265 1300 4332 quod
1323 4271 1380 4318 et
1399 4265 1656 4322 Dominus
1677 4271 1918 4340 impertio

318 4347 394 4400 vit
424 4360 732 4401 mensuram
757 4347 914 4403 ﬁdei:
961 4350 1107 4406 Sicut
1130 4355 1267 4408 enim
1292 4356 1347 4409 in
1376 4373 1476 4411 uno
1503 4374 1715 4431 corpore
1753 4369 1917 4418 multa

318 4438 549 4490 membra
570 4439 829 4504 habemus,
852 4445 1026 4497 omnia
1045 4456 1210 4500 autem
1236 4449 1461 4504 membra
1482 4467 1582 4505 non
1609 4455 1812 4510 eosdem
1830 4474 1918 4511 ac-

316 4538 400 4584 tus
419 4531 638 4596 habent;
662 4533 734 4586 sic
760 4535 910 4588 multi
938 4552 1094 4591 unum
1118 4555 1303 4612 corpus
1321 4559 1498 4598 sumus
1522 4547 1574 4599 in
1591 4546 1812 4615 Christo,
1840 4551 1918 4604 al-

319 4628 396 4674 ter
421 4632 594 4676 autem
620 4624 829 4678 alterius
850 4628 1096 4695 membra,
1119 4630 1360 4687 habentes
1387 4636 1697 4691 charismata
1722 4640 1920 4698 diversa

320 4710 490 4781 (Ibid.
522 4714 703 4785 μθ).
738 4715 903 4787 Igitur
933 4719 1020 4774 alii
1063 4721 1220 4776 datur
1260 4727 1609 4797 ministratio,
1656 4733 1745 4787 alii
1787 4748 1915 4805 pro-

318 4805 534 4873 phetia,
563 4806 654 4859 alii
685 4808 881 4876 virtus,
911 4810 998 4864 alii
1026 4826 1205 4867 sermo
1233 4815 1516 4874 doctrinae.
1541 4821 1694 4890 Quod
1721 4827 1765 4879 si
1792 4828 1916 4897 quis

317 4911 482 4969 supra
528 4899 745 4955 modum
791 4917 984 4972 sapere
1027 4906 1214 4960 volens
1254 4910 1563 4978 egrediatur
1606 4931 1913 4975 mensuram

316 4991 625 5059 partitionis
655 4993 897 5059 Domini,
927 4995 1199 5052 invenitur
1226 5000 1278 5053 in
1306 5002 1726 5078 stultitia-Core,
1756 5026 1918 5067 voca-

316 5084 568 5154 biturque
597 5087 943 5155 spiritualiter
967 5089 1110 5144 ﬁlius
1127 5089 1300 5147 Core:
1328 5103 1385 5148 et
1408 5094 1492 5150 his
1515 5099 1708 5157 talibus
1733 5115 1919 5160 canta-

314 5175 464 5232 bitur
489 5179 804 5246 intellectus,
835 5181 1076 5251 psalmus
1103 5184 1203 5239 iste
1223 5201 1384 5256 quem
1411 5189 1588 5248 docet.

388 5269 446 5324 2.
483 5269 648 5324 Vens.
689 5271 746 5325 ‘2.
792 5271 937 5326 Sicut
975 5285 1154 5328 ceram
1194 5276 1444 5334 desiderat
1472 5283 1540 5336 ad
1567 5287 1731 5356 fontes
1760 5301 1920 5360 aquaa-

317 5375 470 5424 rum,
498 5360 572 5412 sic
595 5361 846 5414 desiderat
878 5363 1054 5417 animo
1091 5381 1205 5419 mea
1236 5368 1305 5420 ad
1346 5368 1511 5424 Deam
1537 5376 1722 5430 vivum.
1757 5380 1916 5436 Arbi-

317 5456 432 5504 tror
457 5452 600 5504 enim
644 5467 748 5506 non
791 5455 910 5508 sine
953 5468 1114 5510 causa
1158 5457 1332 5514 fontes
1374 5465 1574 5531 positos
1612 5483 1913 5542 aquarum,

319 5555 441 5596 cum
485 5545 786 5610 proximum
826 5543 1051 5610 luisset,
1095 5556 1154 5602 ut
1188 5548 1424 5621 diceret,
1465 5555 1604 5612 sicut
1641 5560 1916 5620 desiderat

321 5647 514 5688 cervus
539 5633 606 5688 ad
630 5649 833 5705 aquas;
855 5636 955 5691 sed
978 5638 1164 5694 aiatait
1185 5642 1255 5695 ad
1277 5643 1447 5712 [entes
1464 5664 1720 5720 aquarum
1743 5658 1917 5712 mi.

327 5737 478 5792 nare,
509 5725 562 5781 id
585 5735 670 5783 est
694 5727 957 5799 οιὶιὶκιη
984 5739 1042 5787 et
1065 5731 1391 5804 pri-cicius
1417 5733 1707 5815 meum;
1737 5749 1914 5807 sciens

1470 271 1882 340 TRACTATUS
1922 276 2008 340 DE
2047 279 2323 350 PSALMO
2362 289 2496 357 XLI.

3540 321 3646 385 902

1707 393 1759 465 );
1803 394 1945 465 eius-
1980 403 2034 464 Α
2059 403 2307 463 videlicet
2332 423 2428 479 per
2451 411 2763 486 sapientiam
2792 415 3087 491 spiritalem
3116 443 3234 498 quae
3259 433 3372 489 sola
3396 439 3540 494 novit
3565 458 3649 495 ra-

352 459 497 512 modi
530 472 652 515 sunt
681 480 849 533 equus
876 478 931 522 et
959 472 1164 527 titulus:
1201 476 1253 529 in
1286 475 1439 534 freno
1465 491 1520 535 et
1542 495 1696 540 canto
1724 489 1951 557 cogendi
2054 496 2202 554 dices

351 561 476 605 sunt
503 553 628 608 illuc
655 555 732 609 ire
758 573 867 628 quo
895 562 1103 618 nolunt.
1141 568 1216 622 Ex
1244 585 1349 639 quo
1381 575 1616 642 postulat
1641 577 1857 647 justus,
1891 591 1950 636 ut
2053 596 2163 643 tum
2191 607 2217 643 tl

2229 502 2510 572 arborum,
2540 518 2593 564 et
2620 523 2839 569 naturas
2867 515 3156 576 bestiarum
3175 565 3190 590 ,
3216 528 3378 582 etiam
3406 531 3507 586 hoc
3532 551 3651 589 mu—

2227 593 2386 648 uimal
2408 637 2422 662 ,
2451 615 2553 654 non
2586 599 2856 668 [traximus
2883 625 3119 682 quasque
3147 632 3341 686 aquas,
3373 623 3465 676 sed
3501 627 3646 695 ipsos

2048 693 2306 751 aquarum
2333 685 2510 747 fontes
2541 691 2884 770 désiderare,
2915 706 3196 763 mundiora
3229 717 3281 766 et
3323 717 3540 782 puriora
3572 720 3646 774 ri-

2016 822 2018 825 .
2049 779 2234 831 verum
2279 792 2533 852 appetere
2563 792 2840 861 priuCipia.
2874 797 2990 862 Quo
3031 789 3277 871 exemplo
3315 779 3648 870 commoneri

2047 869 2194 935 vult,
2239 881 2299 926 ut
2339 885 2392 930 et
2437 887 2534 933 nos
2571 881 2636 935 ad
2678 881 2852 953 ipsum
2897 890 3094 948 toutem
3126 869 3248 951 vitae
3289 906 3343 954 et
3371 906 3650 973 Sapientiae

2047 961 2355 1034 Dominum,
2383 971 2472 1041 qui
2497 983 2575 1028 est
2601 980 2839 1034 omnium
2869 987 3054 1054 caput,
3080 985 3472 1051 desideremus.
3502 997 3650 1057 Unus

2046 1061 2130 1109 est
2157 1058 2298 1112 enim
2329 1059 2430 1118 iste
2463 1064 2608 1135 tuus,
2643 1077 2708 1125 ex
2741 1081 2846 1142 quo
2874 1077 3059 1133 multa:
3089 1080 3446 1151 spiritualium
3481 1108 3649 1162 aqua-

2045 1155 2162 1199 rum
2189 1147 2483 1210 divisiones
2509 1155 2840 1233 efﬁciuntur,
2873 1180 2928 1222 ut
2956 1147 3294 1244 curationes,
3327 1185 3383 1234 ut
3415 1184 3646 1252 prophe-

2043 1237 2151 1304 tiae,
2176 1253 2236 1298 ut
2258 1255 2455 1314 genera
2483 1251 2807 1325 linguarum,
2837 1275 2894 1315 ut
2923 1267 3363 1341 ministrationes,
3391 1286 3446 1330 ut
3466 1294 3648 1336 sermo

2037 1519 2389 1576 certationem
2420 1535 2471 1580 et
2499 1525 2819 1603 discordias,
2852 1537 3020 1608 ipsius
3051 1536 3213 1600 lbutis
3245 1543 3509 1608 desideria
3543 1571 3640 1612 ne-

2037 1603 2319 1675 gligamus.
2366 1608 2692 1689 Negligimus
2738 1603 2885 1683 enim
2925 1646 3080 1700 eum,
3112 1639 3362 1706 quotiens
3392 1643 3640 1703 uolumus

2040 1711 2345 1757 mensuram
2375 1706 2659 1768 divisionis
2688 1715 2806 1787 ejus
2837 1723 2890 1775 et
2921 1723 3275 1785 ordinationis
3315 1729 3366 1788 in
3412 1745 3542 1805 pace
3587 1748 3642 1795 et

2037 1791 2297 1850 charitate
2335 1808 2574 1857 servare.
2602 1801 2676 1861 Ita
2711 1810 2763 1862 in
2807 1814 3217 1876 similitudinem
3249 1821 3475 1884 ﬁliorum
3504 1827 3641 1890 Core

2044 1881 2251 1952 ﬁgurati
2278 1891 2600 1963 quicumque
2629 1898 2678 1952 in
2707 1897 2807 1956 hac
2830 1907 3078 1976 superbia
3106 1913 3460 1987 invenientur,
3486 1938 3637 1978 eom-

2043 1974 2404 2036 tnonebuntur
2431 1985 2530 2040 hoc
2556 1990 2782 2057 psalmo,
2809 2005 2863 2050 ut
2891 1974 3193 2072 intelligant
3212 2009 3387 2077 potius
3406 1974 3470 2068 ad
3498 2015 3639 2085 quod

2038 2066 2318 2128 intendere
2360 2076 2591 2136 debeant
2633 2084 2960 2146 desiderium
2995 2066 3180 2164 suum,
3213 2066 3426 2161 dicente
3451 2066 3636 2176 justo:

2040 2158 2191 2216 Sicut
2217 2163 2472 2223 desiderat
2498 2183 2673 2229 cervus
2696 2180 2764 2231 ad
2790 2179 2956 2250 fontes
2981 2199 3263 2258 aquarum;
3288 2193 3360 2248 sic
3384 2158 3639 2256 deiiderat

2037 2253 2211 2307 anima
2234 2265 2350 2312 mea
2377 2261 2445 2315 ad
2479 2263 2640 2320 Deum
2671 2271 2856 2328 vivum.
3025 2253 3034 2257 ⁷
3689 2349 3694 2356 .

2109 2339 2397 2406 3.Vsns.3.
2436 2355 2652 2422 Quando
2677 2365 2869 2420 veniam
2893 2377 2938 2422 et
2961 2371 3146 2438 parebo
3167 2383 3281 2434 ante
3302 2369 3486 2450 faciem
3512 2375 3600 2440 Dei
3615 2377 3642 2440 1’

2037 2433 2214 2491 Facta:
2233 2451 2351 2494 sunt
2372 2445 2498 2500 mihi
2519 2447 2760 2522 Iacrymaz
2781 2469 2904 2512 mea:
2931 2433 3087 2530 panes
3109 2467 3190 2521 die
3218 2483 3279 2523 ac
3302 2433 3472 2541 .nocte,
3506 2473 3631 2532 dum

2037 2527 2226 2584 dicitur
2245 2534 2372 2589 mihi
2389 2537 2632 2611 quotidie,
2665 2545 2763 2602 Ubi
2784 2561 2860 2605 est
2880 2527 3021 2610 Deus
3044 2566 3157 2614 tuus
3171 2561 3197 2615 ἶ)
3216 2563 3318 2620 Sed
3341 2567 3409 2624 de
3429 2527 3531 2626 hoc
3553 2571 3634 2643 ip-

2037 2633 2120 2685 so,
2143 2625 2346 2685 quando
2368 2631 2565 2685 veniam
2584 2643 2632 2689 et
2649 2641 2855 2711 parebo,
2880 2649 3178 2708 ostenditur
3201 2653 3354 2712 nobis
3376 2625 3628 2728 qttouiain

2037 2725 2143 2767 non
2167 2715 2234 2769 de
2258 2722 2500 2784 proximo
2533 2726 2872 2798 impetrabile
2899 2746 3010 2803 est;
3044 2751 3098 2797 et
3126 2746 3224 2800 nisi
3251 2715 3447 2807 fuerint
3474 2756 3630 2812 nobis

2036 2807 2190 2874 panis
2209 2809 2459 2884 lacrymtn
2481 2825 2678 2877 nostra!
2700 2824 2787 2881 die
2808 2839 2870 2884 ac
2892 2841 3068 2901 noete,
3089 2849 3418 2912 ueq‘uaqdam
3445 2864 3633 2916 pervc-

2033 2901 2212 2957 niatur
2232 2901 2296 2959 ad
2321 2906 2509 2965 faciem
2535 2906 2766 2974 Domini.
2797 2919 2864 2977 Et
2884 2923 3044 2982 debet
3067 2901 3368 2991 intellectus
3393 2901 3620 2998 ﬁliorum

2034 2989 2170 3046 Core
2194 2995 2452 3054 doctrinae
2477 3003 2718 3062 ordinem
2745 3014 2926 3083 sequi,
2954 3023 3009 3073 ut
3032 3021 3166 3075 sciat
3193 3035 3287 3093 per
3312 2989 3506 3086 multas
3534 3033 3627 3089 tri-

2032 3081 2338 3146 bulatloncs
2358 3103 2412 3148 et
2434 3093 2750 3160 vexationes
2767 3081 3063 3179 etimperia
3077 3115 3498 3194 (ﬂimproperia)
3512 3141 3633 3196 per-

2031 3177 2219 3235 venire
2239 3195 2410 3254 uSqu'e
2432 3183 2497 3244 ad
2520 3190 2736 3249 domum
2764 3197 2884 3268 Dei,
2915 3215 2982 3257 ne
3005 3201 3271 3266 extaltetur
3293 3213 3344 3268 in
3377 3220 3630 3288 superbia

2029 3287 2147 3338 sua,
2173 3275 2354 3334 sciens
2378 3283 2518 3351 quod
2540 3287 2710 3345 virtus
2736 3289 2786 3345 iu
2812 3291 3211 3359 inﬁrmitatibus
3242 3301 3411 3378 magis
3441 3275 3634 3382 proba-

2030 3371 2136 3429 tur,
2162 3377 2296 3423 neve
2318 3372 2418 3426 sibi
2443 3378 2614 3445 rapiat
2635 3379 2970 3453 diguitalem,
2992 3393 3110 3458 quia
3129 3371 3422 3464 Apostolus
3441 3371 3535 3457 2m:
3558 3402 3628 3459 Id

2025 3455 2188 3525 sapite
2218 3460 2270 3513 in
2294 3465 2429 3518 vobis
2462 3457 2599 3536 quod
2624 3479 2670 3525 et
2695 3477 2747 3527 in
2773 3473 2973 3532 Christo
2996 3455 3118 3535 .iesu
3139 3500 3156 3538 :
3176 3488 3264 3552 qui
3284 3506 3399 3542 cum
3425 3504 3552 3546 esset
3577 3496 3630 3550 in

2024 3545 2192 3614 forma
2215 3545 2308 3604 Dei
2322 3595 2336 3620 ,
2367 3565 2466 3610 non
2488 3561 2725 3627 rapinam
2747 3567 3054 3624 existin‘tavit
3075 3589 3127 3627 se
3150 3591 3260 3630 esse
3283 3597 3456 3648 parem
3482 3583 3628 3653 Deo;

2027 3641 2117 3690 sed
2141 3638 2445 3701 humiliatus
2470 3657 2563 3716 est,
2582 3651 2798 3720 formant
2815 3661 2943 3713 servi
2971 3665 3246 3737 accipiens”,
3271 3675 3318 3724 et
3340 3673 3515 3729 habitu
3547 3678 3630 3732 in-

2024 3741 2202 3786 ventus
2225 3744 2278 3787 ut
2301 3735 2472 3794 homo.
2500 3733 2800 3802 Exinanivtt
2819 3764 2871 3806 se
2890 3765 3047 3826 usque
3070 3733 3137 3811 ad
3159 3774 3392 3833 mortem,
3417 3779 3631 3826 nior'tem

2023 3831 2195 3878 autem
2219 3830 2386 3884 crucis
2413 3827 2639 3906 (Philip.
2670 3851 2704 3892 tt
2723 3881 2737 3904 ,
2763 3839 2838 3896 5-
2858 3843 2936 3915 8);
2968 3847 3021 3902 in
3051 3859 3154 3920 qua
3185 3861 3305 3910 cum
3335 3827 3484 3915 esset
3513 3857 3630 3916 aln-

2026 3927 2124 3968 xns
2143 3957 2156 3979 ,
2184 3919 2385 3974 audivit
2415 3924 2526 3979 lucc
2553 3925 2875 4001 improperia
2899 3953 2911 3988 :
2944 3933 3043 3992 Ubi
3062 3950 3138 3995 est
3159 3936 3299 4001 Deus
3326 3952 3482 4005 tuus?
3506 3965 3626 4008 cum

2033 4005 2279 4064 dicerent
2297 4005 2346 4066 ‘ci
2369 4025 2432 4070 ex
2442 4019 2633 4086 probra
2643 4033 2760 4078 ntcs
2776 4041 2788 4079 :
2806 4021 2985 4082 Veniat
3001 4042 3048 4084 et
3071 4033 3246 4090 liberet
3271 4053 3389 4093 eum
3411 4039 3621 4111 (Matth.

2029 4110 2202 4168 xx'vtt,
2225 4100 2340 4177 i3).
2375 4101 2604 4168 Docetur
2624 4127 2773 4186 ergo,
2799 4125 2855 4175 ut
2885 4121 3018 4191 dixi,
3047 4135 3318 4202 synagoga
3338 4100 3498 4201 Core,
3529 4149 3624 4207 per

2021 4204 2250 4260 quantas
2284 4193 2660 4260 tribulationcs
2705 4218 2760 4264 et
2801 4193 3091 4285 lacrymas'
3113 4193 3407 4280 accedatur
3432 4229 3497 4283 ad
3529 4193 3626 4285 doc

2023 4295 2201 4338 mum:
2227 4303 2360 4357 quas
2381 4292 2480 4347 sibi
2506 4294 2772 4369 lacrymas
2794 4305 3018 4372 pulchre
3035 4311 3109 4365 ait
3133 4316 3393 4386 propheta
3417 4320 3469 4375 in
3494 4335 3632 4392 pane

2021 4373 2210 4442 fuisse,
2238 4375 2292 4433 id
2321 4389 2406 4436 est
2431 4381 2486 4438 in
2519 4386 2693 4444 cibum
2723 4394 2847 4448 vitae
2876 4373 3203 4470 aeternam-et
3228 4373 3292 4463 ex
3321 4373 3511 4470 ordine
3539 4425 3632 4471 ve-

2022 4467 2130 4535 nit,
2163 4473 2220 4526 ut
2251 4472 2302 4526 in
2335 4471 2789 4550 subsequentibus
2815 4483 2986 4546 dicat:

1943 4553 1996 4613 D
2097 4559 2150 4616 4.
2181 4557 2347 4622 Vsus.
2375 4571 2430 4626 5.
2486 4564 2618 4629 Haec
2644 4578 2902 4651 memini,
2925 4595 2972 4640 et
2998 4549 3161 4656 eﬁ‘utii
3197 4589 3250 4649 in
3293 4607 3372 4652 me
3407 4604 3630 4659 animam

2025 4667 2219 4724 meam,
2249 4660 2369 4728 quia
2393 4667 2620 4721 transibo
2661 4671 2712 4725 in
2755 4673 2921 4729 locum
2961 4679 3273 4741 "tabernaculi
3311 4690 3629 4752 admirabilis

2026 4762 2185 4816 usque
2225 4753 2294 4805 ad
2334 4755 2544 4812 domum
2582 4753 2701 4817 Dei.
2747 4760 2813 4823 Et
2852 4771 3064 4840 quidem
3107 4777 3494 4851 aliquantulum
3537 4789 3627 4847 hic

2024 4837 2467 4910 prmioquendum
2502 4859 2630 4920 puto
2657 4853 2724 4912 de
2765 4837 3029 4929 Signanti‘a
3073 4837 3220 4925 verbi
3242 4915 3256 4937 ,
3291 4875 3418 4945 quid
3450 4880 3519 4934 sit
3548 4886 3626 4953 er.

2028 4924 2140 4953 δ’...ιὲ
2190 4930 2308 4953 Ls-‘
2342 4947 2358 4953 .,
2468 4940 2510 4953 ι..
2558 4941 2592 4953 ..
2733 4947 2766 4953 -.

2023 4924 2160 4998 fudi.
2190 4930 2315 4990 ideo
2342 4947 2400 4992 se
2431 4940 2686 5001 eli‘udisse
2715 4924 2844 5006 dicit
2862 4994 2875 5014 ,
2903 4955 3025 5025 quia
3051 4924 3376 5022 transiturjus
3403 4982 3549 5030 esset
3575 4924 3628 5032 in

2025 5018 2204 5078 locum
2231 5023 2565 5090 tabernaculi
2591 5051 2761 5110 usque
2789 5043 2855 5098 ad
2882 5018 3100 5105 domum
3127 5055 3242 5110 Dei.
3275 5057 3419 5118 Bona
3446 5075 3623 5124 autem

2023 5114 2245 5181 Spiritus
2273 5131 2401 5177 sunt
2431 5130 2688 5186 transitus
2715 5142 2888 5205 usque
2915 5137 2981 5195 ad
3011 5142 3229 5203 domum
3276 5144 3391 5210 Dei.
3437 5153 3624 5217 Eﬂ‘un-

2022 5206 2154 5264 dere
2181 5225 2309 5283 ergo
2336 5219 2600 5287 animam,
2632 5228 2746 5294 Spei
2776 5225 2930 5287 bonae
2961 5242 3204 5304 operatio
3229 5251 3342 5309 est:
3377 5251 3470 5306 sed
3497 5254 3624 5323 quid

2027 5299 2091 5323 ,⁸
2121 5314 2286 5323 ,μω
2377 5309 2388 5320 .
2453 5311 2465 5323 .
2668 5317 2678 5323 .
2828 5321 2842 5323 -

2023 5299 2094 5354 de
2118 5309 2388 5362 communi
2417 5311 2533 5381 ejus
2558 5317 2845 5375 novimus?
2873 5325 2991 5392 quia
3021 5330 3278 5405 quidquid
3306 5299 3620 5415 eﬂ'u‘ndiiur,

2026 5393 2309 5462 projicitur
2350 5407 2404 5455 et
2443 5405 2614 5473 perit,
2664 5417 2765 5464 nec
2808 5419 2914 5469 tam
2955 5393 3277 5482 salvam'est
3303 5439 3459 5500 quam
3500 5393 3619 5491 cuni

2026 5482 2326 5542 retineatur
2355 5491 2406 5544 in
2440 5493 2682 5553 vasculo.
2717 5493 2832 5558 Hoc
2861 5507 3004 5563 enim
3035 5519 3120 5566 est
3149 5482 3444 5588 effundere,
3479 5525 3622 5593 quod

2026 5576 2219 5634 alicubi
2245 5581 2488 5641 clausum
2517 5587 2772 5651 habueris
2797 5589 2850 5652 id
2879 5597 3023 5658 foras
3049 5599 3294 5665 fundere.
3326 5607 3399 5666 ita

2027 5667 2137 5734 xit,
2175 5668 2343 5739 e/fudi
2370 5679 2594 5736 animam
2625 5693 2825 5756 meum,
2858 5701 2966 5748 non
3019 5693 3160 5751 aliud
3191 5695 3392 5759 dixisse
3421 5667 3620 5767 ίῖιιοιιίδ

2029 5761 2238 5831 genitus
2265 5777 2380 5836 est,
2407 5777 2572 5844 quam
2602 5779 2804 5852 proieci
2831 5791 2890 5841 et
2914 5785 3123 5856 perdidi
3151 5797 3205 5848 et
3232 5793 3392 5854 vilem
3437 5761 3622 5864 sit}.
