4172 6188
541 259 648 319 903

1729 251 1978 313 SANCTI
2016 249 2276 312 HILARII
2315 252 2624 314 EPISCOPI

3727 252 3842 316 905

537 377 818 446 Quomodo
857 389 985 448 ergo
1007 374 1128 430 ideo
1153 371 1383 446 projecit
1406 376 1460 427 et
1485 368 1736 442 perdidit,
1766 373 1888 442 quia
1935 370 2128 425 transi-
2152 373 2202 433 Α
2233 381 2318 427 tur
2345 372 2398 428 in
2429 381 2628 428 terram
2657 370 2928 439 Iordanis,
2961 369 3174 429 initium
3212 370 3561 443 repromissae
3593 370 3834 430 haeredi—

537 482 689 527 turus
730 480 875 526 esset
915 471 966 524 in
1005 469 1182 523 locum
1224 465 1552 520 tabernaculi
1593 479 1762 533 usque
1801 462 1867 516 ad
1911 462 2129 516 domum

538 563 674 619 Dei?
701 562 800 616 nisi
829 560 963 616 [orte
989 558 1330 614 manifestum
1361 557 1486 612 facit
1515 561 1842 626 praeceptum
1877 555 2005 620 Dei,
2035 554 2132 624 qui

535 656 608 710 ait
629 654 904 723 discipulis
925 653 1062 708 suis:
1091 651 1404 722 Quicumque
1424 649 1690 704 salvaverit
1716 649 1942 702 animam
1963 663 2129 712 suam,

534 748 708 820 perdet
731 749 898 814 illam;
917 758 962 802 et
981 748 1281 818 quicumque
1304 743 1601 812 perdiderit,
1629 741 1824 796 salvam
1847 742 1996 810 faciet
2022 755 2133 794 eam

534 839 685 913 (Luc.
729 856 837 895 xvu
855 881 869 904 ,
893 839 1004 911 55).
1038 839 1100 893 Et
1124 852 1314 892 revera
1341 834 1586 890 ordinem
1613 833 1812 912 tenuit:
1843 847 1962 886 cum
1986 831 2131 884 enim

535 935 855 1004 praelocutus
894 931 960 987 de
997 929 1426 986 tribulationibus
1452 927 1669 992 fuisset,
1698 924 1949 995 quoniam
1981 922 2134 978 facta:

534 1037 717 1087 essent
746 1027 997 1099 lacrymre
1027 1025 1145 1095 ejus
1171 1023 1325 1093 panis
1353 1021 1441 1076 die
1470 1035 1534 1075 ac
1560 1028 1750 1085 nocte,
1782 1016 1908 1072 dum
1938 1016 2134 1070 dicitur

533 1124 583 1180 ei
613 1120 870 1192 quotidie,
909 1117 1007 1174 Ubi
1033 1127 1104 1173 est
1132 1115 1272 1171 Deus
1300 1113 1454 1168 tuus?
1485 1111 1608 1167 Ha’c
1631 1153 1646 1180 ,
1675 1110 1869 1179 inquit,
1897 1107 2132 1174 memini,

533 1228 582 1273 et
602 1217 762 1284 effudi
783 1216 836 1269 in
860 1230 940 1269 me
962 1213 1187 1268 animam
1209 1224 1404 1264 meam:
1429 1208 1479 1262 in
1504 1219 1610 1276 quo
1632 1219 1737 1259 non
1768 1201 1909 1256 aliud
1933 1201 2136 1254 dixisse

535 1307 912 1379 intelligendus
952 1315 1066 1374 est,
1108 1319 1268 1375 quam
1311 1299 1513 1372 projeci
1557 1307 1612 1353 et
1653 1294 1858 1366 perdidi
1890 1305 1943 1350 et
1974 1292 2132 1348 vilem

535 1401 717 1457 habui.
738 1399 1018 1468 Quomodo
1031 1411 1160 1467 ergo
1185 1395 1420 1448 animam
1442 1393 1554 1447 Deo
1579 1388 1829 1460 projecit?
1855 1387 1969 1444 Scit
1991 1386 2134 1440 enim

528 1494 710 1566 justus
729 1533 745 1559 ,
770 1492 1020 1564 quotiens
1041 1486 1434 1558 superveniunt
1461 1483 1837 1538 tribulationes
1867 1488 1921 1533 et
1947 1491 2134 1547 perse-

532 1588 779 1644 cutiones
800 1595 853 1642 et
874 1580 1198 1654 imprOperia
1222 1585 1437 1649 propter
1460 1589 1654 1630 nomen
1678 1572 1792 1637 Dei,
1810 1568 2135 1640 perdendam

534 1697 655 1739 esse
685 1690 739 1738 et
769 1675 1152 1750 projiciendam
1180 1682 1234 1728 et
1261 1670 1418 1725 vilem
1451 1666 1750 1722 habendam
1781 1663 2046 1727 animam,
2078 1667 2138 1714 ut

2235 465 2382 530 tatis,
2411 465 2714 521 debelletur
2743 467 2920 520 omnis
2947 464 3286 521 Cbananaeus
3316 466 3509 520 hostis.

2306 556 2359 612 6.
2401 555 2458 612 Id
2495 566 2674 612 autem
2713 558 2939 613 interest
2976 558 3116 613 inter
3143 557 3459 628 dignitatem
3502 554 3838 612 tabernaculi

2234 659 2287 706 et
2312 650 2508 707 domus
2530 692 2546 716 ,
2574 651 2716 722 quod
2746 652 2799 707 in
2829 651 3174 708 tabernaculo
3203 667 3313 707 non
3343 665 3562 720 semper
3593 651 3834 719 degitur;

2233 753 2290 798 at
2316 757 2446 799 vero
2477 743 2530 797 in
2559 743 2722 799 domo
2751 758 2991 814 semper,
3032 744 3174 799 sicut
3213 744 3269 798 in
3311 741 3726 798 ascensionibus
3764 742 3842 795 si-

2233 836 2451 906 gnificat
2479 835 2644 889 David
2676 835 2898 890 dicens:
2931 835 3192 900 Quoniam
3219 835 3368 906 elegit
3402 833 3659 888 Dominus
3684 832 3838 897 Sion,

2235 928 2595 997 complacitam
2636 927 2812 980 habuit
2853 927 3280 981 inltabitationem
3317 925 3454 980 sibi:
3495 925 3604 980 lucc
3643 925 3845 993 requies

2235 1039 2347 1077 mea
2375 1023 2427 1076 in
2459 1022 2702 1076 naculum
2732 1022 2908 1076 seculi
2937 1020 3112 1093 (Psal.
3141 1035 3334 1086 cun,
3368 1019 3489 1088 15).
3525 1018 3596 1072 At
3623 1031 3756 1072 vero
3785 1017 3843 1072 in

2239 1112 2588 1168 tabernaculo
2611 1126 2717 1166 non
2741 1111 2904 1166 habet
2924 1110 3169 1181 requiem
3193 1128 3206 1164 :
3237 1108 3566 1164 movendum
3589 1115 3672 1162 est
3695 1108 3843 1162 enim

2237 1207 2292 1261 in
2323 1217 2566 1276 tempore
2595 1204 2760 1272 belli,
2793 1203 2846 1258 in
2877 1218 2986 1274 quo
3025 1213 3080 1258 et
3123 1201 3418 1258 recedebat
3457 1199 3631 1256 nubes
3667 1199 3734 1253 ab
3770 1212 3846 1254 eo

2241 1316 2363 1371 qua:
2393 1298 2730 1369 significabat
2758 1297 3104 1369 praesentiam
3138 1296 3268 1352 Dei:
3300 1310 3422 1366 qua:
3449 1304 3599 1351 recte
3620 1307 3846 1364 compa-

2238 1392 2446 1447 rabitur
2472 1389 2767 1448 similitudo
2798 1391 2976 1457 nobis,
2998 1389 3256 1460 quamdiu
3284 1389 3338 1442 in
3369 1387 3470 1441 hoc
3493 1401 3725 1456 corpore
3753 1399 3852 1455 pe-

2238 1486 2597 1556 regrinamur,
2640 1485 2691 1538 in
2737 1483 2838 1539 hac
2879 1483 3284 1553 aequanimitate
3329 1481 3612 1535 vincamus
3664 1479 3851 1533 omnia

2236 1579 2364 1633 vitia
2395 1578 2512 1648 ejus
2533 1619 2548 1643 ,
2581 1585 2640 1632 ut
2669 1577 2848 1632 nullus
2880 1577 3053 1632 hostis
3081 1577 3270 1630 vivens
3309 1582 3404 1630 aut
3447 1575 3634 1644 vigens
3672 1572 3849 1628 relin-

2237 1679 2452 1739 quatur.
2481 1669 2730 1725 Visitahit
2751 1670 2895 1725 enim
2921 1683 3020 1724 nos
3041 1671 3204 1724 etiam
3228 1668 3281 1723 in
3306 1666 3657 1723 tabernaculo
3680 1666 3850 1732 Deus,

532 1775 680 1830 salva
709 1773 801 1827 fiat
824 1771 877 1825 in
905 1769 992 1824 die
1020 1765 1257 1830 Domini;
1283 1763 1509 1831 ideoque
1547 1767 1602 1814 et
1642 1757 1728 1812 hic
1748 1753 2131 1825 significanter,

2241 1772 2296 1817 et
2323 1763 2374 1817 in
2402 1771 2648 1831 tempore
2675 1761 2907 1832 quietis:
2933 1771 2988 1817 at
3013 1761 3104 1817 ubi
3125 1770 3314 1818 exorta
3337 1760 3498 1816 fuerit
3525 1775 3702 1832 pugna
3723 1776 3853 1816 cum

538 1882 643 1922 non
673 1864 794 1940 ideo
820 1877 879 1916 se
904 1860 1107 1915 fudisse
1132 1857 1363 1911 animam
1391 1867 1543 1909 suam
1579 1849 1846 1910 ostendit,
1891 1846 2013 1914 quia
2040 1844 2136 1901 de-

535 1936 834 2028 speraverit
856 1953 925 2008 de
949 1965 1046 2022 spe
1071 1950 1191 2005 vitae
1223 1947 1431 2009 futur:e;
1463 1943 1556 1998 sed
1586 1941 1708 1996 ideo
1738 1937 1993 1994 effudisse
2019 1936 2135 1990 ani-

535 2027 678 2104 mam
695 2089 710 2115 ,
733 2044 856 2117 quia
883 2044 1202 2099 transiturus
1223 2045 1366 2094 esset
1384 2037 1436 2090 in
1459 2035 1578 2090 loco
1607 2029 1932 2088 tabernaculi
1960 2027 2130 2082 admi-

534 2138 718 2196 rabilis
755 2151 924 2207 usque
965 2132 1032 2188 ad
1070 2133 1286 2187 domum
1329 2127 1442 2182 Dei.
1485 2124 1635 2190 Docti
1677 2123 1836 2192 igitur
1865 2120 1968 2174 hoc
1997 2117 2137 2188 psal-

537 2246 660 2298 mo,
690 2229 938 2300 quotiens
976 2232 1328 2296 persequetur
1365 2218 1614 2274 inimicus
1653 2227 1709 2270 et
1750 2210 2138 2282 improperabit

537 2326 694 2383 nobis
723 2337 916 2380 nomen
943 2317 1190 2384 Domini,
1217 2313 1556 2371 effundamus
1581 2311 1630 2365 ei
1654 2309 1862 2364 animas
1901 2313 2132 2368 nostras,

537 2419 764 2490 perdere
803 2430 926 2482 eas,
971 2411 1175 2483 parati,
1217 2417 1274 2464 ut
1311 2407 1486 2462 salvas
1530 2403 1795 2459 faciamus
1837 2399 1984 2454 illas:
2029 2413 2135 2450 non

539 2514 660 2569 ideo
701 2509 1038 2569 eﬂ'undentes
1079 2520 1208 2572 eas,
1259 2503 1410 2574 quasi
1444 2501 1794 2570 desperemus
1833 2495 1902 2550 de
1943 2491 2137 2547 fiducia

537 2603 789 2676 adjutorii
833 2601 958 2666 Dei;
999 2598 1096 2654 sed
1135 2596 1257 2652 ideo
1302 2595 1424 2664 quia
1465 2591 1598 2647 certi
1627 2589 1798 2643 simus
1837 2582 2138 2640 reddendas

540 2698 662 2754 illas
689 2711 810 2752 esse
838 2694 1026 2759 nobis,
1069 2701 1124 2748 et
1163 2688 1486 2746 transituros
1524 2699 1624 2739 nos
1664 2697 1786 2738 esse
1827 2681 1884 2734 in
1913 2679 2030 2733 loco
2061 2686 2140 2731 ta-

542 2788 815 2847 bernaculi
844 2783 1176 2841 admirabilis
1206 2794 1374 2849 usque
1401 2777 1466 2832 ad
1495 2775 1714 2830 domum
1745 2771 1859 2826 Dei.

608 2880 662 2936 5.
705 2879 958 2948 Quisquis
986 2885 1164 2931 autem
1197 2872 1284 2927 hic
1315 2872 1465 2924 locus
1495 2867 1565 2922 sit
1593 2859 1928 2920 admirabilis
1960 2856 2138 2912 taber—

539 2973 746 3039 naculi,
791 2973 845 3027 in
886 2984 993 3042 quo
1033 2966 1289 3022 transitus
1317 2962 1418 3018 erit
1447 2973 1614 3030 usque
1644 2956 1709 3012 ad
1738 2955 1956 3011 domum
2000 2948 2132 3042 Dei,

532 3066 642 3137 jam
691 3064 778 3119 hic
816 3040 1148 3132 interrogare
1198 3055 1534 3127 incipiamus.
1581 3049 1638 3106 In
1683 3045 1952 3103 veteribus
1991 3040 2142 3096 libl‘is

2235 1856 2417 1922 vitiis,
2459 1855 2937 1926 constringendum
2981 1864 3067 1910 est
3109 1854 3518 1910 tabernaculum
3561 1864 3806 1908 nostrum
3832 1893 3851 1919 ,

2238 1959 2289 2003 et
2320 1948 2386 2003 ad
2414 1947 2816 2019 expeditionem
2858 1947 3471 2017 belli'praeparandum;
3507 1961 3608 2002 nec
3648 1946 3858 2015 poterit

2237 2040 2466 2110 expandi
2488 2081 2504 2108 ,
2548 2055 2647 2095 nec
2684 2039 2944 2096 delectari
2977 2041 3027 2094 in
3061 2040 3302 2110 requiem
3336 2039 3433 2094 Dei
3463 2047 3711 2106 tempore
3740 2051 3855 2107 quo

2250 2133 2341 2188 ﬁet
2372 2132 2738 2203 interpellatio
2767 2133 3055 2188 vitiorum:
3085 2141 3138 2187 et
3169 2130 3441 2202 praecedet
3468 2139 3521 2186 te
3553 2131 3696 2186 Deus
3723 2131 3854 2200 qui-

2243 2227 2365 2282 dem
2405 2227 2458 2279 in
2501 2239 2675 2295 pugna
2699 2265 2714 2290 ,
2759 2233 2817 2279 ut
2853 2225 2900 2279 si
2940 2223 3308 2280 ambulaveris
3338 2234 3458 2292 post
3493 2239 3620 2278 eum
3642 2264 3657 2290 ,
3689 2222 3854 2279 facile

2239 2319 2424 2373 vincas
2455 2317 2639 2371 hostes
2671 2323 2813 2375 tuos.
2844 2315 3093 2372 habitare
3118 2326 3298 2371 autem
3323 2315 3416 2370 illo
3439 2323 3685 2384 tempore
3708 2315 3761 2368 in
3781 2323 3849 2386 te

2239 2425 2346 2464 non
2387 2415 2584 2478 potest.
2613 2405 2796 2477 Itaque
2835 2405 2959 2462 licet
2984 2407 3203 2470 vincas,
3235 2406 3363 2462 licet
3391 2421 3686 2475 exsuperes
3717 2405 3850 2460 vitia

2239 2501 2416 2555 carnis
2436 2541 2450 2566 ,
2483 2513 2550 2554 ex
2582 2498 2696 2568 ipsa
2726 2506 2904 2553 tamen
2933 2496 3336 2553 conﬂictatione
3361 2499 3704 2554 contaminas
3734 2513 3853 2554 ma-

2239 2609 2341 2648 nus
2381 2603 2498 2647 tuas
2539 2592 2590 2646 in
2634 2592 2894 2662 sanguine
2935 2601 3046 2646 tuo.
3092 2591 3203 2646 Nec
3247 2591 3476 2647 idoneus
3519 2591 3630 2646 eris
3658 2593 3713 2645 in
3743 2592 3851 2647 hoc

2243 2695 2487 2754 tempore
2517 2682 2787 2738 aediﬁcare
2817 2682 3038 2738 domum
3071 2681 3284 2737 Domini
3305 2724 3319 2748 ,
3351 2685 3487 2737 sicut
3529 2682 3851 2751 reprobatur

2243 2775 2409 2830 David
2454 2775 2543 2846 qui
2589 2783 2844 2844 operatus
2891 2783 3038 2829 esset
3085 2775 3139 2828 in
3186 2774 3466 2843 sanguine.
3518 2773 3616 2829 ille
3662 2783 3846 2830 autem

2241 2867 2471 2922 aediﬁcat
2513 2865 2731 2921 domum
2781 2865 2996 2920 Domini
3040 2865 3131 2936 qui
3165 2866 3328 2921 intrat
3357 2869 3408 2919 in
3442 2867 3720 2936 requiem,
3751 2864 3847 2934 qui

2243 2959 2408 3013 nullis
2445 2957 2776 3028 inquietatur
2805 2956 2987 3024 vitiis,
3019 2956 3105 3012 cui
3145 2957 3324 3012 omnis
3363 2955 3535 3012 hostis
3573 2958 3848 3014 extinctus

2244 3061 2326 3108 est
2348 3093 2361 3118 ,
2390 3051 2481 3122 qui
2511 3050 2682 3120 possit
2709 3049 2924 3104 dicere:
2958 3047 3092 3102 Mihi
3120 3058 3289 3103 autem
3319 3049 3542 3103 mundus
3567 3049 3848 3116 cruciﬁxus

536 3130 835 3214 invenimus
865 3130 1268 3209 tabernaculum
1295 3164 1324 3201 a
1358 3147 1540 3217 Moyse
1569 3142 1768 3198 factum
1801 3139 1909 3194 Deo
1938 3133 2099 3191 Israel
2120 3168 2136 3198 ,
2167 3130 2213 3194 C
2246 3155 2317 3198 εει
2345 3155 2392 3199 ει
2416 3159 2510 3214 ego
2537 3143 2726 3197 ηιιιηάο
2750 3141 2892 3213 (σαι,
2918 3157 2968 3197 ν,
2987 3183 3003 3209 ’
3032 3142 3159 3213 14);
3186 3142 3323 3211 apud
3348 3159 3507 3214 quem
3533 3143 3717 3197 omnia
3747 3159 3843 3199 ve.

537 3251 592 3308 in
620 3264 725 3320 quo
753 3261 874 3301 arca
901 3242 1208 3300 testamenti
1241 3239 1525 3293 tenebatur
1555 3233 1754 3303 (Exod.
1786 3245 1913 3286 xxvi
1933 3270 1948 3296 ,
1975 3225 2052 3320 1),
2084 3233 2140 3280 et

537 3341 591 3397 in
619 3319 723 3395 hoc
742 3338 919 3392 omnia
942 3334 1209 3391 celebrata
1239 3330 1514 3400 mysteria,
1537 3334 1590 3381 et
1613 3325 1698 3379 hic
1719 3339 1812 3378 eos
1842 3322 1991 3391 prius
2015 3319 2139 3372 hos-

539 3436 642 3492 tias
685 3431 974 3489 oﬂ‘erentes
999 3425 1312 3497 apparuisse
1335 3428 1461 3475 ante
1487 3416 1678 3472 faciem
1707 3413 1832 3478 Dei,
1861 3423 2138 3480 usquequo

540 3544 635 3600 per
677 3527 1018 3583 Salomonem
1063 3517 1322 3575 aedificata
1369 3521 1453 3570 est
1491 3510 1690 3566 .domus
1734 3500 2139 3600 Dei,‘trans_ivit

537 3593 664 3678 arca
701 3635 770 3676 ex
813 3613 1157 3673 tabernaculo
1194 3609 1412 3682 pellium
1458 3606 1511 3660 in
1557 3599 1813 3671 templum
1866 3593 2136 3665 lapidibus

540 3715 899 3771 instructum:
929 3705 1025 3762 sed
1055 3703 1185 3760 illud
1215 3695 1619 3755 tabernaculum
1647 3690 1790 3763 quod
1828 3688 1883 3742 in
1921 3685 2138 3740 deserto

537 3808 744 3869 fuerat,
775 3812 830 3857 et
857 3799 961 3856 illae
991 3795 1161 3868 pelles
1185 3807 1304 3862 qua:
1331 3799 1454 3843 ante
1483 3794 1619 3841 tecta
1651 3780 1834 3852 templi
1858 3777 2138 3847 cooperie-

537 3900 699 3963 bant,
758 3890 1056 3949 ministerio
1103 3881 1452 3941 admirabiles
1501 3877 1738 3932 fuerunt.
1793 3871 2034 3942 Denique
2082 3869 2136 3924 in

537 3962 776 4048 Canticis
800 3983 1134 4041 canticorum
1167 3977 1315 4033 initia
1348 3988 1443 4030 sua
1470 3984 1667 4042 sponsa
1694 3966 2003 4034 sicJaudat:
2039 3962 2142 4016 Ni-

537 4102 631 4160 gra
669 4099 782 4138 sum
821 4091 866 4135 et
893 4078 1057 4142 bona,
1099 4074 1223 4146 ﬁlia!
1246 4067 1552 4129 Jerusalem,
1583 4063 1712 4118 sicut
1751 4056 2136 4160 tabernaculum

538 4149 727 4242 Dedar,
765 4175 898 4230 sicut
937 4169 1092 4242 pelles
1132 4161 1425 4222 Salomonis
1463 4154 1637 4230 (Cant.
1670 4169 1718 4218 ι,
1742 4151 1821 4222 4).
1851 4151 1919 4206 Ει
1947 4150 2000 4203 in
2029 4149 2135 4203 alio

537 4273 746 4344 psalmo
789 4265 954 4323 David
997 4264 1119 4318 licet
1165 4260 1216 4314 in
1262 4256 1396 4312 atria
1434 4250 1645 4308 Domini
1689 4244 2132 4344 concupisceret;

538 4334 722 4420 laudat
750 4371 928 4417 tamen
970 4366 1026 4412 ct
1069 4349 1408 4409 tabernacula
1439 4345 1555 4415 ejus
1586 4343 1800 4397 dicens:
1840 4337 2003 4404 Quam
2041 4334 2137 4388 ad-

539 4455 815 4522 mirabilia,
831 4449 1022 4520 inquit,
1043 4444 1282 4509 Domine,
1296 4435 1607 4507 concupiscit
1621 4433 1791 4487 anima
1810 4445 1920 4484 mea
1939 4428 1991 4480 in
2004 4426 2134 4479 atria

2242 3243 2355 3290 tera
2384 3236 2744 3300 transierunt,
2780 3249 2918 3289 nova
2952 3233 3088 3290 facta
3118 3247 3239 3289 sunt
3258 3275 3273 3300 ,
3307 3236 3465 3306 quale
3493 3251 3723 3306 regnum
3747 3235 3848 3292 Sa-

2240 3326 2473 3382 lomonis
2514 3327 2566 3380 in
2609 3327 2832 3397 figuram
2877 3328 3046 3382 nostri
3096 3327 3346 3383 refertur.
3385 3326 3494 3383 Sed
3528 3331 3574 3383 si
3604 3330 3659 3384 in
3686 3329 3846 3399 hujus

2239 3421 2364 3474 vitae
2392 3434 2554 3474 cursu
2583 3433 2744 3474 nemo
2771 3429 2880 3474 tam
2912 3417 3184 3488 perfectus
3213 3420 3538 3485 inveniatur,
3565 3423 3657 3492 qui
3689 3437 3845 3476 mun-

2240 3511 2340 3566 dus
2367 3511 2434 3566 ab
2457 3512 2603 3565 omni
2637 3510 3076 3581 interpellatione
3101 3512 3307 3582 peccati
3340 3513 3630 3582 pervenire
3663 3513 3717 3567 in
3748 3511 3846 3568 do-

2240 3620 2384 3658 mum
2427 3603 2520 3658 Dei
2564 3604 2769 3674 possit:
2820 3611 3008 3673 potero
3035 3611 3216 3657 tamen
3249 3604 3321 3656 ita
3352 3604 3569 3668 dicere,
3599 3605 3844 3674 quoniam

2240 3698 2462 3752 transibo
2491 3697 2546 3750 in
2578 3696 2744 3751 locum
2774 3696 3092 3751 tabernaculi
3118 3713 3274 3766 usque
3297 3698 3366 3752 ad
3391 3697 3602 3752 domum
3628 3695 3762 3754 Dei:
3791 3696 3845 3753 id

2238 3799 2322 3844 est
2362 3791 2413 3844 in
2457 3789 2557 3844 hac
2595 3793 2700 3844 vita
2731 3790 3018 3860 praesenti,
3055 3801 3109 3844 ut
3140 3789 3376 3860 quandiu
3420 3791 3472 3846 in
3506 3791 3609 3846 hoc
3640 3791 3845 3847 mundo

2239 3896 2392 3947 sum,
2436 3882 2487 3934 in
2530 3881 2705 3936 locum
2753 3891 3024 3938 transeam
3066 3882 3434 3950 tabernaculi;
3473 3885 3676 3955 quippe
3716 3899 3839 3940 cum

2239 3972 2478 4042 quotidie
2511 3986 2686 4043 pugna
2716 3981 2905 4027 contra
2936 3986 3154 4028 carnem
3187 3983 3242 4028 et
3269 3973 3582 4044 sanguinem
3603 4016 3619 4040 ,
3650 3985 3840 4030 contra

2238 4064 2536 4134 spiritualia
2560 4064 2812 4135 nequitiae
2836 4064 3071 4134 gerenda
3097 4064 3189 4119 sit.
3217 4066 3286 4120 At
3311 4080 3434 4120 cum
3463 4065 3698 4120 resoluta
3726 4067 3843 4122 fue-

2238 4158 2309 4212 rit
2331 4156 2648 4212 inhabitatio
2671 4157 3004 4213 tabernaculi
3031 4157 3218 4227 hujus,
3249 4157 3391 4213 sicut
3417 4160 3708 4228 Apostolus
3733 4159 3835 4227 ait,

2237 4259 2293 4303 et
2335 4251 2582 4318 accipere
2625 4247 2846 4303 domum
2893 4263 3002 4303 non
3043 4249 3293 4304 manibus
3339 4247 3693 4318 fabricatam,
3742 4249 3836 4305 sed

2237 4353 2493 4398 mternam
2526 4343 2577 4398 in
2608 4342 2794 4407 caelis;
2831 4356 2952 4397 cum
2985 4342 3420 4412 transfiguratum
3451 4341 3612 4398 fuerit
3640 4358 3835 4413 corpus

2239 4435 2557 4491 humilitatis
2582 4445 2782 4490 nostrae
2807 4435 2861 4489 in
2889 4434 3300 4490 similitudinem
3325 4433 3570 4506 corporis
3595 4435 3692 4489 lilii
3720 4435 3833 4490 Dei:

541 4517 938 4620 Domini(l’sal.
965 4531 1295 4608 inxtlr,2).
1317 4533 1410 4588 Est
1430 4529 1571 4586 enim
1587 4525 1800 4598 quidem
1822 4519 2138 4620 admirabile
2166 4517 2214 4577 D
2244 4539 2368 4583 tunc
2409 4528 2716 4598 perveniam
2758 4527 2812 4582 in
2841 4525 3060 4582 domum
3093 4527 3224 4593 Dei,
3257 4541 3364 4598 quo
3391 4535 3636 4596 tempore
3669 4526 3835 4597 possit

543 4611 947 4700 tabernaculum
996 4633 1121 4697 Dei;
1153 4628 1248 4685 sed
1281 4624 1449 4695 magis
1490 4612 1917 4687 concupiscenda
1945 4611 2135 4666 domus

540 4735 656 4791 Dei.
693 4731 932 4801 Denique
962 4735 1014 4782 et
1042 4725 1156 4794 ipse
1183 4715 1344 4774 David
1373 4711 1598 4785 pacilico
1619 4709 1730 4779 jam
1757 4719 1924 4801 regno
1945 4701 2132 4801 lsrael,

540 4843 662 4886 cum
705 4794 976 4881 arca-Dei
1017 4818 1070 4873 in
1126 4813 1294 4886 Sylon
1342 4807 1442 4864 sub
1486 4803 1709 4876 pedibus
1767 4798 1833 4871 (f.
1875 4794 2133 4868 pellibus)

539 4916 873 4977 tabernaculi
920 4916 1266 4972 moraretur,
1331 4897 1662 4968 concupiscit
1713 4890 1979 4948 :cdilicare
2030 4886 2129 4941 do-

541 5032 686 5072 mum
749 5014 862 5068 Dei.
926 5007 1034 5065 Sed
1089 5001 1218 5076 quid
1270 4998 1347 5054 illi
1402 4996 1479 5050 ait
1524 4987 1824 5062 propheta?
1855 4983 1978 5038 Non
2005 4980 2131 5034 milii

542 5103 820 5175 wdiﬁeabis
875 5102 1082 5155 domum
1137 5092 1222 5167 (ll
1281 5089 1412 5159 Reg.
1449 5100 1552 5175 vn,
1587 5081 1640 5152 7)
1687 5097 1700 5133 :
1751 5083 1990 5175 non-est
2015 5087 2131 5126 om-

541 5164 691 5255 nium
745 5193 1014 5250 aediﬁcare
1061 5164 1276 5243 domum
1335 5179 1451 5235 Dei.
1513 5173 1699 5244 Itaque
1735 5166 1888 5240 quasi
1914 5164 1982 5220 ad
2013 5177 2130 5218 ma-

531 5292 684 5366 jores
748 5285 1127 5347 ascensiones,
1213 5275 1473 5332 transitus
1538 5267 1694 5324 nobis
1767 5273 1852 5319 est
1915 5260 2122 5366 facien:

535 5351 636 5444 dus
679 5385 734 5440 in
782 5381 903 5434 loco
934 5371 1302 5437 tabernaculi,
1343 5375 1402 5422 ut
1443 5361 1819 5435 perveniamus
1857 5367 2025 5424 usque
2064 5351 2131 5406 ad

536 5481 754 5537 domum
788 5472 905 5530 Dei.
940 5470 1009 5526 Et
1037 5468 1389 5522 admonemur
1415 5460 1483 5514 de
1513 5453 1765 5524 exemplo
1794 5447 2092 5507 Jerusalem
2112 5487 2126 5511 ,

535 5574 660 5646 quia
691 5585 797 5628 non
824 5565 975 5639 prius
1005 5560 1301 5617 aediﬁcatur
1328 5555 1520 5610 domus
1548 5549 1799 5646 Domini,
1831 5546 1949 5646 nisi.
1974 5542 2130 5597 hoste

535 5635 680 5720 vieto
708 5635 870 5733 atque
895 5661 1153 5730 peccato:
1185 5647 1280 5706 sed
1324 5654 1502 5702 tamen
1542 5641 1748 5697 tamdiu
1788 5639 1842 5694 iu
1882 5635 2131 5691 taberna-

541 5760 660 5816 culo
686 5730 890 5822 sumus,
911 5760 1190 5826 quousque
1216 5742 1490 5800 desertum
1521 5741 1843 5801 transeatur,
1871 5739 1930 5789 et
1967 5730 2132 5786 intre-

2241 4617 2296 4674 in
2337 4628 2596 4673 :utcrnum
2631 4617 2872 4672 habitare
2904 4618 2957 4672 in
2989 4633 3110 4684 me;
3140 4627 3197 4674 et
3228 4627 3374 4674 recte
3412 4618 3640 4688 psallam
3661 4661 3677 4685 ,
3710 4635 3835 4690 quo-

2242 4711 2381 4765 niam
2423 4710 2648 4764 transibo
2685 4709 2740 4763 in
2779 4708 2945 4764 locum
2983 4709 3298 4766 tabernaculi
3337 4710 3658 4765 admirabilis
3683 4726 3836 4782 usque

2243 4802 2310 4856 ad
2339 4801 2547 4855 domum
2578 4799 2694 4854 Dei.

2311 4895 2364 4950 7.
2394 4893 2505 4948 Erit
2528 4903 2704 4949 autem
2728 4893 2814 4949 hic
2835 4894 3096 4951 transitus
3135 4909 3293 4951 meus
3323 4899 3378 4952 in
3415 4913 3536 4953 voce
3554 4899 3831 4954 exultatio-

2232 4990 2312 5044 nis
2333 4999 2379 5044 et
2404 4989 2759 5059 confessionis,
2786 5005 2943 5043 sonus
2966 4988 3251 5058 epulantis.
3280 4989 3392 5046 Nec
3419 4992 3614 5047 mirum
3647 5002 3824 5048 autem

2231 5083 2275 5137 si
2299 5082 2491 5136 umbra
2507 5080 2807 5136 futurorum
2838 5081 3104 5137 bonorum
3137 5082 3324 5139 habuit
3353 5084 3641 5155 imaginem
3673 5085 3827 5154 hujus

2227 5172 2598 5245 iucunditatis,
2622 5173 2710 5229 vel
2733 5188 2853 5228 cum
2874 5173 3042 5229 David
3072 5171 3401 5230 transferens
3430 5191 3607 5231 arcam
3635 5177 3729 5231 Dei
3760 5175 3827 5231 de

2239 5265 2584 5321 tabernaculo
2610 5265 3039 5337 Sylon,intrabat
3066 5266 3118 5320 in
3139 5265 3435 5324 Jerusalem
3453 5283 3575 5324 cum
3592 5270 3763 5325 choro
3777 5275 3828 5323 et

2241 5358 2506 5430 tympanis
2531 5356 2670 5413 diem
2701 5357 2892 5412 festum
2921 5372 3107 5429 agens,
3137 5356 3224 5412 vel
3252 5372 3373 5414 cum
3399 5358 3658 5415 Salomon
3702 5359 3826 5414 :edi-

2239 5448 2397 5504 ﬁcato
2412 5449 2611 5518 templo
2635 5448 2813 5504 intulit
2833 5463 2992 5504 omne
3014 5448 3370 5503 ministerium
3398 5449 3451 5504 in
3483 5452 3652 5506 multa
3682 5449 3828 5506 exul-

2237 5541 2440 5596 tatione
2491 5541 2818 5596 cantantium
2862 5549 2917 5595 et
2945 5540 3283 5610 psallentium
3311 5539 3438 5595 Deo.
3472 5540 3581 5597 Nec
3612 5544 3820 5603 mirum,

2237 5634 2478 5705 inquam,
2507 5647 2629 5688 cum
2643 5631 3010 5703 unusquisque
3023 5643 3265 5689 nostrum
3294 5632 3694 5690 tabernaculum
3726 5634 3821 5687 hoc

2237 5724 2480 5797 corporis
2503 5722 2585 5782 sui
2611 5721 2963 5779 commutabit
2989 5723 3045 5780 in
3069 5721 3216 5782 illam
3259 5721 3480 5782 domum
3528 5739 3639 5783 non
3664 5735 3816 5783 manu
