4172 6188
356 193 468 252 905

1497 205 1917 270 TRACTATUS
1957 211 2046 271 DE
2085 213 2360 277 PSALMO
2401 221 2537 279 XLI.

3476 239 3519 310 ε
3549 243 3655 302 906

359 307 556 365 factam
587 348 602 374 ,
628 308 722 367 sed
750 318 1006 370 aeternam
1043 312 1098 370 in
1121 316 1272 375 coelis
1299 362 1314 387 ,
1346 320 1392 375 si
1419 321 1522 378 erit
1552 324 1810 380 transitus
1838 327 1955 397 ejus
1983 333 2035 392 Α
2060 335 2442 393 commendare
2470 339 2638 396 voluit
2665 341 2929 415 Pr0pheta
2949 387 2964 413 ,
2999 345 3070 403 ibi
3101 355 3298 406 terram
3322 350 3574 413 Iordanis
3602 369 3658 416 et

356 397 412 455 in
445 415 576 456 voco
605 404 952 461 exultationis
993 417 1047 462 et
1087 409 1444 468 confessionis
1474 429 1640 470 sonus
1668 417 1954 487 epulantis.

429 490 484 546 8.
509 491 658 548 Hanc
681 493 843 566 igitur
863 511 1014 567 spem
1035 499 1125 569 qui
1151 502 1407 572 percepit,
1438 505 1632 561 merito
1653 508 1962 577 interpella-

352 584 431 638 vit
453 584 724 640 tristitiam
748 587 941 645 animae
964 591 1215 659 dicendo,
1233 592 1398 650 Vsus.
1418 596 1451 652 6
1475 611 1488 649 :
1510 597 1736 668 thuid,
1761 601 1956 668 animo,

352 677 515 743 tristis
536 695 611 746 es,
665 689 713 734 et
745 692 798 735 ut
840 683 967 754 quid
995 687 1266 742 conturbas
1317 706 1397 745 me
1427 692 1452 743 .9
1494 691 1665 764 Spera
1694 695 1746 748 in
1769 693 1953 763 Deum,

350 770 598 842 quoniam
637 773 916 839 conﬁtebor
942 777 1062 843 illi,
1111 779 1342 836 salutare
1392 784 1564 838 vultus
1619 787 1717 839 mei
1748 796 1795 840 et
1821 787 1958 844 Deus

351 879 514 920 nteus.
550 864 618 920 Et
649 866 770 923 vide
803 867 906 924 nisi
947 875 1239 928 conveniat
1284 876 1581 932 intellectui
1631 879 1756 935 huic
1783 897 1948 952 quem

350 958 521 1013 secuti
543 972 730 1016 sumus
755 1002 770 1027 ,
804 971 860 1018 ut
887 962 938 1017 in
971 971 1215 1036 tempore
1247 971 1637 1038 persecutionis
1659 978 1716 1027 et
1742 973 1953 1045 impro-

351 1050 494 1121 perii
527 1053 763 1108 nominis
792 1053 891 1109 Dei
911 1053 1220 1127 hujusmodi
1250 1074 1346 1129 spe
1373 1061 1686 1118 consoletur
1718 1065 1951 1122 animant

344 1143 540 1214 justus.
581 1143 651 1200 Ut
679 1146 801 1214 quid
843 1148 1004 1202 tristis
1043 1166 1114 1215 es,
1164 1151 1336 1206 anima
1363 1197 1377 1220 ,
1408 1163 1455 1207 et
1492 1163 1549 1208 ut
1595 1155 1718 1224 quid
1745 1168 1952 1212 contur-

346 1238 438 1295 bas
479 1242 605 1295 me?
650 1241 821 1311 Spera
849 1243 902 1297 in
932 1243 1101 1300 Deum
1138 1249 1374 1317 quoniam
1405 1252 1680 1320 conﬁtebor
1707 1253 1806 1306 illi.
1842 1254 1949 1311 Sed

345 1334 602 1405 quoniam
630 1335 742 1390 ﬁeri
771 1351 876 1391 non
910 1346 1100 1407 potest,
1122 1349 1179 1394 ut
1207 1342 1495 1412 projicicns
1516 1347 1752 1401 animam
1781 1362 1937 1405 suam

345 1423 404 1480 in
429 1436 653 1481 mortem
686 1441 792 1481 non
816 1427 993 1499 aliqua
1026 1433 1436 1489 contristatione
1459 1435 1724 1504 turbetur,
1750 1441 1949 1510 quippe

344 1530 469 1572 cum
502 1515 618 1587 ipse
643 1519 882 1574 omnium
909 1520 1162 1576 virtutum
1196 1524 1454 1581 Dominus
1485 1568 1500 1593 ,
1543 1529 1659 1599 ipse
1691 1531 1945 1604 princeps

355 1607 508 1674 ﬁdei,
536 1609 653 1680 ipse
678 1609 847 1666 Filius
872 1611 986 1680 Dei,
1020 1614 1107 1684 qui
1128 1627 1414 1686 antequam
1448 1618 1501 1673 in
1529 1627 1743 1690 tempus
1765 1625 1946 1678 crucis

2066 436 2304 483 montem
2326 429 2648 489 Hermonem
2673 439 2988 495 nominavit.
3003 442 3090 496 Sic
3109 451 3163 498 et
3191 445 3242 500 in
3261 446 3497 505 Canticis
3525 467 3655 507 can-

2067 517 2292 573 ticorum
2323 522 2411 577 ubi
2443 525 2611 594 prima
2637 529 2846 583 vocatio
2877 530 3135 589 Ecclesia:
3167 534 3310 592 facta
3341 551 3423 594 est
3455 559 3469 597 :
3505 541 3653 610 Veni,

2063 609 2255 680 inquit,
2289 631 2320 666 a
2363 613 2599 687 Libano,
2640 637 2866 690 sponsa;
2919 628 3031 680 veni
3077 647 3109 683 a
3157 628 3378 700 Libano,
3431 652 3657 706 sponsa;

2060 704 2175 756 ueni
2200 720 2232 757 a
2285 705 2478 763 Libano
2529 711 2702 783 (Cant.
2735 730 2808 782 tv,
2859 716 2934 787 8)
2971 736 2985 773 :
3029 724 3295 778 transiens
3350 729 3603 786 transibis
3634 774 3649 797 ,

2060 802 2115 849 ct
2163 799 2414 854 transibis
2478 802 2547 857 ab
2593 803 2747 861 initio
2816 807 2986 876 ﬁdei,
3056 826 3085 866 a
3157 816 3332 886 capite
3391 819 3650 879 Hermon.

2058 885 2170 942 Nec
2199 900 2414 946 moveat
2449 910 2771 968 quemquam
2823 903 2964 972 quod
3009 903 3062 958 in
3101 904 3204 963 hoc
3226 885 3350 964 loco
3395 923 3449 967 et
3498 915 3656 972 Sanir

2058 982 2363 1040 nominatus
2394 995 2497 1053 est,
2529 1004 2650 1045 cum
2699 992 2837 1048 idem
2867 995 2937 1050 sit
2967 1012 3124 1054 mons
3173 999 3330 1057 Sanir
3381 1006 3469 1076 qui
3519 1007 3655 1064 Her-

2058 1087 2202 1142 mon,
2247 1091 2402 1146 quem
2437 1078 2487 1133 in
2513 1088 2651 1136 terra
2679 1083 2930 1142 Jordanis
2960 1091 3309 1148 constitutum
3331 1112 3450 1152 esse
3482 1098 3652 1156 histo-

2054 1164 2134 1220 ria
2177 1167 2334 1222 docet
2384 1186 2477 1240 per
2524 1173 2759 1244 Moysem
2798 1177 2850 1232 in
2911 1181 3346 1242 Deuteronomio.
3402 1188 3469 1242 Et
3499 1206 3649 1247 acce-

2055 1258 2223 1325 pimus
2255 1301 2269 1326 ,
2299 1260 2394 1326 ait,
2424 1263 2475 1316 in
2505 1274 2729 1335 tempore
2776 1270 2865 1324 illo
2905 1282 3092 1327 terram
3132 1276 3195 1330 de
3240 1280 3473 1335 manibus
3521 1283 3652 1338 duo-

2051 1363 2168 1401 rum
2199 1366 2374 1423 regum
2397 1354 2832 1426 Antorrlueorum,
2861 1363 2948 1432 qui
2991 1380 3135 1420 erant
3169 1384 3307 1423 secus
3341 1369 3646 1440 Iordanem,

2051 1456 2083 1493 a
2111 1450 2333 1500 torrente
2359 1464 2516 1518 usque
2535 1449 2767 1507 Hermon
2797 1454 2958 1510 Sanir
2995 1458 3171 1525 (Deut.
3209 1478 3266 1517 ιιι
3295 1505 3308 1528 ,
3333 1463 3413 1536 8).
3447 1468 3642 1523 Amor-

2051 1533 2229 1590 rhazus
2258 1541 2554 1606 nominavit
2602 1543 2751 1600 illum
2796 1547 2974 1604 Sanir.
3007 1551 3177 1621 Caput
3226 1533 3378 1626 ergo
3412 1559 3645 1615 llermon

2050 1629 2193 1699 quod
2220 1635 2383 1688 estin
2427 1645 2569 1692 terra
2597 1639 2850 1697 Jordanis
2882 1686 2897 1708 ,
2955 1644 3167 1702 initium
3221 1660 3445 1706 vocatur
3498 1653 3646 1709 ﬁdei.

342 1706 590 1776 veniret,
618 1724 681 1765 ac
707 1710 904 1767 ﬁducia
931 1713 1250 1784 loquebatur
1274 1723 1332 1770 ut
1356 1715 1564 1773 diceret
1596 1735 1609 1770 :
1656 1717 1822 1774 Nemo
1848 1738 1942 1774 au-
1974 1719 2023 1780 B
2051 1719 2178 1776 Ideo
2205 1723 2316 1779 illic
2365 1734 2420 1781 et
2438 1726 2676 1785 Joannes
2725 1706 2932 1802 primus
2959 1753 3257 1805 praecursor
3287 1743 3502 1798 auditur
3534 1787 3550 1813 ,
3592 1755 3646 1802 et

338 1797 470 1868 feret
522 1803 749 1857 animam
787 1822 950 1859 meam
973 1823 1003 1859 a
1030 1823 1109 1860 me
1131 1847 1147 1873 ,
1193 1817 1493 1877 potestatem
1536 1810 1698 1864 habeo
1722 1813 1946 1882 ponendi

337 1893 569 1948 animam
591 1912 756 1950 meam
775 1908 820 1952 et
837 1899 1021 1953 iterum
1041 1902 1333 1956 resumendi
1358 1919 1468 1957 eam
1482 1902 1700 1976 (Joann.
1730 1922 1785 1971 ιι,
1818 1907 1942 1979 18);

336 1981 482 2039 idem
511 1993 688 2042 tamen
723 1988 775 2043 in
805 1991 1049 2059 proxima
1079 1992 1207 2047 hora
1239 1994 1430 2050 mortis
1456 2037 1475 2058 ,
1501 1998 1798 2065 perturbata
1824 2010 1897 2054 est
1923 2043 1938 2068 ,

343 2073 541 2146 inquit,
571 2080 746 2134 anima
767 2097 879 2135 mea
899 2099 1060 2155 usque
1087 2083 1155 2136 ad
1181 2092 1394 2139 mortem
1425 2084 1614 2156 (Marc.
1650 2102 1760 2153 xxv,
1785 2087 1854 2143 54
1883 2087 1939 2161 );

334 2175 414 2236 et,
449 2168 610 2226 Pater
643 2214 658 2238 ,
716 2175 758 2228 si
783 2175 898 2243 ﬁeri
952 2185 1136 2245 potest,
1191 2187 1418 2232 transeat
1471 2179 1611 2235 calix
1641 2182 1736 2236 iste
1781 2200 1814 2236 a
1851 2200 1932 2239 me

335 2260 553 2335 (Matth.
586 2281 734 2334 xxvi,
763 2268 879 2339 '59)
911 2311 925 2336 ,
958 2278 1013 2325 et
1036 2271 1087 2326 in
1125 2274 1418 2330 novissimo
1468 2275 1669 2346 gemitu
1706 2294 1719 2331 :
1758 2277 1898 2334 Deus
1920 2321 1936 2348 ,

333 2352 480 2412 Deus
522 2375 683 2425 meus,
725 2370 783 2416 ut
807 2363 931 2433 quid
965 2365 1933 2445 medereliquisti(Mattlt.xxvtt,46)?

327 2448 415 2507 Ita
433 2461 488 2507 et
509 2454 747 2522 psalmus
766 2455 868 2512 iste
892 2457 1177 2528 imaginem
1206 2464 1598 2530 persecutionis
1617 2465 1668 2519 in
1693 2466 1936 2522 ordinem

346 2544 661 2613 ostendens,
689 2557 902 2619 quantae
923 2551 1294 2609 conﬁictiones
1317 2555 1800 2626 tribulationestlue
1817 2573 1940 2614 sus-

337 2642 578 2698 tinenda:
599 2642 707 2698 sint
748 2642 893 2715 justo
925 2687 940 2713 ,
997 2661 1091 2716 per
1119 2663 1254 2718 quas
1287 2650 1540 2705 tentanda
1572 2659 1628 2706 et
1652 2651 1924 2722 probanda

334 2735 408 2791 sit
432 2736 563 2792 ﬁdes
592 2736 708 2807 ejus
741 2753 757 2802 ;
799 2736 921 2794 ideo
938 2740 1035 2806 ait,
1063 2740 1225 2796 Vens.
1263 2743 1294 2796 7
1326 2760 1338 2796 :
1374 2742 1512 2799 Deus
1541 2761 1710 2812 meus,
1736 2745 1940 2799 turbata

334 2838 411 2883 est
437 2830 490 2884 in
513 2845 593 2884 me
619 2831 792 2884 anima
817 2848 948 2886 mea.
992 2831 1125 2901 Quis
1155 2836 1299 2890 enim
1331 2845 1415 2891 est
1444 2837 1597 2908 cujus
1622 2854 1727 2893 non
1759 2839 1941 2895 turbe-

334 2928 427 2976 tur
477 2922 652 2977 anima
699 2922 752 2977 in
791 2930 1038 2993 tempore
1081 2930 1516 2998 persequentium
1559 2946 1753 2985 nomen
1799 2931 1940 2986 Dei?

334 3010 542 3068 Praeter
563 3012 709 3067 illam
738 3015 881 3070 enim
911 3017 1288 3074 necessitatem
1318 3019 1618 3091 fragilitatis
1645 3021 1896 3078 humana:
1917 3065 1933 3092 ,

2045 1810 2242 1868 Joanni
2306 1818 2535 1884 primum
2585 1820 2831 1879 Christus
2885 1829 3230 1886 ostenditur:
3281 1833 3391 1888 illic
3438 1810 3642 1905 Spiritu

2046 1913 2235 1961 sancto
2267 1907 2525 1964 Dominus
2551 1913 2898 1983 adimpletur,
2919 1918 3030 1974 illic
3060 1928 3297 1990 paternae
3322 1925 3468 1980 vocis
3501 1927 3650 1982 testi-

2045 1999 2288 2054 monium
2312 2001 2555 2057 redditur
2584 2021 2597 2058 :
2629 2005 2728 2060 Hic
2749 2017 2821 2062 est
2847 2009 2986 2077 [ilius
3036 2028 3177 2066 mens
3209 2015 3259 2068 in
3286 2033 3386 2086 quo
3416 2019 3648 2088 compla-

2046 2091 2176 2161 cui(
2210 2091 2397 2148 Matth.
2427 2111 2484 2150 ιιι
2514 2139 2528 2162 ,
2573 2097 2686 2170 l7).
2725 2099 2823 2156 Hic
2878 2107 3230 2172 progrediens
3275 2110 3422 2164 initia
3475 2112 3646 2168 virtu-

2047 2193 2180 2254 tum,
2234 2189 2320 2246 hic
2361 2191 2517 2247 initia
2545 2194 2821 2266 signorum
2858 2200 3053 2270 quibus
3083 2201 3250 2260 Filius
3281 2205 3375 2262 Dei
3404 2209 3645 2266 creditur

2047 2287 2324 2350 Operatus.

2114 2372 2167 2429 9.
2195 2373 2382 2431 Merito
2400 2377 2561 2448 igitur
2582 2390 2741 2452 caput
2764 2382 2997 2440 llermon
3021 2386 3229 2444 initium
3252 2389 3374 2446 ﬁdei
3390 2403 3640 2450 vocatur:

2041 2465 2186 2521 unde
2214 2483 2487 2527 memores
2516 2488 2614 2528 nos
2642 2490 2763 2531 esse
2810 2487 3025 2548 oportet
3051 2483 3286 2538 salutare
3316 2486 3494 2544 vultus
3511 2505 3641 2545 nos-

2045 2559 2112 2613 tri
2148 2559 2319 2616 Deum
2348 2576 2588 2620 nostrum
2615 2608 2629 2629 ,
2655 2571 2906 2636 quotiens
2937 2572 2988 2626 in
3041 2576 3426 2633 tentationibus
3456 2581 3635 2637 anima

2043 2659 2225 2705 nostra
2271 2654 2533 2710 turbatur.
2570 2657 2784 2714 Initium
2839 2663 2982 2717 enim
3029 2664 3150 2721 ﬁdei
3193 2668 3419 2738 simplex
3468 2674 3640 2741 prima

2041 2742 2354 2812 credulitas,
2380 2763 2482 2818 qua
2514 2749 2596 2804 via
2629 2750 2892 2808 intramus
2919 2755 2984 2808 ad
3011 2755 3169 2811 ﬁdem
3204 2758 3296 2813 Dei
3337 2775 3432 2830 per
3455 2761 3641 2819 Jesum

2041 2833 2336 2891 Christum.
2359 2839 2627 2909 Sapientia
2654 2857 2769 2897 vero
2795 2844 2926 2900 inter
2940 2849 3190 2917 perfectos
3210 2852 3499 2923 quiat-itura
3515 2852 3635 2909 Cor.

2043 2941 2103 2995 ιι,
2137 2927 2169 2982 6
2196 2927 2218 3000 )
2245 2949 2256 2982 :
2287 2946 2406 3000 qua:
2438 2929 2726 2990 varietates
2755 2936 3202 3007 sintjndiciorum
3233 2940 3325 2996 Dei
3354 2983 3368 3010 ,
3408 2959 3528 3014 qua:
3556 2945 3638 2999 al-

2043 3022 2298 3079 titudines
2325 3025 2708 3097 cogitationum
2736 3031 2870 3098 ejus.
2926 3029 2998 3084 Ita
3023 3032 3125 3087 etsi
3152 3034 3202 3087 in
3239 3045 3483 3105 tempore
3515 3054 3638 3105 per-

333 3108 862 3178 praetercorporales
884 3109 1294 3180 trepidationes,
1321 3123 1403 3167 est
1432 3114 1676 3184 quredam
1700 3116 1936 3186 peculia-
1964 3100 2010 3162 C
2043 3115 2407 3183 secutionnm,
2439 3118 2490 3172 in
2521 3121 2926 3190 perturbatione
2981 3126 3170 3180 mortis
3203 3127 3451 3183 instantis
3491 3130 3640 3187 dele-

333 3198 412 3254 ris
440 3199 563 3255 ﬁdei
594 3201 946 3270 perturbatio,
979 3217 1101 3258 cum
1124 3203 1406 3259 videantur
1440 3215 1815 3276 persecutores
1839 3224 1936 3261 no-

332 3291 499 3346 minis
521 3291 614 3347 Dei
639 3291 944 3349 increscerc
968 3301 1022 3349 et
1042 3294 1333 3361 dominari,
1361 3311 1461 3351 nec
1495 3297 1770 3354 vindicare
1794 3299 1935 3354 Deus

332 3381 566 3439 famulos
595 3399 746 3452 suos,
780 3401 879 3441 nec
913 3387 1200 3444 subvenire
1228 3389 1660 3447 tribulationibus
1703 3408 1888 3448 eorum
1913 3435 1928 3460 ,

331 3491 437 3533 nec
461 3478 754 3535 extendere
783 3479 1046 3536 adversus
1075 3482 1321 3538 inimicos
1347 3498 1473 3537 suos
1507 3495 1780 3550 potentem
1804 3486 1936 3541 dex-

330 3579 472 3625 tram
498 3585 671 3625 suam.
693 3570 759 3626 Et
791 3571 912 3628 ideo
937 3572 1060 3642 quia
1089 3588 1250 3628 nemo
1272 3575 1323 3628 in
1355 3574 1663 3646 hujusmodi
1689 3585 1932 3648 tempore

327 3676 551 3719 sensum
573 3664 898 3734 judiciorum
940 3666 1033 3721 Dei
1064 3667 1262 3723 retinet
1293 3711 1309 3735 ,
1354 3669 1574 3739 pulchra
1610 3680 1694 3726 est
1719 3672 1806 3724 illa
1837 3687 1932 3726 ex-

328 3756 588 3813 clamatio
621 3758 831 3814 Domini
861 3776 874 3813 :
907 3759 1068 3826 Deus,
1089 3759 1230 3816 Deus
1257 3779 1420 3828 utens,
1449 3779 1608 3833 quare
1632 3780 1711 3816 me
1740 3763 1929 3818 dereli-

327 3850 486 3920 quisti
508 3850 557 3923 (I
567 3849 702 3924 bid.)
725 3851 749 3905 ἲ
776 3868 881 3923 qua
901 3853 1138 3910 ostendit
1167 3869 1225 3908 se
1251 3869 1356 3909 non
1390 3855 1688 3926 intelligere
1710 3872 1928 3912 causam

327 3957 501 4014 quare
531 3944 600 3999 sit
626 3943 939 4001 derelictus.
994 3946 1060 4000 Et
1091 3947 1136 4001 si
1159 3947 1256 4002 ille
1281 3946 1560 4016 sapientia:
1591 3949 1851 4020 magister
1872 3958 1930 4004 et

327 4043 618 4090 enarrator
635 4034 813 4091 Patris
830 4077 844 4102 ,
898 4036 1066 4092 Filius
1093 4037 1171 4092 sic
1197 4037 1543 4108 perturbatur
1564 4079 1580 4104 ,
1615 4045 1675 4112 ut
1702 4039 1932 4094 interro.

326 4136 418 4198 get
441 4126 652 4182 Patrem
682 4138 740 4183 ut
763 4128 892 4199 quid
925 4128 1346 4198 dereliquisset;
1375 4130 1500 4200 quid
1522 4129 1929 4202 facientreliqui

327 4221 621 4292 quamlibet
660 4221 827 4292 justi,
883 4237 1005 4278 cum
1030 4222 1354 4292 judiciorum
1385 4223 1478 4279 Dei
1509 4223 1822 4279 altitudines
1838 4239 1931 4280 su-

325 4313 677 4383 pervenerint
701 4313 825 4369 eis?
853 4313 1239 4369 Verumtamen
1286 4313 1442 4369 docet
1473 4313 1710 4383 psalmus
1736 4357 1752 4381 ,
1801 4314 1928 4385 quid

326 4407 383 4462 in
413 4407 498 4463 his
539 4391 1306 4479 perturbationibusretinere
1352 4417 1408 4464 et
1433 4408 1604 4464 solum
1630 4408 1807 4471 facere
1830 4408 1927 4464 de-

2040 3207 2180 3262 cerit
2208 3210 2471 3278 sapientia
2497 3250 2513 3277 ,
2546 3212 2754 3267 initium
2779 3221 2957 3269 tamen
2979 3214 3100 3270 ﬁdei
3129 3231 3233 3271 non
3261 3219 3596 3290 relinquatur
3619 3241 3634 3279 :

2038 3299 2133 3355 sed
2165 3301 2354 3356 saltem
2386 3304 2622 3374 simplici
2647 3306 2735 3360 illa
2760 3316 2817 3363 et
2845 3309 2982 3364 nuda
3006 3310 3325 3368 credulitate
3361 3330 3634 3373 memores

2037 3391 2206 3447 simus
2236 3393 2357 3460 Dei,
2389 3396 2623 3453 scientes
2665 3400 2787 3469 quia
2819 3415 2926 3455 non
2958 3401 3148 3457 habeat
3179 3405 3229 3457 in
3257 3420 3355 3460 nos
3381 3406 3631 3465 inimicus

2037 3488 2500 3554 potestatem,nisi
2531 3498 2788 3558 quantum
2824 3493 3169 3560 permittitur.
3195 3495 3312 3550 Non
3337 3499 3623 3556 abutamur

2039 3583 2213 3630 tamen
2237 3576 2539 3644 insipientis
2562 3579 2799 3634 mulieris
2819 3581 3128 3648 jactatione,
3147 3599 3252 3654 qua
3273 3586 3476 3642 dictum
3503 3599 3587 3645 est
3611 3611 3624 3646 :

2040 3661 2140 3717 Ubi
2155 3673 2271 3718 sunt
2290 3682 2445 3734 opera
2463 3670 2685 3740 justitiaz
2710 3670 2842 3723 Dei?
2857 3670 3118 3744 Job,quid
3139 3678 3332 3748 profuit
3353 3680 3503 3734 timor
3525 3681 3634 3738 Do-

2034 3753 2160 3806 mini
2191 3753 2332 3826 (Job.
2350 3772 2480 3824 xxn,
2500 3758 2580 3828 3)?
2593 3759 2696 3814 Sed
2715 3761 2926 3831 quoties
2946 3764 2998 3818 in
3024 3768 3160 3821 hanc
3175 3769 3626 3837 perturbationem

2033 3846 2217 3901 veniet
2245 3849 2516 3919 cogitatio,
2543 3851 2748 3921 justum
2783 3855 2887 3910 erit
2915 3859 3208 3914 secundum
3241 3860 3399 3932 hujus
3435 3867 3627 3934 psalmi

2034 3939 2337 3997 doctrinam
2349 3943 2529 4000 dicere
2545 3964 2556 3998 :
2575 3945 2716 4002 Deus
2733 3965 2892 4016 meus,
2911 3953 3204 4021 perturbata
3217 3967 3291 4009 est
3303 3958 3475 4011 anima
3492 3977 3627 4026 mea;

2035 4046 2304 4104 prapterea
2329 4052 2521 4092 memor
2541 4039 2614 4092 tui
2642 4056 2727 4096 ero
2758 4041 2821 4094 de
2850 4051 2985 4096 terra
3000 4042 3250 4100 Iordanis
3263 4057 3312 4101 et
3339 4047 3620 4107 Hermonis

2034 4127 2098 4180 de
2122 4138 2291 4182 monte
2311 4129 2530 4184 modico.
2558 4131 2698 4201 Ergo
2715 4141 2766 4187 et
2783 4135 3144 4202 signiﬁcanter
3173 4139 3340 4193 monti
3366 4139 3621 4198 Hermoni

2033 4218 2222 4272 modici
2249 4219 2401 4273 addit
2434 4221 2846 4291 appellationem
2880 4242 2893 4279 :
2921 4225 3045 4281 ﬁdei
3062 4229 3204 4283 enim
3227 4229 3437 4286 initiutn
3465 4249 3624 4290 mons

2035 4309 2258 4378 pusillus
2281 4352 2296 4374 ,
2329 4318 2384 4366 et
2408 4311 2492 4366 cui
2525 4314 2704 4368 multa:
2734 4318 3084 4375 ascensiones
3109 4335 3278 4390 usque
3305 4323 3370 4378 ad
3392 4341 3618 4394 regnum

2032 4402 2293 4458 caelorum
2322 4419 2419 4474 per
2445 4407 2803 4463 contumelias
2835 4451 2849 4468 .
2880 4425 2975 4479 per
2999 4411 3243 4482 injurias,
3279 4430 3373 4483 per
3397 4417 3619 4472 tribula-

323 4499 572 4555 beamus.
625 4499 851 4570 Oportet
879 4500 1023 4556 enim
1062 4515 1277 4557 omnem
1308 4500 1507 4555 .virum
1554 4500 1756 4570 justum
1800 4515 1922 4556 cum
1950 4489 2005 4549 D
2029 4491 2206 4548 ιίοηθε
2237 4536 2252 4560 9
2294 4509 2388 4564 Der
2411 4504 2638 4551 ῐηονίθηι
2667 4499 2842 4553 mlas
2867 4501 3090 4556 οτθάθτθ
3113 4503 3165 4557 in
3208 4505 3376 4560 Deum
3417 4508 3616 4577 Primus

324 4599 567 4647 tentatur
587 4633 602 4657 ,
645 4607 765 4646 cum
793 4591 1082 4648 tribulatur
1112 4633 1127 4658 ,
1156 4608 1276 4647 cum
1304 4591 1640 4662 angustiatur
1674 4634 1688 4658 ,
1722 4606 1842 4646 cum
1869 4592 1922 4647 in

325 4685 734 4755 perturbatione
759 4686 952 4740 animm
981 4686 1158 4747 venit.
1192 4685 1295 4740 etsi
1327 4700 1494 4756 quare
1516 4684 1635 4741 haec
1658 4685 1761 4740 sibi
1784 4686 1924 4742 acci-

326 4777 458 4834 dant
479 4795 586 4833 non
618 4778 884 4847 intelligit,
917 4777 1079 4834 ﬁdem
1101 4789 1276 4833 tamen
1307 4793 1410 4832 non
1444 4777 1750 4848 relinquere
1779 4819 1794 4845 ,
1824 4793 1925 4834 nec

327 4870 693 4926 condemnare
711 4870 1084 4925 credulitatem
1110 4910 1125 4933 ,
1149 4885 1308 4940 quam
1346 4869 1528 4923 docuit
1555 4869 1819 4939 pr0pheta
1841 4869 1924 4924 di-

326 4961 503 5018 cendo
531 4980 544 5016 :
580 4961 862 5030 Propterea
903 4977 1092 5015 memor
1116 4976 1204 5015 ero
1236 4960 1311 5013 tui
1341 5001 1354 5024 ,
1392 4958 1608 5015 Domine
1629 5001 1646 5028 ,
1695 4961 1757 5015 de
1787 4970 1923 5015 terra

324 5049 574 5108 Iordanis
603 5062 650 5106 et
675 5051 953 5107 Hermonis
982 5069 1015 5105 a
1046 5061 1211 5105 monte
1239 5051 1458 5105 modico.
1493 5048 1626 5106 Nam
1649 5053 1774 5123 quia
1803 5067 1925 5122 pcr-

327 5144 545 5199 turbata
576 5152 660 5200 est
688 5143 740 5197 in
769 5158 854 5198 me
883 5142 1062 5197 anima
1093 5156 1209 5197 mea
1239 5183 1255 5210 ,
1309 5151 1593 5212 propterea
1629 5184 1644 5209 ,
1701 5143 1878 5214 inquit
1904 5185 1920 5211 ,

326 5251 541 5292 memor
589 5251 685 5292 ero
715 5235 791 5290 tui
820 5235 888 5292 de
940 5245 1083 5292 terra
1125 5233 1376 5290 Iordanis
1417 5242 1472 5288 et
1517 5234 1821 5290 Hermonis.
1865 5235 1922 5290 In

327 5337 475 5384 terra
496 5327 640 5382 enim
686 5325 936 5382 Jordanis
979 5327 1256 5382 introitum
1295 5324 1558 5395 signiﬁcat
1585 5326 1925 5394 repromissae

328 5419 666 5476 hereditatis
685 5418 882 5490 populo
895 5416 1156 5474 Israel.Et
1170 5417 1420 5488 quoniam
1446 5431 1543 5471 nos
1557 5417 1922 5487 Spiritualibus

330 5512 630 5584 Spiritualia
656 5522 1033 5583 comparantes
1063 5553 1078 5578 ,
1131 5512 1287 5568 nobis
1315 5511 1643 5567 hzcreditatis
1673 5512 1924 5569 introitus

332 5605 467 5661 ﬁdes
496 5606 854 5660 existimatur.
893 5605 1021 5660 Hice
1065 5612 1150 5660 est
1176 5606 1319 5662 enim
1363 5605 1525 5684 janua
1552 5607 1928 5677 repromissio.

335 5679 465 5757 num
519 5706 848 5756 nostrarum.
904 5696 1091 5768 Itaque
1149 5698 1238 5753 ubi
1297 5679 1504 5756 initium
1557 5698 1682 5756 ﬁdei
1726 5707 1927 5757 nostra:

778 5792 1051 5853 ΡΑτιιοι..
1081 5790 1196 5853 1X.

2031 4599 2290 4642 ascensus
2318 4597 2399 4642 est
2432 4606 2446 4643 :
2484 4590 2695 4660 quoties
2712 4592 2853 4646 enim
2872 4593 2924 4647 in
2951 4593 3043 4648 illo
3061 4595 3260 4650 vertice
3280 4599 3616 4656 amarissimo

2030 4681 2206 4734 crucis
2255 4681 2654 4750 perturbabitur
2681 4683 2856 4738 anima
2899 4700 3016 4740 mea
3065 4686 3132 4741 de
3173 4687 3327 4743 initio
3349 4689 3472 4746 ﬁdei
3500 4732 3515 4757 ,
3547 4691 3616 4748 de

2031 4780 2215 4828 monte
2245 4774 2730 4839 modico;memor
2756 4791 2884 4842 ero,
2937 4776 3183 4848 Domine,
3235 4783 3323 4850 qui
3361 4797 3422 4839 es
3470 4784 3616 4841 salus

2031 4863 2209 4918 vultus
2230 4864 2355 4920 mei.

2098 4955 2185 5010 10.
2242 4956 2462 5028 Abyssus
2488 4959 2631 5014 enim
2681 4960 2918 5032 abyssum
2940 4961 3142 5018 invocat
3166 4964 3218 5019 in
3240 4982 3356 5021 voce
3386 4977 3615 5026 catarac-

2026 5055 2194 5102 tarum
2223 5051 2512 5116 tuarum,id
2544 5061 2626 5107 est
2646 5051 2838 5110 ﬂuctus
2862 5056 3172 5112 tentationis
3193 5057 3305 5128 Dei,
3331 5077 3436 5132 qua
3472 5072 3614 5121 terra

2027 5141 2291 5212 patietur:
2315 5145 2439 5215 quia
2470 5145 3190 5219 altitudines.cogitationum
3219 5153 3615 5224 etjudiciorum

2027 5235 2144 5305 ejus
2163 5238 2281 5306 quis
2311 5239 2505 5293 novit?
2552 5239 2819 5295 Diluvium
2849 5250 2932 5297 est
2963 5257 3154 5300 sensus
3187 5247 3430 5315 Domini,
3462 5251 3614 5321 cujus

2029 5331 2450 5400 magnitudinem
2481 5332 2769 5389 ostendere
2799 5337 2987 5392 volens
3023 5339 3199 5408 justus
3227 5383 3240 5408 ,
3266 5345 3516 5414 quoniam
3544 5344 3612 5398 de

2031 5421 2466 5480 tribulationibus
2520 5428 2632 5482 suis
2687 5427 3061 5499 loquebatur:
3119 5434 3386 5506 Abyssus.
3439 5436 3614 5506 inquit

2032 5511 2196 5570 Vsus.
2220 5513 2274 5582 8,
2327 5514 2568 5587 abyssum
2598 5518 2817 5587 invocat,
2854 5522 2908 5575 in
2933 5539 3050 5578 voce
3076 5534 3449 5580 contractarum
3479 5529 3610 5598 ejus.

2106 5607 2193 5661 11.
2221 5605 2409 5661 Omnes
2452 5609 2747 5666 altitudines
2795 5621 2896 5668 tute
2921 5625 2967 5668 et
3011 5617 3198 5685 ﬂuctus
3227 5619 3300 5670 tui
3342 5634 3494 5686 super
3538 5635 3619 5675 me

2032 5700 2360 5756 transierunt.
2381 5699 2578 5760 Reddit
2599 5717 2816 5762 causam
2839 5720 2936 5764 cur
2951 5707 3162 5763 turbata
3179 5715 3260 5764 est
3275 5710 3450 5764 anima
3468 5709 3587 5781 ejus
3606 5730 3621 5772 :

2954 5798 3034 5860 29
