4172 6188
523 243 629 305 907

1273 233 1518 296 SANCTI
1556 229 1809 292 BILARII
1839 225 2145 288 EPISCOPI
2173 221 2428 284 TltAC'l‘.
2469 223 2560 283 DE
2598 221 2874 285 PSALMO
2909 210 3050 282 XLI.

3722 215 3828 278 908

527 360 753 429 abyssus
773 350 916 409 enim
939 351 1189 423 abyssum
1216 347 1430 403 invocat
1451 347 1506 402 in
1536 360 1667 402 voce
1707 352 2120 399 cataractarum.
2154 345 2204 402 Α
2234 351 2312 393 tus
2339 381 2352 404 ,
2401 349 2445 393 et
2468 341 2594 394 sicut
2639 355 2802 414 agnus
2831 355 3001 394 coram
3045 334 3284 392 tondente
3335 349 3388 390 se
3415 348 3518 389 non
3541 335 3738 404 aperuit
3771 351 3832 388 os

532 448 816 508 Praeloculi
835 443 1053 516 quidem
1071 442 1180 513 jam
1201 439 1538 511 sumus,quid
1557 454 1676 494 esse
1699 438 1948 507 abyssum
1974 441 2128 506 puta-

538 542 803 604 verimus;
839 534 1111 591 reddimus
1141 542 1320 588 tamen
1343 532 1604 586 rationem
1633 530 1757 601 quid
1780 529 1846 583 de
1867 527 1970 582 hoc
2012 525 2130 594 ipso

536 633 796 708 propheta
811 631 912 685 ait:
927 626 1139 682 Iudicia
1158 637 1265 694 tua,
1287 626 1524 690 Domine,
1541 626 1749 696 ubyssus
1763 623 1924 676 multa
1955 618 2128 692 (Psal.

536 743 701 791 xxxv,
729 723 784 794 7)
819 740 833 777 :
891 725 1140 792 magnum
1165 720 1308 774 enim
1351 717 1674 788 profundum
1702 725 1784 771 est
1808 716 1860 769 in
1887 711 2127 768 altitudi-

537 834 636 876 nes
662 814 982 888 judiciorum
1013 812 1133 880 Dei,
1158 813 1306 882 quasi
1325 813 1378 866 in
1411 825 1508 864 nos
1534 811 1604 864 ita
1635 809 1947 879 frequenter
1969 815 2025 861 ut
2048 804 2135 875 ju-

538 913 739 970 dicium
763 908 966 982 judicia
988 916 1394 976 consequantur
1420 920 1536 975 qum
1559 918 1686 959 caro
1716 911 1979 972 emergat,
2012 915 2134 970 quae

539 1019 670 1062 caro
697 1000 994 1058 sustineat?
1027 999 1159 1054 Vide
1189 998 1517 1068 apostolum,
1538 998 1665 1052 licet
1689 996 1743 1051 in
1766 1010 1898 1066 pace
1931 1000 2133 1048 tracta-

542 1106 665 1165 ret,
700 1097 984 1151 intendens
1001 1103 1178 1148 tamen
1196 1092 1509 1165 mysterium
1535 1091 1650 1158 Dei,
1677 1089 2018 1160 perturbatus
2037 1102 2135 1144 ex.

544 1191 776 1248 clamat:
825 1186 1106 1242 Oaltitudo
1137 1185 1400 1255 sapientiae
1427 1194 1475 1238 et
1529 1183 1754 1238 scientite
1805 1180 1941 1236 Dei!
1985 1195 2138 1250 quam

543 1281 902 1338 inscrutabilta
919 1280 1123 1351 judicia
1162 1279 1272 1349 ejus
1291 1319 1305 1344 ,
1338 1294 1489 1349 quam
1515 1275 1885 1345 investigabiles
1907 1273 2002 1328 vite
2027 1273 2138 1343 ejus

545 1377 724 1448 (Rom.
759 1390 833 1442 ιι,
867 1374 958 1445 55)
987 1375 1001 1428 l
1037 1371 1163 1428 ﬂare
1185 1371 1346 1442 igitur
1375 1368 1600 1424 altitudo
1623 1367 1799 1422 cordis
1851 1366 1944 1421 Dei
1992 1372 2140 1421 recte

543 1471 776 1542 abyssus
797 1466 1107 1521 nominatur
1132 1506 1146 1528 ,
1176 1465 1330 1532 cujus
1359 1460 1680 1532 profundum
1717 1472 1874 1515 nemo
1904 1471 2138 1527 cognos-

546 1562 622 1617 cit
652 1577 666 1613 :
699 1560 881 1614 multa:
902 1557 1045 1614 enim
1069 1553 1404 1618 altitudines,
1438 1552 1528 1607 ubi
1559 1550 1741 1606 nullus
1779 1557 1862 1604 est
1899 1549 2039 1602 linis.
2073 1545 2142 1602 Et

547 1654 743 1709 merito
785 1650 870 1705 hic
917 1663 1017 1704 nos
1039 1649 1265 1717 abyssus
1309 1644 1375 1700 ad
1406 1643 1661 1714 abyssum
1690 1642 1901 1696 invocat
1931 1639 1982 1693 in
2009 1653 2142 1694 voce

2231 448 2375 486 suum
2392 429 2524 502 (Isa.
2547 430 2742 504 Lm,7).
2763 432 2850 485 Est
2868 442 2920 486 et
2942 429 3045 484 alia
3065 444 3164 483 vox
3186 447 3198 482 :
3218 425 3483 481 Foderunt
3499 442 3678 479 manus
3692 442 3832 478 meas

2234 535 2279 580 et
2305 527 2454 596 pedes
2482 541 2641 592 meos,
2679 525 3125 580 dinumt‘rat‘erunt
3160 523 3330 578 omnia
3355 533 3471 577 ossa
3507 538 3614 575 mea
3641 517 3828 593 (Psal.

2236 633 2350 684 xxi,
2380 618 2488 690 i7).
2511 617 2607 672 Est
2636 629 2688 673 et
2729 617 2822 672 illa
2846 633 2948 672 vox
2967 636 2980 672 :
2999 615 3293 671 Diviserunt
3320 615 3610 670 vestimenta
3633 629 3766 682 mea,
3785 620 3834 667 et

2235 725 2384 780 super
2405 709 2750 763 vestimentum
2768 725 2934 762 meum
2956 709 3200 761 miserunt
3227 714 3410 760 sortem
3433 703 3481 777 (Ι
3491 705 3595 759 bid.
3623 703 3712 775 19)
3743 722 3756 756 :
3788 712 3835 758 et

2235 802 2288 856 in
2310 801 2393 856 siti
2411 817 2522 857 mea
2546 810 2846 870 potaverunt
2863 809 3094 855 meaceto
3110 797 3278 870 (Psal.
3297 795 3606 868 vatuﬂi).
3628 795 3837 868 thuid

2239 911 2462 952 necesse
2489 907 2571 951 est
2597 911 2742 952 nunc
2768 910 2956 951 omnes
2986 907 3148 949 voces
3173 903 3563 948 cataractarum
3606 892 3834 958 referre,

2240 1003 2361 1047 cum
2396 989 2538 1058 pleni
2589 998 2714 1042 sunt
2753 987 2875 1042 libri
2911 984 3292 1058 prophetarum
3323 984 3392 1041 de
3418 982 3762 1040 contumeliis
3783 991 3840 1038 et

2241 1081 2490 1153 passione
2509 1079 2756 1136 Domini?
2778 1080 3042 1147 Quoniam
3065 1094 3194 1149 ergo
3215 1093 3403 1134 omnes
3426 1077 3838 1149 prcedicationes

2241 1174 2401 1230 etiam
2432 1188 2608 1228 rerum
2650 1181 2921 1243 gestarum
2953 1172 3088 1227 ﬁdes
3130 1179 3314 1226 secuta
3341 1178 3444 1238 est,
3475 1170 3530 1227 in
3558 1168 3691 1224 hanc
3732 1184 3839 1225 vo-

2241 1280 2359 1322 cem
2406 1274 2794 1320 cataractarum
2850 1262 3076 1336 abyssus
3113 1262 3368 1335 abyssum
3427 1262 3724 1329 invocavit,
3776 1263 3840 1317 ut

2243 1359 2521 1431 suppleret
2547 1360 2756 1416 scilicet
2784 1358 3008 1416 eﬂectus
3059 1373 3224 1415 sonos
3266 1374 3474 1415 earum.
3512 1356 3678 1430 igitur
3711 1358 3839 1428 quia

2243 1455 2310 1511 de
2339 1453 2533 1510 talibus
2583 1453 2794 1526 abyssis
2835 1452 3154 1527 loquebatur
3192 1453 3454 1526 propheta
3478 1491 3494 1521 ,
3535 1460 3843 1523 Opportune

2245 1551 2574 1622 subjungens
2598 1551 2673 1606 ait
2700 1571 2714 1604 ;

2317 1644 2404 1699 15.
2437 1642 2597 1699 Vens.
2634 1643 2667 1699 9
2699 1653 2752 1699 et
2783 1643 2871 1698 10.
2928 1640 3072 1698 Inter
3114 1643 3248 1697 diem
3296 1639 3558 1696 mandat-it
3589 1638 3847 1695 Dominus

551 1753 939 1802 cataraclarum
987 1751 1218 1794 tuarum.
1257 1736 1478 1806 Species
1526 1733 1784 1804 quasdam
1823 1732 2137 1803 abyssorum
2169 1737 2216 1800 Β
2245 1736 2647 1792 misericordiam
2675 1751 2848 1802 suam,
2881 1745 2926 1789 et
2961 1746 3103 1791 nocte
3139 1733 3482 1805 manifestavit
3529 1751 3548 1790 :
3581 1733 3723 1805 apud
3769 1748 3852 1787 me

548 1840 964 1902 constituamus,
989 1849 1097 1903 quo
1126 1841 1382 1887 tractatus
1405 1830 1575 1899 magis
1598 1829 1792 1882 luceat.
1817 1826 1957 1882 Ecce
1978 1825 2146 1880 Filius

551 1932 648 1988 Dei
680 1932 733 1985 in
755 1930 936 1985 multis
957 1928 1122 1998 signis
1145 1936 1199 1981 et
1218 1924 1505 1980 virtutibus
1522 1922 1743 1977 veniens
1772 1932 1921 1975 curat
1952 1919 2147 1996 multo:

553 2039 675 2080 rum
703 2023 880 2078 varias
913 2017 1287 2090 aegritudines,
1313 2027 1364 2072 et
1385 2023 1668 2070 accusatur
1690 2012 1831 2084 quod
1873 2009 2032 2066 faciat
2060 2025 2148 2064 sa-

549 2117 771 2173 nitates.
810 2115 944 2182 Quis
967 2129 1204 2183 unquam
1237 2111 1376 2166 male
1405 2110 1607 2163 audixit
1634 2108 1723 2178 qui
1750 2107 1886 2163 bene
1919 2103 2149 2159 fecerit?

555 2206 626 2264 Et
655 2208 890 2264 admittit
916 2206 1077 2260 Pater
1107 2214 1213 2258 tam
1236 2203 1455 2273 impiam
1482 2200 1864 2256 contumeliam
1895 2195 2146 2252 Filiisui:

554 2317 683 2360 ecce
707 2316 810 2356 una
825 2290 1304 2370 abyssusCJudicia
1329 2292 1421 2348 Dei
1442 2302 1742 2358 struuntur,
1771 2297 2153 2360 comparantur

556 2394 676 2450 falsi
719 2399 888 2446 testes
914 2387 1071 2460 quasi
1114 2386 1376 2441 adversus
1402 2382 1775 2454 blasphemum
1804 2393 1857 2438 et
1888 2382 2153 2451 irreligio-

562 2500 706 2550 sum,
735 2491 858 2538 cum
889 2490 1036 2538 esset
1068 2479 1216 2534 solus
1239 2493 1399 2533 verus
1425 2477 1519 2532 Dei
1551 2477 1740 2532 teStis:
1767 2486 1820 2532 et
1849 2476 2032 2531 dicunt
2056 2476 2156 2530 im-

557 2577 633 2649 pii
679 2575 1046 2634 tcstimonium
1073 2613 1088 2641 ,
1131 2580 1185 2626 et
1211 2571 1458 2627 obtinent
1491 2583 1711 2626 causam
1748 2589 1762 2625 :
1811 2585 1942 2626 ecce
1983 2569 2154 2624 altera

557 2669 782 2742 abyssus
811 2666 1164 2737 consequitur
1192 2667 1450 2736 priorem.
1479 2663 1876 2734 Colaphizatur,
1904 2662 2150 2732 ﬂagella-

557 2771 667 2828 tur,
697 2763 750 2816 in
781 2758 1140 2834 ludibriosum
1168 2757 1410 2811 babitum
1438 2755 1777 2825 componitur
1801 2795 1816 2821 ,
1858 2755 2086 2809 exsultat
2104 2760 2160 2810 et

563 2856 862 2911 subsannat
887 2851 1154 2916 inimicus,
1176 2851 1228 2903 in
1244 2848 1438 2904 Filium
1465 2849 1556 2902 Dei
1583 2849 1736 2918 longa
1763 2848 1936 2901 omnis
1962 2846 2162 2902 transit

567 2945 816 3015 impietas
862 2960 875 2996 :
915 2959 1051 3020 ecce
1092 2941 1201 3013 jam
1252 2942 1406 2996 tertia
1459 2941 1683 3010 abyssus
1729 2948 2157 3011 supervocatur,

562 3040 852 3095 damnatur
875 3039 926 3093 in
957 3053 1118 3094 cruce
1147 3037 1334 3107 gloria:
1355 3036 1632 3101 Dominus,
1666 3036 1808 3090 inter
1839 3035 2077 3090 latrones
2105 3043 2160 3090 et

2252 1829 2413 1883 oratio
2439 1844 2551 1882 mea
2581 1826 2688 1882 Deo
2715 1829 2830 1882 vita:
2853 1843 3017 1882 meae:
3049 1827 3216 1880 dicam
3252 1824 3384 1890 Deo,
3413 1833 3683 1894 susceptor
3704 1839 3850 1878 meus

2251 1937 2323 1985 es,
2353 1936 2512 1990 quare
2542 1919 2727 1974 oblitus
2771 1920 2858 1974 es?
2889 1919 2989 1973 Dat
3017 1918 3267 1974 videlicet
3303 1915 3605 1972 doctrinam
3637 1927 3691 1972 et
3721 1931 3858 1970 con-

2254 2011 2575 2067 solutionem
2616 2011 2867 2066 omnibus
2891 2010 3057 2082 justis
3077 2051 3092 2078 ,
3127 2019 3184 2065 ut
3211 2009 3257 2065 si
3287 2025 3353 2065 ex
3384 2009 3568 2064 multis
3600 2011 3860 2064 lentatio-

2257 2123 2383 2163 num
2409 2108 2661 2165 fluctibus
2692 2111 2887 2179 operti,
2923 2108 3386 2180 perturbationem
3419 2123 3616 2164 sensus
3641 2109 3862 2181 patiun-

2255 2208 2377 2269 tur,
2405 2216 2524 2272 qua:
2557 2201 2791 2258 tenebrae
2831 2203 3110 2259 oculorum
3160 2219 3264 2258 nox
3297 2215 3548 2270 vocatur;
3584 2207 3859 2260 memine-

2257 2291 2366 2347 rint
2395 2293 2518 2364 quia
2548 2307 2763 2364 semper
2785 2294 2838 2349 in
2866 2293 3004 2350 hanc
3040 2289 3258 2350 noctem
3285 2295 3660 2350 manifestatur
3688 2292 3863 2350 mise-

2257 2385 2491 2440 ricordia
2517 2386 2611 2442 Dei
2636 2396 2827 2458 potens
2845 2428 2859 2453 ,
2889 2387 2993 2441 nisi
3023 2388 3094 2442 sit
3117 2397 3328 2458 tempus
3349 2402 3511 2442 causa
3535 2386 3859 2443 miserandi.

2258 2483 2366 2542 Sed
2391 2501 2513 2541 cum
2544 2489 2598 2541 in
2629 2487 2924 2557 periculum
2959 2485 3296 2550 venerimus,
3328 2495 3383 2540 et
3427 2485 3764 2556 perturbatio
3794 2499 3866 2540 ex

2261 2577 2643 2648 desperatione
2668 2577 2791 2632 vita:
2817 2575 3104 2647 quamdam
3127 2575 3279 2631 cordi
3301 2587 3489 2632 nostro
3511 2575 3701 2632 fecerit
3727 2589 3866 2630 noc-

2265 2680 2395 2735 tem,
2430 2679 2556 2725 tunc
2580 2669 2624 2725 si
2652 2669 2985 2740 potuerimus
3011 2668 3192 2726 dicere
3225 2688 3238 2723 :
3269 2665 3424 2741 Apud
3453 2685 3532 2723 me
3560 2670 3723 2723 oratio
3756 2667 3868 2722 Deo

2263 2777 2375 2817 meo
2407 2780 2418 2814 ί
2443 2763 2639 2827 αἰανῆ,
2672 2771 2931 2832 susceptor
2970 2779 3110 2816 meus
3129 2780 3200 2829 es,
3225 2779 3382 2833 quare
3410 2779 3488 2817 me
3507 2761 3868 2832 dereliquisti?

2266 2853 2381 2910 Hoc
2407 2870 2536 2926 ergo
2569 2856 2622 2910 in
2665 2863 2822 2911 nocte
2865 2855 3208 2911 retinendum
3254 2867 3372 2924 est;
3415 2867 3469 2910 et
3507 2873 3629 2911 eum
3681 2853 3874 2911 caeteri

2273 2963 2466 3002 sensus
2493 2931 2899 3018 perturbantur,
2952 2947 3056 3003 hoc
3083 2958 3262 3004 tamen
3287 2945 3520 3004 deficere
3562 2963 3670 3004 non
3703 2948 3876 3004 debet

2267 3040 2409 3110 quod
2447 3040 2740 3096 clamemus
2767 3039 2834 3094 ad
2868 3039 3154 3094 Dominum
3189 3057 3386 3110 :quare
3405 3056 3484 3094 me
3504 3040 3825 3110 dereliquisti
3843 3038 3877 3093 Γ

566 3133 764 3202 impios
805 3132 1114 3201 deputatur.
1152 3129 1286 3184 Vide
1315 3138 1512 3199 quanta
1538 3127 1744 3199 judicia
1773 3128 2004 3200 abyssus
2029 3142 2162 3182 con-
2189 3130 2237 3196 ρ
2269 3131 2335 3187 de
2364 3145 2470 3202 quo
2498 3145 2747 3187 sermone
2788 3131 2936 3202 prius
2966 3131 3315 3186 tractavimus
3363 3148 3377 3183 ;
3406 3131 3528 3200 quia
3568 3131 3668 3184 etsi
3702 3143 3879 3185 causa

565 3232 846 3295 sequatur,
875 3233 932 3277 ut
958 3222 1152 3276 merito
1175 3222 1244 3274 ab
1271 3221 1373 3275 hoc
1394 3221 1499 3276 dici
1532 3222 1702 3291 possit
1727 3239 1741 3292 ς
1764 3221 1966 3276 Omnes
1983 3219 2168 3276 altitu—

566 3317 722 3372 dines
749 3325 802 3372 et
831 3315 1024 3369 ﬂuctus
1063 3314 1139 3368 tui
1164 3327 1326 3382 super
1351 3327 1437 3366 me
1461 3314 1807 3366 transierunt.

643 3410 732 3465 12.
764 3409 832 3464 Ει
873 3407 962 3462 bic
1006 3407 1116 3477 jam
1158 3405 1287 3460 satis
1315 3405 1516 3460 dictum
1545 3412 1692 3475 puto.
1743 3404 1850 3460 Sed
1877 3419 1945 3460 ne
1975 3404 2166 3475 aliquis

570 3502 814 3572 requirat
863 3507 919 3554 et
947 3499 1126 3553 studio
1148 3498 1455 3568 prmterisse
1481 3512 1584 3553 nos
1629 3497 1920 3562 existimet,
1945 3497 2071 3568 quid
2097 3497 2168 3552 sit

565 3594 709 3665 quod
735 3594 807 3648 ait
839 3611 853 3647 :
887 3592 952 3647 In
976 3608 1094 3647 voce
1113 3601 1489 3645 cataractamm
1537 3601 1737 3645 tuarum
1768 3591 1978 3662 abyssus
2017 3590 2170 3661 abys-

569 3703 681 3742 sum
707 3689 905 3740 invocat
932 3725 946 3750 ,
1005 3686 1214 3740 modice
1238 3685 1304 3739 de
1356 3694 1747 3739 cataractarnm
1774 3700 1906 3739 voce
1947 3696 2164 3753 repeta-

571 3795 711 3834 mus.
747 3779 959 3832 Habent
985 3778 1168 3846 utique
1200 3777 1282 3829 hae
1328 3777 1564 3830 visibiles
1601 3792 1855 3847 aquarum
1886 3785 2170 3832 cataractae

573 3883 737 3924 voces
753 3882 899 3933 suas,
925 3867 1046 3938 quia
1077 3866 1396 3921 emissiones
1425 3866 1704 3920 ﬂuminum
1734 3883 1929 3922 sonare
1953 3877 2006 3922 et
2032 3878 2170 3924 stre-

575 3975 707 4033 pere
735 3974 957 4016 necesse
992 3967 1093 4013 est.
1137 3958 1206 4012 Et
1252 3959 1460 4028 quoties
1481 3973 1544 4013 ex
1571 3959 1778 4014 infinito
1806 3960 1926 4014 lacu
1955 3971 2171 4031 stagno-

575 4069 698 4110 rum
730 4053 813 4108 vel
860 4052 1083 4108 fontium
1124 4054 1457 4107 eructatione
1490 4062 1713 4123 surgunt
1741 4053 1790 4106 in
1839 4054 2040 4108 exitum
2073 4052 2172 4109 ﬂu-

576 4149 754 4213 mina,
789 4146 942 4216 cujus
971 4145 1292 4216 prol'undum
1325 4160 1663 4215 nequaquam
1693 4145 1929 4201 deiicere
1978 4158 2033 4201 et
2055 4161 2160 4201 ex-

577 4237 778 4294 hauriri
825 4246 986 4308 queat
1017 4253 1031 4302 ;
1063 4237 1198 4291 bene
1229 4236 1296 4291 de
1323 4236 1404 4290 liis
1427 4236 1622 4291 dicitur
1651 4234 1880 4308 abys~us
1906 4238 2160 4308 aby~sum

577 4330 794 4385 invocat
812 4330 867 4383 in
901 4343 1031 4382 voce
1053 4336 1463 4383 cataractarum.
1490 4329 1597 4386 Sed
1628 4344 1726 4384 nos
1748 4330 2056 4384 meminisse
2073 4331 2169 4386 de-

581 4423 770 4478 bemus
793 4421 862 4476 de
891 4420 1082 4491 quibus
1111 4421 1320 4492 aliyssis
1362 4422 1609 4489 loquatur
1659 4422 1937 4492 pr0plieta,
1963 4423 2028 4478 de
2051 4424 2174 4494 qui-

2268 3225 2590 3295 jndiciorum
2622 3224 2716 3279 Dei
2741 3238 2844 3278 non
2865 3223 3228 3292 intelligamus
3267 3237 3436 3293 quare
3463 3237 3562 3276 nos
3591 3221 3643 3276 in
3666 3221 3869 3292 aliqui-

2272 3315 2373 3371 bus
2405 3314 2792 3370 teutationibus
2817 3314 3126 3382 relinquat;
3157 3315 3391 3369 deiicere
3422 3323 3603 3369 tamen
3630 3328 3730 3368 nos
3756 3328 3875 3368 non

2272 3415 2489 3478 Oportet
2511 3449 2526 3471 .
2559 3407 2686 3478 quin
2715 3408 2783 3463 ab
2811 3408 2927 3478 ipso
2951 3406 3377 3462 misericordiam
3400 3405 3781 3477 deprecemur.

2348 3500 2433 3555 14.
2469 3500 2665 3568 Quare,
2714 3502 2922 3571 inquit,
2955 3502 3113 3555 tristis
3144 3501 3322 3554 incedo
3347 3540 3360 3564 ,
3411 3499 3532 3554 dunt
3571 3500 3768 3570 afﬂigit
3801 3514 3883 3553 me

2273 3593 2542 3660 inimicus,
2577 3593 2741 3648 Vens.
2774 3594 2862 3660 11,
2894 3603 2940 3648 et
2969 3593 3246 3665 confringit
3269 3607 3384 3646 ossa
3409 3590 3561 3645 mea?
3591 3590 3718 3644 Haec
3743 3605 3884 3662 ergo
3941 3624 3956 3637 -

2274 3701 2490 3758 semper
2518 3689 2680 3742 etiam
2729 3689 2780 3741 in
2811 3699 2972 3742 nocte
2999 3687 3138 3756 apud
3165 3688 3368 3755 justum
3399 3685 3502 3741 erit
3530 3685 3707 3738 uraliu
3731 3685 3878 3753 ejus.

2274 3779 2429 3845 Quod
2475 3788 2652 3833 autem
2701 3780 2776 3833 ait
2807 3796 2819 3832 :
2852 3777 3143 3850 Confringit
3167 3794 3282 3832 ossa
3315 3793 3426 3830 mea
3466 3794 3478 3828 :
3509 3791 3616 3830 non
3645 3777 3839 3847 utique
3863 3818 3880 3843 ,

2275 3872 2521 3946 proxima
2565 3887 2743 3937 mors,
2769 3873 3284 3944 subintelligendum
3314 3882 3432 3936 est;
3476 3871 3574 3928 sed
3613 3871 3734 3943 quia
3768 3871 3886 3940 ,bic

2277 3966 2328 4020 in
2353 3965 2699 4020 tribulatione
2743 3966 3090 4036 frangebatur
3118 3968 3371 4036 patientia
3418 3966 3571 4036 ejus,
3617 3981 3739 4036 qua:
3798 3973 3886 4021 est

2275 4061 2702 4114 Stabilimentum
2733 4067 2790 4114 et
2815 4060 3073 4114 fortitudo
3099 4061 3295 4114 mentis
3316 4068 3519 4116 nostra:
3537 4098 3554 4124 ,
3584 4059 3725 4112 sicut
3753 4071 3887 4115 ossa

2277 4163 2404 4208 sunt
2431 4155 2676 4222 corporis
2701 4173 2712 4206 :
2751 4169 2874 4208 ossa
2900 4153 3213 4224 patientiam
3236 4153 3466 4218 vocavit,
3492 4169 3612 4224 qua:
3637 4167 3759 4206 cum
3785 4168 3880 4208 as-

2279 4247 2447 4302 siduis
2478 4246 2912 4302 tribulationibus
2943 4246 3318 4318 confringetur
3361 4264 3372 4298 :
3405 4247 3529 4300 dum
3561 4246 3882 4318 confringit,

2280 4343 2387 4407 ait,
2431 4359 2547 4397 ossa
2590 4359 2701 4395 mea
2731 4384 2744 4408 ,
2778 4341 3217 4411 improperabant
3259 4340 3579 4396 tribulantes
3606 4355 3725 4406 me,
3754 4353 3887 4394 cum

2281 4435 2525 4491 dicerent
2553 4434 2798 4506 quotidie
2826 4452 2837 4488 :
2874 4433 2970 4489 Ubi
2996 4447 3068 4489 est
3099 4435 3239 4489 Deus
3271 4434 3431 4488 tuus?
3455 4433 3564 4491 Sed
3589 4434 3715 4489 licet
3743 4435 3889 4490 hanc

580 4517 684 4572 bus
717 4517 875 4570 etiam
909 4516 1179 4584 pra-locuti
1225 4530 1428 4568 SillllUS.
1461 4515 1640 4585 Itaque
1666 4526 1719 4570 01.
1758 4525 2054 4571 cataractas
2078 4518 2174 4573 IIO-
2201 4507 2260 4574 D
2283 4544 2500 4600 gravem
2549 4543 2762 4582 manum
2797 4529 2997 4581 sentiat,
3029 4528 3238 4598 justus,
3269 4528 3395 4599 quid
3425 4538 3602 4582 tamen
3633 4529 3750 4583 ﬁeri
3783 4543 3886 4584 ne.

579 4625 698 4666 rum
723 4624 882 4664 nosse
905 4607 1165 4662 debemus
1191 4627 1204 4660 :
1235 4623 1422 4662 oniues
1449 4617 1626 4662 autem
1646 4610 2004 4665 eructationes
2022 4610 2173 4680 judi-

578 4703 786 4758 ciorum
811 4701 904 4755 Dei
933 4716 1029 4772 per
1051 4715 1211 4755 voces
1228 4700 1608 4771 prophetarum
1633 4702 1934 4756 invenimus
1960 4703 2176 4758 Sonuis-

585 4811 664 4862 se,
699 4809 832 4866 quas
865 4794 950 4848 hic
988 4803 1284 4848 cataractas
1312 4793 1613 4868 appellatas,
1633 4795 1900 4850 existimo.
1927 4798 2168 4868 Abyssus

584 4889 836 4958 abyssum
883 4889 1095 4942 invocat
1126 4886 1176 4940 in
1201 4901 1333 4941 voce
1361 4867 1772 4942 cataractarum.
1826 4889 1950 4945 Post
1976 4867 2173 4960 praedi-

585 4982 849 5034 cationem
891 4983 1270 5051 prophelarum
1302 4990 1593 5035 consecuta
1627 4994 1752 5036 sunt
1785 4983 1876 5036 Dei
1922 4985 2124 5052 judicia
2154 5028 2171 5054 ,

584 5081 641 5127 et
665 5073 811 5127 velut
840 5085 1100 5128 vocarunt
1128 5057 1200 5129 ‘se
1227 5077 1276 5127 in
1309 5073 1452 5128 illam
1491 5091 1676 5130 vocem
1709 5093 1866 5144 quam
1895 5083 2168 5149 prazmise-

581 5172 672 5220 rat
693 5174 748 5216 ut
774 5180 1144 5235 sequeremur.
1177 5167 1285 5221 Vox
1313 5175 1594 5220 cataractae
1619 5167 1717 5222 fuit
1753 5189 1764 5222 -.
1803 5169 2170 5239 Opprimamus

524 5242 528 5252 “
575 5257 778 5327 justum
800 5257 921 5325 quia
949 5256 1143 5312 inutilis
1167 5267 1236 5311 est
1267 5257 1432 5323 nobis,
1458 5267 1501 5310 et
1529 5261 1815 5314 contrarius
1841 5271 1913 5314 est
1938 5263 2175 5333 operibus

583 5351 771 5404 nostris
798 5391 815 5417 ,
870 5358 916 5402 et
944 5347 1140 5402 Filium
1165 5349 1259 5404 Dei
1287 5367 1339 5404 se
1367 5349 1593 5403 nominat
1626 5350 1781 5422 (Sap.
1838 5369 1897 5420 ll,
1933 5353 2044 5424 12).
2079 5356 2173 5412 Αι-

579 5448 698 5497 tera
724 5453 831 5496 vox
851 5447 1137 5497 cataracta:
1154 5452 1268 5495 est:
1301 5440 1448 5496 Sicut
1473 5441 1578 5496 ovis
1602 5441 1670 5496 ad
1691 5443 1946 5500 victimam
1971 5445 2172 5502 adduc-

2279 4636 2434 4676 cesse
2463 4621 2566 4685 sit,
2596 4621 2814 4691 etquod
2857 4621 3156 4676 remedium
3199 4621 3550 4676 obtinendum
3575 4621 3646 4674 sit
3674 4621 3729 4676 in
3761 4637 3891 4692 per-

2281 4714 2669 4779 secutionibus,
2701 4712 2863 4768 docet
2886 4711 3093 4778 dicens,
3125 4713 3285 4767 Vens.
3318 4712 3386 4766 12
3415 4730 3429 4765 ;
3458 4711 3528 4766 Ut
3559 4713 3687 4782 quid
3726 4713 3890 4767 tristis

2281 4823 2354 4870 es,
2381 4807 2554 4860 anima
2582 4823 2713 4870 mea,
2744 4816 2799 4859 ut
2828 4806 2950 4876 quid
2969 4806 3240 4860 conturbas
3266 4805 3384 4860 me?
3406 4804 3572 4876 szra
3597 4806 3648 4858 in
3678 4803 3842 4859 Deum
3867 4846 3886 4872 ,

2282 4902 2401 4969 quia
2432 4901 2708 4967 conﬁtebor
2739 4899 2848 4964 illi,
2882 4899 3111 4954 salutare
3140 4899 3306 4953 vultus
3337 4900 3436 4954 mei
3465 4908 3515 4954 et
3546 4898 3686 4954 Deus
3719 4916 3886 4953 meus.

2285 4991 2401 5058 Quo
2425 4991 2580 5043 nobis
2603 4991 2883 5060 preposito
2912 4991 3194 5059 exemplo,
3229 4992 3273 5044 si
3299 5007 3403 5061 qua
3430 4993 3666 5058 vexatio,
3698 4993 3744 5046 si
3775 5006 3885 5063 qua

2288 5094 2572 5151 pressura,
2603 5081 2647 5134 si
2685 5081 2827 5152 quod
2860 5083 3244 5152 improperium
3290 5083 3522 5138 nominis
3553 5083 3643 5139 Dei
3678 5083 3888 5138 venerit

2287 5189 2591 5242 supernos,
2624 5175 2668 5228 si
2704 5174 2874 5228 tristis
2917 5177 3021 5230 erit
3048 5176 3228 5228 anima
3269 5184 3453 5228 nostra
3477 5217 3493 5240 ,
3524 5176 3568 5229 si
3603 5176 3886 5246 perturba-

2283 5265 2450 5335 bitur,
2483 5282 2580 5321 nos
2607 5266 2848 5322 dicamus
2883 5287 2894 5320 :
2929 5267 3099 5338 Spera
3129 5269 3182 5324 in
3212 5270 3400 5335 Deum,
3425 5268 3550 5339 quia
3578 5269 3884 5325 confitebor

2284 5360 2358 5414 illi
2386 5402 2401 5426 ,
2437 5371 2750 5430 protegente
2771 5360 2898 5417 Jesu
2925 5362 3145 5418 Christo
3193 5364 3419 5420 Domino
3441 5373 3652 5432 nostro,
3679 5364 3766 5422 cui
3792 5373 3880 5422 est

2282 5453 2453 5523 gloria
2482 5453 2534 5508 in
2555 5453 2752 5509 saecula
2772 5454 3118 5511 saeculorum.
3152 5455 3349 5513 Amen.
