4172 6188
295 288 403 349 909

298 418 1162 444 mw

961 305 971 316 ο
1027 284 1118 346 ne
1151 285 1503 346 omnem.
1534 288 1602 344 IN
1649 266 2466 351 EVANGELIUMMATTBE!
2505 291 2932 354 ADMONITIO.’
2981 291 2983 293 ‘

1370 445 2528 691 ADMONITIO

3483 293 3591 359 M0

291 800 453 884 DE
527 783 1413 885 COMMENTARIO
1471 801 1593 883 IN
1650 795 2448 888 EVANGELIUM
2507 806 2929 894 SANCTI
2987 810 3584 902 MATTH/EI.

1687 989 2162 1046 «sm-tea
2240 1011 2243 1014 ·

364 1139 405 1196 l.
432 1137 497 1194 In
525 1138 810 1208 Scripturis
836 1139 1148 1203 exponendis
1176 1137 1266 1207 qui
1295 1138 1487 1208 primas
1513 1137 1643 1190 inter
1672 1134 1886 1191 Latinos
1910 1135 1965 1194 A
1991 1131 2151 1189 habet
2221 1132 2290 1188 Et
2315 1135 2443 1190 liber
2485 1137 2814 1208 hymnorum,
2857 1148 2905 1193 et
2953 1143 3306 1212 ntysteriorum
3351 1144 3506 1212 alius,
3537 1151 3585 1200 et

293 1232 530 1288 Hilarius
569 1231 809 1288 obtineat.
833 1230 972 1298 Quid
989 1231 1197 1285 senserit
1215 1229 1278 1284 de
1318 1229 1627 1283 Tertulliani
1655 1229 1881 1294 scriptis.

289 1355 362 1366 —-
390 1323 705 1384 Versionem
725 1331 1051 1382 tractatuum
1073 1321 1318 1390 Origenls
1347 1321 1398 1376 in
1429 1319 1626 1375 Lucam
1655 1320 1886 1375 nonnul-

289 1418 360 1474 lis
388 1435 415 1472 a
447 1433 506 1474 se
555 1415 998 1488 exposcentibus,
1042 1415 1184 1470 hunc
1214 1414 1398 1468 Hilarii
1425 1411 1885 1468 Commentarium

290 1525 400 1568 una
429 1525 551 1566 eum
595 1511 768 1569 altera
799 1506 1058 1563 Victorini
1104 1507 1250 1561 misit
1301 1505 1677 1575 Hieronymus,
1704 1513 1888 1574 gratu-

291 1604 415 1660 lans
460 1603 602 1674 quod
659 1603 952 1672 Scripturis
994 1597 1329 1668 exponendis
1379 1601 1491 1667 itm
1546 1597 1753 1666 pridem
1785 1596 1889 1664 ipsi

292 1697 453 1753 etiam
491 1695 664 1756 Latini
711 1710 933 1765 Operam
981 1701 1291 1757 navassent.
1341 1690 1771 1751 Commentarios,
1801 1689 1888 1742 in—

293 1789 409 1860 quit
447 1790 692 1859 prologo,
745 1789 835 1856 qui
887 1786 1136 1857 Origenis
1191 1785 1242 1839 in
1291 1783 1489 1839 Lucam
1528 1781 1888 1851 cxplanationi

293 1880 548 1952 prmﬁxus
577 1891 678 1942 est,
710 1880 806 1933 viri
858 1878 1258 1946 eloquentissimi
1309 1876 1530 1942 Hilarii,
1566 1885 1611 1929 et
1653 1872 1716 1929 Β.
1748 1889 1889 1927 mar-

293 1973 423 2042 tyris
461 1970 730 2033 Victorini,
770 1987 899 2040 quos
929 1971 980 2024 iu
1016 1969 1263 2024 Matt/nea
1298 1969 1501 2024 diverso
1530 1984 1780 2033 sermone,
1802 1966 1892 2020 sed

300 2081 407 2122 una
445 2065 612 2134 gratia
639 2064 868 2133 Spiritus
900 2063 1188 2128 ediderunt,
1224 2073 1334 2132 post
1359 2078 1548 2133 paucos
1578 2062 1686 2115 dies
1713 2061 1781 2114 ad
1807 2075 1892 2114 vos

295 2159 499 2214 mittere
526 2159 777 2227 disposui,
811 2176 875 2212 ne
909 2157 1154 2228 ignoretis
1182 2166 1429 2227 quantum
1459 2157 1648 2208 nostris
1695 2169 1896 2222 quoque

296 2249 589 2308 hominibus
615 2249 847 2321 (Latinis
877 2245 1152 2318 videlicet.)
1182 2258 1474 2303 sanctarum
1508 2247 1894 2315 Scripturarum

295 2341 553 2413 quondam
574 2341 802 2394 studium
835 2342 1010 2411 fuerit.
1037 2340 1246 2406 Quibus
1276 2340 1454 2394 verbis
1482 2337 1714 2408 quodam
1740 2347 1896 2408 pacto

300 2435 504 2492 indicat
532 2435 910 2506 Hieronymus,
939 2450 1216 2490 sacrarum
1245 2434 1545 2488 litterarum
1588 2433 1895 2502 intelligen-

1988 1226 2337 1280 commenlarii
2365 1227 2417 1279 in
2451 1226 2770 1293 llatthwum,
2803 1238 2851 1282 et
2881 1241 3125 1285 tractatus
3147 1233 3199 1285 in
3226 1232 3350 1298 Job,
3379 1252 3505 1301 quos
3524 1237 3589 1291 de

1986 1333 2155 1386 grwco
2185 1317 2420 1389 Origenis
2439 1319 2508 1372 ad
2531 1337 2732 1374 sensum
2760 1323 3041 1376 transtulit.
3073 1329 3286 1394 Anceps
3311 1328 3456 1381 enim
3483 1338 3589 1391 est,

1989 1425 2056 1464 an
2080 1411 2226 1466 solos
2248 1421 2502 1467 tractatus
2525 1415 2575 1467 in
2601 1414 2702 1469 Job
2727 1417 2847 1471 velit
2871 1433 2934 1471 ex
2950 1433 3129 1485 grtoco
3151 1418 3398 1490 Origenis
3413 1431 3586 1475 trans-

1990 1502 2147 1568 latos,
2179 1519 2245 1558 an
2271 1505 2432 1560 etinn
2461 1522 2582 1561 cum
2613 1509 2678 1562 iis
2707 1508 3134 1566 Commentarios
3169 1513 3219 1566 in
3248 1513 3580 1568 Matthmun't.

1990 1593 2060 1648 At
2102 1596 2500 1666 ambiguitatem
2546 1598 2661 1669 ipse
2701 1601 2865 1656 solvit
2913 1605 3073 1671 epist.
3121 1620 3284 1670 Lxxv,
3333 1606 3592 1660 adversus

1994 1687 2364 1759 Vigilantium,
2393 1709 2421 1746 a
2449 1710 2555 1762 quo
2578 1705 2860 1749 accusatus
2885 1697 3028 1765 quod
3057 1699 3306 1768 Origenis
3332 1699 3491 1754 lectio
3514 1699 3591 1754 la-

1993 1782 2218 1838 miliaris
2239 1785 2285 1837 ei
2310 1783 2518 1852 fuisset,
2548 1800 2668 1840 cum
2693 1788 2882 1857 primis
2903 1791 3118 1856 reponit
3143 1805 3154 1842 :
3188 1791 3248 1845 Si
3271 1793 3367 1844 hoc
3395 1793 3592 1844 crimen

1993 1885 2086 1939 est,
2117 1887 2368 1946 arguatur
2395 1887 2440 1930 et
2468 1882 2728 1950 confessor
2759 1878 3021 1945 Hilarius,
3053 1883 3139 1949 qui
3171 1884 3486 1950 psalmorum
3505 1884 3593 1936 in-

1992 1969 2400 2035 terpretationem
2429 1979 2475 2024 et
2501 1971 2743 2024 homilias
2771 1972 2824 2025 in
2857 1971 2958 2025 Job
2987 1989 3051 2026 ea:
3073 1973 3219 2027 libris
3243 1974 3378 2041 ejus,
3413 1974 3469 2027 id
3494 1983 3591 2040 est,

1995 2074 2057 2111 ea:
2074 2075 2242 2129 greco
2263 2061 2315 2114 in
2339 2061 2553 2114 latinum
2591 2063 2880 2117 transtullt.
2916 2063 3100 2133 Neque
3135 2066 3279 2120 enim
3315 2067 3415 2120 ltoc
3447 2068 3590 2134 loco,

1994 2149 2059 2203 ad
2090 2151 2344 2220 majorem
2375 2166 2551 2206 causa:
2580 2169 2691 2207 suae
2720 2153 3114 2218 defensionem,
3155 2153 3590 2214 Commentarios

1997 2241 2050 2295 in
2096 2241 2404 2297 Matthzeum
2453 2244 2670 2298 silentio
2719 2246 3172 2314 praetermisisset,
3205 2248 3248 2301 si
3279 2263 3376 2303 eos
3425 2248 3592 2306 etiam

1995 2333 2317 2389 credidisset
2342 2351 2410 2390 ex
2457 2336 2689 2406 Origene
2717 2338 3026 2393 translatos.
3057 2339 3164 2394 Sed
3195 2351 3248 2394 et
3285 2341 3389 2402 hoc
3419 2341 3595 2412 ipsum

1998 2428 2167 2497 magis
2193 2437 2341 2498 patet
2366 2445 2430 2485 ex
2463 2430 2616 2484 initio
2655 2432 2916 2503 apologitn
2958 2433 3138 2502 ipsius,
3163 2433 3426 2490 adversus
3458 2435 3594 2490 Buf-

299 2531 428 2584 tiam
487 2529 748 2590 hactenus
777 2543 808 2583 e
838 2527 1042 2584 Graecis
1069 2528 1374 2598 quaesitam,
1401 2535 1450 2580 et
1483 2523 1711 2580 necdum
1755 2525 1894 2581 bene
1926 2514 1970 2574 Β
1999 2521 2189 2587 linum,
2215 2523 2306 2577 ubi
2331 2537 2658 2578 enumerans
2677 2525 2928 2595 antiquos
2947 2526 3195 2596 Origenis
3220 2530 3596 2601 Iranslatores,

298 2631 461 2678 notos
487 2621 576 2690 qui
607 2636 672 2675 ex
699 2619 904 2676 Latinis
935 2620 1075 2676 idem
1108 2619 1343 2674 studium
1372 2618 1754 2687 suscepissent.
1776 2618 1896 2687 Ipse

303 2712 355 2766 in
384 2711 480 2766 lib.
523 2711 589 2766 de
626 2711 822 2782 Script.
866 2711 1001 2768 eccl.
1047 2711 1092 2766 si
1132 2709 1471 2768 Victorinum
1512 2710 1768 2778 excipias,
1805 2710 1894 2779 qui

300 2804 462 2860 etiam
512 2820 611 2858 non
637 2819 780 2873 atque
810 2804 964 2860 latine
999 2813 1053 2857 ut
1097 2819 1262 2874 graece
1302 2811 1527 2868 noverat,
1549 2801 1748 2856 nullius
1770 2810 1895 2858 ante

303 2899 569 2955 Hilarium
621 2900 675 2953 in
704 2897 1012 2968 Scriptores
1038 2913 1255 2968 cperam
1286 2908 1570 2960 memorat,
1607 2898 1707 2951 nisi
1737 2897 1898 2952 Rhae-

305 2990 401 3048 tici
434 2991 743 3046 "editorum
787 2991 1028 3061 episcopi
1075 2991 1126 3045 in
1166 2989 1412 3055 Cantica,
1445 2998 1498 3044 et
1523 2989 1897 3045 Fortunatiani

302 3080 664 3151 Aquileiensis
691 3083 740 3146 in
769 3093 998 3152 quatuor
1037 3081 1322 3152 Evangelia
1350 3081 1486 3134 brevi
1506 3090 1552 3134 et
1579 3082 1770 3134 rustico
1787 3097 1896 3134 ser-

304 3189 470 3228 mone.
498 3175 588 3228 llis
615 3182 793 3228 autem
824 3189 945 3228 cum
977 3173 1199 3242 aequalis
1227 3172 1385 3226 luerit
1418 3171 1672 3236 Hilarius,
1699 3174 1899 3240 primas

301 3268 351 3324 ei
387 3268 525 3321 inter
569 3265 791 3326 Latinos
823 3267 1118 3336 Scriptura:
1176 3264 1496 3333 interpretes
1537 3263 1668 3318 dare
1695 3265 1738 3318 si
1790 3279 1898 3318 non

303 3358 524 3423 licebit;
551 3358 736 3414 licebit
764 3370 913 3413 certe
933 3373 1056 3412 cum
1086 3357 1272 3426 primis
1298 3371 1420 3412 eum
1452 3371 1763 3411 accensere.
1797 3356 1901 3410 Du.-

303 3449 465 3504 bitari
497 3449 657 3505 etiam
704 3456 901 3518 potest,
949 3465 1016 3502 an
1051 3447 1282 3502 Mattluei
1329 3447 1665 3516 evangelium
1697 3446 1764 3500 ab
1788 3446 1900 3503 ullo

303 3541 620 3600 Latinorum
651 3552 777 3597 ante
824 3557 883 3596 se
911 3541 1260 3610 explanatum
1303 3541 1507 3595 scierit.
1540 3538 1725 3608 Neque
1751 3539 1896 3594 enim

303 3632 520 3688 videtur
544 3633 935 3703 expositionem
964 3631 1106 3687 illius
1130 3646 1486 3702 aggressurus
1515 3630 1700 3696 fuisse,
1722 3631 1766 3685 si
1797 3630 1900 3686 hoc

306 3724 476 3780 latine
521 3725 630 3794 jam
670 3726 975 3780 conlectum
1033 3725 1319 3788 rescisset;
1349 3739 1471 3778 cum
1506 3723 1594 3778 vel
1625 3723 1678 3777 in
1700 3722 1898 3776 oratio-

305 3830 432 3872 nem
459 3805 817 3882 Dominicant,
853 3823 912 3872 ut
939 3823 1165 3870 testatur
1198 3816 1313 3884 ipse
1350 3828 1399 3868 c.
1429 3813 1484 3880 5,
1517 3813 1717 3866 idcirco
1743 3810 1900 3865 dum-

302 3920 460 3968 taxat
484 3911 727 3966 scribere
768 3909 1154 3978 supersederit,
1181 3909 1306 3979 quia
1330 3907 1577 3964 eamdem
1600 3905 1898 3977 Cyprianus

299 4004 648 4075 explicasset.
679 4003 798 4071 Quo
831 4004 884 4057 in
915 4003 1036 4058 loco
1078 4016 1183 4057 non
1213 4002 1337 4058 silet
1365 4000 1703 4072 aptissimum
1735 3999 1898 4056 etiam

302 4096 370 4158 die
391 4096 582 4154 eadem
633 4097 879 4156 oratione
903 4095 1156 4151 volumen
1201 4110 1230 4147 a
1253 4093 1591 4149 Tertulliano
1612 4093 1896 4162 scriptum,

300 4189 399 4246 sed
451 4189 520 4246 ob
573 4205 813 4244 errorem
865 4197 1287 4256 eonsequentem
1341 4185 1575 4240 bominis
1601 4183 1897 4238 detractam

299 4283 526 4349 scriptis
547 4280 915 4350 probabilibus
939 4278 1342 4334 auctoritatem.
1367 4276 1534 4346 .IEgre
1559 4274 1777 4344 quidem
1807 4273 1902 4328 da.-

305 4382 460 4434 retur
496 4372 752 4428 Vielorini
783 4386 947 4438 opera
977 4385 1095 4425 cum
1122 4371 1419 4439 ignorasse,
1451 4367 1497 4420 si
1521 4382 1643 4422 cum
1663 4365 1900 4425 Mariano

301 4469 358 4524 iu
383 4466 622 4522 editione
652 4465 966 4536 Hieronymi
992 4465 1059 4518 de
1091 4464 1290 4534 Script.
1321 4462 1518 4518 eccles.
1549 4461 1690 4516 idem
1722 4458 1903 4516 Victo-

301 4558 458 4623 rinus
491 4556 848 4622 Pictaoiertsis,
893 4565 947 4610 et
994 4570 1100 4610 non
1142 4555 1320 4624 potius
1368 4569 1490 4609 cum
1521 4567 1653 4607 mss.
1683 4558 1774 4606 aut
1799 4548 1898 4604 Pi-

303 4656 640 4720 taoiomsia,
671 4665 765 4710 aut
788 4651 1190 4714 Petobionensis,
1215 4659 1308 4706 aut
1337 4648 1776 4711 Poetabionensis,
1810 4654 1902 4703 aut

299 4750 563 4819 denique,
594 4747 736 4816 quod
766 4745 931 4802 habet
957 4743 1346 4801 Germanensis
1368 4744 1538 4799 codex
1561 4743 1754 4797 litteris
1783 4740 1900 4795 Me-

301 4842 596 4914 rovingicis
624 4853 904 4907 exoratus,
934 4840 1354 4896 Pectubionensis
1383 4840 1435 4894 in
1458 4839 1740 4909 superiore
1763 4837 1902 4892 Pan-

303 4935 470 4992 notua
515 4935 801 5006 episcopus
842 4931 1163 4999 scribendos
1205 4940 1369 4986 esset.
1402 4931 1508 4987 Sed
1532 4940 1586 4986 et
1613 4947 1675 4985 ex
1711 4930 1901 4985 Hiero-

303 5043 474 5101 nymo
512 5028 624 5098 jam
669 5026 970 5082 audivimus
1005 5023 1429 5082 commentarios
1488 5023 1766 5094 utriusque
1819 5021 1900 5077 di-

305 5140 465 5180 verso
510 5138 765 5178 sermone
790 5121 956 5177 fuisse
983 5118 1340 5188 conscriptos.
1371 5117 1554 5188 Itaque
1575 5117 1700 5171 dum
1727 5119 1781 5173 in
1818 5117 1902 5172 his

305 5217 536 5276 aliorum
575 5217 869 5271 sententias
914 5213 1072 5268 affert
1109 5210 1364 5276 Hilarius,
1394 5226 1500 5265 non
1531 5217 1637 5263 tam
1682 5209 1900 5265 Graecos

307 5307 689 5378 intelligendus
719 5317 802 5361 est
829 5317 1150 5367 memorare,
1191 5317 1349 5372 quam
1382 5299 1624 5356 Latinos.

377 5400 446 5457 ll.
487 5400 569 5454 An
594 5399 648 5453 iu
690 5398 784 5452 hoc
813 5413 961 5467 apere
983 5395 1261 5464 quidquam
1290 5409 1355 5448 ea:
1391 5390 1610 5462 Origene
1638 5400 1896 5446 mutuatus

303 5496 392 5549 sit.
424 5522 498 5542 —.-
527 5491 642 5547 Non
668 5492 861 5546 desunt
901 5489 991 5559 qui
1024 5494 1248 5557 putent,
1276 5485 1428 5543 illum
1458 5493 1515 5540 ut
1554 5485 1604 5538 in
1637 5485 1896 5554 psalmos,

301 5592 380 5646 ita
408 5599 466 5645 et
488 5589 574 5643 hic
605 5591 655 5643 in
685 5585 1014 5649 llatthteum,
1041 5584 1332 5651 Scriptura:
1359 5595 1550 5636 sensus
1571 5594 1638 5634 ex
1667 5579 1900 5647 Origene

307 5682 475 5737 fuisse
501 5690 823 5736 mutuatum.
875 5677 1187 5745 Hieronymi
1235 5674 1400 5728 verba
1445 5672 1541 5726 lib.
1581 5671 1651 5727 de
1697 5670 1896 5739 Script.

305 5775 446 5832 eccl.
473 5773 719 5845 ambigua
744 5781 890 5837 sunt,
917 5784 1039 5824 cum
1063 5767 1249 5822 Hilarii
1287 5781 1451 5836 opera
1474 5779 1763 5822 recensens
1789 5763 1904 5819 haec

1997 2613 2177 2666 statim
2212 2615 2412 2681 profert
2443 2613 2700 2669 Hilarium
2726 2621 3093 2687 confessorem,
3136 2620 3590 2692 quiquadraginta

1999 2707 2159 2775 ferme
2187 2705 2350 2760 millia
2371 2723 2606 2761 versuum
2638 2707 2876 2780 Origenis
2896 2711 2950 2763 in
2973 2710 3073 2765 Jolr
3095 2722 3145 2766 et
3174 2714 3402 2784 psalmos
3429 2725 3602 2770 trans-

2000 2799 2135 2851 tulit.
2164 2797 2322 2854 Certe
2354 2800 2404 2853 in
2437 2812 2686 2871 promptu
2724 2803 2771 2858 ei
2799 2804 2971 2874 magis
3001 2813 3117 2860 erat
3145 2809 3594 2866 commentarium

2001 2888 2289 2958 integrum,
2317 2907 2473 2961 quam
2503 2903 2580 2947 tot
2603 2909 2856 2949 versuum
2887 2898 3052 2952 millia
3080 2913 3384 2955 recensere.
3416 2901 3523 2956 Aut
3548 2901 3597 2960 si

1999 2996 2066 3034 ex
2089 2997 2315 3036 nmnero
2334 2998 2583 3038 versuum
2609 2987 2813 3055 putavit
2838 2997 3017 3056 partes
3037 3003 3163 3043 suas
3185 2993 3381 3060 juvari,
3412 2992 3600 3062 quidni

1999 3086 2064 3126 ex
2112 3074 2453 3130 multitudine
2497 3078 2763 3146 operum?
2809 3078 2946 3147 Quid
2988 3081 3130 3150 quod
3174 3083 3423 3153 Origenis
3454 3093 3601 3142 trac-

2000 3173 2144 3219 tatus
2170 3169 2546 3234 eitpetentibus
2578 3169 2678 3224 hoc
2707 3170 2895 3225 Hilarii
2923 3188 3059 3241 opus
3093 3176 3446 3245 promittens,
3490 3193 3600 3236 non

2000 3259 2220 3315 mandat
2242 3259 2490 3332 Origenis
2518 3264 2801 3319 sententiis
2837 3265 3117 3334 refertum,
3149 3267 3244 3324 sed
3272 3271 3440 3341 gratia
3472 3271 3597 3343 δρία

2000 3352 2129 3406 ritus
2154 3352 2180 3404 ?

2071 3441 2158 3497 HI.
2203 3444 2407 3515 δίεμαι.
2440 3445 2617 3502 —Sed
2649 3463 2822 3517 neque
2871 3448 3034 3516 huius
3071 3453 3446 3506 commentarii
3475 3469 3598 3511 cum

2003 3537 2464 3594 lucubrationibus
2509 3541 2596 3607 iis,
2636 3531 2770 3609 quas
2817 3557 2882 3594 ex
2912 3540 3142 3612 Origene
3190 3545 3242 3598 iu
3289 3545 3600 3602 Mattltteum

2003 3629 2306 3698 habemus,
2371 3630 2622 3700 frequens
2668 3633 2956 3688 admodum
3004 3638 3240 3692 occurrit
3283 3641 3594 3696 consensio.

2003 3721 2115 3777 Hoc
2145 3737 2272 3776 vero
2303 3723 2534 3778 tnaxime
2575 3724 2643 3778 ab
2670 3723 2735 3778 iis
2762 3725 3031 3790 dissentit,
3061 3728 3206 3798 quod
3252 3744 3372 3792 rara
3419 3731 3474 3792 in
3504 3747 3597 3788 re-

2003 3831 2120 3869 rum
2152 3827 2520 3872 enarratarum
2565 3819 2933 3888 probationem
2979 3823 3375 3894 Scripturarum
3426 3825 3601 3884 addu-

2001 3917 2192 3962 cantur
2223 3909 2550 3966 testimonia.
2599 3910 2872 3982 Nusquam
2903 3915 3066 3970 etiam
3117 3917 3275 3972 latius
3314 3918 3595 3990 divagatur

2000 4004 2208 4069 oratio;
2236 4004 2331 4059 sed
2361 4020 2529 4076 prope
2555 4020 2770 4077 semper
2797 4023 2979 4063 sermo
3008 4012 3279 4082 concisus,
3329 4028 3381 4068 et
3411 4019 3598 4084 paucis

2001 4096 2364 4165 complectens
2390 4098 2555 4152 multa
2583 4114 2596 4151 :
2625 4098 2766 4168 quod
2792 4100 2859 4154 ab
2885 4101 3204 4170 Origeniana
3233 4103 3476 4162 discendi
3505 4123 3592 4163 ra-

2001 4188 2146 4242 tione
2174 4190 2358 4258 procul
2385 4189 2554 4244 abest.
2588 4189 2845 4246 Brevitati
2877 4203 3054 4249 autem
3076 4195 3203 4251 dum
3235 4199 3417 4254 studet
3444 4200 3598 4256 Hila-

2003 4281 2134 4347 rius,
2169 4280 2420 4335 nonnulla
2453 4283 2650 4350 passim
2698 4284 2885 4339 reticet
2930 4288 3114 4354 verba,
3165 4303 3340 4360 neque
3369 4307 3590 4363 semper

2000 4371 2263 4426 accuratis
2309 4375 2672 4442 grammaticte
2720 4377 2928 4446 legibus
2975 4379 3346 4452 adstringitur.
3396 4384 3504 4440 Sed
3533 4395 3588 4443 et

2000 4463 2262 4534 quosdam
2291 4463 2580 4535 Scriptura:
2608 4466 2756 4522 locos
2781 4468 2848 4522 ita
2879 4469 3066 4525 leviter
3102 4475 3289 4544 tangit,
3332 4483 3389 4528 ut
3417 4476 3588 4532 inter-

2002 4554 2128 4610 dum
2155 4558 2319 4612 menti
2347 4574 2450 4611 non
2469 4572 2716 4615 occurrat
2738 4561 2863 4630 quid
2896 4563 3039 4630 velit,
3063 4565 3164 4620 nisi
3190 4577 3396 4636 partem
3416 4570 3594 4625 Evan-

2001 4647 2128 4718 gelii
2173 4664 2332 4719 quam
2363 4650 2614 4719 explanat
2661 4653 2988 4723 praue-geris.
3039 4653 3159 4724 Ipse
3203 4670 3258 4714 ut
3300 4661 3590 4729 plurimum

2003 4743 2308 4812 evangelica
2335 4743 2477 4798 dicta
2507 4754 2730 4814 gestare
2759 4746 2984 4801 strictim
3007 4754 3372 4818 percurrendo
3387 4769 3449 4810 ea
3472 4757 3592 4812 ani-

2004 4851 2093 4890 mo
2119 4837 2276 4892 sistit.
2325 4836 2460 4891 Tum
2493 4838 2684 4893 litterae
2724 4853 2939 4894 sensum
2979 4855 3362 4914 nonnunquam
3403 4850 3592 4918 paucis

2004 4928 2221 4985 indicat.
2251 4929 2321 4984 At
2353 4932 2652 5000 praecipuus
2679 4947 2743 4986 ac
2772 4930 2885 4988 fere
2907 4941 3053 4990 totus
3079 4935 3222 4992 illius
3250 4937 3401 4995 labor
3421 4953 3505 4998 est
3527 4944 3586 5002 in

2004 5022 2336 5092 Spiritalibus
2356 5034 2416 5078 et
2438 5023 2702 5078 abswusis
2723 5025 2974 5082 sensibus
2998 5026 3405 5101 investigandis.

2077 5112 2164 5169 IV.
2196 5113 2578 5184 Interpretandi
2607 5117 2760 5170 ratio.
2791 5147 2862 5156 —
2885 5117 3000 5173 Non
3025 5121 3168 5175 enim
3198 5130 3404 5180 tantum
3437 5138 3593 5188 vetus

2007 5205 2445 5270 instrumentum,
2470 5207 2565 5262 sed
2596 5207 2758 5262 etiam
2799 5224 2995 5264 novum
3021 5251 3036 5276 ,
3065 5223 3262 5281 printer
3291 5217 3594 5288 simplicem

1928 5276 1983 5338 Ῑ)
2010 5297 2450 5368 intelligentiam,
2481 5298 2653 5352 altera
2681 5300 2844 5353 etiam
2871 5276 3083 5370 altiore,
3111 5302 3370 5365 interiore
3397 5276 3456 5367 et
3476 5276 3591 5380 api;

2009 5393 2147 5448 ritali
2180 5391 2434 5448 refertum
2460 5406 2580 5446 esse
2606 5391 2988 5449 existimabat:
3019 5396 3203 5453 Sermo
3242 5400 3342 5455 Dei
3360 5443 3374 5466 ,
3418 5403 3593 5474 inquit

2003 5501 2121 5555 cap.
2156 5485 2241 5548 η,
2275 5501 2330 5538 n.
2359 5483 2412 5548 9,
2444 5484 2582 5537 dives
2604 5494 2698 5546 est,
2723 5496 2770 5539 et
2798 5489 2865 5540 ad
2901 5503 3258 5558 argumentum
3287 5497 3484 5565 pontus
3507 5499 3593 5552 in-

2003 5577 2293 5648 telligentia:
2319 5577 2591 5645 plurimam
2616 5577 2680 5630 de
2699 5595 2752 5631 se
2771 5583 3122 5648 exemplorum
3142 5587 3338 5655 copiam
3361 5589 3548 5655 protect
3571 5602 3594 5645 ε

2005 5679 2052 5724 et
2081 5668 2159 5724 vel
2182 5667 2484 5737 simpliciter
2512 5667 2796 5728 intellectus
2813 5710 2830 5737 ,
2857 5672 2936 5725 vel
2961 5673 3216 5742 impactus
3251 5676 3494 5744 interius,
3524 5681 3594 5734 otl

2007 5777 2208 5817 omnem
2231 5759 2517 5832 profectum
2537 5770 2610 5820 est
2637 5763 2969 5818 accusatius.
3002 5764 3111 5819 Sed
3130 5766 3316 5822 relictis
3357 5770 3437 5827 liis
3479 5790 3595 5844 qua
