  <div class='ocr_page' id='page_1' title='image "/cluster/home/n/w/nwhite01/storage/ocr_20150623/9/hvd.32044096580378/473.png"; bbox 0 0 4172 6188; ppageno 0'>
   <div class='ocr_carea' id='block_1_1' title="bbox 547 265 768 328">
    <p class='ocr_par' dir='ltr' id='par_1_1' title="bbox 547 265 768 328">
     <span class='ocr_line' id='line_1_1' title="bbox 547 265 768 328; baseline -0.009 0"><span class='ocrx_word' id='word_1_1' title='bbox 547 271 650 328; x_wconf 83' lang='grc'><strong>911</strong></span> <span class='ocrx_word' id='word_1_2' title='bbox 755 265 768 314; x_wconf 68' lang='lat'><strong>&#39;~</strong></span> 
     </span>
    </p>
   </div>
   <div class='ocr_carea' id='block_1_2' title="bbox 1491 256 3046 321">
    <p class='ocr_par' dir='ltr' id='par_1_2' title="bbox 1491 256 3046 321">
     <span class='ocr_line' id='line_1_2' title="bbox 1491 256 3046 321; baseline 0.001 -4"><span class='ocrx_word' id='word_1_3' title='bbox 1491 259 1582 317; x_wconf 87' lang='lat' dir='ltr'><strong>DE</strong></span> <span class='ocrx_word' id='word_1_4' title='bbox 1619 256 2114 316; x_wconf 80' lang='lat' dir='ltr'><strong>COMMENTARIO</strong></span> <span class='ocrx_word' id='word_1_5' title='bbox 2165 256 2416 315; x_wconf 81' lang='lat' dir='ltr'><strong>SANCTI</strong></span> <span class='ocrx_word' id='word_1_6' title='bbox 2447 257 2703 318; x_wconf 76' lang='lat' dir='ltr'><strong>HILARII</strong></span> <span class='ocrx_word' id='word_1_7' title='bbox 2733 257 3046 321; x_wconf 81' lang='lat' dir='ltr'><strong>EPISCOPI</strong></span> 
     </span>
    </p>
   </div>
   <div class='ocr_carea' id='block_1_3' title="bbox 3739 263 3849 320">
    <p class='ocr_par' dir='ltr' id='par_1_3' title="bbox 3739 263 3849 320">
     <span class='ocr_line' id='line_1_3' title="bbox 3739 263 3849 320; baseline 0 0"><span class='ocrx_word' id='word_1_8' title='bbox 3739 263 3849 320; x_wconf 72' lang='lat'><strong>912</strong></span> 
     </span>
    </p>
   </div>
   <div class='ocr_carea' id='block_1_4' title="bbox 555 370 3842 449">
    <p class='ocr_par' dir='ltr' id='par_1_4' title="bbox 555 370 3842 449">
     <span class='ocr_line' id='line_1_4' title="bbox 555 370 3842 449; baseline -0.002 -11"><span class='ocrx_word' id='word_1_9' title='bbox 555 384 623 438; x_wconf 89' lang='lat' dir='ltr'><strong>ad</strong></span> <span class='ocrx_word' id='word_1_10' title='bbox 649 395 963 438; x_wconf 80' lang='lat' dir='ltr'><strong>communem</strong></span> <span class='ocrx_word' id='word_1_11' title='bbox 987 375 1373 449; x_wconf 74' lang='lat' dir='ltr'><strong>intelligentiam</strong></span> <span class='ocrx_word' id='word_1_12' title='bbox 1395 381 1590 447; x_wconf 89' lang='lat' dir='ltr'><strong>patent,</strong></span> <span class='ocrx_word' id='word_1_13' title='bbox 1623 373 1791 428; x_wconf 88' lang='lat' dir='ltr'><strong>causis</strong></span> <span class='ocrx_word' id='word_1_14' title='bbox 1814 370 2141 425; x_wconf 88' lang='lat' dir='ltr'><strong>interioribus</strong></span> <span class='ocrx_word' id='word_1_15' title='bbox 2168 370 2222 430; x_wconf 82' lang='lat' dir='ltr'><strong>A</strong></span> <span class='ocrx_word' id='word_1_16' title='bbox 2245 383 2396 441; x_wconf 71' lang='lat' dir='ltr'><strong>goga:</strong></span> <span class='ocrx_word' id='word_1_17' title='bbox 2420 412 2436 439; x_wconf 90' lang='lat'><strong>,</strong></span> <span class='ocrx_word' id='word_1_18' title='bbox 2486 371 2794 430; x_wconf 70' lang='lat' dir='ltr'><strong>Judazorum</strong></span> <span class='ocrx_word' id='word_1_19' title='bbox 2844 385 2899 430; x_wconf 88' lang='lat' dir='ltr'><strong>et</strong></span> <span class='ocrx_word' id='word_1_20' title='bbox 2951 375 3203 432; x_wconf 87' lang='lat' dir='ltr'><strong>Gentium</strong></span> <span class='ocrx_word' id='word_1_21' title='bbox 3260 389 3361 432; x_wconf 88' lang='lat' dir='ltr'><strong>seu</strong></span> <span class='ocrx_word' id='word_1_22' title='bbox 3406 375 3842 432; x_wconf 41' lang='lat' dir='ltr'><strong>Christianorum</strong></span> 
     </span>
    </p>
   </div>
   <div class='ocr_carea' id='block_1_5' title="bbox 553 466 2146 543">
    <p class='ocr_par' dir='ltr' id='par_1_5' title="bbox 553 466 2146 543">
     <span class='ocr_line' id='line_1_5' title="bbox 553 466 2146 543; baseline -0.011 -9"><span class='ocrx_word' id='word_1_23' title='bbox 553 482 900 534; x_wconf 88' lang='lat' dir='ltr'><strong>iutmoremur.</strong></span> <span class='ocrx_word' id='word_1_24' title='bbox 942 474 1150 543; x_wconf 84' lang='lat' dir='ltr'><strong>Quibus</strong></span> <span class='ocrx_word' id='word_1_25' title='bbox 1176 472 1355 529; x_wconf 86' lang='lat' dir='ltr'><strong>verbis</strong></span> <span class='ocrx_word' id='word_1_26' title='bbox 1381 471 1651 536; x_wconf 75' lang='lat' dir='ltr'><strong>declarat,</strong></span> <span class='ocrx_word' id='word_1_27' title='bbox 1693 467 1958 538; x_wconf 85' lang='lat' dir='ltr'><strong>duplicem</strong></span> <span class='ocrx_word' id='word_1_28' title='bbox 2001 466 2146 519; x_wconf 85' lang='lat' dir='ltr'><strong>illam</strong></span> 
     </span>
    </p>
   </div>
   <div class='ocr_carea' id='block_1_6' title="bbox 556 562 2148 638">
    <p class='ocr_par' dir='ltr' id='par_1_6' title="bbox 556 562 2148 638">
     <span class='ocr_line' id='line_1_6' title="bbox 556 562 2148 638; baseline -0.01 -12"><span class='ocrx_word' id='word_1_29' title='bbox 556 568 966 638; x_wconf 71' lang='lat' dir='ltr'><strong>intelligentiam</strong></span> <span class='ocrx_word' id='word_1_30' title='bbox 1014 565 1197 621; x_wconf 90' lang='lat' dir='ltr'><strong>utilem</strong></span> <span class='ocrx_word' id='word_1_31' title='bbox 1242 579 1305 618; x_wconf 87' lang='lat' dir='ltr'><strong>ac</strong></span> <span class='ocrx_word' id='word_1_32' title='bbox 1332 562 1690 619; x_wconf 89' lang='lat' dir='ltr'><strong>necessariam</strong></span> <span class='ocrx_word' id='word_1_33' title='bbox 1721 575 1843 614; x_wconf 86' lang='lat' dir='ltr'><strong>esse</strong></span> <span class='ocrx_word' id='word_1_34' title='bbox 1867 602 1882 625; x_wconf 94' lang='lat'><strong>,</strong></span> <span class='ocrx_word' id='word_1_35' title='bbox 1913 571 1973 612; x_wconf 90' lang='lat' dir='ltr'><strong>se</strong></span> <span class='ocrx_word' id='word_1_36' title='bbox 2017 570 2148 610; x_wconf 87' lang='lat' dir='ltr'><strong>vero</strong></span> 
     </span>
    </p>
   </div>
   <div class='ocr_carea' id='block_1_7' title="bbox 557 652 2150 732">
    <p class='ocr_par' dir='ltr' id='par_1_7' title="bbox 557 652 2150 732">
     <span class='ocr_line' id='line_1_7' title="bbox 557 652 2150 732; baseline -0.008 -12"><span class='ocrx_word' id='word_1_37' title='bbox 557 663 798 721; x_wconf 90' lang='lat' dir='ltr'><strong>interiori</strong></span> <span class='ocrx_word' id='word_1_38' title='bbox 832 659 1169 732; x_wconf 90' lang='lat' dir='ltr'><strong>potissimum</strong></span> <span class='ocrx_word' id='word_1_39' title='bbox 1217 665 1271 713; x_wconf 91' lang='lat' dir='ltr'><strong>et</strong></span> <span class='ocrx_word' id='word_1_40' title='bbox 1312 655 1537 725; x_wconf 80' lang='lat' dir='ltr'><strong>spiritali</strong></span> <span class='ocrx_word' id='word_1_41' title='bbox 1585 653 1902 719; x_wconf 63' lang='lat' dir='ltr'><strong>adhaerere;</strong></span> <span class='ocrx_word' id='word_1_42' title='bbox 1948 661 2005 709; x_wconf 90' lang='lat' dir='ltr'><strong>et</strong></span> <span class='ocrx_word' id='word_1_43' title='bbox 2044 652 2150 708; x_wconf 90' lang='lat' dir='ltr'><strong>hoc</strong></span> 
     </span>
    </p>
   </div>
   <div class='ocr_carea' id='block_1_8' title="bbox 557 747 2149 828">
    <p class='ocr_par' dir='ltr' id='par_1_8' title="bbox 557 747 2149 828">
     <span class='ocr_line' id='line_1_8' title="bbox 557 747 2149 828; baseline -0.008 -17"><span class='ocrx_word' id='word_1_44' title='bbox 557 755 798 828; x_wconf 86' lang='lat' dir='ltr'><strong>quidem,</strong></span> <span class='ocrx_word' id='word_1_45' title='bbox 839 750 960 824; x_wconf 92' lang='lat' dir='ltr'><strong>quia</strong></span> <span class='ocrx_word' id='word_1_46' title='bbox 993 749 1223 822; x_wconf 79' lang='lat' dir='ltr'><strong>simplex</strong></span> <span class='ocrx_word' id='word_1_47' title='bbox 1259 747 1455 818; x_wconf 88' lang='lat' dir='ltr'><strong>cuique</strong></span> <span class='ocrx_word' id='word_1_48' title='bbox 1484 762 1579 817; x_wconf 91' lang='lat' dir='ltr'><strong>per</strong></span> <span class='ocrx_word' id='word_1_49' title='bbox 1606 761 1665 802; x_wconf 91' lang='lat' dir='ltr'><strong>se</strong></span> <span class='ocrx_word' id='word_1_50' title='bbox 1694 747 1877 814; x_wconf 89' lang='lat' dir='ltr'><strong>obvia,</strong></span> <span class='ocrx_word' id='word_1_51' title='bbox 1907 761 2149 802; x_wconf 83' lang='lat' dir='ltr'><strong>commu-</strong></span> 
     </span>
    </p>
   </div>
   <div class='ocr_carea' id='block_1_9' title="bbox 555 850 1326 919">
    <p class='ocr_par' dir='ltr' id='par_1_9' title="bbox 555 850 1326 919">
     <span class='ocr_line' id='line_1_9' title="bbox 555 850 1326 919; baseline -0.012 -14"><span class='ocrx_word' id='word_1_52' title='bbox 555 865 680 906; x_wconf 89' lang='lat' dir='ltr'><strong>nem</strong></span> <span class='ocrx_word' id='word_1_53' title='bbox 711 856 927 919; x_wconf 88' lang='lat' dir='ltr'><strong>captum</strong></span> <span class='ocrx_word' id='word_1_54' title='bbox 951 861 1058 902; x_wconf 92' lang='lat' dir='ltr'><strong>non</strong></span> <span class='ocrx_word' id='word_1_55' title='bbox 1087 850 1326 914; x_wconf 90' lang='lat' dir='ltr'><strong>superet.</strong></span> 
     </span>
    </p>
   </div>
   <div class='ocr_carea' id='block_1_10' title="bbox 630 930 2153 1009">
    <p class='ocr_par' dir='ltr' id='par_1_10' title="bbox 630 930 2153 1009">
     <span class='ocr_line' id='line_1_10' title="bbox 630 930 2153 1009; baseline -0.011 -13"><span class='ocrx_word' id='word_1_56' title='bbox 630 942 698 996; x_wconf 76' lang='grc' dir='ltr'><strong>ν.</strong></span> <span class='ocrx_word' id='word_1_57' title='bbox 726 940 810 996; x_wconf 77' lang='lat' dir='ltr'><strong>Ea:</strong></span> <span class='ocrx_word' id='word_1_58' title='bbox 834 940 1025 994; x_wconf 75' lang='lat' dir='ltr'><strong>inlimis</strong></span> <span class='ocrx_word' id='word_1_59' title='bbox 1045 938 1208 1009; x_wconf 78' lang='lat' dir='ltr'><strong>ipsius</strong></span> <span class='ocrx_word' id='word_1_60' title='bbox 1239 935 1526 1004; x_wconf 76' lang='lat' dir='ltr'><strong>Scriptura:</strong></span> <span class='ocrx_word' id='word_1_61' title='bbox 1552 932 1779 988; x_wconf 75' lang='lat' dir='ltr'><strong>sensibus</strong></span> <span class='ocrx_word' id='word_1_62' title='bbox 1799 939 1870 987; x_wconf 90' lang='lat' dir='ltr'><strong>est</strong></span> <span class='ocrx_word' id='word_1_63' title='bbox 1892 930 2065 1002; x_wconf 89' lang='lat' dir='ltr'><strong>petita.</strong></span> <span class='ocrx_word' id='word_1_64' title='bbox 2082 958 2153 970; x_wconf 90' lang='lat'><strong>--</strong></span> 
     </span>
    </p>
   </div>
   <div class='ocr_carea' id='block_1_11' title="bbox 564 1024 2152 1098">
    <p class='ocr_par' dir='ltr' id='par_1_11' title="bbox 564 1024 2152 1098">
     <span class='ocr_line' id='line_1_11' title="bbox 564 1024 2152 1098; baseline -0.008 -10"><span class='ocrx_word' id='word_1_65' title='bbox 564 1033 717 1088; x_wconf 84' lang='lat' dir='ltr'><strong>Hanc</strong></span> <span class='ocrx_word' id='word_1_66' title='bbox 745 1040 924 1088; x_wconf 86' lang='lat' dir='ltr'><strong>autem</strong></span> <span class='ocrx_word' id='word_1_67' title='bbox 955 1029 1183 1084; x_wconf 90' lang='lat' dir='ltr'><strong>adorsus</strong></span> <span class='ocrx_word' id='word_1_68' title='bbox 1207 1025 1598 1098; x_wconf 73' lang='lat' dir='ltr'><strong>interpretandi</strong></span> <span class='ocrx_word' id='word_1_69' title='bbox 1631 1024 1896 1079; x_wconf 89' lang='lat' dir='ltr'><strong>rationem</strong></span> <span class='ocrx_word' id='word_1_70' title='bbox 1916 1063 1931 1087; x_wconf 89' lang='lat'><strong>,</strong></span> <span class='ocrx_word' id='word_1_71' title='bbox 1958 1037 2017 1078; x_wconf 90' lang='lat' dir='ltr'><strong>se</strong></span> <span class='ocrx_word' id='word_1_72' title='bbox 2046 1036 2152 1076; x_wconf 91' lang='lat' dir='ltr'><strong>non</strong></span> 
     </span>
    </p>
   </div>
   <div class='ocr_carea' id='block_1_12' title="bbox 560 1113 2156 1198">
    <p class='ocr_par' dir='ltr' id='par_1_12' title="bbox 560 1113 2156 1198">
     <span class='ocr_line' id='line_1_12' title="bbox 560 1113 2156 1198; baseline -0.008 -17"><span class='ocrx_word' id='word_1_73' title='bbox 560 1126 836 1198; x_wconf 85' lang='lat' dir='ltr'><strong>propriam</strong></span> <span class='ocrx_word' id='word_1_74' title='bbox 867 1124 1032 1178; x_wconf 86' lang='lat' dir='ltr'><strong>animi</strong></span> <span class='ocrx_word' id='word_1_75' title='bbox 1072 1120 1394 1178; x_wconf 89' lang='lat' dir='ltr'><strong>sententiam</strong></span> <span class='ocrx_word' id='word_1_76' title='bbox 1425 1126 1721 1183; x_wconf 83' lang='lat' dir='ltr'><strong>sectatum,</strong></span> <span class='ocrx_word' id='word_1_77' title='bbox 1757 1131 1932 1187; x_wconf 91' lang='lat' dir='ltr'><strong>neque</strong></span> <span class='ocrx_word' id='word_1_78' title='bbox 1968 1113 2036 1170; x_wconf 89' lang='lat' dir='ltr'><strong>ad</strong></span> <span class='ocrx_word' id='word_1_79' title='bbox 2063 1129 2156 1169; x_wconf 85' lang='lat' dir='ltr'><strong>co-</strong></span> 
     </span>
    </p>
   </div>
   <div class='ocr_carea' id='block_1_13' title="bbox 562 1210 2156 1290">
    <p class='ocr_par' dir='ltr' id='par_1_13' title="bbox 562 1210 2156 1290">
     <span class='ocr_line' id='line_1_13' title="bbox 562 1210 2156 1290; baseline -0.008 -17"><span class='ocrx_word' id='word_1_80' title='bbox 562 1221 727 1290; x_wconf 86' lang='lat' dir='ltr'><strong>gitata</strong></span> <span class='ocrx_word' id='word_1_81' title='bbox 758 1217 1088 1286; x_wconf 91' lang='lat' dir='ltr'><strong>Scripturas,</strong></span> <span class='ocrx_word' id='word_1_82' title='bbox 1120 1213 1214 1270; x_wconf 87' lang='lat' dir='ltr'><strong>sed</strong></span> <span class='ocrx_word' id='word_1_83' title='bbox 1240 1213 1307 1268; x_wconf 87' lang='lat' dir='ltr'><strong>ad</strong></span> <span class='ocrx_word' id='word_1_84' title='bbox 1339 1211 1646 1281; x_wconf 69' lang='lat' dir='ltr'><strong>Scripturas</strong></span> <span class='ocrx_word' id='word_1_85' title='bbox 1684 1210 1918 1280; x_wconf 87' lang='lat' dir='ltr'><strong>cogitata</strong></span> <span class='ocrx_word' id='word_1_86' title='bbox 1943 1222 2156 1262; x_wconf 85' lang='lat' dir='ltr'><strong>accom-</strong></span> 
     </span>
    </p>
   </div>
   <div class='ocr_carea' id='block_1_14' title="bbox 565 1299 2158 1379">
    <p class='ocr_par' dir='ltr' id='par_1_14' title="bbox 565 1299 2158 1379">
     <span class='ocr_line' id='line_1_14' title="bbox 565 1299 2158 1379; baseline -0.009 -11"><span class='ocrx_word' id='word_1_87' title='bbox 565 1311 819 1368; x_wconf 89' lang='lat' dir='ltr'><strong>modasse</strong></span> <span class='ocrx_word' id='word_1_88' title='bbox 843 1325 968 1379; x_wconf 86' lang='lat' dir='ltr'><strong>cap.</strong></span> <span class='ocrx_word' id='word_1_89' title='bbox 993 1308 1047 1374; x_wconf 90' lang='lat'><strong>7,</strong></span> <span class='ocrx_word' id='word_1_90' title='bbox 1071 1324 1128 1362; x_wconf 91' lang='lat' dir='ltr'><strong>n.</strong></span> <span class='ocrx_word' id='word_1_91' title='bbox 1158 1309 1213 1372; x_wconf 90' lang='lat'><strong>8,</strong></span> <span class='ocrx_word' id='word_1_92' title='bbox 1239 1307 1520 1375; x_wconf 91' lang='lat' dir='ltr'><strong>prolitetur</strong></span> <span class='ocrx_word' id='word_1_93' title='bbox 1549 1304 1631 1358; x_wconf 93' lang='lat' dir='ltr'><strong>his</strong></span> <span class='ocrx_word' id='word_1_94' title='bbox 1659 1302 1842 1358; x_wconf 87' lang='lat' dir='ltr'><strong>verbis</strong></span> <span class='ocrx_word' id='word_1_95' title='bbox 1875 1319 1890 1356; x_wconf 92' lang='lat'><strong>:</strong></span> <span class='ocrx_word' id='word_1_96' title='bbox 1917 1299 2040 1354; x_wconf 86' lang='lat' dir='ltr'><strong>Non</strong></span> <span class='ocrx_word' id='word_1_97' title='bbox 2067 1315 2158 1365; x_wconf 83' lang='lat' dir='ltr'><strong>nos</strong></span> 
     </span>
    </p>
   </div>
   <div class='ocr_carea' id='block_1_15' title="bbox 562 1392 2159 1474">
    <p class='ocr_par' dir='ltr' id='par_1_15' title="bbox 562 1392 2159 1474">
     <span class='ocr_line' id='line_1_15' title="bbox 562 1392 2159 1474; baseline -0.008 -17"><span class='ocrx_word' id='word_1_98' title='bbox 562 1402 954 1474; x_wconf 67' lang='lat' dir='ltr'><strong>intelligentiam</strong></span> <span class='ocrx_word' id='word_1_99' title='bbox 997 1399 1277 1470; x_wconf 84' lang='lat' dir='ltr'><strong>ﬁngimus;</strong></span> <span class='ocrx_word' id='word_1_100' title='bbox 1309 1396 1397 1452; x_wconf 90' lang='lat' dir='ltr'><strong>sed</strong></span> <span class='ocrx_word' id='word_1_101' title='bbox 1423 1404 1566 1468; x_wconf 88' lang='lat' dir='ltr'><strong>gesta</strong></span> <span class='ocrx_word' id='word_1_102' title='bbox 1607 1396 1723 1464; x_wconf 87' lang='lat' dir='ltr'><strong>ipsa</strong></span> <span class='ocrx_word' id='word_1_103' title='bbox 1769 1392 2159 1464; x_wconf 80' lang='lat' dir='ltr'><strong>intelligentiam</strong></span> 
     </span>
    </p>
   </div>
   <div class='ocr_carea' id='block_1_16' title="bbox 563 1483 2162 1565">
    <p class='ocr_par' dir='ltr' id='par_1_16' title="bbox 563 1483 2162 1565">
     <span class='ocr_line' id='line_1_16' title="bbox 563 1483 2162 1565; baseline -0.008 -17"><span class='ocrx_word' id='word_1_104' title='bbox 563 1495 948 1565; x_wconf 83' lang='lat' dir='ltr'><strong>impertiuntur.</strong></span> <span class='ocrx_word' id='word_1_105' title='bbox 984 1489 1168 1558; x_wconf 87' lang='lat' dir='ltr'><strong>Neque</strong></span> <span class='ocrx_word' id='word_1_106' title='bbox 1190 1488 1324 1543; x_wconf 87' lang='lat' dir='ltr'><strong>enim</strong></span> <span class='ocrx_word' id='word_1_107' title='bbox 1350 1504 1432 1542; x_wconf 90' lang='lat' dir='ltr'><strong>res</strong></span> <span class='ocrx_word' id='word_1_108' title='bbox 1455 1485 1802 1557; x_wconf 73' lang='lat' dir='ltr'><strong>intelligentia:</strong></span> <span class='ocrx_word' id='word_1_109' title='bbox 1821 1525 1834 1549; x_wconf 94' lang='lat'><strong>,</strong></span> <span class='ocrx_word' id='word_1_110' title='bbox 1869 1483 1958 1538; x_wconf 87' lang='lat' dir='ltr'><strong>sed</strong></span> <span class='ocrx_word' id='word_1_111' title='bbox 1984 1484 2057 1537; x_wconf 88' lang='lat' dir='ltr'><strong>rei</strong></span> <span class='ocrx_word' id='word_1_112' title='bbox 2085 1483 2162 1536; x_wconf 81' lang='lat' dir='ltr'><strong>in-</strong></span> 
     </span>
    </p>
   </div>
   <div class='ocr_carea' id='block_1_17' title="bbox 571 1574 2158 1656">
    <p class='ocr_par' dir='ltr' id='par_1_17' title="bbox 571 1574 2158 1656">
     <span class='ocr_line' id='line_1_17' title="bbox 571 1574 2158 1656; baseline -0.008 -16"><span class='ocrx_word' id='word_1_113' title='bbox 571 1587 850 1656; x_wconf 86' lang='lat' dir='ltr'><strong>telligentia</strong></span> <span class='ocrx_word' id='word_1_114' title='bbox 871 1582 1236 1638; x_wconf 88' lang='lat' dir='ltr'><strong>subsecundat.</strong></span> <span class='ocrx_word' id='word_1_115' title='bbox 1267 1579 1489 1635; x_wconf 86' lang='lat' dir='ltr'><strong>Fatetur</strong></span> <span class='ocrx_word' id='word_1_116' title='bbox 1511 1577 1729 1649; x_wconf 88' lang='lat' dir='ltr'><strong>quidem</strong></span> <span class='ocrx_word' id='word_1_117' title='bbox 1767 1593 1816 1632; x_wconf 92' lang='lat' dir='ltr'><strong>c.</strong></span> <span class='ocrx_word' id='word_1_118' title='bbox 1854 1576 1921 1630; x_wconf 89' lang='grc'><strong>19</strong></span> <span class='ocrx_word' id='word_1_119' title='bbox 1942 1617 1956 1640; x_wconf 96' lang='grc'><strong>,</strong></span> <span class='ocrx_word' id='word_1_120' title='bbox 1985 1591 2041 1628; x_wconf 91' lang='lat' dir='ltr'><strong>n.</strong></span> <span class='ocrx_word' id='word_1_121' title='bbox 2081 1574 2116 1628; x_wconf 65' lang='grc'>4</span> <span class='ocrx_word' id='word_1_122' title='bbox 2143 1613 2158 1640; x_wconf 93' lang='grc'><strong>,</strong></span> 
     </span>
    </p>
   </div>
   <div class='ocr_carea' id='block_1_18' title="bbox 566 1667 2162 1746">
    <p class='ocr_par' dir='ltr' id='par_1_18' title="bbox 566 1667 2162 1746">
     <span class='ocr_line' id='line_1_18' title="bbox 566 1667 2162 1746; baseline -0.008 -13"><span class='ocrx_word' id='word_1_123' title='bbox 566 1687 627 1733; x_wconf 82' lang='grc' dir='ltr'><strong>ιιι</strong></span> <span class='ocrx_word' id='word_1_124' title='bbox 655 1688 708 1734; x_wconf 89' lang='lat' dir='ltr'><strong>et</strong></span> <span class='ocrx_word' id='word_1_125' title='bbox 729 1676 1028 1746; x_wconf 69' lang='lat' dir='ltr'><strong>SthiSSime</strong></span> <span class='ocrx_word' id='word_1_126' title='bbox 1051 1675 1206 1742; x_wconf 90' lang='lat' dir='ltr'><strong>alias,</strong></span> <span class='ocrx_word' id='word_1_127' title='bbox 1237 1672 1380 1744; x_wconf 90' lang='lat' dir='ltr'><strong>quod</strong></span> <span class='ocrx_word' id='word_1_128' title='bbox 1410 1686 1497 1726; x_wconf 91' lang='lat' dir='ltr'><strong>res</strong></span> <span class='ocrx_word' id='word_1_129' title='bbox 1527 1684 1717 1724; x_wconf 89' lang='lat' dir='ltr'><strong>onmes</strong></span> <span class='ocrx_word' id='word_1_130' title='bbox 1741 1711 1756 1735; x_wconf 95' lang='lat'><strong>,</strong></span> <span class='ocrx_word' id='word_1_131' title='bbox 1784 1684 1903 1739; x_wconf 77' lang='lat' dir='ltr'><strong>qua:</strong></span> <span class='ocrx_word' id='word_1_132' title='bbox 1943 1667 2162 1737; x_wconf 63' lang='lat' dir='ltr'><strong>scriptae</strong></span> 
     </span>
    </p>
   </div>
   <div class='ocr_carea' id='block_1_19' title="bbox 2251 467 3847 540">
    <p class='ocr_par' dir='ltr' id='par_1_19' title="bbox 2251 467 3847 540">
     <span class='ocr_line' id='line_1_19' title="bbox 2251 467 3847 540; baseline 0.009 -24"><span class='ocrx_word' id='word_1_133' title='bbox 2251 471 2456 529; x_wconf 79' lang='lat' dir='ltr'><strong>status,</strong></span> <span class='ocrx_word' id='word_1_134' title='bbox 2487 481 2644 534; x_wconf 90' lang='lat' dir='ltr'><strong>quem</strong></span> <span class='ocrx_word' id='word_1_135' title='bbox 2675 467 2740 523; x_wconf 91' lang='lat' dir='ltr'><strong>iis</strong></span> <span class='ocrx_word' id='word_1_136' title='bbox 2781 468 2938 524; x_wconf 79' lang='lat' dir='ltr'><strong>dictis</strong></span> <span class='ocrx_word' id='word_1_137' title='bbox 2977 484 3040 524; x_wconf 89' lang='lat' dir='ltr'><strong>ac</strong></span> <span class='ocrx_word' id='word_1_138' title='bbox 3066 470 3234 540; x_wconf 79' lang='lat' dir='ltr'><strong>gestis</strong></span> <span class='ocrx_word' id='word_1_139' title='bbox 3278 469 3678 540; x_wconf 63' lang='lat' dir='ltr'><strong>praeformatum</strong></span> <span class='ocrx_word' id='word_1_140' title='bbox 3724 488 3847 530; x_wconf 87' lang='lat' dir='ltr'><strong>esse</strong></span> 
     </span>
    </p>
   </div>
   <div class='ocr_carea' id='block_1_20' title="bbox 2251 557 3837 632">
    <p class='ocr_par' dir='ltr' id='par_1_20' title="bbox 2251 557 3837 632">
     <span class='ocr_line' id='line_1_20' title="bbox 2251 557 3837 632; baseline 0.006 -21"><span class='ocrx_word' id='word_1_141' title='bbox 2251 566 2489 611; x_wconf 89' lang='lat' dir='ltr'><strong>enarrat.</strong></span> <span class='ocrx_word' id='word_1_142' title='bbox 2520 557 2576 612; x_wconf 90' lang='lat' dir='ltr'><strong>lu</strong></span> <span class='ocrx_word' id='word_1_143' title='bbox 2607 558 2691 613; x_wconf 87' lang='lat' dir='ltr'><strong>his</strong></span> <span class='ocrx_word' id='word_1_144' title='bbox 2718 569 2802 615; x_wconf 89' lang='lat' dir='ltr'><strong>sat</strong></span> <span class='ocrx_word' id='word_1_145' title='bbox 2823 561 3051 616; x_wconf 89' lang='lat' dir='ltr'><strong>celebris</strong></span> <span class='ocrx_word' id='word_1_146' title='bbox 3073 571 3155 617; x_wconf 86' lang='lat' dir='ltr'><strong>est</strong></span> <span class='ocrx_word' id='word_1_147' title='bbox 3177 561 3487 617; x_wconf 70' lang='lat' dir='ltr'><strong>Judzeorum</strong></span> <span class='ocrx_word' id='word_1_148' title='bbox 3520 563 3800 620; x_wconf 85' lang='lat' dir='ltr'><strong>distinctio</strong></span> <span class='ocrx_word' id='word_1_149' title='bbox 3821 607 3837 632; x_wconf 95' lang='lat'><strong>,</strong></span> 
     </span>
    </p>
   </div>
   <div class='ocr_carea' id='block_1_21' title="bbox 2251 648 3847 726">
    <p class='ocr_par' dir='ltr' id='par_1_21' title="bbox 2251 648 3847 726">
     <span class='ocr_line' id='line_1_21' title="bbox 2251 648 3847 726; baseline 0.006 -24"><span class='ocrx_word' id='word_1_150' title='bbox 2251 661 2440 703; x_wconf 90' lang='lat' dir='ltr'><strong>eorum</strong></span> <span class='ocrx_word' id='word_1_151' title='bbox 2486 648 2738 706; x_wconf 77' lang='lat' dir='ltr'><strong>videlicet</strong></span> <span class='ocrx_word' id='word_1_152' title='bbox 2789 667 3078 721; x_wconf 90' lang='lat' dir='ltr'><strong>paucorum</strong></span> <span class='ocrx_word' id='word_1_153' title='bbox 3132 668 3358 709; x_wconf 92' lang='lat' dir='ltr'><strong>numero</strong></span> <span class='ocrx_word' id='word_1_154' title='bbox 3383 695 3398 719; x_wconf 88' lang='lat'><strong>,</strong></span> <span class='ocrx_word' id='word_1_155' title='bbox 3430 654 3520 724; x_wconf 90' lang='lat' dir='ltr'><strong>qui</strong></span> <span class='ocrx_word' id='word_1_156' title='bbox 3550 654 3847 726; x_wconf 80' lang='lat' dir='ltr'><strong>Evangelia</strong></span> 
     </span>
    </p>
   </div>
   <div class='ocr_carea' id='block_1_22' title="bbox 2253 745 3848 825">
    <p class='ocr_par' dir='ltr' id='par_1_22' title="bbox 2253 745 3848 825">
     <span class='ocr_line' id='line_1_22' title="bbox 2253 745 3848 825; baseline 0.008 -33"><span class='ocrx_word' id='word_1_157' title='bbox 2253 750 2568 811; x_wconf 88' lang='lat' dir='ltr'><strong>paruerunt,</strong></span> <span class='ocrx_word' id='word_1_158' title='bbox 2596 752 2652 798; x_wconf 90' lang='lat' dir='ltr'><strong>et</strong></span> <span class='ocrx_word' id='word_1_159' title='bbox 2693 758 2882 800; x_wconf 89' lang='lat' dir='ltr'><strong>eorum</strong></span> <span class='ocrx_word' id='word_1_160' title='bbox 2913 745 3071 816; x_wconf 88' lang='lat' dir='ltr'><strong>longe</strong></span> <span class='ocrx_word' id='word_1_161' title='bbox 3102 746 3476 816; x_wconf 88' lang='lat' dir='ltr'><strong>plurimorum,</strong></span> <span class='ocrx_word' id='word_1_162' title='bbox 3505 748 3597 819; x_wconf 86' lang='lat' dir='ltr'><strong>qui</strong></span> <span class='ocrx_word' id='word_1_163' title='bbox 3623 747 3848 825; x_wconf 79' lang='lat' dir='ltr'><strong>restite-</strong></span> 
     </span>
    </p>
   </div>
   <div class='ocr_carea' id='block_1_23' title="bbox 2251 839 2400 887">
    <p class='ocr_par' dir='ltr' id='par_1_23' title="bbox 2251 839 2400 887">
     <span class='ocr_line' id='line_1_23' title="bbox 2251 839 2400 887; baseline 0.007 -1"><span class='ocrx_word' id='word_1_164' title='bbox 2251 839 2400 887; x_wconf 88' lang='lat' dir='ltr'><strong>runt.</strong></span> 
     </span>
    </p>
   </div>
   <div class='ocr_carea' id='block_1_24' title="bbox 2327 923 3850 999">
    <p class='ocr_par' dir='ltr' id='par_1_24' title="bbox 2327 923 3850 999">
     <span class='ocr_line' id='line_1_24' title="bbox 2327 923 3850 999; baseline 0.007 -20"><span class='ocrx_word' id='word_1_165' title='bbox 2327 923 2464 980; x_wconf 73' lang='lat' dir='ltr'>VIII.</span> <span class='ocrx_word' id='word_1_166' title='bbox 2521 925 2702 997; x_wconf 85' lang='lat' dir='ltr'><strong>Operis</strong></span> <span class='ocrx_word' id='word_1_167' title='bbox 2754 928 2908 999; x_wconf 81' lang='lat' dir='ltr'><strong>hujus</strong></span> <span class='ocrx_word' id='word_1_168' title='bbox 2956 930 3360 990; x_wconf 87' lang='lat' dir='ltr'><strong>nomenclatura.</strong></span> <span class='ocrx_word' id='word_1_169' title='bbox 3400 961 3472 974; x_wconf 88' lang='lat'><strong>-—</strong></span> <span class='ocrx_word' id='word_1_170' title='bbox 3501 933 3582 988; x_wconf 81' lang='lat' dir='ltr'><strong>An</strong></span> <span class='ocrx_word' id='word_1_171' title='bbox 3621 948 3752 988; x_wconf 85' lang='lat' dir='ltr'><strong>vero</strong></span> <span class='ocrx_word' id='word_1_172' title='bbox 3780 934 3850 990; x_wconf 84' lang='lat' dir='ltr'><strong>ad</strong></span> 
     </span>
    </p>
   </div>
   <div class='ocr_carea' id='block_1_25' title="bbox 2255 1016 3850 1090">
    <p class='ocr_par' dir='ltr' id='par_1_25' title="bbox 2255 1016 3850 1090">
     <span class='ocr_line' id='line_1_25' title="bbox 2255 1016 3850 1090; baseline 0.008 -22"><span class='ocrx_word' id='word_1_173' title='bbox 2255 1016 2512 1086; x_wconf 86' lang='lat' dir='ltr'><strong>pepulum</strong></span> <span class='ocrx_word' id='word_1_174' title='bbox 2567 1019 2666 1074; x_wconf 91' lang='lat' dir='ltr'><strong>ista</strong></span> <span class='ocrx_word' id='word_1_175' title='bbox 2746 1022 3114 1090; x_wconf 88' lang='lat' dir='ltr'><strong>peroraverit,</strong></span> <span class='ocrx_word' id='word_1_176' title='bbox 3170 1024 3456 1080; x_wconf 92' lang='lat' dir='ltr'><strong>incertum.</strong></span> <span class='ocrx_word' id='word_1_177' title='bbox 3510 1024 3684 1080; x_wconf 88' lang='lat' dir='ltr'><strong>Immo</strong></span> <span class='ocrx_word' id='word_1_178' title='bbox 3725 1043 3850 1082; x_wconf 89' lang='lat' dir='ltr'><strong>cum</strong></span> 
     </span>
    </p>
   </div>
   <div class='ocr_carea' id='block_1_26' title="bbox 2257 1103 3854 1189">
    <p class='ocr_par' dir='ltr' id='par_1_26' title="bbox 2257 1103 3854 1189">
     <span class='ocr_line' id='line_1_26' title="bbox 2257 1103 3854 1189; baseline 0.008 -26"><span class='ocrx_word' id='word_1_179' title='bbox 2257 1123 2377 1179; x_wconf 89' lang='lat' dir='ltr'><strong>cap.</strong></span> <span class='ocrx_word' id='word_1_180' title='bbox 2413 1109 2500 1175; x_wconf 88' lang='grc'><strong>19,</strong></span> <span class='ocrx_word' id='word_1_181' title='bbox 2534 1127 2588 1166; x_wconf 82' lang='grc' dir='ltr'>ιι.</span> <span class='ocrx_word' id='word_1_182' title='bbox 2625 1113 2685 1166; x_wconf 87' lang='grc'><strong>11</strong></span> <span class='ocrx_word' id='word_1_183' title='bbox 2717 1155 2731 1180; x_wconf 97' lang='grc'><strong>,</strong></span> <span class='ocrx_word' id='word_1_184' title='bbox 2765 1113 2885 1168; x_wconf 85' lang='lat' dir='ltr'><strong>libri</strong></span> <span class='ocrx_word' id='word_1_185' title='bbox 2924 1115 3143 1172; x_wconf 89' lang='lat' dir='ltr'><strong>nomine</strong></span> <span class='ocrx_word' id='word_1_186' title='bbox 3177 1116 3279 1172; x_wconf 92' lang='lat' dir='ltr'><strong>hoc</strong></span> <span class='ocrx_word' id='word_1_187' title='bbox 3304 1132 3440 1189; x_wconf 91' lang='lat' dir='ltr'><strong>opus</strong></span> <span class='ocrx_word' id='word_1_188' title='bbox 3485 1117 3604 1188; x_wconf 91' lang='lat' dir='ltr'><strong>ipse</strong></span> <span class='ocrx_word' id='word_1_189' title='bbox 3644 1103 3854 1175; x_wconf 88' lang='lat' dir='ltr'><strong>nuncu-</strong></span> 
     </span>
    </p>
   </div>
   <div class='ocr_carea' id='block_1_27' title="bbox 2261 1205 3851 1271">
    <p class='ocr_par' dir='ltr' id='par_1_27' title="bbox 2261 1205 3851 1271">
     <span class='ocr_line' id='line_1_27' title="bbox 2261 1205 3851 1271; baseline 0.007 -16"><span class='ocrx_word' id='word_1_190' title='bbox 2261 1209 2386 1271; x_wconf 85' lang='lat' dir='ltr'><strong>pet;</strong></span> <span class='ocrx_word' id='word_1_191' title='bbox 2419 1213 2628 1258; x_wconf 91' lang='lat' dir='ltr'><strong>certum</strong></span> <span class='ocrx_word' id='word_1_192' title='bbox 2654 1214 2868 1260; x_wconf 88' lang='lat' dir='ltr'><strong>estnon</strong></span> <span class='ocrx_word' id='word_1_193' title='bbox 2901 1205 2952 1260; x_wconf 92' lang='lat' dir='ltr'><strong>in</strong></span> <span class='ocrx_word' id='word_1_194' title='bbox 2985 1207 3203 1261; x_wconf 86' lang='lat' dir='ltr'><strong>modum</strong></span> <span class='ocrx_word' id='word_1_195' title='bbox 3236 1209 3560 1265; x_wconf 90' lang='lat' dir='ltr'><strong>concionum</strong></span> <span class='ocrx_word' id='word_1_196' title='bbox 3591 1211 3645 1265; x_wconf 93' lang='lat' dir='ltr'><strong>in</strong></span> <span class='ocrx_word' id='word_1_197' title='bbox 3670 1211 3851 1268; x_wconf 91' lang='lat' dir='ltr'><strong>lucem</strong></span> 
     </span>
    </p>
   </div>
   <div class='ocr_carea' id='block_1_28' title="bbox 2258 1293 3854 1366">
    <p class='ocr_par' dir='ltr' id='par_1_28' title="bbox 2258 1293 3854 1366">
     <span class='ocr_line' id='line_1_28' title="bbox 2258 1293 3854 1366; baseline 0.006 -17"><span class='ocrx_word' id='word_1_198' title='bbox 2258 1293 2428 1350; x_wconf 80' lang='lat' dir='ltr'><strong>fuisse</strong></span> <span class='ocrx_word' id='word_1_199' title='bbox 2454 1295 2678 1351; x_wconf 92' lang='lat' dir='ltr'><strong>editum.</strong></span> <span class='ocrx_word' id='word_1_200' title='bbox 2711 1295 2765 1352; x_wconf 92' lang='lat' dir='ltr'><strong>In</strong></span> <span class='ocrx_word' id='word_1_201' title='bbox 2791 1297 3110 1366; x_wconf 89' lang='lat' dir='ltr'><strong>quibusdam</strong></span> <span class='ocrx_word' id='word_1_202' title='bbox 3143 1314 3275 1356; x_wconf 89' lang='lat' dir='ltr'><strong>mss.</strong></span> <span class='ocrx_word' id='word_1_203' title='bbox 3307 1301 3615 1357; x_wconf 86' lang='lat' dir='ltr'><strong>inscribitur</strong></span> <span class='ocrx_word' id='word_1_204' title='bbox 3643 1320 3657 1354; x_wconf 91' lang='lat'><strong>:</strong></span> <span class='ocrx_word' id='word_1_205' title='bbox 3688 1302 3854 1358; x_wconf 81' lang='lat' dir='ltr'><strong>Trac-</strong></span> 
     </span>
    </p>
   </div>
   <div class='ocr_carea' id='block_1_29' title="bbox 2261 1386 3858 1466">
    <p class='ocr_par' dir='ltr' id='par_1_29' title="bbox 2261 1386 3858 1466">
     <span class='ocr_line' id='line_1_29' title="bbox 2261 1386 3858 1466; baseline 0.006 -26"><span class='ocrx_word' id='word_1_206' title='bbox 2261 1396 2396 1441; x_wconf 87' lang='lat' dir='ltr'><strong>tatus</strong></span> <span class='ocrx_word' id='word_1_207' title='bbox 2420 1404 2575 1458; x_wconf 87' lang='lat' dir='ltr'><strong>super</strong></span> <span class='ocrx_word' id='word_1_208' title='bbox 2597 1386 2933 1456; x_wconf 81' lang='lat' dir='ltr'><strong>Mattlueum;</strong></span> <span class='ocrx_word' id='word_1_209' title='bbox 2957 1389 3009 1445; x_wconf 89' lang='lat' dir='ltr'><strong>in</strong></span> <span class='ocrx_word' id='word_1_210' title='bbox 3038 1391 3160 1447; x_wconf 90' lang='lat' dir='ltr'><strong>aliis</strong></span> <span class='ocrx_word' id='word_1_211' title='bbox 3187 1409 3200 1446; x_wconf 90' lang='lat'><strong>:</strong></span> <span class='ocrx_word' id='word_1_212' title='bbox 3234 1390 3504 1464; x_wconf 73' lang='lat' dir='ltr'><strong>Expositio</strong></span> <span class='ocrx_word' id='word_1_213' title='bbox 3534 1411 3688 1466; x_wconf 85' lang='lat' dir='ltr'><strong>super</strong></span> <span class='ocrx_word' id='word_1_214' title='bbox 3719 1395 3858 1450; x_wconf 74' lang='lat' dir='ltr'><strong>Mat-</strong></span> 
     </span>
    </p>
   </div>
   <div class='ocr_carea' id='block_1_30' title="bbox 2262 1477 3854 1555">
    <p class='ocr_par' dir='ltr' id='par_1_30' title="bbox 2262 1477 3854 1555">
     <span class='ocr_line' id='line_1_30' title="bbox 2262 1477 3854 1555; baseline 0.005 -23"><span class='ocrx_word' id='word_1_215' title='bbox 2262 1478 2488 1544; x_wconf 71' lang='lat' dir='ltr'><strong>tltazum;</strong></span> <span class='ocrx_word' id='word_1_216' title='bbox 2511 1477 2563 1533; x_wconf 91' lang='lat' dir='ltr'><strong>in</strong></span> <span class='ocrx_word' id='word_1_217' title='bbox 2585 1481 2796 1536; x_wconf 57' lang='lat' dir='ltr'><strong>ca‘teris</strong></span> <span class='ocrx_word' id='word_1_218' title='bbox 2824 1499 2836 1534; x_wconf 92' lang='lat'><strong>:</strong></span> <span class='ocrx_word' id='word_1_219' title='bbox 2860 1478 3294 1537; x_wconf 86' lang='lat' dir='ltr'><strong>Commentarium</strong></span> <span class='ocrx_word' id='word_1_220' title='bbox 3319 1500 3478 1555; x_wconf 83' lang='lat' dir='ltr'><strong>super</strong></span> <span class='ocrx_word' id='word_1_221' title='bbox 3508 1484 3813 1540; x_wconf 76' lang='lat' dir='ltr'><strong>Mattlnemn</strong></span> <span class='ocrx_word' id='word_1_222' title='bbox 3830 1503 3854 1541; x_wconf 89' lang='lat'><strong><em>:</em></strong></span> 
     </span>
    </p>
   </div>
   <div class='ocr_carea' id='block_1_31' title="bbox 2263 1569 3861 1649">
    <p class='ocr_par' dir='ltr' id='par_1_31' title="bbox 2263 1569 3861 1649">
     <span class='ocr_line' id='line_1_31' title="bbox 2263 1569 3861 1649; baseline 0.007 -27"><span class='ocrx_word' id='word_1_223' title='bbox 2263 1584 2367 1640; x_wconf 94' lang='lat' dir='ltr'><strong>quo</strong></span> <span class='ocrx_word' id='word_1_224' title='bbox 2389 1569 2605 1626; x_wconf 88' lang='lat' dir='ltr'><strong>nomine</strong></span> <span class='ocrx_word' id='word_1_225' title='bbox 2637 1581 2948 1628; x_wconf 81' lang='lat' dir='ltr'><strong>constanter</strong></span> <span class='ocrx_word' id='word_1_226' title='bbox 2971 1573 3038 1629; x_wconf 90' lang='lat' dir='ltr'><strong>ab</strong></span> <span class='ocrx_word' id='word_1_227' title='bbox 3065 1573 3397 1646; x_wconf 90' lang='lat' dir='ltr'><strong>Hieronymo</strong></span> <span class='ocrx_word' id='word_1_228' title='bbox 3421 1577 3746 1647; x_wconf 88' lang='lat' dir='ltr'><strong>appellatur,</strong></span> <span class='ocrx_word' id='word_1_229' title='bbox 3772 1579 3861 1649; x_wconf 54' lang='lat' dir='ltr'><strong>ip-</strong></span> 
     </span>
    </p>
   </div>
   <div class='ocr_carea' id='block_1_32' title="bbox 2265 1663 3865 1738">
    <p class='ocr_par' dir='ltr' id='par_1_32' title="bbox 2265 1663 3865 1738">
     <span class='ocr_line' id='line_1_32' title="bbox 2265 1663 3865 1738; baseline 0.007 -22"><span class='ocrx_word' id='word_1_230' title='bbox 2265 1674 2441 1718; x_wconf 89' lang='lat' dir='ltr'><strong>somet</strong></span> <span class='ocrx_word' id='word_1_231' title='bbox 2467 1663 2669 1719; x_wconf 87' lang='lat' dir='ltr'><strong>llilario</strong></span> <span class='ocrx_word' id='word_1_232' title='bbox 2695 1664 3055 1736; x_wconf 80' lang='lat' dir='ltr'><strong>stttl‘ragante,</strong></span> <span class='ocrx_word' id='word_1_233' title='bbox 3087 1682 3207 1738; x_wconf 90' lang='lat' dir='ltr'><strong>cap.</strong></span> <span class='ocrx_word' id='word_1_234' title='bbox 3242 1667 3276 1723; x_wconf 85' lang='lat'><strong>5</strong></span> <span class='ocrx_word' id='word_1_235' title='bbox 3301 1708 3315 1732; x_wconf 90' lang='lat'><strong>,</strong></span> <span class='ocrx_word' id='word_1_236' title='bbox 3350 1684 3404 1723; x_wconf 91' lang='lat' dir='ltr'><strong>n.</strong></span> <span class='ocrx_word' id='word_1_237' title='bbox 3433 1670 3458 1724; x_wconf 91' lang='grc'><strong>1</strong></span> <span class='ocrx_word' id='word_1_238' title='bbox 3485 1711 3500 1738; x_wconf 92' lang='grc'><strong>,</strong></span> <span class='ocrx_word' id='word_1_239' title='bbox 3527 1671 3615 1725; x_wconf 91' lang='lat' dir='ltr'><strong>ubi</strong></span> <span class='ocrx_word' id='word_1_240' title='bbox 3641 1671 3709 1726; x_wconf 92' lang='lat' dir='ltr'><strong>de</strong></span> <span class='ocrx_word' id='word_1_241' title='bbox 3733 1687 3865 1727; x_wconf 87' lang='lat' dir='ltr'><strong>ora-</strong></span> 
     </span>
    </p>
   </div>
   <div class='ocr_carea' id='block_1_33' title="bbox 563 1749 3865 1843">
    <p class='ocr_par' dir='ltr' id='par_1_33' title="bbox 563 1749 3865 1843">
     <span class='ocr_line' id='line_1_33' title="bbox 563 1749 3865 1843; baseline -0.002 -16"><span class='ocrx_word' id='word_1_242' title='bbox 563 1769 770 1843; x_wconf 87' lang='lat' dir='ltr'><strong>sunt(in</strong></span> <span class='ocrx_word' id='word_1_243' title='bbox 790 1768 1272 1838; x_wconf 81' lang='lat' dir='ltr'><strong>evangelio)gest:e</strong></span> <span class='ocrx_word' id='word_1_244' title='bbox 1286 1763 1756 1834; x_wconf 75' lang='lat' dir='ltr'><strong>ell&#39;eetzequesunt.</strong></span> <span class='ocrx_word' id='word_1_245' title='bbox 1777 1762 1844 1816; x_wconf 88' lang='lat' dir='ltr'><strong>At</strong></span> <span class='ocrx_word' id='word_1_246' title='bbox 1862 1760 2042 1814; x_wconf 90' lang='lat' dir='ltr'><strong>statim</strong></span> <span class='ocrx_word' id='word_1_247' title='bbox 2060 1758 2158 1813; x_wconf 89' lang='lat' dir='ltr'><strong>ad-</strong></span> <span class='ocrx_word' id='word_1_248' title='bbox 2189 1749 2238 1810; x_wconf 90' lang='lat' dir='ltr'><strong>B</strong></span> <span class='ocrx_word' id='word_1_249' title='bbox 2263 1757 2411 1811; x_wconf 89' lang='lat' dir='ltr'><strong>tione</strong></span> <span class='ocrx_word' id='word_1_250' title='bbox 2445 1755 2716 1813; x_wconf 90' lang='lat' dir='ltr'><strong>Dominiea</strong></span> <span class='ocrx_word' id='word_1_251' title='bbox 2759 1760 3134 1815; x_wconf 84' lang='lat' dir='ltr'><strong>commentandi</strong></span> <span class='ocrx_word' id='word_1_252' title='bbox 3164 1763 3463 1818; x_wconf 84' lang='lat' dir='ltr'><strong>necessitate</strong></span> <span class='ocrx_word' id='word_1_253' title='bbox 3501 1779 3564 1821; x_wconf 84' lang='lat' dir='ltr'><strong>se</strong></span> <span class='ocrx_word' id='word_1_254' title='bbox 3590 1779 3620 1819; x_wconf 88' lang='lat' dir='ltr'><strong>a</strong></span> <span class='ocrx_word' id='word_1_255' title='bbox 3652 1764 3713 1820; x_wconf 83' lang='grc' dir='ltr'><strong>Β.</strong></span> <span class='ocrx_word' id='word_1_256' title='bbox 3747 1766 3865 1839; x_wconf 81' lang='lat' dir='ltr'><strong>Cy-</strong></span> 
     </span>
    </p>
   </div>
   <div class='ocr_carea' id='block_1_34' title="bbox 559 1852 2161 1931">
    <p class='ocr_par' dir='ltr' id='par_1_34' title="bbox 559 1852 2161 1931">
     <span class='ocr_line' id='line_1_34' title="bbox 559 1852 2161 1931; baseline -0.01 -13"><span class='ocrx_word' id='word_1_257' title='bbox 559 1874 743 1918; x_wconf 87' lang='lat' dir='ltr'><strong>monet</strong></span> <span class='ocrx_word' id='word_1_258' title='bbox 765 1878 846 1926; x_wconf 90' lang='lat' dir='ltr'><strong>ea,</strong></span> <span class='ocrx_word' id='word_1_259' title='bbox 870 1861 1085 1931; x_wconf 75' lang='lat' dir='ltr'><strong>quwsub</strong></span> <span class='ocrx_word' id='word_1_260' title='bbox 1107 1857 1216 1912; x_wconf 90' lang='lat' dir='ltr'><strong>Deo</strong></span> <span class='ocrx_word' id='word_1_261' title='bbox 1235 1855 1495 1926; x_wconf 85' lang='lat' dir='ltr'><strong>(Christo)</strong></span> <span class='ocrx_word' id='word_1_262' title='bbox 1512 1855 1810 1925; x_wconf 85' lang='lat' dir='ltr'><strong>agebantur,</strong></span> <span class='ocrx_word' id='word_1_263' title='bbox 1837 1852 2161 1922; x_wconf 72' lang='lat' dir='ltr'><strong>praesentium</strong></span> 
     </span>
    </p>
   </div>
   <div class='ocr_carea' id='block_1_35' title="bbox 559 1944 2163 2021">
    <p class='ocr_par' dir='ltr' id='par_1_35' title="bbox 559 1944 2163 2021">
     <span class='ocr_line' id='line_1_35' title="bbox 559 1944 2163 2021; baseline -0.008 -12"><span class='ocrx_word' id='word_1_264' title='bbox 559 1953 841 2021; x_wconf 75' lang='lat' dir='ltr'><strong>elfectibus,</strong></span> <span class='ocrx_word' id='word_1_265' title='bbox 865 1951 1274 2021; x_wconf 86' lang='lat' dir='ltr'><strong>consequentium</strong></span> <span class='ocrx_word' id='word_1_266' title='bbox 1301 1953 1523 2020; x_wconf 78' lang='lat' dir='ltr'><strong>formam</strong></span> <span class='ocrx_word' id='word_1_267' title='bbox 1550 1947 1835 2016; x_wconf 76' lang='lat' dir='ltr'><strong>prwtulisse</strong></span> <span class='ocrx_word' id='word_1_268' title='bbox 1865 1961 1884 1999; x_wconf 88' lang='lat'><strong><em>:</em></strong></span> <span class='ocrx_word' id='word_1_269' title='bbox 1913 1953 2062 2014; x_wconf 88' lang='lat' dir='ltr'><strong>atque</strong></span> <span class='ocrx_word' id='word_1_270' title='bbox 2091 1944 2163 1996; x_wconf 89' lang='lat' dir='ltr'><strong>ita</strong></span> 
     </span>
    </p>
   </div>
   <div class='ocr_carea' id='block_1_36' title="bbox 559 2039 2162 2114">
    <p class='ocr_par' dir='ltr' id='par_1_36' title="bbox 559 2039 2162 2114">
     <span class='ocr_line' id='line_1_36' title="bbox 559 2039 2162 2114; baseline -0.01 -13"><span class='ocrx_word' id='word_1_271' title='bbox 559 2061 761 2114; x_wconf 74' lang='lat' dir='ltr'><strong>seraper</strong></span> <span class='ocrx_word' id='word_1_272' title='bbox 783 2045 834 2097; x_wconf 86' lang='lat' dir='ltr'><strong>in</strong></span> <span class='ocrx_word' id='word_1_273' title='bbox 856 2041 1143 2112; x_wconf 88' lang='lat' dir='ltr'><strong>Scripturis</strong></span> <span class='ocrx_word' id='word_1_274' title='bbox 1178 2039 1465 2094; x_wconf 62' lang='lat' dir='ltr'><strong>caelestibus</strong></span> <span class='ocrx_word' id='word_1_275' title='bbox 1508 2053 1792 2092; x_wconf 83' lang='lat' dir='ltr'><strong>sermonem</strong></span> <span class='ocrx_word' id='word_1_276' title='bbox 1824 2043 2162 2104; x_wconf 89' lang='lat' dir='ltr'><strong>temperatum</strong></span> 
     </span>
    </p>
   </div>
   <div class='ocr_carea' id='block_1_37' title="bbox 561 2129 2162 2207">
    <p class='ocr_par' dir='ltr' id='par_1_37' title="bbox 561 2129 2162 2207">
     <span class='ocr_line' id='line_1_37' title="bbox 561 2129 2162 2207; baseline -0.007 -17"><span class='ocrx_word' id='word_1_277' title='bbox 561 2136 724 2207; x_wconf 74' lang='lat' dir='ltr'><strong>fuisse</strong></span> <span class='ocrx_word' id='word_1_278' title='bbox 741 2175 756 2197; x_wconf 93' lang='lat'><strong>,</strong></span> <span class='ocrx_word' id='word_1_279' title='bbox 796 2143 850 2188; x_wconf 90' lang='lat' dir='ltr'><strong>ut</strong></span> <span class='ocrx_word' id='word_1_280' title='bbox 876 2150 976 2187; x_wconf 88' lang='lat' dir='ltr'><strong>non</strong></span> <span class='ocrx_word' id='word_1_281' title='bbox 1005 2133 1172 2186; x_wconf 88' lang='lat' dir='ltr'><strong>minus</strong></span> <span class='ocrx_word' id='word_1_282' title='bbox 1199 2131 1277 2184; x_wconf 86' lang='lat' dir='ltr'><strong>Itis</strong></span> <span class='ocrx_word' id='word_1_283' title='bbox 1302 2145 1417 2202; x_wconf 80' lang='lat' dir='ltr'><strong>qua:</strong></span> <span class='ocrx_word' id='word_1_284' title='bbox 1437 2129 1738 2200; x_wconf 87' lang='lat' dir='ltr'><strong>gerebantur</strong></span> <span class='ocrx_word' id='word_1_285' title='bbox 1761 2169 1775 2192; x_wconf 92' lang='lat'><strong>,</strong></span> <span class='ocrx_word' id='word_1_286' title='bbox 1805 2142 1960 2196; x_wconf 89' lang='lat' dir='ltr'><strong>quam</strong></span> <span class='ocrx_word' id='word_1_287' title='bbox 1986 2141 2162 2180; x_wconf 89' lang='lat' dir='ltr'><strong>eorum</strong></span> 
     </span>
    </p>
   </div>
   <div class='ocr_carea' id='block_1_38' title="bbox 561 2222 1834 2302">
    <p class='ocr_par' dir='ltr' id='par_1_38' title="bbox 561 2222 1834 2302">
     <span class='ocr_line' id='line_1_38' title="bbox 561 2222 1834 2302; baseline -0.009 -16"><span class='ocrx_word' id='word_1_288' title='bbox 561 2245 676 2302; x_wconf 73' lang='lat' dir='ltr'><strong>qua:</strong></span> <span class='ocrx_word' id='word_1_289' title='bbox 702 2228 924 2302; x_wconf 87' lang='lat' dir='ltr'><strong>gerenda</strong></span> <span class='ocrx_word' id='word_1_290' title='bbox 950 2235 1113 2283; x_wconf 88' lang='lat' dir='ltr'><strong>essent</strong></span> <span class='ocrx_word' id='word_1_291' title='bbox 1141 2223 1470 2280; x_wconf 86' lang='lat' dir='ltr'><strong>similitudini</strong></span> <span class='ocrx_word' id='word_1_292' title='bbox 1492 2222 1834 2276; x_wconf 84' lang='lat' dir='ltr'><strong>convenirent.</strong></span> 
     </span>
    </p>
   </div>
   <div class='ocr_carea' id='block_1_39' title="bbox 639 2312 2164 2390">
    <p class='ocr_par' dir='ltr' id='par_1_39' title="bbox 639 2312 2164 2390">
     <span class='ocr_line' id='line_1_39' title="bbox 639 2312 2164 2390; baseline -0.009 -13"><span class='ocrx_word' id='word_1_293' title='bbox 639 2321 724 2377; x_wconf 80' lang='lat' dir='ltr'><strong>Vl.</strong></span> <span class='ocrx_word' id='word_1_294' title='bbox 763 2322 880 2390; x_wconf 83' lang='lat' dir='ltr'><strong>Qua</strong></span> <span class='ocrx_word' id='word_1_295' title='bbox 901 2321 1098 2374; x_wconf 88' lang='lat' dir='ltr'><strong>ratione</strong></span> <span class='ocrx_word' id='word_1_296' title='bbox 1117 2317 1349 2389; x_wconf 52' lang='lat' dir='ltr'><strong>sindaget</strong></span> <span class='ocrx_word' id='word_1_297' title='bbox 1390 2316 1540 2386; x_wconf 86' lang='lat' dir='ltr'><strong>quod</strong></span> <span class='ocrx_word' id='word_1_298' title='bbox 1569 2315 1800 2384; x_wconf 81' lang='lat' dir='ltr'><strong>Spiritus</strong></span> <span class='ocrx_word' id='word_1_299' title='bbox 1849 2320 2056 2368; x_wconf 88' lang='lat' dir='ltr'><strong>sanctus</strong></span> <span class='ocrx_word' id='word_1_300' title='bbox 2087 2312 2164 2365; x_wconf 93' lang='lat' dir='ltr'><strong>la-</strong></span> 
     </span>
    </p>
   </div>
   <div class='ocr_carea' id='block_1_40' title="bbox 567 2405 2165 2484">
    <p class='ocr_par' dir='ltr' id='par_1_40' title="bbox 567 2405 2165 2484">
     <span class='ocr_line' id='line_1_40' title="bbox 567 2405 2165 2484; baseline -0.009 -14"><span class='ocrx_word' id='word_1_301' title='bbox 567 2424 728 2470; x_wconf 87' lang='lat' dir='ltr'><strong>tenter</strong></span> <span class='ocrx_word' id='word_1_302' title='bbox 748 2413 1074 2484; x_wconf 81' lang='lat' dir='ltr'><strong>signiﬁcavit.</strong></span> <span class='ocrx_word' id='word_1_303' title='bbox 1105 2439 1177 2450; x_wconf 91' lang='lat'><strong>—</strong></span> <span class='ocrx_word' id='word_1_304' title='bbox 1195 2408 1270 2464; x_wconf 88' lang='lat' dir='ltr'><strong>Ea</strong></span> <span class='ocrx_word' id='word_1_305' title='bbox 1295 2415 1353 2462; x_wconf 87' lang='lat' dir='ltr'><strong>ttt</strong></span> <span class='ocrx_word' id='word_1_306' title='bbox 1391 2415 1712 2476; x_wconf 90' lang='lat' dir='ltr'><strong>assequatur</strong></span> <span class='ocrx_word' id='word_1_307' title='bbox 1731 2445 1747 2472; x_wconf 92' lang='lat'><strong>,</strong></span> <span class='ocrx_word' id='word_1_308' title='bbox 1772 2420 1894 2474; x_wconf 67' lang='lat' dir='ltr'><strong>qua:</strong></span> <span class='ocrx_word' id='word_1_309' title='bbox 1918 2405 1969 2458; x_wconf 92' lang='lat' dir='ltr'><strong>in</strong></span> <span class='ocrx_word' id='word_1_310' title='bbox 2000 2417 2165 2459; x_wconf 81' lang='lat' dir='ltr'><strong>evan-</strong></span> 
     </span>
    </p>
   </div>
   <div class='ocr_carea' id='block_1_41' title="bbox 564 2498 2160 2577">
    <p class='ocr_par' dir='ltr' id='par_1_41' title="bbox 564 2498 2160 2577">
     <span class='ocr_line' id='line_1_41' title="bbox 564 2498 2160 2577; baseline -0.009 -15"><span class='ocrx_word' id='word_1_311' title='bbox 564 2506 756 2577; x_wconf 86' lang='lat' dir='ltr'><strong>gelicis</strong></span> <span class='ocrx_word' id='word_1_312' title='bbox 795 2504 1014 2572; x_wconf 88' lang='lat' dir='ltr'><strong>scriptis</strong></span> <span class='ocrx_word' id='word_1_313' title='bbox 1044 2501 1270 2557; x_wconf 88' lang='lat' dir='ltr'><strong>dictisve</strong></span> <span class='ocrx_word' id='word_1_314' title='bbox 1323 2498 1652 2570; x_wconf 70' lang='lat' dir='ltr'><strong>prmﬁgurari</strong></span> <span class='ocrx_word' id='word_1_315' title='bbox 1695 2498 1795 2553; x_wconf 88' lang='lat' dir='ltr'><strong>sibi</strong></span> <span class='ocrx_word' id='word_1_316' title='bbox 1848 2510 2160 2566; x_wconf 88' lang='lat' dir='ltr'><strong>persuasum</strong></span> 
     </span>
    </p>
   </div>
   <div class='ocr_carea' id='block_1_42' title="bbox 566 2591 2165 2664">
    <p class='ocr_par' dir='ltr' id='par_1_42' title="bbox 566 2591 2165 2664">
     <span class='ocr_line' id='line_1_42' title="bbox 566 2591 2165 2664; baseline -0.008 -10"><span class='ocrx_word' id='word_1_317' title='bbox 566 2606 687 2664; x_wconf 90' lang='lat' dir='ltr'><strong>est,</strong></span> <span class='ocrx_word' id='word_1_318' title='bbox 720 2596 1012 2652; x_wconf 90' lang='lat' dir='ltr'><strong>observare</strong></span> <span class='ocrx_word' id='word_1_319' title='bbox 1038 2593 1180 2649; x_wconf 89' lang='lat' dir='ltr'><strong>solet</strong></span> <span class='ocrx_word' id='word_1_320' title='bbox 1203 2591 1451 2648; x_wconf 86' lang='lat' dir='ltr'><strong>ordinem</strong></span> <span class='ocrx_word' id='word_1_321' title='bbox 1487 2605 1668 2646; x_wconf 89' lang='lat' dir='ltr'><strong>rerum</strong></span> <span class='ocrx_word' id='word_1_322' title='bbox 1709 2599 2020 2660; x_wconf 86' lang='lat' dir='ltr'><strong>gestarum,</strong></span> <span class='ocrx_word' id='word_1_323' title='bbox 2045 2602 2165 2642; x_wconf 87' lang='lat' dir='ltr'><strong>ver-</strong></span> 
     </span>
    </p>
   </div>
   <div class='ocr_carea' id='block_1_43' title="bbox 569 2685 2166 2762">
    <p class='ocr_par' dir='ltr' id='par_1_43' title="bbox 569 2685 2166 2762">
     <span class='ocr_line' id='line_1_43' title="bbox 569 2685 2166 2762; baseline -0.009 -14"><span class='ocrx_word' id='word_1_324' title='bbox 569 2691 763 2748; x_wconf 85' lang='lat' dir='ltr'><strong>borum</strong></span> <span class='ocrx_word' id='word_1_325' title='bbox 792 2689 1174 2762; x_wconf 83' lang='lat' dir='ltr'><strong>proprietates,</strong></span> <span class='ocrx_word' id='word_1_326' title='bbox 1206 2701 1307 2742; x_wconf 87' lang='lat' dir='ltr'><strong>nec</strong></span> <span class='ocrx_word' id='word_1_327' title='bbox 1329 2701 1436 2742; x_wconf 90' lang='lat' dir='ltr'><strong>non</strong></span> <span class='ocrx_word' id='word_1_328' title='bbox 1463 2685 1728 2749; x_wconf 88' lang='lat' dir='ltr'><strong>locorum,</strong></span> <span class='ocrx_word' id='word_1_329' title='bbox 1762 2693 2064 2752; x_wconf 88' lang='lat' dir='ltr'><strong>temporum</strong></span> <span class='ocrx_word' id='word_1_330' title='bbox 2103 2695 2166 2735; x_wconf 90' lang='lat' dir='ltr'><strong>ac</strong></span> 
     </span>
    </p>
   </div>
   <div class='ocr_carea' id='block_1_44' title="bbox 567 2775 2163 2856">
    <p class='ocr_par' dir='ltr' id='par_1_44' title="bbox 567 2775 2163 2856">
     <span class='ocr_line' id='line_1_44' title="bbox 567 2775 2163 2856; baseline -0.01 -14"><span class='ocrx_word' id='word_1_331' title='bbox 567 2800 922 2856; x_wconf 81' lang='lat' dir='ltr'><strong>personarum</strong></span> <span class='ocrx_word' id='word_1_332' title='bbox 972 2782 1238 2838; x_wconf 90' lang='lat' dir='ltr'><strong>rationem</strong></span> <span class='ocrx_word' id='word_1_333' title='bbox 1270 2797 1284 2834; x_wconf 89' lang='lat'><strong>:</strong></span> <span class='ocrx_word' id='word_1_334' title='bbox 1316 2779 1509 2849; x_wconf 88' lang='lat' dir='ltr'><strong>hisque</strong></span> <span class='ocrx_word' id='word_1_335' title='bbox 1543 2777 1793 2832; x_wconf 90' lang='lat' dir='ltr'><strong>omnibus</strong></span> <span class='ocrx_word' id='word_1_336' title='bbox 1833 2775 1999 2845; x_wconf 88' lang='lat' dir='ltr'><strong>probe</strong></span> <span class='ocrx_word' id='word_1_337' title='bbox 2038 2788 2163 2843; x_wconf 86' lang='lat' dir='ltr'><strong>per-</strong></span> 
     </span>
    </p>
   </div>
   <div class='ocr_carea' id='block_1_45' title="bbox 572 2865 2159 2949">
    <p class='ocr_par' dir='ltr' id='par_1_45' title="bbox 572 2865 2159 2949">
     <span class='ocr_line' id='line_1_45' title="bbox 572 2865 2159 2949; baseline -0.012 -12"><span class='ocrx_word' id='word_1_338' title='bbox 572 2879 761 2949; x_wconf 89' lang='lat' dir='ltr'><strong>pensis</strong></span> <span class='ocrx_word' id='word_1_339' title='bbox 783 2885 944 2948; x_wconf 89' lang='lat' dir='ltr'><strong>atque</strong></span> <span class='ocrx_word' id='word_1_340' title='bbox 969 2875 1283 2946; x_wconf 88' lang='lat' dir='ltr'><strong>perspectis,</strong></span> <span class='ocrx_word' id='word_1_341' title='bbox 1312 2870 1594 2927; x_wconf 86' lang='lat' dir='ltr'><strong>contendit</strong></span> <span class='ocrx_word' id='word_1_342' title='bbox 1613 2882 2014 2938; x_wconf 84' lang='lat' dir='ltr'><strong>nonnumquam</strong></span> <span class='ocrx_word' id='word_1_343' title='bbox 2041 2865 2159 2919; x_wconf 80' lang='lat' dir='ltr'><strong>ﬁeri</strong></span> 
     </span>
    </p>
   </div>
   <div class='ocr_carea' id='block_1_46' title="bbox 567 2959 2163 3043">
    <p class='ocr_par' dir='ltr' id='par_1_46' title="bbox 567 2959 2163 3043">
     <span class='ocr_line' id='line_1_46' title="bbox 567 2959 2163 3043; baseline -0.01 -14"><span class='ocrx_word' id='word_1_344' title='bbox 567 2974 658 3030; x_wconf 87' lang='lat' dir='ltr'><strong>vix</strong></span> <span class='ocrx_word' id='word_1_345' title='bbox 687 2973 922 3043; x_wconf 90' lang='lat' dir='ltr'><strong>potuisse</strong></span> <span class='ocrx_word' id='word_1_346' title='bbox 947 3011 962 3037; x_wconf 91' lang='lat'><strong>,</strong></span> <span class='ocrx_word' id='word_1_347' title='bbox 1019 2967 1147 3040; x_wconf 91' lang='lat' dir='ltr'><strong>quin</strong></span> <span class='ocrx_word' id='word_1_348' title='bbox 1174 3011 1188 3035; x_wconf 95' lang='lat'><strong>,</strong></span> <span class='ocrx_word' id='word_1_349' title='bbox 1231 2973 1430 3038; x_wconf 69' lang='lat' dir='ltr'><strong>prarter</strong></span> <span class='ocrx_word' id='word_1_350' title='bbox 1487 2966 1678 3020; x_wconf 68' lang='lat' dir='ltr'><strong>litterae</strong></span> <span class='ocrx_word' id='word_1_351' title='bbox 1721 2977 1972 3026; x_wconf 87' lang='lat' dir='ltr'><strong>sensum,</strong></span> <span class='ocrx_word' id='word_1_352' title='bbox 2000 2959 2163 3015; x_wconf 90' lang='lat' dir='ltr'><strong>alium</strong></span> 
     </span>
    </p>
   </div>
   <div class='ocr_carea' id='block_1_47' title="bbox 569 3051 2164 3140">
    <p class='ocr_par' dir='ltr' id='par_1_47' title="bbox 569 3051 2164 3140">
     <span class='ocr_line' id='line_1_47' title="bbox 569 3051 2164 3140; baseline -0.01 -17"><span class='ocrx_word' id='word_1_353' title='bbox 569 3066 856 3140; x_wconf 90' lang='lat' dir='ltr'><strong>quemdam</strong></span> <span class='ocrx_word' id='word_1_354' title='bbox 905 3064 1203 3136; x_wconf 89' lang='lat' dir='ltr'><strong>spiritalem</strong></span> <span class='ocrx_word' id='word_1_355' title='bbox 1251 3061 1409 3117; x_wconf 90' lang='lat' dir='ltr'><strong>nobis</strong></span> <span class='ocrx_word' id='word_1_356' title='bbox 1434 3058 1671 3128; x_wconf 85' lang='lat' dir='ltr'><strong>Spiritus</strong></span> <span class='ocrx_word' id='word_1_357' title='bbox 1701 3067 1921 3112; x_wconf 89' lang='lat' dir='ltr'><strong>sanctus</strong></span> <span class='ocrx_word' id='word_1_358' title='bbox 1961 3051 2164 3123; x_wconf 85' lang='lat' dir='ltr'><strong>signiti-</strong></span> 
     </span>
    </p>
   </div>
   <div class='ocr_carea' id='block_1_48' title="bbox 2265 1850 3082 1921">
    <p class='ocr_par' dir='ltr' id='par_1_48' title="bbox 2265 1850 3082 1921">
     <span class='ocr_line' id='line_1_48' title="bbox 2265 1850 3082 1921; baseline 0.007 -19"><span class='ocrx_word' id='word_1_359' title='bbox 2265 1850 2456 1921; x_wconf 89' lang='lat' dir='ltr'><strong>priano</strong></span> <span class='ocrx_word' id='word_1_360' title='bbox 2482 1851 2765 1907; x_wconf 85' lang='lat' dir='ltr'><strong>liberatum</strong></span> <span class='ocrx_word' id='word_1_361' title='bbox 2795 1864 3082 1909; x_wconf 88' lang='lat' dir='ltr'><strong>memorat.</strong></span> 
     </span>
    </p>
   </div>
   <div class='ocr_carea' id='block_1_49' title="bbox 2333 1941 3870 2018">
    <p class='ocr_par' dir='ltr' id='par_1_49' title="bbox 2333 1941 3870 2018">
     <span class='ocr_line' id='line_1_49' title="bbox 2333 1941 3870 2018; baseline 0.009 -22"><span class='ocrx_word' id='word_1_362' title='bbox 2333 1941 2426 1996; x_wconf 82' lang='lat' dir='ltr'><strong>IX.</strong></span> <span class='ocrx_word' id='word_1_363' title='bbox 2468 1941 2797 1999; x_wconf 88' lang='lat' dir='ltr'><strong>Indubitatus</strong></span> <span class='ocrx_word' id='word_1_364' title='bbox 2835 1955 2910 2000; x_wconf 88' lang='lat' dir='ltr'><strong>est</strong></span> <span class='ocrx_word' id='word_1_365' title='bbox 2943 1944 3136 2000; x_wconf 84' lang='lat' dir='ltr'><strong>Hilarii</strong></span> <span class='ocrx_word' id='word_1_366' title='bbox 3182 1951 3333 2018; x_wconf 80' lang='lat' dir='ltr'><strong>fetus.</strong></span> <span class='ocrx_word' id='word_1_367' title='bbox 3361 1979 3432 1989; x_wconf 94' lang='lat'><strong>—</strong></span> <span class='ocrx_word' id='word_1_368' title='bbox 3455 1949 3596 2006; x_wconf 86' lang='lat' dir='ltr'><strong>Nihil</strong></span> <span class='ocrx_word' id='word_1_369' title='bbox 3645 1963 3729 2008; x_wconf 90' lang='lat' dir='ltr'><strong>est</strong></span> <span class='ocrx_word' id='word_1_370' title='bbox 3765 1969 3870 2010; x_wconf 80' lang='lat' dir='ltr'><strong>cur</strong></span> 
     </span>
    </p>
   </div>
   <div class='ocr_carea' id='block_1_50' title="bbox 2265 2035 3870 2103">
    <p class='ocr_par' dir='ltr' id='par_1_50' title="bbox 2265 2035 3870 2103">
     <span class='ocr_line' id='line_1_50' title="bbox 2265 2035 3870 2103; baseline 0.008 -12"><span class='ocrx_word' id='word_1_371' title='bbox 2265 2035 2318 2091; x_wconf 92' lang='lat' dir='ltr'><strong>in</strong></span> <span class='ocrx_word' id='word_1_372' title='bbox 2363 2035 2474 2091; x_wconf 90' lang='lat' dir='ltr'><strong>illis</strong></span> <span class='ocrx_word' id='word_1_373' title='bbox 2498 2039 2900 2094; x_wconf 89' lang='lat' dir='ltr'><strong>commentariis</strong></span> <span class='ocrx_word' id='word_1_374' title='bbox 2929 2039 3134 2095; x_wconf 89' lang='lat' dir='ltr'><strong>llilario</strong></span> <span class='ocrx_word' id='word_1_375' title='bbox 3172 2044 3483 2100; x_wconf 87' lang='lat' dir='ltr'><strong>asserendis</strong></span> <span class='ocrx_word' id='word_1_376' title='bbox 3513 2046 3714 2103; x_wconf 80' lang='lat' dir='ltr'><strong>diutius</strong></span> <span class='ocrx_word' id='word_1_377' title='bbox 3765 2050 3870 2103; x_wconf 87' lang='lat' dir='ltr'><strong>im-</strong></span> 
     </span>
    </p>
   </div>
   <div class='ocr_carea' id='block_1_51' title="bbox 2265 2123 3873 2205">
    <p class='ocr_par' dir='ltr' id='par_1_51' title="bbox 2265 2123 3873 2205">
     <span class='ocr_line' id='line_1_51' title="bbox 2265 2123 3873 2205; baseline 0.009 -22"><span class='ocrx_word' id='word_1_378' title='bbox 2265 2143 2563 2185; x_wconf 89' lang='lat' dir='ltr'><strong>moremur.</strong></span> <span class='ocrx_word' id='word_1_379' title='bbox 2605 2130 2719 2185; x_wconf 81' lang='lat' dir='ltr'><strong>Non</strong></span> <span class='ocrx_word' id='word_1_380' title='bbox 2750 2130 2894 2187; x_wconf 89' lang='lat' dir='ltr'><strong>enim</strong></span> <span class='ocrx_word' id='word_1_381' title='bbox 2918 2140 3124 2187; x_wconf 88' lang='lat' dir='ltr'><strong>tantum</strong></span> <span class='ocrx_word' id='word_1_382' title='bbox 3163 2123 3372 2205; x_wconf 50' lang='lat' dir='ltr'><strong>antiqui</strong></span> <span class='ocrx_word' id='word_1_383' title='bbox 3412 2139 3684 2195; x_wconf 86' lang='lat' dir='ltr'><strong>tradidere</strong></span> <span class='ocrx_word' id='word_1_384' title='bbox 3713 2156 3873 2196; x_wconf 60' lang='lat' dir='ltr'><strong>como</strong></span> 
     </span>
    </p>
   </div>
   <div class='ocr_carea' id='block_1_52' title="bbox 2266 2223 3870 2296">
    <p class='ocr_par' dir='ltr' id='par_1_52' title="bbox 2266 2223 3870 2296">
     <span class='ocr_line' id='line_1_52' title="bbox 2266 2223 3870 2296; baseline 0.009 -20"><span class='ocrx_word' id='word_1_385' title='bbox 2266 2223 2559 2278; x_wconf 90' lang='lat' dir='ltr'><strong>mentarios</strong></span> <span class='ocrx_word' id='word_1_386' title='bbox 2603 2223 2657 2279; x_wconf 91' lang='lat' dir='ltr'><strong>in</strong></span> <span class='ocrx_word' id='word_1_387' title='bbox 2689 2223 2996 2280; x_wconf 63' lang='lat' dir='ltr'><strong>Mattba&#39;um</strong></span> <span class='ocrx_word' id='word_1_388' title='bbox 3043 2226 3112 2280; x_wconf 89' lang='lat' dir='ltr'><strong>ab</strong></span> <span class='ocrx_word' id='word_1_389' title='bbox 3163 2227 3256 2284; x_wconf 93' lang='lat' dir='ltr'><strong>illo</strong></span> <span class='ocrx_word' id='word_1_390' title='bbox 3285 2229 3491 2296; x_wconf 88' lang='lat' dir='ltr'><strong>editos;</strong></span> <span class='ocrx_word' id='word_1_391' title='bbox 3522 2232 3615 2288; x_wconf 89' lang='lat' dir='ltr'><strong>sed</strong></span> <span class='ocrx_word' id='word_1_392' title='bbox 3645 2241 3698 2287; x_wconf 87' lang='lat' dir='ltr'><strong>et</strong></span> <span class='ocrx_word' id='word_1_393' title='bbox 3738 2249 3870 2290; x_wconf 87' lang='lat' dir='ltr'><strong>cum</strong></span> 
     </span>
    </p>
   </div>
   <div class='ocr_carea' id='block_1_53' title="bbox 2265 2312 3870 2396">
    <p class='ocr_par' dir='ltr' id='par_1_53' title="bbox 2265 2312 3870 2396">
     <span class='ocr_line' id='line_1_53' title="bbox 2265 2312 3870 2396; baseline 0.009 -29"><span class='ocrx_word' id='word_1_394' title='bbox 2265 2312 2332 2368; x_wconf 89' lang='lat' dir='ltr'><strong>iis</strong></span> <span class='ocrx_word' id='word_1_395' title='bbox 2361 2329 2496 2384; x_wconf 87' lang='lat' dir='ltr'><strong>quos</strong></span> <span class='ocrx_word' id='word_1_396' title='bbox 2520 2330 2629 2384; x_wconf 72' lang='lat' dir='ltr'><strong>pra:</strong></span> <span class='ocrx_word' id='word_1_397' title='bbox 2657 2318 2904 2372; x_wconf 84' lang='lat' dir='ltr'><strong>manibus</strong></span> <span class='ocrx_word' id='word_1_398' title='bbox 2939 2317 3201 2376; x_wconf 83' lang='lat' dir='ltr'><strong>habemus</strong></span> <span class='ocrx_word' id='word_1_399' title='bbox 3231 2323 3612 2391; x_wconf 90' lang='lat' dir='ltr'><strong>consentiunt,</strong></span> <span class='ocrx_word' id='word_1_400' title='bbox 3646 2341 3768 2396; x_wconf 57' lang='lat' dir='ltr'><strong>quae</strong></span> <span class='ocrx_word' id='word_1_401' title='bbox 3796 2341 3870 2381; x_wconf 82' lang='lat' dir='ltr'><strong>ex</strong></span> 
     </span>
    </p>
   </div>
   <div class='ocr_carea' id='block_1_54' title="bbox 2267 2405 3866 2485">
    <p class='ocr_par' dir='ltr' id='par_1_54' title="bbox 2267 2405 3866 2485">
     <span class='ocr_line' id='line_1_54' title="bbox 2267 2405 3866 2485; baseline 0.009 -25"><span class='ocrx_word' id='word_1_402' title='bbox 2267 2405 2376 2462; x_wconf 89' lang='lat' dir='ltr'><strong>illis</strong></span> <span class='ocrx_word' id='word_1_403' title='bbox 2405 2406 2740 2479; x_wconf 84' lang='lat' dir='ltr'><strong>descripsere</strong></span> <span class='ocrx_word' id='word_1_404' title='bbox 2773 2408 3092 2466; x_wconf 89' lang='lat' dir='ltr'><strong>Hincmarus</strong></span> <span class='ocrx_word' id='word_1_405' title='bbox 3131 2411 3227 2468; x_wconf 90' lang='lat' dir='ltr'><strong>lib.</strong></span> <span class='ocrx_word' id='word_1_406' title='bbox 3255 2412 3324 2468; x_wconf 92' lang='lat' dir='ltr'><strong>de</strong></span> <span class='ocrx_word' id='word_1_407' title='bbox 3357 2414 3614 2471; x_wconf 69' lang='lat' dir='ltr'><strong>Pratdest.</strong></span> <span class='ocrx_word' id='word_1_408' title='bbox 3661 2433 3709 2473; x_wconf 95' lang='lat' dir='ltr'><strong>c.</strong></span> <span class='ocrx_word' id='word_1_409' title='bbox 3753 2419 3866 2485; x_wconf 85' lang='lat'><strong>25,</strong></span> 
     </span>
    </p>
   </div>
   <div class='ocr_carea' id='block_1_55' title="bbox 2267 2499 3867 2574">
    <p class='ocr_par' dir='ltr' id='par_1_55' title="bbox 2267 2499 3867 2574">
     <span class='ocr_line' id='line_1_55' title="bbox 2267 2499 3867 2574; baseline 0.009 -22"><span class='ocrx_word' id='word_1_410' title='bbox 2267 2499 2598 2569; x_wconf 82' lang='lat' dir='ltr'><strong>Augustinus</strong></span> <span class='ocrx_word' id='word_1_411' title='bbox 2623 2542 2637 2566; x_wconf 92' lang='lat'><strong>,</strong></span> <span class='ocrx_word' id='word_1_412' title='bbox 2665 2510 2787 2571; x_wconf 91' lang='lat' dir='ltr'><strong>post</strong></span> <span class='ocrx_word' id='word_1_413' title='bbox 2826 2501 3096 2574; x_wconf 87' lang='lat' dir='ltr'><strong>Pelagium</strong></span> <span class='ocrx_word' id='word_1_414' title='bbox 3124 2545 3139 2569; x_wconf 93' lang='lat'><strong>,</strong></span> <span class='ocrx_word' id='word_1_415' title='bbox 3184 2504 3276 2561; x_wconf 89' lang='lat' dir='ltr'><strong>lib.</strong></span> <span class='ocrx_word' id='word_1_416' title='bbox 3325 2506 3394 2562; x_wconf 91' lang='lat' dir='ltr'><strong>de</strong></span> <span class='ocrx_word' id='word_1_417' title='bbox 3431 2507 3551 2563; x_wconf 81' lang='lat' dir='ltr'><strong>Nat.</strong></span> <span class='ocrx_word' id='word_1_418' title='bbox 3605 2520 3660 2565; x_wconf 89' lang='lat' dir='ltr'><strong>et</strong></span> <span class='ocrx_word' id='word_1_419' title='bbox 3705 2510 3867 2567; x_wconf 83' lang='lat' dir='ltr'><strong>Crat.</strong></span> 
     </span>
    </p>
   </div>
   <div class='ocr_carea' id='block_1_56' title="bbox 2268 2593 3872 2672">
    <p class='ocr_par' dir='ltr' id='par_1_56' title="bbox 2268 2593 3872 2672">
     <span class='ocr_line' id='line_1_56' title="bbox 2268 2593 3872 2672; baseline 0.007 -24"><span class='ocrx_word' id='word_1_420' title='bbox 2268 2607 2317 2648; x_wconf 94' lang='lat' dir='ltr'><strong>c.</strong></span> <span class='ocrx_word' id='word_1_421' title='bbox 2345 2593 2414 2647; x_wconf 77' lang='lat'><strong>62</strong></span> <span class='ocrx_word' id='word_1_422' title='bbox 2433 2636 2446 2654; x_wconf 84' lang='lat'><strong>,</strong></span> <span class='ocrx_word' id='word_1_423' title='bbox 2475 2602 2528 2648; x_wconf 80' lang='lat' dir='ltr'><strong>ct</strong></span> <span class='ocrx_word' id='word_1_424' title='bbox 2551 2594 2914 2668; x_wconf 82' lang='lat' dir='ltr'><strong>Hieronymus</strong></span> <span class='ocrx_word' id='word_1_425' title='bbox 2939 2597 3099 2668; x_wconf 88' lang='lat' dir='ltr'><strong>epist.</strong></span> <span class='ocrx_word' id='word_1_426' title='bbox 3124 2613 3282 2654; x_wconf 81' lang='lat' dir='ltr'><strong>chv.</strong></span> <span class='ocrx_word' id='word_1_427' title='bbox 3307 2600 3408 2668; x_wconf 87' lang='lat' dir='ltr'><strong>Qui</strong></span> <span class='ocrx_word' id='word_1_428' title='bbox 3430 2601 3644 2672; x_wconf 88' lang='lat' dir='ltr'><strong>quidem</strong></span> <span class='ocrx_word' id='word_1_429' title='bbox 3677 2606 3872 2672; x_wconf 85' lang='lat' dir='ltr'><strong>quanti</strong></span> 
     </span>
    </p>
   </div>
   <div class='ocr_carea' id='block_1_57' title="bbox 2269 2683 3868 2764">
    <p class='ocr_par' dir='ltr' id='par_1_57' title="bbox 2269 2683 3868 2764">
     <span class='ocr_line' id='line_1_57' title="bbox 2269 2683 3868 2764; baseline 0.008 -24"><span class='ocrx_word' id='word_1_430' title='bbox 2269 2683 2390 2740; x_wconf 90' lang='lat' dir='ltr'><strong>illos</strong></span> <span class='ocrx_word' id='word_1_431' title='bbox 2415 2686 2622 2753; x_wconf 79' lang='lat' dir='ltr'><strong>fecerit,</strong></span> <span class='ocrx_word' id='word_1_432' title='bbox 2645 2688 2799 2744; x_wconf 90' lang='lat' dir='ltr'><strong>initio</strong></span> <span class='ocrx_word' id='word_1_433' title='bbox 2815 2689 2973 2760; x_wconf 89' lang='lat' dir='ltr'><strong>hujus</strong></span> <span class='ocrx_word' id='word_1_434' title='bbox 2994 2690 3377 2748; x_wconf 88' lang='lat' dir='ltr'><strong>admonitionis</strong></span> <span class='ocrx_word' id='word_1_435' title='bbox 3397 2693 3509 2764; x_wconf 87' lang='lat' dir='ltr'><strong>jam</strong></span> <span class='ocrx_word' id='word_1_436' title='bbox 3535 2694 3868 2752; x_wconf 88' lang='lat' dir='ltr'><strong>audivimus.</strong></span> 
     </span>
    </p>
   </div>
   <div class='ocr_carea' id='block_1_58' title="bbox 2270 2777 3874 2857">
    <p class='ocr_par' dir='ltr' id='par_1_58' title="bbox 2270 2777 3874 2857">
     <span class='ocr_line' id='line_1_58' title="bbox 2270 2777 3874 2857; baseline 0.009 -27"><span class='ocrx_word' id='word_1_437' title='bbox 2270 2777 2459 2833; x_wconf 89' lang='lat' dir='ltr'><strong>Dicere</strong></span> <span class='ocrx_word' id='word_1_438' title='bbox 2490 2780 2650 2834; x_wconf 85' lang='lat' dir='ltr'><strong>etiam</strong></span> <span class='ocrx_word' id='word_1_439' title='bbox 2675 2780 2836 2836; x_wconf 88' lang='lat' dir='ltr'><strong>liceat</strong></span> <span class='ocrx_word' id='word_1_440' title='bbox 2864 2781 3210 2838; x_wconf 81' lang='lat' dir='ltr'><strong>Ambrosium</strong></span> <span class='ocrx_word' id='word_1_441' title='bbox 3233 2800 3299 2839; x_wconf 87' lang='lat' dir='ltr'><strong>ex</strong></span> <span class='ocrx_word' id='word_1_442' title='bbox 3330 2785 3396 2840; x_wconf 89' lang='lat' dir='ltr'><strong>iis</strong></span> <span class='ocrx_word' id='word_1_443' title='bbox 3422 2785 3708 2856; x_wconf 89' lang='lat' dir='ltr'><strong>plurimum</strong></span> <span class='ocrx_word' id='word_1_444' title='bbox 3741 2803 3874 2857; x_wconf 88' lang='lat' dir='ltr'><strong>pro-</strong></span> 
     </span>
    </p>
   </div>
   <div class='ocr_carea' id='block_1_59' title="bbox 2269 2871 3874 2950">
    <p class='ocr_par' dir='ltr' id='par_1_59' title="bbox 2269 2871 3874 2950">
     <span class='ocr_line' id='line_1_59' title="bbox 2269 2871 3874 2950; baseline 0.006 -24"><span class='ocrx_word' id='word_1_445' title='bbox 2269 2873 2480 2928; x_wconf 83' lang='lat' dir='ltr'><strong>fecisse.</strong></span> <span class='ocrx_word' id='word_1_446' title='bbox 2503 2871 2664 2929; x_wconf 91' lang='lat' dir='ltr'><strong>Certe</strong></span> <span class='ocrx_word' id='word_1_447' title='bbox 2684 2873 2884 2928; x_wconf 90' lang='lat' dir='ltr'><strong>Lucam</strong></span> <span class='ocrx_word' id='word_1_448' title='bbox 2914 2889 3216 2943; x_wconf 81' lang='lat' dir='ltr'><strong>exponens,</strong></span> <span class='ocrx_word' id='word_1_449' title='bbox 3250 2875 3319 2932; x_wconf 89' lang='lat' dir='ltr'><strong>iis</strong></span> <span class='ocrx_word' id='word_1_450' title='bbox 3349 2877 3401 2932; x_wconf 92' lang='lat' dir='ltr'><strong>in</strong></span> <span class='ocrx_word' id='word_1_451' title='bbox 3430 2878 3564 2934; x_wconf 89' lang='lat' dir='ltr'><strong>locis</strong></span> <span class='ocrx_word' id='word_1_452' title='bbox 3585 2879 3636 2932; x_wconf 92' lang='lat' dir='ltr'><strong>in</strong></span> <span class='ocrx_word' id='word_1_453' title='bbox 3667 2879 3874 2950; x_wconf 83' lang='lat' dir='ltr'><strong>quibus</strong></span> 
     </span>
    </p>
   </div>
   <div class='ocr_carea' id='block_1_60' title="bbox 2269 2964 3876 3036">
    <p class='ocr_par' dir='ltr' id='par_1_60' title="bbox 2269 2964 3876 3036">
     <span class='ocr_line' id='line_1_60' title="bbox 2269 2964 3876 3036; baseline 0.005 -17"><span class='ocrx_word' id='word_1_454' title='bbox 2269 2964 2358 3020; x_wconf 93' lang='lat' dir='ltr'><strong>hic</strong></span> <span class='ocrx_word' id='word_1_455' title='bbox 2387 2967 2719 3036; x_wconf 79' lang='lat' dir='ltr'><strong>evangelista</strong></span> <span class='ocrx_word' id='word_1_456' title='bbox 2743 2981 2866 3021; x_wconf 91' lang='lat' dir='ltr'><strong>cum</strong></span> <span class='ocrx_word' id='word_1_457' title='bbox 2889 2966 3142 3022; x_wconf 77' lang='lat' dir='ltr'><strong>Matthzeo</strong></span> <span class='ocrx_word' id='word_1_458' title='bbox 3168 2969 3452 3034; x_wconf 90' lang='lat' dir='ltr'><strong>convenit,</strong></span> <span class='ocrx_word' id='word_1_459' title='bbox 3483 2971 3783 3026; x_wconf 86' lang='lat' dir='ltr'><strong>sententias</strong></span> <span class='ocrx_word' id='word_1_460' title='bbox 3809 2982 3876 3027; x_wconf 87' lang='lat' dir='ltr'><strong>ut</strong></span> 
     </span>
    </p>
   </div>
   <div class='ocr_carea' id='block_1_61' title="bbox 2271 3058 3874 3134">
    <p class='ocr_par' dir='ltr' id='par_1_61' title="bbox 2271 3058 3874 3134">
     <span class='ocr_line' id='line_1_61' title="bbox 2271 3058 3874 3134; baseline 0.006 -22"><span class='ocrx_word' id='word_1_461' title='bbox 2271 3058 2562 3129; x_wconf 87' lang='lat' dir='ltr'><strong>plurimum</strong></span> <span class='ocrx_word' id='word_1_462' title='bbox 2593 3067 2686 3114; x_wconf 90' lang='lat' dir='ltr'><strong>aut</strong></span> <span class='ocrx_word' id='word_1_463' title='bbox 2714 3059 2987 3126; x_wconf 87' lang='lat' dir='ltr'><strong>imitatur,</strong></span> <span class='ocrx_word' id='word_1_464' title='bbox 3031 3070 3124 3114; x_wconf 86' lang='lat' dir='ltr'><strong>aut</strong></span> <span class='ocrx_word' id='word_1_465' title='bbox 3151 3071 3458 3129; x_wconf 87' lang='lat' dir='ltr'><strong>memorat,</strong></span> <span class='ocrx_word' id='word_1_466' title='bbox 3490 3077 3624 3134; x_wconf 88' lang='lat' dir='ltr'><strong>quas</strong></span> <span class='ocrx_word' id='word_1_467' title='bbox 3674 3065 3728 3120; x_wconf 91' lang='lat' dir='ltr'><strong>in</strong></span> <span class='ocrx_word' id='word_1_468' title='bbox 3782 3065 3874 3121; x_wconf 83' lang='lat' dir='ltr'><strong>bis</strong></span> 
     </span>
    </p>
   </div>
   <div class='ocr_carea' id='block_1_62' title="bbox 571 3133 3539 3225">
    <p class='ocr_par' dir='ltr' id='par_1_62' title="bbox 571 3133 3539 3225">
     <span class='ocr_line' id='line_1_62' title="bbox 571 3133 3539 3225; baseline 0 -17"><span class='ocrx_word' id='word_1_469' title='bbox 571 3172 698 3214; x_wconf 87' lang='lat' dir='ltr'><strong>care</strong></span> <span class='ocrx_word' id='word_1_470' title='bbox 728 3155 981 3212; x_wconf 87' lang='lat' dir='ltr'><strong>voluerit.</strong></span> <span class='ocrx_word' id='word_1_471' title='bbox 1040 3154 1174 3209; x_wconf 91' lang='lat' dir='ltr'><strong>Eam</strong></span> <span class='ocrx_word' id='word_1_472' title='bbox 1225 3153 1296 3208; x_wconf 91' lang='lat' dir='ltr'><strong>ob</strong></span> <span class='ocrx_word' id='word_1_473' title='bbox 1338 3168 1454 3207; x_wconf 90' lang='lat' dir='ltr'><strong>rem</strong></span> <span class='ocrx_word' id='word_1_474' title='bbox 1503 3151 1703 3206; x_wconf 75' lang='lat' dir='ltr'><strong>laetum</strong></span> <span class='ocrx_word' id='word_1_475' title='bbox 1745 3163 1868 3204; x_wconf 86' lang='lat' dir='ltr'><strong>esse</strong></span> <span class='ocrx_word' id='word_1_476' title='bbox 1897 3154 2081 3218; x_wconf 78' lang='lat' dir='ltr'><strong>putat.</strong></span> <span class='ocrx_word' id='word_1_477' title='bbox 2109 3152 2169 3200; x_wconf 80' lang='grc' dir='ltr'><strong>ιιι</strong></span> <span class='ocrx_word' id='word_1_478' title='bbox 2193 3133 2238 3197; x_wconf 80' lang='lat' dir='ltr'><strong>C</strong></span> <span class='ocrx_word' id='word_1_479' title='bbox 2271 3152 2674 3206; x_wconf 90' lang='lat' dir='ltr'><strong>commentariis</strong></span> <span class='ocrx_word' id='word_1_480' title='bbox 2705 3161 2891 3206; x_wconf 90' lang='lat' dir='ltr'><strong>noster</strong></span> <span class='ocrx_word' id='word_1_481' title='bbox 2917 3151 3154 3208; x_wconf 81' lang='lat' dir='ltr'><strong>Hilarius</strong></span> <span class='ocrx_word' id='word_1_482' title='bbox 3183 3133 3539 3225; x_wconf 78' lang='lat' dir='ltr'><strong>consignavit.</strong></span> 
     </span>
    </p>
   </div>
   <div class='ocr_carea' id='block_1_63' title="bbox 570 3239 2167 3318">
    <p class='ocr_par' dir='ltr' id='par_1_63' title="bbox 570 3239 2167 3318">
     <span class='ocr_line' id='line_1_63' title="bbox 570 3239 2167 3318; baseline -0.009 -11"><span class='ocrx_word' id='word_1_483' title='bbox 570 3249 819 3308; x_wconf 86' lang='lat' dir='ltr'><strong>nonnihil</strong></span> <span class='ocrx_word' id='word_1_484' title='bbox 849 3247 1140 3318; x_wconf 83' lang='lat' dir='ltr'><strong>aliquando</strong></span> <span class='ocrx_word' id='word_1_485' title='bbox 1173 3245 1242 3299; x_wconf 89' lang='lat' dir='ltr'><strong>ad</strong></span> <span class='ocrx_word' id='word_1_486' title='bbox 1272 3245 1566 3314; x_wconf 80' lang='lat' dir='ltr'><strong>perfectam</strong></span> <span class='ocrx_word' id='word_1_487' title='bbox 1597 3258 1778 3298; x_wconf 91' lang='lat' dir='ltr'><strong>rerum</strong></span> <span class='ocrx_word' id='word_1_488' title='bbox 1823 3239 2167 3310; x_wconf 64' lang='lat' dir='ltr'><strong>praesentium</strong></span> 
     </span>
    </p>
   </div>
   <div class='ocr_carea' id='block_1_64' title="bbox 571 3332 2172 3400">
    <p class='ocr_par' dir='ltr' id='par_1_64' title="bbox 571 3332 2172 3400">
     <span class='ocr_line' id='line_1_64' title="bbox 571 3332 2172 3400; baseline -0.011 0"><span class='ocrx_word' id='word_1_489' title='bbox 571 3343 950 3400; x_wconf 82' lang='lat' dir='ltr'><strong>tractationem</strong></span> <span class='ocrx_word' id='word_1_490' title='bbox 981 3339 1398 3394; x_wconf 88' lang='lat' dir='ltr'><strong>desideraretur.</strong></span> <span class='ocrx_word' id='word_1_491' title='bbox 1426 3337 1573 3392; x_wconf 84' lang='lat' dir='ltr'><strong>Sicut</strong></span> <span class='ocrx_word' id='word_1_492' title='bbox 1595 3337 1649 3389; x_wconf 86' lang='lat' dir='ltr'><strong>in</strong></span> <span class='ocrx_word' id='word_1_493' title='bbox 1679 3335 1871 3389; x_wconf 74' lang='lat' dir='ltr'><strong>cwteris</strong></span> <span class='ocrx_word' id='word_1_494' title='bbox 1899 3332 2172 3386; x_wconf 59' lang='lat' dir='ltr'><strong>admonui.</strong></span> 
     </span>
    </p>
   </div>
   <div class='ocr_carea' id='block_1_65' title="bbox 573 3425 2171 3506">
    <p class='ocr_par' dir='ltr' id='par_1_65' title="bbox 573 3425 2171 3506">
     <span class='ocr_line' id='line_1_65' title="bbox 573 3425 2171 3506; baseline -0.011 -15"><span class='ocrx_word' id='word_1_495' title='bbox 573 3454 707 3501; x_wconf 88' lang='lat' dir='ltr'><strong>mus,</strong></span> <span class='ocrx_word' id='word_1_496' title='bbox 739 3434 912 3506; x_wconf 89' lang='lat' dir='ltr'><strong>inquit</strong></span> <span class='ocrx_word' id='word_1_497' title='bbox 939 3448 1063 3503; x_wconf 88' lang='lat' dir='ltr'><strong>cap.</strong></span> <span class='ocrx_word' id='word_1_498' title='bbox 1094 3431 1186 3496; x_wconf 75' lang='lat'><strong>21,</strong></span> <span class='ocrx_word' id='word_1_499' title='bbox 1221 3447 1278 3485; x_wconf 91' lang='lat' dir='ltr'><strong>n.</strong></span> <span class='ocrx_word' id='word_1_500' title='bbox 1307 3432 1393 3496; x_wconf 76' lang='lat' dir='ltr'><strong>i3,</strong></span> <span class='ocrx_word' id='word_1_501' title='bbox 1424 3429 1507 3483; x_wconf 86' lang='lat' dir='ltr'><strong>hic</strong></span> <span class='ocrx_word' id='word_1_502' title='bbox 1531 3444 1730 3498; x_wconf 87' lang='lat' dir='ltr'><strong>quoque</strong></span> <span class='ocrx_word' id='word_1_503' title='bbox 1768 3425 2056 3479; x_wconf 82' lang='lat' dir='ltr'><strong>meminisse</strong></span> <span class='ocrx_word' id='word_1_504' title='bbox 2079 3439 2171 3476; x_wconf 88' lang='lat' dir='ltr'><strong>nos</strong></span> 
     </span>
    </p>
   </div>
   <div class='ocr_carea' id='block_1_66' title="bbox 575 3517 2173 3601">
    <p class='ocr_par' dir='ltr' id='par_1_66' title="bbox 575 3517 2173 3601">
     <span class='ocr_line' id='line_1_66' title="bbox 575 3517 2173 3601; baseline -0.011 -17"><span class='ocrx_word' id='word_1_505' title='bbox 575 3537 796 3601; x_wconf 89' lang='lat' dir='ltr'><strong>oportet,</strong></span> <span class='ocrx_word' id='word_1_506' title='bbox 829 3525 1020 3581; x_wconf 87' lang='lat' dir='ltr'><strong>rationi</strong></span> <span class='ocrx_word' id='word_1_507' title='bbox 1044 3541 1217 3579; x_wconf 83' lang='lat' dir='ltr'><strong>rerum</strong></span> <span class='ocrx_word' id='word_1_508' title='bbox 1247 3522 1575 3596; x_wconf 63' lang='lat' dir='ltr'><strong>praesentium</strong></span> <span class='ocrx_word' id='word_1_509' title='bbox 1597 3519 1796 3590; x_wconf 85' lang='lat' dir='ltr'><strong>aliquid</strong></span> <span class='ocrx_word' id='word_1_510' title='bbox 1823 3517 2076 3571; x_wconf 87' lang='lat' dir='ltr'><strong>interdum</strong></span> <span class='ocrx_word' id='word_1_511' title='bbox 2113 3531 2173 3568; x_wconf 90' lang='lat' dir='ltr'><strong>ea</strong></span> 
     </span>
    </p>
   </div>
   <div class='ocr_carea' id='block_1_67' title="bbox 573 3607 2174 3686">
    <p class='ocr_par' dir='ltr' id='par_1_67' title="bbox 573 3607 2174 3686">
     <span class='ocr_line' id='line_1_67' title="bbox 573 3607 2174 3686; baseline -0.01 -11"><span class='ocrx_word' id='word_1_512' title='bbox 573 3620 865 3676; x_wconf 87' lang='lat' dir='ltr'><strong>conditione</strong></span> <span class='ocrx_word' id='word_1_513' title='bbox 889 3618 1081 3680; x_wconf 88' lang='lat' dir='ltr'><strong>deesse,</strong></span> <span class='ocrx_word' id='word_1_514' title='bbox 1109 3625 1161 3670; x_wconf 89' lang='lat' dir='ltr'><strong>ut</strong></span> <span class='ocrx_word' id='word_1_515' title='bbox 1193 3615 1482 3686; x_wconf 79' lang='lat' dir='ltr'><strong>futurorum</strong></span> <span class='ocrx_word' id='word_1_516' title='bbox 1503 3613 1694 3684; x_wconf 88' lang='lat' dir='ltr'><strong>species</strong></span> <span class='ocrx_word' id='word_1_517' title='bbox 1723 3611 1832 3664; x_wconf 86' lang='lat' dir='ltr'><strong>sine</strong></span> <span class='ocrx_word' id='word_1_518' title='bbox 1868 3608 2056 3661; x_wconf 90' lang='lat' dir='ltr'><strong>damno</strong></span> <span class='ocrx_word' id='word_1_519' title='bbox 2075 3607 2174 3660; x_wconf 88' lang='lat' dir='ltr'><strong>ali-</strong></span> 
     </span>
    </p>
   </div>
   <div class='ocr_carea' id='block_1_68' title="bbox 575 3700 2170 3784">
    <p class='ocr_par' dir='ltr' id='par_1_68' title="bbox 575 3700 2170 3784">
     <span class='ocr_line' id='line_1_68' title="bbox 575 3700 2170 3784; baseline -0.009 -16"><span class='ocrx_word' id='word_1_520' title='bbox 575 3729 677 3784; x_wconf 83' lang='lat' dir='ltr'><strong>quo</strong></span> <span class='ocrx_word' id='word_1_521' title='bbox 697 3712 1042 3784; x_wconf 61' lang='lat' dir='ltr'><strong>praeﬁgurata:</strong></span> <span class='ocrx_word' id='word_1_522' title='bbox 1056 3708 1078 3775; x_wconf 88' lang='lat'>(</span> <span class='ocrx_word' id='word_1_523' title='bbox 1093 3711 1134 3778; x_wconf 70' lang='grc' dir='ltr'><strong>ι’.</strong></span> <span class='ocrx_word' id='word_1_524' title='bbox 1159 3706 1574 3777; x_wconf 68' lang='grc' dir='ltr'><strong>ιη’τιξῐίειιηιιιιίδ)</strong></span> <span class='ocrx_word' id='word_1_525' title='bbox 1595 3703 1869 3773; x_wconf 75' lang='lat' dir='ltr'><strong>eﬂicientia:</strong></span> <span class='ocrx_word' id='word_1_526' title='bbox 1887 3700 2170 3774; x_wconf 74' lang='lat' dir='ltr'><strong>expleatur.</strong></span> 
     </span>
    </p>
   </div>
   <div class='ocr_carea' id='block_1_69' title="bbox 655 3795 2175 3870">
    <p class='ocr_par' dir='ltr' id='par_1_69' title="bbox 655 3795 2175 3870">
     <span class='ocr_line' id='line_1_69' title="bbox 655 3795 2175 3870; baseline -0.006 -16"><span class='ocrx_word' id='word_1_527' title='bbox 655 3804 768 3859; x_wconf 77' lang='lat' dir='ltr'><strong>V’ll.</strong></span> <span class='ocrx_word' id='word_1_528' title='bbox 805 3802 918 3856; x_wconf 83' lang='lat' dir='ltr'><strong>Hoc</strong></span> <span class='ocrx_word' id='word_1_529' title='bbox 946 3817 1145 3869; x_wconf 88' lang='lat' dir='ltr'><strong>semper</strong></span> <span class='ocrx_word' id='word_1_530' title='bbox 1179 3808 1387 3870; x_wconf 80' lang='lat' dir='ltr'><strong>prtestat</strong></span> <span class='ocrx_word' id='word_1_531' title='bbox 1411 3798 1555 3852; x_wconf 88' lang='lat' dir='ltr'><strong>salva</strong></span> <span class='ocrx_word' id='word_1_532' title='bbox 1591 3797 1820 3850; x_wconf 74' lang='lat' dir='ltr'><strong>historia:</strong></span> <span class='ocrx_word' id='word_1_533' title='bbox 1845 3795 2073 3849; x_wconf 87' lang='lat' dir='ltr'><strong>veritate.</strong></span> <span class='ocrx_word' id='word_1_534' title='bbox 2104 3822 2175 3833; x_wconf 94' lang='lat'><strong>—</strong></span> 
     </span>
    </p>
   </div>
   <div class='ocr_carea' id='block_1_70' title="bbox 579 3886 2176 3967">
    <p class='ocr_par' dir='ltr' id='par_1_70' title="bbox 579 3886 2176 3967">
     <span class='ocr_line' id='line_1_70' title="bbox 579 3886 2176 3967; baseline -0.009 -14"><span class='ocrx_word' id='word_1_535' title='bbox 579 3895 752 3967; x_wconf 77' lang='lat' dir='ltr'><strong>Hujus</strong></span> <span class='ocrx_word' id='word_1_536' title='bbox 781 3900 960 3949; x_wconf 90' lang='lat' dir='ltr'><strong>autem</strong></span> <span class='ocrx_word' id='word_1_537' title='bbox 1000 3891 1264 3962; x_wconf 89' lang='lat' dir='ltr'><strong>spiritalis</strong></span> <span class='ocrx_word' id='word_1_538' title='bbox 1293 3887 1688 3959; x_wconf 75' lang='lat' dir='ltr'><strong>intelligentice,</strong></span> <span class='ocrx_word' id='word_1_539' title='bbox 1722 3902 1900 3942; x_wconf 88' lang='lat' dir='ltr'><strong>rerum</strong></span> <span class='ocrx_word' id='word_1_540' title='bbox 1947 3886 2176 3941; x_wconf 90' lang='lat' dir='ltr'><strong>circum-</strong></span> 
     </span>
    </p>
   </div>
   <div class='ocr_carea' id='block_1_71' title="bbox 581 3978 2176 4052">
    <p class='ocr_par' dir='ltr' id='par_1_71' title="bbox 581 3978 2176 4052">
     <span class='ocr_line' id='line_1_71' title="bbox 581 3978 2176 4052; baseline -0.009 -5"><span class='ocrx_word' id='word_1_541' title='bbox 581 3989 838 4047; x_wconf 83' lang='lat' dir='ltr'><strong>stantium</strong></span> <span class='ocrx_word' id='word_1_542' title='bbox 865 3986 1074 4041; x_wconf 89' lang='lat' dir='ltr'><strong>ratione</strong></span> <span class='ocrx_word' id='word_1_543' title='bbox 1104 3983 1307 4052; x_wconf 79' lang='lat' dir='ltr'><strong>habita,</strong></span> <span class='ocrx_word' id='word_1_544' title='bbox 1341 3982 1720 4038; x_wconf 86' lang='lat' dir='ltr'><strong>necessitatem</strong></span> <span class='ocrx_word' id='word_1_545' title='bbox 1749 3980 1821 4034; x_wconf 91' lang='lat' dir='ltr'><strong>ita</strong></span> <span class='ocrx_word' id='word_1_546' title='bbox 1853 3978 2176 4049; x_wconf 85' lang='lat' dir='ltr'><strong>quandoque</strong></span> 
     </span>
    </p>
   </div>
   <div class='ocr_carea' id='block_1_72' title="bbox 581 4072 2178 4153">
    <p class='ocr_par' dir='ltr' id='par_1_72' title="bbox 581 4072 2178 4153">
     <span class='ocr_line' id='line_1_72' title="bbox 581 4072 2178 4153; baseline -0.009 -14"><span class='ocrx_word' id='word_1_547' title='bbox 581 4081 858 4153; x_wconf 78' lang='lat' dir='ltr'><strong>exprimit,</strong></span> <span class='ocrx_word' id='word_1_548' title='bbox 886 4086 944 4134; x_wconf 91' lang='lat' dir='ltr'><strong>ut</strong></span> <span class='ocrx_word' id='word_1_549' title='bbox 973 4077 1073 4134; x_wconf 92' lang='lat' dir='ltr'><strong>nisi</strong></span> <span class='ocrx_word' id='word_1_550' title='bbox 1110 4093 1255 4148; x_wconf 64' lang='lat' dir='ltr'><strong>saepe</strong></span> <span class='ocrx_word' id='word_1_551' title='bbox 1296 4076 1495 4146; x_wconf 67' lang='lat' dir='ltr'><strong>saepius</strong></span> <span class='ocrx_word' id='word_1_552' title='bbox 1535 4073 1838 4129; x_wconf 83' lang='lat' dir='ltr'><strong>obtestatus</strong></span> <span class='ocrx_word' id='word_1_553' title='bbox 1863 4080 2046 4140; x_wconf 90' lang='lat' dir='ltr'><strong>esset,</strong></span> <span class='ocrx_word' id='word_1_554' title='bbox 2074 4072 2178 4126; x_wconf 89' lang='lat' dir='ltr'><strong>illi-</strong></span> 
     </span>
    </p>
   </div>
   <div class='ocr_carea' id='block_1_73' title="bbox 581 4165 2180 4235">
    <p class='ocr_par' dir='ltr' id='par_1_73' title="bbox 581 4165 2180 4235">
     <span class='ocr_line' id='line_1_73' title="bbox 581 4165 2180 4235; baseline -0.009 -4"><span class='ocrx_word' id='word_1_555' title='bbox 581 4175 771 4231; x_wconf 84' lang='lat' dir='ltr'><strong>batum</strong></span> <span class='ocrx_word' id='word_1_556' title='bbox 803 4188 864 4228; x_wconf 86' lang='lat' dir='ltr'><strong>se</strong></span> <span class='ocrx_word' id='word_1_557' title='bbox 893 4172 1032 4228; x_wconf 90' lang='lat' dir='ltr'><strong>velle</strong></span> <span class='ocrx_word' id='word_1_558' title='bbox 1062 4171 1254 4226; x_wconf 69' lang='lat' dir='ltr'><strong>litterae</strong></span> <span class='ocrx_word' id='word_1_559' title='bbox 1294 4183 1511 4224; x_wconf 89' lang='lat' dir='ltr'><strong>sensum</strong></span> <span class='ocrx_word' id='word_1_560' title='bbox 1538 4209 1554 4235; x_wconf 94' lang='lat'><strong>,</strong></span> <span class='ocrx_word' id='word_1_561' title='bbox 1593 4165 1736 4221; x_wconf 86' lang='lat' dir='ltr'><strong>hunc</strong></span> <span class='ocrx_word' id='word_1_562' title='bbox 1768 4179 1988 4234; x_wconf 88' lang='lat' dir='ltr'><strong>prorsus</strong></span> <span class='ocrx_word' id='word_1_563' title='bbox 2019 4177 2180 4233; x_wconf 88' lang='lat' dir='ltr'><strong>repu-</strong></span> 
     </span>
    </p>
   </div>
   <div class='ocr_carea' id='block_1_74' title="bbox 583 4255 2174 4330">
    <p class='ocr_par' dir='ltr' id='par_1_74' title="bbox 583 4255 2174 4330">
     <span class='ocr_line' id='line_1_74' title="bbox 583 4255 2174 4330; baseline -0.009 -6"><span class='ocrx_word' id='word_1_564' title='bbox 583 4266 735 4324; x_wconf 89' lang='lat' dir='ltr'><strong>diare</strong></span> <span class='ocrx_word' id='word_1_565' title='bbox 760 4264 1053 4321; x_wconf 90' lang='lat' dir='ltr'><strong>videretur.</strong></span> <span class='ocrx_word' id='word_1_566' title='bbox 1080 4263 1342 4318; x_wconf 84' lang='lat' dir='ltr'><strong>Crederes</strong></span> <span class='ocrx_word' id='word_1_567' title='bbox 1367 4304 1381 4328; x_wconf 93' lang='lat'><strong>,</strong></span> <span class='ocrx_word' id='word_1_568' title='bbox 1441 4261 1591 4315; x_wconf 91' lang='lat' dir='ltr'><strong>verbi</strong></span> <span class='ocrx_word' id='word_1_569' title='bbox 1637 4259 1806 4330; x_wconf 88' lang='lat' dir='ltr'><strong>gratia</strong></span> <span class='ocrx_word' id='word_1_570' title='bbox 1834 4299 1849 4326; x_wconf 95' lang='lat'><strong>,</strong></span> <span class='ocrx_word' id='word_1_571' title='bbox 1901 4271 2020 4327; x_wconf 87' lang='lat' dir='ltr'><strong>cap.</strong></span> <span class='ocrx_word' id='word_1_572' title='bbox 2081 4255 2174 4322; x_wconf 88' lang='grc'><strong>10,</strong></span> 
     </span>
    </p>
   </div>
   <div class='ocr_carea' id='block_1_75' title="bbox 584 4349 2178 4426">
    <p class='ocr_par' dir='ltr' id='par_1_75' title="bbox 584 4349 2178 4426">
     <span class='ocr_line' id='line_1_75' title="bbox 584 4349 2178 4426; baseline -0.009 -10"><span class='ocrx_word' id='word_1_573' title='bbox 584 4375 642 4416; x_wconf 88' lang='lat' dir='ltr'><strong>n.</strong></span> <span class='ocrx_word' id='word_1_574' title='bbox 663 4359 751 4425; x_wconf 84' lang='grc'><strong>17,</strong></span> <span class='ocrx_word' id='word_1_575' title='bbox 779 4373 900 4412; x_wconf 91' lang='lat' dir='ltr'><strong>eum</strong></span> <span class='ocrx_word' id='word_1_576' title='bbox 931 4369 1148 4426; x_wconf 88' lang='lat' dir='ltr'><strong>negare,</strong></span> <span class='ocrx_word' id='word_1_577' title='bbox 1172 4355 1350 4410; x_wconf 83' lang='lat' dir='ltr'><strong>verbis</strong></span> <span class='ocrx_word' id='word_1_578' title='bbox 1376 4371 1390 4407; x_wconf 90' lang='lat'><strong>:</strong></span> <span class='ocrx_word' id='word_1_579' title='bbox 1424 4352 1549 4407; x_wconf 84' lang='lat' dir='ltr'><strong>Veni</strong></span> <span class='ocrx_word' id='word_1_580' title='bbox 1576 4353 1710 4408; x_wconf 88' lang='lat' dir='ltr'><strong>enim</strong></span> <span class='ocrx_word' id='word_1_581' title='bbox 1741 4367 1984 4422; x_wconf 87' lang='lat' dir='ltr'><strong>separare</strong></span> <span class='ocrx_word' id='word_1_582' title='bbox 2010 4349 2178 4420; x_wconf 86' lang='lat' dir='ltr'><strong>ﬁlium</strong></span> 
     </span>
    </p>
   </div>
   <div class='ocr_carea' id='block_1_76' title="bbox 588 4445 2177 4520">
    <p class='ocr_par' dir='ltr' id='par_1_76' title="bbox 588 4445 2177 4520">
     <span class='ocr_line' id='line_1_76' title="bbox 588 4445 2177 4520; baseline -0.005 -12"><span class='ocrx_word' id='word_1_583' title='bbox 588 4453 834 4508; x_wconf 89' lang='lat' dir='ltr'><strong>adversus</strong></span> <span class='ocrx_word' id='word_1_584' title='bbox 866 4463 1080 4520; x_wconf 88' lang='lat' dir='ltr'><strong>patrem.</strong></span> <span class='ocrx_word' id='word_1_585' title='bbox 1108 4458 1238 4512; x_wconf 89' lang='lat' dir='ltr'><strong>etc.,</strong></span> <span class='ocrx_word' id='word_1_586' title='bbox 1283 4449 1446 4503; x_wconf 88' lang='lat' dir='ltr'><strong>ullam</strong></span> <span class='ocrx_word' id='word_1_587' title='bbox 1469 4464 1497 4502; x_wconf 93' lang='lat' dir='ltr'><strong>a</strong></span> <span class='ocrx_word' id='word_1_588' title='bbox 1533 4447 1846 4518; x_wconf 86' lang='lat' dir='ltr'><strong>propinquis</strong></span> <span class='ocrx_word' id='word_1_589' title='bbox 1869 4445 2177 4503; x_wconf 87' lang='lat' dir='ltr'><strong>carnalibus</strong></span> 
     </span>
    </p>
   </div>
   <div class='ocr_carea' id='block_1_77' title="bbox 2342 3244 3877 3319">
    <p class='ocr_par' dir='ltr' id='par_1_77' title="bbox 2342 3244 3877 3319">
     <span class='ocr_line' id='line_1_77' title="bbox 2342 3244 3877 3319; baseline 0.003 -18"><span class='ocrx_word' id='word_1_590' title='bbox 2342 3246 2410 3301; x_wconf 83' lang='lat' dir='ltr'><strong>X.</strong></span> <span class='ocrx_word' id='word_1_591' title='bbox 2446 3244 2696 3317; x_wconf 68' lang='lat' dir='ltr'><strong>Praefatio</strong></span> <span class='ocrx_word' id='word_1_592' title='bbox 2723 3246 2858 3301; x_wconf 87' lang='lat' dir='ltr'><strong>deest</strong></span> <span class='ocrx_word' id='word_1_593' title='bbox 2888 3263 3042 3316; x_wconf 89' lang='lat' dir='ltr'><strong>quam</strong></span> <span class='ocrx_word' id='word_1_594' title='bbox 3063 3247 3309 3302; x_wconf 84' lang='lat' dir='ltr'><strong>ediderat.</strong></span> <span class='ocrx_word' id='word_1_595' title='bbox 3328 3248 3511 3303; x_wconf 87' lang='lat' dir='ltr'><strong>-—Hos</strong></span> <span class='ocrx_word' id='word_1_596' title='bbox 3553 3249 3877 3319; x_wconf 65' lang='lat' dir='ltr'><strong>prtel‘atione</strong></span> 
     </span>
    </p>
   </div>
   <div class='ocr_carea' id='block_1_78' title="bbox 2270 3337 3877 3398">
    <p class='ocr_par' dir='ltr' id='par_1_78' title="bbox 2270 3337 3877 3398">
     <span class='ocr_line' id='line_1_78' title="bbox 2270 3337 3877 3398; baseline 0.004 -6"><span class='ocrx_word' id='word_1_597' title='bbox 2270 3348 2459 3393; x_wconf 88' lang='lat' dir='ltr'><strong>auctos</strong></span> <span class='ocrx_word' id='word_1_598' title='bbox 2490 3338 2696 3392; x_wconf 77' lang='lat' dir='ltr'><strong>viderat</strong></span> <span class='ocrx_word' id='word_1_599' title='bbox 2736 3337 2973 3394; x_wconf 81' lang='lat' dir='ltr'><strong>Joannes</strong></span> <span class='ocrx_word' id='word_1_600' title='bbox 3011 3339 3321 3396; x_wconf 89' lang='lat' dir='ltr'><strong>Cassianus.</strong></span> <span class='ocrx_word' id='word_1_601' title='bbox 3361 3340 3454 3397; x_wconf 89' lang='lat' dir='ltr'><strong>Sic</strong></span> <span class='ocrx_word' id='word_1_602' title='bbox 3479 3341 3620 3396; x_wconf 92' lang='lat' dir='ltr'><strong>enim</strong></span> <span class='ocrx_word' id='word_1_603' title='bbox 3651 3341 3746 3396; x_wconf 90' lang='lat' dir='ltr'><strong>lib.</strong></span> <span class='ocrx_word' id='word_1_604' title='bbox 3798 3358 3877 3398; x_wconf 82' lang='lat' dir='ltr'><strong>vn</strong></span> 
     </span>
    </p>
   </div>
   <div class='ocr_carea' id='block_1_79' title="bbox 2272 3427 3877 3500">
    <p class='ocr_par' dir='ltr' id='par_1_79' title="bbox 2272 3427 3877 3500">
     <span class='ocr_line' id='line_1_79' title="bbox 2272 3427 3877 3500; baseline 0.002 -17"><span class='ocrx_word' id='word_1_605' title='bbox 2272 3427 2341 3483; x_wconf 90' lang='lat' dir='ltr'><strong>de</strong></span> <span class='ocrx_word' id='word_1_606' title='bbox 2367 3427 2575 3483; x_wconf 90' lang='lat' dir='ltr'><strong>Incarn.</strong></span> <span class='ocrx_word' id='word_1_607' title='bbox 2607 3443 2659 3484; x_wconf 92' lang='lat' dir='ltr'><strong>c.</strong></span> <span class='ocrx_word' id='word_1_608' title='bbox 2691 3428 2799 3496; x_wconf 70' lang='lat'><strong>24,</strong></span> <span class='ocrx_word' id='word_1_609' title='bbox 2852 3438 3133 3500; x_wconf 90' lang='lat' dir='ltr'><strong>postquam</strong></span> <span class='ocrx_word' id='word_1_610' title='bbox 3185 3431 3335 3500; x_wconf 88' lang='lat' dir='ltr'><strong>plura</strong></span> <span class='ocrx_word' id='word_1_611' title='bbox 3387 3432 3572 3486; x_wconf 90' lang='lat' dir='ltr'><strong>retulit</strong></span> <span class='ocrx_word' id='word_1_612' title='bbox 3599 3448 3666 3488; x_wconf 84' lang='lat' dir='ltr'><strong>ex</strong></span> <span class='ocrx_word' id='word_1_613' title='bbox 3713 3431 3877 3487; x_wconf 81' lang='lat' dir='ltr'><strong>libris</strong></span> 
     </span>
    </p>
   </div>
   <div class='ocr_carea' id='block_1_80' title="bbox 2276 3521 3878 3596">
    <p class='ocr_par' dir='ltr' id='par_1_80' title="bbox 2276 3521 3878 3596">
     <span class='ocr_line' id='line_1_80' title="bbox 2276 3521 3878 3596; baseline 0.002 -19"><span class='ocrx_word' id='word_1_614' title='bbox 2276 3521 2464 3578; x_wconf 89' lang='lat' dir='ltr'><strong>Hilarii</strong></span> <span class='ocrx_word' id='word_1_615' title='bbox 2495 3523 2560 3577; x_wconf 90' lang='lat' dir='ltr'><strong>de</strong></span> <span class='ocrx_word' id='word_1_616' title='bbox 2589 3522 2780 3578; x_wconf 85' lang='lat' dir='ltr'><strong>Trinit.</strong></span> <span class='ocrx_word' id='word_1_617' title='bbox 2816 3533 3092 3593; x_wconf 82' lang='lat' dir='ltr'><strong>excerpta,</strong></span> <span class='ocrx_word' id='word_1_618' title='bbox 3120 3524 3338 3596; x_wconf 86' lang='lat' dir='ltr'><strong>subjicit</strong></span> <span class='ocrx_word' id='word_1_619' title='bbox 3361 3544 3373 3579; x_wconf 89' lang='lat'><strong>:</strong></span> <span class='ocrx_word' id='word_1_620' title='bbox 3398 3524 3531 3579; x_wconf 80' lang='lat' dir='ltr'><strong>Item</strong></span> <span class='ocrx_word' id='word_1_621' title='bbox 3553 3526 3785 3592; x_wconf 75' lang='lat' dir='ltr'><strong>eiusdem</strong></span> <span class='ocrx_word' id='word_1_622' title='bbox 3818 3527 3878 3581; x_wconf 78' lang='lat' dir='ltr'><strong>in</strong></span> 
     </span>
    </p>
   </div>
   <div class='ocr_carea' id='block_1_81' title="bbox 2274 3614 3880 3687">
    <p class='ocr_par' dir='ltr' id='par_1_81' title="bbox 2274 3614 3880 3687">
     <span class='ocr_line' id='line_1_81' title="bbox 2274 3614 3880 3687; baseline 0.002 -20"><span class='ocrx_word' id='word_1_623' title='bbox 2274 3615 2517 3687; x_wconf 65' lang='lat' dir='ltr'><strong>prooemio</strong></span> <span class='ocrx_word' id='word_1_624' title='bbox 2547 3615 2878 3685; x_wconf 79' lang='lat' dir='ltr'><strong>expositionis</strong></span> <span class='ocrx_word' id='word_1_625' title='bbox 2901 3614 3167 3687; x_wconf 79' lang='lat' dir='ltr'><strong>Evangelii</strong></span> <span class='ocrx_word' id='word_1_626' title='bbox 3204 3616 3486 3670; x_wconf 88' lang='lat' dir='ltr'><strong>secundum</strong></span> <span class='ocrx_word' id='word_1_627' title='bbox 3515 3616 3827 3671; x_wconf 73' lang='lat' dir='ltr'><strong>Matthcum</strong></span> <span class='ocrx_word' id='word_1_628' title='bbox 3853 3635 3880 3672; x_wconf 91' lang='lat'><strong><em>:</em></strong></span> 
     </span>
    </p>
   </div>
   <div class='ocr_carea' id='block_1_82' title="bbox 2277 3708 3882 3782">
    <p class='ocr_par' dir='ltr' id='par_1_82' title="bbox 2277 3708 3882 3782">
     <span class='ocr_line' id='line_1_82' title="bbox 2277 3708 3882 3782; baseline 0.001 -20"><span class='ocrx_word' id='word_1_629' title='bbox 2277 3708 2410 3762; x_wconf 82' lang='lat' dir='ltr'><strong>Erat</strong></span> <span class='ocrx_word' id='word_1_630' title='bbox 2442 3724 2657 3778; x_wconf 85' lang='lat' dir='ltr'><strong>namque</strong></span> <span class='ocrx_word' id='word_1_631' title='bbox 2685 3709 2907 3779; x_wconf 88' lang='lat' dir='ltr'><strong>primum</strong></span> <span class='ocrx_word' id='word_1_632' title='bbox 2934 3709 3274 3763; x_wconf 78' lang='lat' dir='ltr'><strong>necessarium</strong></span> <span class='ocrx_word' id='word_1_633' title='bbox 3298 3708 3463 3774; x_wconf 86' lang='lat' dir='ltr'><strong>nobis,</strong></span> <span class='ocrx_word' id='word_1_634' title='bbox 3491 3721 3548 3764; x_wconf 87' lang='lat' dir='ltr'><strong>ut</strong></span> <span class='ocrx_word' id='word_1_635' title='bbox 3578 3710 3882 3782; x_wconf 67' lang='lat' dir='ltr'><strong>unigenitua</strong></span> 
     </span>
    </p>
   </div>
   <div class='ocr_carea' id='block_1_83' title="bbox 2277 3799 3886 3872">
    <p class='ocr_par' dir='ltr' id='par_1_83' title="bbox 2277 3799 3886 3872">
     <span class='ocr_line' id='line_1_83' title="bbox 2277 3799 3886 3872; baseline 0.001 -18"><span class='ocrx_word' id='word_1_636' title='bbox 2277 3799 2420 3856; x_wconf 88' lang='lat' dir='ltr'><strong>Deus</strong></span> <span class='ocrx_word' id='word_1_637' title='bbox 2450 3801 2608 3854; x_wconf 88' lang='lat' dir='ltr'><strong>nostri</strong></span> <span class='ocrx_word' id='word_1_638' title='bbox 2639 3815 2793 3854; x_wconf 88' lang='lat' dir='ltr'><strong>causa</strong></span> <span class='ocrx_word' id='word_1_639' title='bbox 2821 3800 2994 3864; x_wconf 85' lang='lat' dir='ltr'><strong>homo,</strong></span> <span class='ocrx_word' id='word_1_640' title='bbox 3019 3800 3074 3853; x_wconf 86' lang='lat' dir='ltr'><strong>id</strong></span> <span class='ocrx_word' id='word_1_641' title='bbox 3099 3801 3238 3872; x_wconf 88' lang='lat' dir='ltr'><strong>quod</strong></span> <span class='ocrx_word' id='word_1_642' title='bbox 3266 3810 3377 3855; x_wconf 90' lang='lat' dir='ltr'><strong>tum</strong></span> <span class='ocrx_word' id='word_1_643' title='bbox 3402 3818 3504 3856; x_wconf 92' lang='lat' dir='ltr'><strong>non</strong></span> <span class='ocrx_word' id='word_1_644' title='bbox 3532 3810 3662 3866; x_wconf 88' lang='lat' dir='ltr'><strong>erat,</strong></span> <span class='ocrx_word' id='word_1_645' title='bbox 3689 3802 3886 3872; x_wconf 84' lang='lat' dir='ltr'><strong>gigne-</strong></span> 
     </span>
    </p>
   </div>
   <div class='ocr_carea' id='block_1_84' title="bbox 2276 3890 3888 3963">
    <p class='ocr_par' dir='ltr' id='par_1_84' title="bbox 2276 3890 3888 3963">
     <span class='ocr_line' id='line_1_84' title="bbox 2276 3890 3888 3963; baseline -0.001 -16"><span class='ocrx_word' id='word_1_646' title='bbox 2276 3901 2439 3947; x_wconf 89' lang='lat' dir='ltr'><strong>retur.</strong></span> <span class='ocrx_word' id='word_1_647' title='bbox 2489 3890 2624 3945; x_wconf 83' lang='lat' dir='ltr'><strong>Item</strong></span> <span class='ocrx_word' id='word_1_648' title='bbox 2663 3892 2717 3946; x_wconf 90' lang='lat' dir='ltr'><strong>in</strong></span> <span class='ocrx_word' id='word_1_649' title='bbox 2763 3891 2936 3946; x_wconf 89' lang='lat' dir='ltr'><strong>eodem</strong></span> <span class='ocrx_word' id='word_1_650' title='bbox 2977 3908 2996 3946; x_wconf 91' lang='lat'><strong><em>:</em></strong></span> <span class='ocrx_word' id='word_1_651' title='bbox 3026 3890 3253 3946; x_wconf 87' lang='lat' dir='ltr'><strong>Tertium</strong></span> <span class='ocrx_word' id='word_1_652' title='bbox 3296 3893 3534 3963; x_wconf 87' lang='lat' dir='ltr'><strong>deinceps</strong></span> <span class='ocrx_word' id='word_1_653' title='bbox 3578 3893 3709 3947; x_wconf 89' lang='lat' dir='ltr'><strong>illud</strong></span> <span class='ocrx_word' id='word_1_654' title='bbox 3751 3908 3888 3948; x_wconf 90' lang='lat' dir='ltr'><strong>con-</strong></span> 
     </span>
    </p>
   </div>
   <div class='ocr_carea' id='block_1_85' title="bbox 2277 3981 3885 4057">
    <p class='ocr_par' dir='ltr' id='par_1_85' title="bbox 2277 3981 3885 4057">
     <span class='ocr_line' id='line_1_85' title="bbox 2277 3981 3885 4057; baseline 0.001 -19"><span class='ocrx_word' id='word_1_655' title='bbox 2277 4001 2462 4055; x_wconf 88' lang='lat' dir='ltr'><strong>gruum</strong></span> <span class='ocrx_word' id='word_1_656' title='bbox 2503 3985 2600 4053; x_wconf 76' lang='lat' dir='ltr'><strong>fuit</strong></span> <span class='ocrx_word' id='word_1_657' title='bbox 2619 4025 2634 4050; x_wconf 94' lang='lat'><strong>,</strong></span> <span class='ocrx_word' id='word_1_658' title='bbox 2668 3993 2724 4037; x_wconf 91' lang='lat' dir='ltr'><strong>ut</strong></span> <span class='ocrx_word' id='word_1_659' title='bbox 2747 3985 2866 4053; x_wconf 89' lang='lat' dir='ltr'><strong>quia</strong></span> <span class='ocrx_word' id='word_1_660' title='bbox 2895 3981 3032 4038; x_wconf 86' lang='lat' dir='ltr'><strong>Deus</strong></span> <span class='ocrx_word' id='word_1_661' title='bbox 3062 3985 3212 4039; x_wconf 81' lang='lat' dir='ltr'><strong>homo</strong></span> <span class='ocrx_word' id='word_1_662' title='bbox 3241 3987 3438 4057; x_wconf 90' lang='lat' dir='ltr'><strong>genitus</strong></span> <span class='ocrx_word' id='word_1_663' title='bbox 3476 3986 3532 4038; x_wconf 90' lang='lat' dir='ltr'><strong>in</strong></span> <span class='ocrx_word' id='word_1_664' title='bbox 3567 3983 3760 4039; x_wconf 83' lang='lat' dir='ltr'><strong>mundo</strong></span> <span class='ocrx_word' id='word_1_665' title='bbox 3783 4025 3802 4052; x_wconf 90' lang='lat'><strong>,</strong></span> <span class='ocrx_word' id='word_1_666' title='bbox 3829 3993 3885 4040; x_wconf 79' lang='lat' dir='ltr'><strong>et</strong></span> 
     </span>
    </p>
   </div>
   <div class='ocr_carea' id='block_1_86' title="bbox 2279 4074 3881 4133">
    <p class='ocr_par' dir='ltr' id='par_1_86' title="bbox 2279 4074 3881 4133">
     <span class='ocr_line' id='line_1_86' title="bbox 2279 4074 3881 4133; baseline -0.001 -1"><span class='ocrx_word' id='word_1_667' title='bbox 2279 4087 2484 4132; x_wconf 74' lang='lat' dir='ltr'><strong>uetera.</strong></span> <span class='ocrx_word' id='word_1_668' title='bbox 2534 4074 2910 4133; x_wconf 64' lang='lat' dir='ltr'><strong>Praefationem</strong></span> <span class='ocrx_word' id='word_1_669' title='bbox 2942 4076 3187 4132; x_wconf 87' lang='lat' dir='ltr'><strong>eamdem</strong></span> <span class='ocrx_word' id='word_1_670' title='bbox 3235 4077 3444 4132; x_wconf 89' lang='lat' dir='ltr'><strong>viderat</strong></span> <span class='ocrx_word' id='word_1_671' title='bbox 3491 4085 3549 4132; x_wconf 87' lang='lat' dir='ltr'><strong>et</strong></span> <span class='ocrx_word' id='word_1_672' title='bbox 3592 4076 3881 4133; x_wconf 80' lang='lat' dir='ltr'><strong>Alcuinus.</strong></span> 
     </span>
    </p>
   </div>
   <div class='ocr_carea' id='block_1_87' title="bbox 2280 4167 3882 4238">
    <p class='ocr_par' dir='ltr' id='par_1_87' title="bbox 2280 4167 3882 4238">
     <span class='ocr_line' id='line_1_87' title="bbox 2280 4167 3882 4238; baseline 0.001 -18"><span class='ocrx_word' id='word_1_673' title='bbox 2280 4168 2614 4238; x_wconf 88' lang='lat' dir='ltr'><strong>Quamquam</strong></span> <span class='ocrx_word' id='word_1_674' title='bbox 2659 4169 3000 4238; x_wconf 87' lang='lat' dir='ltr'><strong>suspicamur</strong></span> <span class='ocrx_word' id='word_1_675' title='bbox 3038 4167 3427 4233; x_wconf 89' lang='lat' dir='ltr'><strong>vehementer,</strong></span> <span class='ocrx_word' id='word_1_676' title='bbox 3486 4180 3551 4222; x_wconf 84' lang='lat' dir='ltr'><strong>ex</strong></span> <span class='ocrx_word' id='word_1_677' title='bbox 3605 4183 3670 4223; x_wconf 90' lang='lat' dir='ltr'><strong>ea</strong></span> <span class='ocrx_word' id='word_1_678' title='bbox 3723 4167 3882 4222; x_wconf 85' lang='lat' dir='ltr'><strong>illum</strong></span> 
     </span>
    </p>
   </div>
   <div class='ocr_carea' id='block_1_88' title="bbox 2280 4258 3884 4333">
    <p class='ocr_par' dir='ltr' id='par_1_88' title="bbox 2280 4258 3884 4333">
     <span class='ocr_line' id='line_1_88' title="bbox 2280 4258 3884 4333; baseline -0.001 -16"><span class='ocrx_word' id='word_1_679' title='bbox 2280 4260 2414 4317; x_wconf 89' lang='lat' dir='ltr'><strong>nihil</strong></span> <span class='ocrx_word' id='word_1_680' title='bbox 2446 4260 2596 4316; x_wconf 89' lang='lat' dir='ltr'><strong>aliud</strong></span> <span class='ocrx_word' id='word_1_681' title='bbox 2623 4260 2823 4317; x_wconf 90' lang='lat' dir='ltr'><strong>vidisse</strong></span> <span class='ocrx_word' id='word_1_682' title='bbox 2843 4301 2858 4325; x_wconf 86' lang='lat'><strong>,</strong></span> <span class='ocrx_word' id='word_1_683' title='bbox 2904 4275 3065 4332; x_wconf 92' lang='lat' dir='ltr'><strong>quam</strong></span> <span class='ocrx_word' id='word_1_684' title='bbox 3088 4260 3233 4333; x_wconf 91' lang='lat' dir='ltr'><strong>quod</strong></span> <span class='ocrx_word' id='word_1_685' title='bbox 3257 4259 3398 4330; x_wconf 90' lang='lat' dir='ltr'><strong>apud</strong></span> <span class='ocrx_word' id='word_1_686' title='bbox 3425 4258 3744 4314; x_wconf 90' lang='lat' dir='ltr'><strong>Cassianum</strong></span> <span class='ocrx_word' id='word_1_687' title='bbox 3796 4259 3884 4315; x_wconf 80' lang='lat' dir='ltr'><strong>le-</strong></span> 
     </span>
    </p>
   </div>
   <div class='ocr_carea' id='block_1_89' title="bbox 2280 4351 3882 4424">
    <p class='ocr_par' dir='ltr' id='par_1_89' title="bbox 2280 4351 3882 4424">
     <span class='ocr_line' id='line_1_89' title="bbox 2280 4351 3882 4424; baseline 0 -18"><span class='ocrx_word' id='word_1_688' title='bbox 2280 4361 2451 4424; x_wconf 87' lang='lat' dir='ltr'><strong>gerat.</strong></span> <span class='ocrx_word' id='word_1_689' title='bbox 2498 4352 2668 4423; x_wconf 87' lang='lat' dir='ltr'><strong>llujus</strong></span> <span class='ocrx_word' id='word_1_690' title='bbox 2712 4352 2908 4424; x_wconf 89' lang='lat' dir='ltr'><strong>quippe</strong></span> <span class='ocrx_word' id='word_1_691' title='bbox 2936 4353 3103 4408; x_wconf 89' lang='lat' dir='ltr'><strong>verba</strong></span> <span class='ocrx_word' id='word_1_692' title='bbox 3135 4353 3448 4408; x_wconf 89' lang='lat' dir='ltr'><strong>describens</strong></span> <span class='ocrx_word' id='word_1_693' title='bbox 3478 4361 3602 4423; x_wconf 89' lang='lat' dir='ltr'><strong>post</strong></span> <span class='ocrx_word' id='word_1_694' title='bbox 3635 4351 3882 4408; x_wconf 85' lang='lat' dir='ltr'><strong>medium</strong></span> 
     </span>
    </p>
   </div>
   <div class='ocr_carea' id='block_1_90' title="bbox 2281 4444 3890 4517">
    <p class='ocr_par' dir='ltr' id='par_1_90' title="bbox 2281 4444 3890 4517">
     <span class='ocr_line' id='line_1_90' title="bbox 2281 4444 3890 4517; baseline -0.002 -15"><span class='ocrx_word' id='word_1_695' title='bbox 2281 4447 2375 4503; x_wconf 93' lang='lat' dir='ltr'><strong>lib.</strong></span> <span class='ocrx_word' id='word_1_696' title='bbox 2438 4463 2492 4502; x_wconf 89' lang='lat' dir='ltr'><strong>tv</strong></span> <span class='ocrx_word' id='word_1_697' title='bbox 2535 4456 2724 4503; x_wconf 89' lang='lat' dir='ltr'><strong>contra</strong></span> <span class='ocrx_word' id='word_1_698' title='bbox 2782 4446 3018 4503; x_wconf 89' lang='lat' dir='ltr'><strong>Felicem</strong></span> <span class='ocrx_word' id='word_1_699' title='bbox 3063 4445 3248 4517; x_wconf 88' lang='lat' dir='ltr'><strong>Urgel.</strong></span> <span class='ocrx_word' id='word_1_700' title='bbox 3283 4447 3361 4502; x_wconf 91' lang='lat' dir='ltr'><strong>sic</strong></span> <span class='ocrx_word' id='word_1_701' title='bbox 3404 4445 3611 4502; x_wconf 88' lang='lat' dir='ltr'><strong>habet:</strong></span> <span class='ocrx_word' id='word_1_702' title='bbox 3645 4444 3890 4499; x_wconf 71' lang='lat' dir='ltr'><strong>Hilarius</strong></span> 
     </span>
    </p>
   </div>
   <div class='ocr_carea' id='block_1_91' title="bbox 585 4511 3894 4620">
    <p class='ocr_par' dir='ltr' id='par_1_91' title="bbox 585 4511 3894 4620">
     <span class='ocr_line' id='line_1_91' title="bbox 585 4511 3894 4620; baseline -0.003 -17"><span class='ocrx_word' id='word_1_703' title='bbox 585 4544 810 4620; x_wconf 63' lang='lat' dir='ltr'><strong>praecipi</strong></span> <span class='ocrx_word' id='word_1_704' title='bbox 849 4543 1278 4614; x_wconf 89' lang='lat' dir='ltr'><strong>separationem,</strong></span> <span class='ocrx_word' id='word_1_705' title='bbox 1313 4541 1413 4596; x_wconf 89' lang='lat' dir='ltr'><strong>nisi</strong></span> <span class='ocrx_word' id='word_1_706' title='bbox 1442 4554 1562 4595; x_wconf 91' lang='lat' dir='ltr'><strong>eam</strong></span> <span class='ocrx_word' id='word_1_707' title='bbox 1585 4539 1695 4609; x_wconf 89' lang='lat' dir='ltr'><strong>jam</strong></span> <span class='ocrx_word' id='word_1_708' title='bbox 1741 4545 1900 4592; x_wconf 88' lang='lat' dir='ltr'><strong>antea</strong></span> <span class='ocrx_word' id='word_1_709' title='bbox 1939 4552 2058 4607; x_wconf 85' lang='lat' dir='ltr'><strong>cap.</strong></span> <span class='ocrx_word' id='word_1_710' title='bbox 2103 4536 2138 4591; x_wconf 73' lang='grc'><strong>4</strong></span> <span class='ocrx_word' id='word_1_711' title='bbox 2160 4577 2175 4603; x_wconf 91' lang='grc'><strong>,</strong></span> <span class='ocrx_word' id='word_1_712' title='bbox 2202 4511 2258 4574; x_wconf 84' lang='grc' dir='ltr'><strong>Ῑ)</strong></span> <span class='ocrx_word' id='word_1_713' title='bbox 2285 4539 2389 4611; x_wconf 85' lang='lat' dir='ltr'><strong>(ex</strong></span> <span class='ocrx_word' id='word_1_714' title='bbox 2414 4537 2674 4595; x_wconf 86' lang='lat' dir='ltr'><strong>Cassiano</strong></span> <span class='ocrx_word' id='word_1_715' title='bbox 2705 4537 3011 4594; x_wconf 88' lang='lat' dir='ltr'><strong>addendum</strong></span> <span class='ocrx_word' id='word_1_716' title='bbox 3053 4511 3430 4609; x_wconf 47' lang='lat' dir='ltr'><strong>vir)&#39;virtutum</strong></span> <span class='ocrx_word' id='word_1_717' title='bbox 3469 4538 3700 4592; x_wconf 88' lang='lat' dir='ltr'><strong>omnium</strong></span> <span class='ocrx_word' id='word_1_718' title='bbox 3726 4546 3894 4606; x_wconf 80' lang='lat' dir='ltr'><strong>atque</strong></span> 
     </span>
    </p>
   </div>
   <div class='ocr_carea' id='block_1_92' title="bbox 587 4629 2179 4708">
    <p class='ocr_par' dir='ltr' id='par_1_92' title="bbox 587 4629 2179 4708">
     <span class='ocr_line' id='line_1_92' title="bbox 587 4629 2179 4708; baseline -0.008 -12"><span class='ocrx_word' id='word_1_719' title='bbox 587 4657 645 4698; x_wconf 81' lang='grc' dir='ltr'>ιι.</span> <span class='ocrx_word' id='word_1_720' title='bbox 666 4640 753 4706; x_wconf 88' lang='grc'><strong>19,</strong></span> <span class='ocrx_word' id='word_1_721' title='bbox 780 4637 866 4693; x_wconf 91' lang='lat' dir='ltr'><strong>ubi</strong></span> <span class='ocrx_word' id='word_1_722' title='bbox 894 4635 996 4708; x_wconf 89' lang='lat' dir='ltr'><strong>ipsi</strong></span> <span class='ocrx_word' id='word_1_723' title='bbox 1022 4633 1276 4690; x_wconf 90' lang='lat' dir='ltr'><strong>seandalo</strong></span> <span class='ocrx_word' id='word_1_724' title='bbox 1294 4639 1439 4697; x_wconf 89' lang='lat' dir='ltr'><strong>sunt,</strong></span> <span class='ocrx_word' id='word_1_725' title='bbox 1471 4629 2064 4702; x_wconf 50' lang='lat' dir='ltr'><strong>omninogneeessariam</strong></span> <span class='ocrx_word' id='word_1_726' title='bbox 2082 4644 2179 4684; x_wconf 86' lang='lat' dir='ltr'><strong>eo-</strong></span> 
     </span>
    </p>
   </div>
   <div class='ocr_carea' id='block_1_93' title="bbox 586 4721 2177 4791">
    <p class='ocr_par' dir='ltr' id='par_1_93' title="bbox 586 4721 2177 4791">
     <span class='ocr_line' id='line_1_93' title="bbox 586 4721 2177 4791; baseline -0.007 -4"><span class='ocrx_word' id='word_1_727' title='bbox 586 4732 835 4788; x_wconf 85' lang='lat' dir='ltr'><strong>rumdem</strong></span> <span class='ocrx_word' id='word_1_728' title='bbox 879 4728 1167 4784; x_wconf 89' lang='lat' dir='ltr'><strong>verborum</strong></span> <span class='ocrx_word' id='word_1_729' title='bbox 1196 4725 1518 4781; x_wconf 88' lang='lat' dir='ltr'><strong>auctoritate</strong></span> <span class='ocrx_word' id='word_1_730' title='bbox 1567 4723 1862 4778; x_wconf 89' lang='lat' dir='ltr'><strong>docuisset.</strong></span> <span class='ocrx_word' id='word_1_731' title='bbox 1902 4721 2177 4791; x_wconf 90' lang='lat' dir='ltr'><strong>Quibusli-</strong></span> 
     </span>
    </p>
   </div>
   <div class='ocr_carea' id='block_1_94' title="bbox 587 4815 2177 4897">
    <p class='ocr_par' dir='ltr' id='par_1_94' title="bbox 587 4815 2177 4897">
     <span class='ocr_line' id='line_1_94' title="bbox 587 4815 2177 4897; baseline -0.008 -15"><span class='ocrx_word' id='word_1_732' title='bbox 587 4827 684 4882; x_wconf 85' lang='lat' dir='ltr'><strong>bet</strong></span> <span class='ocrx_word' id='word_1_733' title='bbox 705 4826 866 4897; x_wconf 88' lang='lat' dir='ltr'><strong>igitur</strong></span> <span class='ocrx_word' id='word_1_734' title='bbox 896 4821 1077 4877; x_wconf 87' lang='lat' dir='ltr'><strong>verbis</strong></span> <span class='ocrx_word' id='word_1_735' title='bbox 1103 4819 1343 4876; x_wconf 88' lang='lat' dir='ltr'><strong>declaret</strong></span> <span class='ocrx_word' id='word_1_736' title='bbox 1369 4818 1565 4889; x_wconf 90' lang='lat' dir='ltr'><strong>aliquid</strong></span> <span class='ocrx_word' id='word_1_737' title='bbox 1599 4817 1652 4871; x_wconf 90' lang='lat' dir='ltr'><strong>in</strong></span> <span class='ocrx_word' id='word_1_738' title='bbox 1692 4817 1983 4886; x_wconf 90' lang='lat' dir='ltr'><strong>Scripturis</strong></span> <span class='ocrx_word' id='word_1_739' title='bbox 2005 4815 2177 4880; x_wconf 89' lang='lat' dir='ltr'><strong>aliud,</strong></span> 
     </span>
    </p>
   </div>
   <div class='ocr_carea' id='block_1_95' title="bbox 588 4911 2176 4990">
    <p class='ocr_par' dir='ltr' id='par_1_95' title="bbox 588 4911 2176 4990">
     <span class='ocr_line' id='line_1_95' title="bbox 588 4911 2176 4990; baseline -0.006 -17"><span class='ocrx_word' id='word_1_740' title='bbox 588 4936 749 4990; x_wconf 90' lang='lat' dir='ltr'><strong>quam</strong></span> <span class='ocrx_word' id='word_1_741' title='bbox 776 4917 917 4989; x_wconf 92' lang='lat' dir='ltr'><strong>quod</strong></span> <span class='ocrx_word' id='word_1_742' title='bbox 948 4923 1126 4982; x_wconf 87' lang='lat' dir='ltr'><strong>senat,</strong></span> <span class='ocrx_word' id='word_1_743' title='bbox 1159 4913 1564 4984; x_wconf 86' lang='lat' dir='ltr'><strong>intelligendum</strong></span> <span class='ocrx_word' id='word_1_744' title='bbox 1589 4927 1710 4968; x_wconf 89' lang='lat' dir='ltr'><strong>esse</strong></span> <span class='ocrx_word' id='word_1_745' title='bbox 1730 4953 1745 4976; x_wconf 94' lang='lat'><strong>,</strong></span> <span class='ocrx_word' id='word_1_746' title='bbox 1787 4911 1888 4965; x_wconf 91' lang='lat' dir='ltr'><strong>hoc</strong></span> <span class='ocrx_word' id='word_1_747' title='bbox 1921 4912 1989 4964; x_wconf 87' lang='lat' dir='ltr'><strong>ita</strong></span> <span class='ocrx_word' id='word_1_748' title='bbox 2036 4911 2176 4964; x_wconf 90' lang='lat' dir='ltr'><strong>acci-</strong></span> 
     </span>
    </p>
   </div>
   <div class='ocr_carea' id='block_1_96' title="bbox 592 5003 2180 5081">
    <p class='ocr_par' dir='ltr' id='par_1_96' title="bbox 592 5003 2180 5081">
     <span class='ocr_line' id='line_1_96' title="bbox 592 5003 2180 5081; baseline -0.004 -16"><span class='ocrx_word' id='word_1_749' title='bbox 592 5011 848 5081; x_wconf 86' lang='lat' dir='ltr'><strong>piendum</strong></span> <span class='ocrx_word' id='word_1_750' title='bbox 871 5019 985 5076; x_wconf 88' lang='lat' dir='ltr'><strong>est,</strong></span> <span class='ocrx_word' id='word_1_751' title='bbox 1014 5018 1102 5074; x_wconf 92' lang='lat' dir='ltr'><strong>ut,</strong></span> <span class='ocrx_word' id='word_1_752' title='bbox 1127 5005 1578 5078; x_wconf 87' lang='lat' dir='ltr'><strong>quemadmodum</strong></span> <span class='ocrx_word' id='word_1_753' title='bbox 1611 5013 1794 5060; x_wconf 88' lang='lat' dir='ltr'><strong>monet</strong></span> <span class='ocrx_word' id='word_1_754' title='bbox 1813 5019 1932 5074; x_wconf 91' lang='lat' dir='ltr'><strong>cap.</strong></span> <span class='ocrx_word' id='word_1_755' title='bbox 1959 5003 2015 5070; x_wconf 88' lang='lat'><strong>2,</strong></span> <span class='ocrx_word' id='word_1_756' title='bbox 2044 5021 2097 5057; x_wconf 94' lang='lat' dir='ltr'><strong>n.</strong></span> <span class='ocrx_word' id='word_1_757' title='bbox 2122 5004 2180 5070; x_wconf 84' lang='lat'><strong>2,</strong></span> 
     </span>
    </p>
   </div>
   <div class='ocr_carea' id='block_1_97' title="bbox 602 5096 2187 5166">
    <p class='ocr_par' dir='ltr' id='par_1_97' title="bbox 602 5096 2187 5166">
     <span class='ocr_line' id='line_1_97' title="bbox 602 5096 2187 5166; baseline -0.006 -9"><span class='ocrx_word' id='word_1_758' title='bbox 602 5104 981 5158; x_wconf 86' lang='lat' dir='ltr'><strong>meminerimus</strong></span> <span class='ocrx_word' id='word_1_759' title='bbox 1041 5100 1301 5155; x_wconf 84' lang='lat' dir='ltr'><strong>veritatem</strong></span> <span class='ocrx_word' id='word_1_760' title='bbox 1336 5115 1438 5154; x_wconf 90' lang='lat' dir='ltr'><strong>non</strong></span> <span class='ocrx_word' id='word_1_761' title='bbox 1467 5099 1660 5152; x_wconf 90' lang='lat' dir='ltr'><strong>idcirco</strong></span> <span class='ocrx_word' id='word_1_762' title='bbox 1699 5097 1995 5166; x_wconf 86' lang='lat' dir='ltr'><strong>corrumpi,</strong></span> <span class='ocrx_word' id='word_1_763' title='bbox 2027 5096 2070 5149; x_wconf 91' lang='lat' dir='ltr'><strong>si</strong></span> <span class='ocrx_word' id='word_1_764' title='bbox 2100 5112 2187 5166; x_wconf 92' lang='lat' dir='ltr'><strong>ge-</strong></span> 
     </span>
    </p>
   </div>
   <div class='ocr_carea' id='block_1_98' title="bbox 607 5187 2180 5260">
    <p class='ocr_par' dir='ltr' id='par_1_98' title="bbox 607 5187 2180 5260">
     <span class='ocr_line' id='line_1_98' title="bbox 607 5187 2180 5260; baseline -0.006 -10"><span class='ocrx_word' id='word_1_765' title='bbox 607 5196 784 5250; x_wconf 83' lang='lat' dir='ltr'><strong>rendis</strong></span> <span class='ocrx_word' id='word_1_766' title='bbox 825 5193 975 5248; x_wconf 89' lang='lat' dir='ltr'><strong>rebus</strong></span> <span class='ocrx_word' id='word_1_767' title='bbox 999 5195 1255 5248; x_wconf 88' lang='lat' dir='ltr'><strong>interioris</strong></span> <span class='ocrx_word' id='word_1_768' title='bbox 1282 5191 1632 5260; x_wconf 76' lang='lat' dir='ltr'><strong>intelligentia:</strong></span> <span class='ocrx_word' id='word_1_769' title='bbox 1673 5190 1803 5243; x_wconf 90' lang='lat' dir='ltr'><strong>ratio</strong></span> <span class='ocrx_word' id='word_1_770' title='bbox 1842 5187 2070 5258; x_wconf 86' lang='lat' dir='ltr'><strong>subjecta</strong></span> <span class='ocrx_word' id='word_1_771' title='bbox 2096 5189 2180 5241; x_wconf 89' lang='lat' dir='ltr'><strong>sit.</strong></span> 
     </span>
    </p>
   </div>
   <div class='ocr_carea' id='block_1_99' title="bbox 593 5282 2183 5358">
    <p class='ocr_par' dir='ltr' id='par_1_99' title="bbox 593 5282 2183 5358">
     <span class='ocr_line' id='line_1_99' title="bbox 593 5282 2183 5358; baseline -0.004 -14"><span class='ocrx_word' id='word_1_772' title='bbox 593 5287 750 5358; x_wconf 85' lang='lat' dir='ltr'><strong>Quod</strong></span> <span class='ocrx_word' id='word_1_773' title='bbox 771 5288 932 5342; x_wconf 90' lang='lat' dir='ltr'><strong>etiam</strong></span> <span class='ocrx_word' id='word_1_774' title='bbox 970 5287 1022 5340; x_wconf 92' lang='lat' dir='ltr'><strong>in</strong></span> <span class='ocrx_word' id='word_1_775' title='bbox 1052 5287 1194 5341; x_wconf 89' lang='lat' dir='ltr'><strong>Psal.</strong></span> <span class='ocrx_word' id='word_1_776' title='bbox 1227 5301 1427 5352; x_wconf 87' lang='lat' dir='ltr'><strong>cxxnt,</strong></span> <span class='ocrx_word' id='word_1_777' title='bbox 1481 5284 1625 5350; x_wconf 75' lang='lat' dir='ltr'><strong>n.5,</strong></span> <span class='ocrx_word' id='word_1_778' title='bbox 1669 5283 1888 5338; x_wconf 88' lang='lat' dir='ltr'><strong>tradidit</strong></span> <span class='ocrx_word' id='word_1_779' title='bbox 1937 5282 2017 5337; x_wconf 90' lang='lat' dir='ltr'><strong>his</strong></span> <span class='ocrx_word' id='word_1_780' title='bbox 2061 5283 2183 5338; x_wconf 88' lang='lat' dir='ltr'><strong>aliis</strong></span> 
     </span>
    </p>
   </div>
   <div class='ocr_carea' id='block_1_100' title="bbox 590 5377 2182 5450">
    <p class='ocr_par' dir='ltr' id='par_1_100' title="bbox 590 5377 2182 5450">
     <span class='ocr_line' id='line_1_100' title="bbox 590 5377 2182 5450; baseline -0.004 -12"><span class='ocrx_word' id='word_1_781' title='bbox 590 5379 1002 5438; x_wconf 75' lang='lat' dir='ltr'><strong>verbis:Fides</strong></span> <span class='ocrx_word' id='word_1_782' title='bbox 1045 5380 1268 5435; x_wconf 76' lang='lat' dir='ltr'><strong>historia:</strong></span> <span class='ocrx_word' id='word_1_783' title='bbox 1303 5397 1404 5434; x_wconf 91' lang='lat' dir='ltr'><strong>non</strong></span> <span class='ocrx_word' id='word_1_784' title='bbox 1449 5379 1799 5450; x_wconf 87' lang='lat' dir='ltr'><strong>periclitatur,</strong></span> <span class='ocrx_word' id='word_1_785' title='bbox 1847 5380 1890 5432; x_wconf 92' lang='lat' dir='ltr'><strong>si</strong></span> <span class='ocrx_word' id='word_1_786' title='bbox 1919 5377 2066 5432; x_wconf 86' lang='lat' dir='ltr'><strong>rebus</strong></span> <span class='ocrx_word' id='word_1_787' title='bbox 2103 5381 2182 5447; x_wconf 77' lang='lat' dir='ltr'><strong>ef-</strong></span> 
     </span>
    </p>
   </div>
   <div class='ocr_carea' id='block_1_101' title="bbox 591 5470 2181 5544">
    <p class='ocr_par' dir='ltr' id='par_1_101' title="bbox 591 5470 2181 5544">
     <span class='ocr_line' id='line_1_101' title="bbox 591 5470 2181 5544; baseline -0.004 -16"><span class='ocrx_word' id='word_1_788' title='bbox 591 5473 737 5544; x_wconf 75' lang='lat' dir='ltr'><strong>fectis</strong></span> <span class='ocrx_word' id='word_1_789' title='bbox 757 5479 920 5527; x_wconf 90' lang='lat' dir='ltr'><strong>inesse</strong></span> <span class='ocrx_word' id='word_1_790' title='bbox 943 5480 993 5526; x_wconf 91' lang='lat' dir='ltr'><strong>et</strong></span> <span class='ocrx_word' id='word_1_791' title='bbox 1017 5487 1296 5525; x_wconf 77' lang='lat' dir='ltr'><strong>connexum</strong></span> <span class='ocrx_word' id='word_1_792' title='bbox 1326 5473 1422 5524; x_wconf 88' lang='lat' dir='ltr'><strong>sibi</strong></span> <span class='ocrx_word' id='word_1_793' title='bbox 1451 5472 1760 5525; x_wconf 72' lang='lat' dir='ltr'><strong>extrinsecus</strong></span> <span class='ocrx_word' id='word_1_794' title='bbox 1784 5470 2181 5540; x_wconf 83' lang='lat' dir='ltr'><strong>signiﬁcantium</strong></span> 
     </span>
    </p>
   </div>
   <div class='ocr_carea' id='block_1_102' title="bbox 591 5562 2181 5634">
    <p class='ocr_par' dir='ltr' id='par_1_102' title="bbox 591 5562 2181 5634">
     <span class='ocr_line' id='line_1_102' title="bbox 591 5562 2181 5634; baseline -0.004 -13"><span class='ocrx_word' id='word_1_795' title='bbox 591 5567 960 5622; x_wconf 76' lang='lat' dir='ltr'><strong>existimemus.</strong></span> <span class='ocrx_word' id='word_1_796' title='bbox 988 5563 1120 5617; x_wconf 92' lang='lat' dir='ltr'><strong>Dum</strong></span> <span class='ocrx_word' id='word_1_797' title='bbox 1152 5571 1330 5618; x_wconf 89' lang='lat' dir='ltr'><strong>autem</strong></span> <span class='ocrx_word' id='word_1_798' title='bbox 1354 5563 1540 5618; x_wconf 88' lang='lat' dir='ltr'><strong>sedulo</strong></span> <span class='ocrx_word' id='word_1_799' title='bbox 1561 5565 1750 5634; x_wconf 65' lang='lat' dir='ltr'><strong>quarrit</strong></span> <span class='ocrx_word' id='word_1_800' title='bbox 1777 5563 1916 5633; x_wconf 93' lang='lat' dir='ltr'><strong>quod</strong></span> <span class='ocrx_word' id='word_1_801' title='bbox 1944 5564 2045 5616; x_wconf 90' lang='lat' dir='ltr'><strong>sub</strong></span> <span class='ocrx_word' id='word_1_802' title='bbox 2067 5562 2181 5615; x_wconf 83' lang='lat' dir='ltr'><strong>die-</strong></span> 
     </span>
    </p>
   </div>
   <div class='ocr_carea' id='block_1_103' title="bbox 589 5654 2181 5730">
    <p class='ocr_par' dir='ltr' id='par_1_103' title="bbox 589 5654 2181 5730">
     <span class='ocr_line' id='line_1_103' title="bbox 589 5654 2181 5730; baseline -0.003 -16"><span class='ocrx_word' id='word_1_803' title='bbox 589 5661 662 5714; x_wconf 89' lang='lat' dir='ltr'><strong>tis</strong></span> <span class='ocrx_word' id='word_1_804' title='bbox 690 5659 925 5730; x_wconf 88' lang='lat' dir='ltr'><strong>gestisve</strong></span> <span class='ocrx_word' id='word_1_805' title='bbox 945 5655 1270 5728; x_wconf 87' lang='lat' dir='ltr'><strong>evangelicis</strong></span> <span class='ocrx_word' id='word_1_806' title='bbox 1299 5655 1446 5721; x_wconf 90' lang='lat' dir='ltr'><strong>latet,</strong></span> <span class='ocrx_word' id='word_1_807' title='bbox 1501 5657 1634 5711; x_wconf 90' lang='lat' dir='ltr'><strong>nihil</strong></span> <span class='ocrx_word' id='word_1_808' title='bbox 1663 5657 1712 5712; x_wconf 91' lang='lat' dir='ltr'><strong>ei</strong></span> <span class='ocrx_word' id='word_1_809' title='bbox 1744 5656 1981 5712; x_wconf 89' lang='lat' dir='ltr'><strong>occurrit</strong></span> <span class='ocrx_word' id='word_1_810' title='bbox 2022 5654 2181 5710; x_wconf 86' lang='lat' dir='ltr'><strong>lami-</strong></span> 
     </span>
    </p>
   </div>
   <div class='ocr_carea' id='block_1_104' title="bbox 592 5746 2177 5822">
    <p class='ocr_par' dir='ltr' id='par_1_104' title="bbox 592 5746 2177 5822">
     <span class='ocr_line' id='line_1_104' title="bbox 592 5746 2177 5822; baseline -0.003 -16"><span class='ocrx_word' id='word_1_811' title='bbox 592 5750 776 5807; x_wconf 77' lang='lat' dir='ltr'><strong>‘iarius</strong></span> <span class='ocrx_word' id='word_1_812' title='bbox 797 5790 813 5818; x_wconf 94' lang='lat'><strong>,</strong></span> <span class='ocrx_word' id='word_1_813' title='bbox 854 5767 1016 5822; x_wconf 89' lang='lat' dir='ltr'><strong>quam</strong></span> <span class='ocrx_word' id='word_1_814' title='bbox 1056 5749 1188 5819; x_wconf 87' lang='lat' dir='ltr'><strong>legis</strong></span> <span class='ocrx_word' id='word_1_815' title='bbox 1211 5754 1267 5806; x_wconf 93' lang='lat' dir='ltr'><strong>et</strong></span> <span class='ocrx_word' id='word_1_816' title='bbox 1291 5746 1560 5818; x_wconf 84' lang='lat' dir='ltr'><strong>Evangelii</strong></span> <span class='ocrx_word' id='word_1_817' title='bbox 1585 5789 1600 5815; x_wconf 92' lang='lat'><strong>,</strong></span> <span class='ocrx_word' id='word_1_818' title='bbox 1633 5747 1886 5805; x_wconf 81' lang='lat' dir='ltr'><strong>Ecclesia:</strong></span> <span class='ocrx_word' id='word_1_819' title='bbox 1912 5755 1969 5804; x_wconf 88' lang='lat' dir='ltr'><strong>et</strong></span> <span class='ocrx_word' id='word_1_820' title='bbox 2002 5746 2177 5819; x_wconf 84' lang='lat' dir='ltr'><strong>Syna-</strong></span> 
     </span>
    </p>
   </div>
   <div class='ocr_carea' id='block_1_105' title="bbox 2286 4630 3889 4701">
    <p class='ocr_par' dir='ltr' id='par_1_105' title="bbox 2286 4630 3889 4701">
     <span class='ocr_line' id='line_1_105' title="bbox 2286 4630 3889 4701; baseline -0.001 -15"><span class='ocrx_word' id='word_1_821' title='bbox 2286 4640 2720 4698; x_wconf 83' lang='lat' dir='ltr'><strong>ornamentorttm,</strong></span> <span class='ocrx_word' id='word_1_822' title='bbox 2751 4642 2796 4686; x_wconf 91' lang='lat' dir='ltr'><strong>et</strong></span> <span class='ocrx_word' id='word_1_823' title='bbox 2826 4632 2958 4685; x_wconf 87' lang='lat' dir='ltr'><strong>sicut</strong></span> <span class='ocrx_word' id='word_1_824' title='bbox 2989 4632 3114 4698; x_wconf 89' lang='lat' dir='ltr'><strong>vita,</strong></span> <span class='ocrx_word' id='word_1_825' title='bbox 3143 4632 3218 4684; x_wconf 87' lang='lat' dir='ltr'><strong>ita</strong></span> <span class='ocrx_word' id='word_1_826' title='bbox 3247 4640 3294 4685; x_wconf 87' lang='lat' dir='ltr'><strong>et</strong></span> <span class='ocrx_word' id='word_1_827' title='bbox 3313 4631 3600 4701; x_wconf 88' lang='lat' dir='ltr'><strong>eloquentia</strong></span> <span class='ocrx_word' id='word_1_828' title='bbox 3623 4630 3850 4700; x_wconf 87' lang='lat' dir='ltr'><strong>insignis</strong></span> <span class='ocrx_word' id='word_1_829' title='bbox 3871 4670 3889 4695; x_wconf 92' lang='lat'><strong>,</strong></span> 
     </span>
    </p>
   </div>
   <div class='ocr_carea' id='block_1_106' title="bbox 2286 4723 3892 4796">
    <p class='ocr_par' dir='ltr' id='par_1_106' title="bbox 2286 4723 3892 4796">
     <span class='ocr_line' id='line_1_106' title="bbox 2286 4723 3892 4796; baseline -0.002 -15"><span class='ocrx_word' id='word_1_830' title='bbox 2286 4726 2337 4781; x_wconf 92' lang='lat' dir='ltr'><strong>in</strong></span> <span class='ocrx_word' id='word_1_831' title='bbox 2363 4725 2490 4780; x_wconf 89' lang='lat' dir='ltr'><strong>libro</strong></span> <span class='ocrx_word' id='word_1_832' title='bbox 2520 4724 2642 4793; x_wconf 86' lang='lat' dir='ltr'><strong>ﬁdei</strong></span> <span class='ocrx_word' id='word_1_833' title='bbox 2666 4726 2909 4788; x_wconf 84' lang='lat' dir='ltr'><strong>secundo,</strong></span> <span class='ocrx_word' id='word_1_834' title='bbox 2935 4734 3041 4780; x_wconf 91' lang='lat' dir='ltr'><strong>etc.</strong></span> <span class='ocrx_word' id='word_1_835' title='bbox 3069 4723 3215 4779; x_wconf 90' lang='lat' dir='ltr'><strong>Idem</strong></span> <span class='ocrx_word' id='word_1_836' title='bbox 3237 4726 3290 4779; x_wconf 90' lang='lat' dir='ltr'><strong>in</strong></span> <span class='ocrx_word' id='word_1_837' title='bbox 3321 4725 3563 4796; x_wconf 77' lang='lat' dir='ltr'><strong>protentio</strong></span> <span class='ocrx_word' id='word_1_838' title='bbox 3591 4725 3892 4793; x_wconf 70' lang='lat' dir='ltr'><strong>expositio-</strong></span> 
     </span>
    </p>
   </div>
   <div class='ocr_carea' id='block_1_107' title="bbox 2286 4814 3895 4887">
    <p class='ocr_par' dir='ltr' id='par_1_107' title="bbox 2286 4814 3895 4887">
     <span class='ocr_line' id='line_1_107' title="bbox 2286 4814 3895 4887; baseline -0.001 -15"><span class='ocrx_word' id='word_1_839' title='bbox 2286 4819 2366 4872; x_wconf 91' lang='lat' dir='ltr'><strong>nis</strong></span> <span class='ocrx_word' id='word_1_840' title='bbox 2399 4816 2667 4886; x_wconf 84' lang='lat' dir='ltr'><strong>Evangelii</strong></span> <span class='ocrx_word' id='word_1_841' title='bbox 2694 4817 2971 4872; x_wconf 85' lang='lat' dir='ltr'><strong>secundum</strong></span> <span class='ocrx_word' id='word_1_842' title='bbox 2997 4816 3300 4871; x_wconf 68' lang='lat' dir='ltr'><strong>Matthazum</strong></span> <span class='ocrx_word' id='word_1_843' title='bbox 3333 4834 3346 4869; x_wconf 90' lang='lat'>:</span> <span class='ocrx_word' id='word_1_844' title='bbox 3380 4814 3508 4870; x_wconf 84' lang='lat' dir='ltr'><strong>Erat</strong></span> <span class='ocrx_word' id='word_1_845' title='bbox 3533 4832 3749 4887; x_wconf 82' lang='lat' dir='ltr'><strong>namque</strong></span> <span class='ocrx_word' id='word_1_846' title='bbox 3778 4819 3895 4887; x_wconf 86' lang='lat' dir='ltr'><strong>pri-</strong></span> 
     </span>
    </p>
   </div>
   <div class='ocr_carea' id='block_1_108' title="bbox 2286 4908 3894 4981">
    <p class='ocr_par' dir='ltr' id='par_1_108' title="bbox 2286 4908 3894 4981">
     <span class='ocr_line' id='line_1_108' title="bbox 2286 4908 3894 4981; baseline 0.001 -19"><span class='ocrx_word' id='word_1_847' title='bbox 2286 4927 2423 4964; x_wconf 89' lang='lat' dir='ltr'><strong>mum</strong></span> <span class='ocrx_word' id='word_1_848' title='bbox 2441 4910 2780 4964; x_wconf 88' lang='lat' dir='ltr'><strong>necessarium</strong></span> <span class='ocrx_word' id='word_1_849' title='bbox 2803 4910 2969 4973; x_wconf 90' lang='lat' dir='ltr'><strong>nobis,</strong></span> <span class='ocrx_word' id='word_1_850' title='bbox 2993 4920 3045 4963; x_wconf 86' lang='lat' dir='ltr'><strong>ut</strong></span> <span class='ocrx_word' id='word_1_851' title='bbox 3074 4911 3364 4981; x_wconf 84' lang='lat' dir='ltr'><strong>unigenitus</strong></span> <span class='ocrx_word' id='word_1_852' title='bbox 3385 4908 3521 4964; x_wconf 88' lang='lat' dir='ltr'><strong>Deus</strong></span> <span class='ocrx_word' id='word_1_853' title='bbox 3543 4910 3706 4964; x_wconf 82' lang='lat' dir='ltr'><strong>nostri</strong></span> <span class='ocrx_word' id='word_1_854' title='bbox 3724 4925 3894 4964; x_wconf 72' lang='lat' dir='ltr'><strong>musa</strong></span> 
     </span>
    </p>
   </div>
   <div class='ocr_carea' id='block_1_109' title="bbox 2287 4999 3891 5073">
    <p class='ocr_par' dir='ltr' id='par_1_109' title="bbox 2287 4999 3891 5073">
     <span class='ocr_line' id='line_1_109' title="bbox 2287 4999 3891 5073; baseline -0.001 -16"><span class='ocrx_word' id='word_1_855' title='bbox 2287 5005 2437 5057; x_wconf 83' lang='lat' dir='ltr'><strong>homo</strong></span> <span class='ocrx_word' id='word_1_856' title='bbox 2463 5013 2868 5073; x_wconf 82' lang='lat' dir='ltr'><strong>cognosceretur.</strong></span> <span class='ocrx_word' id='word_1_857' title='bbox 2903 4999 3010 5058; x_wconf 89' lang='lat' dir='ltr'><strong>Sed</strong></span> <span class='ocrx_word' id='word_1_858' title='bbox 3039 5011 3094 5056; x_wconf 92' lang='lat' dir='ltr'><strong>et</strong></span> <span class='ocrx_word' id='word_1_859' title='bbox 3114 5017 3181 5056; x_wconf 92' lang='lat' dir='ltr'><strong>ex</strong></span> <span class='ocrx_word' id='word_1_860' title='bbox 3213 5002 3454 5070; x_wconf 84' lang='lat' dir='ltr'><strong>ipsismet</strong></span> <span class='ocrx_word' id='word_1_861' title='bbox 3479 5001 3666 5056; x_wconf 81' lang='lat' dir='ltr'><strong>Hilarii</strong></span> <span class='ocrx_word' id='word_1_862' title='bbox 3698 5002 3891 5056; x_wconf 84' lang='lat' dir='ltr'><strong>verbis</strong></span> 
     </span>
    </p>
   </div>
   <div class='ocr_carea' id='block_1_110' title="bbox 2286 5091 3888 5166">
    <p class='ocr_par' dir='ltr' id='par_1_110' title="bbox 2286 5091 3888 5166">
     <span class='ocr_line' id='line_1_110' title="bbox 2286 5091 3888 5166; baseline -0.001 -16"><span class='ocrx_word' id='word_1_863' title='bbox 2286 5097 2440 5150; x_wconf 92' lang='lat' dir='ltr'><strong>initio</strong></span> <span class='ocrx_word' id='word_1_864' title='bbox 2473 5111 2620 5151; x_wconf 91' lang='lat' dir='ltr'><strong>num.</strong></span> <span class='ocrx_word' id='word_1_865' title='bbox 2653 5095 2709 5161; x_wconf 82' lang='lat'><strong>2,</strong></span> <span class='ocrx_word' id='word_1_866' title='bbox 2742 5110 2862 5165; x_wconf 88' lang='lat' dir='ltr'><strong>cap.</strong></span> <span class='ocrx_word' id='word_1_867' title='bbox 2900 5095 2952 5160; x_wconf 88' lang='grc'><strong>1,</strong></span> <span class='ocrx_word' id='word_1_868' title='bbox 2979 5103 3205 5166; x_wconf 86' lang='lat' dir='ltr'><strong>apparet</strong></span> <span class='ocrx_word' id='word_1_869' title='bbox 3229 5093 3431 5164; x_wconf 87' lang='lat' dir='ltr'><strong>aliquid</strong></span> <span class='ocrx_word' id='word_1_870' title='bbox 3469 5093 3624 5148; x_wconf 88' lang='lat' dir='ltr'><strong>nobis</strong></span> <span class='ocrx_word' id='word_1_871' title='bbox 3646 5091 3850 5148; x_wconf 86' lang='lat' dir='ltr'><strong>deesse</strong></span> <span class='ocrx_word' id='word_1_872' title='bbox 3872 5135 3888 5158; x_wconf 92' lang='lat'><strong>,</strong></span> 
     </span>
    </p>
   </div>
   <div class='ocr_carea' id='block_1_111' title="bbox 2287 5186 3580 5262">
    <p class='ocr_par' dir='ltr' id='par_1_111' title="bbox 2287 5186 3580 5262">
     <span class='ocr_line' id='line_1_111' title="bbox 2287 5186 3580 5262; baseline -0.005 -17"><span class='ocrx_word' id='word_1_873' title='bbox 2287 5191 2342 5246; x_wconf 92' lang='lat' dir='ltr'><strong>in</strong></span> <span class='ocrx_word' id='word_1_874' title='bbox 2373 5207 2479 5262; x_wconf 86' lang='lat' dir='ltr'><strong>quo</strong></span> <span class='ocrx_word' id='word_1_875' title='bbox 2508 5191 2576 5246; x_wconf 89' lang='lat' dir='ltr'><strong>de</strong></span> <span class='ocrx_word' id='word_1_876' title='bbox 2604 5189 2801 5246; x_wconf 85' lang='lat' dir='ltr'><strong>Christi</strong></span> <span class='ocrx_word' id='word_1_877' title='bbox 2830 5190 3180 5260; x_wconf 86' lang='lat' dir='ltr'><strong>generatione</strong></span> <span class='ocrx_word' id='word_1_878' title='bbox 3213 5186 3468 5258; x_wconf 74' lang='lat' dir='ltr'><strong>praefatus</strong></span> <span class='ocrx_word' id='word_1_879' title='bbox 3489 5187 3580 5241; x_wconf 91' lang='lat' dir='ltr'><strong>sit.</strong></span> 
     </span>
    </p>
   </div>
   <div class='ocr_carea' id='block_1_112' title="bbox 2355 5277 3890 5352">
    <p class='ocr_par' dir='ltr' id='par_1_112' title="bbox 2355 5277 3890 5352">
     <span class='ocr_line' id='line_1_112' title="bbox 2355 5277 3890 5352; baseline -0.003 -14"><span class='ocrx_word' id='word_1_880' title='bbox 2355 5281 2449 5338; x_wconf 78' lang='lat' dir='ltr'><strong>XI.</strong></span> <span class='ocrx_word' id='word_1_881' title='bbox 2486 5283 2560 5337; x_wconf 88' lang='lat' dir='ltr'><strong>De</strong></span> <span class='ocrx_word' id='word_1_882' title='bbox 2611 5282 2823 5337; x_wconf 84' lang='lat' dir='ltr'><strong>elencho</strong></span> <span class='ocrx_word' id='word_1_883' title='bbox 2875 5289 3314 5352; x_wconf 86' lang='lat' dir='ltr'><strong>argumentorum.</strong></span> <span class='ocrx_word' id='word_1_884' title='bbox 3345 5308 3418 5320; x_wconf 92' lang='lat'><strong>—</strong></span> <span class='ocrx_word' id='word_1_885' title='bbox 3443 5278 3703 5334; x_wconf 73' lang='lat' dir='ltr'><strong>Prommii</strong></span> <span class='ocrx_word' id='word_1_886' title='bbox 3763 5277 3890 5334; x_wconf 92' lang='lat' dir='ltr'><strong>loco</strong></span> 
     </span>
    </p>
   </div>
   <div class='ocr_carea' id='block_1_113' title="bbox 2290 5369 3890 5444">
    <p class='ocr_par' dir='ltr' id='par_1_113' title="bbox 2290 5369 3890 5444">
     <span class='ocr_line' id='line_1_113' title="bbox 2290 5369 3890 5444; baseline -0.005 -13"><span class='ocrx_word' id='word_1_887' title='bbox 2290 5391 2431 5432; x_wconf 91' lang='lat' dir='ltr'><strong>nunc</strong></span> <span class='ocrx_word' id='word_1_888' title='bbox 2455 5376 2684 5430; x_wconf 76' lang='lat' dir='ltr'><strong>habetur</strong></span> <span class='ocrx_word' id='word_1_889' title='bbox 2711 5373 2992 5429; x_wconf 90' lang='lat' dir='ltr'><strong>titulorum</strong></span> <span class='ocrx_word' id='word_1_890' title='bbox 3021 5387 3117 5428; x_wconf 93' lang='lat' dir='ltr'><strong>seu</strong></span> <span class='ocrx_word' id='word_1_891' title='bbox 3141 5379 3580 5444; x_wconf 87' lang='lat' dir='ltr'><strong>argumentorum</strong></span> <span class='ocrx_word' id='word_1_892' title='bbox 3611 5371 3668 5425; x_wconf 93' lang='lat' dir='ltr'><strong>in</strong></span> <span class='ocrx_word' id='word_1_893' title='bbox 3699 5369 3773 5426; x_wconf 73' lang='lat'><strong>33</strong></span> <span class='ocrx_word' id='word_1_894' title='bbox 3800 5385 3890 5425; x_wconf 80' lang='lat' dir='ltr'><strong>ca-</strong></span> 
     </span>
    </p>
   </div>
   <div class='ocr_carea' id='block_1_114' title="bbox 2290 5462 3892 5542">
    <p class='ocr_par' dir='ltr' id='par_1_114' title="bbox 2290 5462 3892 5542">
     <span class='ocr_line' id='line_1_114' title="bbox 2290 5462 3892 5542; baseline -0.005 -18"><span class='ocrx_word' id='word_1_895' title='bbox 2290 5470 2400 5542; x_wconf 86' lang='lat' dir='ltr'><strong>pita</strong></span> <span class='ocrx_word' id='word_1_896' title='bbox 2430 5469 2840 5524; x_wconf 87' lang='lat' dir='ltr'><strong>distributorum</strong></span> <span class='ocrx_word' id='word_1_897' title='bbox 2881 5466 3160 5521; x_wconf 88' lang='lat' dir='ltr'><strong>elenchus.</strong></span> <span class='ocrx_word' id='word_1_898' title='bbox 3219 5463 3317 5520; x_wconf 88' lang='lat' dir='ltr'><strong>llic</strong></span> <span class='ocrx_word' id='word_1_899' title='bbox 3371 5465 3422 5518; x_wconf 90' lang='lat' dir='ltr'><strong>in</strong></span> <span class='ocrx_word' id='word_1_900' title='bbox 3477 5462 3627 5534; x_wconf 90' lang='lat' dir='ltr'><strong>prius</strong></span> <span class='ocrx_word' id='word_1_901' title='bbox 3655 5462 3892 5534; x_wconf 85' lang='lat' dir='ltr'><strong>vulgatis</strong></span> 
     </span>
    </p>
   </div>
   <div class='ocr_carea' id='block_1_115' title="bbox 2291 5558 3890 5628">
    <p class='ocr_par' dir='ltr' id='par_1_115' title="bbox 2291 5558 3890 5628">
     <span class='ocr_line' id='line_1_115' title="bbox 2291 5558 3890 5628; baseline -0.006 -11"><span class='ocrx_word' id='word_1_902' title='bbox 2291 5561 2528 5617; x_wconf 86' lang='lat' dir='ltr'><strong>elencltus</strong></span> <span class='ocrx_word' id='word_1_903' title='bbox 2553 5575 2803 5615; x_wconf 85' lang='lat' dir='ltr'><strong>canonum</strong></span> <span class='ocrx_word' id='word_1_904' title='bbox 2821 5558 3112 5628; x_wconf 83' lang='lat' dir='ltr'><strong>inscriptus</strong></span> <span class='ocrx_word' id='word_1_905' title='bbox 3136 5565 3316 5623; x_wconf 87' lang='lat' dir='ltr'><strong>est,ex</strong></span> <span class='ocrx_word' id='word_1_906' title='bbox 3333 5569 3505 5624; x_wconf 75' lang='lat' dir='ltr'><strong>eaque</strong></span> <span class='ocrx_word' id='word_1_907' title='bbox 3526 5563 3584 5609; x_wconf 87' lang='lat' dir='ltr'><strong>et</strong></span> <span class='ocrx_word' id='word_1_908' title='bbox 3606 5568 3890 5610; x_wconf 55' lang='lat' dir='ltr'><strong>commeo.</strong></span> 
     </span>
    </p>
   </div>
   <div class='ocr_carea' id='block_1_116' title="bbox 2290 5645 3890 5717">
    <p class='ocr_par' dir='ltr' id='par_1_116' title="bbox 2290 5645 3890 5717">
     <span class='ocr_line' id='line_1_116' title="bbox 2290 5645 3890 5717; baseline -0.008 -7"><span class='ocrx_word' id='word_1_909' title='bbox 2290 5653 2656 5710; x_wconf 85' lang='lat' dir='ltr'><strong>tarios&#39;omnis</strong></span> <span class='ocrx_word' id='word_1_910' title='bbox 2683 5652 2738 5707; x_wconf 91' lang='lat' dir='ltr'><strong>in</strong></span> <span class='ocrx_word' id='word_1_911' title='bbox 2761 5664 2999 5706; x_wconf 88' lang='lat' dir='ltr'><strong>canones</strong></span> <span class='ocrx_word' id='word_1_912' title='bbox 3019 5649 3224 5704; x_wconf 89' lang='lat' dir='ltr'><strong>divisus</strong></span> <span class='ocrx_word' id='word_1_913' title='bbox 3249 5655 3352 5702; x_wconf 90' lang='lat' dir='ltr'><strong>est.</strong></span> <span class='ocrx_word' id='word_1_914' title='bbox 3381 5645 3548 5717; x_wconf 86' lang='lat' dir='ltr'><strong>Cujus</strong></span> <span class='ocrx_word' id='word_1_915' title='bbox 3578 5645 3890 5714; x_wconf 56' lang='lat' dir='ltr'><strong>inscriptio-</strong></span> 
     </span>
    </p>
   </div>
   <div class='ocr_carea' id='block_1_117' title="bbox 2295 5735 3888 5816">
    <p class='ocr_par' dir='ltr' id='par_1_117' title="bbox 2295 5735 3888 5816">
     <span class='ocr_line' id='line_1_117' title="bbox 2295 5735 3888 5816; baseline -0.011 -13"><span class='ocrx_word' id='word_1_916' title='bbox 2295 5745 2380 5803; x_wconf 86' lang='lat' dir='ltr'><strong>nis</strong></span> <span class='ocrx_word' id='word_1_917' title='bbox 2406 5761 2469 5802; x_wconf 88' lang='lat' dir='ltr'><strong>ac</strong></span> <span class='ocrx_word' id='word_1_918' title='bbox 2497 5741 2908 5816; x_wconf 85' lang='lat' dir='ltr'><strong>nuncupationis</strong></span> <span class='ocrx_word' id='word_1_919' title='bbox 2939 5740 3077 5798; x_wconf 87' lang='lat' dir='ltr'><strong>ratio</strong></span> <span class='ocrx_word' id='word_1_920' title='bbox 3119 5737 3245 5812; x_wconf 91' lang='lat' dir='ltr'><strong>quia</strong></span> <span class='ocrx_word' id='word_1_921' title='bbox 3290 5754 3397 5795; x_wconf 92' lang='lat' dir='ltr'><strong>non</strong></span> <span class='ocrx_word' id='word_1_922' title='bbox 3428 5736 3682 5793; x_wconf 87' lang='lat' dir='ltr'><strong>omnibus</strong></span> <span class='ocrx_word' id='word_1_923' title='bbox 3729 5735 3888 5794; x_wconf 83' lang='lat' dir='ltr'><strong>obvia</strong></span> 
     </span>
    </p>
   </div>
  </div>
