4172 6188
345 284 453 341 915

341 408 458 465 est;
483 400 554 456 ab
584 416 642 458 re
672 418 778 460 non
801 407 907 464 erit
936 410 1212 482 inquirere
1236 459 1250 482 ,
1281 420 1424 477 unde
1451 423 1692 492 profecta
1724 403 1929 486 etnum

338 493 617 562 probanda
660 497 748 552 sit.
799 500 911 557 Hoc
942 518 1040 573 per
1077 522 1137 562 sc
1174 509 1380 582 cuique,
1420 526 1759 586 perspectum
1815 519 1932 578 fore

336 599 652 655 Speramns,
691 601 977 664 postquam
1025 603 1444 672 expenderimns
1475 624 1597 679 quae
1619 611 1793 669 titulis
1825 614 1931 672 illis

335 681 631 735 auctoritas
652 681 940 741 debeatur.

410 774 526 831 XII.
561 777 716 835 Illius
739 793 939 840 auctor.
971 817 1044 829 —
1071 789 1284 863 Ambigi
1319 804 1498 864 potest
1523 812 1589 853 an
1619 810 1808 858 auctor
1837 819 1932 859 eo-

342 882 460 924 rttm
495 870 730 930 Hilarius
752 875 1032 936 habendus
1053 884 1122 938 sit
1147 901 1158 936 :
1188 894 1372 955 utpote
1407 906 1637 961 quorum
1672 895 1930 953 elenchus

341 962 588 1018 nonnihil
616 965 845 1025 barbare
873 973 1152 1030 ordinatus
1189 977 1419 1048 videtur,
1448 993 1502 1038 et
1533 1001 1638 1040 non
1671 989 1804 1043 satis
1834 1005 1926 1045 ac-

337 1065 545 1119 curate.
578 1058 705 1113 dum
737 1063 940 1119 omittit
984 1070 1283 1139 nonnulla,
1323 1072 1389 1129 de
1419 1076 1614 1146 quibus
1650 1081 1781 1134 satis
1813 1081 1928 1139 fuse

339 1144 660 1216 disseritur;
694 1151 797 1206 alia
832 1170 958 1211 vero
987 1159 1259 1229 continet,
1297 1179 1418 1235 quas
1437 1144 1705 1240 deinceps
1733 1171 1819 1227 vix
1849 1183 1929 1228 at-

336 1236 631 1308 tingantur.
664 1241 1042 1305 Prmscribitur
1072 1267 1123 1304 ν.
1149 1269 1229 1324 g.,
1272 1271 1390 1327 cap.
1426 1259 1494 1315 15
1528 1278 1541 1314 :
1575 1236 1658 1316 De
1685 1262 1922 1320 lavandis

333 1331 590 1397 manibus,
625 1343 672 1389 et
698 1352 801 1391 non
831 1355 890 1392 ea
918 1356 1034 1409 quae
1063 1345 1116 1398 in
1161 1362 1217 1401 os
1245 1349 1471 1416 intrant,
1503 1354 1595 1407 sed
1624 1371 1684 1409 ea
1719 1374 1833 1427 qua:
1862 1377 1924 1414 ea:

331 1437 421 1475 ore
447 1435 634 1479 exeunt
661 1427 972 1498 inquinare;
1000 1449 1121 1490 cum
1152 1439 1286 1496 nihil
1312 1449 1586 1510 tractetur,
1617 1448 1759 1516 quod
1799 1449 1923 1506 huic

324 1515 487 1571 titulo
509 1531 692 1588 aperte
715 1524 1057 1593 respondeat.
1092 1529 1351 1586 Addimus
1378 1543 1428 1588 et
1460 1538 1562 1591 hoc
1592 1515 1785 1608 capitis
1813 1542 1881 1601 15
1902 1585 1918 1609 ,

325 1608 384 1663 iu
418 1625 527 1679 quo
555 1623 928 1681 pramotantur
956 1621 1096 1676 tituli
1123 1625 1187 1678 de
1214 1626 1492 1683 seminante
1519 1628 1702 1685 bonum
1726 1650 1917 1699 semen,

326 1703 390 1756 de
412 1704 612 1758 zizania
633 1716 682 1760 et
706 1709 906 1776 tritico,
937 1711 1066 1768 licet
1092 1715 1144 1769 in
1176 1720 1520 1777 enarratione
1547 1722 1614 1778 de
1646 1725 1728 1780 his
1755 1742 1917 1796 para-

323 1794 463 1850 bolis
495 1812 594 1853 nec
623 1802 845 1856 verbum
874 1803 986 1858 liat.
1016 1806 1212 1865 Nescio
1239 1820 1415 1869 tamen
1444 1830 1510 1870 an
1540 1832 1646 1872 non
1681 1819 1800 1889 plus
1828 1837 1916 1876 va-

324 1887 440 1943 lere
467 1887 664 1946 debeat
693 1893 782 1946 illa
813 1897 978 1963 ratio,
1011 1909 1067 1953 ut
1096 1901 1355 1959 elenchus
1385 1906 1474 1961 ille
1518 1887 1720 1965 Hilario
1763 1912 1916 1981 adju-

323 1978 538 2036 dicetur
560 2021 576 2048 ,
607 1999 765 2053 quam
801 1997 857 2041 nt
887 1988 936 2043 ei
965 1990 1323 2060 abjudicetur.
1365 1996 1483 2066 Ipse
1516 1999 1659 2055 enim
1690 2002 1792 2057 sibi
1822 1978 1916 2074 po-

320 2073 425 2128 tuit
455 2075 610 2130 initio
657 2081 902 2149 quaedam
943 2098 1257 2158 proponere
1281 2129 1296 2154 ,
1325 2090 1522 2158 quibus
1560 2092 1757 2150 deinde
1807 2073 1913 2152 non

322 2098 425 2128 tuu
455 2098 610 2130 ιιιιιιυ
657 2098 902 2149 quaenam
922 2098 1296 2230 a{roponerm
1325 2098 1522 2158 quibus
1560 2098 1757 2150 deinde
1807 2111 1913 2152 non

320 2164 720 2224 immorandum
769 2171 918 2242 judic
987 2175 1026 2229 it
1065 2195 1076 2230 :
1109 2193 1213 2234 non
1259 2181 1434 2252 potuit
1462 2183 1602 2239 alter
1643 2201 1709 2241 ex
1772 2187 1913 2245 illius

318 2259 538 2330 scriptis
568 2263 669 2318 nisi
703 2279 888 2321 rerum
933 2286 1052 2339 quzc
1082 2280 1387 2332 tractantur
1413 2293 1730 2350 argumenta
1758 2283 1913 2338 colli-

326 2367 480 2422 gere.
531 2355 666 2412 Hinc
715 2375 903 2431 magna
937 2365 1091 2419 nobis
1132 2367 1376 2424 oboritur
1404 2372 1680 2442 suspicio,
1730 2375 1913 2431 titulos

322 2443 448 2501 illos
464 2445 575 2515 jam
607 2448 795 2505 Hilarii
833 2468 948 2508 mvo
978 2455 1032 2509 in
1063 2458 1465 2528 evangeliorum
1510 2466 1913 2535 exemplaribus

321 2548 656 2605 praenotatos
683 2540 870 2610 fuisse,
906 2546 1160 2618 illumque
1184 2565 1251 2606 ex
1277 2552 1342 2607 iis
1371 2554 1655 2626 selegisse,
1682 2572 1912 2628 quorum

322 2630 594 2686 utiliorem
637 2634 862 2692 duceret
904 2641 1358 2710 explanationem.
1407 2647 1740 2721 Quamquam
1767 2655 1912 2710 enim

321 2721 374 2777 in
401 2731 570 2780 totum
602 2726 840 2786 Matthxi
868 2736 1206 2805 evangelium
1246 2744 1517 2809 excurrit,
1549 2760 1655 2800 non
1700 2748 1912 2817 singula

323 2828 503 2876 tamen
538 2823 680 2880 illius
710 2827 899 2896 verba,
923 2831 1016 2885 sed
1041 2833 1270 2890 selectos
1291 2835 1568 2893 dumtaxat
1595 2857 1660 2894 ex
1687 2841 1913 2912 singulis

321 2911 594 2982 capitibus
621 2917 804 2974 titulos
833 2932 1066 2979 enarrat.
1097 2924 1251 2993 Quod
1278 2935 1334 2982 et
1357 2927 1644 3000 Origenem
1677 2911 1801 2988 ante
1830 2935 1912 3004 ip-

316 3017 437 3058 sum
481 3005 671 3064 fecisse
711 3011 927 3080 planum
971 3027 1049 3069 est
1101 3031 1166 3071 ex
1213 3022 1619 3076 commentariis
1671 3024 1815 3078 illius
1843 3024 1912 3080 ab

318 3095 515 3152 Iluctio
547 3103 776 3172 vulgatis
798 3146 816 3171 ,
849 3105 901 3160 in
944 3108 1136 3178 quibus
1180 3109 1418 3166 Matthaci
1446 3116 1782 3184 evangelium
1813 3117 1912 3172 sub

319 3192 484 3246 certis
513 3195 681 3249 titulis
705 3195 1027 3255 illustratur.
1057 3201 1171 3257 Iloc
1195 3218 1323 3258 vero
1355 3204 1444 3259 illa
1467 3214 1626 3261 aetate
1655 3208 1911 3262 usitatum
1938 3207 1983 3268 C
2016 3223 2144 3280 ergo
2170 3210 2558 3286 adscribemus,
2586 3224 2833 3290 quamvis
2864 3225 2917 3280 in
2945 3244 3076 3285 mss.

316 3286 608 3341 Conﬁrmat
630 3288 987 3362 Hieronymus
1013 3294 1080 3349 de
1119 3294 1315 3366 Script.
1334 3299 1529 3355 eccles.
1547 3299 1632 3355 ubi
1648 3299 1912 3355 Fortuna-

321 3375 528 3432 tianum
544 3377 945 3449 Aquileiensem
969 3386 1280 3458 episcopum
1295 3390 1346 3443 in
1362 3392 1625 3463 evangelia
1648 3391 1808 3446 titulis
1821 3408 1908 3446 or-

321 3467 512 3523 dinatis
537 3472 670 3526 brevi
700 3484 746 3528 ct
767 3477 958 3531 rustico
983 3495 1212 3534 sermone
1233 3483 1624 3536 commentarios
1650 3485 1913 3553 scripsisse

319 3574 726 3622 commemorat.
743 3566 874 3634 Quae
885 3561 1005 3624 eum
1026 3572 1096 3626 ita
1113 3572 1240 3643 sint,
1262 3575 1466 3642 cpinari
1490 3575 1635 3640 licet,
1652 3574 1909 3632 Hilarium

320 3657 421 3712 etsi
444 3673 548 3712 non
569 3659 805 3730 ipsorum
840 3664 1139 3733 titulorum,
1165 3667 1353 3724 saltem
1371 3684 1557 3725 eorum
1583 3670 1912 3725 collectionis

319 3762 417 3805 seu
443 3752 628 3821 prmvii
653 3752 844 3811 indicis
890 3757 1058 3814 fuisse
1096 3770 1389 3816 auctorem.
1423 3763 1659 3817 Atcerte
1695 3778 1800 3816 non
1824 3776 1911 3817 re-

319 3846 618 3902 centiorem
671 3864 794 3906 eum
853 3853 1166 3910 existimare
1219 3856 1468 3926 cuiquam
1531 3856 1910 3926 permittitur,

320 3952 481 4006 quem
512 3939 754 4012 plerique
776 3959 906 4000 mss.
942 3947 1102 4002 etiam
1146 3947 1476 4017 antiquiores
1513 3947 1768 4003 exhibent
1815 3949 1914 4004 sub

322 4029 424 4086 hac
466 4035 814 4106 inscriptione
856 4056 869 4093 :
921 4039 1186 4111 Incipiunt
1241 4042 1470 4110 capitula
1511 4044 1673 4096 sancti
1720 4041 1916 4097 Hilarii

319 4140 476 4194 super
532 4126 849 4183 Matt/tarum.
899 4131 1159 4198 Quocirca
1197 4135 1462 4198 eumdem
1511 4132 1742 4188 indicem
1793 4148 1912 4188 Cum

321 4220 437 4274 suis
463 4221 628 4278 titulis
661 4224 924 4295 integrum
955 4227 1018 4282 ad
1042 4229 1253 4283 illorum
1301 4227 1458 4282 [idem
1499 4225 1913 4296 exprimendum

321 4314 597 4382 duximus.
655 4334 754 4375 nec
792 4321 1078 4392 quidquam
1109 4321 1421 4376 mutandum
1451 4362 1466 4386 ,
1514 4321 1725 4376 etiamsi
1778 4319 1916 4375 forte

319 4412 625 4468 accuratius
669 4413 872 4484 aliquid
921 4414 1111 4469 confici
1154 4415 1434 4484 potuisset.

395 4501 533 4565 XIII.
567 4504 782 4560 Elenclti
803 4507 856 4560 in
882 4510 1049 4578 fronte
1074 4506 1322 4561 librorum
1343 4505 1408 4560 ab
1430 4506 1650 4576 antiquis
1672 4505 1821 4575 positi
1830 4534 1918 4560 .-—

1287 304 1354 361 IN
1393 307 1840 370 EVANGELIUM
1883 315 2216 377 ΜΑΤΤΙΙΛΞΙ
2253 324 2646 391 ΑῡΜΟΝΙΤΙΟ.

3534 358 3632 413 9H

1958 432 2232 493 Anomen
2281 439 2506 500 inditum
2550 457 2667 516 est,
2695 450 2750 506 in
2781 468 2888 525 quo
2916 471 3125 516 summa
3176 463 3403 522 habetur
3444 483 3630 526 eormn

2034 541 2153 596 quae
2181 531 2423 599 quolibet
2469 536 2606 595 libro
2656 544 3018 606 continentur.
3049 553 3218 611 Porro
3258 556 3345 614 hic
3383 561 3544 619 index
3574 566 3625 620 in

2035 617 2342 678 Corbeiensi
2373 627 2558 685 codice
2585 647 2614 686 a
2653 635 2802 693 mille
2843 643 2996 698 annis
3038 659 3260 704 exarato
3291 668 3456 708 canon
3484 672 3626 712 nun-

2033 720 2278 780 cupatur.
2336 715 2630 792 lnscriptns
2676 727 2818 785 enim
2850 731 3043 803 legitur
3075 738 3126 792 in
3173 739 3318 798 hunc
3363 747 3622 802 modum:

2033 803 2227 860 Aurelii
2246 807 2520 882 Augustini
2563 817 2792 889 episcopi
2837 834 3013 880 contra
3045 827 3287 902 Paganos
3317 835 3382 890 de
3419 835 3629 895 Civitati:

2033 892 2131 948 Dei
2159 897 2335 967 incipit
2366 902 2492 957 liber
2513 909 2706 975 primus
2725 914 2934 980 prtelato
2961 892 3169 975 Conone
3194 965 3208 988 ,
3232 941 3333 994 quo
3374 927 3630 986 indicatur

2039 988 2166 1055 quid
2201 989 2324 1044 liber
2365 997 2573 1067 quisque
2622 1004 2921 1061 contineat:
2948 1019 3000 1064 et
3051 1011 3120 1066 ad
3171 988 3375 1073 caIcem
3415 1021 3623 1077 elenchi

2029 1093 2124 1134 seu
2169 1082 2361 1139 Indicis
2405 1089 2517 1156 [init
2543 1109 2706 1148 canon
2733 1097 2977 1155 librorum
3005 1104 3199 1177 decem,

2099 1173 2242 1232 XIV.
2272 1178 2394 1235 Non
2447 1195 2578 1240 recte
2622 1187 2675 1241 in
2720 1207 2937 1248 canones
2981 1196 3077 1251 hoc
3119 1216 3248 1270 Opus
3277 1202 3599 1262 distributum

2033 1265 2181 1322 Unde
2209 1271 2306 1325 hoc
2329 1277 2519 1343 factum
2551 1281 2793 1338 sit.-—Ex
2823 1285 2906 1342 his
2933 1287 3088 1346 facile
3105 1265 3216 1361 jam
3248 1302 3475 1370 quisque
3502 1305 3617 1356 ani-

2027 1362 2315 1420 madvertit
2353 1369 2494 1424 unde
2524 1371 2576 1425 in
2607 1372 2690 1429 his
2729 1376 2915 1434 Hilarii
2961 1391 3362 1446 commentariis
3403 1398 3617 1450 canonis

2023 1457 2343 1514 vocabulum
2366 1461 2675 1530 obtinuerit.
2698 1478 2752 1524 et
2774 1487 2897 1527 num
2922 1485 3066 1532 recte
3083 1479 3390 1538 obtinuerit.
3407 1485 3617 1542 Nullun.

2024 1547 2240 1615 quidem
2271 1566 2372 1605 ms.
2398 1555 2636 1612 codicem
2664 1561 2914 1630 vidimus,
2934 1566 2984 1620 in
3009 1583 3116 1638 quo
3144 1584 3392 1630 occurrat
3413 1575 3515 1633 hoc
3539 1596 3622 1633 ca—

2024 1641 2173 1693 nonis
2196 1646 2535 1703 vocabulum.
2571 1650 2712 1708 Fieri
2744 1664 2920 1712 tamen
2956 1675 3112 1728 posse
3152 1668 3497 1726 concedimus
3519 1715 3535 1738 ,
3565 1686 3616 1726 ut

2024 1729 2108 1783 ubi
2142 1731 2193 1786 in
2219 1737 2416 1792 nostris
2444 1754 2573 1794 mss.
2611 1744 2785 1814 legere
2808 1759 2919 1811 est,
2948 1750 3217 1823 Incipiunt
3243 1762 3469 1829 capitula
3498 1765 3615 1820 libri
3642 1775 3652 1786 '

1946 1823 1991 1883 Β
2017 1826 2190 1878 sancti
2220 1826 2438 1896 Hilarii,
2473 1830 2524 1884 in
2557 1838 2830 1892 nonnullis
2861 1841 3180 1908 praaleratur
3200 1889 3214 1912 ,
3237 1847 3429 1921 Incipit
3459 1870 3617 1909 canon

2017 1914 2135 1970 libri
2178 1920 2341 1973 sancti
2387 1921 2578 1978 Hilarii
2605 1943 2624 1980 :
2650 1937 2812 1998 atque
2841 1931 2911 1986 ita
2945 1937 3221 1994 exstitisse
3263 1944 3533 2002 credimus
3563 1950 3615 2004 in

2015 2007 2202 2066 codice
2229 2011 2364 2068 alias
2403 2019 2572 2073 sancti
2616 2019 2842 2093 Benigni
2883 2025 3243 2099 Divionensis,
3274 2050 3342 2091 ex
3369 2053 3476 2108 quo
3507 2043 3616 2110 pri—

2017 2115 2162 2155 mum
2188 2104 2436 2174 vulgatus
2461 2119 2546 2164 est
2587 2111 2674 2166 hic
2703 2122 3143 2179 commentarius.
3168 2125 3238 2180 At
3265 2104 3402 2184 cum
3428 2132 3612 2190 Hiero-

2016 2206 2208 2263 nymus
2253 2213 2500 2253 canonem
2552 2203 2818 2261 hebraicaa
2846 2213 3087 2270 veritatis
3134 2216 3238 2273 hoc
3267 2231 3443 2290 vocet,
3467 2229 3608 2296 quod

2014 2301 2114 2342 nos
2166 2289 2472 2362 diceremus
2535 2299 2964 2368 complexionem
3020 2311 3258 2366 omnium
3309 2315 3606 2378 librorum.

2015 2393 2152 2447 quos
2182 2381 2234 2435 in
2282 2398 2435 2440 veras
2476 2389 2768 2458 scripturas
2800 2394 3008 2452 Ilehrrei
3056 2403 3349 2474 recipiunt;
3378 2423 3607 2480 CIIIIIQUt'

2017 2468 2276 2526 librorum
2304 2476 2586 2546 Augustini
2614 2499 2780 2538 canon
2808 2486 2858 2540 id
2889 2493 2993 2557 sit,
3023 2468 3345 2562 quod'nobis
3371 2468 3535 2557 Index
3556 2515 3605 2558 et

2014 2560 2277 2618 elenchus
2315 2581 2500 2623 eorum
2532 2587 2652 2640 qua:
2685 2574 2748 2629 iis
2775 2577 2924 2635 libris
2945 2583 3291 2642 continentur
3323 2608 3334 2643 :
3367 2602 3512 2660 patet
3542 2597 3602 2648 ti-

2018 2652 2187 2708 tulum
2221 2655 2372 2712 initio
2402 2660 2595 2719 indicis
2622 2666 2914 2737 vulgatum,
2947 2675 3154 2732 scilicet
3177 2678 3432 2738 Elencltus
3453 2703 3609 2742 cano-

2016 2762 2139 2800 num
2169 2763 2274 2803 non
2308 2754 2643 2820 probandum
2671 2774 2792 2817 esse
2813 2804 2827 2828 ,
2861 2766 3032 2821 multo
3059 2770 3237 2827 minus
3265 2778 3477 2831 canonis
3515 2795 3610 2834 n0-

2017 2854 2140 2894 men
2169 2841 2233 2895 ad
2260 2843 2495 2914 singulas
2517 2856 2891 2910 commentarii
2917 2862 3183 2916 sectiones
3201 2869 3370 2936 repeti
3387 2869 3606 2926 debere.

2016 2931 2279 3000 Quocirca
2327 2941 2536 2994 canonis
2569 2941 2689 2998 loco
2711 2948 3026 3006 vocabulum
3064 2955 3247 3023 capitis
3279 2969 3332 3012 ut
3364 2962 3609 3017 usitatius

2015 3034 2176 3094 atque
2219 3032 2490 3098 receptius
2534 3035 2939 3106 substituemus,
2993 3053 3048 3098 et
3102 3048 3390 3120 unicuique
3442 3055 3606 3123 capiti

2016 3130 2142 3173 suos
2175 3119 2386 3188 titulos,
2420 3127 2490 3178 uti
2510 3126 2622 3194 jam
2647 3142 2803 3186 antea
2833 3131 3030 3190 factum
3058 3148 3142 3194 est
3163 3181 3178 3207 ,
3207 3145 3609 3203 commoditatis

3104 3240 3308 3289 tantum
3335 3236 3387 3290 in
3411 3239 3607 3308 indice,

2015 3303 2102 3372 qtti
2133 3306 2282 3374 operi
2331 3312 2690 3383 praeponitur,
2723 3315 2898 3373 locum
2950 3320 3197 3380 habeant.
3241 3327 3296 3382 In
3336 3329 3420 3384 his
3464 3333 3606 3387 enim

2015 3399 2439 3454 commentarius
2467 3409 2609 3458 totus
2640 3421 2742 3461 una
2786 3410 2925 3466 serie
2954 3415 3315 3482 continuatur,
3351 3420 3500 3474 nulla
3520 3437 3610 3476 ca-

2017 3487 2182 3556 pitum
2221 3500 2310 3544 aut
2345 3491 2620 3548 titulorum
2670 3497 2972 3566 adjectione
3026 3505 3377 3575 interruptus.
3408 3510 3463 3562 In
3489 3513 3610 3581 qui-

2014 3579 2239 3634 busdam
2297 3582 2616 3654 dumtaxat,
2662 3589 2849 3659 eisque
2894 3609 2999 3648 non
3027 3597 3366 3668 potioribus,
3396 3607 3608 3658 numeri

2015 3679 2346 3726 annotantur
2377 3675 2440 3729 iis
2467 3674 2580 3731 fere
2605 3678 2656 3732 in
2683 3678 2836 3748 locis,
2861 3682 2914 3737 in
2945 3685 3139 3754 quibus
3171 3697 3327 3744 antea
3347 3706 3608 3763 canones,

2019 3777 2160 3816 nunc
2185 3763 2362 3832 capita
2388 3768 2830 3836 praescribuntur.

2090 3855 2206 3912 XV.
2235 3855 2455 3929 Tempus
2485 3861 2641 3932 hujus
2670 3868 3015 3937 aperis.—De
3040 3880 3283 3943 tempore
3303 3874 3462 3948 huju‘s
3482 3893 3602 3950 ope-

2017 3949 2094 4004 ris
2123 3964 2229 4004 non
2255 3950 2465 4007 videtur
2496 3957 2798 4013 tacendum.
2822 3960 2893 4015 At
2919 3963 3062 4017 nulla
3084 3967 3270 4021 subest
3295 3979 3436 4038 nota,
3470 3975 3611 4028 unde

2018 4055 2171 4100 certo
2197 4057 2490 4102 asseratur.
2519 4048 2787 4117 Quantum
2820 4061 2998 4109 tamen
3047 4072 3112 4110 ex
3158 4057 3299 4113 illius
3333 4075 3455 4116 cum
3493 4064 3614 4118 aliis

2021 4136 2207 4193 llilarii
2248 4140 2464 4209 scriptis
2495 4144 2895 4211 comparatione
2926 4145 3051 4201 licet
3079 4151 3330 4219 assequi,
3361 4161 3487 4208 ante
3509 4155 3613 4209 alia

2020 4243 2185 4299 opera
2214 4238 2268 4284 et
2293 4239 2418 4285 ante
2445 4232 2692 4287 exsilium
2717 4235 2886 4304 ipsius
2911 4277 2925 4300 ,
2957 4238 3286 4310 proindeque
3323 4251 3449 4298 ante
3484 4258 3612 4298 ann.

2021 4320 2148 4388 556,
2181 4321 2537 4392 compositum
2587 4324 2891 4394 opinamur.
2913 4326 3032 4384 Non
3073 4332 3216 4386 enim
3261 4334 3434 4388 virum
3476 4337 3616 4405 sapit

2023 4414 2206 4471 multis
2237 4415 2496 4472 adversus
2524 4416 2754 4474 Arianos
2775 4423 3080 4478 commissis
3096 4423 3206 4494 jam
3238 4426 3437 4494 praeliis
3457 4443 3614 4483 exer-

2024 4509 2266 4564 citatum.
2295 4509 2455 4564 Certe
2496 4511 2548 4564 in
2593 4511 2919 4580 psalmorum
2963 4517 3386 4586 expositionibus
3413 4521 3617 4576 nullam

321 4597 485 4655 Certe
512 4600 789 4655 titulorum
821 4600 1125 4671 hujusmodi
1155 4599 1437 4655 elenchum
1470 4601 1521 4654 in
1545 4599 1718 4654 fronte
1750 4598 1920 4654 libro-
1946 4596 1998 4662 D
2026 4602 2329 4658 asserenda:
2356 4600 2558 4657 Christi
2598 4603 2896 4660 divinitatis
2924 4607 3062 4661 elabi
3097 4607 3224 4663 sinit
3252 4610 3613 4666 occasionem.

321 4713 444 4753 rum
474 4698 805 4768 proponcndi
838 4714 1042 4754 morem
1079 4699 1356 4769 antiquum
1389 4713 1510 4753 esse
1556 4695 1716 4753 ﬁdem
1765 4697 1922 4801 faciet

325 4806 488 4845 canon
515 4791 766 4846 ltebraica:
798 4793 1019 4846 veritatis
1049 4792 1115 4846 ah
1144 4793 1261 4862 ipso
1287 4791 1616 4863 Hieronymo
1649 4791 1921 4859 composi-

328 4889 436 4948 tus,
463 4897 526 4938 ac
572 4883 785 4938 tandem
813 4882 1106 4954 aliquando
1146 4883 1198 4937 in
1241 4883 1413 4937 lucem
1461 4881 1723 4937 edcndus.
1752 4879 1811 4935 In
1857 4895 1922 4935 eo

328 4989 558 5045 namque
582 4975 764 5032 videre
793 4985 876 5032 est
901 4977 952 5031 in
986 4979 1102 5046 ipso
1132 4975 1392 5045 cujusque
1409 4974 1536 5076 libri
1564 4974 1749 5030 limine
1771 4971 1921 5076 Indi:

329 5081 447 5120 cem
481 5067 756 5122 titulorum
791 5069 968 5122 varios
1010 5068 1062 5121 in
1105 5080 1362 5122 numeros
1392 5065 1801 5131 distinctorum,
1833 5065 1924 5134 qui

332 5160 586 5230 quidquid
615 5160 754 5215 libro
779 5160 1139 5229 subsequente
1167 5155 1662 5259 comprehendatur
1689 5169 1927 5259 summa:

329 5252 426 5306 tim
467 5251 775 5308 exhibeant.
828 5251 892 5306 Hi
946 5260 1122 5304 autem
1169 5249 1372 5304 indices
1419 5245 1658 5317 Capitula
1681 5257 1734 5303 et
1757 5246 1928 5302 ‘Tituli

328 5343 634 5413 promiscue
677 5342 1058 5409 inscribuntur,
1089 5351 1235 5413 puta,
1266 5339 1531 5443 Incipiunt
1554 5339 1782 5443 capitula

320 5435 540 5504 Exodi;
564 5437 826 5508 Incipiunt
871 5439 1008 5490 tituli
1063 5436 1178 5490 libri
1233 5433 1473 5500 Levitici;
1504 5431 1766 5500 Incipiunt
1792 5431 1927 5485 tituli

331 5529 449 5584 libri
475 5528 893 5592 Deuteronomii;
927 5526 949 5581 1
959 5528 1188 5600 ncipiuut
1219 5525 1447 5596 capitula
1474 5523 1588 5579 libri
1615 5523 1794 5590 Iosue,
1821 5532 1925 5579 etc.

330 5624 406 5680 Ita
462 5628 622 5681 etiam
671 5624 724 5680 in
774 5622 1166 5694 antiquioribus
1213 5635 1342 5675 mss.
1377 5618 1529 5674 libris
1555 5616 1836 5720 Augustini
1863 5615 1931 5720 de

336 5719 566 5777 Civitate
593 5721 687 5775 Dei
716 5729 841 5775 ante
867 5719 1012 5789 ipsos
1037 5716 1204 5772 libros
1225 5713 1558 5786 prreponitnr
1578 5710 1742 5766 Iudex
1772 5710 1932 5764 variis

335 5811 622 5868 dumtaxat
661 5811 899 5867 numeris
935 5809 1246 5869 distinctus,
1268 5805 1462 5878 quibus
1481 5803 1675 5861 deinde
1700 5803 1935 5873 capitum

2025 4694 2097 4748 At
2148 4694 2202 4748 in
2249 4693 2351 4752 hoc
2401 4696 2809 4760 commentario,
2841 4704 2898 4750 ut
2927 4697 3029 4750 alia
3074 4698 3382 4768 mittamus,
3410 4715 3530 4771 cap.
3556 4700 3614 4768 2,

2027 4801 2081 4838 n.
2107 4784 2160 4851 6,
2192 4784 2365 4839 Patris
2393 4784 2460 4839 de
2487 4783 2620 4839 Filio
2647 4799 2744 4839 suo
2776 4787 3138 4842 testimonium
3161 4830 3177 4856 ,
3230 4790 3340 4846 imo
3392 4792 3618 4861 praecla-

2027 4891 2140 4931 ram
2174 4875 2321 4930 Petri
2362 4875 2756 4931 confessionem
2799 4891 2920 4948 cap.
2956 4879 3020 4933 16
3047 4919 3062 4943 ,
3095 4895 3150 4932 n.
3183 4879 3238 4948 6,
3267 4881 3346 4936 sic
3386 4884 3622 4954 attingit,

2027 4969 2178 5036 quasi
2207 4966 2439 5022 Arianos
2469 4981 2574 5020 non
2602 4967 2960 5036 cognovisset.
2987 4967 3191 5024 Saltem
3221 4970 3290 5026 de
3318 4986 3504 5027 eorum
3535 4990 3622 5030 ar-

2024 5060 2186 5131 gutiis
2210 5057 2445 5114 nondum
2473 5060 2637 5130 probe
2662 5060 2982 5114 instructum
3005 5076 3127 5115 eum
3151 5060 3318 5119 fuisse
3339 5066 3626 5125 manifeste

2027 5159 2252 5221 apparet
2279 5166 2343 5205 ex
2369 5165 2489 5217 cap.
2521 5151 2612 5214 51,
2641 5167 2697 5205 ιι.
2727 5152 2782 5218 5,
2807 5151 2898 5207 ubi
2928 5152 3193 5210 catholice
3215 5155 3431 5225 quidem
3454 5173 3625 5228 quan-

2030 5251 2139 5299 tum
2166 5243 2233 5296 ad
2256 5256 2496 5310 sensum,
2529 5252 2786 5312 quantum
2815 5253 2995 5298 autem
3025 5244 3092 5298 ad
3125 5247 3289 5301 verba
3314 5248 3491 5304 minus
3520 5251 3628 5303 cir-

2031 5343 2338 5404 cumspecte
2389 5334 2609 5400 scribit,
2660 5332 2853 5389 Filium
2892 5346 3070 5390 natum
3093 5353 3202 5398 esse
3221 5355 3286 5394 ea:
3307 5355 3365 5394 eo
3383 5341 3468 5410 qui
3496 5348 3626 5404 erat,

2033 5438 2081 5484 et
2111 5432 2206 5482 hoc
2237 5430 2290 5483 in
2319 5443 2379 5482 eo
2407 5444 2515 5484 esse
2537 5428 2623 5497 qui
2662 5439 2814 5482 natus
2845 5438 2940 5494 est,
2967 5431 3106 5501 quod
3139 5432 3184 5486 is
3225 5433 3333 5504 ipse
3373 5439 3448 5485 est
3479 5447 3632 5502 penes

2035 5539 2186 5594 quem
2213 5530 2325 5576 erat
2343 5531 2614 5593 antequam
2665 5533 2988 5591 nasceretur;
3011 5525 3240 5579 eamdem
3275 5525 3462 5578 scilicet
3483 5534 3632 5578 ceter-

2040 5617 2250 5672 nitatem
2276 5631 2384 5670 esse
2410 5625 2458 5670 et
2487 5616 2742 5688 gignentis
2769 5627 2816 5671 et
2849 5618 3024 5691 geniti.
3057 5619 3169 5673 Hoc
3198 5627 3345 5673 certe
3372 5616 3635 5673 inllciabi-

2041 5719 2128 5766 tur
2158 5723 2316 5765 nemo
2357 5709 2614 5778 scriptum
2661 5723 2782 5764 esse
2827 5718 2952 5764 ante
2975 5711 3140 5764 libros
3167 5708 3235 5764 de
3263 5706 3545 5776 Trinitate,
3579 5709 3637 5765 in

2041 5803 2257 5872 quibus,
2303 5797 2398 5857 sed
2448 5801 2686 5866 maxime
2731 5800 2785 5856 in
2829 5799 3169 5866 duodecimo,
3215 5812 3411 5870 magno
3461 5801 3641 5862 studio
