4172 6188
361 288 471 345 917

1313 283 1865 351 COMMENTARIUS
1901 285 1972 347 ΙΝ
2008 287 2441 351 MATTBEUM.
2483 289 2637 348 CAP.
2676 292 2720 349 ι.
2796 300 2797 303 ‘

3560 294 3666 355 918

363 397 508 458 XVI.
532 397 611 473 (a)
635 397 717 456 De
735 396 887 461 Iosue
912 399 1175 473 propheta:
1210 402 1377 475 signo.
1410 401 1491 465 De
1514 402 1764 474 fermento
1789 401 1968 477 phari-
1991 407 2046 471 Α
2140 414 2189 461 et
2218 406 2281 465 de
2319 403 2610 467 Jerusalem
2649 423 2764 479 quoe
2789 407 3030 478 interﬁcit
3056 407 3333 481 prophetas
3353 448 3369 478 ,
3393 417 3443 471 et
3468 408 3670 482 lapidat

435 508 693 560 eteorum,
731 490 798 551 de
842 494 1161 565 confessione
1200 490 1348 549 Petri
1387 502 1432 549 et
1471 493 1818 555 benedictione
1863 494 1968 552 Do-

438 581 588 652 mini,
611 592 664 640 et
688 581 761 661 (b)
789 581 851 643 de
878 599 934 640 se
971 583 1272 657 abnegando
1300 584 1387 658 qui
1419 584 1678 645 Christum
1707 587 1849 661 sequi
1874 603 1966 643 vo-

440 678 616 735 luerit.

364 774 531 833 XVII.
568 773 669 831 Ubi
697 774 751 829 in
778 784 947 830 monte
973 792 1090 831 cum
1119 773 1301 850 Moyse
1328 788 1377 833 et
1404 776 1526 834 Elia
1550 778 1771 846 videtur,
1799 787 1846 835 et
1871 795 1970 839 vos;

366 926 372 931 ἱ
438 868 503 923 de
530 867 655 923 caelo
681 866 914 933 auditur,
937 866 1025 925 ubi
1051 883 1264 937 puerum
1292 867 1574 925 lunaticum
1603 868 1675 942 (c)
1705 870 1883 937 solvit,
1908 871 1972 927 de

438 959 755 1017 credentium
777 957 902 1033 ﬁde,
928 959 991 1015 de
1012 958 1316 1019 didrachma
1336 962 1620 1037 postulata,
1642 974 1692 1020 et
1713 973 1897 1023 statere
1917 964 1975 1023 in

440 1066 529 1107 ore
550 1066 727 1119 piscis.

371 1142 561 1203 XVIII.
589 1141 668 1203 De
695 1141 981 1216 infantibus
1010 1142 1275 1214 inhibitis,
1305 1153 1353 1200 et
1386 1143 1448 1201 de
1477 1144 1769 1203 humilitate
1796 1162 1974 1205 eorum

441 1236 771 1304 assumenda,
804 1236 869 1291 de
892 1253 1047 1293 manu
1072 1247 1119 1292 et
1146 1236 1273 1308 pede
1300 1246 1347 1293 et
1373 1239 1522 1293 oculo
1548 1224 1796 1307 eruenda,
1835 1250 1884 1301 et
1912 1241 1976 1297 de

446 1346 536 1389 ove
555 1329 779 1401 perdita,
800 1329 864 1385 de
883 1329 1222 1401 corripiendis
1247 1330 1492 1401 fratribus
1514 1340 1706 1391 secreto
1729 1334 1974 1409 primum,

450 1434 560 1483 tum
574 1422 766 1479 duobus
787 1422 1015 1488 testibus,
1034 1434 1289 1497 postremo
1312 1425 1523 1480 ecclesia
1540 1436 1805 1495 praesente.
1828 1426 1979 1485 Sent-

446 1535 538 1591 per
555 1517 941 1592 ignoscendum.
976 1515 1055 1590 (d)
1088 1515 1188 1583 Qui
1222 1533 1523 1575 conservum
1548 1534 1736 1585 suum,
1764 1519 1978 1577 remisso

449 1609 546 1665 sibi
571 1626 602 1663 α
633 1609 843 1665 domino
868 1608 1059 1671 debito,
1087 1606 1326 1675 su/I'ocat.
1935 1603 1944 1612 ’

379 1700 522 1759 XIX.
552 1700 621 1773 (e)
649 1698 876 1758 Uxorem
905 1716 1007 1755 non
1028 1700 1207 1756 debere
1234 1699 1510 1768 dimittere,
1547 1699 1609 1757 de
1630 1700 1893 1769 eunuchis,
1917 1702 1982 1758 de

2141 513 2224 553 eos
2249 498 2338 567 qui
2360 498 2428 551 ad
2457 516 2511 555 se
2543 498 2685 555 missi
2715 507 2854 554 sunt.

2068 586 2238 645 XXV.
2271 587 2349 643 De
2372 598 2630 646 structura
2651 591 2825 662 templi
2845 591 3279 665 interrogantibus
3307 591 3600 665 discipulis.
3624 603 3676 659 et

2145 680 2209 736 de
2235 679 2315 735 his
2338 680 2425 750 qui
2453 681 2507 734 in
2534 690 2663 737 tecto
2684 692 2825 749 sunt,
2849 700 2911 738 ne
2935 683 3241 739 descendant
3270 683 3448 745 tollere
3476 684 3675 759 aliquid

2146 776 2209 829 de
2236 774 2425 843 domo;
2455 782 2502 831 et
2524 775 2611 846 qui
2646 776 2703 831 in
2745 792 2870 849 agro
2913 786 3065 842 sunt,
3096 792 3160 831 ne
3210 786 3528 835 revertantur
3577 778 3678 839 tol-

2146 868 2251 927 lere
2286 869 2513 925 tunicam
2551 886 2725 937 suam,
2763 881 2812 927 et
2853 869 2917 925 de
2953 869 3336 944 prwgnantibus
3369 880 3419 933 et
3446 874 3679 933 nutrien-

2150 960 2304 1017 tibus.

2076 1051 2270 1109 XXVI.
2298 1052 2373 1108 De
2397 1053 2506 1110 sole
2532 1053 2819 1119 obscurato,
2846 1055 2971 1112 luna
2996 1063 3041 1115 et
3066 1056 3248 1111 stellis.

2078 1145 2295 1205 XXVII.
2337 1145 2413 1203 De
2435 1163 2579 1203 servo
2604 1147 2748 1218 ﬁdeli
2783 1164 2931 1218 quem
2956 1148 3215 1207 constituit
3246 1149 3484 1213 dominus
3523 1168 3679 1224 super

2151 1240 2403 1312 familiam
2432 1257 2609 1306 suam,
2640 1240 2704 1297 de
2742 1241 2912 1299 decem
2938 1242 3242 1316 virginibus,
3277 1243 3340 1298 de
3378 1241 3586 1301 homine
3624 1245 3682 1303 its

2087 1333 2141 1377 ’τ
2156 1351 2364 1408 peregre
2378 1337 2630 1408 profecto,
2649 1336 2737 1407 qui
2763 1335 2975 1393 tradidit
2995 1336 3334 1393 substantiam
3358 1352 3510 1393 suam
3528 1337 3687 1397 servis

2082 1522 2326 1582 XXVIII.
2354 1522 2430 1578 De
2449 1522 2667 1579 adventu
2688 1523 2787 1594 ﬁlii
2809 1523 3033 1583 hominis
3054 1524 3296 1581 venientis
3314 1521 3393 1599 (g)
3421 1524 3476 1582 in
3500 1528 3689 1599 indies-

2158 1624 2261 1670 tate
2287 1630 2404 1671 sua.

2158 1632 2261 1670 tate
2287 1632 2404 1671 sua.

2084 1705 2283 1764 XXIX.
2326 1704 2405 1760 De
2448 1705 2686 1772 muliere,
2738 1722 2853 1773 qua:
2890 1706 3099 1763 accessit
3144 1707 3213 1763 ad
3263 1703 3444 1765 Iesum
3488 1706 3541 1767 in
3594 1705 3691 1767 αος

449 1792 735 1865 infantibus
774 1790 1028 1849 inhibitis.
1052 1789 1274 1849 Divitem
1313 1791 1517 1863 difﬁcile
1560 1793 1773 1851 introire
1812 1794 1868 1849 in
1896 1809 1978 1851 re-
2009 1799 2059 1865 Β
2154 1814 2296 1855 mum
2344 1796 2573 1853 Simonis
2613 1798 2802 1869 leprosi
2845 1797 3037 1855 habens
3081 1797 3403 1859 alabastrum
3439 1798 3689 1871 unguenti

452 1902 609 1961 gnum
634 1885 897 1943 caelorum.

384 1979 504 2039 XX.
532 1980 613 2036 De
639 1996 729 2047 spe
753 1978 1127 2052 apostolorum,
1158 1978 1221 2035 de
1248 1979 1533 2035 novissimis
1558 1979 1740 2052 primis
1765 1980 1986 2051 e/ﬁcien-

458 2073 561 2129 dis.
595 2070 695 2127 Ubi
724 2070 1079 2129 conducuntur
1108 2070 1332 2140 aperarii
1375 2070 1444 2125 ad
1486 2071 1705 2129 vineam.
1746 2069 1821 2126 De
1863 2070 1990 2142 ﬁliis

460 2162 695 2219 Ζώεάιεί
714 2204 731 2230 ,
762 2162 826 2217 de
851 2162 1016 2233 primo
1051 2162 1290 2219 accubitu
1310 2202 1325 2229 ,
1347 2160 1413 2217 de
1446 2160 1649 2219 duodus
1672 2163 1819 2221 etscis
1844 2179 1989 2225 secus

462 2254 596 2309 viam
616 2251 926 2309 sedentibus.

392 2345 536 2405 XXI.
573 2346 649 2403 Ite
677 2346 823 2401 asina
851 2355 899 2401 et
926 2345 1069 2419 pullo
1100 2346 1213 2417 ejus
1232 2387 1247 2411 ,
1276 2344 1339 2401 de
1363 2347 1535 2420 ejectis
1563 2363 1596 2401 a
1623 2346 1811 2419 templo
1838 2363 1990 2403 num-

465 2438 722 2505 mulariis,
754 2439 817 2499 de
834 2439 936 2509 ﬁcu
957 2437 1250 2504 maledicta,
1270 2438 1333 2495 de
1350 2438 1548 2496 duobus
1568 2437 1692 2513 ﬁliis
1712 2438 1781 2495 ad
1797 2440 1994 2499 vineam

470 2534 662 2597 missis,
694 2533 758 2591 de
777 2533 1063 2609 publicanis
1088 2543 1135 2590 et
1160 2533 1528 2590 meretricibus.

397 2624 570 2689 XXII.
594 2624 670 2680 De
699 2624 1000 2683 vinitoribus
1037 2625 1127 2696 qui
1172 2626 1354 2681 missos
1393 2625 1461 2679 ad
1499 2641 1553 2681 se
1590 2625 1651 2681 ob
1691 2625 1996 2696 repetendos

469 2722 670 2795 fruetus
712 2719 1061 2791 interﬁciunt,
1100 2719 1163 2775 de
1189 2719 1418 2777 invitatis
1450 2721 1753 2791 promiscuis
1779 2730 1828 2781 et
1865 2731 1998 2779 veste

472 2815 717 2884 nuptiali.

402 2906 595 2963 XXIII.
625 2905 706 2961 De
731 2904 923 2960 tributo
948 2913 997 2959 et
1014 2903 1238 2976 imagine
1263 2900 1499 2971 Cwsaris,
1529 2904 1594 2958 de
1614 2903 1789 2959 eadem
1810 2913 2000 2976 septem

470 3002 693 3072 fratrum
738 3012 936 3067 uxore,
984 2998 1049 3055 de
1098 2996 1358 3054 mandatis
1408 2996 1679 3066 maximis,
1727 3000 1789 3052 de
1831 2996 2001 3053 David

472 3089 608 3160 ﬁlio.

2162 1891 2394 1959 pretiosi.

2089 1982 2262 2041 XXX.
2289 1982 2369 2038 De
2393 1983 2477 2041 die
2503 1982 2671 2055 prima
2691 1998 3022 2054 azymorum,
3045 1982 3101 2037 in
3127 1997 3229 2055 qua
3265 1988 3586 2043 accesserunt
3611 1979 3691 2042 di-

2161 2077 2348 2147 scipuli
2373 2076 2442 2130 ad
2468 2073 2668 2142 Jesum,
2698 2075 2946 2141 dicentes,
2969 2072 3071 2131 Ubi
3092 2072 3175 2129 vis
3200 2086 3452 2144 paremus
3476 2071 3571 2128 tibi
3600 2084 3693 2130 eoo

2162 2168 2382 2223 medere
2411 2167 2644 2237 pascha?

2093 2258 2290 2317 XXXI.
2320 2258 2449 2315 Cum
2494 2259 2627 2315 venit
2666 2257 2823 2315 Jesus
2861 2258 2915 2313 in
2949 2272 3131 2331 agrum
3153 2256 3240 2328 qui
3263 2255 3452 2313 dicitur
3480 2254 3693 2315 Gethse-

2166 2350 2329 2418 mani,
2359 2360 2408 2405 et
2434 2350 2558 2405 dicit
2582 2349 2846 2423 discipulis
2874 2348 2979 2404 suis
3005 2364 3022 2404 :
3055 2346 3251 2404 Sedete
3279 2345 3452 2407 donec
3479 2360 3599 2407 eam
3625 2346 3691 2409 il-

2168 2442 2253 2499 luc
2273 2457 2453 2509 orare,
2474 2442 2555 2513 (h)
2572 2451 2617 2496 et
2638 2441 2700 2499 de
2720 2441 2851 2497 tristi
2873 2441 3045 2495 anima
3066 2454 3162 2497 sua
3180 2455 3339 2515 usque
3361 2439 3434 2499 ad
3459 2447 3692 2507 mortem,

2168 2534 2232 2591 de
2259 2534 2418 2589 calice
2459 2533 2501 2587 si
2535 2530 2774 2603 possibile
2827 2540 2901 2587 est
2942 2530 3160 2587 transire
3188 2547 3220 2585 a
3256 2546 3343 2594 se.
3400 2529 3464 2587 de
3509 2529 3694 2602 spiritu

2169 2634 2406 2699 prompto
2436 2635 2480 2679 et
2510 2640 2664 2679 carne
2684 2623 2913 2693 inﬁrma,
2945 2631 2992 2679 et
3018 2637 3246 2689 rursum,
3274 2619 3338 2699 (i)
3366 2620 3552 2685 Pater,
3584 2634 3691 2685 non

2168 2728 2348 2791 potest
2377 2717 2465 2773 hic
2489 2717 2630 2777 calix
2657 2716 2888 2775 transire
2910 2714 3015 2771 nisi
3050 2714 3200 2773 illum
3234 2713 3453 2775 bibam?
3483 2714 3575 2770 Iiat
3604 2727 3697 2775 von

2173 2809 2351 2863 luntus
2375 2816 2486 2863 tua.

2100 2898 2321 2957 XXXII.
2345 2898 2420 2954 De
2443 2897 2608 2965 Juda,
2627 2898 2713 2969 qui
2739 2909 2848 2951 erat
2869 2875 3003 2951 unus
3022 2896 3086 2951 de
3105 2894 3375 2951 duodecim
3402 2893 3696 2965 discipulis.

2172 2994 2403 3047 veniente
2422 2991 2490 3046 ad
2517 2986 2693 3045 Iesum
2723 3004 2839 3043 cum
2867 2989 3092 3061 plurima
3120 2988 3267 3042 turba
3294 2993 3351 3043 ut
3388 3001 3499 3047 eum
3522 2986 3697 3041 trade-

2172 3094 2283 3153 ret,-
2320 3083 2382 3138 de
2407 3083 2581 3157 gladio
2608 3099 2755 3156 quem
2776 3080 2927 3149 iussit
2954 3079 3108 3141 Petro
3136 3087 3424 3138 convertere
3449 3079 3502 3136 in
3532 3078 3698 3143 locum

401 3182 594 3242 XXIV.
625 3180 705 3239 De
725 3180 969 3239 cathedra
1000 3179 1175 3253 Moysi
1203 3197 1357 3253 super
1383 3198 1536 3249 quam
1555 3182 1792 3237 sederunt
1818 3182 1996 3238 scribae
2021 3185 2067 3249 ο
2168 3194 2337 3233 suum.

472 3283 523 3329 et
544 3274 804 3346 pharisa'i,
831 3273 894 3327 de
916 3270 988 3344 (Ῑ)
1021 3273 1196 3330 clauso
1229 3273 1292 3327 ab
1316 3273 1499 3328 iisdem
1520 3288 1675 3346 regno
1714 3274 1957 3329 caelorum
1979 3317 1993 3341 ,

473 3376 522 3421 et
546 3365 609 3420 ab
635 3364 816 3420 iisdem
841 3363 1040 3418 comedi
1073 3364 1250 3418 domos
1282 3364 1547 3419 viduarum
1566 3411 1579 3431 ,
1636 3364 1999 3421 circumeunti-

475 3459 568 3512 bus
596 3473 735 3511 mare
763 3467 809 3511 et
834 3455 1055 3519 aridum,
1075 3465 1122 3510 et
1153 3454 1471 3511 dicentibus:
1496 3456 1830 3527 Quicumque
1852 3462 2003 3528 jura-

480 3551 617 3606 verit
647 3550 701 3605 in
730 3549 965 3621 templo,
992 3547 1124 3603 nihil
1155 3557 1272 3616 est,
1301 3559 1348 3605 et
1388 3551 1757 3606 decimantibus
1784 3562 2001 3607 mentum

475 3650 524 3697 et
553 3639 819 3709 anethum,
856 3651 903 3698 et
936 3638 1312 3709 aediﬁcantibus
1340 3641 1576 3711 sepulcra
1613 3643 1998 3713 prOphetarum,

478 3785 558 3870 (ᾳ)
588 3786 685 3870 IIic
705 3788 963 3843 articulus
988 3787 1043 3843 In
1076 3801 1207 3843 mss.
1234 3795 1536 3860 postremus
1558 3797 1640 3844 est
1665 3786 1884 3858 capituli
1906 3799 1997 3843 su-

405 3858 657 3933 perioris.
783 3888 791 3899 ·
1238 3858 1247 3860 ἡ

478 3929 552 3989 ib)
587 3929 739 3986 Hunc
764 3924 1048 3986 articulum
1071 3930 1325 3989 omittunt
1354 3944 1486 3986 mss.

501 3930 529 3983 b
587 3930 739 3986 Hunc
764 3930 1048 3986 articulum
1071 3944 1130 3984 on

502 3930 555 4126 lt}
583 4001 638 4055 In
668 4002 920 4073 vulgatis,
944 4002 1130 4056 salvat.

478 3930 500 4145 Ξ
548 4083 560 4137 )
594 4071 648 4127 In
678 4087 809 4128 mss.
835 4070 1128 4143 capitulum

548 4083 560 4137 )

440 4068 570 4199 ll(ti)l
594 4071 648 4127 In
678 4068 809 4128 mss.
835 4070 1128 4143 capitulum
1150 4070 1484 4143 subsequens
1508 4071 1577 4130 ab
1601 4070 1686 4128 his
1715 4068 1894 4129 verbis
1920 4069 2003 4129 iu-

482 4163 510 4196 υ
575 4159 657 4199 ur.

407 4157 657 4201 cuuatur.

480 4214 553 4286 (e)
586 4214 679 4270 His
706 4212 1048 4286 prmmlttunt
1074 4213 1223 4281 editi,
1257 4210 1463 4269 Transit
1494 4215 1548 4268 in
1568 4212 1859 4268 Galilteam.

483 4282 551 4359 (f)
582 4282 876 4359 MssIcluso
908 4301 927 4339 :
953 4296 1007 4341 et
1038 4301 1184 4356 mox,
1211 4295 1260 4341 et
1288 4286 1714 4345 circumeuntium
1733 4327 1747 4352 ,
1773 4299 1871 4356 pro
1909 4282 2009 4339 cir-

408 4356 784 4414 cuineuntibus.

2105 3269 2346 3327 XXXIII.
2382 3267 2459 3323 De
2488 3267 2711 3324 Pilato:
2742 3280 2857 3321 cum
2901 3266 3095 3321 sederet
3134 3280 3229 3337 pro
3269 3265 3534 3331 tribunali,
3560 3264 3701 3319 misit

2175 3365 2244 3420 ad
2273 3365 2417 3423 illum
2442 3379 2574 3419 uxor
2591 3370 2707 3430 sua,’
2726 3361 2898 3419 dicens
2918 3378 2935 3417 :
2954 3359 3096 3419 Nihil
3129 3358 3220 3417 tibi
3243 3359 3315 3418 sit
3340 3367 3395 3415 et
3417 3357 3563 3431 justo
3589 3354 3696 3419 isti.

2176 3458 2255 3514 De
2283 3456 2661 3513 transeuntibus
2688 3457 2841 3526 juxta
2871 3470 3071 3509 crucem
3100 3453 3189 3523 qui
3221 3452 3488 3509 movebant
3526 3450 3697 3518 capite

2176 3559 2344 3613 sua.et
2364 3549 2598 3603 dicebant
2622 3564 2640 3601 :
2665 3547 2761 3601 IIic
2789 3555 2871 3600 est
2896 3546 2987 3615 qui
3015 3542 3331 3600 destruebat
3357 3543 3616 3615 templum
3644 3547 3703 3596 et

2178 3643 2231 3699 in
2257 3641 2487 3697 triduum
2519 3638 2648 3694 illud
2672 3634 3057 3692 resediilcabat.

2176 3785 2253 3859 (ρ)
2278 3782 2441 3852 Editi,
2472 3780 2541 3839 ad
2567 3779 2817 3850 iudicium
2838 3792 2956 3835 cum
2978 3779 3244 3850 majestate
3263 3790 3358 3837 sua
3381 3788 3400 3830 :
3426 3771 3705 3847 reti-ags“.

2103 3857 2246 3915 tibus
2280 3871 2411 3913 mss.

2181 3950 2259 4023 (h)
2291 3950 2366 4006 Ita
2397 3965 2527 4006 mss.
2570 3946 2712 4023 Ερῖιί
2745 3960 2909 4023 yero“,
2935 3953 2982 4001 et
3014 3943 3221 4023 tristata
3258 3950 3333 4023 est
3368 3940 3561 4023 anima
3588 3938 3702 4023 eius

2105 4008 2266 4096 usque
2284 4024 2367 4096 ad
2381 4031 2611 4096 mortem.
2631 4017 2694 4072 Et
2721 4017 2784 4073 de
2803 4008 2962 4071 calice
2986 4014 3163 4096 mortis
3184 4011 3321 4096 quod
3344 4008 3700 4096 dixit,_‘Pat'er,

2109 4078 2157 4151 si
2182 4078 2421 4165 possibile
2448 4101 2538 4155 est,
2567 4099 2791 4145 transeat
2813 4102 2946 4141 ante
2972 4085 3110 4138 calin:
3136 4078 3252 4145 iste.
3271 4078 3350 4137 De
3375 4081 3698 4153 spiritu,etc.

2111 4164 2248 4222 Tum
2277 4165 2327 4219 in
2362 4178 2493 4218 mss.
2524 4167 2785 4231 promptu,
2809 4172 2914 4214 non
2946 4164 3203 4226 prompto.

2185 4264 2250 4338 (i)
2279 4261 2425 4317 Editi
2454 4260 2542 4315 hic
2568 4258 2845 4330 adjiciunt,
2878 4255 2942 4310 de
2973 4269 3031 4309 eo
3055 4253 3194 4322 quod
3228 4251 3378 4308 diuit.

399 4428 3692 4493 __________________________________________..—.

878 4486 2047 4757 ““SANCTI
2200 4572 3241 4748 HILAIm
3400 4607 3407 4613 ·
3530 4610 3533 4613 -

723 4877 854 5030 ΙΝ
960 4874 1713 5113 EVANGELIUM
1816 4850 3396 5113 MATTHEIQWMEN’I‘ARIUS.
3534 5107 3543 5113 -

1615 5102 1888 5171 (somnus
1914 5114 2075 5158 annos
2103 5111 2282 5155 suuuu
2307 5094 2524 5164 eccm.)

1451 5240 2689 5285 mw

939 5368 1169 5431 CAPUT
1208 5365 1497 5427 PRIMUM.

424 5467 504 5522 De
527 5465 788 5521 nativitate
825 5464 1037 5532 Christi,
1065 5463 1201 5518 etde
1246 5461 1418 5534 Magis
1452 5475 1569 5515 cum
1602 5457 2017 5545 muneribushac

925 5557 990 5611 de
1015 5554 1293 5627 infantibus
1315 5552 1516 5607 occisis.

2116 5356 2474 5435 (a)Gradum,
2504 5366 2667 5425 quem
2695 5347 2980 5407 Matthaeus
3005 5345 3061 5403 In
3098 5340 3292 5403 ordine
3317 5336 3480 5413 regiae
3498 5346 3718 5396 succes-

2118 5452 2289 5511 sionis
2313 5449 2579 5514 ediderat,
2619 5445 2794 5501 Lucas
2824 5443 2879 5497 in
2906 5437 3229 5497 sacerdotali
3258 5435 3467 5506 origine
3489 5439 3717 5498 compu-

2121 5556 2221 5603 tat.
2253 5544 2426 5615 Quem
2450 5540 2577 5596 dum
2606 5546 2833 5608 uterque
2861 5535 3204 5599 dinumerat,
3253 5525 3629 5599 cognationem
3659 5519 3717 5576 In

490 5648 546 5708 I.
577 5647 768 5707 Christi
808 5664 872 5704 ea:
917 5618 1128 5722 regio'et
1156 5642 1464 5701 sacerdotali
1510 5659 1692 5717 genere
1741 5653 1903 5697 ortus.
1952 5669 2024 5682 —
2127 5640 2358 5698 Domino
2386 5636 2668 5706 utriusque
2684 5632 2855 5690 tribus
2884 5632 3113 5701 uterque
3133 5623 3416 5697 signiticet.
3446 5618 3722 5687 Recteque

504 5788 582 5867 (a)
611 5788 667 5847 In
684 5786 848 5848 editis
875 5784 968 5847 hic
992 5783 1198 5844 frustra
1238 5781 1653 5857 praeferebatur,
1702 5779 1859 5837 Liber
1884 5797 2038 5855 qene-

2147 5778 2363 5837 rationis
2405 5776 2534 5835 Jesu
2578 5773 2802 5845 Christi,
2830 5769 2928 5844 ﬁlii
2966 5764 3162 5836 David,
3202 5761 3300 5837 ﬁlii
3336 5761 3577 5835 Abrahae,
3601 5770 3739 5834 etc.,
