4172 6188
490 309 596 364 919

1624 301 1626 304 ’
1707 305 1954 364 SANCTI
1986 304 2246 365 lliLARll
2279 305 2586 365 EPISCOPI

3675 311 3784 368 920

485 421 853 494 generationis
875 420 1076 492 gradus
1098 419 1315 491 ponitur
1341 437 1354 474 :
1384 420 1509 492 quia
1537 420 1900 482 sacerdotalis
1921 428 1976 475 et
1996 435 2083 476 re-
2111 422 2163 483 Α
2188 418 2530 491 cognationis
2553 423 2856 494 acciperet,
2883 433 3277 496 susceptosque
3331 425 3474 481 filios
3519 425 3575 482 in
3620 426 3784 484 fami-

484 515 588 585 giae
611 515 782 570 tribus
808 512 1041 568 societas
1063 527 1162 585 per
1195 513 1361 568 David
1388 528 1457 569 ex
1486 513 1742 585 coniugio
1773 513 1929 577 inita,
1972 512 2080 583 jam

484 623 516 664 a
538 607 800 665 Salathiel
823 607 876 662 in
905 606 1207 662 Zorobabel
1222 607 1577 663 confirmetur
1590 623 1654 663 ex
1669 622 1888 677 genere.
1907 607 2082 677 Atque

483 701 558 756 ita
587 700 714 755 dum
748 699 1034 754 Matthaaus
1065 707 1344 768 paternam
1376 701 1644 772 originem
1667 742 1682 766 ,
1711 716 1832 772 qua:
1861 715 1928 756 ex
1944 699 2080 755 Juda

482 792 952 862 proﬁciscebatur,
985 800 1268 859 recenset,
1298 792 1472 848 Lucas
1497 807 1630 849 vero
1659 801 1941 862 acceptum
1985 806 2082 860 per

482 883 714 940 Natham
747 899 815 938 ex
843 884 984 939 tribu
1011 883 1140 938 Levi
1166 899 1337 955 genus
1358 883 1554 939 edocet
1597 883 1747 956 (Luc.
1793 898 1882 947 ιιι,
1938 881 2078 953 ἳ4);

482 977 598 1031 suis
618 973 693 1046 (a)
725 973 1031 1045 quibusque
1052 975 1293 1045 patribus
1309 975 1540 1029 Domino
1567 983 1754 1030 nostro
1768 973 1897 1029 Jesu
1919 970 2079 1028 Chri-

482 1079 592 1136 sto,
613 1071 780 1142 669
805 1071 895 1141 qui
918 1080 1000 1124 est
1022 1079 1259 1124 aitcrnus
1278 1078 1329 1124 et
1353 1084 1448 1124 rex
1462 1078 1516 1124 et
1534 1068 1811 1136 sacerdos,
1841 1068 2002 1124 etiam
2022 1066 2076 1122 in

481 1163 685 1216 carnali
716 1171 839 1217 ortu
869 1162 1154 1232 utriusque
1180 1161 1396 1232 generis
1422 1161 1650 1232 gloriam
1683 1161 2075 1232 probaverunt.

478 1253 634 1321 Quod
665 1269 794 1310 vero
833 1253 1038 1324 Joseph
1082 1254 1424 1324 potiusquam
1455 1254 1634 1308 Mariae
1681 1253 1938 1308 nativitas
1988 1268 2079 1308 re-

427 1349 430 1354 “
480 1354 755 1413 censetur,
788 1346 922 1400 nihil
947 1345 1113 1421 refert
1143 1363 1155 1398 :
1182 1345 1376 1401 eadem
1407 1345 1550 1400 enim
1578 1354 1664 1400 est
1697 1344 1862 1399 totius
1905 1345 2077 1400 tribus

479 1449 643 1509 atque
681 1453 786 1494 una
813 1439 1086 1510 cognatio.
1120 1438 1443 1508 Exemplum
1493 1446 1674 1493 autem
1723 1437 1886 1492 etiam
1941 1436 2076 1491 Mat-

480 1530 656 1586 tbteus
683 1540 738 1586 et
757 1530 932 1585 Lucas
957 1529 1226 1586 dederunt
1251 1571 1266 1597 ,
1288 1538 1474 1601 patres
1495 1531 1747 1584 'invicem
1799 1527 2080 1598 appellan-

479 1632 563 1680 tes
586 1666 600 1691 ,
625 1639 736 1680 non
769 1633 874 1679 tam
899 1639 1098 1694 genere
1125 1639 1288 1695 quam
1321 1634 1481 1694 gente
1509 1639 1523 1676 :
1557 1622 1683 1693 quia
1713 1622 1782 1677 ab
1810 1636 1918 1676 uno
1971 1621 2072 1675 tri-

480 1716 583 1772 bus
604 1725 777 1787 empta
800 1759 813 1783 ,
838 1717 938 1772 sub
963 1717 1123 1772 unius
1151 1716 1515 1771 successionis
1542 1722 1598 1769 ct
1623 1714 1849 1784 originis
1876 1713 2076 1768 familia

2185 511 2311 567 liam
2334 511 2452 583 ejus
2470 515 2561 584 qui
2587 525 2830 573 mortuus
2852 527 2995 573 esset
3017 517 3184 591 670
3195 518 3425 573 referret
3444 516 3622 590 (Deut.
3644 534 3777 588 xxv,

2185 603 2244 675 5)
2277 622 2290 659 :
2322 616 2674 677 maneretque
2714 607 2788 662 ita
2815 608 2894 679 (ά)
2919 608 2972 664 in
3005 609 3381 680 primogenitis
3418 610 3782 666 successionis

2183 698 2318 754 ordo
2339 740 2353 764 ,
2379 713 2500 754 cum
2526 709 2707 769 patres
2735 715 2921 756 eorum
2944 744 2957 768 ,
2980 703 3070 773 qui
3095 711 3214 772 post
3271 703 3384 757 nati
3430 713 3617 759 essent
3638 743 3653 769 ,
3683 712 3780 760 aut

2185 793 2406 848 nomine
2438 793 2787 864 haberentur,
2823 806 3155 866 autgenere.

2253 884 2311 938 2.
2357 884 2462 940 Cur
2527 887 2876 960 generationes
2920 887 3157 959 qutedant
3213 888 3436 942 omissas.
3497 886 3604 941 Cur
3646 904 3778 959 qua.

2183 975 2460 1029 tuordecim
2486 977 2571 1030 ubi
2596 986 2791 1031 tantum
2821 977 3062 1032 tredecim
3082 987 3425 1032 recensentur.
3444 1008 3514 1018 —
3531 975 3780 1048 Sequens

2183 1065 2316 1121 illud
2342 1077 2541 1131 est,nt
2567 1069 2690 1136 quia
2717 1068 2789 1140 (ε)
2816 1069 3082 1133 diximus,
3131 1067 3428 1124 secundum
3476 1084 3659 1124 rerum
3714 1070 3780 1124 [i-

2181 1156 2342 1223 dem,
2371 1159 2740 1229 generationis
2767 1159 2924 1214 istius
2954 1159 3198 1215 ordinem
3248 1173 3349 1214 nec
3399 1175 3628 1216 numero
3671 1161 3778 1217 sibi

2181 1265 2284 1305 nec
2311 1251 2656 1306 successione
2677 1259 2961 1317 constare;
2989 1251 3153 1321 hujus
3183 1265 3395 1322 quoque
3422 1251 3506 1306 rei
3533 1251 3672 1306 ratio
3692 1251 3772 1307 af-

2178 1342 2403 1398 feratur.
2433 1343 2551 1398 Non
2575 1344 2716 1399 enim
2738 1343 2874 1400 levis
2901 1358 3062 1399 causa
3090 1353 3208 1412 est,
3230 1353 3289 1398 ut
3312 1343 3458 1398 aliud
3497 1343 3551 1398 in
3582 1359 3775 1400 narra-

2179 1436 2327 1492 tione
2347 1439 2452 1505 sit,
2482 1436 2629 1491 aliud
2652 1435 2812 1492 fuerit
2841 1435 2896 1491 in
2926 1435 3130 1506 gestis;
3161 1445 3215 1491 et
3244 1437 3387 1490 aliud
3417 1435 3687 1491 referatur
3715 1437 3769 1492 in

2180 1541 2390 1583 summa
2411 1567 2426 1593 ,
2458 1526 2604 1582 aliud
2628 1541 2760 1582 vero
2791 1537 3040 1582 teneatur
3067 1527 3120 1582 in
3154 1543 3402 1583 numero.
3433 1527 3675 1598 Namque
3703 1531 3776 1585 ab

2180 1615 2453 1674 Abraham
2485 1632 2655 1688 usque
2702 1617 2769 1672 ad
2828 1617 2997 1672 David
3038 1618 3444 1689 quatuordecim
3472 1619 3778 1690 generatio-

2185 1725 2279 1766 nes
2307 1718 2636 1765 enumeratac
2659 1718 2818 1775 sunt,
2846 1710 2916 1783 (f)
2939 1720 2990 1766 et
3025 1710 3194 1765 David
3242 1727 3414 1781 usque
3465 1711 3533 1766 ad
3587 1722 3772 1768 trans-

397 1819 400 1823 ‘
483 1810 816 1863 continetur.
848 1808 984 1863 Cum
1043 1809 1187 1863 enim
1242 1807 1385 1862 ﬁlius
1417 1806 1586 1861 David
1633 1815 1793 1876 atque
1845 1805 2080 1862 Abrahae
2109 1811 2156 1871 Β
2184 1801 2565 1871 migrationem
2598 1802 2890 1874 Babylonis
2919 1803 3301 1874 generationes
3326 1806 3734 1876 quatuordecim
3757 1849 3776 1875 ,

481 1910 628 1955 esset
658 1898 732 1972 (b)
764 1899 1285 1969 ostendendus,qnia
1313 1899 1384 1952 ita
1406 1897 1900 1968 Mattbzeuscmpit;
1926 1896 2079 1951 Liber

480 1990 825 2062 generationis
868 1988 997 2044 Jesu
1023 1987 1253 2053 Christi,
1309 1989 1406 2058 ﬁlii
1444 1987 1652 2054 David,
1703 1988 1800 2056 ﬁlii
1855 1976 2077 2042 Abrahae

479 2085 698 2158 (Matth.
730 2083 902 2155 1,1):
947 2083 1024 2155 (c)
1053 2098 1160 2137 non
1201 2081 1385 2138 differt
1433 2082 1557 2151 quis
1607 2080 1662 2135 in
1716 2081 1944 2150 originis
1975 2096 2078 2135 nu-

477 2191 634 2232 mero
664 2186 824 2246 atque
847 2175 1039 2233 ordine
1063 2174 1386 2241 collocetur,
1439 2172 1736 2228 dummodo
1788 2174 2075 2228 universo-

478 2283 598 2323 rum
623 2265 822 2322 familia
843 2274 1023 2337 empta
1054 2280 1178 2322 esse
1222 2264 1554 2335 intelligatur
1579 2264 1648 2320 ab
1677 2278 1805 2320 uno.
1838 2262 1918 2319 Ita
1947 2279 2070 2320 cum

477 2359 726 2431 ejusdem
747 2360 919 2416 tribus
950 2359 1019 2413 sit
1045 2358 1247 2431 Ioseph
1276 2369 1331 2413 et
1358 2357 1554 2424 Maria;
1604 2356 1732 2413 dum
1792 2357 2070 2428 profectus

475 2466 596 2509 esse
627 2467 692 2506 ex
720 2450 955 2507 Abrahae
974 2465 1173 2521 genere
1213 2449 1416 2519 Ioseph
1452 2448 1777 2517 ostenditur,
1833 2446 2074 2518 profecta

474 2557 690 2613 quoque
714 2542 941 2598 docetur
967 2550 1022 2597 et
1048 2541 1234 2596 Maria.
1269 2541 1398 2596 Haec
1449 2541 1596 2597 enim
1648 2542 1703 2595 in
1762 2541 1880 2610 lege
1933 2540 2073 2595 ratio

475 2643 690 2690 servata
716 2643 821 2696 est.
842 2641 900 2688 ut
924 2633 971 2688 si
996 2643 1244 2688 mortuus
1273 2633 1390 2688 sine
1411 2631 1538 2688 filiis
1567 2631 1789 2687 familia:
1819 2633 2072 2703 princeps

473 2723 699 2792 fuisset,
728 2721 968 2781 defuncti
1010 2737 1238 2779 uxorem
1268 2723 1542 2794 posterior
1598 2723 1766 2780 frater
1819 2721 2071 2794 ejusdem

473 2884 682 2955 absque
703 2883 809 2937 ulla
842 2897 970 2955 mss.
987 2881 1340 2955 auctoritate.
1359 2880 1564 2955 Deinde
1581 2881 1775 2955 mirum
1790 2892 1873 2936 est
1889 2897 2062 2955 quan-

474 2952 750 3011 tum'inter
779 2969 839 3009 se
868 2953 1165 3008 dissideant
1194 2954 1376 3007 excusi
1399 2963 1454 3007 et
1478 2968 1610 3009 mss.
1631 2952 1874 3021 Namque
1900 2953 2065 3007 editio

474 3041 635 3095 Opera
662 3024 810 3080 Badii
832 3024 1053 3079 Ascensi
1081 3038 1320 3090 excusa,
1351 3039 1476 3095 cum
1509 3025 1730 3078 Erasmo
1765 3026 1891 3095 qui“
1911 3039 2064 3078 eam-

474 3093 598 3152 dem
629 3097 924 3151 editionem
947 3097 1291 3165 recognovit,
1342 3094 1421 3149 sic
1449 3096 1758 3164 auspicatur
1786 3093 1800 3150 Ξ
1851 3093 2066 3149 Gressus

2183 1909 2306 1947 cum
2331 1893 2385 1946 in
2411 1893 2723 1962 Regnorum
2753 1893 2903 1950 libris
2925 1895 3110 1950 decem
3138 1905 3194 1950 ct
3225 1907 3432 1966 septem
3463 1897 3775 1966 deprehen-

2180 1984 2395 2039 dantur.
2425 1984 2533 2039 Sed
2564 1985 2616 2039 in
2660 1986 2761 2040 hoc
2791 2001 2896 2040 non
2919 1985 3184 2042 mendacii
3207 1996 3300 2042 aut
3324 1987 3664 2060 negligentiae
3690 1990 3782 2046 vi-

2181 2077 2314 2130 tium
2339 2083 2440 2130 est.
2474 2075 2609 2131 Tres
2635 2079 2778 2132 enim
2807 2077 2890 2150 (g)
2921 2079 3127 2134 ratione
3156 2079 3446 2150 prazteritte
3466 2090 3611 2136 sunt.
3637 2081 3778 2140 Nam

2179 2166 2336 2223 Joras
2355 2169 2541 2237 genuit
2565 2167 2859 2224 choziam
2882 2211 2897 2234 ,
2926 2169 3193 2227 chozias
3222 2187 3352 2228 vero
3381 2159 3565 2243 genuit
3588 2173 3774 2244 Joam,

2179 2259 2309 2317 Joas
2328 2261 2522 2317 deinde
2545 2263 2839 2328 Amasiam,
2857 2262 3104 2320 Amasias
3121 2275 3299 2321 autem
3321 2265 3502 2323 Oziam
3523 2267 3612 2340 (ιγ
3637 2268 3776 2343 Reg.

2179 2371 2271 2411 vni
2293 2398 2308 2424 ,
2335 2354 2450 2428 25).
2481 2355 2547 2411 Et
2569 2355 2622 2410 in
2654 2355 2910 2413 Matthzeo
2937 2357 3096 2413 Joras
3118 2358 3301 2414 Oziam
3328 2360 3583 2430 genuisse
3636 2362 3780 2418 scri-

2175 2448 2340 2517 bitur,
2366 2464 2490 2504 cum
2519 2460 2744 2519 quartus
2767 2450 2836 2505 ab
2860 2464 2926 2505 eo
2953 2451 3044 2505 sit.
3075 2449 3188 2504 Hoc
3212 2452 3284 2504 ita
3315 2452 3553 2524 (supple,
3572 2452 3776 2508 factum

2177 2544 2305 2612 est),
2334 2543 2456 2613 quia
2486 2558 2550 2598 ex
2572 2543 2761 2613 gentili
2794 2542 2992 2600 femina
3037 2545 3196 2602 Joras
3226 2545 3519 2602 choziam
3544 2547 3735 2619 genuit
3756 2589 3772 2615 ,

2177 2633 2257 2706 (It)
2285 2650 2351 2690 ex
2373 2633 2559 2691 Achab
2586 2634 2795 2692 scilicet
2819 2635 2982 2691 domo
3008 2654 3021 2690 :
3049 2637 3361 2708 dictumque
3381 2649 3497 2693 erat
3521 2653 3616 2708 per
3638 2653 3776 2707 pro-

2178 2725 2428 2795 phetam,
2461 2741 2570 2782 non
2601 2727 2704 2783 nisi
2733 2736 2925 2798 quarta
2941 2730 3294 2799 generatione
3321 2729 3374 2784 in
3402 2729 3599 2786 throno
3619 2731 3776 2803 regni

2166 2882 2298 2955 folio
2336 2882 2708 2951 excidissent,
2758 2884 3007 2954 adeoque
3051 2885 3214 2955 hujus
3255 2888 3638 2944 commentarii
3666 2889 3774 2945 ini~

2169 2952 2302 3009 tium
2332 2955 2696 3029 claudicaret,
2728 2971 2757 3010 a
2785 2952 3050 3029 pluribus,
3082 2952 3179 3029 pro
3227 2973 3328 3014 suo
3355 2967 3516 3029 captu
3544 2961 3781 3017 desuda-

2168 3032 2282 3102 tum
2307 3025 2398 3092 sit,
2419 3035 2476 3081 ut
2495 3027 2728 3102 demptis
2747 3036 2840 3102 aut
2862 3025 3092 3097 adjectis
3109 3028 3314 3100 aliquot
3339 3025 3521 3086 verbis
3541 3032 3696 3102 plena
3717 3041 3779 3089 et

2171 3097 2376 3167 integra
2409 3097 2680 3152 sententia
2702 3097 3011 3154 haberetur.

474 3183 623 3251 quem
654 3165 932 3219 Matthwus
953 3177 1003 3251 et
1018 3165 1184 3219 Lucas
1220 3168 1271 3218 in
1313 3167 1492 3251 ordine
1535 3168 1688 3238 regia:
1722 3166 2068 3251 successionis
2095 3189 2141 3250 ρ
2176 3239 2189 3251 ο
2247 3165 2323 3242 (ti)
2357 3168 2531 3232 Editi,
2567 3179 2806 3251 aterque,
2829 3185 2904 3251 _ne
2933 3185 3039 3224 uno
3067 3170 3284 3251 quidem
3308 3171 3638 3251 suffragante
3653 3190 3774 3251 _t_ns.

477 3238 942 3308 ediderantzquem
969 3237 1090 3288 dum
1116 3246 1327 3308 uterque
1355 3236 1664 3308 dinumerat,
1690 3245 1734 3290 et
1756 3238 2068 3308 agnitionem

477 3309 531 3362 in
563 3307 783 3361 Domino
810 3308 1074 3378 utriusque
1091 3306 1249 3359 tribus
1281 3317 1489 3378 uterque
1533 3306 1820 3378 signiﬁcat,
1880 3317 1928 3360 et
1961 3324 2072 3361 rec-

478 3388 545 3451 ta?
566 3378 902 3451 generationis
944 3377 1164 3451 gradum
1179 3377 1335 3451 ponit
1363 3391 1382 3430 :
1407 3378 1528 3446 quia
1575 3377 1927 3443 sacerdotalis,
1957 3389 2064 3451 etc.

481 3446 695 3520 Lipsius
723 3446 1152 3520 antemdnomine
1179 3448 1437 3520 Martinus
1457 3488 1473 3514 ,
1506 3462 1570 3502 ac
1613 3458 1732 3520 post
1753 3464 1874 3502 eum
1904 3448 2068 3503 editio

478 3516 834 3583 Pa'risieiisis,
889 3517 1129 3592 Gressum
1151 3535 1297 3590 quem
1321 3516 1598 3592 Matthazus
1620 3519 1674 3572 in
1692 3521 1875 3592 ordine
1914 3521 2071 3592 regite

476 3592 840 3650 successionis.
891 3605 1007 3644 eum
1055 3589 1225 3644 Lucas
1274 3606 1365 3659 per
1413 3589 1780 3645 sacerdotalem
1839 3589 2070 3645 ordinem

474 3663 750 3716 ediderat:
777 3661 1108 3733 quemdam,
1152 3671 1447 3733 eteaetera
1495 3671 1551 3714 ut
1593 3660 1733 3728 apud
1781 3661 1915 3715 Bad.
1967 3662 2068 3717 nisi

477 3733 620 3802 quod
651 3731 977 3804 agnationem
994 3746 1128 3804 mox
1157 3731 1426 3804 habeant,
1451 3747 1549 3800 pro
1577 3733 1909 3804 agnitionem.
1933 3733 2068 3788 Tres

478 3799 610 3855 vero
639 3799 773 3855 m'ss.
801 3813 926 3869 puta
954 3840 969 3863 ,
992 3799 1372 3864 Michaelinus,
1401 3799 1714 3856 mbnasuerii
1745 3803 1905 3856 Silvas
1953 3818 2066 3857 ma-

476 3872 614 3943 joris
637 3912 653 3936 ,
688 3881 743 3943 et
770 3871 1103 3943 Beccensis,
1145 3870 1389 3943 Gressunt
1417 3887 1568 3940 quem
1597 3871 1874 3927 Matthazus
1901 3875 1956 3927 in
1980 3891 2066 3928 or-

479 3941 600 3996 dine
620 3941 777 4012 regite
795 3942 1134 3996 successionis
1156 3941 1415 4007 ediderat,
1446 3944 1767 4012 prosequitur
1792 3954 1838 3998 et
1858 3944 2027 4000 Lucas
2047 3989 2060 4008 .

476 4029 626 4083 quem
655 4012 807 4080 dum,
847 4023 1040 4068 caetera
1101 4028 1225 4068 cum
1281 4012 1411 4067 Bad.
1467 4017 1907 4078 consentientes,
1962 4017 2064 4072 nisi

475 4084 617 4167 quod
649 4092 845 4167 postea.
867 4084 1182 4167 subjiciunt,
1218 4093 1446 4138 recteque
1469 4087 1813 4167 generationis
1857 4088 2063 4167 gradus

474 4151 711 4225 ponitur._
734 4151 914 4225 codex
944 4154 1162 4222 majoris
1190 4151 1501 4209 monasterii
1531 4155 1733 4211 Turon.
1767 4172 1830 4212 ac
1857 4151 2060 4212 Vindo-

475 4223 742 4299 Cinensis,
774 4223 988 4299 Gressus
1016 4242 1161 4295 quem
1178 4225 1457 4299 Matthaeus
1481 4228 1534 4299 in
1564 4227 1743 4295 ordine
1770 4229 1926 4298 regite
1944 4245 2062 4283 sur-

476 4296 718 4368 cessionis
739 4295 995 4368 ediderat,
1022 4311 1172 4368 quem
1195 4298 1340 4363 dum,
1371 4295 1591 4368 etc..A'nt
1619 4300 1669 4352 in
1693 4295 2062 4368 superioribus

472 4379 605 4420 mss.
643 4365 966 4431 Vaticanus,
1023 4364 1237 4420 Gressus
1285 4384 1432 4437 quem
1464 4364 1843 4424 Matthwus—in
1883 4372 2062 4426 ordine

470 4437 629 4511 regite
649 4438 1014 4511 successionis,
1065 4446 1112 4492 et
1147 4454 1297 4506 quem
1338 4436 1534 4511 Lucas
1557 4457 1647 4511 per
1693 4442 2059 4511 sacerdotalem

472 4509 704 4560 ordinem
729 4508 1056 4568 dinumerat.
1114 4516 1320 4578 uterque
1375 4508 1688 4578 agnitionem
1733 4517 1785 4565 in
1838 4510 2058 4567 Domino

472 4578 742 4650 utriusque,
761 4578 921 4632 tribus
942 4567 1359 4650 sigitificat,'etc.
1389 4567 1483 4634 liis
1515 4581 1767 4635 omnibus
1823 4584 2061 4650 prmtnli-

470 4662 593 4702 mus
623 4649 909 4704 lectionem
935 4690 952 4714 ,
974 4649 1133 4718 quam
1163 4649 1417 4706 omnibus
1445 4654 1685 4706 numeris
1707 4649 2064 4710 suis'absolu-

471 4726 579 4793 tam
604 4719 822 4793 exhibet
850 4720 1220 4793 lectionarinm
1248 4720 1615 4793 Germanense
1640 4738 1741 4777 ms.
1764 4739 1794 4777 a
1822 4739 1923 4793 qua
1955 4741 2060 4781 non

471 4789 698 4844 dissidet
719 4807 863 4863 unus
888 4789 1066 4863 codex
1095 4789 1438 4847 Colbertinus
1458 4834 1474 4859 ,
1524 4794 1624 4847 nisi
1677 4794 1819 4862 quod
1841 4789 1854 4793 ⁷
1874 4795 2059 4863 initio,

468 4862 853 4944 pro-gradum.z
885 4859 1080 4917 habent
1104 4877 1332 4944 gressum
1353 4905 1368 4927 ,
1393 4872 1448 4918 et
1467 4859 1775 4944 αθηὶιὶιζηξηι
1819 4881 1932 4944 ΡΝ).
1967 4859 2057 4944 ι’ᾳέ

469 4933 778 5005 gnationem.
813 4933 1152 5005 Quamquam
1182 4933 1406 4988 multum
1432 4933 1898 5005 propendebainus
1922 4937 1971 4991 in
2001 4939 2054 4994 id

469 5001 614 5070 quod
651 5017 779 5070 pra:
824 5018 885 5058 se
937 5003 1115 5058 ferunt
1165 5019 1298 5058 mss.
1322 5007 1380 5058 S.
1413 5001 1556 5059 Petri
1587 5003 1972 5070 Carnutensis,
2001 5019 2057 5065 et

468 5069 606 5123 alter
634 5069 872 5127 Colbert.
897 5075 940 5128 si
964 5077 1047 5128 vel
1076 5089 1263 5130 vocem
1292 5074 1494 5130 addere
1523 5075 1764 5132 licuisset
1815 5095 1828 5129 :
1879 5069 2052 5135 Genus

466 5140 903 5228 quodghfatth‘azus
931 5154 979 5198 et
1010 5143 1248 5228 .Luca's‘in
1277 5147 1462 5226 ordine
1480 5147 1633 5228 regiae
1670 5147 1788 5228 fbic
1837 5148 2052 5228 videtur

466 5211 692 5278 deesse,
731 5223 796 5285 et
846 5215 1199 5285 sacerdotalis)
1243 5211 1577 5271 successionis
1620 5211 1878 5285 ediderat,
1929 5220 2051 5275 dum

466 5291 677 5358 uterque
703 5283 992 5358 dinumerat
1016 5327 1031 5350 ,
1053 5298 1101 5340 et
1121 5283 1433 5358 agnitionem
1463 5292 1515 5341 in
1536 5287 1763 5343 Domino
1788 5283 2052 5358 utriusque

463 5353 638 5431 tribus
698 5355 986 5431 significat,
1035 5353 1173 5410 recte
1207 5360 1545 5427 generationis
1591 5361 1780 5431 gradus
1821 5353 2047 5431 ponitur.

459 5419 594 5478 Cum
623 5419 940 5506 lectionario
971 5419 1151 5510 autem
1175 5419 1524 5510 cognationem
1545 5472 1560 5495 ,
1591 5419 1689 5510 ’ἵει
1737 5419 1859 5510 cum
1925 5433 2047 5488 Par.

459 5496 784 5566 agnationem
805 5537 820 5561 ,
847 5496 1108 5550 vocabulo
1127 5496 1438 5569 agnitionem
1491 5500 1884 5568 praeferendum
1928 5518 2050 5560 esse

502 5575 612 5618 atat
641 5582 707 5621 ex
727 5581 848 5635 cap.
885 5569 982 5642 υ,
1019 5583 1074 5622 n.
1125 5574 1178 5621 ti.
1211 5569 1369 5642 _Satis
1399 5571 1678 5637 probabile
1706 5583 1790 5628 est
1819 5575 2046 5642 primam

507 5651 605 5714 :tnc
628 5646 830 5704 partem
874 5639 940 5693 ad
998 5637 1652 5714 prtimtniumApertinere,
1709 5637 1871 5714 atque
1927 5647 2050 5701 hinc

461 5713 640 5759 natam
665 5724 786 5763 esse
809 5720 1027 5783 tant_ani_
1043 5713 1183 5783 inter
1210 5709 1425 5765 codices
1454 5709 1845 5783 dissensionem
1868 5756 1882 5780 ,
1906 5717 2046 5783 quod

455 5785 580 5830 cum
613 5780 968 5844 praecedentia
995 5781 1208 5852 dilapso
1227 5795 1294 5839 ex
1313 5781 1620 5852 archctypis
1646 5780 2047 5858 exemplaribus

2175 3241 2229 3293 in
2258 3255 2487 3311 quorum
2527 3241 2798 3312 plerisque
2827 3241 3008 3311 legere
3063 3252 3146 3295 est
3195 3243 3446 3312 quisque;
3484 3241 3549 3298 in
3601 3245 3777 3301 tribus

2172 3310 2704 3386 autem,quibusque.
2755 3310 2914 3386 Tum:
2947 3310 3234 3386 cutn__Pat‘.
3283 3310 3353 3386 et,
3389 3330 3490 3368 ms.
3550 3313 3778 3386 Regina:

2172 3380 2506 3458 Succorum)
2539 3384 3044 3458 quenivocabimus
3076 3384 3239 3458 Rom.
3259 3385 3560 3441 retinemus
3608 3380 3779 3458 patri-

2173 3452 2284 3515 bus,
2304 3468 2436 3523 cum
2467 3452 2520 3506 in
2549 3451 2671 3506 aliis
2700 3452 2852 3509 libris
2879 3463 3059 3509 exstet
3085 3457 3337 3523 partibus.

2244 3521 2424 3595 (b)_lta
2452 3537 2583 3577 mss.
2634 3523 2780 3595 Etliti
2828 3540 2991 3591 vero,
3034 3521 3100 3580 sit
3145 3526 3521 3594 ostendendus,
3567 3529 3778 3586 omisso

2171 3593 2368 3648 deinde
2394 3595 2547 3664 quia,
2578 3594 2732 3664 cujus
2762 3597 2883 3652 loco
2914 3597 3290 3653 lectionarium
3312 3593 3572 3655 German.
3607 3600 3779 3657 habet

2206 3681 2347 3719 uare.
2536 3692 2541 3695 ί

2206 3682 2347 3719 uare.
2536 3692 2541 3695 ί

2169 3682 2208 3809 ti
2246 3737 2319 3804 (c)
2345 3735 2572 3809 Excnsi,
2606 3752 2708 3791 non
2740 3738 2930 3807 refert,
2959 3739 3354 3809 refragantibus
3381 3755 3513 3796 mss.
3546 3741 3684 3799 Tum
3710 3743 3773 3801 in

2169 3805 2596 3884 Carn_.__etrgolb.
2623 3808 2738 3877 quis
2763 3805 2866 3884 quo
2893 3805 3187 3884 inoriginis
3219 3813 3562 3884 nttmerano
3604 3830 3772 3884 spec-

2169 3829 2336 3861 νει-ιι.
2362 3829 2418 3861 et
2441 3829 2596 3863 υυιυ.
2623 3829 2738 3877 quts
2763 3829 2866 3877 quo
2893 3829 2950 3864 tn
2973 3829 3049 3864 οτι
3089 3829 3187 3865 tm:
3219 3829 3452 3867 numero.
3485 3829 3562 3868 ιο
3604 3830 3772 3884 spec-

2168 3885 2278 3931 tant
2311 3877 2396 3930 illa
2423 3879 2791 3949 Chrysostomi
2827 3881 3016 3936 bomil.
3046 3829 3084 3936 ἕ
3111 3883 3160 3936 in
3192 3883 3378 3938 Matth.
3404 3901 3417 3936 :
3446 3882 3568 3938 Non
3595 3887 3772 3943 solum

2167 3949 2231 4002 de
2255 3949 2520 4026 alia_tribu
2536 3991 2550 4012 ,
2577 3950 2669 4026 sed
2697 3967 2759 4026 ne
2781 3951 2845 4026 de
2865 3953 3065 4026 familia
3083 3955 3290 4026 quidem
3309 3954 3474 4008 altera
3522 3955 3602 4026 fas
3650 3969 3765 4012 erat

2167 4020 2409 4092 coniugia
2431 4021 2687 4092 capulari.
2715 4020 2802 4076 Ita
2823 4020 2961 4076 istud
2983 4066 2990 4079 .
3019 4020 3156 4091 quod
3177 4025 3368 4078 dicitur
3390 4041 3454 4079 ea:
3473 4020 3628 4080 domo
3650 4045 3772 4084 esse

2167 4100 2214 4144 et
2243 4089 2445 4164 familia
2475 4089 2674 4164 David.
2703 4094 2804 4145 sive
2838 4089 3040 4164 Virgini
3063 4096 3349 4161 copuletur.
3383 4099 3634 4152 constabit
3655 4101 3772 4154 dic-

2166 4170 2310 4242 tum;
2339 4161 2442 4216 sive
2469 4164 2571 4232 ipsi
2613 4162 2807 4234 Ioseph
2830 4161 3000 4234 potius
3027 4177 3250 4239 aptetur,
3281 4165 3415 4223 illud
3435 4169 3572 4223 idem
3599 4171 3772 4240 confi-

2163 4241 2313 4287 citur.

2168 4372 2178 4382 '
2237 4300 2327 4382 (ιι)⁸
2346 4303 2445 4358 Ms.
2467 4303 2627 4382 Rom.
2649 4305 2702 4359 in
2730 4307 2986 4379 prageniti
3006 4307 3506 4382 su_ccessione.Carn.
3527 4319 3584 4366 et
3605 4311 3764 4366 Colb.

2161 4375 2216 4447 in
2239 4375 2608 4447 primogenita,
2647 4386 2702 4430 et
2733 4375 2854 4431 moi
2897 4393 3016 4433 cum
3052 4379 3171 4433 Par.
3225 4383 3312 4446 qui
3361 4392 3475 4446 post
3501 4399 3556 4437 se
3604 4384 3716 4436 nati
3748 4401 3769 4438 :

2161 4444 2253 4500 ubi
2299 4444 2353 4498 in
2382 4444 2508 4518 ins.
2559 4446 2710 4518 Bec.,
2739 4449 2826 4516 qui
2850 4451 2995 4518 prius
3016 4452 3146 4505 nati.
3170 4444 3314 4506 Nihil
3339 4444 3714 4509 itnmutaveris
3752 4473 3770 4510 :

2163 4529 2284 4569 eum
2313 4517 2658 4595 primogeniti
2687 4517 2774 4572 hic
2803 4517 3164 4587 prmdicentur
3211 4522 3400 4580 haberi
3447 4534 3634 4595 patres
3670 4541 3773 4582 eo-

2086 4575 2138 4634 D
2165 4575 2399 4656 ruiniqui
2423 4575 2543 4656 post
2572 4603 2632 4643 se
2654 4575 2970 4646 nascuntur.

2241 4655 2314 4729 (ε)
2341 4655 2680 4728 Expunctum
2708 4660 2868 4736 estin
2900 4677 3014 4736 gms.
3045 4662 3173 4736 Bec.
3226 4665 3451 4720 verbum
3501 4667 3770 4736 diximus,

2165 4742 2272 4796 quo
2297 4745 2427 4785 sane
2453 4740 2720 4785 memorat
2745 4730 2980 4789 Hilarius
3006 4734 3151 4805 quod
3181 4737 3406 4807 prologo
3456 4730 3769 4808 proposue;

2165 4808 2266 4852 rat.
3117 4813 3119 4815 ’

2234 4870 2302 4941 (f)
2330 4870 2481 4942 Hunc
2496 4872 2672 4928 locum
2696 4889 2763 4930 ex
2785 4873 3041 4930 German.
3063 4875 3383 4932 lectionario
3406 4879 3769 4942 resarcimus.

2161 4939 2230 4994 At
2244 4939 2641 5020 ‘m_ss.nCarnnt.
2668 4957 2886 5020 eluungus
2898 4945 3053 5020 Colb.
3073 4946 3157 5020 hic
3172 4948 3417 5020 proxime
3438 4939 3764 5020 subjiciunt,

2160 5027 2276 5065 cum
2303 5012 2354 5065 in
2387 5013 2684 5094 Regnorum
2708 5016 2872 5094 libris.
2896 5018 3066 5094 Apud_
3080 5012 3236 5094 Bad.,
3263 5019 3355 5094 Et.
3384 5031 3438 5076 et
3459 5012 3609 5094 Lips.
3632 5012 3768 5094 post

2159 5097 2318 5162 usque
2362 5084 2431 5162 ad
2470 5084 2976 5162 transmigrationem
3026 5087 3344 5162 Babylonis,
3382 5084 3652 5162 sequitur;
3704 5095 3763 5149 in

2153 5153 2622 5232 quibusdamlibris
2651 5153 2822 5212 déccm
2842 5169 2888 5212 et
2919 5169 3108 5232 septem
3133 5153 3604 5232 deprehenduntur.
3635 5153 3763 5220 'His

2155 5225 2317 5304 etiam
2344 5225 2513 5296 magis
2543 5226 2834 5304 decurtata
2862 5240 2946 5304 est
2973 5225 3158 5304 "lectio
3198 5225 3420 5302 'septcm
3479 5249 3609 5289 mss.
3663 5237 3760 5304 qui

2195 5301 2280 5370 o_st
2302 5308 2618 5370 enumerata:
2647 5309 2798 5364 sunt,
2825 5301 3024 5356 habent
3044 5302 3356 5370 dumtaxat,
3382 5313 3432 5359 et
3457 5305 3511 5358 in
3540 5305 3660 5360 aliis
3682 5301 3756 5360 li-

2187 5365 2258 5443 ris
2279 5365 2746 5443 deprehenduntur.
2781 5370 2845 5424 In
2874 5372 2970 5425 hoc
2988 5389 3110 5443 ergo
3133 5389 3255 5440 non,
3280 5365 3387 5430 etc.

2230 5437 2304 5511 (9)
2333 5437 2386 5511 l_n
2407 5439 2678 5510 plerisque
2705 5456 2834 5496 mss.
2877 5437 3248 5511 genertitiones.

2233 5507 2310 5628 sit)
2337 5507 2419 5562 Ita
2440 5507 2670 5578 quatuor
2715 5507 2956 5568 melioris
2995 5525 3134 5569 not:u
3189 5531 3321 5570 mss.
3380 5515 3438 5570 In
3478 5517 3638 5583 aliis,
3690 5537 3759 5575 ea:

2252 5579 2332 5628 tab
2356 5579 2570 5628 scilicet-
2630 5581 2948 5628 Prmdixemt
2979 5602 3195 5628 smmum!
3235 5583 3480 5628 "nminat:
3508 5606 3597 5628 mw
3626 5607 3755 5628 ραι-η-

2157 5577 2332 5660 Achab
2356 5577 2570 5660 scilicet.
2625 5581 2948 5660 Praedixerat
2979 5602 3195 5660 namque
3220 5583 3480 5660 ‘Dominus
3508 5606 3597 5660 per
3624 5577 3755 5660 pro-

2155 5649 2379 5728 phetam.
2415 5656 2479 5705 At
2503 5651 2556 5706 in
2588 5654 2814 5728 vglgatis
2839 5696 2854 5716 ,
2873 5671 2938 5709 ea:
2965 5649 3136 5710 Achab
3157 5657 3379 5722 scilicet,
3402 5660 3490 5728 qui
3508 5649 3517 5658 ’
3536 5649 3756 5716 Iezabel

2156 5719 2583 5798 hubttit‘urorem.
2610 5719 2844 5793 Denique
2869 5742 2959 5798 per
2976 5719 3393 5798 praphetam.....
3414 5719 3526 5785 esse
3573 5747 3753 5786 sessu-

2156 5805 2270 5844 rum
2315 5792 2505 5848 dicitur
2559 5811 2578 5847 ι
2626 5792 2878 5866 perversa
2929 5792 3336 5870 interpolatoris
3384 5815 3569 5872 opera.
3622 5800 3747 5861 Non
