4172 6188
405 317 502 370 921

1367 317 1906 378 COMMENTARIUS
1944 320 2009 379 IN
2047 321 2482 380 MATTIIAEUM.
2526 324 2677 381 CAP.
2723 327 2762 381 1.

3593 330 3699 386 922

409 432 576 491 Israel
597 448 922 506 quemquam
947 435 1016 491 de
1040 435 1202 491 domo
1215 434 1844 493 Acbabessescssurum.
1866 437 2002 494 Pur-
2030 440 2083 503 Α
2107 412 2320 511 (Matth.
2347 456 2408 506 ιι,
2440 441 2509 496 15
2533 451 2580 495 et
2607 439 2723 511 20);
2753 449 2808 497 et
2828 455 3047 498 rursum
3074 441 3128 496 in
3155 440 3300 498 Luca
3333 441 3486 516 (Luc.
3515 443 3573 512 tt,
3605 445 3698 516 55,

403 535 528 598 gata
559 525 638 599 (a)
668 526 832 598 igitur
856 526 1044 583 Achab
1065 527 1267 583 familia
1291 528 1483 599 gentili
1507 570 1522 595 ,
1548 529 1828 600 tribusque
1851 544 1997 600 prce-

403 621 613 688 teritis,
636 620 747 692 jam
771 620 967 690 regalis
1016 622 1069 677 in
1121 631 1314 692 quarto
1360 624 1770 693 generationum
1807 638 1999 680 conse-

401 713 686 785 quentium
713 713 866 783 origo
894 724 1228 770 numeratur.
1251 713 1326 788 (b)
1360 715 1512 784 Quod
1543 731 1672 771 vero
1718 731 1887 787 usque
1928 717 1994 772 ad

406 805 630 860 Mariam
658 807 1039 876 generationes
1065 807 1468 876 quatuordecim
1499 822 1621 863 esse
1661 808 1993 877 scribuntur,

401 913 527 954 cum
558 899 614 953 in
645 913 874 953 numero
904 895 979 971 (c)
1012 899 1269 955 tredecim
1297 900 1672 969 reperiantur;
1707 901 1886 956 nullus
1907 915 1996 955 er-

397 1007 491 1047 ror
511 1006 633 1048 esse
661 993 860 1062 poterit
885 992 1185 1047 scientibus
1206 1006 1312 1047 non
1335 1007 1452 1047 eam
1471 991 1646 1047 solum
1671 1007 1791 1048 esse
1810 993 1994 1048 Domi-

399 1099 471 1139 no
497 1091 684 1139 nostro
709 1083 837 1139 Jesu
862 1080 1083 1138 Christo
1113 1084 1376 1155 originem
1395 1124 1410 1150 ,
1439 1099 1558 1153 quae
1600 1084 1766 1154 coepit
1789 1098 1854 1138 ex
1881 1083 1993 1138 Ma-

395 1177 502 1245 ria;
553 1177 647 1234 sed
681 1178 733 1232 in
765 1180 1143 1248 procreatione
1191 1177 1271 1251 (ιι)
1328 1191 1638 1248 corporea,
1691 1178 1989 1234 nativitatis

393 1279 612 1324 aeternae
641 1269 1056 1340 signiﬁcantiam
1079 1270 1486 1339 comprehendi.

467 1363 525 1417 ὅ.
545 1361 612 1415 In
634 1377 717 1417 eos
731 1362 818 1430 qui
843 1361 1091 1429 nolunt)!
1099 1363 1264 1416 ariam
1286 1363 1533 1435 virginem
1554 1361 1988 1432 permansisse.—

389 1453 775 1510 Generationis
803 1464 982 1509 autem
1024 1453 1099 1528 (e)
1131 1455 1268 1509 ratio
1296 1455 1526 1527 simplex
1559 1465 1663 1512 est.
1694 1455 1826 1510 Nam
1857 1471 1986 1511 con-

389 1556 605 1616 ceptum
637 1562 706 1602 ex
731 1547 934 1617 Spiritu
963 1556 1173 1614 sancto,
1197 1557 1379 1603 natum
1414 1563 1480 1602 ex
1520 1548 1686 1604 Maria
1738 1549 1978 1621 virgine,

385 1641 628 1696 omnium
655 1655 793 1712 opus
811 1641 1194 1713 prophetarum
1223 1648 1325 1697 est.
1359 1639 1468 1697 Sed
1493 1641 1671 1712 plures
1689 1638 1758 1714 (ί)
1801 1642 1983 1696 irreli-

383 1729 520 1801 giosi
544 1773 558 1796 ,
582 1740 636 1787 et
663 1748 692 1786 a
715 1733 943 1803 spiritali
967 1732 1214 1789 doctrina
1253 1734 1420 1806 671
1465 1732 1756 1788 admodum
1783 1733 1977 1802 alieni,

2090 537 2248 606 juxta
2268 535 2448 606 grtec.)
2473 552 2486 589 ε
2509 535 2574 590 Et
2597 546 2702 590 erat
2725 533 2920 609 Joseplt
2941 547 2988 592 et
3009 547 3170 592 ntaler
3187 541 3318 610 ejus.
3338 538 3402 593 Et
3422 540 3700 609 quotiens-

2099 643 2329 698 cumque
2354 628 2423 683 de
2441 638 2668 699 utroque
2694 629 2752 683 lit
2802 644 3016 695 sermo,
3070 639 3241 685 mater
3267 631 3443 700 potius
3469 629 3694 700 Christi,

2097 718 2220 789 quia
2250 720 2300 774 id
2332 730 2476 786 erat;
2511 735 2617 774 non
2649 736 2782 776 uxor
2809 721 3009 790 Joseph
3035 731 3118 777 est
3169 732 3474 791 nuncupata
3496 766 3512 791 ,
3565 724 3689 793 quia

2097 825 2204 864 non
2237 817 2371 865 erat.
2403 810 2507 866 Sed
2542 812 2656 866 haec
2680 826 2892 881 quoque
2940 813 3008 868 ab
3053 815 3242 883 angelo
3294 815 3432 868 ratio
3473 823 3685 871 servata

2095 909 2179 956 est
2207 918 2220 954 :
2252 910 2309 955 ut
2329 916 2451 956 cum
2479 901 2861 972 desponSatam
2890 918 3012 958 cum
3059 903 3205 973 justo
3257 903 3454 974 Joseph
3478 904 3687 975 signiti-

2093 993 2251 1049 cabat
2273 1035 2287 1059 ,
2316 995 2600 1065 conjugem
2633 1006 2989 1065 nuncuparet.
3024 996 3158 1051 Nam
3191 997 3260 1051 ita
3291 997 3366 1051 ait
3419 1015 3432 1051 :
3491 998 3689 1070 Joseplt

2093 1086 2169 1156 ﬁli
2219 1086 2418 1153 David,
2498 1088 2606 1141 noli
2654 1089 2828 1142 timere
2872 1090 3104 1160 accipere
3155 1088 3380 1143 Mariam
3416 1095 3687 1164 conjugent

2093 1188 2256 1231 tuam.
2288 1179 2428 1250 Ergo
2451 1189 2502 1234 et
2526 1179 2771 1251 conjugis
2827 1198 3020 1236 nomen
3068 1197 3267 1252 sponsa
3319 1184 3591 1254 suscepit,
3633 1195 3688 1241 et

2092 1279 2214 1340 post
2235 1281 2446 1341 partum
2468 1273 2519 1326 in
2548 1273 2829 1343 conjugem
2858 1275 3132 1345 recognita
3168 1274 3246 1346 (lt)
3298 1283 3504 1331 tantum
3551 1277 3681 1333 Jesu

2089 1370 2265 1416 mater
2315 1362 2660 1418 ostenditur:
2692 1375 2750 1418 ut
2779 1365 3234 1434 quemadmodum
3277 1367 3425 1436 justo
3472 1367 3674 1438 Joseph

2087 1453 2438 1524 deputaretur
2461 1454 2702 1524 ejusdem
2729 1455 2908 1510 Maria:
2938 1457 2989 1511 itt
3021 1457 3326 1528 virginitate
3347 1459 3680 1530 conjugium,

2087 1547 2162 1602 ita
2191 1549 2513 1606 venerabilis
2534 1551 2650 1620 ejus
2671 1550 3048 1607 ostenderetur
3075 1552 3128 1606 in
3153 1551 3280 1607 Jesu
3309 1562 3480 1610 matre
3509 1553 3676 1626 virgi-

2085 1641 2245 1698 nitas.

2157 1737 2211 1790 Δ.
2234 1735 2467 1806 Josepho
2493 1753 2556 1791 ea:
2583 1737 2753 1807 priore
2773 1738 3016 1809 conjugio
3047 1737 3164 1806 ﬁlii.
3206 1767 3279 1778 —
3320 1737 3522 1794 Verum
3578 1739 3678 1795 ho-

381 1824 724 1881 occasionem
748 1840 814 1881 ex
853 1840 920 1881 eo
946 1836 1212 1898 occupant
1237 1828 1466 1898 turpiter
1485 1827 1554 1882 de
1576 1827 1736 1882 Maria
1753 1828 1978 1898 opinan-
2010 1827 2054 1887 B
2084 1828 2276 1883 mines'
2342 1829 2649 1897 pravissimi
2693 1828 2816 1884 hinc
2862 1838 3193 1899 praesumunt
3241 1831 3516 1900 Opinioois
3562 1846 3676 1887 sua:

383 1916 472 1984 di,
505 1918 652 1989 quod
701 1919 901 1974 dictum
933 1919 1034 1986 sit,
1067 1919 1380 1991 Priusquam
1408 1923 1747 1987 convenirent,
1771 1922 1978 1977 inventa

382 2021 454 2066 est
474 2013 527 2066 in
549 2021 694 2067 utero
724 2013 911 2068 habens
936 2012 1152 2085 (Matth.
1175 2030 1214 2079 ι,
1240 2015 1330 2085 18)
1354 2025 1443 2071 :et
1467 2015 1620 2080 illud,
1653 2015 1780 2070 Noli
1803 2018 1979 2071 timere

382 2105 616 2176 accipere
640 2105 863 2160 Mariam
886 2108 1155 2178 coniugem
1183 2117 1326 2162 tuam
1361 2108 1523 2179 (Ibid.
1554 2108 1649 2181 20)
1675 2125 1690 2165 :
1718 2117 1770 2164 et
1815 2108 1972 2175 illud,

385 2197 508 2253 Non
536 2201 772 2271 cognovit
796 2217 910 2255 eam
933 2201 1098 2255 donec
1127 2203 1321 2274 peperit
1348 2201 1510 2274 (Ibid.
1541 2201 1636 2274 25)
1663 2220 1678 2268 ;
1735 2219 1841 2258 tton
1889 2218 1976 2258 re-

378 2290 668 2347 cordantes
696 2293 1077 2362 desponsatam
1110 2292 1297 2362 fuisse,
1332 2303 1386 2349 et
1409 2294 1610 2351 dictum
1641 2295 1745 2351 hoc
1770 2295 1972 2366 Joseph

379 2381 581 2438 volenti
601 2397 718 2438 eam
741 2383 1008 2454 abjicere;
1041 2386 1162 2456 quia
1191 2385 1371 2456 justus
1396 2385 1512 2456 ipse
1537 2388 1704 2442 nollet
1753 2388 1803 2442 in
1853 2402 1972 2443 eam

383 2473 502 2543 lege
527 2473 770 2529 decerni.
801 2474 965 2545 Igitur
990 2491 1057 2530 ne
1102 2491 1204 2546 qua
1228 2476 1297 2533 de
1324 2485 1474 2547 partu
1505 2477 1625 2547 ejus
1655 2477 1976 2548 ambiguitas

379 2569 672 2634 existeret,
695 2569 810 2639 ipse
831 2570 1076 2640 concepti
1101 2586 1167 2626 ex
1192 2571 1394 2642 Spiritu
1421 2581 1609 2627 sancto
1636 2571 1839 2629 Christi
1861 2582 1974 2628 tes-

381 2665 449 2724 tis
475 2665 770 2720 assumitur
802 2683 817 2720 :
847 2664 1044 2720 dehinc
1065 2666 1188 2736 quia
1216 2668 1543 2737 desponsata
1569 2676 1713 2723 esset
1741 2709 1756 2736 ,
1813 2668 1892 2741 (g)
1920 2669 1974 2724 in

378 2757 662 2827 conjugem
690 2755 969 2827 recipitur.
998 2757 1352 2826 Cognoscitur
1378 2759 1565 2830 itaque
1586 2768 1712 2831 post
1754 2769 1968 2830 partum

376 2846 431 2902 id
459 2858 573 2914 est,
600 2849 799 2903 transit
824 2849 875 2903 in
903 2851 1149 2920 conjugis
1178 2865 1396 2906 nomen.
1426 2849 1784 2922 Cognoscitur
1799 2853 1971 2919 enim,

375 2953 485 2994 non
513 2939 864 2995 admiscetur.
919 2940 1159 3012 Denique
1203 2957 1324 2997 cum
1373 2938 1605 2998 transire
1649 2943 1847 3015 Joscph
1902 2946 1970 3002 ad

390 3030 682 3104 IEgyptum
711 3032 1054 3096 admonetur,
1085 3033 1155 3088 ita
1184 3033 1382 3090 dicitur
1415 3053 1426 3087 :
1458 3036 1644 3105 Accipe
1668 3053 1880 3106 puerum
1922 3046 1970 3092 et

375 3136 587 3180 matrem
617 3129 755 3193 eius;
779 3134 854 3193 et,
907 3125 1176 3184 Revertere
1201 3142 1318 3184 cum
1345 3143 1504 3198 puero
1548 3137 1595 3182 et
1651 3139 1814 3184 matre
1858 3133 1970 3204 ejus

2081 1921 2494 1986 auctoritatem,
2520 1920 2660 1991 quod
2694 1920 2874 1990 plures
2898 1921 3179 1975 Dominum
3213 1930 3454 1976 nostrum
3483 1921 3679 1978 fratres

2083 2011 2336 2068 habuisse
2363 2014 2432 2068 sit
2463 2012 2738 2068 traditum.
2768 2015 2868 2080 Qui
2898 2015 2967 2068 sit
2999 2013 3179 2069 Maria:
3205 2013 3299 2069 lilii
3331 2015 3596 2082 fuissent,
3622 2025 3677 2072 et

2081 2121 2187 2161 non
2219 2107 2396 2175 potius
2424 2106 2622 2177 Joscph
2654 2107 2715 2178 (i)
2739 2099 2832 2162 ex
2876 2108 3058 2177 priore
3103 2109 3357 2178 conjugio
3383 2110 3674 2178 (suscepti;

2080 2213 2371 2269 numquam
2424 2198 2479 2254 in
2535 2209 2780 2269 tempore
2839 2200 3105 2269 passionis
3179 2200 3370 2255 Joanni
3422 2202 3672 2270 apostolo

2080 2292 2398 2363 transcripta
2427 2302 2570 2346 esset
2599 2293 2653 2347 in
2703 2301 2960 2359 matrem,
3011 2293 3238 2349 Domino
3279 2294 3344 2348 ad
3388 2303 3675 2366 utrumque

2074 2382 2287 2438 dicente
2317 2400 2336 2442 ξ
2370 2382 2583 2451 Mulier,
2605 2401 2719 2440 ecce
2735 2385 2875 2456 ﬁlius
2898 2385 3210 2456 tuus(.loan.
3244 2385 3446 2450 six.26
3469 2396 3517 2442 et
3539 2386 3669 2459 27);

2074 2484 2128 2531 et
2143 2475 2337 2532 Joanni
2359 2477 2552 2549 :672
2570 2477 2702 2531 Ecce
2718 2488 2880 2531 mater
2903 2489 3018 2533 tuas
3034 2479 3132 2533 nisi
3159 2478 3300 2549 quod
3322 2479 3390 2534 ad
3413 2479 3673 2537 desolata:

2077 2568 2366 2636 solatium,
2443 2569 2760 2625 charitatem
2823 2569 2915 2624 lilii
2967 2569 3034 2641 (j)
3087 2571 3138 2624 in
3186 2570 3454 2642 discipulo
3503 2572 3670 2629 relin-

2077 2659 2294 2731 qttebat.

2145 2756 2199 2811 5.
2243 2755 2522 2828 Magorum
2551 2757 2677 2826 fides
2707 2765 2752 2810 et
2777 2773 2988 2811 munera
3013 2757 3136 2828 quid
3165 2757 3672 2816 indicent—Stella!

2072 2859 2255 2904 autem
2301 2857 2454 2904 ortus
2500 2849 2727 2917 primum
2780 2865 2809 2902 a
2855 2849 3021 2919 Magis
3065 2850 3414 2918 intellectus,
3468 2851 3673 2908 indicat

2076 2963 2202 3003 mox
2225 2957 2414 3018 gentes
2437 2949 2490 3002 in
2513 2946 2786 3003 Christum
2817 2948 3148 3013 credituras,
3183 2957 3235 3003 et
3267 2929 3511 3003 homines
3541 2962 3669 3018 pro-

2074 3039 2326 3095 fessionis
2351 3039 2507 3110 longe
2527 3055 2559 3092 a
2578 3040 2802 3094 scientia
2831 3040 3024 3094 divina:
3050 3039 3373 3110 cognitionis
3409 3039 3486 3111 (k)
3511 3055 3669 3095 aver-

2075 3147 2168 3197 sae,
2192 3131 2370 3187 lumen
2397 3132 2538 3202 quod
2561 3133 2743 3188 statim
2765 3133 2818 3188 in
2840 3141 2958 3188 ortu
2978 3135 3094 3204 ejus
3112 3133 3318 3189 exstitit
3337 3135 3670 3205 cognituros.

371 3265 753 3341 enimgentilis
777 3265 988 3341 lemina:
1033 3268 1248 3341 nomine
1270 3267 1485 3322 Iezabel
1516 3268 1964 3341 hicsignilicatur,
1997 3269 2042 3332 C
2075 3269 2194 3324 Vel.
2271 3270 2475 3340 Virgin.
2530 3285 2680 3324 num.
2741 3271 2796 3330 6.
2823 3270 3082 3327 adversus
3113 3287 3302 3328 eorum
3355 3272 3670 3341 magistrum

371 3336 468 3409 sed
499 3333 606 3390 ﬁlia
639 3337 1001 3408 Acbabquam
1047 3338 1205 3393 Joras
1247 3354 1471 3392 uxorem
1523 3333 1708 3400 duxit',
1751 3357 1816 3395 cx
1860 3333 1963 3409 qua

375 3406 1408 3481 thoziam_genuit.Re5picitillilarius
1437 3408 1567 3481 illud
1594 3409 1661 3467 IV
1689 3411 1821 3481 Reg.
1843 3406 1961 3476 vtn,

372 3478 462 3544 18,
504 3489 557 3534 et
597 3478 640 3534 II
670 3479 844 3533 Paral.
876 3495 992 3542 xxi,
1025 3483 1078 3542 6,
1115 3480 1202 3534 tibi
1243 3494 1364 3534 cum
1410 3480 1608 3535 dicitur
1655 3478 1837 3537 Jorain
1891 3483 1967 3539 l'e-

370 3549 512 3604 cisse
537 3551 737 3604 malum
764 3551 816 3604 in
844 3560 1136 3620 conspectu
1171 3551 1294 3613 Dei,
1330 3551 1576 3607 redditur
1620 3554 1789 3618 ratio,
1826 3554 1966 3610 Filia

370 3621 511 3695 enim?
527 3621 701 3674 Achab
721 3631 838 3695 erat
854 3638 983 3675 uxor
1009 3626 1138 3695 ejus.
1168 3621 1612 3695 PropltetiaElia:
1657 3625 1966 3680 enuntiatur

369 3690 438 3746 IlI
483 3691 612 3763 Ilcg.
645 3709 754 3764 xxi,
778 3693 875 3755 21,
921 3690 1376 3764 conlirmaturque
1401 3693 1465 3747 Ν
1492 3692 1622 3762 Reg.
1649 3710 1700 3747 ις
1727 3737 1740 3757 ,
1772 3696 1825 3757 8.
1857 3711 1962 3751 non

373 3763 866 3818 tantum-adversus
894 3774 1126 3834 quatuor
1152 3763 1568 3834 generationes,
1617 3764 1714 3819 sed
1762 3766 1958 3820 adver-

371 3848 464 3888 sus
489 3842 654 3889 totam
686 3833 1123 3890 domum’Achab
1157 3852 1168 3887 :
1201 3835 1344 3905 quod
1375 3833 1704 3903 completum
1757 3851 1965 3892 memo-

369 3905 603 3976 ratuer
632 3907 761 3976 Heg.
796 3922 850 3972 ιι,
874 3905 965 3962 50.

442 3975 522 4049 (a)
549 3977 601 4030 In
623 3975 826 4046 aliquot
855 3993 985 4050 mss.
1019 3985 1074 4050 et
1094 3975 1346 4047 vulgatis,
1398 3987 1618 4050 purgata
1671 3978 1827 4050 igitur
1853 3979 1966 4034 labe

370 4048 586 4120 punitio?
613 4051 816 4119 gentilis
878 4067 898 4120 :7
930 4048 1093 4120 lectio
1138 4056 1364 4120 eatenus
1394 4048 1514 4104 non'
1546 4049 1868 4115 spernenda.
1896 4052 1966 4106 Αι

369 4118 624 4188 perverse
644 4121 866 4189 omnino
887 4119 940 4173 in
968 4118 1100 4172 solis
1127 4119 1358 4188 vulgatis
1384 4121 1670 4189 subjicitur
1699 4137 1712 4171 :
1757 4120 1964 4189 tribus_:

369 4183 486 4259 qua:
514 4191 782 4262 praeteritis
797 4187 913 4262 jam
937 4191 1147 4255 regulis.
1176 4183 1318 4249 Tum
1340 4183 1500 4249 Βαάλ
1518 4192 1624 4262 Er.
1655 4199 1709 4246 et
1731 4190 1879 4259 Lips.
1910 4183 1963 4246 in

404 4261 588 4315 natuor
599 4261 980 4332 generationum
991 4261 1407 4332 consequentium
1429 4261 1610 4317 ordine
1631 4271 1950 4317 numeratur.

404 4277 588 4315 uatuor
599 4277 980 4332 generationum
991 4277 1407 4328 consequentium
1429 4277 1610 4317 orante
1631 4277 1950 4317 numeratur.

365 4277 478 4458 (II‘Iro
507 4333 560 4386 in
588 4342 792 4402 quarto,
822 4332 1038 4402 quidam
1080 4346 1210 4387 mss.
1244 4331 1444 4387 habent
1494 4335 1549 4387 in
1593 4342 1777 4404 quarta
1801 4375 1815 4400 ,
1853 4351 1961 4390 non

366 4417 396 4456 a
428 4420 478 4457 to
511 4419 694 4457 sensu.

366 4417 478 4457 3110
511 4419 694 4457 8811911.

440 4473 516 4548 (b)
545 4473 690 4548 Edit_i
715 4483 797 4548 ,et
826 4489 1005 4545 usque,
1023 4488 1123 4544 pro
1142 4474 1280 4545 quod
1295 4490 1413 4529 vero
1440 4491 1599 4545 usque
1629 4491 1648 4529 :
1668 4474 1964 4531 emendau-

366 4545 457 4600 tur
479 4561 541 4599 ex
566 4545 807 4612 scriptis.

437 4615 514 4688 (c)
545 4616 686 4671 Editi
707 4659 722 4683 ,
752 4617 1011 4688 decem_et
1045 4625 1245 4688 septem
1273 4617 1596 4688 reperiantur
1643 4633 1657 4670 :
1716 4615 1854 4688 falso
1907 4629 1963 4673 et

364 4687 737 4743 obnitentibus
765 4701 894 4741 mss.
918 4685 1204 4741 Tredecim
1261 4685 1467 4742 tantum
1512 4687 1893 4754 generationes
1929 4705 1958 4744 a

364 4757 635 4830 Jechonia
658 4759 724 4813 ad
749 4756 948 4826 Ioseph
985 4758 1263 4830 intercipi,
1301 4774 1402 4830 una
1431 4775 1552 4813 cum
1613 4758 1818 4812 Hilario
1865 4761 1962 4814 ob-

365 4828 1034 4902 servantChrysost0tnus
1055 4829 1240 4902 homil.
1275 4844 1312 4892 ι,
1339 4829 1702 4902 Hieronymus
1734 4839 1789 4883 et
1827 4845 1962 4902 auc-

366 4899 945 4956 torhomili-c'Hilario
971 4899 1289 4969 adscriptas,
1334 4915 1492 4969 quam
1541 4901 1596 4955 in
1647 4900 1958 4971 Appendice

364 4971 586 5025 forsitan
615 4972 880 5026 dabimtts.

437 5042 520 5113 (tl)
545 5042 636 5098 Sic
663 5043 905 5112 plerique
926 5058 1059 5099 mss.
1089 5042 1157 5096 At
1177 5040 1331 5106 editi,
1365 5056 1625 5112 corporea:
1672 5042 1956 5099 nativitatis

362 5125 605 5186 meritam
631 5115 1051 5186 signiﬁcantium.

438 5185 510 5256 (e)
540 5185 595 5240 In
628 5183 882 5240 German.
913 5185 1258 5256 lectionario,
1291 5183 1547 5256 ratio‘uon
1575 5183 1818 5252 simplex.
1848 5185 1956 5241 Ge-

362 5252 662 5312 neratiouis
689 5257 827 5311 ratio
855 5257 1081 5327 simplex
1111 5255 1224 5327 Ahic
1266 5252 1545 5320 asseritur,
1589 5257 1713 5325 quia
1742 5270 1806 5310 ex
1847 5272 1954 5311 una

363 5327 588 5391 Virgine
609 5373 622 5394 ,
655 5344 759 5381 non
791 5343 854 5382 es
884 5324 998 5382 viro
1025 5337 1079 5382 et
1101 5324 1318 5380 femina.

434 5398 502 5469 (ft
527 5399 756 5453 Eosdem
774 5398 984 5469 videtur
995 5408 1210 5453 notasse
1227 5395 1557 5465 Epiphanius
1577 5398 1706 5449 liter.
1723 5411 1950 5469 Lxxvut,

366 5487 420 5525 η.
445 5467 506 5528 “7.
543 5469 631 5523 ubi
659 5470 734 5523 ait
770 5487 782 5522 :
816 5467 967 5523 Certo
991 5487 1054 5524 ea:
1072 5477 1279 5522 auctore
1303 5468 1550 5535 cognovi,
1582 5468 1851 5520 nonnullos
1898 5469 1954 5522 id

364 5541 429 5595 de
454 5540 544 5593 illa
571 5542 832 5612 amt-mare
849 5557 1002 5595 ausos
1030 5557 1167 5601 esse,
1197 5549 1466 5612 postquam
1511 5537 1948 5612 S_q_lv_atoremApe-

359 5612 526 5678 perit,
557 5607 673 5665 cum
701 5613 807 5664 viro
832 5607 1243 5665 consuetudinem
1265 5609 1522 5663 habuisse.
1540 5607 1650 5661 Nisi
1677 5608 1813 5662 forte
1836 5607 1952 5664 ltzec

363 5680 653 5752 Epiphanii
683 5683 748 5734 ad
777 5682 1074 5736 llelvidiutn
1107 5691 1199 5734 attt
1226 5681 1567 5752 Jovinianum
1599 5679 1953 5752 Hilario‘pos.

365 5749 597 5822 let-iores
621 5752 906 5808 referenda
937 5753 1062 5822 sint.
1096 5753 1164 5806 At
1191 5753 1361 5822 potuit
1407 5751 1637 5820 Hilarius
1661 5811 1665 5817 η
1690 5749 1949 5822 Hebiotiis

361 5814 658 5898 discipulos
723 5814 1013 5898 rCSpiccrc'.
1082 5814 1257 5897 Cct'te
1307 5814 1670 5880 Tertulliauus
1731 5814 1824 5880 lib;
1877 5821 1945 5880 de

1985 4655 2040 4715 D

2073 3342 2266 3415 asserit
2298 3341 2480 3396 Maria:
2503 3341 2899 3415 virginitatem,
2934 3360 3085 3412 quam
3109 3345 3280 3410 utique
3301 3386 3316 3408 ,
3341 3344 3515 3415 inquit
3537 3386 3551 3410 ,
3569 3345 3674 3398 vir-

2069 3413 2241 3485 ginem
2265 3423 2460 3485 constat
2470 3413 2650 3485 luisse
2663 3456 2688 3485 ε
2712 3414 2827 3467 licet
2848 3412 3044 3468 Hebion
3072 3416 3302 3468 resistat.

2148 3482 2226 3556 (g)
2258 3484 2416 3549 Bad.,
2468 3482 2562 3537 Er.
2590 3494 2638 3537 et
2671 3483 2817 3550 Lips.
2843 3499 2963 3538 cum
2998 3484 3240 3556 pluribus
3267 3498 3398 3538 mss.
3442 3486 3495 3537 in
3548 3502 3669 3538 con-

2075 3554 2197 3625 juge
2221 3556 2302 3608 vel
2328 3556 2380 3625 in
2411 3555 3023 3625 coniugemreciperetur
3047 3571 3063 3607 :
3092 3554 3254 3608 lectio
3279 3570 3380 3606 nou
3407 3569 3668 3625 spernen-

2070 3622 2534 3689 dalﬂeprehendit
2561 3623 2620 3676 1ο
2647 3622 2882 3695 Hilarius
2901 3641 3001 3676 non
3031 3627 3358 3676 recordantes
3387 3624 3667 3695 desponsa-

2070 3703 2173 3748 tam
2198 3696 2393 3766 fuisse:
2433 3703 2544 3766 tum
2572 3693 2838 3766 duplicem
2863 3695 3079 3761 subjirit
3109 3695 3373 3766 rationem
3425 3693 3522 3748 cur
3575 3695 3668 3750 Jo-

2068 3763 2206 3832 seplt
2223 3765 2429 3820 dictum
2458 3764 2529 3819 sit
2554 3783 2566 3817 :
2602 3763 2729 3819 Noli
2761 3767 2940 3820 timere
2959 3767 3191 3837 accipere
3213 3765 3438 3819 Mariam
3485 3767 3668 3836 conju-

2067 3837 2455 3906 gem.scilicet
2479 3847 2531 3890 et
2557 3845 2612 3891 ut
2646 3837 2797 3891 testis
2845 3847 2991 3892 esset
3034 3838 3277 3906 concepti
3337 3852 3401 3891 ex
3460 3837 3662 3904 Spiritu

2069 3905 2256 3961 sancto
2276 3905 2476 3962 Chriin
2503 3949 2516 3973 ,
2545 3917 2597 3962 et
2628 3915 2688 3962 ut
2716 3907 2908 3973 Maria,
2965 3924 3083 3976 qua:
3135 3905 3398 3962 hactenus
3455 3918 3661 3963 tantum

2068 3977 2394 4046 desponsata
2425 3988 2577 4042 erat,
2605 3979 2860 4046 deinceps
2884 3979 3044 4033 etiam
3076 3980 3127 4031 in
3153 3979 3435 4047 conjugcm
3460 3979 3667 4048 recipe-

2070 4057 2238 4103 retur.
2262 4049 2379 4104 Non
2409 4059 2692 4105 servantur
2711 4050 2926 4118 quidem
2975 4049 3059 4102 hic
3087 4050 3448 4111 grammaticae
3475 4050 3620 4119 leges
3647 4067 3660 4102 :

2069 4122 2162 4174 sed
2184 4136 2276 4175 eas
2305 4121 2358 4175 in
2381 4119 2741 4191 sequentibus
2766 4135 2831 4174 ne
2854 4119 3013 4173 nimis
3045 4120 3360 4188 scrupulose
3387 4119 3658 4191 exegeris.

2070 4191 2358 4246 Brevitatis
2410 4190 2553 4244 enim
2605 4190 2783 4244 studio
2859 4206 3234 4259 s:t~penumcro
3301 4190 3659 4259 negliguntur.

2142 4261 2220 4334 (It)
2249 4262 2373 4315 Mss.
2400 4262 2561 4316 Carn.
2589 4270 2643 4315 et
2664 4259 2818 4334 Co‘lh.
2853 4271 3047 4315 tantum
3076 4272 3129 4315 ut
3151 4260 3278 4317 Jesu
3314 4271 3473 4315 mater
3495 4271 3662 4316 osten-

2067 4331 2272 4386 deretur
2296 4349 2314 4386 :
2340 4347 2445 4386 non
2475 4344 2598 4387 sunt
2626 4331 2898 4386 audiendi.

2138 4402 2201 4476 (i)
2223 4403 2278 4458 Itt
2306 4403 2562 4476 German.
2589 4404 2771 4458 lectio.
2799 4420 2862 4458 ex
2881 4404 3051 4476 priore
3081 4406 3314 4475 conjuge.
3361 4401 3559 4476 Joseplt
3590 4418 3654 4456 ex

2068 4472 2247 4540 priore
2296 4474 2547 4544 conjugio
2597 4476 2731 4528 lilios
2776 4489 2838 4529 ac
2881 4472 3020 4528 tilias
3051 4472 3373 4544 procreasse
3419 4472 3656 4527 tradunt.

2071 4543 2426 4613 Epiphanius,
2460 4543 2841 4608 haenuxvtn,
2915 4561 2970 4600 η.
3024 4543 3078 4606 7⁷,
3132 4543 3556 4612 Theophilactus
3604 4544 3656 4598 in

2070 4614 2590 4686 Mattlt.xm,aliique
2611 4632 2745 4685 quos
2767 4617 3026 4686 Origenes
3053 4616 3104 4668 in
3128 4614 3393 4686 Matth.ex
3420 4613 3660 4686 editione

2069 4686 2266 4752 lluetii,
2297 4705 2348 4755 p.
2375 4685 2521 4752 ‘22.”),
2568 4689 2820 4742 observat
2863 4687 2928 4740 atl
2979 4687 3028 4739 id
3084 4685 3344 4739 adductos
3379 4685 3654 4740 traditione

2066 4756 2336 4825 Evangelii
2358 4759 2492 4824 quod
2522 4758 2804 4812 secundum
2837 4757 3047 4811 Petrum
3074 4757 3388 4817 inscribitur,
3432 4756 3510 4808 vel
3538 4756 3654 4810 libri

2063 4825 2266 4884 Jacobi.
2303 4829 2533 4898 Hisipse
2560 4829 2824 4895 adjicitse
2848 4829 3042 4880 rationi
3095 4839 3515 4898 consentaneum
3558 4827 3658 4880 du-

2062 4913 2188 4954 cere
2209 4941 2223 4962 ,
2247 4897 2509 4955 castitatis
2531 4901 2764 4953 virorum
2786 4899 3036 4965 primitias
3086 4899 3240 4967 fuisse
3265 4897 3443 4950 Jesunt
3464 4939 3478 4961 ,
3541 4915 3656 4952 mu-

2062 4970 2243 5024 lierum
2271 4980 2443 5024 autem
2473 4969 2716 5024 Mariam.
2758 4969 2954 5024 Contra
3013 4969 3340 5038 Hieronymo
3394 4967 3658 5025 adversus

2060 5040 2357 5096 Helvidium
2388 5043 2544 5110 longe
2570 5041 2737 5110 magis
2759 5051 3178 5095 consentaneum
3205 5039 3435 5100 videtur.
3496 5041 3652 5094 etiant

2057 5112 2224 5183 ipsum
2251 5111 2444 5182 Joseplt
2470 5113 2713 5184 virginem
2734 5110 2911 5182 fuisse,
2942 5121 2994 5163 ut
3020 5126 3085 5164 ea:
3112 5110 3350 5181 virginali
3403 5113 3648 5183 conjugio

2059 5185 2201 5252 virgo
2227 5185 2365 5252 [ilius
2389 5193 2701 5238 nasceretur.

2128 5203 2136 5210 '
2173 5203 2201 5237 0
2227 5203 2365 5252 [mus
2389 5203 2701 5238 ηαεεετευιι·.

2128 5203 2198 5325 ὅ)
2241 5255 2366 5310 Sola
2393 5255 2577 5308 editio.
2613 5255 2730 5307 Par.
2765 5251 3042 5323 discipulo,
3074 5252 3287 5307 sinein.
3325 5251 3528 5325 Eodem
3558 5251 3652 5305 ad-

2057 5319 2243 5378 Versus
2286 5325 2530 5379 eamdem
2576 5325 2822 5376 lueresim
2869 5319 3188 5389 argumento
3230 5331 3449 5377 utuntur
3473 5319 3647 5391 Chry-

2057 5403 2327 5449 sostomtts
2345 5395 2652 5457 homil.v,in
2678 5393 2887 5457 Matth.;
2909 5394 3259 5463 Epiphanius,
3281 5396 3646 5463 metuunt,

2058 5466 2173 5534 n.9z
2203 5466 2540 5527 Ambrosius,
2571 5464 2663 5518 lib.
2696 5480 2753 5525 tt.
2785 5466 2834 5517 in
2860 5461 3023 5530 ωας
3043 5483 3097 5518 ιι.
3121 5465 3190 5530 4;
3221 5477 3540 5534 quamquam
3565 5461 3650 5534 hic

2055 5533 2254 5603 Joseph
2291 5536 2554 5604 passionis
2587 5545 2826 5606 tempore
2853 5536 3202 5606 superstitem
3232 5530 3434 5604 ponens
3456 5548 3522 5587 eo
3552 5530 3650 5585 ali-

2059 5615 2141 5662 ter
2171 5617 2368 5661 utatur.

2127 5678 2202 5749 (lt)
2245 5677 2525 5734 Beccensis
2571 5677 2762 5745 codex,
2816 5695 3014 5734 aversos
3044 5695 3062 5732 :
3093 5676 3232 5746 quod
3275 5672 3649 5749 etiatn__habet

2053 5746 2214 5804 MiCh.
2239 5749 2513 5804 asecunda
2547 5765 2730 5803 manu.
2757 5750 2978 5815 ltectius
3007 5749 3117 5812 alii,
3148 5761 3355 5809 averste,
3387 5746 3506 5800 scil.
3531 5760 3652 5815 pro-

2054 5816 2310 5890 fessionis.
2342 5821 2453 5878 Non
2477 5821 2702 5879 obscure
2732 5813 2890 5877 tradit
2919 5818 3150 5875 Hilarius
3171 5813 3539 5890 Μοεοςμιιιοιῐ
3559 5836 3607 5874 ιι·
