4172 6188
486 275 593 332 935

486 481 594 538 tius
616 483 694 556 (α)
721 483 990 554 qualitatis
1039 484 1306 554 expressit
1331 505 1345 541 a
1370 484 1424 540 in
1449 499 1582 542 auro
1607 501 1811 558 regem,
1843 488 1896 543 in
1923 487 2078 544 thure

485 573 677 638 Deum,
708 572 760 628 in
788 573 1008 646 myrrha
1036 573 1309 632 hominem
1335 578 1664 634 conmendo.
1688 581 1866 649 Atque
1893 580 1962 638 ita
1987 595 2081 650 prr

483 670 883 722 venerationem
912 684 1122 734 eorum,
1149 671 1477 726 sacramenti
1499 671 1676 728 omnis
1703 684 1785 728 est
1825 687 2082 732 consum-

486 767 629 813 mata
655 760 889 829 cognitio
919 777 932 814 :
962 760 1014 816 iu
1044 761 1262 815 homine
1301 765 1511 827 mortis,
1563 763 1617 818 in
1653 763 1764 818 Deo
1800 777 2078 822 resurreco

483 851 668 918 tionis,
703 853 757 906 in
785 867 906 923 rege
930 853 1138 922 judicii.
1173 853 1324 922 Quod
1351 869 1478 910 vero
1499 864 1748 925 repetere
1769 856 1889 924 iter,
1921 867 2084 926 atque

483 945 549 1000 ad
586 944 849 1001 llerodem
883 948 934 1004 in
963 946 1202 1002 Judaeum
1234 947 1410 1006 redire
1461 949 1815 1018 prohibentur
1865 951 2079 1020 (Matth.

488 1054 545 1102 ιι,
583 1039 652 1094 12
685 1050 741 1110 ):
773 1040 910 1095 nihil
953 1057 983 1098 a
1013 1041 1198 1100 Judaea
1247 1052 1433 1111 petere
1482 1043 1721 1098 scientiae
1762 1045 2086 1114 agnitionis-

488 1147 593 1202 que
626 1134 1018 1201 permittimur,
1083 1134 1177 1190 sed
1226 1134 1280 1190 in
1325 1135 1543 1192 Christo
1586 1136 1815 1192 salutem
1868 1152 2085 1194 omnem

487 1236 543 1282 et
571 1243 722 1298 spem
755 1229 1029 1296 locantes,
1079 1229 1438 1287 admonemur
1470 1232 1664 1302 prioris
1717 1234 1840 1288 vitae
1894 1234 2087 1291 itinere

489 1321 780 1376 abstinere.

559 1410 612 1465 6.
658 1412 794 1480 Quid
820 1418 944 1486 fuga
973 1413 1163 1470 Christi
1179 1417 1232 1472 in
1254 1413 1563 1488 {Egi/ptum.
1600 1417 1920 1487 lnuocentes,
1943 1436 2086 1475 mar.

486 1513 641 1574 tyres.
672 1535 742 1546 —
771 1506 1004 1563 Parante
1043 1519 1224 1564 autem
1266 1510 1476 1566 llerode
1507 1512 1582 1583 (ὁ)
1619 1514 1827 1582 parvuli
1870 1529 2082 1583 necem,

488 1595 685 1667 Joseplt
717 1615 810 1668 per
835 1600 1098 1670 Angelum
1149 1610 1421 1668 mouetur,
1451 1613 1509 1659 ut
1539 1620 1661 1659 cum
1712 1605 1763 1660 in
1796 1606 2088 1679 .tEgyptum

492 1689 785 1746 transferat
832 1692 995 1765 (Ibid.
1033 1694 1139 1766 l5)
1171 1713 1183 1748 ε
1211 1694 1502 1768 Ᾱὲεγριιιιιι
1549 1697 1710 1754 idolis
1759 1701 2004 1770 plenam,
2035 1711 2090 1757 et

1682 282 1928 340 SANCTI
1973 282 2230 342 lllLARll
2263 285 2575 344 EPlSCOPl

489 391 734 462 Denique
792 390 994 448 oblatio
1030 405 1314 465 munerum
1367 392 1777 463 intelligentiam
1813 397 1865 452 in
1901 409 1970 453 eo
2003 403 2082 452 to—
2107 400 2158 460 Α

3678 295 3784 350 ωι

2713 400 2876 474 ειη
2913 399 3143 460 CAPUT
3184 405 3246 460 ιι.

2184 541 2262 598 De
2309 541 2438 598 Jesu
2483 560 2712 619 regresso
2769 561 2833 599 ea:
2886 543 3158 618 {Egi/pta,
3216 555 3264 602 et
3314 549 3378 602 de
3420 549 3789 618 praedicatione
3845 549 3848 552 ’

2256 636 2476 692 Joannis
2530 649 2577 694 et
2622 637 2872 709 baptismo
2914 640 3077 708 ipsius
3107 683 3122 707 ,
3177 650 3222 695 et
3257 639 3319 695 de
3367 641 3587 697 Domino
3616 642 3787 716 bapti-

2257 739 2392 786 zato.

2264 865 2314 919 l.
2354 865 2551 934 Ioseph
2571 866 2922 935 apostolorum
2949 874 3116 937 typus.
3149 895 3224 910 —-
3245 865 3374 922 Post
3397 883 3538 938 quin,
3575 876 3791 927 mortuo

2191 956 2423 1024 llerode,
2451 957 2650 1027 Joseph
2677 974 2771 1028 per
2792 958 3056 1028 Angelunt
3081 968 3350 1020 monetur.
3380 971 3438 1014 ut
3463 960 3514 1014 in
3539 959 3784 1016 ledaeam

2190 1065 2312 1106 cum
2344 1065 2511 1122 puero
2541 1061 2595 1106 et
2637 1061 2807 1106 matre
2852 1053 3020 1121 ipsius
3059 1051 3244 1108 redeat
3286 1051 3504 1124 (Matth.
3551 1069 3612 1118 ιι,
3669 1053 3786 1122 ‘20).

2193 1144 2262 1199 Et
2293 1154 2570 1200 revertens
2590 1159 2713 1200 cum
2743 1144 3066 1200 Archelaum
3102 1145 3330 1200 Herodis
3361 1144 3532 1202 filium
3560 1160 3792 1216 regnare

2193 1238 2451 1304 audisset,
2488 1240 2660 1292 timuit
2692 1253 2758 1294 eo
2787 1238 2972 1294 venire
2998 1237 3162 1306 (Ibid.
3193 1240 3258 1296 Ἡ
3297 1240 3316 1309 )
3347 1255 3362 1298 :
3402 1249 3457 1294 et
3500 1255 3594 1308 per
3631 1255 3791 1309 attge-

2196 1332 2304 1386 lum
2336 1339 2605 1398 mouetur,
2632 1340 2690 1386 ut
2716 1333 2764 1385 in
2794 1332 3072 1386 Galilaeam
3106 1340 3367 1397 transeat,
3392 1342 3448 1386 et
3473 1334 3524 1386 iu
3554 1333 3791 1398 regionis

2195 1423 2315 1494 ejus
2341 1424 2559 1480 civitate
2586 1423 2850 1479 Nazarer
2881 1424 3168 1481 inhabitet.
3202 1426 3418 1481 Reverti
3444 1441 3574 1496 ergo
3593 1428 3659 1482 ad
3700 1427 3797 1482 Ju-

2196 1516 2366 1571 daeum
2413 1527 2662 1572 mouetur
2691 1534 2704 1571 :
2737 1527 2790 1571 et
2835 1533 3083 1573 reversus
3112 1518 3285 1573 timet.
3315 1520 3382 1573 Et
3421 1535 3632 1574 rursum
3675 1521 3796 1577 visu

2197 1608 2520 1674 admonitus,
2554 1608 2784 1664 transire
2833 1609 2900 1664 ad
2946 1610 3220 1680 regionem
3270 1612 3509 1680 gentium
3545 1611 3790 1681 iubetur.

2199 1699 2305 1757 Sed
2333 1710 2423 1755 aut
2450 1702 2638 1756 timere
2677 1717 2799 1758 eum
2823 1703 2912 1772 qui
2939 1702 3244 1759 admonitus
3273 1703 3342 1757 sit
3380 1719 3485 1758 non
3523 1707 3790 1774 oportuit.

489 1787 834 1856 omnigenum
884 1787 1046 1843 demn
1099 1799 1340 1844 monstra
1392 1802 1759 1847 venerantem.
1819 1795 1938 1849 lam
1967 1805 2090 1866 post
2118 1796 2165 1856 Β
2192 1801 2281 1845 aut
2311 1806 2408 1862 per
2427 1792 2676 1862 angelum
2706 1792 2906 1848 deferri
2933 1793 3230 1848 admonitio
3254 1810 3380 1849 niox
3409 1796 3662 1854 mutanda
3685 1813 3796 1855 non

488 1877 799 1934 Iudaeorum
830 1880 1260 1948 insectationem,
1294 1894 1348 1939 et
1375 1884 1426 1938 in
1451 1887 1842 1957 exstinguendo
1866 1903 1934 1944 eo
1966 1906 2091 1959 pro.

494 1971 633 2027 fatue
662 1972 834 2041 plebis
855 1988 1158 2040 assensum,
1184 1973 1433 2031 Christus
1455 1977 1518 2031 ad
1545 1986 1734 2048 gentes
1761 1981 2091 2038 inauissimis

494 2065 842 2134 religionibus
887 2066 1101 2122 deditas
1145 2071 1457 2124 transitzet
1509 2069 1582 2142 (c)
1630 2071 1870 2128 Iudaeam
1921 2073 2090 2130 relin-

493 2157 958 2228 quens,ignoranti
986 2173 1110 2216 eum
1133 2161 1332 2216 sieculo
1362 2162 1621 2218 colendus
1641 2163 1889 2231 infertur,
1925 2166 2083 2222 Beth-

493 2247 692 2314 lehem,
724 2249 774 2304 id
797 2261 898 2315 est,
921 2250 1126 2318 ludaea,
1150 2265 1443 2325 martyrum
1460 2258 1719 2326 sanguine
1735 2256 2090 2315 redundante.

497 2341 723 2397 llerodis
750 2358 879 2398 vero
920 2342 1070 2400 furor
1104 2354 1160 2400 et
1199 2346 1480 2402 infantium
1532 2347 1855 2417 interfectio,
1909 2351 2094 2421 pepuli

494 2435 704 2492 Judaici
751 2438 803 2491 in
848 2435 1188 2494 Christianos
1231 2441 1503 2496 servientis
1549 2451 1636 2496 est
1662 2442 1832 2498 forma
1862 2462 1876 2498 :
1906 2445 2094 2500 existi-

498 2529 693 2583 mantis
735 2543 794 2583 se
833 2529 1111 2586 beatorum
1155 2531 1444 2604 Martyrum
1489 2534 1636 2589 caede
1684 2549 1843 2604 posse
1883 2535 1936 2591 in
1978 2552 2094 2592 om-

499 2619 644 2673 nium
693 2619 799 2676 ﬁde
850 2631 913 2682 et,
961 2622 1294 2693 professione
1365 2624 1564 2681 Christi
1631 2641 1827 2684 nomen
1884 2629 2092 2688 exstin—

492 2726 678 2782 guere.

573 2813 626 2867 7.
649 2812 880 2868 Ecclesia
900 2815 1035 2870 dolet
1054 2813 1356 2871 Iudaeorum
1378 2817 1733 2888 perditionem.
1762 2846 1833 2860 --
1854 2818 1958 2875 Sed
1973 2820 2094 2891 glo-

501 2903 678 2959 riosus
707 2920 801 2974 per
830 2909 1145 2976 pmpbetam
1171 2910 1284 2963 neci
1315 2923 1501 2965 eorum
1532 2909 1705 2966 honor
1732 2910 1992 2977 redditur,
2015 2911 2096 2966 di-

503 3007 741 3064 centem,
785 2995 896 3053 Vos:
923 3000 976 3053 in
1008 3000 1175 3056 Ruina
1214 3001 1389 3055 audita
1418 3010 1512 3067 est,
1543 3002 1776 3072 ploratus
1797 3013 1844 3058 et
1870 3004 2096 3060 ululatus

502 3088 718 3154 multus,
767 3089 962 3146 Rachel
981 3094 1190 3164 plorans
1211 3095 1348 3165 ﬁlios
1377 3112 1494 3150 suos
1517 3113 1536 3150 :
1559 3107 1607 3150 et
1630 3097 1794 3151 uoluit
1814 3099 2094 3164 consolari,

2194 1881 2399 1936 debuit.
2432 1881 2630 1938 Verum
2663 1883 2836 1952 typica
2863 1884 3000 1940 ratio
3029 1893 3238 1939 servata
3267 1895 3372 1942 est.
3413 1885 3612 1956 loseph
3639 1889 3787 1946 enim

2194 1974 2562 2042 apostolorum
2594 1974 2754 2030 habet
2785 1976 3043 2045 speciem,
3073 1975 3268 2046 quibus
3296 1977 3540 2034 Christus
3563 1981 3800 2036 circum-

2196 2063 2452 2122 ferendus
2492 2075 2577 2126 est
2610 2067 2869 2123 creditus.
2899 2067 2966 2123 lli
2998 2075 3275 2139 tamquam
3311 2069 3522 2126 llerode
3557 2082 3797 2139 mortuo,

2197 2159 2250 2214 id
2279 2170 2381 2223 est,
2418 2161 2617 2230 pepulo
2640 2160 2757 2231 ejus
2782 2161 2834 2216 in
2859 2162 3108 2231 passione
3133 2163 3346 2220 Domini
3368 2164 3669 2232 deperdito,
3699 2165 3800 2224 Ju-

2197 2251 2328 2307 daeis
2361 2252 2652 2322 praedicare
2679 2264 2804 2308 sunt
2826 2253 2996 2322 jussi;
3029 2253 3178 2308 missi
3204 2256 3348 2312 enim
3383 2266 3541 2311 erant
3568 2257 3636 2312 ad
3659 2274 3796 2315 oves

2199 2346 2434 2417 perditas
2459 2346 2651 2402 domus
2679 2345 2840 2402 Israel
2869 2366 2880 2401 :
2905 2346 3002 2402 sed
3029 2360 3281 2404 manente
3331 2349 3686 2406 haereditariui
3719 2352 3803 2408 in-

2199 2440 2478 2496 ﬁdelitatis
2505 2440 2782 2496 dominatu
2834 2449 3082 2496 metuunt
3111 2448 3166 2496 et
3202 2441 3481 2496 recedunt.
3519 2442 3798 2520 Admoniti

2201 2549 2296 2603 per
2325 2533 2518 2599 visunt,
2552 2534 2721 2588 sancti
2746 2533 2951 2588 scilicet
2974 2533 3204 2603 Spiritus
3233 2535 3432 2588 denum
3458 2535 3508 2589 in
3535 2535 3792 2605 gentibus

2199 2625 2650 2693 contemplantes,
2701 2624 2768 2680 ad
2815 2640 2910 2681 eas
2958 2623 3291 2682 transferunt
3335 2624 3644 2692 Christum,
3699 2627 3800 2684 lu-

2199 2717 2330 2772 daeie
2357 2715 2604 2783 missum,
2637 2717 2731 2772 sed
2773 2716 2940 2772 vitam
2971 2727 3026 2773 et
3061 2716 3291 2774 salutem
3319 2717 3562 2788 gentium
3592 2735 3804 2780 nuncu-

2201 2818 2406 2879 patum.

2271 2902 2326 2957 2.
2367 2901 2587 2958 Joannis
2626 2903 2770 2956 locus
2790 2944 2805 2969 ,
2835 2903 3154 2973 praedicatio,
3189 2905 3417 2970 vestitus,
3442 2906 3605 2960 cibus.
3635 2936 3705 2947 -—
3735 2906 3803 2964 In

2201 2994 2382 3049 diebus
2408 2994 2512 3049 illis
2533 2996 2666 3050 venit
2690 2993 2917 3052 Joannes
2959 2997 3246 3067 pra'dicaus
3278 2999 3332 3052 in
3357 2998 3557 3054 deserto
3575 2998 3802 3068 ludere,

2202 3089 2398 3154 dicens,
2433 3087 2796 3144 Pwnitentiam
2837 3089 3007 3159 agite;
3056 3091 3488 3162 appmpinquavit
3539 3094 3670 3146 enini
3719 3110 3806 3148 re-

501 3181 623 3249 quia
647 3197 746 3234 non
765 3193 882 3236 sunt
905 3182 1122 3255 (Jerem.
1155 3202 1304 3252 XXXI,
1342 3189 1492 3245 l5:et
1513 3188 2093 3260 Matth.tt,lS).Rachel

2201 3200 2356 3256 gnum
2389 3184 2649 3247 caelorum,
2689 3191 2792 3237 etc.
2822 3182 3036 3253 (Matth.
3070 3199 3148 3249 ιιι,
3194 3182 3269 3255 l).
3306 3185 3360 3238 lu
3386 3184 3592 3239 Joanne
3625 3187 3800 3254 locu=,

505 3269 675 3326 Jacoh
705 3287 839 3327 uxor
883 3271 982 3330 fuit
1025 3275 1116 3331 diu
1143 3276 1370 3342 sterilis;
1404 3278 1497 3333 sed
1525 3280 1728 3335 nullum
1759 3296 1826 3338 ex
1852 3281 1933 3340 his
1964 3300 2100 3353 quos

501 3364 686 3432 genuit
713 3366 913 3422 amisit.
952 3366 1147 3423 Verum
1180 3368 1294 3423 haec
1324 3371 1374 3423 iu
1403 3368 1597 3426 Genesi
1629 3371 1886 3428 Ecclesiae
1915 3383 2098 3444 typum

505 3457 759 3525 praetulit.
791 3457 906 3511 Non
956 3459 1118 3529 igitur
1160 3461 1301 3515 illius
1335 3476 1432 3515 vox
1485 3472 1536 3516 et
1568 3463 1828 3530 'ploratus
1859 3466 2096 3532 auditur,

503 3563 623 3618 quae
654 3549 855 3604 nullum
887 3548 1076 3606 habuit
1102 3555 1420 3608 allllSSlll‘lllll
1451 3553 1684 3612 lllloruin
1709 3553 1974 3625 dolorem,
2005 3559 2100 3620 sed

503 3639 664 3710 hujus
686 3640 944 3698 Ecclesiae
972 3643 1062 3699 diu
1090 3645 1310 3709 sterilis,
1347 3662 1486 3701 mntc
1524 3664 1654 3702 vero
1683 3647 1944 3706 fecundae.
1983 3651 2097 3708 llu-

496 3733 587 3800 jus
617 3733 858 3802 ploratus
882 3751 947 3790 ex
981 3737 1122 3804 liliis,
1157 3753 1261 3792 non
1294 3738 1495 3794 idcirco
1526 3741 1646 3812 quia
1668 3752 1977 3814 peremptos
2001 3745 2098 3801 do-

503 3822 667 3888 lebat,
699 3823 945 3893 auditur;
979 3827 1072 3882 sed
1112 3829 1234 3899 quia
1280 3830 1346 3885 ab
1393 3829 1476 3886 his
1509 3833 1932 3906 perimebantur,
1961 3851 2097 3908 quos

505 3915 734 3984 primum
775 3918 988 3988 genitos
1037 3920 1174 3975 filios
1234 3921 1469 3978 retinere
1518 3924 1795 3981 voluisset.
1851 3925 2098 4000 Denique

501 4009 770 4064 consolari
810 4027 868 4066 se
907 4011 1080 4068 uoluit
1106 4028 1226 4084 quae
1261 4014 1499 4071 dolebat.
1529 4017 1611 4088 (ά)
1637 4017 1752 4072 Νοιι
1797 4020 1940 4075 enim
1988 4037 2095 4077 non

501 4110 655 4156 erant
680 4103 736 4170 ii,
769 4104 857 4174 qui
889 4107 1086 4160 mortui
1126 4108 1474 4177 putabantur;
1510 4110 1562 4164 iu
1599 4111 1917 4166 aeternititis
1948 4111 2094 4170 enim

502 4195 798 4264 profectum
844 4212 940 4268 per
972 4201 1214 4271 martyrii
1261 4201 1492 4272 gloriam
1535 4199 1916 4258 efferebantur.
1950 4204 2095 4259 Con-

501 4289 892 4360 solatioqautem
925 4294 1001 4346 rei
1025 4293 1236 4349 amissae
1264 4304 1379 4350 erat
1403 4297 1729 4366 praestanda,
1764 4312 1868 4353 non
1899 4307 2090 4354 auctae.

2209 3275 2540 3346 praedicatio.
2570 3275 2811 3339 vestitus,
2841 3275 2992 3330 cibus
3012 3283 3096 3330 est
3115 3275 3449 3331 contuendus
3476 3291 3487 3329 :
3516 3288 3678 3348 atque
3706 3279 3804 3346 ita,

2211 3378 2266 3422 ut
2290 3366 2694 3422 meminerimus
2714 3378 2985 3437 gestorum
3012 3369 3291 3423 veritatem
3322 3385 3426 3423 non
3451 3369 3653 3426 ideirco
3677 3387 3808 3426 cor-

2210 3459 2404 3528 rumpi,
2443 3457 2512 3530 (e)
2542 3460 2586 3514 si
2629 3459 2881 3528 gerendis
2925 3460 3085 3514 rebus
3121 3460 3395 3516 interioris
3431 3462 3806 3533 intelligi-ullae

2210 3549 2344 3604 ratio
2378 3549 2616 3622 subjecta
2655 3549 2746 3608 sit.
2780 3550 3016 3606 Fuerant
3051 3553 3192 3606 enim
3227 3568 3320 3622 pra
3338 3551 3537 3608 dicanti
3565 3562 3620 3609 et
3652 3555 3806 3609 locus

2206 3644 2578 3714 Opportuuior,
2601 3653 2670 3706 et
2697 3645 2923 3700 vestitus
2954 3645 3156 3710 utilior,
3187 3655 3240 3700 et
3276 3643 3430 3700 cibus
3455 3649 3671 3716 aptior:
3701 3650 3804 3705 sed

2201 3734 2387 3791 subest
2407 3735 2575 3804 gestis
2597 3733 2758 3790 rebus
2796 3735 3125 3804 exetnplum,
3152 3745 3207 3791 et
3232 3736 3283 3791 in
3312 3751 3379 3791 eo
3419 3741 3664 3808 operatio
3687 3742 3806 3812 ipsa

2201 3827 2478 3882 meditatio
2503 3835 2604 3881 est.
2637 3825 2770 3880 Nam
2792 3833 2846 3881 et
2871 3827 2935 3879 ad
2968 3827 3233 3882 desertam
3258 3827 3496 3882 Judaeum
3521 3828 3590 3901 (ι’)
3621 3834 3794 3899 venit,

2199 3920 2467 3978 desertam
2500 3919 2595 3973 Dei
2622 3919 3072 3989 frequentatione,
3104 3936 3210 3976 non
3237 3921 3415 3990 pepuli
3442 3939 3456 3990 ;
3486 3932 3539 3976 ct
3575 3939 3805 3982 vacuam

2197 4015 2370 4068 sancti
2399 4013 2629 4082 Spiritus
2658 4012 3008 4078 habitatione,
3043 4029 3147 4067 non
3174 4014 3448 4069 hominum
3481 4032 3494 4068 :
3525 4025 3578 4068 ut
3603 4017 3806 4086 pra-di-

2201 4108 2426 4179 qationis
2455 4107 2618 4172 locus,
2669 4120 2855 4160 eorum
2893 4106 3090 4176 quibus
3129 4105 3442 4176 praedicatio
3465 4117 3579 4162 erat
3609 4111 3803 4176 mlssa,

2203 4197 2546 4258 solitudinem
2601 4207 3007 4270 protestaretur.
3053 4198 3426 4256 Paenitentiam
3459 4216 3675 4272 quoque
3715 4220 3810 4262 re.

2201 4312 2308 4368 gno
2333 4296 2594 4354 caelorum
2625 4294 3019 4365 propinquante
3039 4295 3373 4365 pronuntiat,
3400 4309 3496 4366 per
3523 4311 3686 4366 quam
3719 4309 3808 4356 est

505 4513 630 4554 men
659 4511 844 4574 eorum
883 4511 1060 4574 sonat,
1095 4503 1315 4572 magicae
1343 4504 1444 4558 arti
1471 4503 1634 4562 fuisse
1663 4503 1874 4560 deditos
1903 4521 1916 4558 :
1950 4502 2092 4574 quod
2120 4507 2174 4567 D
2199 4513 2330 4568 etc.,
2363 4500 2722 4557 emendantur
2747 4515 2848 4568 ope
2869 4515 2999 4555 mss.
3040 4499 3350 4574 iniquorum
3383 4498 3630 4574 plurimis
3673 4517 3806 4558 eor-

504 4583 717 4642 rursttm
764 4569 922 4626 docet
954 4571 1047 4628 lib.
1097 4589 1153 4638 ιι,
1186 4569 1254 4630 de
1298 4575 1472 4642 Trin.,
1529 4592 1583 4632 ιι.
1632 4576 1724 4641 27,
1773 4585 1827 4630 et
1871 4569 1982 4631 lib.'
2019 4591 2090 4641 tv,

487 4641 672 4716 .n._56,
698 4657 867 4716 eaqite
893 4644 942 4716 in
958 4647 1426 4701 recensentientes
1451 4647 1604 4702 habet
1625 4647 1909 4716 lgoatium,
1933 4647 2093 4715 epist.

507 4711 574 4788 ad
622 4712 862 4782 Ephesq
912 4713 1204 4788 Justinum,
1238 4717 1371 4772 Dial.
1396 4733 1517 4772 cum
1558 4711 1762 4788 Try'ph.
1811 4711 2096 4788 Origenem

509 4783 600 4838 lib.
635 4798 675 4847 ι,
706 4795 894 4840 contra
940 4786 1125 4851 Cels.;
1157 4787 1526 4853 Ambrosium,
1573 4783 1686 4844 lilif
1728 4805 1784 4854 ιι,
1831 4790 1882 4846 in
1909 4783 2095 4854 ἰαῦ..

511 4869 562 4906 ιι.
588 4869 733 4930 μνιι
761 4866 817 4910 et
840 4873 1006 4930 vatn
1029 4858 1470 4930 ;Hieronymum,
1495 4861 1545 4913 in
1568 4861 1692 4914 Esa.
1713 4876 1807 4915 xu
1835 4868 1890 4915 et
1917 4875 2093 4924 xuii,

509 4924 599 4992 qui
634 4935 807 4981 tamen
841 4929 910 4982 ab
941 4929 1038 4983 bac
1067 4924 1321 4999 opinione
1351 4924 1605 4986 recedere
1629 4932 1839 4985 videtur
1877 4933 1928 4985 in
1959 4932 2090 4987 Dan.

510 5007 562 5046 (ι.
607 5010 665 5058 ιι,
695 4999 781 5051 ubi
826 4999 935 5054 ait:
969 5000 1294 5056 Consuetudo
1329 5015 1497 5056 autem
1537 5013 1584 5056 et
1610 5019 1774 5058 sermo
1811 5003 2096 5056 communis

514 5061 696 5135 Nugas
719 5085 810 5135 pro
831 5072 1078 5143 maleﬁcia
1127 5075 1319 5146 accepit
1340 5117 1352 5137 ,
1389 5075 1478 5144 qui
1501 5075 1927 5146 aliterjtabentur
1954 5073 2095 5142 apud

512 5146 706 5216 gentem
734 5156 904 5216 suam,
937 5160 994 5197 eo
1024 5146 1162 5214 quod
1187 5144 1287 5200 sint
1315 5146 1607 5216 philosOphi
1641 5144 2023 5209 Chaldieorum,
2047 5155 2096 5200 et

512 5207 582 5288 ad
602 5210 728 5263 artis
745 5210 899 5288 hujus
925 5207 1188 5288 scientiam
1211 5207 1353 5287 rcges
1374 5207 1573 5288 quoque
1597 5225 1644 5271 et
1671 5216 1932 5287 principes
1958 5207 2098 5287 ejus-

513 5279 626 5359 dem
648 5279 818 5359 gentis
845 5286 1019 5359 omnia
1041 5289 1256 5359 faciunt.

587 5351 665 5430 (ᾳ)
704 5353 758 5430 l_u
791 5353 962 5409 tribus
992 5351 1121 5411 mss.
1154 5361 1308 5414 totius
1333 5360 1662 5430 wqualitatis.

585 5423 663 5495 (ὁ)
708 5425 819 5499 Duo
851 5441 982 5480 mss.
1033 5429 1263 5499 parvulo.
1309 5423 1551 5498 Quatuor
1575 5431 1686 5497 alii,
1723 5430 1983 5499 paruulis;
2043 5438 2099 5486 et

516 5511 661 5562 miix,
702 5507 755 5549 ut
774 5495 975 5572 Iesum,
1000 5495 1098 5572 _p_'ro
1130 5510 1182 5572 ut
1207 5495 1349 5554 eum;
1383 5502 1555 5557 Verba
1588 5495 1918 5571 evangelica,
1953 5503 2097 5572 futuo

516 5584 632 5620 rum
663 5579 735 5620 est
758 5571 888 5644 enim
907 5580 959 5623 ut
990 5569 1221 5625 Herodes
1247 5583 1443 5641 quaerat
1463 5591 1674 5642 puerum
1696 5569 1763 5626 ad
1784 5569 2098 5644 perdendum

523 5643 962 5714 eum,postulaut
990 5644 1192 5714 parvuli
1218 5656 1309 5697 aut
1341 5647 1570 5711 parvulo.
1601 5643 1861 5714 Caputll.
1891 5645 1941 5698 in
1967 5658 2098 5698 mss.

522 5709 764 5784 ἰιιοῇιιίιέι
794 5709 1163 5784 superioribus
1189 5709 1392 5783 verbis,
1425 5714 1645 5770 Parente
1662 5709 1852 5780 autem,
1885 5726 1991 5770 etc.

603 5780 674 5852 (c)
716 5780 877 5855 Editi,
907 5785 1180 5844 Iudaicam
1209 5780 1498 5858 relinquens
1523 5787 1866 5859 ignorantiam
1889 5786 2100 5858 swculo,

2204 4586 2358 4641 rupte
2389 4583 2565 4626 exstat
2588 4573 2936 4645 ignorantium
2958 4573 3165 4626 saeculo.
3194 4572 3294 4645 llic
3313 4573 3557 4645 saeculum
3588 4588 3802 4643 Cogno-

2205 4645 2438 4700 tniuatur
2467 4643 2645 4714 gens‘a
2680 4643 2786 4697 Deo
2825 4643 3034 4714 aliena;
3065 4643 3336 4713 quomodo
3368 4644 3419 4697 in
3454 4658 3532 4713 ps.
3581 4660 3620 4710 t,
3650 4663 3707 4699 ιι.
3741 4646 3801 4712 6,

2202 4712 2577 4779 ueculm'is‘vir,
2611 4714 2701 4782 qui
2733 4713 2798 4767 ad
2825 4712 3098 4767 Christum
3129 4729 3234 4768 non
3257 4712 3508 4783 pertinet.

2276 4788 2359 4858 (tl),
2400 4786 2655 4858 Erasmus
2684 4783 2736 4840 itt
2778 4785 3011 4858 quodam
3039 4785 3225 4840 Codice
3256 4785 3522 4858 reperisse
3550 4801 3608 4858 se
3633 4796 3802 4858 testa-

2199 4855 2492 4926 tur,Neque
2514 4857 2648 4910 enim
2680 4867 2822 4911 erant
2850 4857 2885 4909 ii
2917 4857 3023 4925 qui,
3055 4865 3160 4914 etc.
3179 4897 3192 4919 ,
3223 4855 3366 4925 quod
3399 4873 3502 4910 non
3530 4857 3706 4926 reiicit
3731 4873 3805 4912 eo

2199 4943 2382 4990 sensu,
2409 4925 2596 4998 Neque
2617 4928 2748 4981 enim
2779 4937 2923 4981 erant
2950 4927 3139 4998 mortui
3159 4966 3174 4991 ,
3205 4927 3292 4996 qui
3329 4928 3515 4998 mortui
3541 4932 3806 4994 putaban-

2202 5011 2282 5054 tur
2309 5016 2327 5054 :
2356 4999 2535 5053 minus
2564 5007 2743 5054 tamen
2771 4999 2834 5053 ad
2864 5013 2998 5052 rem.
3031 4997 3156 5056 Vult
3175 5001 3373 5068 quippe
3404 4997 3638 5052 Hilarius
3671 5001 3794 5055 llzl'c

2202 5072 2388 5135 verba,
2422 5071 2543 5138 quia
2561 5086 2663 5122 non
2682 5080 2819 5135 sunt,
2840 5085 2946 5123 non
2968 5079 3328 5124 consentanea
3343 5083 3462 5124 esse
3482 5071 3545 5122 iis
3562 5072 3652 5138 qui
3676 5089 3806 5139 pcr—

2201 5142 2534 5197 secntionem
2573 5139 2775 5195 fuerint
2803 5141 2964 5208 passi,
3011 5139 3101 5206 qui
3129 5139 3326 5194 nedum
3372 5155 3478 5194 non
3506 5140 3638 5205 sint,
3674 5158 3798 5196 me-

2201 5214 2304 5268 lius
2323 5223 2478 5276 sttnt;
2505 5210 2600 5266 sed
2623 5211 2688 5266 iis
2710 5211 2802 5282 qui
2827 5209 2971 5282 illam
2993 5211 3278 5282 excitando
3297 5209 3365 5265 ab
3392 5210 3650 5282 Ecclesia:
3673 5213 3803 5268 sinu

2202 5283 2530 5349 exciderint,
2560 5280 2876 5354 eique'adeo
2909 5281 3018 5338 sint
3045 5281 3263 5352 perditi,
3297 5291 3354 5336 ut
3386 5281 3498 5354 jam
3531 5297 3659 5338 vere
3691 5299 3805 5340 non

2277 5424 2672 5498 (c)”Beccensis
2699 5421 2914 5498 ms._s_ed
2929 5423 3182 5498 gerendis.
3209 5423 3500 5494 Diligenter
3515 5421 3806 5498 retinenda

2205 5491 2538 5552 hae'c'llilarii
2569 5491 3026 5564 pr:emonitio,'ne
3047 5491 3300 5565 deinceps
3318 5491 3640 5565 reconditos
3672 5511 3806 5562 ape-

2204 5570 2350 5624 riens
2397 5568 2688 5638 Seripturan
2732 5580 2960 5633 sensus,
3011 5581 3192 5622 rerum
3241 5564 3488 5622 videatur
3518 5564 3805 5624 offendere

2204 5641 2503 5695 veritatem.

2287 5712 2355 5795 (Ι)
2395 5709 2714 5795 Ap‘udl’ar.
2745 5708 2980 5795 venitur,-
3022 5716 3077 5795 et
3101 5723 3246 5795 mox,
3283 5707 3351 5781 .in
3380 5723 3597 5764 vacuam
3635 5709 3804 5766 sancti

2209 5779 2861 5856 Spiritus‘habitationem;
2891 5779 3171 5838 mendose.
