4172 6188
407 301 510 361 9‘27

407 513 532 572 ideo
553 515 608 572 in
631 515 1252 591 famulatum(b)spiritus
1272 533 1468 588 corpus
1482 530 2006 590 assumptum,omne

407 606 462 662 in
505 624 564 664 se
604 621 1003 664 sacramentum
1049 621 1249 666 nosme
1293 612 1481 666 salutis
1511 612 1765 682 explerit.
1817 611 1891 683 (c)
1925 612 2004 666 Ad

407 697 670 786 Jpannem
718 700 879 771 igitur
916 703 1066 758 venit
1111 719 1176 758 ex
1226 704 1449 760 muliere
1474 714 1650 770 natus,
1683 705 2007 761 constitutus

407 793 509 848 sub
534 793 670 863 lege,
701 801 757 848 et
793 809 889 865 per
921 795 1156 852 Verbum
1186 796 1264 868 (ιι)
1297 813 1424 852 caro
1463 798 1627 870 676
1669 797 1860 853 lactus.
1890 798 2008 869 Ipse

406 885 621 954 quidem
649 887 844 942 lavacri
868 903 1031 959 egens
1055 905 1162 944 non
1187 901 1324 957 erat,
1354 891 1476 959 quia
1501 893 1569 946 de
1591 907 1656 946 eo
1677 890 1877 946 dictum
1901 882 2004 958 est,

410 977 692 1034 Peccatum
716 998 816 1034 non
847 983 967 1052 fecit
999 980 1041 1054 (Ι
1081 981 1195 1036 Pet.
1232 998 1288 1046 ιι,
1322 982 1393 1036 22
1425 981 1483 1054 );
1515 993 1569 1039 et
1597 983 1685 1037 tibi
1728 991 2006 1053 peccatum

409 1087 516 1128 non
542 1082 647 1138 est,
680 1075 930 1129 remissio
950 1091 1162 1146 quoque
1193 1075 1266 1146 (e)
1287 1076 1402 1144 eius
1431 1085 1514 1131 est
1562 1077 1758 1130 otiosa.
1778 1075 1895 1135 ,Sed
1922 1091 2010 1130 as-

407 1173 681 1234 sumptum
709 1166 778 1220 ab
801 1181 867 1222 eo
894 1167 1189 1222 creationis
1218 1177 1418 1222 nostra:
1443 1167 1617 1222 fuerat
1648 1176 1702 1223 et
1737 1183 1933 1238 corpus
1954 1177 2010 1224 et

409 1270 832 1331 nontenzatqnc
862 1261 932 1316 ita
966 1275 1072 1315 non
1099 1261 1190 1315 ille
1235 1261 1615 1317 necessitatem
1675 1261 1861 1318 habuit
1907 1261 2007 1316 ab-

411 1351 615 1418 luendi,
645 1353 738 1408 sed
779 1370 874 1424 per
899 1355 1049 1409 illum
1087 1357 1137 1410 in
1157 1355 1306 1426 aquis
1334 1355 1626 1410 ablutionis
1653 1363 1852 1408 nostra:
1893 1363 2010 1409 erat

411 1445 797 1500 sanctilicanda
824 1447 1089 1517 purgatio.
1128 1447 1367 1516 Denique
1412 1455 1466 1502 et
1519 1462 1547 1501 a
1586 1447 1793 1502 Joanne
1832 1446 2012 1517 bapti-

409 1537 520 1590 zari
551 1536 904 1607 prohibetur,
949 1550 1007 1593 ut
1035 1540 1175 1594 Deus
1214 1538 1427 1610 (Matth.
1456 1555 1536 1604 ιιι,
1581 1537 1672 1608 M)
1701 1556 1712 1592 :
1737 1547 1794 1592 et
1833 1539 1901 1592 ita
1956 1539 2008 1591 in

410 1643 470 1684 se
498 1629 612 1684 ﬁeri
655 1640 930 1700 oportere,
979 1641 1038 1686 ut
1080 1632 1242 1686 homo
1289 1631 1481 1688 edocet
1527 1630 1690 1704 (Ibid.
1723 1629 1835 1703 15).
1878 1631 2010 1684 Erat

409 1722 553 1777 enim
594 1738 692 1793 per
736 1740 858 1780 eum
902 1725 1080 1780 omnis
1121 1726 1392 1796 implenda
1441 1726 1679 1795 justitia,
1715 1741 1809 1794 per
1845 1739 2006 1794 quem

1588 308 1834 366 SANCTI
1883 310 2144 367 lllLARll
2188 312 2490 372 EPISCOPI

407 421 573 493 liqua.
603 421 734 480 Erat
775 424 829 479 in
861 423 1079 479 Christo
1122 423 1249 481 Jesu
1298 423 1460 479 homo
1508 425 1586 496 (a)
1619 433 1793 491 totus;
1844 435 2004 496 atque
2033 430 2081 487 Λ

3603 319 3711 378 928

2726 430 2952 489 CAPUT
3004 431 3089 488 ΙΙΙ.

2109 515 2188 573 De
2223 527 2470 575 tentatore
2510 521 2733 589 diabolo,
2782 533 2828 578 et
2870 523 2934 578 de
2973 524 3171 595 jejunio
3207 523 3334 578 Iesu
3363 525 3709 597 quadraginta

2299 613 2496 682 diebus,
2525 615 2588 671 de
2625 615 2780 672 Petro
2830 627 2876 671 et
2917 617 3140 672 Andrwa
3167 619 3524 688 piscatoribus.

2182 707 2232 760 1.
2267 706 2409 762 Tunc
2441 708 2594 764 Jesus
2621 710 2804 764 ductus
2823 720 2894 765 est
2921 711 2978 764 in
3021 712 3276 766 desertum
3311 712 3374 765 ab
3403 712 3624 783 Spiritu,
3651 722 3706 769 ut

2109 807 2443 856 tentaretura
2489 803 2732 874 diabolo(
2765 803 2953 858 Matth.
3001 820 3073 869 Iv,
3107 805 3130 857 l
3165 802 3208 874 ),
3256 814 3312 859 et
3359 805 3586 876 reliqua.
3641 806 3708 862 Et

2110 891 2163 946 in
2191 893 2463 948 desertum
2495 897 2782 962 traductio,
2813 907 2866 949 et
2915 896 3267 967 quadraginta
3314 898 3521 953 dierum
3559 897 3708 969 jeju-

2112 986 2282 1052 nium,
2313 997 2363 1040 et
2387 997 2506 1057 post
2529 988 2790 1057 jejunium
2842 988 3034 1054 iantes,
3067 997 3122 1044 et
3174 998 3376 1045 satana:
3433 992 3703 1058 tentatio,

2109 1087 2164 1133 et
2211 1080 2492 1147 responsio
2553 1081 2803 1146 Domini,
2863 1083 3040 1152 magni
3091 1083 3440 1155 ctelestisque
3489 1085 3704 1140 consilii

2111 1169 2389 1226 eileetihus
2417 1173 2567 1241 plena
2592 1173 2753 1245 677
2780 1182 2924 1228 sunt.
2975 1174 3105 1229 Nam
3155 1174 3298 1246 quod
3342 1175 3396 1230 in
3426 1175 3703 1232 desertum

2110 1262 2298 1318 ductus
2329 1273 2432 1330 est,
2481 1265 2809 1336 signiﬁcatur
2858 1267 3075 1322 libertas
3109 1266 3184 1340 (g)
3229 1269 3462 1338 Spiritus
3507 1271 3699 1338 sancti,

2113 1356 2382 1412 hominem
2404 1374 2557 1413 suum
2577 1359 2686 1429 jam
2716 1361 2931 1415 diabolo
2948 1361 3250 1430 oll‘erentis,
3270 1372 3323 1417 et
3345 1363 3705 1433 permittentis

2115 1451 2350 1506 tentandi
2379 1460 2432 1506 et
2456 1452 2764 1507 assumendi
2817 1455 3180 1521 occasionem,
3227 1470 3388 1524 quam
3443 1471 3549 1510 non
3600 1456 3705 1512 nisi

2113 1542 2289 1596 datam
2323 1553 2557 1597 tentator
2587 1543 2884 1598 habuisset.
2921 1545 3050 1599 Erat
3090 1545 3250 1614 igitur
3281 1547 3332 1600 in
3383 1545 3597 1601 diabolo
3634 1545 3704 1602 de

2114 1642 2258 1689 metu
2305 1636 2562 1705 suspicio,
2597 1650 2700 1690 non
2733 1636 2800 1691 de
2830 1637 3137 1707 suspicione
3184 1639 3462 1708 cognitio:
3515 1654 3704 1693 move-

2114 1726 2270 1780 batur
2341 1712 2484 1781 euim
2539 1727 2886 1798 quadraginta
2940 1728 3149 1782 dierum
3208 1728 3437 1798 jejunio.
3495 1729 3715 1784 Sciebat

412 1814 586 1869 solum
629 1815 716 1870 lex
764 1825 978 1886 poterat
1020 1818 1251 1888 impleri.
1296 1820 1469 1888 Atque
1511 1819 1582 1872 ita
1632 1826 1688 1872 et
1728 1817 2011 1888 propheta:
2044 1818 2091 1877 B
2116 1817 2338 1882 totidem
2370 1817 2560 1872 diebus
2587 1834 2751 1889 aquas
2775 1818 2856 1890 (h)
2881 1819 3058 1891 abyssi
3077 1819 3274 1875 ell'usas
3297 1819 3448 1890 (Gen.
3477 1837 3570 1886 vn,
3597 1820 3714 1892 l7),

415 1905 723 1961 testimonio
746 1908 962 1963 lavacro
992 1924 1098 1964 non
1129 1918 1269 1980 eget,
1303 1919 1358 1965 et
1388 1909 1624 1980 exempli
1654 1911 1736 1965 sui
1771 1911 2014 1965 auctori-

417 2007 528 2055 tate
559 2000 807 2056 humanae
827 2003 1016 2057 Salutis
1055 2014 1393 2058 sacramenta
1425 2013 1797 2069 consummat,
1842 2003 2018 2059 homi-

420 2106 540 2146 nem
570 2103 624 2148 et
652 2097 1020 2166 assumptione
1047 2097 1392 2151 sanctilicans
1413 2109 1464 2151 et
1491 2097 1723 2152 lavacro.

494 2183 548 2239 6.
603 2184 858 2258 Baptismi
921 2189 1082 2242 nostri
1130 2187 1340 2256 e/fectus
1398 2191 1452 2244 in
1501 2189 1695 2244 Christi
1770 2190 2018 2262 baptismo

421 2277 729 2331 adumbrati.
756 2277 987 2335 —Ordo
1016 2281 1176 2335 etiam
1218 2281 1269 2336 in
1302 2297 1368 2337 eo
1415 2283 1596 2338 arcani
1640 2283 1877 2338 caelestis
1925 2299 2020 2337 ex-

425 2369 694 2438 primitur.
727 2371 858 2426 Nam
891 2373 1160 2443 baptizato
1186 2389 1273 2440 eo,
1317 2377 1571 2430 reseratis
1597 2377 1858 2432 caelorum
1898 2376 2019 2430 adi-

423 2463 588 2530 tibus,
622 2464 855 2534 Spiritus
885 2475 1103 2523 sanctus
1129 2469 1413 2535 emittitur,
1444 2479 1498 2525 et
1535 2471 1714 2540 specie
1757 2471 2020 2527 columbae

424 2554 652 2611 visibilis
679 2560 1008 2629 agnoscitur,
1043 2572 1096 2616 et
1123 2561 1278 2617 istius
1321 2563 1464 2618 modi
1519 2573 1759 2634 paternae
1813 2565 2022 2634 pietatis

425 2650 680 2706 unctione
726 2651 1083 2721 perfunditur.
1117 2653 1234 2709 Vox
1281 2655 1476 2710 deinde
1521 2655 1589 2712 de
1635 2657 1787 2712 caelis
1835 2659 1902 2710 ita
1942 2656 2022 2710 lo-

425 2743 608 2811 quitur
647 2760 658 2795 :
706 2741 773 2814 (f)
821 2741 993 2800 Filius
1048 2763 1188 2800 meus
1231 2765 1281 2801 es
1327 2759 1379 2801 tu
1407 2790 1420 2814 ,
1467 2765 1562 2821 ego
1608 2749 1760 2802 hodie
1800 2749 1951 2821 genui
1977 2758 2024 2804 te

428 2833 610 2907 (Ibid.
667 2836 730 2889 17
757 2836 796 2907 ).
830 2836 1001 2893 Filius
1043 2838 1134 2892 Dei
1175 2839 1357 2894 auditu
1399 2849 1798 2910 conspectuque
1837 2856 2022 2896 mons-

415 2933 628 2990 tratur,
656 2927 903 2998 plebique
931 2929 1111 2984 inﬁda:
1139 2939 1194 2986 et
1234 2931 1512 3001 prophetis
1557 2932 1885 2987 inobedieuti
1918 2941 2026 2986 tes-

431 3023 714 3078 timonium
745 3025 814 3081 de
837 3025 1063 3082 Domino
1090 3043 1187 3082 suo
1218 3029 1446 3083 mittitur
1467 3037 1522 3083 et
1550 3029 2026 3100 contemplationis

431 3124 485 3170 et
534 3118 718 3171 vocis:
748 3133 812 3172 ac
840 3119 997 3173 simul
1025 3129 1084 3174 ut
1127 3135 1192 3176 ex
1239 3121 1318 3176 eis
1357 3136 1474 3191 quae
1513 3121 2028 3176 consummabantnr

2117 1909 2448 1979 exploratam
2491 1910 2926 1977 repromissionis
2981 1919 3204 1975 terram,
3249 1911 3415 1984 Moysi
3462 1912 3635 1982 legem
3683 1926 3715 1966 ι

2118 2000 2226 2055 Deo
2257 1999 2534 2070 scriptam,
2575 2015 2838 2056 annorum
2896 2018 3145 2072 quoque,
3195 2002 3391 2073 quibus
3454 2003 3606 2073 plebs
3661 2005 3716 2058 in

2118 2108 2302 2148 eremo
2334 2095 2436 2146 rita
2481 2093 2795 2164 angelorum
2829 2093 3120 2164 habituque
3161 2096 3380 2160 mansit,
3425 2093 3569 2149 hunc
3613 2110 3717 2149 nu-

2121 2203 2330 2242 merum
2359 2186 2522 2242 l'uisse
2548 2187 2846 2256 expletura.
2879 2186 3045 2258 Igitur
3075 2187 3232 2242 istius
3262 2188 3521 2258 temporis
3548 2195 3719 2255 metu,

2121 2277 2173 2332 in
2205 2277 2462 2332 tentando
2488 2291 2576 2341 eo,
2622 2292 2782 2344 quem
2825 2278 3100 2333 hominem
3133 2278 3508 2343 contuebatur,
3539 2293 3722 2348 sump-

2121 2374 2188 2428 sit
2213 2374 2596 2428 temeritatem.
2620 2371 2792 2427 Adam
2822 2373 2964 2426 enim
2991 2372 3306 2441 pellexerat,
3327 2380 3381 2427 et
3403 2373 3454 2426 in
3487 2380 3721 2427 mortem

2121 2464 2356 2520 fallendo
2387 2465 2718 2519 traduxerat.
2769 2463 2877 2519 Sed
2911 2465 2980 2518 ita
3009 2463 3231 2534 dignum
3262 2465 3498 2535 nequitia
3520 2463 3639 2534 ejus
3667 2473 3722 2519 et

2123 2557 2331 2613 scelere
2375 2565 2512 2619 erat,
2547 2566 2604 2610 ut
2635 2557 2686 2610 in
2718 2572 2803 2621 eo,
2834 2556 2990 2626 cujus
3029 2564 3204 2611 morte
3229 2568 3281 2613 et
3325 2556 3722 2613 calamitatibus

2122 2649 2452 2720 gloriabatur
2495 2649 2709 2704 homine
2733 2651 3038 2704 vinceretur
3064 2657 3092 2715 ;'
3111 2658 3166 2703 et
3192 2650 3280 2719 qui
3328 2649 3426 2704 Dei
3458 2649 3722 2705 beneficia

2127 2742 2330 2796 homini
2377 2740 2678 2807 invidisset,
2726 2751 2850 2795 ante
2891 2741 3242 2795 teutationem
3289 2741 3456 2796 Deum
3516 2740 3570 2796 in
3626 2739 3724 2795 ho-

2125 2836 2271 2890 mine
2306 2835 2604 2904 intelligere
2654 2849 2760 2888 nou
2816 2843 3017 2902 posset.
3057 2831 3322 2888 Tentatur
3352 2833 3513 2904 igitur
3539 2834 3723 2889 statim

2130 2935 2250 2997 post
2293 2924 2612 2994 baptismum
2645 2925 2924 2991 Dominus,
2987 2924 3284 2979 tentatione
3328 2940 3424 2979 sua
3481 2923 3726 2980 indicans

2130 3023 2183 3077 in
2242 3020 2589 3075 sanetdicatis
2653 3019 2810 3073 nobis
2855 3019 3086 3074 maxime
3145 3017 3341 3074 diaboli
3392 3027 3725 3074 tentanienta

2130 3114 2362 3185 grassari
2411 3131 2423 3166 :
2479 3115 2600 3185 quia
2648 3111 2872 3167 victoria
2927 3110 2977 3166 ei
3023 3119 3108 3166 est
3149 3110 3318 3182 magis
3358 3117 3609 3181 exoptata
3655 3109 3724 3165 de

430 3206 482 3261 in
527 3208 743 3263 Christo
789 3225 1256 3280 cognosceremus,
1292 3221 1413 3281 post
1451 3229 1604 3283 aquai
1645 3213 1940 3278 lavacrum,
1972 3224 2025 3268 et
2053 3196 2097 3258 C
2130 3211 2353 3264 sanctis.

435 3301 501 3356 de
536 3301 848 3357 caelestibus
880 3303 1046 3372 portis
1076 3313 1320 3358 sanctum
1355 3304 1408 3357 in
1441 3321 1538 3360 nos
1565 3304 1821 3374 Spiritum
1871 3304 2024 3359 invo-

436 3393 570 3458 lare,
624 3401 678 3448 et
717 3395 952 3450 caelestis
993 3411 1090 3450 nos
1143 3396 1328 3468 gloria:
1379 3398 1628 3451 unctione
1677 3395 2027 3468 perfundi,et

431 3496 670 3558 paternae
689 3488 836 3543 vocis
863 3489 1150 3559 adOptione
1195 3489 1288 3545 Dei
1319 3489 1461 3545 filios
1489 3489 1638 3556 ﬁeri;
1672 3505 1794 3545 cum
1824 3489 1896 3544 ita
1916 3489 2027 3545 dis-

436 3580 590 3648 positi
639 3581 694 3635 in
744 3598 841 3636 nos
887 3584 1209 3639 sacramenti
1253 3583 1541 3654 imaginem
1569 3583 1699 3655 ipsis
1729 3599 1908 3639 rerum
1949 3584 2027 3640 cl-

429 3671 657 3727 fectibus
700 3674 896 3728 veritas
948 3674 1393 3745 praetiguraverit.

504 3940 578 4010 (a)
616 3938 673 3993 Id
702 3951 804 4008 est,
838 3941 1000 3996 omnis
1022 3941 1189 3995 homo.
1221 3940 1370 3996 llunc
1397 3940 1572 3995 locum
1604 3941 1874 3996 illustrant
1906 3941 2021 3998 hmc

433 4019 590 4066 tract.
624 4013 757 4080 psal.
796 4027 907 4076 xm,
938 4031 990 4066 ιι.
1013 4013 1044 4066 4
1079 4031 1090 4065 :
1128 4012 1261 4080 Quia
1290 4029 1388 4066 non
1434 4013 1532 4065 nisi
1573 4028 1636 4065 ea:
1678 4014 2023 4084 assumptione

430 4085 599 4137 carnis
620 4092 806 4137 nostra:
822 4085 875 4137 hi
900 4084 1062 4137 morbi
1091 4095 1252 4137 essent
1281 4085 1440 4136 nostri
1468 4084 1701 4153 corporis
1728 4084 2018 4154 auferendi,

430 4171 501 4228 ex,
521 4157 867 4226 assumptione
905 4157 1076 4209 carnis
1105 4155 1389 4228 salutifera:
1423 4156 1590 4228 omnis
1622 4153 1878 4228 (caroi):_in
1912 4153 2022 4228 Qa-

434 4227 572 4278 mino
599 4224 702 4287 est,
724 4235 829 4280 etc.
863 4243 1069 4279 neeuon
1112 4227 1200 4279 illa
1244 4224 1282 4280 l.
1316 4241 1373 4291 ll,
1402 4227 1468 4278 de
1495 4224 1644 4280 Trin;
1677 4243 1729 4280 ιι.
1756 4226 1829 4278 2’5
1859 4243 1870 4277 :
1905 4224 2024 4278 Non

431 4296 522 4369 ille
550 4297 685 4368 eguit
717 4301 867 4369 horno
895 4297 1088 4368 efﬁci...
1121 4299 1210 4369 sed
1241 4314 1331 4369 nos
1371 4298 1602 4369 rguimus
1636 4308 1690 4350 ut
1720 4295 1876 4369 (Deus
1901 4313 2022 4349 caro

435 4368 600 4438 ﬁeret,
634 4377 678 4421 et
710 4367 957 4422 habitaret
987 4369 1038 4421 in
1069 4368 1232 4432 nobis,
1265 4367 1319 4419 id
1355 4367 1449 4431 est,
1482 4368 1826 4439 assumptione
1851 4369 2021 4420 carnis

433 4439 588 4491 unius
614 4441 813 4491 interna
835 4441 1085 4493 universa?
1111 4439 1279 4492 carnis
1304 4439 1546 4492 incoleret
1576 4454 1593 4492 :
1621 4439 1688 4493 ad
1733 4440 1834 4492 hoc
1873 4439 2021 4492 scili-

435 4520 544 4573 cet,
577 4519 632 4561 ut
679 4510 1050 4582 sanctificatum
1076 4511 1151 4582 in
1195 4527 1251 4562 eo
1298 4510 1518 4582 uniuersi
1575 4509 1770 4582 generis
1811 4509 2024 4582 humani

434 4596 622 4648 corpus
667 4581 922 4648 existeret,
955 4589 1012 4634 ut
1054 4581 1247 4634 ibidem
1285 4579 1608 4648 explicatur,
1641 4597 1691 4634 ιι.
1725 4579 1818 4633 ει.
1868 4579 2021 4644 llinc,

2197 3300 2252 3353 2.
2285 3295 2474 3352 Fames
2504 3295 2696 3352 Christi
2739 3293 3137 3364 qualis.—Non
3191 3293 3370 3349 cibum
3418 3293 3582 3348 etiam
3629 3292 3727 3348 ho-

2127 3392 2331 3446 minum
2361 3391 2568 3456 esuriit,
2593 3388 2687 3444 sed
2716 3389 2944 3443 salutem
2986 3405 2998 3440 :
3048 3402 3169 3441 nam
3218 3394 3338 3456 post
3366 3384 3726 3456 quadraginta

2127 3484 2264 3551 dies,
2299 3499 2404 3539 non
2428 3485 2480 3538 in
2509 3483 2862 3554 quadraginta
2891 3481 3080 3537 diclms
3101 3480 3286 3536 esuriit
3310 3479 3524 3550 (Matth.
3550 3495 3622 3544 tv,
3641 3478 3722 3551 2),

2134 3579 2315 3651 Moyse
2339 3586 2394 3633 et
2425 3577 2538 3632 Elia
2571 3578 2621 3630 in
2643 3577 2834 3632 eodem
2861 3575 3050 3645 jejunii
3080 3583 3322 3645 tempore
3351 3589 3456 3628 non
3479 3572 3726 3628 esurien-

2135 3670 2298 3725 tibus.
2335 3670 2500 3739 lgitur
2525 3685 2645 3724 cum
2675 3669 2867 3724 esuriit
2918 3667 3198 3732 Dominus,
3234 3681 3342 3721 non
3371 3665 3563 3721 inediae
3595 3665 3730 3720 sub-

2135 3762 2305 3833 repsit
2351 3761 2595 3832 operatio
2653 3778 2665 3813 :
2725 3760 2791 3832 (i)
2842 3757 2936 3815 sed
2983 3757 3152 3814 virtus
3202 3757 3314 3825 illa,
3372 3757 3726 3829 quadraginta

2130 3941 2264 3995 tione
2294 3939 2601 4008 famulante,
2630 3947 2678 3992 et
2702 3955 2816 4003 sua,
2846 3937 2942 3994 Dei
2979 3938 3232 4004 videlicet,
3277 3933 3605 3992 inumbrante
3632 3938 3731 3991 vir-

2131 4023 2254 4077 tute,
2286 4012 2518 4080 corporis
2546 4013 2643 4064 sibi
2674 4012 2820 4064 initia
2850 4011 3094 4063 conserit.

2205 4084 2277 4152 (ε)
2313 4079 2600 4136 lnduobus
2627 4095 2756 4136 mss.
2785 4083 2851 4135 ei.
2883 4083 3004 4135 Mox
3033 4080 3160 4151 quid
3184 4079 3287 4136 sibi
3315 4080 3428 4135 vult
3453 4080 3730 4135 creationis

2132 4163 2338 4215 ιιοεινίε,
2368 4155 2468 4208 nisi
2496 4154 2673 4206 carnis
2707 4154 2758 4206 in
2791 4153 2958 4206 Adam
2993 4154 3224 4220 primum
3255 4160 3451 4206 create
3480 4162 3535 4206 et
3563 4152 3632 4207 ab
3660 4166 3728 4206 eo

2132 4225 2197 4277 ad
2233 4242 2329 4293 nos
2356 4239 2522 4292 usque
2566 4233 2870 4293 prepagata:
2898 4223 2920 4275 ?
2945 4223 3199 4276 Pluribus
3242 4221 3549 4293 hujusmodi
3596 4222 3731 4277 locis

2133 4291 2475 4355 refelluntur,
2509 4291 2596 4362 qui
2627 4291 2883 4348 Hilarium
2939 4295 3176 4349 sensisse
3228 4294 3416 4349 volunt
3451 4291 3730 4348 Christum

2129 4382 2198 4421 ex
2239 4367 2398 4420 Maria
2441 4366 2571 4420 nihil
2600 4366 2891 4434 accepisse.

2205 4437 2273 4510 (Γ)
2305 4438 2379 4510 lla
2414 4437 2554 4491 hunc
2581 4438 2755 4490 locmn
2787 4434 3501 4510 etiatnaJustinomartyre
3527 4435 3730 4510 lectum

2130 4505 2294 4562 fuisse
2319 4508 2658 4562 observatum
2691 4515 2772 4562 est
2796 4507 2902 4562 col.
2931 4506 3038 4560 278
3059 4548 3074 4572 ,
3109 4515 3219 4561 not.
3248 4507 3285 4573 i,
3311 4505 3467 4576 quam
3498 4505 3724 4560 videsis.

2205 4579 2279 4650 (g)
2317 4579 2369 4632 Id
2400 4589 2502 4650 est,
2532 4579 2726 4632 divina:
2777 4577 2935 4632 Verbi
3001 4580 3450 4650 naturanycujus
3507 4578 3734 4632 libertas

441 4645 596 4715 intra,
623 4667 672 4704 c.
721 4664 774 4712 Δι,
809 4668 862 4704 ιι.
897 4645 986 4718 12,
1018 4651 1215 4706 Christi
1261 4645 1390 4705 caro
1432 4652 1620 4705 civitas
1666 4660 2026 4720 uttucupatur,
2059 4656 2112 4715 D
2137 4645 2270 4706 ideo"
2296 4649 2689 4714 consideratur,
2719 4665 2785 4703 ne
2812 4650 2931 4718 quis
2951 4645 3514 4703 cxistimetChristum
3543 4662 3735 4720 neces-

439 4725 561 4790 quia
589 4723 641 4774 in
663 4739 742 4789 eo,
769 4739 856 4790 per
879 4733 1116 4778 naturam
1137 4722 1360 4791 suscepti
1381 4723 1631 4790 corporis,
1654 4721 1888 4785 quaedam
1914 4721 2028 4774 uni-

443 4793 570 4866 rersi
596 4796 794 4866 generis
825 4793 1036 4848 humani
1063 4794 1387 4866 congr.-gatio
1430 4794 1742 4866 continetur.
1791 4791 1905 4846 Hoc
1927 4808 2028 4866 ipo-

443 4863 548 4915 situ
577 4862 882 4936 _i)l‘ln('ipi(t,
934 4862 1179 4936 sequitur
1219 4862 1365 4919 recte
1411 4864 1476 4918 de
1522 4862 1740 4936 Christo
1785 4864 2031 4933 quaedam

447 4933 746 5002 prmdicari,
777 4933 896 5006 qua:
924 4933 1028 4992 non
1060 4936 1385 4992 conveniant
1411 4936 1511 4989 nisi
1541 4935 1720 4988 nobis.

517 5025 591 5092 (b)
633 5023 816 5097 latest,
844 5027 1005 5084 Verbi
1037 5047 1048 5082 :
1073 5028 1226 5097 cujus
1248 5027 1299 5080 in
1326 5026 1636 5080 famulatum
1659 5043 1857 5095 corpus
1881 5043 2033 5083 assu-

449 5095 796 5168 mitur,_dum
843 5115 936 5168 per
962 5095 1396 5166 coniunctionem
1429 5111 1581 5151 suam
1612 5098 1683 5152 ita
1724 5101 1771 5152 ei
1821 5099 2028 5164 subest,

453 5179 511 5221 ut
541 5165 795 5239 quidquid
828 5165 966 5239 agit,
1015 5165 1173 5224 Verbi
1221 5184 1464 5238 persona:
1512 5169 1853 5224 attribuatur.
1889 5171 2036 5224 llaud

452 5238 675 5292 tuultum
710 5238 1073 5308 igitnr'diil'crt
1100 5257 1294 5308 corpus
1317 5242 1367 5294 in
1400 5240 1705 5308 [antulatum
1724 5241 1933 5307 spiritus
1955 5256 2042 5295 as-

452 5311 612 5368 sumi.
632 5320 698 5383 et
731 5304 796 5383 in
833 5310 1009 5364 Verbo
1037 5304 1364 5376 subsistere,
1396 5304 1492 5366 seu
1521 5304 1595 5366 'in
1627 5304 1883 5367 unitatem
1925 5329 2042 5383 per-

450 5396 601 5436 sonze
632 5379 788 5436 Verbi
815 5383 1038 5436 assumi.

533 5452 604 5522 (c)
643 5453 973 5522 Inplnribus
999 5467 1128 5507 mss.
1160 5453 1228 5505 ad
1247 5452 1550 5508 Iordanem.

533 5522 612 5596 (ά)
655 5525 770 5579 Non
800 5542 895 5592 per
915 5525 1111 5579 virum.
1143 5523 1259 5578 .lam
1282 5526 1424 5578 enim
1451 5526 1791 5582 observatum
1819 5534 1903 5581 est
1935 5525 2050 5582 hare

462 5597 651 5668 Angeli
675 5598 738 5652 ad
763 5597 1006 5661 Mariam,
1037 5596 1266 5668 Spiritus
1308 5607 1510 5651 sanctus
1538 5600 1852 5664 superveniet
1899 5599 1952 5652 in
1979 5607 2048 5664 te,

468 5667 538 5721 de
569 5669 794 5734 ipsomet
837 5670 1012 5725 Verbo
1042 5667 1182 5722 dicta
1227 5668 1484 5722 Hilarium
1513 5671 1861 5724 intellexisse.
1896 5669 2052 5726 Unde

464 5739 558 5811 ιιι).
593 5745 649 5811 ιι,
683 5742 748 5793 de
776 5741 951 5806 Triu.,
981 5758 1034 5796 ιιι
1064 5739 1172 5794 2t:
1204 5738 1384 5811 Filius
1403 5738 1517 5804 Dei,
1564 5741 1772 5811 inquit,
1815 5751 1962 5794 natus
1989 5757 2052 5796 ea;

466 5806 677 5875 Virgine
722 5821 794 5864 est
821 5820 866 5865 et
895 5813 1096 5884 Spiritu
1127 5822 1328 5876 sancto,
1369 5809 1479 5882 ipso
1511 5812 1606 5864 sibi
1640 5806 1703 5864 'in
1747 5813 1840 5866 hac
1867 5828 2051 5882 opera-

2140 4722 2298 4776 sitate
2327 4730 2384 4776 et
2412 4737 2524 4774 non,
2549 4728 2741 4789 sponte
2771 4717 2932 4775 fuisse
2965 4727 3226 4774 tentatum
3253 4736 3267 4782 ;
3296 4728 3457 4789 atque
3488 4720 3558 4772 ita
3593 4717 3734 4774 nihil

2140 4791 2342 4846 habere
2392 4807 2552 4861 supra
2609 4792 2903 4858 hominem,
2945 4790 3031 4844 cui
3075 4793 3297 4844 tentatio
3349 4789 3602 4861 obvenit,
3629 4792 3734 4844 etsi

2139 4878 2245 4917 non
2277 4859 2474 4926 vincit,
2495 4863 2612 4917 sine
2643 4863 2808 4932 ipsius
2859 4864 3148 4916 voluntate.
3199 4861 3318 4916 Mox
3345 4864 3397 4916 in
3432 4876 3529 4916 ms.
3556 4859 3726 4916 Mich.

2135 4950 2288 5004 quam
2318 4934 2414 4987 nisi
2440 4934 2636 4997 datam,
2661 4935 2861 4988 omisso
2892 4950 3012 4986 non.

2208 5005 2286 5075 (h)
2317 5004 2503 5058 Plures
2551 5021 2681 5058 mss.
2728 5005 2922 5075 abyssi:
2949 5003 3158 5068 elfusas.

2213 5098 2276 5169 (i)
2325 5098 2379 5152 lu
2411 5112 2518 5152 uno
2564 5111 2666 5152 ms.
2717 5097 2870 5151 Colb.
2926 5098 3015 5151 sed
3071 5098 3205 5151 velut
3253 5097 3345 5152 illo
3387 5097 3736 5169 quadraginta
3785 5094 3800 5100 ⁸

2143 5168 2338 5224 dierum
2371 5186 2474 5222 non
2515 5178 2678 5222 motus
2702 5170 2925 5240 jejunio.
2979 5169 3034 5223 lu
3075 5169 3229 5223 Rotn.
3264 5170 3352 5223 sed
3400 5168 3534 5222 velut
3561 5169 3734 5240 illud,

2146 5251 2252 5296 etc.
2294 5252 2350 5294 ut
2401 5241 2452 5292 in
2482 5240 2634 5294 Colh.
2669 5239 2722 5293 In
2754 5242 2986 5308 quinque
3040 5240 3180 5304 aliis,
3213 5251 3269 5294 ut
3296 5240 3435 5308 apud
3467 5239 3595 5294 Bad.
3640 5240 3736 5292 sed

2147 5313 2316 5367 vultus
2355 5311 2446 5364 illa
2475 5310 2814 5382 quadraginta
2861 5311 3058 5364 dierum
3111 5327 3212 5382 non
3259 5319 3409 5366 moue
3452 5310 3578 5380 (rel
3634 5327 3738 5364 non

2151 5383 2334 5450 mota)
2376 5383 2596 5452 jejunio.
2644 5381 2875 5436 Omnino
2905 5381 3184 5436 retinenda
3229 5391 3307 5436 est
3355 5383 3543 5452 lectio,
3575 5397 3739 5452 quam

2153 5451 2488 5523 praeferimus
2514 5468 2634 5506 cum
2661 5452 2782 5518 Er.,
2809 5453 2954 5523 Lips.
2983 5463 3038 5507 et
3066 5452 3187 5507 Par.
3219 5453 3408 5508 Paucis
3436 5451 3616 5507 verbis
3650 5451 3740 5508 hic

2153 5522 2390 5582 insinuat
2445 5524 2676 5578 llilarius
2709 5554 2712 5558 -
2749 5522 3034 5593 quamdam
3085 5525 3135 5576 in
3205 5523 3421 5578 Christo
3489 5529 3735 5578 naturam

2151 5597 2339 5660 fuisse,
2389 5611 2508 5666 qua:
2551 5611 2616 5650 ex
2648 5609 2705 5649 se
2745 5593 3024 5649 esnritioni
3061 5595 3290 5648 obnoxia
3348 5594 3566 5666 minimc
3619 5593 3736 5648 fue-

2153 5669 2242 5733 rit,
2272 5665 2498 5738 quretiue
2526 5675 2781 5738 praestare
2826 5667 3055 5738 potuerit
3105 5673 3161 5719 ut
3205 5679 3305 5722 nec
3349 5665 3580 5738 humana
3610 5680 3738 5720 esu-

2152 5733 2304 5808 riret,
2337 5733 2652 5810 ac'proinde
2676 5733 2910 5794 esuriem
2959 5733 3012 5794 ei
3059 5737 3518 5810 nonvobr‘epsisse
3542 5737 3732 5810 invito,

2154 5809 2247 5868 sed
2293 5805 2444 5867 cum
2494 5809 2663 5866 voluit
2725 5815 2929 5865 naturae
3003 5823 3116 5864 sua:
3169 5805 3437 5864 hominem
3489 5805 3728 5863 derelin-
