4172 6188
440 265 541 320 929

1341 257 1879 317 COMMENTARIUS
1919 258 1983 314 IN
2021 257 2448 317 ΜΛΤΤΙΙᾸΞΟΜ.
2491 259 2643 316 CAP.
2684 259 2776 316 111.

3622 265 3728 324 950

427 381 640 436 dierum
673 391 777 434 non
807 386 953 433 mota
976 375 1206 450 jejunio,
1239 385 1448 432 natura:
1476 392 1586 432 sua:
1619 377 1892 432 hominem
1924 375 2021 431 de-
2049 379 2100 438 Α
2129 376 2220 430 bat
2264 375 2480 446 quidem
2510 387 2564 432 et
2616 375 2911 431 ministeria
2953 375 3269 447 angelorum
3316 386 3562 448 prompta
3603 395 3726 437 esse

427 473 664 542 reliquit.
699 470 817 526 Non
848 471 992 526 enim
1043 480 1159 526 erat
1187 484 1216 524 a
1249 469 1360 524 Deo
1387 468 1654 533 diabolus,
1681 469 1775 523 sed
1806 483 1833 520 a
1866 483 2029 523 carne

429 564 726 622 vincendus
758 581 771 616 :
800 579 958 634 quam
986 563 1172 633 utique
1221 570 1432 616 tentare
1481 575 1646 616 ausus
1677 575 1784 615 non
1814 559 2026 627 fuisset,

428 659 530 714 nisi
574 658 627 713 in
655 672 718 713 ea
750 672 845 727 per
873 655 1183 711 esuritionis
1213 653 1580 708 inﬁrmitatem
1614 669 1732 725 quae
1780 662 1905 707 sunt
1931 653 2030 707 ho-

428 749 593 806 minis
637 748 1062 819 recognovisset.
1111 747 1282 814 Quam
1339 745 1525 814 utique
1562 745 1614 800 in
1657 759 1724 800 eo
1787 746 2029 801 sentiens

429 842 501 898 ita
526 855 683 897 orsus
711 848 830 896 est:
867 839 928 895 Si
953 840 1095 909 ﬁlius
1141 838 1237 893 Dei
1267 854 1318 892 es
1349 835 1564 910 (Matth.
1599 852 1672 892 Iv.
1707 835 1783 908 5).
1815 836 2029 908 Anceps

430 946 613 988 sermo
637 941 739 998 est,
769 932 814 986 si
860 931 1000 1000 ﬁlius
1027 930 1123 984 Dei
1145 946 1218 984 es.
1249 929 1400 984 Licet
1441 928 1769 983 esurientem
1801 927 2024 996 videret,

431 1025 783 1096 quadraginta
816 1033 992 1078 tamen
1038 1023 1246 1078 dierum
1277 1022 1329 1076 in
1362 1021 1709 1091 eojejunium
1743 1022 2030 1090 pertimes—

432 1119 607 1175 cebat.
635 1117 753 1186 Qua
785 1132 967 1172 rerum
1001 1117 1210 1172 ratione
1258 1115 1480 1180 indicat,
1529 1123 1651 1185 post
1680 1114 2029 1186 quadraginta

432 1213 644 1270 dierum
675 1210 1393 1282 conversationem,qnibus
1453 1219 1572 1279 post
1621 1210 1924 1278 passionem
1976 1209 2028 1264 in

436 1305 638 1362 sacculo
667 1312 784 1360 erat
809 1309 1264 1371 commoraturus,
1295 1301 1642 1357 esuritionem
1692 1316 1750 1356 se
1782 1301 2030 1356 humanae

437 1399 627 1455 salutis
648 1398 970 1454 habiturum.
998 1397 1115 1466 Quo
1141 1396 1194 1450 in
1224 1405 1488 1465 tempore,
1518 1404 1888 1466 exspectatura
1919 1395 2030 1449 Deo

438 1491 579 1562 patri
629 1505 844 1556 munus,
895 1490 1170 1544 hominem
1226 1503 1383 1558 quem
1432 1497 1802 1557 assumpserat
1847 1499 2032 1556 repor-

436 1583 588 1638 tavit.

508 1677 562 1732 5.
613 1675 752 1742 Quid
789 1675 1018 1729 diabolus
1075 1673 1266 1728 Christi
1311 1673 1549 1726 deitatem
1602 1670 1893 1741 explorare,
1948 1669 2025 1724 uel

2134 467 2230 523 Dei
2258 466 2390 534 filio,
2422 483 2598 538 neque
2631 469 2682 523 in
2731 469 2962 538 lapidem
3013 484 3173 539 posse
3226 468 3542 526 offensionis
3594 472 3730 527 inci-

2131 559 2478 633 dere(Psal.
2525 579 2612 629 xc,
2649 563 2715 618 12
2751 573 2799 617 et
2830 565 2896 619 15
2924 561 2982 634 );
3035 566 3233 635 quippe
3277 580 3440 635 super
3489 564 3730 634 aspidem

2131 666 2189 712 et
2233 656 2541 711 basiliscum
2572 657 2995 725 ambulaturum,
3043 668 3098 713 et
3141 659 3470 713 calcaturum
3521 659 3731 714 leonem

2133 757 2186 803 et
2235 748 2550 804 draconem.
2586 749 2659 804 De
2688 733 2771 804 his
2798 750 2942 804 enim
2985 764 3107 820 quae
3135 751 3184 804 in
3215 766 3275 806 se
3313 750 3454 806 dicta
3483 761 3610 806 sunt
3651 760 3732 806 ta-

2132 842 2246 896 cuit
2276 858 2292 907 ;
2345 842 2441 897 sed
2465 842 2746 913 superiora
2776 842 3149 909 memorando,
3193 843 3307 897 vult
3333 858 3548 914 quoquo
3573 843 3735 900 modo

2132 935 2496 992 obedientiam
2571 938 2772 992 elicere
2828 936 2905 1008 (b)
2959 945 3211 1002 tentato;
3283 936 3552 991 relaturus
3608 937 3734 993 hinc

2132 1029 2382 1100 gloriam,
2415 1029 2461 1084 si
2488 1029 2587 1084 sibi
2622 1029 2882 1084 Dominus
2932 1030 3251 1097 majestatis,
3286 1026 3413 1082 licet
3459 1043 3555 1098 per
3599 1044 3732 1083 con-

2135 1119 2432 1188 fidentiam,
2463 1121 2749 1190 paruisset.
2777 1118 2882 1175 Sed
2907 1120 3050 1175 nulla
3075 1119 3290 1174 diabolo
3313 1120 3540 1190 contigit
3569 1129 3732 1177 tanta:

2133 1211 2336 1267 fraudis
2363 1214 2599 1280 occasio,
2626 1213 2856 1284 idipsum
2911 1213 3140 1268 Domino
3170 1225 3410 1284 tempore
3433 1218 3731 1286 posteriore

2134 1311 2386 1373 testante,
2417 1321 2537 1360 cum
2569 1306 2729 1361 dicit:
2762 1305 2921 1362 Venit
2967 1308 3216 1376 princeps
3247 1307 3403 1376 hujus
3438 1309 3644 1372 saeculi,
3677 1318 3733 1363 et

2135 1411 2241 1450 non
2269 1395 2473 1452 invenit
2499 1398 2549 1450 in
2583 1412 2669 1452 me
2699 1398 2987 1468 quidquam
3019 1397 3210 1468 (Joan.
3245 1414 3353 1464 xw,
3385 1399 3454 1454 5t)
3483 1398 3524 1469 ).
3565 1399 3730 1470 Digna

2135 1485 2295 1556 igitur
2316 1487 2453 1542 hanc
2484 1489 2600 1557 ejus
2630 1489 2980 1558 petulantiam
3027 1489 3238 1543 Domini
3270 1500 3371 1544 est
3402 1500 3586 1546 secuta
3641 1507 3731 1547 re-

2143 1579 2362 1646 sponsio
2419 1597 2431 1631 :
2481 1579 2603 1633 Non
2661 1579 2875 1634 tentabis
2927 1579 3094 1633 Deum
3169 1590 3215 1634 et
3269 1579 3546 1636 Dominum
3593 1590 3734 1636 tuum

2139 1665 2159 1739 (
2189 1666 2382 1721 Matth.
2435 1685 2508 1734 IV,
2544 1669 2575 1722 7
2609 1668 2648 1742 ).
2683 1671 2890 1726 Diaboli
2919 1680 3143 1726 conatus
3200 1681 3255 1726 et
3305 1682 3629 1728 tentamenta
3661 1671 3734 1748 (ε)

438 1767 738 1840 patientiam
785 1776 936 1821 tentet
983 1765 1238 1837 frangere.
1263 1762 1496 1818 Christus
1521 1761 1661 1816 Deus
1701 1772 1748 1816 et
1790 1761 2038 1816 homo.—
2066 1767 2112 1827 B
2141 1759 2501 1823 contundens,
2539 1769 2594 1814 et
2624 1762 2789 1814 Deum
2817 1777 2875 1816 se
2925 1771 3254 1832 protestatur
3299 1777 3355 1819 et
3410 1765 3732 1823 Dominum:

437 1860 813 1917 Contuendum
845 1861 1026 1930 itaque
1078 1873 1221 1913 nunc
1268 1856 1399 1911 illud
1447 1865 1551 1922 est,
1600 1855 1793 1925 quibus
1817 1855 2032 1909 tandem

438 1952 951 2022 interrogationibus
1005 1965 1134 2004 usus
1161 1948 1250 2004 sit.
1286 1949 1409 2002 Ait:
1467 1947 1528 2002 Si
1573 1945 1740 2019 678
1769 1947 1907 2015 ﬁlius
1937 1945 2036 2000 Dei

437 2062 512 2113 es,
544 2047 630 2099 die
661 2054 716 2099 ut
745 2044 941 2116 lapides
968 2044 1051 2096 isti
1076 2058 1234 2114 panes
1266 2041 1413 2109 ﬁant.
1449 2039 1634 2094 Fallax
1683 2038 1953 2103 diabolus,
1981 2046 2035 2093 et

439 2140 506 2196 ad
551 2137 942 2194 traducendum
989 2136 1183 2190 artifex
1217 2132 1622 2197 callidissimus,
1652 2145 1812 2201 posse
1856 2130 2034 2184 omnia

438 2231 712 2288 Christum
743 2229 964 2294 sciebat,
996 2236 1050 2282 et
1078 2225 1428 2281 esuritionem
1461 2224 1514 2278 in
1547 2222 1766 2277 homine
1797 2237 1864 2276 ex
1919 2223 2036 2291 ipso

435 2323 630 2395 jejunii
677 2330 920 2392 tempore
964 2317 1252 2384 sentiebat,
1299 2317 1516 2387 ignarus
1563 2315 1816 2386 quidnam
1863 2313 2035 2370 esuri-

439 2427 609 2474 retur.
671 2415 800 2470 Eam
858 2427 987 2484 ergo
1038 2413 1090 2466 in
1144 2410 1400 2465 tentando
1444 2407 1806 2464 conditionem
1858 2407 2037 2477 operis

340 2578 345 2582 .
440 2509 746 2581 proposuit,
778 2521 876 2577 per
903 2520 1061 2575 quam
1093 2511 1148 2558 et
1174 2505 1224 2556 in
1276 2502 1408 2566 Deo,
1454 2516 1520 2556 ex
1560 2501 1927 2555 demutatione
1956 2499 2036 2553 la-

441 2601 626 2674 pidum
674 2599 726 2654 in
776 2612 965 2668 panes,
993 2596 1246 2650 virtutem
1295 2593 1574 2663 potestatis
1601 2600 1956 2662 agnosceret;
1986 2597 2040 2645 et

442 2694 497 2750 in
543 2691 782 2755 homine,
813 2689 1210 2744 oblectamento
1259 2686 1386 2749 eihi,
1432 2685 1740 2754 patientiam
1791 2683 1868 2755 (a)
1919 2698 2041 2738 esu-

442 2784 950 2844 ritionisilluderet.
984 2782 1091 2838 Sed
1123 2781 1380 2835 Dominus
1430 2795 1535 2834 non
1593 2793 1783 2848 panem
1837 2777 2038 2846 potius,

445 2897 606 2953 quam
635 2880 864 2935 salutem
893 2876 1168 2931 hominum
1197 2873 1444 2930 esuriens
1469 2912 1484 2938 ,
1513 2871 1585 2926 ait
1617 2888 1628 2925 :
1682 2869 1804 2924 Non
1829 2870 1881 2923 in
1911 2885 2043 2940 pane

449 2976 561 3030 solo
612 2974 731 3028 vivit
782 2969 1139 3043 homo(1bid.
1194 2967 1274 3037 4)
1325 2983 1337 3020 :
1384 2967 1506 3038 quia
1556 2965 1671 3036 ipse
1715 2979 1821 3018 non
1869 2963 2043 3018 solum

444 3068 632 3133 homo,
664 3066 756 3123 sed
786 3074 840 3122 et
871 3066 1031 3128 Deus,
1061 3063 1188 3117 licet
1219 3075 1390 3129 usque
1437 3060 1489 3113 in
1541 3057 1854 3113 tentationis
1901 3056 2044 3110 diem

2139 1852 2340 1909 docens
2369 1869 2400 1908 a
2448 1852 2697 1909 fidelibus
2727 1854 2915 1909 abesse
2955 1864 3205 1924 Oportere
3245 1855 3582 1925 jactantiam,
3613 1857 3735 1927 quia

2136 1961 2258 2000 cum
2311 1946 2489 2000 omnia
2520 1945 2796 2015 possibilia
2825 1946 2937 2001 Deo
2967 1948 3092 2014 sint,
3132 1947 3263 2002 nihil
3294 1958 3468 2004 tamen
3514 1949 3567 2003 in
3620 1958 3737 2006 ten-

2138 2037 2400 2092 tationem
2425 2037 2541 2106 ejus
2566 2038 2872 2092 audendum
2913 2039 3002 2092 sit.

2211 2131 2263 2185 5.
2303 2129 2659 2184 Tentationum
2698 2130 2892 2186 Christi
2917 2131 3049 2186 idem
3072 2133 3218 2198 ordo,
3261 2135 3348 2204 qui
3377 2133 3524 2188 Adte.
3555 2133 3739 2190 Honor

2137 2224 2332 2290 δίει-ηιξ,
2365 2239 2493 2293 opus
2520 2223 2736 2278 diaboli.
2767 2253 2838 2264 —
2862 2223 2967 2280 Sed
2984 2223 3096 2294 jam
3130 2227 3288 2281 tertio
3315 2234 3424 2280 tota
3454 2226 3737 2284 diabolicae

2141 2315 2422 2385 potestatis
2481 2323 2852 2370 commovetur
2898 2315 3140 2371 ambitio.
3216 2318 3522 2373 Constituto
3576 2321 3737 2391 igitur

2141 2409 2370 2464 Domino
2417 2410 2468 2464 in
2507 2417 2689 2464 monte
2732 2410 2970 2475 excelso,
3000 2410 3248 2466 universa
3294 2413 3441 2467 orbis
3471 2422 3736 2470 terrarum

2140 2517 2328 2573 regna,
2369 2517 2663 2572 eorumque
2707 2503 2930 2573 gloriam
2970 2503 3188 2572 obtulit,
3239 2507 3282 2560 si
3331 2506 3494 2563 modo
3543 2508 3740 2564 adora-

2143 2604 2296 2650 retur
2341 2595 2454 2665 ipse
2499 2594 2673 2666 (Ibid.
2727 2597 2758 2651 8
2823 2605 2871 2650 et
2920 2594 3025 2667 9).
3087 2597 3204 2652 Jam
3251 2600 3464 2668 gemina
3515 2615 3740 2672 respon-

2146 2688 2298 2742 sione
2327 2688 2633 2758 opinionem
2685 2688 3006 2759 suspicionis
3033 2700 3360 2744 excesserat.
3391 2688 3525 2746 Cibo
3569 2693 3741 2748 Adam

2143 2780 2460 2850 pellexerat,
2489 2788 2544 2834 et
2587 2779 2655 2834 de
2685 2779 2918 2850 paradisi
2950 2781 3120 2851 gloria
3172 2782 3224 2836 in
3277 2787 3482 2852 peccati
3538 2785 3738 2853 locum,

2155 2872 2207 2928 id
2246 2882 2348 2938 est,
2378 2873 2430 2927 in
2459 2873 2732 2943 regionem
2765 2875 2944 2928 vetitae.
2987 2874 3194 2929 arboris
3229 2873 3557 2932 deduxerat:
3587 2878 3746 2933 tertio

2147 2965 2313 3021 divini
2343 2965 2574 3020 nominis
2627 2965 2921 3021 ambitione
2965 2976 3302 3037 corruperat,
3351 2967 3456 3025 diis
3503 2969 3740 3025 futurum

2149 3057 2381 3112 similem
2427 3057 2752 3126 pollicendo.
2784 3057 2946 3127 Igitur
2995 3057 3255 3114 adversus
3301 3059 3587 3116 Dominum
3637 3071 3746 3119 tota

445 3165 571 3221 cibo
596 3161 832 3217 hominis
861 3159 1178 3223 abstineret,
1209 3155 1301 3211 Dei
1331 3165 1509 3208 tamen
1534 3152 1736 3223 Spiritu
1765 3151 2037 3205 alebatur:
2070 3155 2116 3219 (ς
2141 3150 2253 3221 jam
2290 3149 2472 3203 saeculi
2501 3158 2768 3218 potestate
2799 3158 3085 3220 pugnatur,
3114 3158 3168 3206 et
3193 3147 3441 3206 Creatori
3483 3167 3582 3208 suo
3623 3170 3748 3225 pos-

447 3253 739 3312 ostendens
788 3268 893 3306 non
942 3249 995 3304 in
1046 3264 1185 3320 pane
1220 3247 1320 3301 hoc
1348 3247 1610 3310 solitario,
1640 3243 1734 3299 sed
1765 3243 1817 3297 in
1867 3242 2046 3298 Verbo

450 3348 547 3404 Dei
577 3345 890 3402 alimoniam
921 3341 1238 3397 mternitatis
1277 3354 1398 3393 esse
1446 3336 1786 3406 sperandam.

449 3454 462 3491 ις
523 3443 579 3497 ὦ.
631 3439 883 3496 Diabolus
909 3438 1026 3492 silet
1051 3451 1162 3507 quae
1193 3441 1372 3488 contra
1401 3448 1454 3485 se
1481 3448 1494 3484 :
1519 3430 1774 3501 jactanlia
1801 3428 2044 3482 cavenda.

451 3535 786 3604 ——Sequens
809 3530 972 3586 etiam
1004 3526 1356 3597 interrogatio
1387 3523 1508 3578 talis
1548 3532 1651 3588 est,
1691 3537 1810 3577 cum
1842 3537 1961 3576 eum
1994 3521 2049 3574 in

454 3642 724 3686 summum
783 3623 968 3693 templi
1015 3619 1359 3675 sustulisset:
1411 3615 1473 3671 Si
1501 3615 1642 3683 [ilius
1675 3615 1767 3667 Dei
1807 3629 1878 3677 es,
1911 3613 2052 3665 mitte

455 3731 505 3778 te
531 3723 790 3783 deorsum,
827 3725 880 3772 et
907 3713 1114 3782 reliqua
1143 3709 1315 3782 (Ibid.
1348 3708 1380 3763 6
1417 3707 1459 3780 ).
1492 3707 1723 3760 Laborat
1755 3703 2052 3758 tentatione

455 3815 743 3871 Dominum
801 3809 869 3864 de
919 3806 1151 3862 excelsis
1203 3803 1270 3857 ad
1320 3800 1587 3856 inferiora
1619 3797 1887 3876 deducere
1937 3814 1949 3849 :
1999 3805 2053 3851 et

456 3905 692 3979 positum
732 3903 785 3956 in
832 3899 1013 3970 templi
1045 3909 1296 3961 summo,
1349 3893 1400 3947 id
1450 3903 1557 3957 est,
1605 3904 1767 3960 super
1807 3889 1952 3959 leges
1997 3898 2054 3943 et

460 3995 751 4072 prophetas
773 3993 1122 4054 eminentem,
1153 3988 1205 4042 in
1239 3983 1528 4041 humilibus
1576 3983 1874 4038 continere.
1897 3980 2048 4036 Scie-

460 4153 646 4212 quere.
679 4135 811 4212 Cum
852 4129 1293 4212 antem.su_hji-cit_
1340 4126 1612 4182 hominem
1671 4123 1799 4212 ideo
1842 4131 2050 4212 natura:

461 4195 575 4266 s'uae
602 4207 936 4268 derelictum,
970 4203 1093 4274 quia
1120 4195 1361 4274 diabolus
1411 4213 1440 4251 a
1485 4212 1668 4274 carne,
1703 4210 1807 4274 non
1834 4212 1890 4274 _a
1942 4195 2050 4274 Deo

462 4290 583 4336 erat
610 4277 904 4333 vincendus
924 4266 945 4340 ';
988 4266 1196 4329 'diserte
1224 4269 1462 4346 declarat
1491 4283 1548 4322 se
1578 4268 1794 4346 virtutis,
1815 4266 2050 4346 derelin-

463 4350 678 4420 quentis
707 4337 1184 4420 nominedivinam
1231 4340 1393 4396 Verbi
1437 4337 2046 4420 naturamjtitelligere.

467 4407 638 4480 Simili
669 4419 877 4475 ratione
900 4414 1134 4490 ostendit
1180 4426 1403 4490 numero
1447 4409 1730 4490 superiori,
1773 4407 2046 4490 Christum

465 4509 576 4549 non
629 4501 888 4547 tentatum
935 4486 1102 4541 fuisse
1158 4486 1257 4538 nisi
1312 4497 1432 4536 cum
1481 4480 1667 4543 voluit,
1715 4493 1836 4533 cum
1887 4480 2047 4532 nimi-

464 4580 586 4620 rum
613 4564 842 4632 Spiritus
885 4555 1279 4632 sanctus,_hoc
1331 4563 1412 4608 est
1462 4551 1734 4632 .Vcrbum,‘
1782 4549 2050 4632 hominem

467 4651 625 4692 suum
658 4620 889 4687 'diabolo
937 4626 1248 4684 tentandum
1306 4623 1569 4694 permisit,
1612 4632 1667 4694 ut
1725 4620 2056 4694 in_homi_ne

469 4691 797 4761 vinceretur.
828 4701 905 4756 ita
935 4715 999 4755 ex
1030 4700 1094 4752 iis
1124 4697 1252 4766 ipsis
1282 4691 1434 4766 locis,
1467 4709 1530 4766 ex
1563 4691 1754 4766 quibus
1801 4691 2053 4746 haeresim

470 4792 623 4832 suam
654 4775 792 4830 tueri
821 4764 1176 4832 conabantur,
1228 4767 1342 4820 sive
1391 4764 1706 4829 Hehionite,
1763 4776 2056 4830 eorumque

472 4831 770 4904 sectatores
799 4843 990 4897 Paulus
1016 4831 1285 4895 Samosat.
1313 4847 1473 4906 atque
1502 4835 1778 4906 Photinus,
1803 4831 1891 4903 qni
1920 4833 2050 4906 nihil

471 4919 529 4974 in
579 4917 792 4972 Christo
824 4923 1018 4983 przeter
1064 4908 1338 4983 hominem
1388 4904 1529 4960 esse
1579 4904 1910 4983 asserebant,
1945 4904 2058 4957 sive

474 4988 680 5052 Ariani,
709 4987 798 5055 qui
825 4975 1060 5038 divinam
1092 4982 1145 5033 in
1192 4979 1307 5055 ipso
1327 5048 1338 5055 _
1361 4986 1603 5055 naturam
1633 4975 1886 5055 nolebant
1917 4987 2054 5055 con-

476 5060 617 5114 fiteri
650 5046 678 5111 ι’
711 5046 777 5112 ex
830 5057 914 5118 iis,
949 5056 1184 5122 inquam,
1241 5048 1372 5122 locis
1415 5046 1658 5122 studiose
1683 5046 2056 5100 demonstrare

476 5131 635 5193 solet,
668 5137 722 5183 et
749 5127 802 5181 in
827 5115 1043 5180 Christo
1071 5119 1269 5190 aliquid
1299 5129 1490 5187 praeter
1519 5115 1878 5193 honiinet_i_i_ac
1898 5129 2057 5184 supra

479 5187 754 5256 hominem
781 5212 920 5260 esse,
946 5204 998 5249 et
1031 5194 1132 5246 hoc
1161 5187 1332 5260 ipsum
1373 5201 1492 5260 esse
1515 5188 1711 5260 Deum.
1744 5187 1876 5241 l'linc
1901 5200 2060 5240 nemo

478 5288 588 5328 non
606 5271 746 5326 videt
772 5283 868 5324 cur
894 5257 1218 5336 singularem
1238 5259 1383 5312 illam
1399 5257 1601 5336 Christi
1619 5268 1882 5336 naturam,
1899 5271 2058 5336 quam

481 5325 719 5398 divinam
747 5341 861 5411 ipse
893 5325 1160 5411 iutEIIigit,
1186 5347 1287 5411 non
1316 5330 1538 5411 proprio
1556 5325 1652 5411 Dei
1697 5325 1936 5411 nomine,
1967 5327 2061 5381 sed

479 5400 823 5484 generalibus
841 5400 1144 5484 spiritus'et
1171 5403 1367 5484 virtutis
1394 5400 1667 5454 vocabulis
1696 5400 1944 5454 maluerit
1968 5413 2063 5467 ap-

484 5474 704 5554 pellare,
737 5474 947 5554 putant
968 5477 1033 5554 ad
1048 5474 1424 5554 haereticorum
1442 5485 1834 5554 sermonem'se
1855 5484 2068 5554 accom-

483 5539 752 5610 inodaret:
803 5553 961 5607 Certe
986 5547 1182 5601 virtutis
1231 5543 1571 5606 vocabulum,
1614 5541 1701 5595 ubi
1751 5540 1952 5595 Hilario
2001 5539 2068 5594 de

485 5626 705 5681 Christo
756 5638 936 5678 sermo
981 5627 1088 5685 est,
1121 5617 1186 5670 ad
1213 5617 1445 5669 divinam
1474 5613 1640 5685 ipsius
1669 5622 1912 5685 naturam
1962 5625 2068 5685 non

486 5696 682 5753 referri
738 5682 1546 5764 nusquamanimadvertimus.
1586 5684 1681 5764 “De
1737 5682 1976 5764 ej_usdem
2022 5683 2069 5736 vi

488 5782 597 5824 non
627 5753 892 5837 ambiget',
939 5761 1027 5833 qui
1077 5759 1157 5814 vcl
1189 5775 1349 5814 unum
1386 5767 1545 5827 caput
1585 5753 1639 5821 9,
1689 5755 1825 5821 n.7,
1876 5768 2071 5825 espen-

2148 3244 2321 3298 sessio
2349 3243 2506 3313 hujus
2532 3243 2898 3299 universitatis
2937 3243 3162 3300 offertur
3197 3263 3210 3297 :
3267 3254 3325 3299 ut
3363 3256 3553 3303 tenens
3598 3248 3747 3304 ordi-

2151 3351 2273 3391 nem
2305 3336 2509 3391 fraudis
2530 3335 2787 3406 antiquae,
2825 3352 2983 3405 quem
3026 3351 3200 3407 neque
3255 3335 3422 3409 679
3465 3339 3588 3394 cibo
3638 3340 3750 3409 pel-

2151 3429 2382 3492 lexerat,
2413 3444 2514 3484 nec
2542 3429 2660 3484 loco
2714 3439 2978 3492 moverat,
3011 3444 3153 3484 nunc
3179 3430 3262 3484 vel
3299 3431 3594 3486 ambitione
3625 3447 3750 3487 cor-

2153 3531 2449 3590 rumperet,
2485 3519 2593 3574 Sed
2617 3519 2902 3589 responsio
2925 3519 3136 3573 Domini
3167 3519 3386 3588 dignum
3416 3522 3482 3576 de
3506 3524 3751 3592 superio-

2155 3613 2307 3667 ribus
2355 3611 2579 3681 gradum
2635 3609 2781 3665 fecit.
2845 3609 2936 3663 Ait
2983 3610 3167 3664 enim:
3209 3608 3354 3664 Vade
3414 3611 3494 3683 (ά)
3548 3623 3752 3670 satana.

2157 3702 2421 3772 Scriptum
2446 3711 2517 3756 est
2563 3700 2718 3764 enim,
2774 3699 3050 3754 Dominum
3095 3699 3254 3755 Deunt
3284 3710 3428 3756 tuum
3480 3705 3746 3774 adorabis,

2155 3805 2202 3849 et
2240 3795 2320 3847 illi
2344 3794 2440 3848 soli
2465 3796 2648 3848 servies
2674 3793 2691 3864 (
2717 3790 2856 3848 Ibid.
2907 3793 3016 3866 10).
3047 3793 3388 3851 Tenteritalis
3420 3806 3584 3854 tantae
3621 3814 3752 3855 eon-

2154 3901 2345 3957 gruum
2389 3886 2591 3941 exitum
2638 3886 2780 3952 tulit,
2812 3901 2932 3941 cum
2979 3897 3032 3942 et
3081 3888 3369 3943 criminum
3422 3905 3643 3946 suorum
3700 3893 3753 3948 in

2155 3991 2337 4036 satana
2364 3995 2560 4035 nomen
2593 3979 2818 4045 audivit,
2851 3990 2906 4036 et
2932 3980 3221 4036 Dominum
3241 3981 3411 4037 Deum
3443 3997 3597 4040 suum
3626 3986 3758 4043 ado-

2153 4123 2317 4198 derit.
2353 4123 2449 4178 Hic
2470 4137 2632 4198 porro
2659 4123 2812 4198 locus
2841 4121 2907 4176 ad
2933 4123 3594 4198 _i|lustrandamejusdem
3621 4126 3751 4185 doc-

2154 4196 2288 4250 toris
2319 4205 2430 4248 tum
2462 4193 2530 4249 de
2563 4195 2812 4264 passione
2842 4193 2952 4249 tum
2991 4195 3059 4251 de
3085 4206 3258 4250 morte
3289 4193 3487 4252 Christi
3535 4209 3754 4256 senten-

2155 4267 2282 4320 tiam
2313 4273 2422 4320 tam
2454 4274 2607 4333 aptus
2632 4265 2782 4320 visus
2831 4275 2934 4331 est,
2964 4274 3024 4320 ut
3072 4282 3196 4322 eum
3224 4283 3330 4322 non
3360 4269 3754 4329 ineunsiderate

2155 4335 2541 4391 transeundum
2571 4335 2904 4392 duxerimus.
2931 4336 3011 4392 Ex
3040 4353 3105 4394 eo
3135 4341 3331 4408 quippe
3359 4339 3522 4409 liquet
3565 4357 3750 4398 veram

2162 4423 2289 4463 eum
2369 4417 2439 4480 et,
2492 4409 2828 4480 corporalem
2897 4409 3130 4463 esuriem
3177 4409 3390 4464 Christo
3432 4412 3750 4480 attribuere,

2195 4480 2401 4532 uamvis
2431 4478 2588 4544 hujus
2611 4481 2897 4534 occasione
2937 4481 3231 4550 spiritalem
3264 4481 3549 4545 quamdam
3607 4478 3749 4550 pra};

2079 4540 2130 4599 D
2155 4495 2318 4604 ﬂiCcI.
2347 4548 2412 4604 Ut
2438 4549 2564 4604 quid
2595 4550 2737 4604 enim
2775 4550 2935 4604 homo
2966 4560 3086 4604 post
3115 4550 3371 4604 ieiunium
3403 4563 3608 4604 natura:
3638 4570 3749 4604 sum

2197 4551 2318 4604 iect.
2347 4548 2412 4620 Ut
2438 4549 2564 4620 quid
2595 4550 2737 4604 enim
2775 4550 2935 4604 homo
2966 4548 3086 4620 post
3107 4550 3371 4619 jejunium
3403 4548 3751 4609 naturaisua:

2160 4636 2188 4674 a
2223 4621 2332 4675 Deo
2352 4619 2638 4675 deri-lictus
2666 4628 2769 4683 est,
2814 4619 2917 4674 nisi
2957 4619 3017 4692 ut
3067 4628 3339 4692 pateretur
3387 4638 3506 4692 qua:
3553 4639 3620 4678 ex
3675 4624 3751 4692 ie-

2155 4691 2310 4761 junio
2351 4692 2625 4745 hominum
2669 4700 2858 4744 natura
2917 4691 3021 4759 pati
3049 4691 3240 4760 solet?
3285 4695 3581 4759 przesertim
3628 4691 3750 4750 cum

2160 4761 2421 4830 Spiritalis
2457 4763 2541 4833 illa
2597 4763 2786 4816 salutis
2837 4761 3086 4815 humana:
3129 4762 3305 4833 fames
3354 4778 3528 4833 neque
3584 4765 3749 4821 Deum

2160 4833 2436 4887 dedeceat.
2481 4832 2665 4902 Neque
2721 4847 2849 4886 vero
2910 4833 3011 4902 nisi
3075 4832 3141 4886 ad
3211 4832 3525 4902 corpoream
3572 4839 3748 4892 esuri-

2164 4905 2364 4957 tionem
2415 4901 2666 4970 pertinet,
2699 4902 2840 4972 quod
2870 4901 3235 4958 aitdiaholum
3290 4901 3342 4958 in
3390 4905 3606 4962 Christo
3648 4907 3751 4964 ho-

2160 4976 2304 5028 mine
2333 4973 2732 5055 peresuritionis
2765 4973 3114 5042 inﬁrmitatem
3160 4991 3219 5028 ea
3242 4990 3357 5046 qua:
3384 4987 3504 5032 sunt
3534 4979 3754 5037 hominis

2163 5061 2560 5100 ῐθοοεηυνιεεθ.

2235 5087 2406 5187 (aiio
2451 5115 2654 5187 aliquot
2678 5128 2807 5170 mss.
2841 5115 3124 5169 esurientis.
3175 5115 3271 5172 llic
3316 5134 3526 5175 rursum
3558 5121 3610 5176 in
3657 5121 3756 5176 hu-

2164 5185 2793 5260 mana_Christi_natura
2851 5200 3169 5254 corpoream
3228 5194 3473 5260 agnoscit
3524 5193 3755 5248 Hilarius

2165 5257 2533 5330 esuritionem,
2567 5257 2896 5330 itauveram,
2931 5266 3113 5330 utrper
3160 5257 3284 5314 eani
3327 5263 3594 5330 patientiae
3642 5277 3756 5318 me-

2165 5327 2328 5399 ritum
2359 5328 2595 5381 obtineat
2623 5327 2816 5381 diaboli
2848 5327 3048 5381 invidia
3077 5329 3319 5399 dignum.

2239 5398 2310 5469 (b)
2341 5401 2578 5464 Quatuor
2607 5413 2746 5471 mss1
2789 5407 3025 5453 tentatur.
3067 5398 3187 5454 Mox
3235 5420 3323 5471 per
3365 5402 3748 5470 conﬁdentiam,

2168 5467 2220 5522 id
2266 5467 2366 5534 est,
2425 5479 2481 5522 ut
2510 5483 2688 5523 rerum
2723 5469 2978 5524 Dominus
3008 5487 3020 5523 :
3053 5467 3252 5526 natura:
3287 5467 3474 5526 scilicet
3501 5473 3611 5534 eius
3639 5467 3759 5527 con-

2170 5539 2432 5608 fidentiam
2478 5555 2579 5592 non
2623 5539 2832 5611 roblitus,
2859 5558 2962 5611 qua
3011 5543 3063 5596 in
3102 5546 3449 5609 assumptione
3500 5544 3616 5598 licet
3669 5546 3762 5600 ho-

2173 5612 2324 5683 minis
2355 5627 2455 5683 non
2495 5610 2813 5683 cgrebat,_ut
2841 5610 3074 5683 IOquitur
3117 5615 3168 5668 in
3201 5615 3332 5683 psal.
3362 5629 3467 5677 Liv,
3499 5628 3554 5669 η.
3585 5615 3642 5670 2.

2271 5681 2320 5748 c)
2353 5682 2480 5736 Mss.
2508 5678 2696 5746 Carn.,
2727 5678 3093 5748 Rom.,_Colb.
3133 5678 3479 5739 contemnens.

2313 5757 2330 5823 )
2359 5750 2712 5810 Carnutensis
2749 5754 2944 5824 codex,
2973 5753 3099 5810 vade
3123 5764 3257 5809 retro
3286 5764 3400 5826 post
3424 5772 3526 5831 nte,
3559 5767 3766 5818 satana.
