4172 6188
381 238 489 298 935

1317 232 1857 295 COMMENTARIUS
1890 235 1956 294 1s
1998 222 2429 297 narrarem.
2461 236 2616 296 esp.
2655 236 2742 296 1v.
2771 263 2782 285 ι

3568 240 3669 303 934

451 355 506 410 ϐ.
554 353 702 409 Beati
746 351 1140 416 misericordes;
1187 354 1430 423 quoniam
1478 356 1607 424 ipsis
1656 355 1974 410 miserebitur
2006 357 2052 418 Α
2077 369 2174 411 eos
2211 352 2541 410 beatitudine
2569 358 2904 416 muneratur,
2939 349 3133 417 quibus
3160 350 3340 405 omnia
3391 365 3487 420 pro
3518 355 3678 410 Chri-

383 451 523 507 Deus
549 449 764 522 (Matth.
795 465 848 513 v,
879 447 956 519 7).
987 448 1420 504 Misericordibus
1448 449 1837 506 misericordia:
1854 465 1976 504 mn-

381 559 511 599 nera
558 550 846 613 pricparat.
896 541 952 596 ln
1000 552 1205 598 tantum
1235 543 1376 597 enim
1411 543 1550 599 Deus
1577 543 1977 600 benevolentia:

380 644 580 691 nostrae
598 635 650 689 in
682 648 872 689 omnes
901 633 1203 690 delectatur
1226 635 1440 700 aﬂectu,
1462 645 1519 690 ut
1551 637 1977 691 misericordiam

379 741 533 782 suam
561 726 634 779 sit
660 723 734 794 (α)
766 725 896 779 solis
922 725 1362 782 miserioordibus
1389 726 1750 796 prmstiturns.

455 818 506 872 7.
544 815 642 870 Dei
667 826 996 886 conspectum
1026 821 1162 887 ferre
1190 819 1361 888 nequit
1396 818 1715 872 immundus.
1741 849 1812 859 —-
1836 819 1981 874 Beati

385 908 576 964 tuendo
607 908 799 974 corde;
825 910 1068 978 quoniam
1112 908 1277 962 Deum
1308 909 1408 978 ipsi
1437 909 1672 963 uidebunt
1704 908 1752 981 (Ι
1763 909 1866 962 bid.
1898 907 1978 980 8).

383 1001 596 1058 Mnndis
641 1001 808 1057 corde
832 1013 1182 1072 conspectum
1217 1003 1308 1058 Dei
1355 1002 1607 1072 spondet.
1656 1001 1800 1056 Nihil
1832 1003 1977 1057 enim

388 1096 658 1167 pollutum
684 1104 740 1150 et
766 1093 1047 1150 sordidum
1071 1094 1138 1150 ad
1167 1109 1453 1150 occursum
1473 1094 1676 1150 divinae
1718 1094 1984 1150 claritatis

387 1187 608 1251 insistit,
659 1195 717 1242 et
768 1185 835 1241 ad
876 1196 1230 1255 conspectum
1295 1187 1388 1242 Dei
1438 1188 1583 1244 acies
1609 1185 1686 1259 (ὁ)
1712 1187 1984 1243 obsoletis

390 1281 588 1335 mentis
615 1277 941 1334 hebetatur:
989 1294 1084 1334 eos
1114 1279 1322 1334 scilicet
1350 1288 1407 1334 et
1453 1280 1594 1334 visui
1635 1289 1691 1334 et
1737 1280 1985 1335 occursul

400 1373 500 1428 Dei
530 1387 647 1428 esse
669 1371 744 1444 (e)
781 1381 1049 1441 patentes,
1079 1372 1274 1442 quibus
1300 1388 1396 1442 per
1435 1373 1597 1428 animi
1645 1374 1874 1429 nitorem
1925 1388 1989 1430 ac

398 1466 520 1520 vitta
569 1465 854 1534 puritatem
910 1475 1148 1534 potestas
1194 1466 1264 1520 sit
1311 1467 1625 1522 eontuendi.
1677 1467 1794 1522 Non
1843 1469 1986 1523 enim

395 1558 498 1612 nisi
548 1557 737 1628 spiritu
785 1557 1034 1627 perfecti,
1067 1555 1148 1630 (ά)
1175 1567 1230 1612 et
1259 1559 1664 1615 immortalitate
1697 1562 1984 1627 immutati,

393 1649 537 1719 quod
575 1649 709 1704 solis
740 1649 954 1705 tuendis
1000 1649 1168 1704 corde
1196 1650 1519 1720 dispositum
1551 1659 1655 1718 est,
1699 1651 1802 1707 hoc
1848 1653 1989 1723 quod

396 1743 448 1797 in
480 1743 590 1798 Deo
617 1751 699 1796 est
731 1742 1034 1797 immortale
1060 1756 1366 1797 cernemus.

467 1837 520 1892 8.
547 1836 694 1890 Beati
725 1836 964 1905 paciﬁci;
992 1838 1236 1906 quoniam
1255 1837 1353 1906 ﬁlii
1377 1835 1472 1891 Dei
1492 1837 1804 1892 vocabuntur
1825 1837 1877 1912 (1
1884 1839 1988 1893 bid.

397 1930 476 1998 9).
510 1929 858 1985 Pacilicorum
889 1928 1164 1984 beatitudo
1196 1929 1502 2000 adoptionis
1539 1940 1624 1986 est
1649 1945 1885 1999 merces,
1935 1940 1994 1986 ut

400 2019 495 2074 ﬁlii
559 2021 652 2074 Dei
705 2028 985 2086 maneant;
1056 2035 1253 2091 parens
1320 2021 1464 2076 enim
1533 2022 1774 2076 omnium
1853 2023 1994 2081 Deus

397 2129 537 2168 unus
585 2122 687 2168 est.
735 2113 920 2183 Neque
963 2113 1120 2168 aliter
1159 2114 1393 2170 transire
1440 2115 1492 2168 in
1537 2115 1994 2184 nuncupationem

399 2205 619 2262 familia:
648 2205 766 2276 ejus
795 2206 1001 2273 licebit,
1027 2205 1131 2260 nisi
1159 2206 1432 2261 oblivione
1461 2221 1646 2262 earum
1675 2223 1856 2263 rerum
1907 2221 1996 2261 as-

397 2307 635 2369 sumpta,
667 2298 862 2368 quibus
901 2313 1184 2369 possemus
1225 2298 1452 2366 oﬂ‘endi,
1483 2297 1737 2355 fraternas
1765 2299 1992 2355 invicem

401 2389 682 2447 ebaritatis
713 2405 841 2460 pace
870 2390 1133 2444 vivamus.

473 2485 528 2542 9.
566 2485 708 2542 Beati
731 2487 817 2556 qui
855 2488 1253 2557 persecutionem
1284 2487 1550 2556 patiuntur
1581 2498 1790 2558 prapter
1829 2489 1993 2562 justi-

403 2581 549 2650 tiam,
579 2589 635 2636 et
661 2581 863 2652 reliqua
895 2580 1060 2655 (Ibid.
1094 2580 1206 2652 10).
1240 2581 1488 2637 Perfecta
1533 2581 1602 2636 ad
1658 2592 1989 2652 postremum

483 2763 560 2833 (α)
587 2764 756 2818 Abest
778 2763 904 2817 solis
925 2777 955 2816 a
985 2769 1215 2832 quatuor
1243 2777 1353 2816 non
1379 2762 1651 2818 inferioris
1693 2773 1835 2818 notae
1859 2779 1996 2818 mss.

411 2844 463 2888 et
491 2837 680 2889 abesse
707 2835 887 2898 debet,
919 2835 972 2905 si,
988 2835 1109 2905 sola
1155 2833 1317 2902 hujus
1359 2836 1553 2903 capitis
1576 2835 1738 2890 verba
1764 2851 1999 2905 evange-

411 2906 512 2960 lica
552 2906 928 2974 reSpir-iantur.
960 2904 1074 2959 Non
1106 2907 1462 2973 expunximtts
1511 2915 1708 2967 tamen,
1757 2922 1822 2960 ne
1865 2904 2002 2962 forte

412 2978 480 3031 ad
507 2977 669 3031 verba
692 2975 894 3032 Christi
925 2992 1043 3044 cap.
1077 2991 1204 3039 xxv,
1235 2977 1327 3041 55,
1361 2986 1635 3044 respectus
1664 2978 1752 3030 sit.

487 3048 560 3120 (b)
600 3051 815 3117 Aliquot
854 3063 984 3103 mss.
1035 3046 1286 3120 subsoleta
1327 3049 1570 3120 eminus:
1615 3059 1886 3120 corrupte.
1924 3047 2004 3101 Ah

417 3118 521 3176 hoc
568 3120 826 3175 obsoleta:
887 3119 1084 3174 mentis
1146 3118 1274 3172 vitio
1301 3119 1487 3173 aberat
1526 3119 1812 3188 propheta
1849 3161 1862 3181 ,
1917 3119 2004 3188 qui

415 3191 470 3246 in
497 3190 628 3259 psal.
658 3206 824 3255 cmi,
869 3207 922 3244 n.
969 3192 1020 3254 l,
1073 3200 1402 3259 memoratur
1447 3208 1458 3242 :

421 3257 698 3329 petentibus
724 3261 1102 3332 contemplandi
1129 3257 1226 3312 Dei
1257 3278 1401 3322 usus,
1439 3277 1526 3327 per
1574 3262 1776 3313 modica
1817 3274 1859 3314 et
1911 3261 2009 3312 di—

411 3350 594 3389 mensa
641 3334 880 3386 admissa:
929 3333 1025 3385 sibi
1069 3331 1192 3384 lucis
1241 3332 1530 3398 intervalla,
1563 3332 1633 3384 ad
1677 3333 2011 3386 consuetudi-

415 3422 535 3460 nem
561 3405 717 3459 totius
749 3404 953 3456 luminis
983 3413 1322 3474 purpuratus.

499 3474 571 3548 (ε)
602 3474 673 3528 lta
702 3491 801 3530 ms.
838 3476 960 3548 Bcc.
993 3489 1115 3548 cum
1147 3473 1378 3548 antiquis
1404 3473 1532 3548 edit.
1568 3473 1672 3528 Alii
1720 3489 1848 3548 rero
1876 3488 2009 3528 mss.

425 3544 674 3618 patientes
704 3563 721 3600 :
751 3547 888 3615 quod
922 3545 1139 3600 verbum
1181 3560 1307 3618 non,
1331 3544 1670 3618 displiceret,
1687 3545 1734 3598 si
1776 3561 1896 3599 cum
1927 3561 2015 3600 se-

426 3616 604 3674 cundo
653 3632 781 3672 casu
823 3618 1160 3686 iungeretur.
1213 3616 1421 3684 Quippe
1465 3619 1516 3670 in
1563 3616 1695 3684 psal.
1752 3630 2012 3682 cxxxvm,

425 3706 485 3745 tt.
515 3690 604 3752 2|,
645 3691 877 3742 humana
909 3688 1190 3741 inﬁrmitas
1235 3702 1521 3741 occursum
1551 3688 1639 3740 Dei
1665 3686 1849 3755 fugere
1875 3687 2016 3739 dici-

431 3773 519 3816 tur
543 3761 613 3815 ob
631 3760 1001 3832 impatientiam
1017 3759 1245 3832 visionis.
1279 3757 1500 3832 Legitur
1522 3757 1736 3825 quidem
1764 3756 2017 3832 hieapud

431 3832 554 3886 Par.
579 3827 716 3885 risus
748 3842 792 3884 et
825 3847 1064 3883 occursus
1097 3829 1187 3881 Dei
1218 3845 1325 3880 esse
1377 3828 1622 3894 patientes
1655 3845 1667 3880 :
1694 3828 1785 3882 sed
1816 3827 2021 3898 absque

431 3905 767 3958 auctoritate.
819 3901 1051 3956 Verbum
1102 3909 1272 3966 patere
1300 3899 1500 3952 Hilario
1541 3899 1800 3952 familiare
1828 3907 1931 3963 est,
1963 3908 2021 3952 ut

433 3976 617 4029 videre
643 3983 725 4026 est
753 3975 802 4026 in
831 3973 962 4041 psal.
991 3986 1171 4032 cit-vni,
1207 3975 1262 4023 et
1293 3973 1344 4023 in
1375 3969 1508 4037 psal.
1542 3985 1732 4041 cxxxr.
1758 3987 1810 4022 n.
1843 3969 1896 4023 6.

513 4043 593 4115 (d)
642 4040 860 4108 Excusi,
908 4054 951 4096 et
996 4043 1103 4106 iam
1133 4043 1442 4115 mortalitate
1485 4040 1758 4115 imnmtati.
1805 4040 2025 4115 Rectius

437 4109 640 4186 aliquot
696 4130 825 4169 mss.
882 4123 928 4166 et
996 4113 1397 4186 immortalitate,
1448 4111 1719 4186 quomodo
1767 4120 1827 4186 Aet
1883 4109 2024 4186 apud

437 4180 791 4257 Augustinum
839 4186 934 4257 lib.
980 4183 1278 4257 deNautét
1324 4180 1558 4257 Graue.
1603 4180 1855 4257 6‘2,_olitn
1899 4180 2029 4249 legit

437 4253 707 4329 Pelagius,
736 4257 824 4329 qui
865 4256 983 4310 hate
1027 4256 1213 4308 llilarii
1241 4256 1404 4329 uerba
1431 4255 1496 4329 ad
1511 4253 1749 4329 haeresis
1777 4267 1888 4329 suae
1929 4267 2028 4329 pa_—

436 4322 724 4385 trocinium
755 4322 1077 4397 detorquere
1102 4327 1411 4397 conabatur.
1444 4325 1523 4379 Ad
1565 4339 1736 4397 quem
1772 4322 2028 4397 Augusti-

441 4417 544 4456 nus
573 4400 701 4454 ibid.
757 4399 892 4466 Quid
931 4393 1124 4451 dixerit
1155 4396 1431 4466 (Hilarius)
1465 4393 1641 4449 contra
1684 4395 1738 4449 id
1780 4395 1916 4464 quod
1945 4393 2030 4466 dij

443 4474 625 4534 cimus,
659 4473 732 4524 vel
759 4465 880 4533 quid
903 4471 1056 4522 istaut
1085 4465 1402 4540 (Pelagium)
1437 4467 1663 4540 adjuvet,
1700 4469 1899 4531 nescio,
1934 4465 2033 4519 nisi

445 4545 566 4612 quia
607 4559 752 4614 posse
793 4557 898 4594 esse
946 4539 1196 4614 Itonn'ttem
1246 4539 1434 4614 mundo
1479 4539 1630 4614 corde
1671 4546 1900 4614 testatus
1933 4547 2028 4589 est.
2059 4555 2111 4614 ι)

451 4606 744 4684 ρμοᾶιμιίδ
784 4612 989 4684 negat?
1015 4612 1101 4665 sed
1131 4608 1421 4684 gratiahDei
1451 4626 1538 4679 per
1561 4607 1743 4684 stu-m
1778 4606 2035 4684 Christum

449 4678 748 4746 Dominam,
784 4678 884 4735 non
914 4683 1022 4735 sola
1051 4678 1249 4735 arbitrii
1300 4678 1545 4734 libertate.
1587 4679 1782 4749 Rcipsa
1827 4678 2038 4732 mundio

449 4758 577 4811 tiem
605 4766 657 4810 et
682 4754 1057 4808 conﬁdentiam
1098 4752 1436 4819 Pelagianam
1469 4752 1739 4806 sexcentis
1781 4749 1914 4805 locis
1943 4764 2038 4804 ex-

453 4827 621 4898 plodit
667 4826 922 4886 Hilarius,
975 4823 1361 4898 qui_human:c
1403 4835 1609 4898 naturae
1650 4821 2036 4898 corruptelam“,

455 4890 830 4969 ignorantiam,
899 4907 951 4949 et
988 4890 1368 4969 inﬁrmitatem
1418 4893 1612 4969 passim
1660 4892 1908 4947 inculcat.
1961 4890 2038 4943 llli

455 4963 604 5023 vverbi
653 4976 817 5036 gratia
871 4967 1092 5020 minime
1137 4965 1284 5018 favet
1310 4963 1449 5036 (μιυᾴ
1479 4963 1551 5036 ait
1583 4965 1651 5036 Ain
1702 4979 1783 5032 ps.
1813 4976 2038 5026 cxxxvr,

458 5058 514 5096 n.
540 5041 590 5102 5,
625 5033 677 5093 ei
702 5054 859 5100 chv,
887 5053 945 5093 ιι.
974 5038 1032 5103 2,
1079 5036 1348 5090 hominem
1386 5033 1454 5088 ah
1496 5034 1667 5088 insitis
1699 5044 1903 5088 naturae
1930 5048 2044 5087 sua:

458 5113 674 5187 dotibus
702 5125 796 5178 per
827 5121 1098 5187 peccatum
1124 5106 1406 5162 excidisse.
1427 5104 1630 5187 _Neqne
1675 5108 1852 5187 minus
1891 5103 2047 5187 abcst

459 5184 528 5236 ab
550 5174 1001 5241 illitts'setitentia.
1033 5193 1154 5233 cum
1186 5193 1288 5231 non
1319 5176 1477 5231 modo
1509 5175 1562 5228 in
1593 5176 1727 5244 psal.
1758 5192 1848 5235 LII.
1874 5191 1929 5230 n.
1958 5174 2044 5238 ll,

462 5255 620 5309 docet
650 5253 940 5306 bonitatem
969 5251 1098 5304 nulli
1133 5249 1333 5303 homini
1384 5247 1560 5301 inesse
1593 5247 1916 5313 perfectam;
1951 5245 2046 5299 sed

461 5334 520 5380 et
565 5340 684 5378 cum
737 5323 896 5393 hujus
917 5323 1182 5376 doctrina:
1223 5322 1489 5393 rationem
1537 5317 1768 5393 offerens
1815 5317 1869 5370 in
1909 5315 2046 5393 psal.

463 5411 652 5460 cxs'ttt,
681 5387 830 5448 num.
857 5397 911 5458 6,
951 5393 1154 5447 habet:
1209 5391 1345 5447 Sunt
1391 5389 1523 5443 enim
1565 5390 1729 5442 multa
1778 5387 2047 5454 scandala,

465 5483 583 5539 qua
610 5465 882 5539 prgltibent
899 5467 1174 5539 perfectam
1195 5463 1337 5516 nobis
1359 5460 1718 5514 mandatorum
1745 5475 1851 5539 esse
1875 5469 2050 5539 custo-

468 5530 631 5593 diant.
658 5535 823 5592 Taceo
850 5530 913 5590 de
935 5530 1138 5590 naturis
1156 5547 1451 5604 corporum,
1480 5547 1594 5601 qua
1623 5546 1714 5584 nos
1753 5530 2054 5604 interimper

467 5609 722 5664 incentiva
771 5609 1014 5662 uitiorum
1061 5600 1387 5676 imperfectos
1436 5600 1542 5658 esse
1589 5600 1936 5676 compellunt;
1991 5608 2058 5676 et

473 5695 624 5736 num.
649 5679 684 5734 5
709 5697 722 5734 :
761 5677 1018 5735 [internus
1038 5670 1391 5732 attrem'etiam
1417 5689 1552 5730 nunc
1583 5670 1866 5727 adrniastam
1913 5670 2058 5725 nobis

473 5751 763 5820 mm,
793 5765 908 5821 qua
925 5751 1117 5806 mortis
1134 5749 1308 5820 legi-et
1331 5747 1527 5818 peccati
1547 5743 1767 5803 obnoxia
1789 5752 1883 5808 est,
1925 5750 2056 5812 etc.,

2080 457 2166 502 sto
2206 448 2314 518 pati
2346 447 2416 519 (e)
2466 463 2668 517 pronus
2696 445 2922 500 affectus
2961 453 3088 500 est:
3143 445 3266 512 quia
3315 446 3433 514 ipse
3469 450 3676 517 justitia

2081 551 2183 596 est.
2213 541 2307 595 His
2339 542 2501 610 igitur
2523 550 2579 595 et
2607 555 2828 610 regnum
2859 546 3190 604 reservatur,
3215 549 3262 593 et
3291 553 3497 595 merces
3513 541 3678 617 682

2081 633 2134 688 in
2164 633 2305 689 etelo
2337 633 2551 700 copiosa
2600 631 2951 702 promittitur,
3001 631 3175 700 quiin
3220 641 3534 703 contemptu
3579 652 3683 690 sa:-

2082 726 2189 782 culi
2213 740 2478 796 pauperes
2508 725 2721 794 spiritu,
2761 733 2816 781 et
2859 723 3067 778 damnis
3098 713 3278 779 rerum
3329 729 3680 795 praesentium

2081 818 2412 889 iacturisque
2460 817 2729 887 probrosi,
2776 825 2831 871 et
2878 816 3139 872 adversus
3187 815 3474 872 maledicta
3506 819 3684 876 homi-

2088 927 2214 966 num
2243 911 2482 966 cmlestls
2511 910 2733 979 justitite
2779 907 3141 974 eonfessores,
3184 922 3247 962 ae
3286 908 3540 982 deinceps
3567 913 3685 982 glo-

2086 1001 2219 1058 τῖοςὶ
2253 1002 2640 1072 promissorum
2680 999 2777 1055 Dei
2807 1008 3092 1071 martyres,
3121 1014 3341 1057 omnem
3368 1001 3494 1057 vita:
3526 1018 3681 1060 usum

2091 1097 2400 1153 testimonio
2431 1095 2500 1170 (0
2532 1096 2852 1151 aeternitatis
2883 1094 2998 1165 ejus
3030 1095 3408 1165 impenderint.

2160 1190 2248 1245 10.
2283 1189 2378 1243 Sal
2407 1198 2557 1242 terra:
2577 1187 2818 1257 apostoli.
2845 1216 2917 1226 —
2955 1184 3057 1241 Vos
3080 1189 3199 1243 estis
3228 1189 3307 1243 sal
3335 1200 3504 1245 terrae.
3532 1191 3685 1259 Quod

2089 1282 2134 1336 si
2159 1281 2239 1335 sal
2261 1279 2336 1352 (g)
2365 1281 2676 1352 infamatum
2706 1280 2862 1350 merit
2892 1299 2904 1333 :
2937 1281 3005 1333 ad
3032 1281 3247 1334 nihilum
3277 1280 3410 1336 ualet
3452 1284 3508 1337 id
3547 1287 3686 1352 quod

2091 1373 2536 1444 salietur(lllatth.
2563 1389 2616 1441 ν,
2650 1373 2982 1444 12).,5τι1,ιιι
3013 1374 3264 1438 arbitror,
3299 1384 3454 1430 terrm
3483 1378 3687 1434 nullum

2092 1477 2176 1523 est
2209 1484 2220 1520 :
2250 1466 2520 1538 quomodo
2545 1479 2677 1536 ergo
2707 1465 2981 1534 apostolos
3011 1465 3094 1520 sal
3117 1475 3276 1522 terra:
3319 1471 3687 1540 nuncupavit?

2094 1561 2200 1617 Sed
2259 1561 2558 1630 proprietas
2606 1566 2690 1616 est
2742 1559 3028 1632 qumrenda
3079 1560 3367 1630 dictorum,
3427 1577 3584 1634 quam
3633 1573 3690 1621 et

2095 1651 2462 1725 apostolorum
2491 1652 2752 1720 ofﬁcium,
2818 1664 2868 1707 et
2912 1653 3084 1722 ipsius
3134 1653 3261 1709 salis
3311 1664 3500 1710 natura
3540 1672 3694 1711 mon-

2021 1746 2304 1814 Bstrabit.
2352 1745 2443 1801 Sal
2473 1755 2556 1800 est
2609 1745 2660 1799 in
2711 1758 2771 1799 se
2823 1759 2930 1798 uno
2966 1745 3250 1802 continens
3295 1761 3447 1818 aqnte
3477 1755 3532 1803 et
3557 1749 3692 1817 ignis

2095 1839 2460 1904 elementum;
2511 1845 2567 1893 et
2611 1837 2717 1892 hoc
2763 1853 2830 1891 ex
2875 1835 3088 1891 duobus
3115 1847 3198 1892 est
3235 1854 3421 1893 unum.
3473 1839 3572 1894 llic
3599 1841 3698 1910 igi-

2096 1941 2184 1985 tur
2215 1929 2296 2002 (Ιι)
2325 1930 2378 1984 in
2409 1943 2574 1984 unum
2605 1943 2758 1983 nsum
2789 1929 3004 1981 humani
3057 1929 3270 1998 generis
3318 1929 3562 1997 effectus,
3615 1931 3697 1986 in-

2096 2023 2500 2092 corruptionem
2549 2020 2867 2091 corporibus
2913 2020 3110 2090 quibus
3175 2021 3336 2075 fuerit
3407 2021 3698 2093 adspersus

2097 2119 2358 2189 impertit,
2392 2124 2448 2172 et
2472 2115 2537 2170 ad
2565 2130 2780 2169 omnem
2813 2129 3034 2169 sensum
3064 2114 3262 2169 conditi
3293 2115 3500 2185 saporis
3527 2117 3697 2185 aptis-

2099 2211 2269 2264 simus
2315 2215 2415 2263 est.
2471 2205 2716 2277 Apostoli
2765 2216 2944 2261 autem
2993 2213 3121 2261 sunt
3163 2221 3342 2261 rerum
3391 2207 3697 2263 caelestium

2101 2303 2513 2376 prmdicatores,
2543 2309 2598 2356 et
2625 2299 2942 2355 mternitatis
2971 2299 3118 2355 velut
3141 2309 3348 2356 satores
3373 2317 3388 2355 :
3424 2301 3704 2357 immorta-

2100 2397 2305 2452 litatem
2353 2394 2606 2449 omnibus
2646 2392 2990 2462 corporibus,
3042 2391 3238 2462 quibus
3283 2407 3470 2447 eorum
3519 2408 3701 2448 sermo

2100 2491 2400 2560 adspersus
2435 2488 2627 2552 fuerit,
2657 2487 2722 2560 (i)
2753 2497 3126 2552 conseremes,
3156 2494 3336 2556 atque,
3371 2495 3427 2540 ut
3469 2485 3703 2542 Joannes

2099 2586 2350 2654 sumius
2387 2582 2545 2636 testis
2591 2587 2700 2647 est,
2751 2588 3096 2634 sacramento
3125 2593 3278 2649 aqua:
3304 2577 3552 2650 ignisque
3583 2593 3706 2650 per-

2111 2763 2197 2818 vel
2236 2778 2359 2817 eum
2403 2777 2555 2816 num.
2587 2763 2643 2827 1,
2673 2759 2908 2815 suadens
2954 2760 3223 2813 neminem
3265 2775 3373 2814 non
3403 2775 3566 2822 egere
3611 2760 3705 2817 Del

2107 2833 2483 2890 misericordia
2513 2852 2526 2888 :
2561 2832 2623 2889 Si
2652 2833 2809 2903 enim,
2843 2833 3035 2899 inquit,
3064 2832 3220 2903 digna
3242 2834 3518 2885 secundum
3552 2848 3711 2903 opera

2114 2915 2291 2961 nostra
2318 2905 2585 2960 retributio
2627 2902 2913 2974 aderit,7in
2955 2902 3276 2974 peccatorum
3313 2919 3375 2958 ac
3403 2902 3709 2960 deliciarum

2115 2987 2408 3030 nostrorum
2460 2977 2618 3044 pontis
2675 2973 3014 3028 manebimus.
3057 2973 3192 3041 Quid
3241 2985 3504 3044 prtcterea
3559 2976 3711 3031 Pela-

2115 3049 2258 3117 gium
2297 3043 2515 3114 iuverit,
2558 3046 2699 3116 quod
2743 3048 2798 3099 in
2834 3047 2966 3112 psal.
2991 3043 3278 3117 σωκ-η.
3310 3043 3363 3108 4,
3394 3047 3625 3117 scribit.
3656 3046 3710 3102 in

2116 3115 2217 3173 hac
2239 3119 2454 3187 quidem
2485 3115 2592 3170 vita
2622 3117 2862 3170 inchoari
2884 3116 3168 3187 sanitatem
3199 3115 3456 3181 hominis,
3479 3117 3574 3171 sed
3604 3133 3712 3172 non

1515 3180 2010 3244 lact-ementiscoin-
2036 3180 2080 3242 C
2116 3180 2481 3246 consummari
2541 3187 2646 3242 nisi
2678 3191 2728 3241 in
2774 3186 2982 3242 altera?
3030 3186 3218 3256 Neque
3257 3187 3402 3242 illius
3445 3180 3713 3244 doctrina)

2117 3262 2286 3328 magis
2324 3259 2668 3314 commodum
2706 3268 2788 3313 est
2816 3256 2918 3312 hoc
2951 3267 3105 3314 tract.
3140 3259 3272 3326 psal.
3306 3273 3483 3322 cxuv,
3518 3276 3571 3314 n.
3602 3260 3712 3315 20:

2115 3331 2262 3386 Totis
2289 3333 2458 3398 itaque
2485 3332 2536 3383 in
2568 3329 2732 3384 Deum
2760 3330 2900 3383 allisi
2930 3339 2975 3383 et
3023 3331 3260 3383 cadentes
3307 3330 3468 3383 oculis
3496 3331 3718 3399 adspec-

2113 3413 2219 3457 tent
2244 3419 2262 3455 :
2303 3417 2466 3471 neque
2494 3403 2761 3471 quisquam
2789 3403 2862 3453 ita
2891 3401 2956 3454 de
2983 3416 3036 3453 se
3079 3401 3326 3471 conﬁdat,
3356 3411 3410 3453 ut
3449 3417 3550 3454 non
3579 3418 3712 3455 sent-

2117 3491 2208 3546 per
2238 3469 2681 3546 caderetsemp’er
2711 3488 2763 3546 se
2804 3481 3038 3546 vereatur
3085 3471 3268 3546 cllidis
3307 3469 3476 3523 Immo
3506 3471 3558 3524 in
3611 3472 3717 3546 hoc

2120 3538 2238 3613 ipso
2269 3546 2386 3597 loco
2417 3543 2561 3596 aliud
2589 3538 2808 3613 ornuino
2843 3540 3073 3613 Hilarius
3096 3538 3316 3613 asserit,
3365 3555 3522 3613 quam
3570 3542 3714 3610 quod

2121 3609 2186 3667 eo
2215 3615 2327 3666 vult
2351 3615 2582 3684 probare
2605 3612 2873 3684 Pelagius.
2895 3609 2993 3684 ille
3011 3611 3216 3684 (quippe
3241 3611 3325 3663 hic
3350 3609 3598 3684 affirmat
3625 3628 3716 3667 ne-

2119 3684 2278 3742 mini.
2307 3681 2563 3752 quamdin
2599 3683 2838 3735 mortalis
2867 3681 3066 3752 (fuerit,
3093 3692 3445 3751 conspectum
3473 3681 3566 3735 Dei
3600 3696 3721 3738 esse

2122 3751 2548 3812 etmcedrndmn.
2593 3753 2714 3820 quia
2748 3751 2997 3808 nimirum
3031 3753 3211 3806 tandiu
3259 3753 3573 3820 impollutus
3604 3768 3711 3808 non

2123 3827 2251 3880 crit.
2281 3825 2571 3879 Contendit
2602 3833 2790 3878 contra
2836 3822 3083 3880 Pelagius
3115 3840 3177 3876 ex
3226 3825 3327 3878 hoc
3373 3825 3491 3879 loco
3517 3826 3723 3880 eonlir-

2127 3912 2300 3960 mare,
2347 3895 2607 3966 quosdam
2653 3893 2812 3949 etiam
2864 3910 2928 3948 ex
2974 3893 3072 3948 hac
3102 3895 3204 3947 vita
3233 3910 3297 3948 eo
3325 3895 3491 3950 animi
3521 3897 3721 3964 nitore,

2124 3985 2187 4021 ea
2215 3970 2332 4020 vitro
2363 3967 2590 4035 puritate
2613 3981 2734 4020 esse
2770 3966 3049 4036 prmditos,
3081 3980 3239 4036 quam
3273 3967 3402 4019 solis
3441 3967 3722 4036 immorta-

2131 4042 2277 4093 litate
2305 4039 2518 4092 donatis
2541 4035 2789 4090 concedit
2835 4035 3085 4089 Ililarius.
3141 4035 3266 4089 lltrc
3308 4035 3537 4090 strictim
3581 4037 3723 4093 dicta

2128 4113 2260 4172 sint,
2291 4122 2348 4164 ut
2378 4109 2691 4162 ostendatur
2737 4107 2961 4162 haeresis
3006 4106 3244 4175 genium,
3288 4122 3410 4176 quae
3457 4123 3526 4162 ex
3573 4117 3719 4164 vete-

2130 4196 2251 4235 rum
2283 4177 2600 4234 testimoniis
2627 4193 2734 4233 non
2767 4187 2872 4232 tam
2895 4177 3174 4234 veritatem
3206 4177 3479 4234 illustrare
3523 4179 3724 4248 studet,

2131 4266 2291 4320 quam
2321 4248 2500 4320 fucum
2521 4248 2736 4320 facereg

2205 4322 2274 4392 (e)
2310 4319 2464 4392 Bad.,
2493 4319 2584 4374 Er.
2611 4318 2864 4392 etﬂfLips.
2916 4330 3180 4390 promptus
3230 4319 3464 4386 eiectus.
3521 4319 3732 4392 Habent

2135 4390 2312 4446 tamen
2361 4391 2500 4445 infra
2554 4409 2606 4444 n.
2659 4390 2753 4458 25,
2808 4406 2997 4461 pronos
3045 4409 3154 4447 esse
3198 4401 3430 4462 oportere
3459 4392 3511 4446 in
3548 4391 3730 4448 ofﬁcio

2134 4463 2510 4532 diSpensandae
2539 4464 2746 4531 gratim.

2214 4534 2284 4606 (f)
2315 4531 2484 4598 Editi,
2529 4535 2775 4588 veritatis.
2812 4533 3034 4606 iVerius
3082 4547 3211 4588 mss.
3253 4534 3576 4600 wteruitatis,
3628 4533 3732 4590 hoc

2141 4605 2245 4666 est,
2278 4621 2399 4659 eum
2432 4607 2742 4674 temporalis
2773 4605 2920 4668 vitat,
2953 4613 3012 4658 ut
3041 4619 3158 4659 eam
3193 4612 3522 4661 testarentur
3569 4614 3734 4660 autern

2144 4693 2289 4738 nam.
2329 4676 2527 4729 fuerint
2559 4677 2781 4746 prodigi.
2826 4674 2903 4730 Ea
2950 4675 3159 4731 ratione
3201 4677 3432 4746 apostoli
3483 4692 3606 4734 mox
3650 4675 3733 4731 di-

2144 4757 2336 4802 centur
2365 4748 2665 4800 ceternitatis
2695 4749 2828 4800 velut
2859 4755 3071 4799 satores.

2219 4819 2298 4889 (9)
2331 4817 2476 4884 Ιλίιιε.
2511 4827 2564 4872 et
2596 4819 2718 4872 Par.
2752 4819 3040 4886 infamatus
3081 4817 3254 4887 fuerit.
3295 4817 3426 4873 Mss.
3479 4816 3634 4874 Con).
3684 4825 3740 4876 ει

2147 4888 2310 4944 Carn.
2346 4892 2626 4960 evanuerit.
2677 4889 2795 4942 Mox
2827 4903 2936 4942 non
2972 4889 3110 4942 male
3139 4889 3412 4957 legeretur
3443 4889 3498 4943 id
3527 4906 3628 4960 quo
3655 4907 3742 4945 sa-

2151 4962 2344 5014 tietur:
2376 4959 2469 5014 sed
2517 4961 2582 5013 ad
2633 4972 2904 5028 receptam
2931 4959 3216 5012 lectionem
3269 4975 3376 5013 non
3427 4959 3605 5016 minus
3647 4975 3739 5016 εοο

2148 5030 2488 5103 cotnmodata
2511 5041 2636 5103 sunt
2667 5041 2947 5103 postrema
2970 5031 3127 5097 hujus
3157 5032 3369 5086 numeri
3401 5032 3589 5098 verba,
3619 5032 3738 5103 qui-

2151 5101 2316 5176 busti
2340 5103 2429 5172 qui
2457 5099 2723 5168 salicrint,
2757 5118 2872 5155 cum
2896 5099 2976 5154 his
3003 5117 3128 5171 quos
3149 5103 3399 5170 salierint,
3423 5099 3742 5176 projiciéndi

2151 5172 2519 5239 declarantur,

2227 5243 2306 5315 (Ιι)
2340 5243 2475 5315 Editi
2503 5258 2638 5315 eum_
2662 5251 2866 5315 septem
2887 5256 3067 5315 _mss.,
3097 5243 3150 5297 in
3183 5261 3402 5298 onmem.
3435 5244 3569 5301 Cum
3609 5257 3742 5299 mss.

2151 5310 2338 5376 Rom”
2373 5314 2571 5378 Vatic.,
2599 5310 2754 5367 Colb.
2799 5321 2853 5367 et
2877 5310 3037 5367 Carn.
3087 5315 3422 5383 praeferimus
3466 5319 3519 5368 in
3561 5331 3740 5379 unum.

2155 5393 2340 5458 utpote
2395 5385 2639 5458 verbum,
2683 5384 2825 5451 quod
2876 5385 3035 5458 dictis
3077 5389 3402 5458 evangelicis
3429 5387 3500 5439 ad
3527 5385 3749 5440 nihilum

2158 5457 2309 5518 valet,
2338 5463 2466 5521 etc.,
2495 5456 2712 5525 prepius
2738 5455 3084 5524 respondeat.

2238 5527 2301 5599 (i)
2337 5526 2413 5580 ita
2456 5527 2702 5599 plerique
2747 5542 2881 5599 mss.
2916 5527 3022 5582 Alii
3053 5537 3188 5584 Vero
3231 5527 3379 5595 libri,
3411 5530 3751 5599 conferentes,

2163 5595 2300 5654 Tum
2328 5597 2469 5668 apud
2500 5595 2781 5664 Bad..Er.,
2806 5597 2958 5669 Lips.
2987 5607 3045 5654 et
3067 5600 3121 5654 in
3148 5609 3420 5670 postrema
3434 5595 3574 5670 edit.
3591 5598 3756 5670 Pan,

2167 5667 2424 5742 Atque...
2459 5670 2764 5724 sacramenti
2805 5667 2956 5742 aqua:
2982 5667 3211 5742 ignisque
3239 5668 3464 5742 perfecti,
3513 5667 3601 5742 ubi
3644 5685 3761 5738 per-

2171 5737 2291 5811 fecti
2328 5737 2396 5797 ad
2437 5737 2864 5812 sacramentum,
2911 5737 3020 5797 non'
3063 5737 3136 5796 ad
3177 5737 3467 5809 Apostolos
3508 5737 3764 5798 refertur.
