4172 6188
496 219 604 276 955

1710 219 1954 279 SANCTI
1997 219 2255 278 l-llLARll
2296 219 2601 280 EPISCOPI

3695 222 3800 282 936

495 333 642 390 fecti.
677 332 753 405 (a)
788 331 978 390 Merito
1006 332 1167 404 igitur
1194 332 1272 390 sal
1306 338 1466 390 terrm
1493 335 1790 404 nuncupati
1826 343 1974 403 sunt,
2001 351 2098 405 per
2125 339 2177 399 Α
2205 338 2346 393 intra
2390 353 2451 393 se
2483 344 2690 392 tantum
2719 342 3025 409 receptans,
3057 344 3267 394 certum
3296 336 3515 393 modum
3547 335 3801 395 dimensa:

501 427 754 482 virtutem
807 426 1070 482 doctrina:
1097 425 1324 482 saliendi
1358 426 1519 482 modo
1547 427 1839 482 aeternitati
1868 443 2098 498 corpora

502 528 866 576 reservantes.
927 518 1035 574 Sed
1083 527 1274 575 natura
1316 519 1448 574 salis
1500 534 1715 590 semper
1758 519 1945 575 eadem
1992 527 2097 586 est,

501 625 606 667 nec
632 609 907 665 immutari
932 626 1183 682 umquam
1227 618 1422 682 potest.
1457 609 1658 666 Verum
1705 613 1828 681 quia
1873 624 2102 666 conver-

502 705 642 762 sioni
676 705 839 760 homo
864 705 1128 776 subjacet,
1187 714 1242 762 et
1289 705 1440 762 solus
1486 705 1696 773 beatus,
1731 707 1820 777 qui
1869 706 2098 777 (supple,

499 795 608 868 εει)
641 813 814 868 usque
843 799 910 852 ad
941 798 1100 854 finem
1144 798 1196 852 in
1229 798 1482 854 omnibus
1531 798 1624 854 Dei
1671 799 1927 870 Operibus
1980 814 2101 868 per-

502 891 798 955 manserit;
851 890 972 946 ideo
1019 905 1135 954 eos,
1176 889 1258 945 sal
1302 899 1460 945 terra;
1509 898 1869 960 nuncupatos,
1915 898 2103 945 monet

503 979 557 1035 in
591 980 800 1036 traditae
826 980 928 1036 sibi
954 980 1240 1052 potestatis
1281 982 1480 1036 virtute
1518 981 1831 1050 persistere,
1867 996 1936 1036 ne
1967 979 2105 1035 infa-

513 1073 647 1128 tuati
705 1073 839 1128 nihil
887 1074 1101 1135 satiant.
1157 1083 1211 1128 et
1260 1075 1358 1145 ipsi
1412 1089 1574 1130 sensu
1633 1075 1841 1144 accepti
1891 1076 2104 1145 saporis

503 1165 707 1221 amisso
737 1165 1012 1222 vivificare
1059 1176 1311 1236 corrupta
1359 1181 1465 1221 non
1512 1167 1740 1236 possint,
1773 1176 1828 1221 et
1877 1165 2104 1236 projeeti

503 1257 572 1312 de
601 1256 865 1313 Ecclesia:
912 1259 1317 1328 promptuariis,
1365 1273 1487 1314 cum
1533 1258 1618 1314 his
1666 1273 1802 1329 quos
1834 1258 2100 1325 salierint,

502 1349 734 1420 pedibus
764 1349 1124 1404 incedentium
1161 1358 1526 1420 proterantur.

575 1442 664 1496 11.
720 1441 908 1496 Mundi
957 1445 1140 1515 fugant
1188 1443 1441 1496 tenebras.
1472 1472 1545 1482 —
1600 1440 1704 1498 Vos
1758 1442 1879 1496 estis
1929 1441 2104 1496 lumen

500 1534 681 1588 mundi
705 1533 784 1606 (Μ
790 1535 978 1600 αιιΙιΝ,
1003 1534 1114 1607 14).
1131 1534 1325 1589 Natura
1340 1535 1561 1590 luminis
1587 1543 1692 1599 est,
1708 1542 1766 1590 ut
1779 1534 1951 1590 lucem
1966 1549 2104 1602 quo-

506 1640 744 1697 cumque
798 1626 1210 1683 circumferatur
1253 1626 1488 1693 emittat,
1542 1626 1857 1696 illatumque
1896 1625 2106 1680 aedibus

2201 430 2564 485 observantiae
2617 429 2962 495 continebat;
3016 445 3161 485 nunc
3205 437 3384 485 tamen
3414 429 3594 484 fructu
3634 433 3802 499 omni,

2203 521 2529 578 adveniente
2554 537 2634 587 se,
2669 521 2752 594 (ά)
2785 537 2951 578 vacua
2978 523 3072 590 sit,
3119 537 3226 579 non
3273 531 3452 578 tamen
3483 521 3665 578 adhuc
3710 538 3807 594 po-

2205 621 2328 670 tens
2378 613 2595 669 luminis
2651 613 2954 670 occulendi.
3009 613 3187 684 Atque
3247 613 3371 670 ideo
3415 613 3527 686 jam
3579 615 3799 670 lucerna

2203 701 2408 760 Christi
2439 720 2546 760 non
2580 704 2923 761 recondenda
2953 705 3054 761 sub
3099 705 3280 760 modio
3321 714 3426 773 est,
3459 721 3636 777 neque
3677 721 3807 777 0pc-

2203 796 2440 852 rimento
2466 797 2785 853 occultanda
2813 797 3112 868 Synagogte
3143 817 3153 852 τ
3189 796 3284 854 sed
3316 795 3390 870 (e)
3434 797 3487 852 in
3515 797 3648 868 ligni
3689 814 3812 868 pas-

2203 889 2356 945 sione
2404 903 2686 959 suspcnsa,
2721 891 2898 944 lumen
2943 898 3205 944 internum
3232 889 3392 944 estin
3425 889 3666 944 Ecclesia
3712 889 3806 944 ha-

2205 980 2500 1036 bitantibus
2546 981 2856 1050 przebitnra.
2912 981 3030 1036 Pari
3077 981 3240 1036 etiam
3293 981 3498 1051 fulgere
3527 981 3810 1051 apostolos

2209 1079 2395 1126 monet
2423 1070 2625 1126 lumine
2653 1069 2868 1143 (Matth.
2902 1087 2956 1138 v,
2988 1070 3110 1144 16);
3160 1081 3218 1127 ut
3245 1072 3604 1128 admiratione
3629 1074 3812 1144 operis

2205 1177 2391 1218 eorum
2416 1162 2525 1218 Deo
2557 1161 2674 1217 laus
2702 1162 3079 1234 impertiatur:
3106 1179 3212 1218 non
3235 1163 3377 1235 quod
3409 1165 3476 1220 ab
3500 1165 3812 1222 hominibus

2205 1264 2456 1326 oporteat
2501 1255 2730 1326 gloriam
2773 1271 3038 1326 quaerere,
3082 1259 3206 1328 quia
3235 1259 3416 1313 omnia
3446 1258 3519 1330 (f)
3553 1259 3606 1314 in
3636 1259 3812 1316 hono-

2206 1363 2320 1402 rem
2354 1346 2446 1403 Dei
2495 1357 2623 1402 sunt
2667 1348 2910 1419 agenda;
2941 1348 3035 1404 sed
3067 1359 3144 1415 ut,
3178 1349 3646 1406 dissimulantibus
3678 1351 3809 1408 licet

2207 1438 2385 1504 nobis,
2416 1455 2550 1509 opus
2579 1449 2823 1497 nostrum
2851 1439 2935 1496 his
2980 1441 3120 1496 inter
3143 1456 3277 1513 quos
3315 1442 3542 1498 vivimus
3568 1443 3810 1499 eluceat.

2281 1530 2370 1586 M.
2414 1529 2526 1584 Lex
2573 1529 2765 1586 Christi
2817 1533 3127 1601 prtenuntia.
3157 1562 3228 1572 —
3258 1531 3441 1588 Nolite
3466 1545 3645 1606 putare
3677 1551 3815 1604 quo-

2209 1619 2346 1674 niam
2377 1621 2490 1674 veni
2539 1621 2815 1676 dissolvere
2861 1624 3022 1694 legem
3073 1633 3162 1680 aut
3187 1623 3504 1698 praphetas:
3550 1644 3652 1682 non
3692 1628 3817 1683 veni

512 1719 766 1775 tenebras
809 1719 1101 1786 interimat,
1148 1720 1269 1776 luce
1313 1719 1648 1776 dominante.
1682 1719 1844 1792 lgitur
1873 1719 2107 1776 mundus
2137 1718 2184 1778 Β
2212 1712 2507 1779 άὲδεοίυετε,
2541 1714 2631 1768 sed
2673 1715 2955 1788 adimplere
2997 1716 3163 1788 (Ibid.
3220 1719 3332 1790 l7).
3376 1720 3557 1776 Virtus
3601 1731 3656 1776 et
3710 1737 3818 1793 po-

502 1822 656 1868 extra
687 1813 1053 1881 cognitionem
1085 1813 1180 1868 Dei
1209 1811 1417 1882 positus
1443 1810 1519 1883 (b)
1553 1811 1941 1866 obscurabatur
1961 1812 2108 1882 igno-

507 1907 700 1960 rantis:
732 1905 1012 1961 tenebris:
1043 1905 1129 1960 cui
1168 1919 1264 1974 per
1309 1904 1584 1974 apostolos
1629 1905 1874 1962 scientia:
1923 1906 2106 1961 lumen

509 1999 801 2065 invehitur,
833 2007 889 2054 et
913 1998 1149 2069 cognitio
1180 1999 1273 2054 Dei
1297 1998 1485 2064 claret,
1510 2007 1566 2053 et
1592 1998 1659 2054 de
1708 1998 1888 2070 parvis
1917 2013 2106 2056 eorum

515 2091 875 2161 corpuswlis,
925 2105 1267 2163 quocumque
1314 2090 1657 2159 incesserint,
1721 2090 1810 2145 lux
1868 2091 2107 2148 tenebris

505 2183 865 2240 ministratur.

547 2291 550 2296 '
587 2278 675 2334 l2.
706 2277 898 2334 Ciuitas
928 2292 1050 2332 caro
1071 2294 1104 2331 a
1134 2277 1338 2332 Christo
1368 2285 1652 2348 assumpta,
1687 2277 1818 2332 cives
1859 2276 2105 2332 homines.

506 2401 580 2414 -—
602 2370 725 2426 Non
754 2379 918 2442 potest
941 2371 1121 2426 civitas
1141 2371 1384 2424 abscondi
1405 2385 1566 2440 supra
1584 2377 1804 2424 montem
1828 2369 2107 2440 wdiﬁcata,

508 2480 670 2536 neque
701 2463 986 2518 accendunt
1017 2462 1302 2528 lucernam,
1330 2474 1376 2516 et
1416 2471 1609 2531 ponunt
1632 2477 1758 2527 eam
1788 2460 1880 2514 sub
1911 2461 2105 2527 modio,

523 2569 582 2614 et
604 2558 810 2628 reliqua
842 2555 1007 2630 (Ibid.
1042 2554 1156 2629 15).
1185 2553 1468 2610 Civitatem
1509 2569 1726 2610 carnem
1755 2569 1915 2626 quam
1943 2555 2108 2627 683

519 2659 889 2722 assumpserat
914 2660 1187 2720 nuncupat
1217 2668 1228 2703 :
1261 2651 1384 2720 quia
1431 2657 1492 2705 ut
1519 2650 1710 2706 civitas
1738 2666 1807 2705 ex
1848 2651 2109 2706 varietate

505 2758 572 2800 ac
613 2743 960 2800 multitudine
998 2743 1250 2799 consistit
1276 2743 1663 2810 habitantium;
1695 2745 1767 2801 ita
1798 2743 1854 2799 in
1885 2757 1972 2811 eo,
2008 2759 2105 2815 per

509 2848 759 2892 naturam
787 2837 1022 2906 suscepti
1053 2837 1322 2907 corporis,
1354 2836 1599 2908 quaedam
1631 2837 1863 2892 universi
1891 2837 2109 2908 generis

508 2928 730 2984 humani
757 2929 1104 3000 congregatio
1129 2929 1458 2985 continetur.
1507 2931 1682 3000 Atque
1723 2929 1796 2983 ita
1823 2937 1879 2984 et
1918 2927 2009 2984 ille
2033 2944 2105 2984 ex

510 3033 698 3079 nostra
749 3023 802 3078 in
849 3039 908 3080 se
951 3023 1371 3097 congregatione
1415 3024 1476 3078 fit
1517 3024 1728 3088 civitas,
1777 3031 1832 3080 et
1881 3038 1980 3079 nos
2011 3038 2108 3094 per

2213 1814 2378 1862 testas
2457 1807 2744 1863 verborum
2812 1809 3116 1865 caelestium
3193 1812 3415 1883 grandia
3473 1814 3544 1867 .in
3593 1827 3655 1870 se
3698 1829 3823 1870 mo—

2209 1908 2390 1954 menta
2419 1898 2699 1970 complexa
2741 1910 2886 1956 sunt.
2919 1901 3032 1958 Lex
3059 1903 3203 1958 enim
3231 1919 3456 1974 operum
3489 1904 3662 1974 posita
3701 1916 3817 1974 est,

2209 1999 2265 2046 et
2291 1991 2469 2046 omnia
2497 1991 2551 2046 in
2577 1991 2734 2048 fidem
2763 2007 2974 2059 eorum,
3005 2009 3124 2064 quae
3166 1993 3219 2049 in
3257 1993 3476 2051 Christo
3517 2005 3673 2052 erant
3719 2012 3818 2053 re-

2209 2087 2455 2153 velanda,
2483 2087 2750 2143 conclusit
2775 2105 2787 2141 :
2818 2087 2975 2159 cujus
3000 2097 3056 2144 et
3075 2089 3318 2146 doctrina
3335 2101 3393 2148 et
3411 2095 3590 2162 passio
3610 2094 3824 2164 grande

2209 2190 2264 2234 et
2293 2179 2614 2250 profundum
2645 2189 2730 2236 est
2752 2190 2992 2252 paterna:
3035 2182 3332 2240 voluntatis
3355 2185 3665 2242 arbitrium.
3696 2186 3822 2243 Lex

2209 2278 2387 2326 autem
2417 2270 2520 2326 sub
2542 2271 2846 2328 velamento
2871 2272 3159 2328 verborum
3201 2273 3525 2345 spiritalium
3551 2277 3823 2333 nativita-

2211 2373 2316 2420 tem
2351 2365 2562 2421 Domini
2605 2367 2775 2422 nostri
2825 2366 2953 2423 Jesu
2979 2367 3203 2437 Christi,
3253 2380 3309 2425 et
3350 2371 3819 2442 corporalitatem,

2209 2467 2274 2536 et_
2293 2459 2621 2530 passionem,
2654 2462 3206 2530 et,resurrectionem
3251 2463 3426 2520 locuta
3458 2476 3544 2521 est
3586 2483 3602 2522 :
3646 2475 3822 2536 atque

2211 2551 2263 2606 id
2315 2553 2386 2608 ita
2430 2553 2541 2624 jam
2566 2564 2692 2610 ante
2723 2565 2964 2627 tempora
2993 2556 3275 2612 stecularia
3316 2558 3370 2613 in
3413 2559 3588 2615 aetatis
3615 2570 3824 2618 nostra:

2211 2654 2427 2717 tempus
2467 2662 2591 2704 esse
2616 2647 2958 2719 dispositum,
2993 2649 3249 2720 frequens
3292 2659 3347 2706 et
3396 2651 3708 2721 prophetica
3757 2661 3825 2708 et

2210 2737 2504 2808 apostolica
2552 2741 2847 2795 auctoritas
2897 2749 2999 2796 est.
3047 2739 3211 2810 Igitur
3255 2749 3376 2812 post
3410 2740 3674 2812 jejunium
3701 2743 3827 2800 die-

2209 2845 2328 2885 rum
2351 2831 2705 2903 quadraginta
2723 2875 2738 2900 ,
2765 2842 2982 2888 satanas
3005 2834 3170 2888 tantis
3186 2833 3585 2903 suspicionibus
3599 2835 3823 2907 anxius,

2211 2938 2380 2992 usque
2419 2923 2484 2977 ad
2517 2923 2759 2979 tentandi
2799 2925 2979 2996 erupit
3024 2924 3302 2980 audaciam
3331 2943 3343 2978 :
3374 2927 3564 2997 ingens
3595 2928 3647 2982 in
3685 2927 3825 2985 Iesu

2213 3014 2600 3085 pertimescens
2640 3016 2880 3073 caelestis
2909 3017 3206 3074 molitionis
3233 3031 3513 3074 arcanum.
3543 3016 3622 3091 (g)
3654 3019 3828 3078 Jesus

511 3117 844 3171 consortium
893 3118 1076 3172 carnis
1123 3131 1236 3173 sua:
1297 3131 1484 3172 sumus
1539 3115 1775 3171 civitatis
1822 3115 2100 3170 habitatio.
2132 3111 2177 3175 C
2209 3107 2352 3162 eniIII
2402 3108 2631 3163 Domino
2673 3118 2863 3164 nostro
2905 3124 3101 3165 nomen
3146 3124 3212 3165 ex
3241 3125 3471 3180 corpore
3497 3121 3601 3168 est.
3632 3112 3827 3184 Itaque

507 3205 787 3262 Abscondi
833 3221 964 3276 ergo
1008 3207 1118 3275 jam
1171 3223 1277 3261 non
1308 3215 1484 3277 potest
1513 3224 1526 3260 :
1559 3208 1681 3277 quia
1727 3206 1779 3262 in
1824 3205 2106 3262 altitudine

505 3297 720 3368 positus
772 3297 1112 3352 celsitudinis
1156 3297 1272 3366 Dei,
1322 3297 1679 3353 admiratione
1720 3313 1946 3368 operum
1977 3313 2105 3352 suo-

505 3407 630 3449 rum
660 3400 714 3448 et
742 3390 1190 3462 contemplandus
1221 3397 1276 3446 et
1301 3389 1677 3462 intelligendus
1704 3390 1952 3445 omnibus
1976 3388 2106 3445 etle-

510 3495 683 3543 ratur.

578 3577 666 3633 15.
692 3574 996 3650 Sgnagoga,
1021 3575 1249 3630 modium
1277 3574 1539 3630 occultans
1556 3573 1747 3629 lumen.
1763 3571 2000 3629 Christus
2019 3571 2102 3627 luo

505 3686 680 3728 cerno.
720 3699 792 3710 —
820 3669 927 3726 Sed
975 3685 1076 3726 nec
1112 3671 1334 3725 lucerna
1379 3669 1714 3737 accenditur,
1761 3665 2104 3724 recondenda

513 3763 619 3819 sub
648 3761 848 3818 modio.
881 3761 985 3829 Qui
1027 3763 1171 3817 enim
1200 3763 1412 3818 fructus
1438 3769 1545 3828 est,
1575 3761 1645 3833 (c)
1675 3761 1862 3816 clauso
1891 3761 2104 3831 impen-

508 3868 622 3909 sam
672 3853 890 3908 luminis
932 3852 1248 3909 continere?
1297 3851 1497 3908 Verum
1549 3852 1886 3924 Synagogam
1943 3851 2106 3923 digne

507 3947 766 4005 Dominus
789 3947 971 4004 modio
993 3945 1363 4019 comparavit:
1397 3961 1518 4018 qua:
1565 3955 1850 4018 susceptos
1898 3946 2104 4002 fructus

504 4132 568 4190 In
598 4131 764 4202 prima
811 4131 958 4192 Par..
991 4142 1048 4186 ut
1092 4132 1309 4199 quin....
1341 4142 1658 4186 sacramento
1677 4145 1824 4200 aqua:
1869 4130 2099 4202 ignisque

507 4202 1058 4276 perﬁci.ilnipluribus
1089 4219 1219 4276 mss.
1249 4212 1491 4276 περιείη..
1526 4203 1829 4276 sacramenti
1857 4203 2090 4272 ignisque

508 4273 740 4344 perfecti.
790 4275 870 4329 Ex
904 4275 985 4327 his
1024 4273 1415 4329 restituendum
1444 4274 1812 4342 conjectamus
1839 4288 2006 4344 aquae,
2036 4282 2094 4327 ut

506 4344 732 4401 Joannes
758 4345 993 4414 superius
1033 4345 1175 4398 testis
1201 4355 1297 4407 est,
1343 4347 1671 4398 sacramentis
1713 4345 1941 4413 ignisque
1986 4361 2102 4412 per-

508 4418 645 4488 fecti.
673 4415 856 4483 Neque
887 4414 1022 4488 infra
1054 4414 1400 4488 mediocriter
1419 4415 1768 4488 confirmatur
1791 4415 2102 4483 conjectura

509 4485 692 4544 nostra
726 4503 791 4542 ex
825 4504 881 4540 ιι.
926 4485 1018 4551 26,
1051 4486 1137 4540 ubi
1181 4486 1421 4554 baptismi
1457 4495 1502 4539 et
1531 4487 1744 4551 spiritus
1787 4495 2108 4540 sacramenta

2208 3207 2262 3253 et
2286 3197 2457 3271 68E.
2484 3201 2838 3270 corporalitas
2860 3199 2978 3270 ejus
3008 3208 3062 3254 et
3103 3199 3300 3270 passio,
3330 3201 3582 3256 voluntas
3623 3202 3720 3258 Dei
3761 3213 3827 3260 et

2207 3291 2354 3348 salus
2381 3293 2564 3348 saeculi
2595 3301 2677 3349 est
2703 3311 2716 3346 :
2747 3301 2802 3349 et
2828 3293 2965 3347 ultra
2993 3292 3212 3347 humani
3241 3293 3510 3350 sermonis
3539 3294 3825 3366 eloquium

2209 3393 2312 3452 est,
2343 3386 2508 3442 Deum
2533 3401 2601 3442 ex
2631 3385 2764 3454 Deo,
2794 3385 2991 3443 Filium
3020 3400 3087 3441 ex
3115 3385 3287 3440 Patris
3314 3386 3615 3442 substantia
3647 3396 3821 3459 atque

2205 3477 2344 3532 intra
2384 3478 2559 3534 Patris
2612 3479 2969 3535 subStantiam
3015 3477 3427 3545 consistentem,
3471 3482 3708 3551 primum
3758 3481 3819 3539 in

2209 3569 2483 3628 hominem
2512 3583 2882 3644 corporatum,
2913 3571 3112 3630 dehinc
3148 3571 3310 3628 morti
3350 3571 3589 3629 hominis
3621 3575 3821 3631 condi-

2208 3669 2355 3726 tione
2387 3666 2712 3737 subjectum,
2747 3675 3026 3737 postremo
3056 3675 3178 3736 post
3206 3666 3442 3722 triduum
3475 3667 3530 3722 in
3557 3671 3726 3726 vitam
3747 3684 3822 3726 ex

2207 3773 2381 3820 morte
2409 3761 2746 3828 redeuntem,
2789 3761 2867 3832 (h)
2909 3761 3270 3816 consociatam
3317 3760 3550 3831 Spiritus
3593 3772 3648 3819 et
3686 3761 3825 3818 sub-

2211 3855 2427 3911 stantiae
2455 3869 2568 3908 sua:
2591 3852 2878 3908 :eternitati
2909 3851 3191 3908 materiem
3218 3851 3285 3908 ad
3311 3851 3512 3909 caelum
3550 3855 3821 3926 assumpti

2209 3945 2452 4018 corporis
2483 3945 2758 4001 retulisse.

2276 4132 2354 4204 (ά)
2383 4132 2460 4187 lta
2492 4143 2726 4203 quatuor
2754 4147 2885 4190 mss.
2918 4133 3025 4189 Alii
3057 4134 3256 4190 habent
3283 4145 3502 4192 vacuata
3542 4137 3629 4192 sit.
3673 4136 3817 4196 Male

2205 4215 2382 4259 autem
2412 4206 2464 4258 in
2500 4205 2748 4279 vulgatis,
2775 4206 3026 4279 uacuavit.
3047 4205 3298 4279 Pessime
3325 4223 3456 4263 vero
3495 4209 3658 4279 paulo
3687 4221 3818 4265 ante

2207 4290 2306 4348 pro
2330 4292 2467 4329 nunc
2491 4285 2682 4342 tamen,
2730 4276 2945 4346 Lipsius
2975 4277 3252 4333 substituit
3296 4295 3434 4333 nunc
3480 4276 3699 4342 tametsi,
3750 4295 3817 4336 ac

2209 4355 2396 4417 postea
2429 4350 2675 4401 voculam
2705 4364 2760 4401 se
2785 4349 3017 4422 averbo
3041 4349 3342 4422 adveniente
3389 4351 3604 4419 virgula
3654 4367 3818 4422 seps:-

2212 4429 2381 4472 ratam
2437 4433 2558 4471 cum
2613 4419 2851 4472 vacuavit
2897 4417 3200 4488 conjunxit,
3248 4434 3372 4476 cum
3423 4417 3692 4477 referatur
3723 4417 3815 4478 'ad

2211 4487 2509 4562 Christum,
2543 4489 2695 4560 cujus
2725 4489 2961 4545 adventu
3004 4487 3307 4562 Synagogze
3338 4494 3514 4548 cultus
3545 4493 3724 4548 inanis
3749 4503 3805 4548 et

507 4573 724 4615 rursum
753 4546 1141 4613 memorantur.
1173 4546 1463 4626 Sequimur
1505 4546 1616 4610 tres
1642 4570 1782 4611 mss.
1823 4556 1927 4611 nisi
1965 4557 2106 4626 quod
2135 4546 2189 4606 D
2215 4546 2578 4614 infructuosus
2600 4546 2852 4614 évaserit.

512 4631 763 4700 ponimus
789 4641 940 4699 atque
965 4637 1044 4695 ut,
1075 4629 1163 4681 ubi
1196 4627 1396 4681 habent
1421 4629 1620 4696 atquin.

545 4721 621 4792 (a)
640 4721 696 4774 In
710 4720 938 4792 vulgatis
951 4718 1308 4792 hicinsertum
1321 4728 1460 4783 erat,
1476 4718 1598 4771 dum
1613 4719 1683 4792 ait
1705 4733 1721 4792 ς
1746 4717 1773 4771 1
1779 4735 1867 4788 pse
1879 4734 1966 4772 vos
1982 4717 2110 4792 bap-

513 4789 686 4845 tisabit
717 4789 915 4860 Spiritu
929 4799 1106 4843 sancto
1123 4798 1169 4843 et
1195 4789 1302 4860 igni
1331 4805 1440 4844 :ne
1468 4804 1578 4843 nuo
1599 4790 1813 4860 quidem
1845 4805 1875 4843 e
1905 4789 2105 4843 nostris

510 4875 642 4915 mss.
661 4861 1007 4931 suffragante.
1021 4861 1210 4915 Obiter
1228 4861 1516 4916 observare
1539 4869 1645 4926 est,
1670 4861 1930 4931 Hilarium
1940 4901 1956 4924 ,
1981 4874 2105 4931 cum

506 4929 902 5000 superius,ca‘p.
930 4933 986 4998 2,
1013 4948 1066 4986 η.
1091 4933 1148 4996 4,
1169 4931 1489 5000 baptismum
1518 4931 1654 4998 ignis
1673 4931 1740 4986 de
1775 4935 1894 5000 igne
1917 4929 2109 5000 judicii

509 5004 737 5059 extremi
779 5005 1183 5073 interpretetur,
1233 5003 1392 5057 aliam
1433 5001 1592 5071 hujus
1630 5002 1890 5073 baptismi
1938 5003 2108 5055 inter-

510 5074 867 5157 pretationem
897 5072 1003 5157 non
1027 5073 1336 5157 excludere,
1370 5073 1413 5127 si
1443 5073 1658 5157 quidem
1685 5072 1962 5157 apostolos
1983 5081 2108 5157 ante

506 5142 766 5216 judicium
797 5143 899 5200 hoc
943 5147 1081 5216 ignis
1136 5144 1407 5215 baptismo
1459 5142 1734 5214 perfectos
1778 5144 1865 5198 hic
1913 5142 2111 5213 praedi-

514 5223 626 5272 cat.

581 5285 658 5358 (b)
704 5287 895 5342 Plures
943 5303 1072 5343 mss.
1121 5286 1349 5342 obscura:
1393 5285 1677 5342 tenebatur.
1709 5286 1828 5344 Mox
1853 5285 1904 5341 in
1937 5285 2108 5341 tribus

511 5360 668 5419 venit,
703 5374 801 5428 pro
828 5360 1104 5412 invehitur.

585 5431 661 5499 (c)
686 5430 774 5501 Sic
803 5444 996 5501 magno
1035 5443 1301 5501 consensu
1331 5445 1462 5485 mss.
1485 5429 1559 5501 Aid
1591 5439 1698 5501 est,
1746 5429 1884 5485 clam
1915 5437 1970 5484 ct
2014 5444 2106 5484 oc-

511 5498 675 5556 culte.
710 5499 786 5556 lta
821 5498 916 5558 lib'.
958 5515 1034 5561 ιιι.
1066 5499 1134 5555 de
1160 5498 1313 5555 Trin.
1352 5517 1405 5554 η.
1435 5499 1543 5555 20:
1578 5499 1742 5556 Erant
1783 5501 2024 5570 discipuli
2054 5502 2107 5554 in

513 5570 714 5645 clauso,
768 5582 812 5628 et
858 5581 1051 5645 secreto
1083 5581 1196 5645 post
1242 5572 1529 5645 passionem
1555 5571 1783 5645 Domini
1814 5571 2108 5645 congregati

513 5644 868 5719 consederant.
899 5644 970 5719 At
999 5645 1052 5699 in
1085 5644 1254 5719 prima
1281 5642 1521 5701 editione
1561 5643 1685 5700 Par.
1737 5642 2002 5710 clausam;
2053 5643 2106 5698 in

517 5714 748 5778 ueteris,
776 5716 958 5771 clausi.

2249 4701 2260 4713 .
2292 4630 2362 4700 (ρ)
2395 4629 2779 4713 Prtel'erremus
2821 4647 2942 4713 eum
2971 4631 3215 4700 pluribus
3244 4647 3377 4713 mss.
3403 4635 3456 4688 in
3504 4635 3647 4713 ligno
3691 4653 3818 4705 pas-

2216 4703 2380 4775 sione,
2408 4703 2879 4775 quasi,_passionis
2909 4713 3171 4775 tempore,
3208 4705 3311 4758 nisi
3330 4703 3814 4775 experti'esseinus

2219 4771 2420 4845 Hilario
2447 4772 2739 4845 familiares
2759 4788 2880 4828 esse
2907 4771 3212 4844 hujusmodi
3236 4771 3424 4831 vocum
3451 4778 3811 4845 inversiones,

2219 4843 2440 4920 ut‘d‘icat
2468 4844 2523 4920 in
2547 4844 2672 4914 ligni
2705 4848 2963 4920 passione,
2984 4843 3092 4914 pro
3129 4847 3186 4920 in
3214 4846 3352 4920 ligno
3387 4849 3662 4920 passionis.

2289 4913 2357 4984 (Ῑ)
2389 4913 2516 4966 Bad.
2550 4913 2671 4968 cum
2705 4915 2944 4982 plurimis
2974 4913 3104 4972 mss.
3135 4919 3191 4972 in
3218 4913 3399 4971 ordine
3439 4919 3493 4973 in
3534 4919 3804 4975 honorem.

2293 4989 2374 5057 (g)
2396 4985 2484 5038 Sic
2512 4986 2749 5053 potiores
2779 5000 2908 5041 mss.
2940 4985 3044 5041 Alii
3070 5003 3198 5042 vero
3232 5005 3244 5040 :
3273 4985 3399 5042 Jesu
3419 4990 3552 5043 enim
3583 4988 3813 5047 Domino

2214 5070 2313 5108 non
2337 5070 2520 5133 nomen
2547 5067 2946 5133 ex_corporc_est
2971 5057 3376 5133 {adversantur
3414 5060 3497 5114 his
3523 5070 3689 5133 lr:nCl_._
3715 5078 3804 5133 ps.

2214 5141 2333 5190 va,
2369 5142 2422 5180 ιι.
2460 5126 2562 5180 12ε
2592 5125 2746 5180 Iesus
2785 5129 2920 5201 enim
2950 5130 3059 5198 ejus
3108 5130 3351 5198 hominis,
3400 5133 3489 5201 qui
3531 5149 3597 5187 ea:
3635 5125 3816 5188 Hdt-ia

2213 5206 2364 5250 natus
2393 5206 2487 5263 est,
2513 5199 2826 5270 nuncupatio
2847 5209 2943 5253 est.

2283 5284 2584 5366 (It)Clat-ius
2603 5288 2718 5366 hate
2741 5291 2812 5344 ita
2830 5289 3216 5366 ordinarentur
3241 5309 3255 5366 ξ
3279 5293 3538 5366 materiem
3553 5297 3811 5366 assumpti

2212 5359 2443 5431 corporis
2474 5360 2819 5431 consociatam
2845 5362 3118 5415 wternitati
3154 5361 3386 5431 Spiritus
3429 5375 3475 5418 et
3514 5359 3813 5421 substantia

2214 5445 2322 5483 suae
2352 5430 2498 5504 (hoc,
2527 5440 2610 5484 est
2654 5430 2848 5504 divinae
2896 5443 3104 5487 natura:
3129 5475 3144 5497 ,
3176 5430 3298 5504 qua:
3327 5435 3436 5491 ﬂlio
3462 5435 3555 5491 Dei
3585 5451 3681 5490 sua
3725 5447 3810 5492 est

2218 5515 2311 5576 per
2325 5502 2732 5576 proprietatem.
2752 5503 2980 5576 humana
3011 5502 3426 5576 autem'tantum
3455 5522 3548 5576 per
3567 5521 3809 5576 assump-

2217 5569 2453 5643 tionem)
2481 5573 2548 5626 ad
2571 5573 2749 5628 cazlum
2776 5573 3037 5630 retulisse.
3073 5575 3140 5630 Et
3168 5576 3254 5630 hic
3281 5577 3433 5632 locus
3457 5569 3653 5632 avertit
3685 5569 3806 5632 oni-

2215 5657 2339 5720 nem
2361 5644 2744 5720 suspicionem,
2760 5659 2895 5720 qua;
2926 5661 2995 5701 ex
3020 5646 3140 5702 aliis
3164 5647 3298 5720 oriri
3312 5657 3528 5720 posset,
3557 5663 3628 5703 ne
3653 5648 3803 5704 Hila—

2167 5721 2184 5730 “
2216 5713 2329 5770 rius
2375 5712 2576 5772 Christi
2613 5712 2892 5787 gloriﬁcati
2917 5731 3138 5775 carnem
3180 5712 3436 5777 abolitam
3462 5712 3798 5778 existimarit.
