4172 6188
368 247 480 303 957

440 361 526 414 13.
565 358 671 426 Qui
700 376 734 414 a
758 359 962 417 Christo
1003 362 1232 433 impleta.
1284 367 1426 424 Crux

362 452 632 508 bescenda.
666 485 735 495 —
761 454 842 511 Ne
873 457 1038 527 igitttr
1057 459 1204 514 aliud
1246 461 1680 523 existimaremns
1727 469 1779 524 in
1826 487 1957 541 ope-

363 550 512 607 ribus
541 549 654 604 suis
679 563 825 615 esse,
849 566 1009 620 quam
1031 555 1403 612 contineretur
1435 558 1492 614 in
1521 562 1672 631 lege;
1708 578 1814 618 non
1845 565 1956 620 sol-

358 655 489 698 vere
535 656 596 697 se
640 641 812 713 legem
837 643 1112 714 professus
1134 656 1253 714 est,
1289 649 1384 705 sed
1412 650 1637 721 implere
1693 673 1705 709 :
1755 657 1954 714 ccelum

356 733 575 804 quidem
604 743 661 790 et
691 743 915 804 terram,
949 739 1205 806 maxime,
1231 747 1291 795 ut
1313 742 1657 811 arbitramur,
1683 747 1952 806 elementa

354 838 478 880 esse
506 823 762 880 solvenda
791 843 803 878 :
835 835 1092 883 caeterum
1131 847 1200 886 ne
1227 833 1510 889 minimum
1538 837 1757 906 quidem
1785 855 1952 911 posse

354 928 478 972 esse
500 915 569 972 de
600 915 868 972 mandatis
899 918 1031 989 legis
1052 920 1305 978 infectum
1334 941 1350 991 ;
1376 925 1431 980 in
1464 927 1581 996 ipso
1608 931 1751 984 enim
1783 931 1872 987 lex
1897 941 1952 989 et

353 1009 638 1079 prophetia
666 1009 846 1065 omnis
884 1011 1160 1081 impletur.
1191 1015 1303 1071 Sub
1335 1018 1589 1087 passione
1636 1031 1690 1077 et
1721 1025 1944 1094 jamjam

352 1100 598 1168 Spiritum
631 1099 946 1169 traditurus,
977 1106 1154 1175 magni
1201 1106 1363 1178 hujus
1411 1109 1463 1164 in
1511 1127 1572 1166 se
1618 1123 1799 1170 certus
1853 1132 1945 1171 ar-

350 1192 494 1258 cani,
525 1192 604 1265 (a)
643 1204 800 1263 potus
829 1205 984 1251 aceto
1011 1212 1379 1255 consummata
1406 1203 1586 1259 omnia
1624 1215 1706 1260 est
1736 1208 1943 1277 profes-

347 1299 446 1340 sus
478 1303 492 1340 :
525 1285 683 1341 ﬁdem
708 1287 854 1342 enim
876 1298 1172 1359 gestorum,
1207 1295 1385 1348 omnia
1417 1304 1526 1350 tum
1558 1299 1942 1369 prophetarum

353 1379 501 1435 dicta
525 1382 827 1437 sumebant.
860 1381 1046 1455 Itaque
1091 1401 1158 1441 ne
1203 1387 1425 1443 minima
1470 1391 1688 1462 quidem
1721 1397 1943 1452 manda-

346 1480 530 1528 torum
563 1473 691 1540 Dei,
725 1474 826 1530 nisi
867 1490 990 1531 cum
1021 1477 1231 1547 piaculo
1258 1480 1334 1552 (b)
1370 1481 1464 1537 Dei
1507 1486 1791 1541 constituit
1819 1505 1941 1546 esse

343 1563 604 1617 solvenda
633 1563 796 1635 (Ibid.
833 1565 922 1636 I9)
953 1566 1198 1624 :l‘utnros
1220 1571 1492 1639 minimos,
1527 1574 1579 1629 id
1614 1587 1717 1644 est,
1751 1580 1937 1635 novis-

342 1653 514 1708 simos
535 1669 598 1711 ac
627 1671 786 1726 poene
809 1659 984 1714 nullos
1012 1661 1359 1729 denuntians,
1391 1665 1610 1720 minima
1639 1671 1933 1728 solventes.

343 1743 499 1799 Nulla
530 1757 708 1802 autem
744 1747 825 1802 his
856 1750 1063 1806 minora
1096 1765 1322 1823 possunt
1365 1772 1488 1812 esse
1511 1797 1526 1824 ,
1557 1775 1677 1829 quae
1713 1763 1932 1818 minima
1965 1771 2012 1830 Β

340 1845 489 1891 sunt.
516 1837 794 1895 Minimum
823 1851 1002 1898 autem
1029 1853 1112 1900 est
1134 1847 1401 1914 omnium,
1429 1849 1639 1906 Domini
1675 1855 1854 1923 passio
1883 1866 1939 1912 et

339 1929 519 1984 crucis
562 1945 748 1986 mors:
778 1949 936 2002 quam
976 1936 1019 1991 si
1062 1937 1180 2007 quis
1210 1949 1486 2011 tamquam
1515 1944 1936 2003 erubescendam

338 2035 450 2076 non
495 2022 876 2092 conﬁtebitur,
934 2028 1038 2082 erit
1106 2029 1389 2097 minimus;
1447 2035 1723 2092 conﬁtenti
1764 2065 1778 2088 ρ
1809 2055 1937 2094 vero

337 2127 550 2184 magnae
581 2116 633 2170 in
657 2117 794 2172 coelo
819 2120 1116 2175 vocationis
1145 2122 1378 2192 gloriam
1404 2124 1476 2197 (c)
1510 2128 1815 2197 pollicetur.

413 2208 501 2262 I6.
534 2207 874 2284 Evangelium
915 2215 1002 2283 qui
1048 2215 1208 2288 legem
1239 2218 1469 2272 excedat.
1499 2251 1570 2261 —
1599 2222 1730 2278 Dico
1762 2225 1937 2280 autem

334 2303 509 2370 vobis,
549 2305 673 2374 quia
702 2305 800 2359 nisi
841 2307 1178 2364 abundaverit
1200 2312 1404 2380 justitia
1440 2325 1610 2370 vestra
1635 2318 1753 2389 plus
1783 2336 1938 2389 quam

335 2397 642 2452 Scribarum
677 2409 723 2453 et
751 2398 1140 2456 Pharisaeorum
1163 2444 1176 2468 ,
1202 2419 1306 2458 non
1342 2405 1598 2462 intrabitis
1642 2410 1696 2462 in
1723 2427 1935 2483 regnum

335 2492 578 2545 caelorum
605 2491 766 2562 (Ibid.
800 2492 915 2564 20).
952 2494 1324 2551 Pulcherrimo
1356 2497 1600 2568 ingressu
1621 2515 1758 2572 opus
1804 2503 1934 2574 legis

333 2586 502 2656 cmpit
529 2587 812 2652 excedere,
839 2596 896 2642 ut
924 2604 1027 2642 non
1054 2589 1375 2647 dissolveret
1404 2607 1544 2658 eam,
1566 2593 1661 2647 sed
1693 2595 1935 2663 profectu

333 2679 547 2751 potiore
579 2680 912 2748 praecederet
937 2699 950 2736 :
976 2681 1178 2737 aditum
1212 2684 1472 2753 apostolis
1497 2687 1549 2740 in
1574 2687 1793 2754 caelum,
1827 2687 1932 2743 nisi

329 2773 598 2843 juStitiam
630 2773 1024 2829 Pharisaeorum
1067 2777 1323 2846 aequitate
1349 2779 1647 2834 anteissent
1667 2821 1682 2842 ,
1713 2779 1932 2836 denun-

334 2868 481 2921 tians
505 2882 612 2920 non
635 2865 890 2922 futurum.
927 2867 1227 2938 Pr0positis
1252 2869 1414 2940 igitur
1443 2871 1527 2925 his
1567 2888 1688 2942 qua:
1711 2872 1761 2927 in
1808 2875 1926 2944 lege

334 2959 648 3029 praescripta
667 2968 810 3027 sunt,
839 2959 1080 3031 proiectu
1111 2975 1174 3016 ea
1199 2976 1310 3017 non
1339 2962 1632 3021 abolitione
1659 2972 1930 3037 transgre-

334 3049 504 3105 ditur.

411 3142 498 3197 l7.
531 3139 626 3196 Ira
649 3141 762 3197 sine
789 3159 946 3198 causa
977 3144 1239 3199 homicidii
1263 3162 1370 3201 rea.
1410 3177 1472 3186 —
1499 3145 1610 3202 Lex
1640 3148 1808 3204 vetuit
1838 3163 1930 3205 oc-
1954 3156 2000 3219 C

334 3235 540 3304 cidere,
565 3246 771 3292 reatum
802 3238 1077 3294 homicidii
1109 3240 1402 3296 severitate
1429 3240 1617 3310 judicii
1643 3242 1926 3315 expiatura

334 3325 506 3401 (Ibid.
537 3327 652 3400 2i).
684 3329 790 3384 Sed
820 3331 958 3385 male
1012 3331 1065 3384 in
1118 3331 1347 3386 alterum
1399 3343 1686 3388 commotae
1736 3337 1931 3391 mentis

332 3420 548 3477 aﬂ'ectio
562 3421 702 3476 idem
721 3421 776 3476 in
798 3421 1106 3493 Evangeliis
1133 3423 1293 3479 habet
1314 3422 1394 3496 (ά)
1420 3440 1614 3496 patum;
1636 3434 1690 3481 et
1712 3441 1776 3482 ex
1794 3443 1930 3497 prat-

333 3524 494 3583 cepto
525 3513 648 3569 ﬁdei
698 3530 805 3570 non
853 3514 1033 3570 minus
1076 3531 1164 3571 rea
1199 3516 1277 3570 ira
1321 3517 1550 3572 estsine
1579 3519 1786 3574 ratione
1813 3534 1934 3574 sus—

332 3613 516 3675 cepta,
561 3621 720 3676 quam
750 3605 802 3659 in
846 3606 1104 3674 operibus
1152 3606 1284 3678 legis
1327 3608 1697 3663 homicidium.
1747 3608 1816 3662 Et
1841 3609 1931 3680 qui

333 3699 523 3753 dixerit
551 3698 702 3769 fratri
728 3714 822 3753 suo
846 3698 1035 3766 racha,
1069 3713 1186 3752 reus
1221 3699 1315 3752 erit
1342 3699 1561 3754 concilio
1593 3699 1767 3771 (Ibid.
1796 3697 1925 3769 22).

332 3792 518 3848 Racha
541 3793 826 3847 vacuitatis
857 3791 1206 3870 opprobrium
1237 3801 1320 3845 est
1345 3808 1358 3843 :
1391 3801 1445 3846 et
1467 3792 1558 3860 qui
1587 3801 1776 3846 sancto
1801 3791 1926 3859 Spi-

333 3887 441 3941 ritu
470 3885 686 3956 plenum
718 3883 966 3939 convicio
1009 3882 1292 3937 vacuitatis
1332 3881 1646 3947 insimulat,
1694 3882 1752 3937 ﬁt
1800 3897 1927 3938 reus

333 3979 566 4036 concilio
619 3986 962 4042 sanctorum;
1017 3975 1397 4031 contumeliam
1451 3974 1684 4044 Spiritus
1748 3974 1924 4030 sancti

331 4072 499 4144 ωε
525 4077 831 4126 sanctorum
852 4065 1112 4138 judicium
1139 4065 1607 4121 animadversione
1650 4066 1880 4122 luiturus
1905 4083 1919 4121 :

337 4167 441 4232 Qui
467 4176 637 4219 autem
682 4163 886 4233 fatuum
931 4160 1150 4226 dixerit,
1189 4176 1308 4213 reus
1353 4159 1448 4213 erit
1496 4157 1739 4230 gehennae
1769 4159 1921 4231 ignis.

332 4259 534 4315 Piaculi
558 4257 737 4328 magni
761 4255 1057 4326 periculum
1089 4263 1201 4318 est,
1233 4268 1391 4323 quem
1420 4251 1588 4307 salem
1615 4251 1757 4307 Deus
1788 4267 1927 4306 nun-

329 4351 646 4423 cupaverit,
700 4363 823 4404 eum
871 4345 1199 4402 contumelia
1249 4344 1494 4399 inlatuati
1541 4359 1736 4400 sensus
1779 4345 1925 4401 lace-

1292 257 1836 323 COMMENTARIUS
1865 265 1930 324 IN
1971 269 2402 331 MATTﬂ/EUM.
2437 274 2588 332 CAP.
2636 279 2725 337 IV.

3544 297 3654 356 958

1470 371 1666 428 Christi
1695 392 1798 431 non
1839 395 1958 432 eru-
1984 383 2028 442 Α
2061 384 2150 452 qui
2179 385 2372 455 salit),
2402 389 2581 445 stulta:
2603 391 2971 464 intelligentiae
2991 409 3320 472 exasperare
3344 404 3653 468 maledicto.

2061 473 2365 532 Istiusmodi
2402 480 2563 549 igitur
2591 486 2780 540 aeterni
2806 485 2944 557 ignis
2970 492 3071 546 erit
3094 495 3365 563 pabulum.
3398 499 3471 554 Ita
3501 504 3655 572 quid-

2058 566 2185 636 quid
2228 568 2314 624 lex
2344 569 2415 643 (e)
2453 588 2521 628 ne
2562 574 2612 629 in
2644 576 2774 646 ipsis
2801 581 3017 650 quidem
3053 588 3305 654 operibus
3343 566 3650 664 damnavit,

2058 661 2459 732 evangeliorum
2491 666 2625 724 ﬁdes
2655 685 2753 740 pro
2793 677 3184 735 contumeliosa
3213 689 3417 740 tantum
3456 661 3652 747 verbo:-

2056 765 2174 807 rum
2201 753 2456 812 facilitate
2479 759 2826 818 condemnat.

2129 867 2214 939 18.
2245 867 2365 926 Pax
2405 888 2521 928 cum
2565 875 2812 941 fratribus
2855 882 2972 952 paci
3023 883 3119 939 Dei
3169 890 3546 957 prtemittenda.
3575 924 3648 936 -ο

2053 957 2231 1014 Mutoa
2262 960 2425 1032 igitur
2447 965 2731 1024 universos
2750 969 3016 1031 charitate
3059 975 3372 1035 devinciens
3395 1021 3410 1049 ,
3443 983 3644 1040 nullam

2053 1050 2366 1122 impaciﬁcae
2393 1059 2656 1117 orationis
2679 1063 2795 1118 ﬁeri
2820 1080 3036 1135 precem
3065 1070 3262 1139 patitur
3288 1089 3301 1126 :
3334 1076 3428 1131 sed
3452 1077 3644 1135 altario

2050 1157 2273 1200 munera
2305 1148 2637 1220 oﬁ‘erentes,
2685 1154 2729 1209 si
2778 1158 3130 1216 recordentur
3175 1163 3376 1222 habere
3415 1183 3475 1224 se
3521 1186 3642 1226 cum

2049 1235 2307 1294 fratribus
2341 1240 2545 1311 aliquid
2574 1245 2904 1329 simultatum
2927 1292 2942 1316 ,
2986 1256 3364 1312 reconciliatos
3411 1259 3642 1317 humana

2047 1342 2181 1397 pace
2207 1336 2402 1388 reverti
2435 1335 2486 1388 in
2523 1335 2758 1392 divinam
2787 1356 2973 1410 pacem
3008 1344 3194 1414 jubet,
3227 1349 3278 1403 in
3314 1351 3410 1407 Dei
3455 1352 3639 1409 chari-

2047 1428 2209 1478 tatem
2265 1424 2333 1481 de
2362 1426 2624 1487 charitate
2653 1430 2929 1490 hominum
2979 1440 3304 1497 transiturus
3349 1443 3523 1514 (Ibid.
3567 1447 3640 1504 25

2044 1521 2091 1568 et
2115 1514 2231 1588 24).

2088 1635 2206 1692 I9.
2239 1637 2354 1732 Cito
2385 1641 2608 1699 ineunda
2649 1656 2741 1703 est.
2788 1679 2861 1692 —
2890 1653 2957 1707 Et
3002 1654 3126 1725 quia
3174 1657 3378 1714 uullttm
3426 1669 3638 1732 tempus

2040 1741 2268 1782 vacuum
2299 1730 2493 1787 aﬁ'ectu
2518 1735 2905 1805 placabilitatis
2935 1760 3056 1800 esse
3093 1751 3395 1818 permittit,
3442 1730 3551 1808 cito
3582 1756 3636 1811 in

2041 1819 2191 1873 omni
2226 1821 2350 1876 vita:
2382 1833 2581 1880 nostra:
2631 1829 2716 1882 via
2772 1835 3114 1890 reconciliari
3168 1855 3268 1893 nos
3319 1841 3638 1900 adversario

2040 1907 2373 1981 benignitate
2403 1917 2661 1985 praecepit
2697 1937 2710 1973 :
2743 1935 2812 1976 ne
2841 1922 2894 1977 in
2937 1925 3116 1981 reditu
3160 1929 3351 1998 gratiae
3395 1935 3634 2000 morosi,

2039 1999 2093 2054 in
2139 2006 2332 2060 mortis
2364 2014 2578 2078 tempus
2603 2026 2710 2066 non
2758 2013 2887 2069 inita
2922 2023 3055 2086 pace
3085 2021 3365 2078 veniamus
3385 2066 3400 2088 .
3428 2041 3638 2097 nosque

2038 2091 2384 2151 adversarius
2419 2098 2586 2165 judici
2634 2102 2850 2167 tradat,
2894 2117 2949 2162 et
2972 2111 3138 2176 judex
3183 2113 3464 2180 ministro,
3496 2091 3635 2175 et-in

2039 2195 2311 2240 carcerem
2361 2189 2639 2245 mittamur
2664 2233 2679 2258 ,
2723 2203 2779 2248 et
2808 2210 2914 2249 non
2962 2212 3221 2256 exeamus
3253 2204 3380 2260 inde
3405 2247 3420 2273 ,
3450 2206 3628 2265 donec

2038 2276 2328 2333 reddamus
2358 2282 2710 2339 novissimum
2737 2288 3093 2356 quadrantem
3125 2291 3289 2365 (Ibid.
3319 2298 3390 2352 25
3427 2311 3475 2354 et
3514 2301 3630 2373 26).

2038 2365 2095 2421 In
2123 2371 2408 2442 praeceptis
2433 2373 2721 2432 dominicae
2765 2381 3030 2438 orationis
3075 2388 3278 2441 remitti
3322 2390 3480 2446 nobis
3508 2365 3636 2462 pec-

2037 2471 2156 2514 cata
2214 2475 2400 2518 nostra
2451 2479 2673 2523 oramus
2703 2473 2952 2542 exemplo
2981 2515 2997 2540 ,
3043 2486 3098 2531 et
3151 2477 3274 2533 data
3306 2482 3633 2541 adversariis

2037 2552 2352 2610 conditione
2375 2558 2569 2625 veniae,
2601 2560 2768 2628 ipsius
2791 2565 3001 2619 veniam
3031 2566 3389 2636 deprecamur
3413 2573 3632 2646 (Matth.

2037 2657 2123 2708 v1,
2153 2645 2264 2715 I2).
2292 2646 2419 2702 Haec
2464 2652 2646 2721 itaque
2685 2654 2969 2722 negabitttr
3001 2657 3158 2715 nobis
3179 2702 3194 2726 ,
3228 2661 3274 2716 si
3317 2645 3440 2719 aliis
3469 2681 3634 2736 nege-

2037 2744 2154 2790 tura
2184 2738 2341 2794 nobis
2373 2757 2386 2794 :
2417 2752 2716 2814 nostroque
2758 2745 2857 2814 ipsi
2894 2747 3101 2817 judicio
3131 2753 3209 2806 rei
3236 2767 3423 2810 sumus
3449 2798 3463 2821 ,
3495 2760 3539 2812 si
3572 2760 3629 2816 in

2029 2826 2219 2898 judicii
2267 2839 2478 2900 tempus
2527 2849 2634 2888 non
2689 2838 2932 2894 remissis
2976 2841 3340 2900 simultatibus
3387 2856 3632 2905 transea-

2033 2933 2155 2974 mus
2182 2936 2197 2984 ;
2228 2921 2542 2979 adversario
2572 2926 2821 2983 tradente
2870 2945 2970 2985 nos
2995 2931 3164 3001 judici
3186 2976 3202 3002 ,
3231 2937 3354 3004 quia
3401 2953 3630 2997 manens

2033 3010 2087 3065 in
2121 3027 2243 3068 eum
2272 3015 2562 3072 simultatis
2588 3029 2786 3074 nostrae
2810 3021 2888 3076 ira
2913 3039 3011 3078 nos
3037 3026 3230 3095 arguit.
3257 3027 3325 3082 Et
3345 3031 3469 3099 quia
3497 3031 3629 3088 cha-

2030 3105 2164 3160 ritas
2196 3107 2484 3174 plurimum
2519 3121 2860 3179 peccatorum
2893 3118 3022 3184 tegit
3053 3116 3095 3189 (Ι
3137 3117 3278 3172 Petr.
3316 3135 3401 3183 tv,
3433 3121 3528 3192 8),
3562 3132 3619 3180 et

2033 3211 2280 3254 errorum
2309 3210 2616 3257 nostrorum
2640 3203 2925 3260 ambitiosa
2953 3207 3022 3261 ad
3053 3208 3226 3264 Deum
3251 3218 3475 3279 patrona
3503 3223 3627 3283 est;

2034 3290 2388 3345 novissimum
2415 3307 2587 3362 pmnae
2614 3295 2974 3365 quadrantem
2999 3299 3294 3368 solvemus,
3327 3304 3428 3359 nisi
3455 3307 3633 3374 pretio

2033 3379 2203 3450 ipsius
2229 3381 2628 3451 aliquantorum
2649 3387 2933 3443 criminum
2960 3391 3118 3460 culpa
3141 3393 3457 3450 redimatur.
3486 3397 3629 3475 Quid

2032 3483 2215 3529 autem
2238 3489 2268 3528 a
2299 3475 2540 3544 pluribus
2569 3477 2622 3532 in
2658 3478 2761 3533 hoc
2786 3481 2963 3548 capite
2989 3497 3207 3536 sensum
3250 3485 3358 3550 sit,
3392 3501 3499 3540 non
3533 3503 3632 3557 pu-

2036 3568 2141 3621 tavi
2171 3581 2295 3623 esse
2341 3569 2699 3623 tractandum.
2753 3569 2864 3626 Hoc
2903 3570 3050 3626 enim
3074 3613 3090 3640 ,
3117 3572 3264 3643 quod
3312 3576 3630 3635 adversario

2033 3658 2372 3712 reconciliari
2402 3657 2473 3730 (f)
2508 3659 2884 3717 benevolentia
2910 3661 3186 3731 jubemur,
3211 3668 3278 3720 ad
3303 3669 3548 3751 corporis
3572 3679 3630 3726 et

2033 3752 2258 3823 Spiritus
2298 3752 2701 3809 adversantium
2746 3755 2849 3810 sibi
2894 3757 3240 3814 concordiam
3287 3761 3624 3831 retulerunt;

2030 3845 2125 3899 sed
2154 3860 2252 3899 nos
2281 3844 2526 3901 ordinem
2557 3846 2820 3903 dOCll'InfB
2857 3859 3102 3906 tenentes
3128 3892 3144 3918 ,
3200 3861 3257 3907 et
3308 3867 3446 3924 Opus
3493 3855 3629 3927 legis

2031 3938 2358 4007 evangelieis
2401 3939 2734 4009 profectibus
2758 3941 3084 3997 excedentes
3111 3983 3126 4007 ,
3173 3959 3280 3999 non
3323 3948 3628 4015 putavimus

2031 4029 2404 4102 intelligentiae
2429 4033 2888 4087 continuationem
2919 4041 3171 4102 oportere
3195 4038 3452 4094 convelli.

2101 4167 2194 4222 20.
2225 4167 2460 4222 Audistis
2497 4169 2615 4238 quia
2656 4167 2845 4222 dictum
2884 4179 2955 4224 est
2986 4171 3240 4241 antiquis,
3274 4189 3376 4228 non
3403 4177 3627 4232 macha-

2033 4258 2183 4325 beris,
2210 4267 2315 4314 etc.
2345 4258 2523 4327 (Matt.
2558 4275 2610 4324 v,
2633 4259 2751 4331 27).
2779 4259 2972 4316 Fertur
2998 4277 3097 4317 suo
3125 4278 3291 4320 cursu
3328 4267 3462 4322 ordo
3492 4284 3625 4339 pra:-

2032 4350 2174 4420 cepti
2195 4391 2209 4414 ,
2240 4358 2295 4405 et
2324 4350 2714 4419 praetermissis
2742 4351 2879 4423 legis
2909 4354 3187 4424 operibus,
3215 4355 3327 4426 jam
3352 4356 3406 4412 in
3442 4359 3622 4415 Evan-
3707 4369 3713 4375 ‘

329 4461 488 4504 scere
521 4463 536 4499 ι
565 4455 621 4501 et
661 4443 948 4499 stultorum
991 4441 1408 4514 intelligentiam
1449 4440 1730 4497 salientem
1763 4439 1926 4512 (eum
1955 4432 2008 4497 D
2032 4441 2188 4514 geliis
2218 4434 2489 4497 adulterio
2515 4451 2695 4499 motus
2725 4450 2934 4499 tantum
2957 4444 3100 4500 oculi
3128 4445 3413 4505 incidentis
3435 4464 3621 4522 atqua-

405 4608 482 4681 (a)
513 4607 570 4661 In
595 4605 912 4686 quibusdam
939 4602 1091 4686 libris
1117 4612 1256 4686 poto,
1301 4603 1354 4658 in
1395 4602 1513 4657 aliis
1545 4610 1718 4686 potato
1739 4611 1914 4686 aceto,

332 4680 387 4735 in
412 4671 691 4735 nonnullis
720 4677 1005 4748 potuiaceti
1025 4717 1040 4741 ,
1073 4671 1131 4748 in
1158 4676 1244 4748 _Ps.
1275 4689 1432 4748 cxxxt
1452 4714 1467 4740 ,
1499 4689 1552 4727 n.
1582 4671 1645 4740 4,
1681 4684 1794 4748 post
1820 4688 1916 4743 po-

2025 4603 2093 4659 tis
2119 4611 2297 4678 autem
2317 4645 2337 4678 ,_
2367 4602 2614 4678 Dominus
2634 4619 2753 4678 esse
2786 4601 3082 4678 conﬁtetur.
3109 4603 3209 4661 Hic
3239 4621 3440 4678 magna:
3473 4625 3623 4663 voca-

2023 4675 2176 4728 tionis
2206 4674 2595 4749 gloriant__dicit
2634 4674 3086 4749 Hilaritts,_quasi
3125 4678 3305 4746 magni
3325 4674 3608 4749 'nominis,

331 4751 504 4807 cuium
525 4751 674 4804 aceti.
707 4743 940 4813 Deinde,
973 4761 1069 4815 pro
1098 4745 1252 4812 [idem
1282 4745 1414 4818 enim
1441 4754 1728 4818 gestorum,
1760 4744 1919 4818 longe
2016 4744 2167 4816 juxta
2196 4743 2366 4799 illud:
2397 4743 2494 4799 Hic
2515 4760 2732 4818 magnus
2757 4744 3039 4800 vocabitur.

333 4822 616 4877 mallemus
643 4820 794 4888 ﬁnem
825 4812 960 4872 enim
975 4812 1257 4889 gestorum,
1290 4812 1489 4889 Christi
1522 4815 1747 4869 scilicet.
1782 4812 1916 4889 Per-

332 4883 659 4966 [κείς-ενιίηί
691 4890 953 4952 omnibus,
981 4883 1040 4943 ut
1080 4886 1274 4966 dicitur
1317 4887 1368 4938 in
1401 4885 1488 4940 Ps.
1518 4900 1711 4966 cxxxt,
1757 4901 1811 4938 η.
1843 4883 1912 4966 ἦ,

332 4957 405 5017 ait
432 4980 450 5017 :
479 4963 893 5016 Consummatum
923 4968 1090 5014 est....
1143 4957 1535 5011 Percucurrerat
1572 4959 1706 5009 enim
1744 4957 1915 5010 omnia

331 5036 639 5088 sacramenti
670 5033 833 5104 oﬂicia
855 5047 873 5084 :
901 5039 945 5084 et
969 5031 1051 5082 ubi
1081 5029 1146 5104 inA
1163 5026 1604 5104 consummatione
1627 5027 1879 5099 gaudetur
1898 5065 1912 5089 ,

332 5107 401 5159 ibi
429 5107 483 5158 in
510 5097 730 5173 suscepii
757 5103 921 5180 operis
940 5101 1244 5173 perfectiotte
1268 5098 1444 5180 [attitia
1472 5107 1562 5150 est.
1588 5097 1769 5180 Itaque
1793 5111 1914 5180 cum

333 5177 468 5230 dixit
492 5168 740 5230 Christus
773 5168 1230 5250 {Consummatum
1257 5179 1349 5250 est,
1380 5175 1434 5222 et
1463 5169 1721 5250 continuo
1751 5168 1914 5250 tradi:

332 5248 412 5301 dit
437 5247 712 5316 spiritum;
749 5244 907 5298 linum
929 5241 1168 5321 fantium
1195 5241 1574 5321 prophetarum
1591 5238 1728 5321 dicta
1750 5237 1915 5321 (apud

331 5309 544 5373 Parfet
570 5320 622 5370 in
652 5331 759 5371 uno
785 5328 886 5369 ms.
923 5311 1074 5368 Colb.
1115 5309 1290 5383 gesta)
1316 5313 1577 5364 sumebant
1607 5325 1625 5362 :
1653 5318 1763 5383 tum
1791 5310 1916 5383 quia

330 5403 480 5443 mors
501 5397 585 5442 est
605 5387 728 5442 ﬁnis
755 5393 809 5438 et.
831 5380 1134 5461 extremum
1157 5397 1363 5461 eorum,
1395 5396 1516 5461 quite
1544 5380 1822 5460 prophetae
1850 5380 1918 5461 ab

331 5459 453 5528 ipso
477 5459 531 5513 in
571 5474 733 5514 carne
773 5455 1005 5533 gerenda
1039 5453 1435 5533 praedixerant;
1463 5460 1572 5505 tum
1601 5453 1762 5533 etiam
1794 5453 1918 5530 quia

330 5521 498 5585 linem
528 5533 690 5584 sumit
739 5521 1014 5596 prophetia
1041 5521 1061 5586 ζ
1094 5540 1214 5578 cum
1257 5525 1323 5578 ad
1353 5523 1556 5578 exitum
1608 5521 1922 5592 perducitur

331 5603 708 5672 quodcumque
732 5615 796 5654 ea
825 5598 1137 5672 praedictum
1159 5606 1260 5650 est.

403 5668 731 5749 (QLAliq'uot
757 5685 890 5726 mss.
913 5668 1071 5749 Deus.

389 5732 472 5815 (c)
491 5741 563 5799 lta
595 5732 834 5816 potiores
861 5755 992 5797 mss.
1023 5738 1079 5794 In
1108 5737 1229 5792 aliis
1249 5778 1266 5804 ,
1302 5735 1589 5807 conﬁtetur.
1646 5732 1707 5790 In
1732 5733 1918 5805 vulga-

855 5834 1131 5894 Punon.
1161 5828 1273 5892 IX.

2093 4835 2173 4909 (ά)
2208 4836 2495 4924 Singulare'
2513 4848 2594 4891 est
2622 4837 2750 4924 illud
2777 4836 2918 4924 idem
2935 4853 3111 4924 paena:z
3144 4853 3240 4924 pro
3261 4841 3619 4924 eamdemme

2019 4908 2158 4961 nam.
2208 4908 2414 4963 Deinde
2464 4910 2775 4983 notandum
2799 4908 2921 4962 ﬁdei
2967 4909 3295 4983 vocabulum.
3324 4911 3464 4983 legi,
3495 4908 3620 4971 ﬁdei

2023 4990 2350 5048 praeceptum
2377 4988 2645 5048 praecepto
2674 4979 2808 5045 legis
2837 4979 3054 5047 Opponi.

2096 5069 2170 5145 (e)
2200 5072 2462 5127 Particula
2494 5088 2558 5126 ne
2600 5071 2748 5145 deest
2779 5070 2834 5125 in
2855 5071 3116 5145 vulgatis.
3149 5072 3338 5129 Exstat
3387 5077 3439 5132 iu
3482 5094 3611 5135 mss.

2024 5142 2250 5209 qnerum
2304 5145 2625 5197 auctoritate
2667 5142 2753 5196 hic
2800 5142 3090 5210 adjicitur,
3125 5146 3358 5201 maxime
3407 5164 3527 5203 cum
3561 5151 3616 5206 in

2023 5214 2141 5283 lege
2167 5213 2512 5267 homicidium
2541 5223 2904 5290 perpetratum
2941 5227 3045 5266 non
3072 5217 3334 5283 gehennae
3357 5259 3372 5286 ,
3403 5219 3499 5275 sed
3522 5219 3616 5290 ju-

2024 5282 2165 5338 diCio
2186 5285 2461 5338 dumtaxat
2485 5282 2900 5338 condemnatum
2935 5282 3285 5341 memoretur.

2097 5376 2168 5448 (f)
2197 5376 2328 5430 Dum
2357 5376 2443 5430 hic
2487 5376 2562 5448 ait
2586 5374 2848 5448 Hilarius,
2882 5379 3203 5432 reconciliari
3231 5380 3573 5434 benevolentia
3595 5419 3612 5444 ,

2028 5457 2082 5502 et
2110 5447 2270 5513 Supra
2289 5489 2302 5511 ,
2324 5447 2642 5500 reconciliari
2664 5447 3003 5518 benignitate;
3032 5449 3136 5504 vim
3166 5453 3323 5517 graeci
3352 5452 3616 5506 sermonis

2030 5519 2298 5588 expressit
2323 5535 2336 5572 :
2360 5519 2504 5582 quia,
2532 5526 2596 5590 nt
2616 5524 2767 5571 notat
2790 5521 3145 5590 Hieronymus
3168 5523 3221 5575 in
3252 5522 3391 5574 hunc
3410 5521 3609 5587 locum,

2029 5605 2124 5660 pro
2152 5606 2209 5644 eo
2233 5591 2368 5660 quod
2403 5605 2494 5642 nos
2520 5589 2760 5642 habemus
2804 5591 2857 5642 in
2884 5589 3056 5644 latinis
3094 5592 3349 5644 codicibus
3393 5606 3611 5645 consen-

2031 5661 2180 5733 tiens,
2207 5662 2260 5733 in
2278 5660 2456 5733 gra’cis
2483 5660 2726 5733 scriptum
2751 5671 2825 5716 est
2853 5663 3052 5728 εὐνοῶν,
3084 5665 3221 5730 quod
3248 5663 3617 5731 interpretatur

2033 5729 2298 5787 benevolus
2323 5746 2384 5785 ac
2414 5729 2678 5805 benignus.

3116 5825 3196 5884 30
