4172 6188
364 284 463 353 Ωιι

1288 283 1837 347 ΕΟΜΜΕΝἸΔΗΠῘΒ
1874 282 1942 343 IN
1980 280 2410 346 MATTIIJEUM.
2449 287 2602 347 CAP.
2658 289 2720 347 ν.

3545 298 3651 358 θη

363 399 513 459 enim
558 398 819 455 momenti
857 403 974 454 erat
1015 396 1199 468 iurare
1227 414 1324 469 per
1351 400 1546 458 ctelum
1590 401 1687 457 Dei
1728 401 1911 457 sedem
1938 441 1953 469 ,
1983 402 2036 464 Α
2064 416 2186 459 esse
2231 416 2482 474 oportere
2534 406 2900 474 demonstrat;
2944 409 3151 467 utboni
3196 411 3413 482 gratuiti
3436 413 3507 468 sit
3543 415 3653 471 dis-

357 493 544 565 iurare
597 508 695 566 per
740 500 940 548 terram
978 491 1272 549 scabellum
1317 493 1514 564 pedum
1562 495 1719 563 eius,
1774 494 1958 564 iurare

363 601 463 657 per
492 585 791 641 Jerusalem
841 585 1029 640 urbem
1071 585 1217 640 brevi
1251 586 1322 642 ob
1358 586 1702 642 insolentiam
1745 596 1800 643 et
1830 602 1956 657 pec-

364 687 483 737 cata
532 678 944 735 inhabitantium
1002 676 1386 734 destruendam
1436 696 1448 731 :
1496 692 1619 735 cum
1659 680 1958 749 praesertim

366 776 422 831 in
446 773 937 846 przelermatiunem
960 772 1238 840 Ecclesiae,
1266 772 1319 828 id
1342 782 1446 839 est,
1471 774 1716 844 corporis
1734 773 1957 841 Christi,

365 881 488 935 quae
535 865 710 935 magni
735 865 878 937 regis
918 873 999 920 est
1029 864 1257 930 civitas,
1299 875 1446 920 esset
1485 865 1813 920 constituta?
1856 864 1962 921 Per

270 962 279 973 ’
367 970 527 1028 caput
553 966 730 1012 autem
757 955 946 1027 iurare
972 971 1069 1010 cur
1106 955 1339 1011 vellent?
1368 955 1642 1027 Numquid
1668 957 1751 1011 vel
1784 956 1961 1026 capilli

264 1080 277 1095 -
370 1052 527 1107 unius
572 1049 815 1107 mutandi
848 1050 1074 1107 facultas
1114 1064 1236 1107 esse
1289 1060 1499 1121 poterat
1550 1051 1797 1120 iuranti,
1838 1065 1962 1107 cum

369 1142 616 1201 omnibus
644 1142 882 1197 colorem
901 1152 1087 1196 natura
1115 1158 1144 1197 a
1181 1142 1293 1196 Dee
1324 1142 1562 1212 proiecta
1608 1141 1961 1213 suggereret?

370 1232 545 1305 Atque
571 1233 643 1291 ita
695 1233 813 1291 haec
849 1243 1311 1291 sacramentorum
1357 1236 1577 1306 pignora
1627 1237 1784 1303 plena
1822 1233 1964 1304 apud

2061 496 2307 563 pensatio
2331 498 2585 567 gratuita.
2634 509 2689 553 et
2720 501 2953 555 mutuari
2999 500 3309 557 volentibus
3354 520 3458 559 non
3489 521 3652 576 nege-

2061 600 2181 640 mus
2217 587 2362 655 quod
2405 597 2714 644 mutuamur
2753 606 2784 645 a
2828 590 2961 655 Deo,
3010 607 3225 662 semper
3266 595 3382 650 sine
3424 596 3655 655 habendi

2061 676 2258 733 damno
2284 680 2626 750 impertiendi
2654 683 2953 740 ministerio
2975 685 3054 758 (ά)
3075 688 3326 743 iuncturi.

2133 771 2223 825 27.
2264 771 2604 829 Inimicorum
2653 776 2877 831 dilectio.
2915 806 2990 819 --
3027 779 3256 834 Audistis
3291 783 3415 851 quia
3459 784 3656 839 dictum

2061 872 2155 931 est,
2183 863 2382 938 Diliges
2408 870 2697 937 proximum
2724 878 2887 935 tuum,
2933 882 2980 924 et
3006 872 3146 927 adies
3191 874 3453 930 inimicum
3486 887 3654 947 tuum,

2062 965 2115 1013 et
2139 957 2344 1028 reliqua
2374 958 2537 1029 (Ibid.
2580 962 2697 1033 45).
2726 962 3006 1018 Conclusit
3052 966 3231 1020 omnia
3262 967 3503 1025 bonitate
3534 985 3657 1041 per-

2062 1048 2220 1106 fecta.
2251 1051 2433 1108 Amari
2462 1052 2604 1108 enim
2626 1054 2712 1109 lex
2742 1055 3325 1127 prosimumexigebat,
3345 1061 3657 1117 etininitni-

2064 1154 2186 1194 cum
2220 1141 2489 1196 lirentiam
2531 1144 2641 1200 odii
2674 1145 2853 1199 dabat.
2903 1147 3052 1216 Diligi
3085 1164 3213 1203 vero
3242 1150 3487 1206 inimicos
3524 1152 3659 1207 ﬁdes

2066 1232 2331 1301 prmcinit,
2364 1242 2420 1288 et
2460 1235 2760 1303 petulantes
2788 1236 3139 1293 humanarum
3168 1242 3428 1297 mentium
3459 1250 3657 1311 tnotns,

376 1343 474 1385 eos
511 1326 706 1399 piaculi
729 1328 893 1385 fuisse
917 1326 1254 1385 demonstrat
1274 1311 1292 1381 ἶ
1316 1342 1443 1385 cum
1483 1328 1731 1398 ignorate
1753 1337 1842 1383 aut
1869 1342 1966 1383 ne-

375 1419 555 1492 glecto
569 1418 759 1488 opiﬁce
778 1433 896 1483 suo,
923 1417 1237 1487 religionem
1258 1419 1516 1487 operibus
1538 1420 1963 1488 impertirentur.

447 1513 538 1568 25.
584 1510 876 1571 Ulciscendi
921 1511 1082 1565 libido
1120 1522 1401 1564 coercetur.
1429 1540 1501 1553 --
1530 1511 1761 1565 Audistis
1784 1552 1800 1577 ,
1845 1512 1968 1581 quia

2070 1324 2298 1393 publica}
2330 1324 2608 1381 charitatis
2639 1326 3050 1398 irangitail‘ectu
3081 1330 3244 1400 (Ibid.
3278 1331 3405 1405 44);
3442 1349 3546 1388 non
3574 1350 3665 1388 so-

2069 1414 2180 1470 lum
2203 1416 2336 1470 iram
2368 1418 2437 1472 ab
2468 1418 2672 1474 ultione
2701 1419 3000 1488 depellens,
3031 1421 3125 1477 sed
3148 1424 3307 1477 etiam
3338 1424 3393 1479 in
3420 1439 3664 1481 amorem

2070 1508 2323 1576 mitigans
2348 1507 2595 1577 iniuriosi
2621 1525 2634 1561 :
2670 1509 2790 1579 quia
2821 1513 3060 1581 gentium
3092 1513 3161 1567 sit
3187 1523 3431 1570 amantes
3455 1530 3663 1583 amare,

374 1604 567 1662 dictum
597 1613 701 1669 est,
741 1604 945 1661 oculum
978 1618 1073 1674 pro
1099 1603 1249 1659 oculo
1270 1642 1284 1667 ,
1325 1602 1525 1657 dentent
1563 1618 1658 1673 pro
1699 1603 1846 1661 dente
1866 1642 1880 1667 ,
1913 1609 1970 1658 et
2071 1609 2125 1654 et
2153 1613 2440 1655 commune
2483 1601 2553 1656 sit
2577 1601 2802 1673 diligere
2831 1603 3138 1674 diligentes.
3170 1605 3340 1661 Vocat
3378 1607 3541 1678 igitur
3571 1625 3669 1666 nos

374 1697 580 1768 reliqua
612 1695 775 1769 (Ibid.
806 1692 921 1767 58).
959 1696 1251 1750 Extensam
1294 1692 1418 1749 ﬁdei
1458 1704 1658 1748 nostra:
1705 1693 1759 1748 in
1809 1704 1967 1748 (eleb
2074 1689 2127 1745 in
2157 1689 2252 1745 Dei
2276 1700 2334 1745 ut
2364 1690 2757 1760 htereditatem,
2801 1695 2873 1747 ita
2921 1703 2976 1749 et
3015 1696 3396 1753 imitationem:
3432 1700 3587 1755 bonis
3613 1709 3671 1756 et

378 1804 509 1846 num
536 1804 687 1858 spem
718 1788 880 1853 rebus
909 1787 1042 1857 ipsis
1075 1788 1331 1841 Dominus
1353 1787 1465 1842 vult
1495 1786 1709 1852 probari
1739 1803 1750 1838 :
1781 1794 1836 1841 ut
1857 1786 1970 1855 ipsa
2000 1782 2049 1843 Β
2076 1781 2311 1850 iniustis,
2356 1781 2556 1837 Christi
2593 1784 2677 1838 sui
2715 1784 2971 1851 adventu,
3023 1788 3076 1840 in
3125 1789 3377 1858 baptismi
3408 1800 3463 1845 et
3496 1791 3668 1860 Spiri-

376 1881 785 1939 dissimulandte
808 1878 1019 1949 injuria:
1057 1878 1341 1933 tolerantia
1375 1879 1527 1933 testis
1560 1877 1749 1948 iudicii
1790 1878 1861 1932 sit
1891 1877 1970 1932 iu-
2076 1882 2161 1928 tus
2188 1872 2264 1945 (ε)
2294 1877 2646 1931 sacramentis
2681 1885 2737 1932 et
2791 1879 2961 1933 solem
3002 1880 3290 1936 tribuentis
3331 1890 3386 1936 et
3430 1884 3669 1953 pluviam

381 1974 509 2028 turi.
538 1971 650 2027 Lex
683 1971 956 2027 inﬁdelem
982 1970 1148 2025 Israel
1173 1972 1308 2025 intra
1325 1979 1523 2026 metum
1557 1969 1634 2043 (a)
1665 1979 1813 2027 metu
1843 1986 1974 2026 cett-

2104 1963 2245 2018 Ibid.
2276 1966 2392 2035 45).
2421 1967 2497 2023 ita
2528 1983 2628 2023 nos
2656 1968 2722 2023 ad
2754 1970 3045 2038 perlectam
3080 1972 3261 2041 vitam,
3291 1990 3388 2044 per
3412 1976 3551 2032 hanc
3577 1992 3676 2047 pu-

381 2063 617 2129 linebat,
654 2073 707 2117 et
742 2060 950 2129 injuria:
981 2062 1311 2117 voluntatem
1350 2060 1566 2130 iniuria:
1607 2061 1975 2116 vicissitudine
2077 2056 2231 2112 blicac
2261 2057 2522 2114 bonitatis
2544 2060 2913 2128 concordiam,
2943 2064 3069 2132 quia
3094 2065 3329 2119 nobisin
3351 2067 3492 2122 calo
3519 2080 3673 2138 pater

386 2153 694 2215 coercebat.
731 2152 893 2213 Fides
915 2164 1095 2207 autem
1121 2152 1323 2207 nullius
1354 2163 1463 2207 tam
1490 2168 1709 2224 gravem
1736 2154 1974 2208 dolerem

2098 2147 2149 2202 sit
2178 2147 2449 2216 perfectus
2480 2150 2792 2217 imitandus,
2812 2152 3065 2207 instituit.

380 2263 503 2305 esse
533 2247 730 2318 patitur
762 2247 967 2317 iniuriae
995 2287 1011 2313 ,
1043 2255 1100 2301 ut
1127 2246 1384 2300 ultionem
1431 2255 1652 2314 expetat
1676 2286 1692 2311 ,
1733 2254 1791 2301 et
1820 2246 1978 2302 illata:

2150 2238 2250 2295 28:
2282 2238 2550 2319 lactantia
2579 2244 2845 2314 fugienda.
2878 2273 2948 2289 η
2970 2246 3248 2313 Attendits,
3271 2248 3529 2321 justitiam
3568 2264 3679 2305 oea-

381 2340 484 2396 sibi
513 2341 794 2411 quiSqnam
827 2336 1025 2393 vindex
1058 2336 1131 2392 sit
1156 2336 1503 2393 contumelia:
1532 2354 1544 2389 :
1573 2336 1886 2409 “quia
1920 2338 1970 2392 in
2082 2339 2211 2384 Iram
2237 2348 2300 2386 ne
2331 2334 2536 2404 faciatis
2565 2350 2739 2390 coram
2769 2336 3078 2402 hominibus,
3109 2345 3214 2393 etc.
3249 2338 3462 2408 (Matth.
3495 2353 3568 2406 yt,
3597 2342 3673 2415 1),

381 2429 588 2505 judicio
619 2429 746 2495 Dei,
796 2437 854 2484 et
891 2428 1163 2498 perpessis
1188 2427 1437 2498 iniuriam
1472 2427 1593 2498 plus
1621 2438 1698 2483 est
1735 2428 1981 2482 consela-
2083 2420 2314 2478 Omnem
2343 2440 2525 2479 curam
2554 2440 2733 2483 rerum
2765 2430 3111 2497 praesentium
3151 2442 3388 2497 amovet,
3421 2441 3478 2489 et
3506 2442 3683 2489 atten-

384 2522 548 2583 tionis
584 2563 600 2589 ,
640 2529 696 2578 et
732 2536 889 2591 poena
925 2520 1164 2576 severior
1209 2519 1508 2588 iniuriosis.
1537 2521 1715 2589 Atque
1761 2519 1829 2573 ita
1872 2534 1980 2574 non
2086 2524 2169 2572 tos
2195 2524 2401 2572 tantum
2441 2533 2561 2574 esse
2590 2519 2643 2575 in
2676 2536 2828 2591 spem
2868 2521 3030 2578 futuri
3053 2524 3226 2593 iubet,
3263 2540 3438 2596 neque
3483 2530 3681 2584 sectari

385 2622 563 2681 solum
600 2620 669 2676 ab
698 2618 1073 2690 iniquitatibus
1115 2633 1215 2673 nos
1248 2616 1441 2671 abeSse
1465 2615 1758 2687 Evangelia
1792 2614 1984 2684 praeci-
2086 2610 2171 2665 vel
2220 2611 2495 2667 hominum
2519 2613 2689 2686 389
2716 2614 2952 2672 faverem
2991 2620 3355 2675 ostentatione
3400 2621 3677 2690 bonitatis,

387 2715 578 2786 piunt,
609 2728 795 2765 verum
828 2709 989 2767 etiam
1033 2708 1361 2766 ulciscenda:
1397 2707 1608 2778 iniuria:
1637 2707 1857 2777 exigunt
1877 2705 1987 2759 dis-
2087 2701 2170 2758 vel
2200 2701 2510 2772 iactantiam
2540 2706 2817 2776 religionis
2836 2710 3097 2764 orationis
3124 2711 3353 2779 publica:
3382 2714 3557 2783 copia,
3584 2714 3682 2769 sed

390 2807 808 2867 simulationem.
837 2804 970 2859 Nam
1018 2811 1241 2873 accepta
1267 2803 1418 2870 alapa
1448 2800 1721 2856 maxillam
1751 2801 1982 2855 alteram
2090 2794 2227 2848 intra
2270 2796 2654 2852 conscientiam
2693 2797 2815 2854 ﬁdei
2847 2798 3081 2856 fructum
3128 2801 3254 2856 boui
3291 2807 3473 2874 operis
3508 2806 3688 2863 conti-

385 2899 639 2971 iubemur
671 2895 868 2959 oili-rte
896 2895 1058 2966 (Ibid.
1088 2896 1183 2965 '59)
1203 2937 1215 2958 ,
1249 2904 1303 2952 et
1341 2895 1486 2949 mille
1515 2909 1705 2964 passus
1734 2909 1870 2949 onus
1895 2909 1987 2947 ve-
2091 2887 2328 2943 nendum
2355 2906 2369 2942 :
2400 2890 2523 2958 quia
2565 2888 2815 2946 humana:
2845 2892 3017 2947 laudis
3048 2898 3384 2952 consectatio
3418 2913 3537 2953 eam
3566 2911 3686 2955 tan-

394 2992 584 3049 hentes
603 3031 620 3057 ,
650 2988 899 3061 progredi
929 2990 982 3043 in
1011 2989 1243 3059 spatium
1269 3002 1520 3058 passuum
1543 2987 1705 3040 duum
1738 2986 1985 3050 millium,
2093 2991 2227 3048 tum,
2256 2996 2416 3051 quam
2443 2983 2513 3039 ab
2550 2985 2860 3041 hominibus
2896 2988 3117 3056 expetit,
3152 2991 3457 3046 mercedem
3499 2993 3571 3048 sit
3599 3009 3688 3049 re-

392 3085 603 3155 ittinrite
638 3091 926 3154 augmento
957 3082 1509 3153 prouectum-ultionis
1552 3080 1825 3145 habituri,
1871 3080 1988 3148 ipse
2091 3084 2349 3143 ceptum;
2377 3090 2632 3131 caeterum
2667 3078 3007 3147 promerendi
3036 3081 3130 3134 Dei
3161 3083 3517 3151 exspectatio,
3550 3099 3689 3155 prae.
3777 3121 3792 3139 .

393 3177 651 3233 virtutum
681 3177 982 3234 cmlestium
1021 3174 1245 3231 Domino
1284 3175 1353 3231 ad
1384 3177 1774 3230 incrementum
1804 3173 1989 3244 gloriae
2018 3157 2063 3221 C
2095 3167 2261 3222 mium
2290 3168 2361 3223 sit
2387 3169 2556 3240 long-.e
2585 3171 2857 3240 patientiae
2880 3182 3256 3229 consecutura.
3295 3173 3521 3230 Sinis1ra
3551 3191 3687 3246 quo-

393 3279 453 3326 et
482 3269 724 3324 maxillas
741 3269 962 3339 palmis.
995 3280 1051 3323 et
1078 3266 1260 3336 ﬂagris
1287 3266 1536 3336 scapulas
1560 3264 1840 3321 offerente.
2093 3274 2198 3329 que
2237 3274 2428 3317 manus
2461 3261 2911 3332 utigttOtetoptts
2948 3263 3191 3319 dentem
3230 3264 3472 3338 (subaud.
3511 3267 3688 3340 iubet)

466 3360 560 3416 26.
592 3358 784 3415 Litium
813 3375 982 3415 causa
1003 3368 1354 3429 amputantur.
1385 3357 1740 3425 Muniﬁcentia
1753 3356 1986 3425 iubetur.

2098 3346 2257 3421 (Ibid.
2291 3351 2368 3421 '5).
2402 3350 2507 3407 Sed
2541 3352 2795 3422 numquid
2833 3354 2973 3407 istud
3019 3364 3207 3410 natura
3236 3360 3480 3425 corporis
3510 3359 3688 3413 sinit?

400 3449 595 3505 Gratia:
620 3448 720 3506 Dei
746 3451 973 3522 gratuita
1001 3453 1069 3503 sit
1096 3450 1430 3519 dispensatio.
1448 3478 1520 3488 —
1548 3449 1664 3503 Non
1695 3449 1868 3504 solum
1898 3463 1994 3503 au—
2093 3452 2188 3499 aut
2219 3444 2586 3513 intelligentia:
2612 3460 2830 3500 sensum
2853 3461 3108 3501 manuum
3132 3448 3426 3503 ministeria
3452 3450 3691 3505 sortiun-

399 3556 508 3603 tem
542 3546 729 3616 iudicii
777 3544 1001 3601 bumani
1037 3542 1349 3613 refugienda
1396 3559 1519 3599 esse
1551 3543 1774 3613 arbitria
1806 3542 1988 3611 princi-

2098 3536 2215 3589 tur?
2245 3535 2444 3590 Verum
2495 3535 2735 3606 (subaud.
2783 3536 2885 3591 hoc
2921 3537 3056 3606 vult)
3107 3547 3164 3591 ut
3216 3541 3275 3593 in
3318 3539 3413 3594 Dei
3463 3541 3692 3596 scientia

400 3640 500 3709 pit,
533 3653 717 3693 verum
745 3638 906 3692 etiam
935 3652 1057 3691 cum
1099 3635 1282 3690 damni
1315 3636 1595 3690 voluntate
1626 3632 1841 3687 vitanda
1886 3648 1902 3696 ;
1937 3641 1996 3689 ut
2096 3642 2259 3696 opera
2313 3637 2493 3683 nostra
2539 3630 2841 3685 consistant
2882 3647 2896 3685 :
2948 3644 3071 3685 cum
3128 3631 3234 3687 sub
3292 3636 3690 3707 nuncupatione

401 3730 639 3786 tunicam
668 3729 823 3785 nobis
854 3728 1053 3784 volenti
1076 3727 1277 3798 judicio
1302 3725 1380 3799 (b)
1410 3739 1629 3790 exuere,
1659 3724 1996 3779 remittamus
2098 3718 2489 3785 membrorum,
2533 3720 2588 3776 in
2618 3721 2705 3777 his
2745 3735 2868 3792 qua:
2893 3737 3169 3792 geramus,
3198 3739 3386 3780 eorum
3415 3741 3538 3797 quae
3564 3741 3694 3783 nes-

399 3831 457 3878 et
484 3821 700 3891 pallium
728 3818 893 3892 (Ibid.
926 3818 1019 3889 40)
1051 3829 1143 3873 :et
1170 3833 1267 3889 per
1296 3831 1449 3887 spem
1486 3816 1750 3872 bonorum
1785 3813 1995 3870 iuturo-
2099 3819 2180 3867 tra
2209 3817 2338 3867 sunt
2372 3820 2535 3882 atque
2572 3812 2852 3869 nobiseum
2890 3823 3018 3869 sunt
3054 3815 3388 3873 conscientia
3416 3829 3667 3876 arceatur

402 3929 522 3973 sum
544 3913 857 3973 saeuienti
877 3911 1265 3980 supellectilem
1303 3918 1737 3975 contemnentes,
1781 3908 1994 3963 inanem
2718 3941 2944 3999 CAPUT
2982 3941 3049 3998 γ,

400 4007 641 4080 gentium
668 4006 1013 4076 cupiditatem
1046 4013 1103 4060 et
1129 4005 1418 4059 vanitatem
1448 4003 1795 4059 infructuosae
1821 3999 2000 4057 avari-

406 4100 825 4169 tiatarguamus.
868 4096 1133 4154 Omnibus
1155 4096 1317 4153 etiam
1347 4095 1464 4149 dari
1490 4109 1613 4163 qum
1652 4094 1999 4163 popescerint

400 4192 576 4263 jubet,
603 4200 658 4246 et
684 4205 713 4245 a
744 4190 992 4261 precibus
1016 4188 1309 4243 volentium
1340 4190 1570 4241 mutuari
1608 4200 1669 4239 es
1693 4194 1853 4254 atque
1879 4185 1998 4239 ani-

405 4299 557 4340 mum
587 4297 692 4337 non
724 4281 966 4347 referre;
998 4291 1052 4335 ut
1084 4281 1188 4346 liis,
1221 4279 1417 4349 quibus
1446 4278 1708 4349 indigent,
1757 4293 1853 4348 per
1876 4291 2003 4333 nos-

409 4386 547 4432 tram
588 4374 1011 4431 muniﬁcentiam
1049 4373 1389 4445 expleantur,
1412 4383 1467 4428 et
1495 4388 1685 4429 eorum
1725 4372 1815 4429 vel
1857 4371 1999 4426 sitim

410 4478 565 4539 potu,
596 4467 681 4521 vel
713 4468 906 4523 laniem
946 4465 1090 4527 cibo.
1117 4465 1204 4520 vel
1232 4465 1529 4520 nuditatem
1562 4466 1760 4519 vestitu
1794 4463 2001 4518 induite

2102 4047 2182 4108 De
2209 4054 2438 4111 oratione
2463 4064 2509 4110 et
2530 4054 2754 4126 jejunio,
2785 4055 2849 4109 de
2866 4054 3103 4111 thesauro
3131 4056 3185 4110 in
3214 4056 3361 4124 uelo,
3394 4059 3457 4112 de
3484 4057 3695 4114 lucerna

2173 4149 2423 4217 corporis,
2454 4147 2517 4202 de
2551 4147 2749 4202 duobus
2791 4148 3030 4215 dominis,
3071 4147 3135 4202 de
3177 4149 3288 4202 cibo
3334 4153 3602 4219 etvestitu,
3635 4152 3699 4208 de

2171 4238 2462 4299 volatilibus
2491 4250 2540 4294 et
2568 4240 2693 4295 liliis
2721 4241 2834 4314 agri
2853 4250 2900 4294 et
2922 4242 3078 4311 fano,
3107 4241 3175 4298 de
3201 4240 3549 4301 sollicitudine
3568 4244 3694 4312 diei,

2173 4332 2239 4386 de
2263 4336 2461 4403 festuca
2485 4342 2531 4387 et
2556 4330 2700 4387 trabe
2726 4333 2781 4387 in
2808 4334 2979 4388 oculo.

2179 4448 2236 4505 i.
2267 4444 2526 4501 Orationis
2566 4446 2730 4512 locus,
2760 4462 2866 4501 cor.
2899 4475 2970 4487 —-
3001 4446 3195 4502 Clauso
3224 4463 3440 4519 quoque
3469 4446 3701 4505 cubiculi

410 4536 696 4619 arceamus
727 4575 740 4611 :
781 4572 845 4613 ac
873 4559 951 4613 sic
969 4557 1236 4616 bonorum
1266 4571 1475 4623 eorum,
1506 4556 1700 4626 quibus
1720 4570 1753 4610 a
1777 4555 1885 4611 Deo
1925 4555 1976 4609 in

2107 4538 2248 4594 natio
2272 4538 2527 4608 iubemur
2546 4554 2727 4604 orare,
2757 4547 2917 4609 atque
2945 4536 2998 4592 in
3029 4538 3174 4592 omni
3197 4538 3317 4592 loco
3348 4553 3559 4607 precem
3585 4541 3703 4594 lun-

408 4651 681 4721 digemus,
714 4649 859 4719 digni
891 4648 1260 4719 reperiantur;
1294 4661 1419 4702 cum
1444 4646 1721 4701 obtinendi
1753 4648 2002 4701 meritum

408 4740 726 4811 indulgendi
767 4739 1099 4795 consuetudo
1132 4739 1406 4794 conciliet.
1463 4739 1516 4792 ln
1572 4738 1751 4795 oflicie
1794 4734 2007 4810 quoque

418 4832 493 4907 (ο)
522 4831 898 4904 dispensandae
927 4832 1044 4901 eius
1063 4845 1223 4902 quam
1250 4830 1553 4900 accepimus
1574 4829 1783 4901 gratiae,
1805 4842 2009 4899 pronos

418 4972 600 5031 urbem
619 4971 909 5028 Jerusalem
948 4981 994 5026 et
1050 4971 1295 5041 tentplum
1346 4980 1391 5024 et
1444 4970 1691 5028 elementa
1736 4971 2008 5039 jnrantes,

416 5055 678 5173 Creatis-as
708 5061 884 5114 resque
918 5044 1149 5101 carnales
1179 5041 1550 5097 venerabantur
1575 5042 1767 5096 honore
1790 5048 1836 5094 et
1860 5041 2009 5095 obse-

418 5133 539 5173 auto
610 5133 680 5172 et.

418 5133 539 5189 quia
563 5133 680 5173 uet.

495 5206 573 5281 (a)
605 5208 771 5263 AbeSt
793 5218 952 5276 metu,
974 5224 1002 5263 a
1031 5208 1189 5274 Bad.,
1218 5208 1335 5272 En,
1363 5207 1509 5277 Lips.
1531 5216 1586 5262 et
1615 5206 1856 5276 pluribus
1877 5219 2010 5259 mss.
2062 5223 2073 5232 ε

496 5300 572 5375 (It)
619 5303 751 5358 Bad.
803 5320 924 5375 cum
952 5318 1330 5375 memet-uere.
1381 5301 1503 5356 Mox
1533 5301 1586 5355 in
1631 5298 1876 5375 vulgatis,
1926 5313 2017 5375 per

414 5370 565 5446 peni
593 5375 777 5428 bonan:
805 5389 824 5428 :
874 5374 966 5446 ubi
998 5374 1449 5446 restituimusgper
1483 5388 1624 5446 spent
1650 5370 1900 5446 bonorum
1927 5370 2015 5446 [u-

422 5440 682 5508 titrwsun,
710 5462 776 5499 ex
809 5445 1106 5514 potioribus
1149 5460 1278 5499 mss.
1323 5440 1399 5499 ita
1431 5440 1551 5511 cap.
1582 5441 1727 5514 5._n.
1759 5444 1819 5514 ti,
1854 5440 2019 5494 habe—

420 5531 569 5579 mus.
593 5530 692 5573 nos
710 5517 767 5569 in
783 5511 923 5586 spem
938 5522 1187 5570 bonorum
1200 5524 1504 5570 Meritorum
1525 5511 1840 5586 conﬁrmari.

497 5587 577 5708 (f2
612 5581 827 5657 Aliquot
855 5601 987 5670 mss.
1020 5602 1139 5640 cum
1168 5586 1298 5640 Bad.
1327 5599 1381 5670 et
1410 5587 1503 5641 Er.
1538 5581 1921 5653 dispendendat.

502 5656 523 5708 ι
569 5656 595 5708 l.
618 5657 905 5708 Beccensts
925 5657 1119 5708 codex.
1147 5660 1373 5708 insitum.

502 5656 595 5729 (ά),
618 5657 905 5717 Beccensis
925 5657 1119 5725 codex,
1144 5659 1373 5727 (tum.

2112 4632 2239 4687 dere
2279 4632 2569 4687 edocemnr
2598 4631 2810 4704 (Matth.
2859 4647 2934 4697 vi,
2976 4630 3033 4701 6)
3066 4649 3079 4686 :
3108 4641 3162 4687 et
3190 4642 3499 4686 sanctorum
3531 4633 3705 4688 oratio

2113 4724 2254 4781 inter
2277 4722 2439 4791 feras,
2471 4738 2739 4789 carceres,
2765 4722 3031 4790 ﬂammas,
3064 4722 3210 4779 etde
3246 4723 3509 4793 profunde
3539 4726 3706 4782 maris

2116 4833 2182 4877 ac
2209 4817 2395 4873 bestia:
2419 4827 2607 4872 ventre
2625 4824 2873 4886 suscepta
2900 4825 2986 4871 est
3017 4814 3191 4887 (Ione
3209 4832 3271 4884 ιι,
3294 4814 3377 4889 2).
3430 4817 3574 4889 Ergo
3599 4834 3707 4877 non

2121 4958 2401 5017 linendum
2435 4962 2684 5027 putamus
2713 4968 2835 5027 cum
2868 4953 2993 5027 Par.
3024 4961 3080 5027 et
3109 4952 3423 5027 melioribus
3462 4971 3591 5012 mss.
3624 4974 3711 5013 sa.

2119 5024 2555 5088 crantentisfllic
2591 5027 2735 5081 enim
2766 5025 2872 5079 duo
2923 5024 3177 5093 distingui
3222 5027 3470 5081 videntur
3515 5027 3711 5084 Sacra-

2123 5109 2324 5167 menta,
2356 5114 2585 5169 quornm
2613 5096 2841 5169 alterum
2872 5094 3084 5169 pluviis-3
3110 5094 3343 5169 alterum
3367 5100 3467 5153 soli
3493 5114 3713 5169 compa-

2121 5165 2316 5237 retur;
2334 5165 2434 5225 hoc
2460 5169 2605 5223 bonis
2629 5166 2936 5221 conferatur
2957 5166 3021 5238 ad
3050 5165 3177 5219 ﬁdei
3202 5173 3259 5221 et
3282 5168 3559 5224 cbaritatis
3573 5165 3708 5238 ang-

2124 5236 2385 5303 mentum,
2416 5240 2548 5294 illud
2575 5238 2784 5309 injustis
2808 5238 2859 5291 in
2887 5236 3260 5291 remissionem
3288 5252 3625 5309 peccatorum
3652 5236 3713 5294 et

2124 5312 2505 5371 fecunditatem
2541 5308 2800 5363 bonorum
2830 5320 3076 5375 Operam.
3120 5308 3175 5362 In
3218 5309 3356 5364 banc
3402 5308 3711 5376 Opinionem

2126 5385 2508 5441 coutirmamur
2530 5395 2591 5433 ex
2617 5376 2794 5431 verbis
2827 5380 2876 5430 in
2906 5378 3039 5447 psal.
3066 5393 3250 5441 cxvut,
3275 5395 3330 5432 ιι.
3358 5379 3391 5431 5
3414 5396 3428 5431 :
3452 5378 3541 5432 Est
3570 5395 3714 5449 ergo,

2127 5465 2374 5528 quantum
2420 5454 2537 5528 licet
2586 5450 2897 5528 existimare,
2943 5453 3185 5528 perfectae
3230 5450 3367 5528 illius
3412 5448 3716 5502 amandatio

2130 5519 2368 5600 puritatis
2394 5522 2545 5600 etiam
2579 5531 2688 5593 post
2725 5519 2963 5600 baptismi
2990 5536 3150 5588 aquas
3186 5521 3425 5600 reposita,
3463 5534 3600 5600 atra.
3622 5534 3720 5574 nos

2133 5587 2295 5653 sancti
2323 5594 2552 5665 Spiritus
2580 5587 2865 5659 sancti/ibet
2889 5587 3126 5665 aduentu,
3165 5599 3266 5645 etc.
3293 5592 3429 5665 Qum
3461 5587 3548 5643 hic
3582 5589 3714 5659 bap.

2135 5670 2271 5725 tismi
2295 5675 2343 5722 et
2371 5660 2606 5734 spiritus,
2638 5665 2886 5732 superius
2917 5677 2971 5717 ιι.
2999 5662 3087 5727 ω,
3115 5674 3263 5730 eam
3285 5660 3512 5730 ignisque
3540 5674 3723 5718 sacra.

499 5746 576 5820 (θ)
601 5749 898 5821 Bad.,Er.,
925 5751 1071 5821 Lips.
1097 5756 1154 5808 et
1175 5749 1378 5821 aliquot
1403 5763 1532 5805 mss.
1558 5754 1896 5804 sacramento.
1928 5742 2031 5799 Re-
2138 5752 2321 5798 meuta
2347 5737 2522 5793 vocati
2542 5734 2847 5806 opinamur.
