4172 6188
548 323 658 380 915

1755 309 1999 368 SANCTI
2039 308 2296 366 IIILARII
2336 309 2646 370 EPISCOPI

3738 311 3844 369 9“

546 438 757 496 occulta
791 436 1002 499 domus,
1034 432 1130 488 sed
1159 431 1338 487 cordis
1367 431 1536 487 nostri
1565 430 1871 486 cubiculum
1905 428 2130 500 ingredi,
2161 427 2212 486 Α
2309 429 2362 484 4.
2389 431 2680 496 Corporum
2703 430 2914 484 claritas
2936 437 3027 482 aut
3060 429 3276 484 tenebra:
3295 438 3500 484 (eterna:
3530 445 3621 497 pro
3650 429 3848 484 diversa

551 541 608 586 et
635 531 818 585 clauso
845 529 1040 581 mentis
1065 533 1264 579 nostrae
1287 531 1504 578 secreto
1533 537 1689 576 orare
1722 521 1786 576 ad
1820 521 2010 585 Deum,
2038 535 2146 574 non

551 620 911 688 multiloquio,
941 617 1035 673 sed
1062 615 1394 672 conscientia
1427 614 1798 680 admonemur,
1827 614 1950 682 quia
1974 611 2148 666 dicto-

551 730 669 768 rum
699 712 878 767 verbis
917 727 1051 780 opus
1105 725 1266 765 omne
1317 708 1611 777 praecellat.
1643 707 1716 778 (α)
1769 707 1844 761 De
1883 705 2147 761 orationis

556 819 739 865 autem
771 817 1112 863 sacramento
1135 804 1455 861 necessitate
1495 819 1592 858 nos
1621 801 2016 858 commentandi
2044 799 2148 870 Cy-

551 901 774 968 prianus
799 900 882 954 vir
907 907 1106 954 sanctae
1137 900 1411 952 memoriae
1438 894 1707 950 liberavit.
1733 893 2068 962 Quamquam
2093 900 2150 947 et

555 990 922 1047 Tertullianus
937 991 1063 1046 hinc
1083 991 1332 1044 volumen
1356 987 1690 1058 aptissimum
1718 985 2026 1055 scripserit:
2050 984 2147 1040 sed

563 1102 901 1156 consequens
927 1100 1083 1141 error
1105 1083 1358 1149 hominis,
1390 1081 1623 1138 detraxit
1649 1078 1864 1152 scriptis
1892 1076 2147 1149 probabi-

557 1179 697 1235 libus
729 1177 1123 1233 auctoritatem.

621 1271 678 1324 2.
711 1269 1006 1340 Jejunantis
1036 1269 1100 1324 sit
1125 1267 1433 1323 conscientia
1453 1283 1608 1339 pura,
1637 1273 1685 1319 et
1714 1266 1844 1318 bona
1869 1280 2049 1335 Opera.
2076 1290 2148 1304 —-

553 1361 683 1418 Cum
710 1373 879 1416 autem
902 1359 1176 1434 jejtinatis,
1221 1361 1378 1414 nolite
1405 1360 1516 1427 ﬁeri
1546 1359 1678 1412 sicut
1718 1358 2001 1428 hypocrita:
2029 1356 2148 1411 tris-

547 1467 623 1509 tes
651 1471 670 1510 :
695 1454 1032 1510 exterminant
1059 1459 1195 1507 enim
1225 1454 1382 1521 [acies
1406 1466 1547 1513 suas,
1579 1458 1635 1502 ut
1663 1459 1876 1516 pareant
1918 1446 2144 1500 homini-

550 1546 973 1617 busjejnnautes,
1002 1551 1110 1599 etc.
1146 1542 1312 1613 (Ibid.
1341 1541 1408 1596 16
1436 1550 1484 1595 et
1515 1539 1628 1608 l7).
1654 1539 1988 1609 Jejuniorum
2021 1553 2147 1606 pro-

548 1638 747 1694 fectum
779 1637 938 1692 docet
957 1643 1111 1691 extra
1133 1634 1449 1704 jactantiam
1483 1633 1713 1688 conlecti
1749 1629 1994 1698 corporis
2025 1642 2146 1684 esse

547 1738 822 1800 Oportere,
867 1741 1041 1796 neque
1065 1725 1134 1780 de
1163 1723 1237 1794 (b)
1279 1724 1488 1793 injuriae
1519 1721 1879 1777 ostentatione
1907 1719 2145 1773 favorem

2252 523 2447 577 ratione
2489 523 2796 576 animorum.
2823 552 2895 562 —
2917 520 3154 575 Lucerna
3196 521 3428 590 corporis
3465 521 3538 574 tui
3569 530 3642 574 est
3663 520 3848 575 oculus

2251 625 2366 670 tuus
2387 614 2552 687 (Ibid.
2580 613 2697 686 ⁴12).
2739 613 3033 670 Continens
3063 629 3257 669 sensus
3281 623 3384 668 est.
3420 611 3494 667 De
3534 613 3673 668 oculi
3701 613 3846 667 enim

2251 709 2322 780 (f)
2367 708 2584 762 luminis
2632 706 2814 784 officio
2841 707 3018 762 lumen
3063 707 3241 762 cordis
3285 705 3572 776 expressit.
3611 703 3766 773 Quod
3805 703 3852 759 si

2253 800 2480 870 simplex
2513 809 2565 856 et
2595 800 2827 855 lucidum
2855 800 3114 864 manebit;
3145 801 3446 855 claritatem
3472 799 3659 854 aeterni
3691 799 3850 854 lumio

2252 891 2336 946 nis
2378 891 2591 961 corpori
2633 892 2854 959 tribuet,
2884 900 2940 947 et
2981 891 3322 961 splendorem
3368 890 3594 960 originis
3625 888 3703 960 (g)
3739 905 3852 946 suae

2251 983 2583 1055 corruptioni
2613 986 2793 1039 carnis
2823 984 3084 1039 infundet.
3117 985 3172 1039 Si
3197 991 3377 1038 autem
3405 982 3696 1038 obscurum
3723 998 3851 1052 pec-

2249 1077 2406 1143 catis,
2436 1087 2491 1132 et
2522 1077 2794 1132 voluntate
2821 1077 2924 1130 erit
2955 1091 3220 1147 nequam;
3249 1074 3390 1130 vitiis
3424 1074 3622 1130 mentis
3656 1083 3849 1129 natura
3919 1081 3930 1095 '

2251 1173 2494 1242 corporis
2522 1170 2838 1241 subjacebit.
2875 1170 2940 1225 Et
2973 1171 3015 1224 si
3063 1169 3264 1235 lumen,
3295 1168 3436 1239 quod
3463 1169 3515 1222 in
3559 1168 3712 1224 nobis
3743 1174 3852 1234 est,

2254 1264 2599 1319 tenebrosum
2626 1263 2727 1328 sit;
2772 1270 2999 1331 quantas
3045 1273 3268 1315 necesse
3307 1268 3393 1315 est
3431 1263 3670 1328 ipsarum
3701 1266 3856 1314 tene-

2251 1355 2376 1409 bras
2403 1369 2523 1409 esse
2547 1353 2884 1408 tenebrarum
2907 1349 3070 1425 (Ibid.
3098 1351 3235 1421 25)?
3264 1352 3384 1421 quia
3407 1349 3518 1416 jam
3547 1349 3857 1420 periculose

2252 1446 2426 1500 soleat
2457 1446 2619 1499 animi
2644 1444 2990 1514 generositati
3018 1452 3248 1498 terrenae
3274 1442 3454 1498 carnis
3482 1444 3675 1496 vitiosa
3699 1442 3855 1512 origo

2251 1537 2537 1602 dominari,
2568 1538 2831 1608 longeque
2859 1536 3030 1606 magis
3074 1545 3290 1604 peccata
3334 1550 3622 1606 corporum
3673 1535 3860 1604 ingra-

2255 1643 2498 1695 vescere,
2553 1629 2598 1684 si
2645 1630 2814 1684 etiam
2857 1628 3239 1697 cupiditatibus
3280 1627 3604 1698 a’djuveutur
3644 1629 3860 1683 animo-

2252 1737 2370 1776 rum
2399 1739 2411 1774 :
2439 1736 2504 1776 ex
2533 1719 2799 1792 eoque(h)
2822 1721 2936 1776 iieri
2961 1732 3155 1790 praeter
3179 1728 3423 1775 naturam
3445 1734 3600 1775 suam
3622 1735 3859 1791 corpora

555 1822 794 1892 gentium
826 1817 1284 1882 consectandum;
1319 1815 1412 1871 sed
1434 1831 1596 1870 omne
1621 1814 1886 1884 jejunium
1917 1815 1968 1867 in
1996 1827 2153 1868 sane-
2181 1815 2230 1876 B
2257 1827 2439 1871 nostra
2471 1815 2778 1882 tenebrosa,
2823 1815 2869 1869 si
2896 1814 2949 1869 iu
2978 1816 3085 1870 illis
3113 1816 3371 1871 mentium
3403 1816 3585 1871 lumen
3619 1819 3864 1873 exstinc—

552 1921 623 1968 tae
649 1911 980 1982 operationis
1007 1911 1202 1966 decore
1230 1909 1562 1980 ponendum.
1597 1907 1783 1963 Oleum
1823 1909 1967 1964 enim
2007 1908 2152 1962 fruc-

551 2013 662 2060 tum
691 2002 1075 2060 misericordiae
1091 2017 1233 2068 esse,
1262 2001 1498 2057 caelestis
1525 2010 1579 2055 et
1600 2000 1947 2071 propheticus
1969 2013 2151 2054 sermo

552 2105 657 2152 est.
696 2092 836 2166 largo
873 2094 1127 2150 bonitatis
1157 2093 1412 2163 operibus
1448 2101 1612 2160 caput
1643 2099 1910 2156 nostrum,
1960 2090 2012 2144 id
2043 2099 2147 2155 est,

549 2191 674 2244 vitae
709 2199 906 2242 nostrae
936 2199 1131 2241 sensus
1173 2184 1451 2239 ornandus
1479 2193 1594 2248 est;
1625 2183 1748 2252 quia
1792 2179 2150 2250 intelligentia

549 2279 728 2336 omnis
751 2279 804 2334 in
834 2277 1012 2348 capite
1041 2285 1125 2332 est
1155 2293 1168 2329 :
1192 2275 1488 2344 sordesque
1515 2275 1566 2328 in
1590 2273 1724 2328 facie
1751 2273 2054 2338 abluenda},
2081 2289 2150 2328 ne

551 2370 681 2443 quid
697 2369 1022 2424 sitborroris
1043 2382 1110 2421 ex
1132 2367 1296 2429 vitiis,
1317 2366 1410 2420 sed
1435 2365 1604 2435 magis
1620 2363 1788 2434 gratia
1810 2363 2058 2419 candoris
2081 2363 2151 2418 sit

557 2465 610 2518 in
641 2464 716 2534 (ε)
740 2476 967 2516 occursu
998 2477 1010 2513 :
1040 2468 1201 2530 atque
1244 2458 1314 2513 ita
1355 2473 1456 2513 nos
1505 2458 1672 2530 690
1726 2458 1778 2512 in
1805 2457 2148 2527 splendorem

562 2555 719 2610 bonae
744 2552 1092 2610 conscientiae
1118 2552 1314 2616 elutos,
1345 2561 1397 2604 et
1427 2551 1479 2605 in
1516 2555 1742 2621 gratiam
1783 2549 2149 2605 misericordis

552 2650 734 2720 Operis
771 2648 1062 2708 delibutas.
1109 2647 1220 2700 Deo
1251 2643 1457 2713 jejunia
1509 2651 1691 2697 nostra
1738 2641 2143 2697 commendent.

553 2741 823 2798 Caeterum
839 2740 1102 2810 fugientes
1130 2739 1182 2793 in
1205 2737 1424 2809 jejuuiis
1454 2736 1731 2792 hominum
1760 2735 2146 2792 conscientiam

551 2835 632 2907 (d)
659 2835 832 2890 unctis
859 2832 1147 2904 capitibus,
1182 2842 1238 2886 et
1285 2830 1496 2886 ridiculi
1529 2830 1699 2900 magis
1725 2828 1948 2897 erimus,
1977 2839 2030 2884 et
2057 2842 2150 2883 co-

551 2926 716 2998 gniti.
1067 2965 1074 2970 .

621 3020 674 3074 5.
709 3017 812 3074 Ubi
830 3033 919 3072 cor
949 3017 1052 3080 hic,
1077 3015 1146 3070 ibi
1170 3023 1282 3085 post
1309 3015 1439 3069 hanc
1460 3014 1614 3068 vitam
1635 3011 2011 3068 erit.—Nolite
2039 3018 2150 3067 the-

549 3113 814 3167 saurizare
833 3110 971 3165 vobis
992 3109 1257 3164 thesauros
1279 3109 1332 3161 in
1361 3117 1517 3172 terra,
1548 3117 1601 3162 et
1619 3108 1825 3174 reliqua
1847 3104 2004 3175 (I-bid.
2034 3104 2147 3178 19).

2257 1917 2367 1962 tum
2399 1907 2490 1972 sit;
2517 1906 2662 1977 quod
2688 1908 2732 1960 si
2762 1922 2856 1978 per
2882 1905 3279 1976 simplicitatem
3311 1907 3537 1978 spiritus
3559 1908 3863 1964 retinueri-

2253 2015 2394 2064 mus,
2417 1999 2617 2054 lumine
2642 2013 2741 2053 suo
2765 2013 2988 2054 necesse
3009 2009 3093 2054 est
3122 2010 3175 2054 et
3195 2015 3390 2070 corpus
3420 2000 3704 2056 illumioet.

2323 2092 2376 2146 5.
2413 2090 2520 2145 Deo
2541 2101 2588 2146 et
2613 2094 2802 2148 steculo
2841 2094 3020 2148 serviri
3041 2094 3232 2161 nequit.
3257 2123 3328 2134 —
3350 2093 3516 2149 Nemo
3535 2104 3700 2166 potest
3721 2095 3860 2149 duo-

2257 2183 2350 2237 bus
2385 2186 2606 2239 dominis
2641 2187 2848 2249 servire.
2893 2196 2995 2241 etc.
3025 2186 3188 2257 (Ibid.
3229 2185 3345 2253 24).
3379 2188 3546 2242 Duum
3599 2187 3860 2244 domino-

2251 2295 2369 2334 rum
2402 2279 2615 2334 infidele
2648 2279 2926 2334 servitium
2964 2286 3066 2347 est,
3105 2294 3204 2335 nec
3248 2295 3343 2350 par
3379 2279 3620 2350 ejusdem
3661 2290 3851 2350 potest

2259 2386 2380 2428 esse
2405 2370 2469 2425 ad
2501 2371 2758 2426 saeculum
2799 2381 2958 2441 atque
3002 2371 3069 2426 ad
3117 2371 3282 2426 Deum
3326 2386 3473 2426 cura.
3505 2369 3562 2426 In
3605 2371 3843 2427 alterum

2251 2463 2393 2518 enim
2427 2478 2648 2518 necesse
2678 2470 2764 2518 est
2795 2463 2974 2518 odium
3004 2465 3094 2527 sit,
3139 2464 3191 2518 in
3215 2465 3442 2518 alterum
3491 2478 3644 2518 amor
3677 2465 3847 2534 :quia

2251 2555 2394 2611 idem
2424 2569 2560 2624 epus
2584 2555 2812 2610 diversae
2842 2554 3184 2610 dominorum
3217 2571 3320 2609 non
3351 2555 3638 2610 conveniat
3657 2556 3860 2612 volun-

2262 2647 2379 2709 tati,
2410 2661 2508 2699 nec
2537 2660 2803 2716 pauperes
2841 2645 3030 2716 Spiritu
3073 2647 3184 2702 Deo
3227 2647 3502 2718 placentes
3543 2648 3858 2705 ambitiosae

2259 2739 2441 2794 saeculi
2475 2738 2632 2808 hujus
2658 2739 2864 2808 possint
2888 2738 2996 2808 apti
3027 2738 3456 2808 essejactantiae.

2333 2831 2384 2886 6.
2421 2831 2616 2886 Sa'culi
2645 2840 2936 2899 contemptu
2964 2831 3148 2885 coelum
3171 2847 3328 2885 unum
3371 2832 3592 2903 suspiret
3617 2832 3852 2887 animus.

2252 2953 2325 2963 —
2349 2921 2477 2976 Ideo
2502 2923 2616 2977 dico
2644 2922 2800 2990 uobis,
2845 2939 2908 2978 ne
2951 2923 3177 2994 cogitetis
3205 2924 3257 2976 in
3292 2923 3447 2976 corde
3489 2934 3674 2990 vestro,
3724 2924 3859 2995 quid

2253 3015 2784 3086 manducetis;neque
2797 3017 2997 3084 corpori
3019 3023 3202 3078 vestro,
3229 3014 3355 3084 quid
3385 3015 3628 3068 oestiatis.
3659 3013 3858 3070 Nonne

2253 3107 2426 3161 anima
2454 3116 2616 3160 vestra
2647 3105 2813 3175 pluris
2842 3113 2915 3159 est
2943 3121 3098 3175 quam
3126 3120 3258 3168 esca,
3293 3114 3338 3158 et
3369 3121 3556 3173 corpus
3584 3105 3751 3174 pluris
3771 3115 3858 3160 est

553 3202 926 3261 Praetermissa
953 3201 1114 3271 igitur
1154 3199 1404 3254 humanae
1428 3199 1614 3269 gloriae
1641 3209 1696 3254 et.
1723 3199 2012 3269 opulentiae
2039 3199 2146 3254 sol—
2173 3191 2218 3254 C
2251 3216 2404 3272 quam
2445 3200 2794 3253 vestimentum
2825 3196 2992 3269 (Ibid.
3024 3197 3168 3266 25)?
3203 3197 3586 3266 Contemptum
3636 3199 3851 3264 saeculi,

551 3294 854 3359 licitutline,
901 3307 1118 3347 onmem
1151 3291 1395 3359 placendi
1439 3291 1550 3346 Deo
1585 3307 1770 3345 curam
1800 3292 1938 3346 sutni
1978 3307 2145 3362 opor-

550 3398 666 3445 tere
695 3387 1029 3442 demonstrat
1058 3402 1071 3437 :
1099 3384 1222 3454 quia
1258 3384 1546 3437 humanam
1575 3383 1787 3438 laudem
1820 3384 1902 3436 vel
1941 3399 2146 3453 corpo-

552 3494 672 3535 rum
700 3477 850 3542 vitia,
882 3475 967 3531 vel
991 3474 1317 3529 obtrectatio
1339 3472 1689 3528 invidentium
1717 3481 2031 3542 corrumpat
2055 3489 2069 3538 ;
2093 3483 2148 3528 et

553 3573 644 3629 hic
671 3571 955 3626 thesaurus
993 3568 1255 3638 pecuniae,
1283 3575 1374 3620 aut
1409 3565 1736 3621 detrimento
1784 3565 1851 3620 sit
1880 3565 2148 3634 periculo-

550 3681 667 3729 sus,
715 3673 808 3718 aut
836 3662 998 3717 furto.
1033 3659 1302 3715 Cmterum
1354 3659 1470 3714 laus
1512 3658 1750 3716 caelestis
1789 3665 1988 3714 aeterna
2039 3667 2143 3725 est,

553 3773 658 3812 nec
682 3753 1024 3822 su'breprntis
1047 3752 1189 3806 furto
1217 3750 1602 3815 subtrahendo,
1634 3766 1732 3806 nec
1762 3750 1908 3806 tinea
1933 3759 2026 3805 aut
2056 3767 2151 3806 ru-

550 3850 733 3920 bigine
770 3845 986 3901 invidia)
1028 3843 1342 3900 exedenda:
1372 3843 1536 3898 corde
1579 3853 1764 3898 nostro
1805 3843 1986 3898 sedem
2027 3843 2148 3898 tlte-

555 3941 703 3997 sauri
729 3947 904 3994 utram
929 3938 999 3992 sit
1026 3936 1096 4009 (e)
1127 3945 1372 3991 secutum
1405 3933 1678 3998 habituro,
1701 3944 1754 3990 et
1783 3933 2152 4005 intelligentia:

553 4039 758 4088 nostrae
786 4029 987 4084 lumine
1014 4037 1105 4082 aut
1133 4040 1254 4081 cum
1295 4025 1521 4096 pecunia
1545 4024 1805 4080 damnosa
1832 4023 2028 4093 futuro,
2060 4033 2155 4082 aut

552 4139 673 4182 cum
703 4124 814 4179 Deo
840 4119 1190 4191 sempiterno.

630 4289 787 4364 (a)ﬂl_n
819 4284 1083 4364 mss._hic_
1109 4280 1497 4364 dumtaxatfit
1533 4278 1744 4335 initium
1774 4276 1968 4364 capitis
2079 4277 2152 4361 lit

556 4349 648 4418 hic
674 4349 922 4420 Hilarius,
954 4357 1030 4412 ita
1059 4353 1376 4409 Ambrosius
1404 4351 1597 4406 Lucam
1619 4349 1944 4420 exponendo
1974 4350 2150 4405 domi-

554 4435 730 4490 nicam
758 4429 1054 4484 orationem
1088 4423 1452 4493 praetermisit.

630 4501 708 4572 (b)
740 4497 894 4572 Batd._.
926 4499 1017 4572 Er.
1059 4490 1116 4551 et
1140 4494 1287 4572 Lips.
1320 4492 1522 4572 inedire.
1567 4490 1637 4546 At
1663 4491 1787 4572 Par.
1817 4505 1939 4546 cum
1970 4491 2145 4572 omni-

2253 3302 2306 3348 et
2334 3293 2579 3347 fiduciam
2609 3291 2908 3345 futurorum
2938 3301 3051 3345 toto
3079 3293 3356 3360 superiore
3383 3291 3546 3364 691
3594 3307 3857 3349 sermone

2254 3395 2600 3455 praeceperat.
2630 3383 2762 3439 Nam
2789 3399 2910 3438 cum
2930 3381 2998 3437 ad
3023 3382 3274 3452 injuriam
3303 3399 3500 3453 pronos
3524 3384 3683 3455 jubet
3703 3400 3854 3451 esse,

2252 3487 2306 3530 et
2336 3477 2400 3530 ad
2432 3477 2687 3531 damnum
2717 3475 3066 3541 voluntarios,
3099 3485 3152 3530 et
3195 3475 3260 3529 ad
3292 3476 3547 3530 ultionem
3576 3477 3858 3546 negligen-

2253 3577 2355 3634 tes,
2374 3577 2429 3623 et
2458 3568 2522 3620 ad
2552 3567 2882 3638 diligendum
2913 3567 2976 3638 (il
3004 3566 3364 3636 promiscuos,
3389 3575 3444 3622 et
3463 3566 3530 3621 ad
3555 3568 3854 3624 humanam

2255 3659 2478 3731 gloriam
2511 3659 2842 3724 incuriosos;
2883 3658 3196 3714 conﬁrmari
3239 3674 3336 3711 nos
3377 3659 3430 3712 in
3479 3673 3632 3728 spem
3677 3659 3856 3714 bono-

2252 3769 2370 3807 rum
2413 3760 2740 3806 aeternorum
2771 3750 2997 3805 laborat.
3027 3750 3219 3806 Plures
3256 3749 3400 3804 enim
3431 3759 3487 3806 et
3528 3765 3684 3806 amor
3710 3766 3856 3821 prae-

2252 3846 2509 3909 sentium,
2541 3853 2594 3898 et
2637 3842 2942 3914 desperatio
2971 3842 3274 3897 futurorum
3323 3843 3559 3898 incertos
3587 3841 3718 3898 facit
3748 3859 3764 3897 :
3795 3852 3859 3898 et

2253 3942 2343 3990 aut
2373 3934 2643 3990 illecebris
2671 3933 2834 4003 capit,
2875 3941 2967 3987 aut
2998 3931 3309 3989 infidelitate
3347 3931 3630 3988 c0nfuudit
3662 3951 3675 3988 :
3707 3932 3854 4006 Ergo

2255 4043 2477 4098 regnum
2531 4027 2829 4093 caelorum,
2889 4024 3032 4095 quod
3095 4025 3376 4096 prophetae
3430 4027 3853 4095 nuntiaverunt,

2255 4120 2487 4176 Joannes
2514 4119 2847 4191 praedicavit,
2878 4118 3134 4174 Dominus
3165 4127 3352 4174 noster
3376 4117 3432 4174 in
3458 4133 3520 4174 se
3545 4133 3667 4174 esse
3696 4119 3853 4190 posi-

2259 4280 2327 4336 ad
2357 4279 2540 4336 sedem
2570 4279 2659 4335 vol
2690 4279 2744 4333 in
2787 4277 2897 4334 Deo
2923 4279 3007 4333 vel
3033 4278 3085 4333 in
3113 4277 3336 4348 pecunia
3381 4278 3684 4334 habendam
3730 4293 3852 4335 rec-

2256 4352 2362 4406 tius
2384 4353 2632 4406 relertur.
2665 4351 2792 4405 Post
2835 4350 2890 4403 in
2918 4349 3108 4404 iisdem
3135 4351 3384 4404 damnoso
3416 4365 3434 4404 :
3467 4350 3568 4406 hoc
3593 4351 3661 4404 ad
3686 4350 3852 4406 intel-

2255 4422 2490 4492 ligentia:
2527 4423 2705 4477 lumen
2739 4420 2926 4476 referri
2966 4421 3315 4492 queat,iquod
3347 4421 3397 4474 in
3429 4422 3654 4491 pecunia
3693 4421 3851 4477 dam-

2252 4491 2470 4556 nesum,
2501 4494 2553 4548 in
2589 4495 2696 4548 Deo
2724 4492 3113 4560 sempiternum
3145 4491 3380 4547 futurum
3411 4494 3505 4548 sit.

554 4561 656 4658 bus
687 4561 815 4654 mss.
855 4568 1102 4658 injuriis:
1131 4561 1272 4635 quad
1311 4563 1567 4618 mendose
1609 4561 1868 4632 scriptum
1898 4570 2144 4632 putamus
2173 4585 2229 4647 Β
2292 4584 2396 4658 ηε)
2421 4582 3078 4658 γοωδυιυωῂιηηιίψιίη
3115 4583 3342 4658 vulgatis
3385 4585 3666 4658 omissum)
3715 4599 3849 4655 sup.

552 4647 674 4702 loco
701 4641 930 4696 incurite.

631 4713 703 4788 (ε)
723 4712 826 4788 llic
871 4707 1061 4788 s_upple
1089 4705 1185 4788 Dei
1223 4703 1556 4788 vocabulum.
1580 4702 1716 4788 domm.
1745 4702 1887 4758 enim
1920 4701 2150 4788 legimus

555 4771 766 4854 cap'b,
794 4798 848 4837 n.
879 4781 912 4835 7
940 4771 1061 4854 {eos
1105 4777 1233 4854 uisui
1268 4785 1315 4830 et
1357 4775 1591 4854 occursui
1622 4771 1725 4854 l_)rei
1759 4789 1867 4828 esse
1894 4783 2144 4854 patentes.

555 4845 858 4924 quibus'per
884 4850 1042 4924 animi
1063 4849 1276 4924 nitorem
1305 4863 1365 4900 ac
1394 4847 1508 4924 vita:
1536 4845 1805 4924 puritatem
1835 4852 2056 4924 potestas
2082 4845 2150 4924 sit

560 4913 851 4980 contucndi.
886 4923 1141 4990 Utroque
1169 4917 1222 4972 in
1263 4918 1380 4971 loco
1402 4913 1618 4990 videtur
1658 4913 1849 4982 respici
1891 4915 2145 4990 parabola

557 4997 850 5066 virginum,
876 4985 1069 5066 quibus
1115 4988 1312 5066 dicitur
1344 5003 1357 5039 :
1392 4985 1522 5040 Ecce
1559 5002 1780 5066 sponsus
1809 4987 1963 5066 venit,
1986 4986 2147 5066 rxite

559 5055 757 5120 obviam
784 5055 848 5118 ei.
876 5055 1108 5116 Rursum
1138 5060 1260 5112 huic
1285 5057 1458 5112 lucem
1490 5055 1700 5110 confert
1725 5055 1856 5109 illud
1888 5071 1953 5109 ex
1983 5063 2139 5110 tract.

559 5152 644 5207 ps.
691 5150 813 5207 cst,
839 5151 892 5186 u.
915 5133 986 5207 9‘:
1033 5130 1100 5184 In
1146 5128 1397 5207 abluenda
1431 5127 1563 5207 [acie
1589 5127 1806 5207 nitorem
1831 5141 1974 5194 pura:
2014 5142 2139 5207 con:

557 5197 1006 5271 Scientiw’exegit,
1055 5217 1118 5254 ne
1144 5199 1267 5270 quid
1305 5200 1358 5252 in
1405 5198 1548 5250 nobis
1587 5197 1869 5271 sordidum,
1917 5213 1981 5271 ne
2017 5197 2142 5271 quid

557 5279 770 5334 oblitum
800 5267 1080 5326 adiicerent
1110 5287 1128 5324 :
1153 5267 1205 5323 in
1244 5271 1410 5336 capite
1443 5284 1558 5323 vero
1589 5267 1844 5336 ungenda,
1892 5268 2139 5322 doctrinis

553 5366 650 5404 nos
672 5356 824 5412 atque
851 5341 1085 5413 aperibus
1110 5340 1355 5411 spiritalis
1383 5340 1712 5394 institutionis
1755 5341 2000 5408 perfectos
2031 5354 2136 5392 esse

591 5418 816 5475 recepit.

552 5435 1112 5562 prfdfpé‘arnutensis
1147 5481 1341 5562 cedes,
1383 5482 1598 5562 comptis
1639 5479 1911 5562 capitibus.
1958 5477 2142 5562 Monet

559 5549 915 5630 Hieronymus
941 5553 1219 5630 Christum
1260 5552 1349 5630 hic
1387 5551 1706 5630 loquijuxta
1736 5552 1889 5604 ritum
1931 5549 2139 5630 provin-

551 5635 646 5686 cite
675 5621 965 5692 Pal'estintz,
989 5624 1074 5679 ubi
1118 5621 1292 5676 diebus
1321 5621 1462 5694 festis
1483 5621 1640 5676 solent
1663 5637 1847 5694 ungere
1871 5621 2061 5690 capita.

628 5699 699 5772 (e)
726 5700 782 5754 lu
810 5697 1058 5772 vulgatis,
1101 5692 1701 5772 secutus_§_sola:cismus
1735 5692 1904 5772 quem
1950 5704 2135 5772 emen:

557 5760 692 5827 dant,
715 5785 841 5826 mss.
872 5760 1008 5824 A'ute
1039 5767 1092 5823 in
1117 5761 1388 5823 nonnullis
1409 5770 1602 5829 utrum,
1632 5775 1738 5818 uon
1763 5760 1965 5817 utram:
1985 5760 2129 5830 quod

2254 4653 2466 4726 pleinus
2485 4671 2552 4726 es
2578 4670 2707 4710 mss.
2739 4655 2828 4726 Sic
2853 4662 2908 4726 et
2948 4653 3080 4726 intra
3118 4669 3174 4707 n.
3204 4654 3269 4726 7,7
3301 4668 3406 4707 non
3432 4654 3752 4726 simpliciter
3779 4653 3848 4710 es:

2255 4723 2423 4793 oculo,
2452 4723 2570 4792 sed,
2598 4741 2660 4780 ea:
2685 4725 2817 4778 oculi
2847 4724 3038 4778 lumine
3067 4725 3273 4794 corpori
3292 4740 3489 4795 quoque
3513 4725 3842 4795 splendorem

2251 4798 2543 4866 spopondit.

2452 4816 2500 4848 (Π
2531 4835 2543 4848 .

2278 4816 2672 4940 Ρῖξῗηιὶίῗπίυε
2703 4865 2790 4922 hic
2809 4906 2823 4930 ,
2851 4873 3092 4919 veterum
3121 4878 3292 4940 more,
3317 4863 3561 4940 animum
3595 4873 3842 4940 nostram

2249 4935 2454 5008 Spectat
2481 4949 2536 4990 ut
2564 4953 2629 4992 ex
2650 4947 2849 5008 natura
2885 4951 2978 4989 sua
3007 4936 3291 5008 quamdam
3317 4935 3515 5000 lucem,
3547 4937 3840 5006 quemdam

2249 5005 2613 5080 splendorem.
2641 5007 2728 5080 Sic
2755 5021 2783 5060 a
2810 5005 3072 5080 Gregorio
3105 5005 3232 5060 Naz.
3265 5008 3357 5080 Or.
3389 5023 3496 5080 xptt
3526 5005 3648 5080 post
3673 5024 3838 5078 quam

2249 5077 2397 5135 num.
2444 5079 2531 5143 12,
2567 5079 2693 5132 dicti
2733 5085 2860 5132 sunt
2902 5077 3074 5146 angeli
3115 5078 3322 5148 secundi
3356 5078 3654 5148 splendores
3682 5077 3840 5146 primi

2245 5150 2532 5220 splendoris
2557 5148 2866 5220 administri,
2893 5162 3040 5201 num.
3079 5147 3168 5213 15,
3199 5149 3359 5202 homo
3384 5147 3682 5204 Secundum
3721 5152 3839 5206 ani.

2245 5219 2388 5276 ruam
2419 5220 2629 5292 angelus
2651 5219 2786 5272 alius
2818 5227 3179 5287 nuncupatur.

2315 5311 2393 5383 (lt)
2428 5309 2581 5372 Apud
2609 5309 2728 5383 Par.
2765 5309 2958 5383 fuerit;
2985 5316 3258 5378 corrupte.
3297 5307 3432 5364 Tum
3468 5321 3654 5379 prater
3676 5322 3836 5368 natu-

2250 5380 2553 5445 ram'suam,
2587 5380 2638 5434 id
2667 5388 2772 5445 est,
2796 5380 3026 5449 amplius
3049 5395 3209 5450 quam
3239 5395 3305 5435 ex
3346 5391 3534 5438 natura
3572 5399 3667 5437 sua
3697 5387 3833 5447 sint,

2249 5455 2400 5523 quasi
2460 5460 2653 5521 praeter
2693 5451 2962 5523 naturales
2991 5450 3296 5523 tenebras,
3355 5466 3522 5507 novas
3570 5453 3831 5520 quasdam

2247 5520 2565 5579 contrahant
2587 5521 2851 5578 exstincto
2871 5520 3076 5577 lumine
3098 5522 3389 5588 mentium;
3415 5524 3550 5594 quod
3575 5524 3760 5580 lumen
3786 5525 3830 5580 si

2241 5595 2616 5657 retinuerimus,
2656 5602 2762 5648 etc.

2313 5685 2378 5756 (i)
2403 5685 2514 5740 Hoc
2541 5694 2644 5747 est.
2676 5682 2744 5756 ad
2767 5681 3070 5756 diligendos
3096 5685 3301 5740 amicos
3329 5686 3410 5741 vel
3439 5685 3710 5752 inimicos,
3731 5701 3824 5742 seu

2240 5757 2307 5815 ad
2325 5753 2471 5815 bene
2497 5757 2580 5814 vel
2611 5755 2749 5814 male
2775 5753 2877 5810 sibi
2906 5753 3164 5812 iacientes
3187 5757 3494 5827 promiscue
3522 5773 3582 5814 se
3606 5759 3816 5816 habere.
