4172 6188
436 160 536 219 9ίῖ

1614 150 1694 206 SA
1704 147 1856 204 NCTI
1897 146 2149 205 ιιιιΑιιιι
2190 144 2497 204 EPISCOPI

3629 140 3733 199 948

435 289 599 335 omne
620 272 765 345 quod
792 280 1030 329 creatum
1052 278 1156 336 est,
1173 270 1224 324 in
1246 268 1426 339 aliquo
1445 266 1517 324 sit
1546 279 1771 324 necesse
1794 271 1897 320 est.
1928 264 2027 320 At,
2057 268 2107 326 Δ
2134 282 2237 321 non
2263 266 2520 329 laborant,
2565 277 2727 333 neque
2753 271 2892 316 nent.
2924 260 3055 315 Dico
3098 268 3270 315 autem
3306 257 3469 326 vobis,
3497 259 3737 329 quoniam

437 384 544 440 que
571 366 694 422 ideo
724 363 801 437 (α)
852 362 1109 432 ineptiam
1160 360 1520 415 inutilissimus
1544 357 1858 428 quaestionis
1891 356 2034 412 Deus

441 473 697 530 arguens,
720 470 826 511 non
855 453 1075 525 patitur,
1106 452 1285 507 anima
1324 459 1380 506 et
1407 463 1636 519 corpore
1667 449 1720 502 in
1763 448 2037 502 internite—

444 554 514 609 tis
548 549 844 608 substantia
890 545 1248 607 collocandis,
1293 558 1446 614 spem
1491 551 1730 597 nostram
1778 539 1941 594 futuri
1982 539 2037 594 in

442 643 841 702 resurrectione
865 640 975 695 cibi
993 649 1048 694 et
1075 638 1303 694 vestitus
1324 634 1686 692 sollicitudine
1717 632 1991 688 demorari
2021 647 2036 685 ι

443 752 515 793 ne
547 733 625 808 (b)
647 742 795 789 tanto
823 732 1057 802 pretiosa
1098 728 1369 795 reddenti,
1401 740 1598 795 corpus
1628 725 1835 780 scilicet
1879 732 2042 793 atque

439 830 695 889 animam,
722 823 1047 880 contumelia
1076 822 1128 877 in
1172 836 1280 876 non
1307 817 1608 875 eiliciendis
1636 814 1926 872 levioribus
1957 814 2041 869 in-

447 919 677 974 feratur.

521 1011 576 1066 9.
606 1008 732 1063 Non
751 1008 987 1062 laborant
1012 1005 1268 1060 daemones
1294 1012 1352 1056 ut
1374 1001 1593 1055 habeant
1620 998 1756 1054 unde
1782 1000 2048 1054 vivant.—

449 1103 712 1174 Respicite
738 1099 967 1154 volatilia
1016 1099 1128 1152 cali
1153 1136 1168 1161 ,
1201 1096 1446 1166 quoniam
1494 1109 1600 1148 non
1627 1103 1799 1148 serunt
1823 1131 1839 1159 ,
1891 1108 2050 1163 neque

453 1204 763 1266 congregant
806 1194 862 1246 in
903 1192 1121 1245 horrea:
1166 1197 1221 1244 et
1261 1197 1405 1261 pater
1428 1196 1591 1243 restet-
1638 1187 1853 1241 ctelestis
1889 1185 2052 1258 pascit

455 1288 568 1342 illa.
601 1285 793 1340 Nonne
815 1300 902 1338 vos
931 1284 1093 1354 ntagis
1123 1281 1288 1351 pluris
1312 1281 1431 1334 estis
1462 1278 1623 1349 (Ibid.
1647 1277 1784 1348 26)?
1814 1277 1926 1333 Sub
1953 1291 2052 1330 no-

453 1382 601 1436 mine
626 1378 899 1433 volucrum
928 1374 1176 1445 exemplo
1199 1388 1297 1428 nos
1340 1370 1739 1426 immundorum
1766 1367 2052 1439 spirituum

448 1456 777 1528 adhortatur
807 1489 819 1524 :
850 1470 1046 1541 quibus
1082 1470 1203 1523 sine
1232 1467 1412 1536 aliquo
1441 1466 1661 1535 negotio
1697 1462 1969 1533 quaerendi
2000 1468 2057 1516 et

455 1561 815 1633 oongregandi
833 1601 848 1626 ,
876 1561 1092 1616 vivendi
1121 1566 1301 1615 tamen
1330 1558 1586 1614 tribuitur
1613 1557 1682 1612 de
1712 1557 1902 1612 aeterni
1928 1570 2059 1611 con-

2137 374 2228 414 nec
2272 358 2520 413 Salomon
2569 356 2626 410 in
2668 356 2805 410 omni
2853 356 3022 428 gloria
3062 370 3155 408 sua
3199 361 3473 423 conpertus
3513 358 3586 408 est
3608 352 3740 407 sicut

2139 466 2298 506 unum
2329 466 2392 504 ea:
2418 449 2552 514 istis,
2605 456 2713 505 etc.
2757 446 2917 520 (Ibid.
2963 446 3082 518 ε29).
3117 445 3249 501 Lilia
3298 454 3406 500 non
3458 444 3741 515 laborant,

2142 558 2316 615 neque
2343 551 2476 598 nent
2505 559 2518 596 :
2550 553 2605 598 et
2629 542 2888 598 Salomon
2910 550 3202 612 coopertus
3225 556 3413 595 eorum
3437 538 3609 612 gloria
3636 556 3744 596 non

2144 636 2265 704 fuit,
2298 635 2559 706 propheta
2590 648 2834 706 magnus,
2890 642 2946 690 et
2974 632 3171 689 merito
3198 628 3416 688 dilecta:
3466 633 3747 704 sapientia:

2146 733 2259 788 Deo
2279 746 2456 788 carus.
2488 730 2593 787 Sed
2620 731 2731 786 lilia
2757 739 3050 787 nascuntur
3079 731 3276 801 potius,
3304 745 3463 800 quam
3490 726 3749 800 operiun—

2145 823 2543 893 tur.tioopertio
2557 830 2732 877 autem
2746 823 3105 878 velamentum
3125 831 3206 878 est
3218 806 3487 889 corporis,
3510 837 3615 875 non
3632 836 3755 877 cor-

2149 934 2248 989 pus
2280 918 2482 988 ipsum.
2514 914 2667 983 Quod
2694 916 2741 971 si
2766 915 2831 971 ad
2861 931 3076 972 sensum
3114 913 3758 986 humanaeintelligentite

2150 1014 2400 1075 refertur,
2415 1010 2650 1065 colorem
2671 1009 2787 1075 lilii,
2809 1009 3100 1064 ‘velamenti
3119 1007 3318 1064 candor
3332 1016 3577 1077 potuerat
3590 1023 3759 1062 aemu-

2150 1104 2272 1159 lari.
2300 1102 2408 1159 Sed
2438 1102 2548 1157 lilia
2582 1116 2688 1158 non
2713 1100 3009 1156 laborantia
3041 1116 3215 1174 neque
3247 1098 3424 1155 nentia
3466 1096 3761 1171 signiﬁcari

2154 1191 2496 1265 intelligenda
2536 1202 2666 1247 sunt
2692 1189 2764 1264 (e)
2791 1192 3101 1262 angelorum
3128 1189 3431 1246 caelestium
3460 1190 3760 1261 claritates,

2155 1287 2349 1358 quibus
2393 1292 2550 1341 extra
2595 1283 2851 1341 humanae
2897 1284 3139 1338 scientite
3159 1280 3539 1347 eruditionem,
3570 1282 3768 1353 suique

2156 1377 2337 1450 aperis
2360 1376 2689 1441 mercedem,
2719 1391 2748 1430 a
2773 1374 2885 1430 Deo
2913 1372 3100 1446 gloria:
3119 1372 3284 1449 695
3308 1370 3509 1429 candor
3526 1370 3769 1428 indultus

2158 1481 2360 1529 esttne
2388 1469 2512 1539 quid
2539 1484 2602 1524 ex
2623 1469 2843 1540 proprio
2858 1468 3043 1523 labore
3069 1478 3159 1521 aut
3181 1474 3298 1522 arte
3318 1462 3767 1523 existimarentur

2162 1563 2432 1619 habuisse.
2479 1560 2549 1615 Et
2577 1572 2698 1616 cum
2732 1561 2788 1614 in
2840 1560 3238 1615 resurrectione
3287 1557 3490 1613 similes
3518 1554 3775 1614 homines

456 1656 563 1711 silii
593 1665 857 1725 potestate
884 1654 1204 1709 'substantia.
1233 1652 1410 1721 Atque
1430 1657 1488 1707 ut
1504 1650 1571 1705 sd
1597 1648 1901 1705 immundus
1920 1648 2062 1705 istud
2091 1650 2140 1715 Β
2170 1652 2385 1724 Angelis
2426 1660 2627 1718 erunt,
2673 1662 2893 1722 sperare
2936 1662 3035 1706 nos
3078 1650 3324 1705 caelestis
3375 1651 3563 1721 gloria:
3601 1646 3780 1706 voluit

458 1749 681 1818 spiritus
710 1747 900 1804 referri
929 1753 1185 1817 Oportere
1232 1752 1577 1807 monstraret,
1611 1740 1846 1813 adiecit:
1878 1739 2067 1796 Nonne

459 1855 548 1895 vos
585 1840 753 1909 magis
781 1839 946 1910 pluris
978 1838 1097 1892 estis
1135 1835 1242 1890 illis
1267 1836 1293 1888 ‘l
1336 1835 1405 1890 de
1448 1833 1870 1905 comparationis
1924 1847 2067 1902 prte-

461 1934 682 1998 stantia,
728 1931 1020 1987 discrimen
1058 1929 1309 1999 nequitias
1335 1936 1391 1982 et
1427 1927 1724 1982 sanctitatis
1751 1924 2064 1980 ostendens.

542 2024 630 2081 10.
662 2023 896 2096 Corpora
935 2024 989 2077 in
1026 2031 1222 2078 statura
1266 2020 1363 2074 uiri
1402 2010 1613 2089 perfecti
1657 2017 1961 2072 suscitandi.
1997 2042 2071 2057 -

440 2096 601 2183 'Quis
623 2126 795 2171 autem
834 2124 1054 2173 uestrum
1082 2122 1247 2185 potest
1281 2112 1510 2185 adjicere
1533 2110 1602 2164 ad
1645 2119 1897 2164 staturam
1925 2122 2073 2163 suam

470 2208 699 2262 cubitum
745 2222 905 2261 unum
922 2207 948 2260 i‘
993 2205 1061 2260 Et
1089 2205 1153 2259 de
1195 2205 1494 2259 uestimento
1521 2203 1647 2272 quid
1673 2201 1841 2274 693
1864 2201 2075 2256 solliciti

471 2300 594 2355 estis
625 2298 729 2371 (Ib.
753 2298 846 2362 27,
874 2296 1005 2367 28)?
1029 2296 1215 2351 Fidem
1238 2295 1746 2350 vitalissubstantite
1777 2300 1975 2348 nostrre
2003 2291 2072 2348 de

472 2390 798 2447 documento
819 2388 1103 2461 spirituum
1127 2385 1360 2443 llrmavit
1391 2402 1404 2440 :
1435 2385 1748 2459 opinionem
1772 2393 1951 2441 autem
1974 2383 2070 2440 ha-

474 2483 621 2541 bitus
646 2480 843 2548 futuri,
883 2476 1087 2550 judicio
1114 2479 1418 2537 communis
1462 2476 1834 2547 intelligentia
1879 2474 2079 2533 dereli-

480 2576 617 2648 quit.
654 2576 788 2629 Cum
818 2574 962 2629 enim
991 2572 1366 2628 universorum
1393 2586 1680 2643 corporum
1701 2611 1716 2637 ,
1751 2586 1871 2642 qua:
1911 2572 2076 2629 vitam

478 2669 786 2737 hauserint,
815 2665 1182 2725 diversitatem
1232 2665 1285 2720 in
1318 2680 1479 2720 unum
1523 2672 1953 2720 consummatum
1997 2663 2077 2723 vi-

481 2782 603 2823 rum
654 2764 1066 2836 perfectumque
1129 2758 1200 2814 sit
1246 2759 1575 2819 exritaturus
1606 2800 1621 2826 ,
1662 2757 1920 2827 solusque
1981 2771 2081 2828 po-

481 2869 606 2914 tens
660 2858 732 2913 sit
790 2857 858 2911 ad
928 2855 1347 2923 uniuscujusque
1406 2852 1782 2931 proceritatem
1839 2850 2077 2907 cubitum

485 2968 651 3011 unum
683 2960 739 3008 et
767 2953 997 3009 alterum
1030 2947 1320 3011 tertiumve
1361 2952 1640 3018 praestare,
1682 2942 1749 2999 de
1781 2944 1999 3009 vestitu,
2028 2941 2079 2999 id

2172 1745 2593 1817 cperimentum,
2644 1743 2893 1814 exemplo
2930 1743 3188 1814 angelicae
3216 1741 3495 1797 claritatis.
3532 1740 3629 1797 Est
3669 1756 3777 1797 au-

2172 1848 2281 1896 tem
2322 1840 2373 1894 in
2406 1848 2593 1894 natura
2626 1838 2783 1893 istius
2812 1837 3093 1910 germinis,
3124 1846 3184 1893 ut
3214 1832 3492 1909 aptissime
3530 1834 3785 1893 coelesti-

2175 1931 2278 1986 bus
2303 1930 2636 2000 Angelorum
2665 1929 2979 1984 substantiis
2996 1937 3358 1999 comparetur.
3385 1925 3499 1983 Hoc
3520 1926 3667 1987 enim
3688 1927 3781 1984 el“-

2173 2024 2490 2092 ﬂorescens,
2515 2038 2636 2080 cum
2666 2038 2697 2079 a
2738 2022 2909 2094 stirpe
2953 2021 3187 2079 detenta:
3217 2021 3362 2079 humi
3381 2022 3591 2078 radicis
3623 2022 3785 2077 avet...

2174 2120 2322 2185 litur,
2351 2126 2554 2173 naturae
2582 2132 2693 2173 suae
2736 2119 2993 2172 virtutem
3037 2116 3166 2172 licet
3197 2116 3406 2173 eruisse
3433 2126 3650 2186 putetur
3678 2131 3783 2173 oc—

2176 2212 2381 2277 cultat,
2424 2218 2480 2264 et
2500 2209 2757 2264 redeunte
2795 2219 3036 2278 tempore
3083 2223 3297 2263 rursum
3324 2207 3425 2263 lilii
3452 2208 3533 2262 sui
3564 2202 3784 2263 honore

2177 2301 2423 2356 vestitur.
2466 2299 2544 2354 Ex
2592 2314 2653 2355 se
2701 2299 2781 2375 (ά)
2810 2298 2954 2357 enim
2984 2297 3275 2359 efﬂorescit
3301 2314 3364 2357 ac
3421 2299 3693 2367 redditur;
3721 2306 3789 2353 et

2178 2392 2320 2463 quod
2345 2401 2450 2458 est,
2484 2407 2584 2449 nec
2628 2392 2797 2448 radici
2829 2400 3005 2463 potest
3046 2392 3246 2449 debere
3274 2406 3372 2447 nec
3404 2400 3603 2447 terrae:
3649 2406 3783 2447 cum

2180 2486 2272 2540 ille
2291 2486 2381 2555 qui
2410 2499 2470 2540 se
2493 2485 2689 2540 subeat
2712 2498 2929 2551 succus,
2962 2500 3031 2539 ex
3057 2498 3117 2540 se
3154 2483 3244 2538 sit.
3277 2484 3456 2551 Atque
3482 2484 3553 2538 its
3583 2497 3787 2539 annuae

2180 2578 2307 2633 licet
2331 2576 2491 2649 hujus
2520 2575 2811 2630 viriditatis
2842 2575 3090 2647 exemplo
3110 2616 3126 2643 ,
3159 2575 3410 2632 virtutem
3441 2571 3510 2650 (e)
3541 2586 3789 2633 suasca?-

2183 2670 2334 2727 lestis
2364 2668 2681 2724 substantia:
2701 2667 2984 2727 aemulatur
3006 2685 3019 2725 :
3049 2683 3172 2727 cum
3189 2683 3255 2725 ex
3277 2683 3343 2724 eo
3369 2677 3575 2723 tantum
3594 2708 3609 2733 ,
3634 2667 3790 2737 quod

2184 2765 2322 2819 intra
2352 2777 2411 2819 se
2438 2770 2718 2830 acceptum
2753 2762 2969 2828 habeat,
2988 2761 3163 2816 alatur
3188 2763 3241 2816 in
3264 2761 3472 2817 ﬂorem.
3504 2759 3633 2816 ideo
3652 2775 3791 2831 ergo

2183 2858 2295 2914 lilia
2340 2873 2447 2912 non
2481 2856 2751 2923 laborant,
2782 2868 2958 2926 neque
2988 2861 3119 2911 nent
3151 2869 3164 2910 ε
3196 2854 3319 2929 quia
3349 2850 3586 2909 Virtutes
3618 2864 3791 2924 ange-

2185 2952 2382 3017 lorum,
2405 2964 2471 3009 ex
2501 2963 2566 3005 ea
2594 2962 2755 3020 quam
2792 2947 3003 3017 adeptae
3031 2956 3156 3009 sunt
3187 2945 3411 3018 originis
3451 2960 3566 3003 sua:
3594 2955 3741 3001 sorte
3771 2988 3789 3013 ,

483 3057 588 3113 est,
617 3042 684 3100 de
700 3043 882 3115 specie
899 3055 1212 3112 corporum,
1239 3054 1359 3097 cum
1390 3046 1588 3110 quanta
1611 3036 1729 3107 ejus
1754 3034 2082 3095 cotttutnelia
2108 3046 2155 3109 ρ
2190 3053 2247 3121 ιιι
2274 3044 2384 3099 sint
2410 3057 2627 3111 semper
2655 3040 2939 3109 accipiant.

488 3137 810 3206 ambigimus
858 3132 1075 3205 (Ephes.
1126 3146 1201 3196 tv,
1235 3130 1360 3200 i5)l
1394 3131 1483 3199 qui
1514 3137 1576 3185 ut
1614 3128 1875 3199 aequalem
1924 3137 2086 3198 utque

492 3229 815 3287 uniformem
847 3236 1061 3279 omnem
1111 3221 1388 3277 hominem
1421 3221 1639 3287 emetat,
1680 3229 1885 3276 tantum
1936 3236 2088 3275 men-

493 3336 635 3379 surae
667 3320 737 3373 sit
765 3314 1017 3375 humanis
1042 3312 1362 3383 corporibus
1388 3309 1689 3371 additurus.

570 3414 659 3469 ii.
691 3411 830 3466 Lilia
874 3424 977 3463 non
1009 3406 1296 3463 laborantia
1319 3404 1506 3476 angeli.
1540 3400 1645 3457 Cur
1666 3402 1790 3458 llliis
1810 3405 2091 3474 comparati

495 3508 687 3583 angeli.
733 3534 806 3545 —
842 3501 1173 3561 Considerate
1213 3497 1325 3570 lilia
1369 3498 1483 3570 agri
1523 3496 1775 3567 quomodo
1822 3504 2093 3560 crescunt;

493 3662 702 3722 scilicet
747 3668 801 3717 et
829 3667 1047 3726 corpus,
1081 3668 1187 3726 non
1232 3659 1548 3721 negaturum
1576 3664 1700 3726 esse
1726 3652 1949 3719 leviora,
1984 3653 2089 3726 hoc

497 3743 602 3795 est,
632 3723 942 3789 alimoniam
963 3738 1014 3781 et
1044 3723 1444 3795 vestimentum.
1483 3723 1720 3795 Denique
1769 3724 2089 3795 totumhoc

506 3792 741 3861 illustrat
779 3796 1029 3866 exemplo
1058 3794 1346 3866 spirituum
1376 3792 1814 3866 immundorum,
1864 3794 2046 3862 quibus
2070 3836 2087 3863 ,

504 3876 615 3928 sine
637 3869 811 3938 aliquo
858 3862 1057 3938 negotio
1087 3862 1346 3938 sumendi
1375 3864 1808 3938 etucongregandi
1833 3905 1863 3938 ,_
1894 3862 2092 3938 vivendi

509 3955 676 4017 tuatim
722 3934 957 3994 tribuitur
984 3937 1047 3991 de
1094 3936 1268 4017 teterni
1289 3934 1758 4017 consiliipotestute
1785 3934 2092 4017 substantia.

509 4012 668 4071 Unde
697 4019 751 4066 et
782 4022 899 4082 post
925 4020 1089 4082 patron
1114 4000 1389 4082 concludit
1417 4022 1428 4057 :
1463 4000 1647 4082 Fidem
1675 4004 2097 4082 vitalissubstan-

514 4085 599 4139 tite
626 4074 814 4138 nostra:
840 4080 902 4134 de
926 4074 1233 4133 documento
1264 4076 1538 4146 spirituum
1560 4076 1799 4143 (irritavit.
1822 4074 1920 4131 Ubi
1942 4081 2098 4147 igitur

515 4156 614 4221 ait,
635 4153 938 4207 Animarum
964 4163 1153 4221 speetes
1183 4158 1479 4221 corpoream
1506 4157 1700 4221 natura?
1717 4162 1832 4221 sua:
1866 4148 2101 4205 substan-

519 4216 640 4281 tiam
671 4216 1141 4292 sortiuntur,'nib_il
1182 4216 1325 4292 aliud
1348 4216 1446 4292 sibi
1471 4219 1602 4283 vult,
1630 4217 1732 4271 nisi
1762 4233 1968 4278 illllmas
1992 4235 2099 4292 non

517 4293 762 4361 interire,
797 4293 892 4349 sed
924 4288 1066 4349 unde
1094 4289 1146 4341 in
1174 4288 1289 4341 sua'
1314 4289 1429 4361 vita
1463 4296 1855 4361 conserventur
1880 4302 1944 4344 ac
1973 4288 2101 4345 sub-

520 4354 716 4425 sistant
741 4354 983 4432 accipere
1002 4372 1029 4440 _:
1060 4370 1181 4440 cum
1209 4354 1350 4440 quod
1381 4357 1737 4440 blccorporea
1776 4358 2057 4440 substantia
2083 4400 2098 4426 ,

522 4452 748 4495 nutuero
773 4427 1014 4502 sequenti
1043 4427 1240 4502 vivendi
1261 4427 1541 4502 substantia
1562 4427 1657 4502 ,_'~_ct
1689 4445 1833 4482 num.
1861 4428 1949 4492 iO,
1975 4431 2104 4484 vita-

522 4508 607 4563 lis'
636 4500 920 4561 substantia
970 4502 1146 4565 verbis
1191 4500 1301 4568 jam
1333 4500 1690 4568 apertioribus
1743 4510 2099 4570 nuncupetur.

524 4577 674 4637 lianc
698 4588 859 4646 porro
882 4571 1461 4646 vitalemsubstantiam
1482 4570 1724 4623 homines
1741 4585 1890 4646 e_x_se
1916 4579 1976 4646 _c_t
1997 4587 2103 4629 non

524 4639 741 4705 aliunde
769 4654 1093 4719 sumpturos
1109 4643 1268 4719 tacite
1291 4640 1558 4712 sigoillcat
1585 4656 1733 4719 nunt.
1764 4639 1851 4708 ii,
1877 4640 1966 4696 ubi
1997 4651 2107 4719 tra-

525 4720 606 4777 dit
632 4718 855 4788 angelos
876 4712 943 4773 cx
964 4713 1186 4786 originis
1206 4726 1316 4788 sum
1345 4721 1493 4767 sorte
1523 4720 1575 4764 ut
1606 4712 1711 4765 sint
1734 4725 1949 4786 semper
1966 4714 2107 4788 acci-

528 4805 689 4862 pn-re,
709 4782 922 4862 "eisque
953 4782 1067 4841 non
1084 4784 1295 4862 similes
1321 4789 1448 4862 post
1483 4782 1933 4862 resurrectionem
1966 4782 2107 4862 lutu-

525 4853 619 4921 ξος
639 4877 656 4926 ;
677 4853 1055 4930 ἰιιιοιιῖιίεειηια
1077 4856 1187 4927 jam
1216 4853 1456 4930 declarat
1482 4856 1531 4907 in
1556 4855 1689 4930 psal.
1713 4866 1910 4930 cxcvn,
1943 4870 1994 4930 n_.
2025 4854 2059 4910 5
2086 4895 2103 4921 ,

531 4931 619 4986 ubi
641 4922 919 4991 beatorum
951 4922 1122 4989 cretus
1164 4925 1354 4997 nullius
1376 4939 1525 4997 egens
1549 4924 1617 4976 ad
1641 4922 2107 4997 corporis‘artiutaz-

530 5018 629 5073 que
671 5002 1007 5073 substantiam
1050 4992 1661 5073 praedicaturfvetuum
1710 4992 1845 5051 cum
1876 4992 2109 5073 Hilarius

534 5066 631 5128 eos
656 5072 741 5129 hic
762 5071 988 5136 refellat,
1018 5066 1110 5143 qui
1158 5066 1226 5121 de
1252 5068 1551 5143 animarum
1605 5073 1724 5134 post
1752 5067 2108 5143 resurrectio-

536 5159 659 5199 nem
703 5152 813 5201 tttut
864 5132 1114 5198 alimonia
1165 5151 1273 5197 tum
1325 5132 1648 5192 vesumento
1694 5132 1907 5204 solliciti
1945 5144 2110 5204 sunt;

536 5228 768 5287 cumque
796 5210 931 5287 infra
951 5226 1067 5287 cap.
1098 5225 1174 5277 ιιι,
1199 5225 1251 5269 ιι.
1275 5205 1718 5287 4,_explicaturus
1744 5203 1896 5287 illud,
1928 5204 2114 5261 Homi-

537 5302 653 5341 nem
682 5275 918 5339 mollibus
931 5275 1198 5343 vestitum,
1227 5275 1605 5336 vestimentum
1636 5276 1828 5330 anima:
1851 5275 2116 5348 interpre-

539 5364 679 5425 tetur
699 5369 896 5425 corpus
924 5367 1030 5422 quo
1068 5350 1243 5425 anima
1280 5349 1511 5425 ambitur
1534 5362 1595 5401 ac
1610 5347 2115 5425 circumscribitur)

541 5422 764 5488 Vestem,
785 5417 1232 5495 inQItit,antbitunt
1251 5417 1589 5495 corporislguo
1608 5420 1779 5472 anima
1798 5417 2025 5473 induitur
2043 5420 2116 5475 si.

530 5497 741 5568 gniﬁcat
781 5514 793 5551 :
825 5488 971 5566 quid?
995 5493 1081 5568 hic
1109 5491 1210 5547 sibi
1242 5488 1405 5568 volet:
1431 5488 1737 5568 carpat-eam
1763 5496 1960 5568 natura:
2004 5502 2114 5547 sum

528 5559 861 5625 substantiam
886 5567 1188 5629 sortiuntur,
1215 5563 1336 5628 nisi,
1361 5559 1475 5615 Νοιι
1502 5559 1690 5614 carent
1728 5561 1895 5629 veste,
1926 5575 2046 5629 quae
2076 5578 2108 5622 a

527 5636 843 5706 corporibus
865 5650 1151 5715 numquam
1172 5626 1289 5693 non
1320 5626 1685 5692 iambiuntur‘l
1723 5626 1805 5687 Ad
1832 5626 2104 5690 summum

2262 3135 2350 3190 12.
2391 3132 2638 3199 Faenum,
2669 3140 2863 3204 gentes.
2912 3129 3198 3203 Resurgent
3223 3130 3293 3189 ad
3320 3131 3490 3205 ignem
3513 3138 3789 3185 tetcrnum.

2189 3222 2461 3281 Justorum
2485 3223 2789 3281 resurrectio
2816 3221 2965 3294 longe
2984 3222 3153 3279 minus
3168 3218 3634 3294 ambigenda.—Si
3650 3218 3798 3275 enim

2194 3321 2386 3389 [mnum
2413 3316 2547 3388 agri,
2576 3316 2713 3384 quod
2736 3314 2886 3368 hodie
2913 3322 3005 3378 est,
3051 3323 3097 3367 et
3121 3328 3237 3368 cras
3263 3314 3318 3367 in
3347 3314 3520 3385 ignem
3540 3315 3794 3377 mittitur,

2195 3407 2336 3462 Deus
2358 3408 2432 3461 sic
2449 3407 2613 3471 vestit;
2633 3415 2822 3477 quanto
2846 3405 3008 3477 magis
3028 3420 3115 3459 vos
3151 3406 3169 3473 (
3179 3402 3226 3475 Γ)
3251 3404 3465 3458 modica:
3479 3404 3606 3474 ﬁdei
3620 3416 3633 3469 (
3649 3402 3793 3458 Ibid.

2198 3496 2334 3569 50)?
2362 3496 2510 3553 Fidei
2542 3502 2739 3552 nostra:
2768 3495 3131 3551 inviolabilem
3179 3494 3554 3553 conﬁdentiam
3601 3510 3796 3557 exem-

2195 3656 2357 3730 igitur
2402 3655 2488 3713 hic
2531 3652 2706 3715 sensit
2747 3656 2959 3715 animas
3000 3672 3288 3728 numquam
3334 3658 3606 3730 exsistere
3632 3668 3795 3718 extra

2195 3718 2354 3782 o'ntne
2381 3742 2579 3795 corpus
2606 3743 2620 3782 :
2646 3743 2768 3784 cum
2798 3737 2906 3782 tota
2932 3718 3164 3795 quaestio
3187 3744 3291 3784 non
3314 3718 3382 3783 de
3408 3731 3602 3785 anima:
3627 3731 3797 3786 subs-

2199 3802 2393 3863 tantia,
2444 3797 2537 3853 sed
2566 3797 2633 3852 de
2661 3797 2986 3854 subsistendi
3044 3798 3201 3853 modo
3240 3808 3505 3854 versetur.
3535 3800 3644 3856 Sed
3677 3802 3798 3857 hac

2199 3868 2583 3938 interpretetur
2606 3870 2833 3938 quisque
2864 3878 2922 3923 ut
2944 3869 3113 3934 volet,
3146 3870 3308 3929 modo
3330 3888 3437 3930 non
3461 3871 3649 3927 credat
3698 3873 3798 3929 lli-

2200 3938 2394 3997 larium
2442 3938 2508 3994 iis
2551 3939 2707 3994 dictis
2747 3940 2981 3994 animam
3030 3942 3081 3993 in
3108 3956 3168 3994 se
3207 3943 3320 4010 ipsa
3349 3955 3668 4007 corpoream
3698 3959 3801 3996 vo-

2204 4011 2368 4065 luisse
2399 4027 2412 4063 :
2452 4009 2608 4064 aliter
2637 4011 2780 4067 enim
2812 4025 2936 4071 eum
2966 4012 3202 4065 sensisse
3228 4009 3475 4077 Constat,
3509 4023 3566 4066 ut
3596 4013 3711 4069 fuse
3741 4016 3797 4070 in

2205 4078 2442 4151 generali
2474 4080 3071 4151 prtet‘ationesingulari
3115 4082 3495 4139 dissertatione
3539 4083 3805 4138 demons-

2207 4149 2400 4206 tratum
2429 4158 2528 4205 est.
2556 4149 3122 4221 Observanttts_obiter
3150 4153 3405 4221 quosdam
3438 4153 3489 4207 in
3519 4153 3637 4214 bis,
3670 4153 3802 4209 Aui-

2206 4237 2406 4276 marum
2432 4223 2648 4292 species,
2675 4225 2775 4276 sive
2795 4208 3126 4292 obtitientiunt
3163 4208 3400 4292 corpora,
3430 4224 3533 4279 sive
3558 4208 3799 4292 corpori-

2206 4290 2690 4365 buseazsulantium,
2708 4293 2929 4365 animos
2958 4290 3221 4347 humanas
3247 4290 3303 4349 et
3337 4294 3557 4365 angelos
3586 4290 3797 4365 signiti-

2207 4363 2315 4417 cari
2345 4364 2679 4421 exisdtnare.
2707 4363 2871 4419 Nobis
2890 4364 3066 4419 tamen
3094 4365 3270 4433 potius
3295 4363 3361 4419 ad
3379 4363 3658 4421 diversqu
3681 4366 3803 4421 ani.

2129 4474 2185 4538 Β
2210 4449 2416 4538 mafrqnlt
2445 4435 2798 4538 ltuntauagum
2826 4443 3023 4488 statum
3053 4434 3625 4538 videtttut'gel'erenda.

2306 4521 2334 4538 ιι
2416 4513 2462 4538 In
2504 4520 2624 4538 num
2720 4521 2777 4538 nn
2827 4519 2932 4538 mea
3008 4504 3241 4538 suntin-mn
3372 4521 3493 4538 nan
3546 4506 3617 4538 es:

2282 4502 2358 4576 (ᾳ)
2390 4503 2464 4565 ita
2504 4520 2626 4563 cum
2676 4505 2958 4576 Par.mss.
3008 4504 3262 4574 potiores.
3306 4505 3496 4563 Plures
3546 4506 3639 4560 alii
3670 4523 3799 4562 cum

2210 4573 2367 4639 BadJ,
2393 4576 2484 4641 Er.
2517 4587 2568 4633 et
2597 4574 2767 4644 Lips,
2799 4573 3052 4633 inertiam.

2283 4644 2359 4718 (b)
2394 4644 2515 4711 Par,
2547 4655 2687 4705 tanto
2727 4645 3065 4718 pretiosiora,
3096 4646 3239 4718 quod
3290 4647 3442 4718 prior
3488 4644 3704 4715 Lipsius
3735 4663 3805 4705 ex

2212 4715 2424 4771 Erasmi
2456 4719 2693 4787 margine
2725 4717 2799 4787 in,
2829 4723 3030 4787 textum
3079 4715 3424 4773 transtulerat
3454 4734 3465 4770 :
3517 4719 3807 4772 renitenti-

2212 4787 2313 4859 bus
2335 4802 2462 4859 mss.
2485 4785 2712 4859 quorum
2738 4786 2826 4843 alii
2853 4785 3051 4859 habent
3077 4796 3240 4853 tanta,
3268 4789 3360 4859 alii
3389 4796 3525 4859 tanto
3553 4790 3802 4859 pretiosa.

2286 4855 2445 4940 (c)‘l_n
2471 4852 2721 4928 vulgatis,
2743 4867 2799 4915 ut
2842 4858 3140 4931 angelorum
3169 4877 3182 4916 :
3212 4852 3479 4915 redundat
3516 4852 3596 4925 ut,
3625 4874 3808 4927 neque

2213 4936 2391 4989 exstat
2409 4936 2462 4987 in
2497 4945 2631 4987 mss.
3581 4970 3591 4977 .

2288 4997 2366 5070 (ά)
2399 4997 2456 5073 In
2499 5001 2761 5073 vulgatis,
2793 5000 2966 5073 igitur.
3002 4998 3332 5073 Concinnius
3376 5001 3449 5073 in,
3480 5012 3615 5054 mss.
3643 5000 3803 5073 enim.

2218 5068 2480 5142 Extemplo
2512 5068 2629 5136 lilii,
2660 5068 2832 5142 cujus'
2855 5073 3020 5140 stirps
3043 5087 3075 5128 a
3124 5071 3304 5127 radice
3331 5071 3515 5126 excisa
3542 5084 3667 5142 cum
3688 5071 3806 5141 jam

2187 5137 2200 5156 '
2220 5137 2416 5199 calices
2442 5156 2568 5197 suos
2602 5137 2872 5207 emiserit,
2905 5137 2976 5199 ita
3007 5142 3227 5197 eosdem
3269 5142 3437 5198 nutrit
3456 5155 3519 5195 ac
3549 5137 3721 5205 iuvet,
3748 5152 3808 5199 ut

2216 5211 2433 5280 penitus
2459 5212 2738 5269 emoreant
2762 5254 2778 5281 ,
2809 5211 3111 5269 ostenditur
3145 5214 3310 5268 vitam
3354 5213 3664 5282 angelorum
3688 5253 3705 5281 ,
3734 5228 3807 5270 ex

2223 5284 2463 5353 propria,
2504 5294 2558 5338 et
2582 5299 2688 5339 non
2718 5292 2939 5340 externa
2964 5283 3263 5339 substantia
3288 5283 3475 5339 foveri.

2295 5355 2364 5425 (ε)
2398 5353 2476 5419 Ex
2502 5354 2738 5423 pluribus
2758 5356 3014 5425 mss._ltuc
3033 5353 3649 5425 revocatur-vocabulum
3667 5370 3802 5422 sure,

2220 5422 2361 5493 quad
2395 5422 2509 5479 non
2529 5425 2595 5479 ad
2624 5424 2790 5481 lilium
2818 5422 3048 5481 refertur
3069 5464 3084 5489 ,
3126 5424 3222 5479 sed
3251 5424 3319 5479 ad
3345 5425 3623 5480 tecelestem
3676 5426 3809 5481 sub-

2214 5497 2488 5621 stantiam},
2510 5511 2631 5621 gnta:
2646 5512 2741 5553 sua
2760 5504 2862 5565 est,
2892 5510 2989 5552 seu
3017 5510 3138 5566 quae
3162 5511 3225 5553 ex
3242 5510 3338 5552 sua
3358 5506 3546 5557 natura
3572 5504 3633 5553 ut
3658 5510 3806 5553 sem-

2218 5582 2311 5621 per
2341 5581 2384 5621 ει
2473 5584 2503 5621 a
2544 5582 2573 5621 e
2601 5606 2615 5621 .

2252 5582 2311 5623 er
2341 5576 2409 5621 Stt
2438 5576 2615 5625 habet.

2215 5582 2311 5637 per
2341 5582 2409 5621 su.
2438 5582 2615 5625 nanet.

2284 5635 2352 5711 (ι’)
2382 5634 2570 5694 Plures
2591 5650 2722 5693 mss.
2756 5637 2978 5694 minima:
3001 5636 3143 5710 (idsi.
3198 5630 3219 5641 ’
