4172 6188
396 229 508 287 889

1326 232 1870 294 COMMENTARIUS
1907 234 1976 292 IN
2016 236 2454 296 IA'I'I'IIEUI.
2495 239 2650 298 CAP.
2691 242 2760 298 γ.

395 344 609 435 plerum
640 342 960 401 auctoritate
980 344 1306 402 conﬁrmat:
1338 354 1399 409 ut
1421 355 1574 407 tacte
1598 348 1824 419 majoris
1853 351 1994 421 peri-
2018 359 2074 426 Α
2097 354 2195 426 pit,
2218 353 2325 410 diei
2351 355 2613 427 deputare
2638 360 2834 416 mentis
2860 359 3112 417 allectum
3140 379 3152 415 :
3184 368 3314 433 ergo
3337 370 3394 419 et
3419 364 3565 435 Quod
3590 358 3693 422 sibi

393 434 502 492 cuii
531 450 621 491 res
646 436 714 491 sit
751 436 1027 508 ambigere
1046 477 1062 501 ,
1110 446 1312 507 quanto
1339 439 1667 509 impensiore
1695 448 1825 497 cura
1878 458 1996 497 oms

392 547 517 590 nem
548 532 890 588 occasionem
918 532 1252 589 inﬁdelitatis
1296 535 1600 592 abstulerit.
1633 536 1672 590 F
1676 551 1859 592 mnum
1888 552 1995 593 non

394 623 602 714 id.cireo
626 624 890 690 nascitur,
924 632 984 677 ut
1009 623 1168 679 detur
1205 625 1348 696 igni;
1377 641 1552 697 neque
1583 626 1706 682 ideo
1734 628 1996 684 vestiendi

393 716 510 787 ejus
556 716 845 785 peculiaris
875 715 988 771 Deo
1016 731 1144 771 cura
1196 727 1301 783 est,
1334 727 1392 772 ut
1436 727 1742 774 cremetur:
1776 719 1870 775 sed
1898 720 1999 776 sub

390 808 520 865 {teni
548 809 769 863 nomine
813 817 1145 877 nuncupatas
1169 822 1293 864 esse
1319 824 1351 864 a
1394 802 1506 865 Deo
1531 818 1756 881 gentes,
1802 811 1997 866 crebro

388 900 717 957 invenimus.
744 899 977 955 Germeu
1004 907 1185 954 autem
1208 900 1339 956 illud
1363 909 1469 966 est,
1487 901 1628 968 quod
1651 902 1863 957 virtutis
1884 916 1996 957 sum

390 994 526 1049 ﬂore
554 993 787 1060 dilapso,
822 992 889 1046 ad
918 991 1156 1046 enloretn
1191 992 1323 1047 solis
1344 991 1562 1047 arescit.
1595 992 1759 1063 Igitur
1777 992 1995 1062 requies

391 1086 532 1141 nulla
563 1084 845 1153 gentibus,
895 1097 1069 1152 neque
1106 1084 1299 1137 mortis
1323 1122 1339 1147 ,
1368 1091 1425 1137 ut
1474 1084 1660 1138 volunt
1680 1114 1697 1147 ο
1727 1097 1991 1151 coinpeu-

389 1177 482 1232 dio
510 1177 664 1247 quies
688 1174 905 1231 dabitur
932 1193 945 1228 :
975 1174 1068 1246 sed
1110 1176 1406 1246 corporalis
1455 1184 1509 1231 et
1556 1175 1686 1245 ipsis
1730 1177 2001 1233 aeternitas

392 1268 749 1327 destinabitur
777 1276 836 1323 ut
881 1268 1020 1337 ignis
1071 1272 1258 1325 asterni
1288 1273 1341 1324 in
1393 1269 1521 1340 ipsis
1558 1269 1628 1325 sit
1657 1279 1855 1325 aeterna
1888 1284 2002 1325 man-

391 1362 578 1428 teries,
610 1369 665 1416 et
692 1362 745 1419 in
800 1360 1068 1416 universis
1106 1361 1451 1430 sempiternis
1479 1373 1798 1417 exerceatur
1860 1361 1997 1417 ultio

392 1454 741 1523 sempiterna.
772 1451 829 1507 8i
850 1451 1011 1523 igitur
1038 1453 1291 1523 gentibus
1336 1452 1537 1508 ideirco
1584 1460 1791 1508 tantum
1824 1452 2002 1507 indui-

391 1554 547 1618 getur
587 1544 860 1600 aeternitas
904 1545 1237 1614 corporalis,
1264 1554 1325 1600 ut
1371 1559 1498 1599 mox
1533 1544 1611 1615 (α)
1654 1545 1764 1615 igni
1811 1544 2001 1614 judicii

390 1640 777 1704 destinentur;
809 1653 969 1709 quam
998 1637 1280 1708 profanum
1320 1646 1404 1691 est
1425 1678 1441 1704 ,
1474 1648 1692 1692 sanctos
1720 1637 1787 1691 de
1829 1637 2001 1707 gloria

2099 446 2211 516 ipsa
2228 446 2452 503 sollicita
2465 457 2566 514 cst,
2586 459 2640 505 et
2656 451 2798 522 quod
2822 452 2871 507 ei
2896 453 3096 509 malitia
3117 462 3212 509 sua
3231 454 3451 524 sufﬁcit;
3478 454 3694 527 etquod

2098 537 2403 594 inhibemur
2414 541 2631 597 solliciti
2645 556 2765 599 esse
2777 544 2846 599 de
2865 534 3119 613 crastino;
3138 552 3311 601 totum
3330 546 3403 620 (ei
3419 538 3521 603 sub
3535 538 3696 603 dictis

2100 631 2338 687 cmiestis
2362 632 2735 703 significantia:
2761 638 3083 693 continetur.
3109 638 3369 695 Jubemur
3398 641 3560 712 igitur
3587 654 3695 698 non

2098 727 2376 797 ambigere
2403 726 2471 782 de
2502 727 2726 796 tuturis;
2752 733 2883 787 satis
2898 733 3040 787 enim
3074 733 3199 787 vitae
3238 741 3441 789 nostra:
3468 734 3692 802 malitia;

2102 826 2156 873 et
2179 819 2387 874 dierum
2416 820 2608 891 quibus
2634 822 2863 878 vivimus
2908 834 3126 894 peccata
3148 825 3439 891 sufﬁciunt,
3463 836 3521 882 ut
3549 827 3691 883 circa

2104 910 2220 965 haec
2247 912 2516 982 purganda
2550 923 2605 969 et
2626 910 2981 984 promerenda
3010 918 3186 971 omnis
3207 918 3333 973 vita:
3347 922 3548 973 nostra:
3575 928 3693 974 mes

2103 1003 2295 1059 dilatio
2341 1004 2599 1075 laborque
2644 1016 2915 1071 versetur,
2959 1024 3027 1064 ne
3068 1008 3233 1063 etiam
3277 1009 3346 1064 de
3393 1009 3695 1066 futurorum

2103 1096 2401 1152 diffidentia
2465 1098 2803 1167 inexpiabilis
2866 1094 3235 1169 lrreiigiosit'as
3303 1102 3693 1157 contrahatur:

2102 1204 2225 1245 eum
2256 1198 2505 1245 cessante
2534 1206 2662 1246 cura
2694 1202 2916 1258 nostra,
2963 1193 3077 1261 ipsa
3116 1194 3170 1249 in
3202 1192 3386 1248 oftit-io
3411 1206 3511 1248 suo
3532 1236 3546 1260 ,
3577 1200 3697 1265 quae

2104 1293 2232 1339 sunt
2261 1283 2459 1351 futura,
2492 1284 2725 1340 sollicita
2752 1286 2895 1349 sint,
2927 1294 2982 1341 et
3006 1287 3161 1342 nobis
3182 1299 3405 1343 aeternae
3436 1284 3698 1343 claritatis

2107 1375 2398 1445 profectus,
2436 1376 2527 1432 Dei
2559 1387 2884 1447 procurante
2904 1378 3146 1434 bonitate
3166 1422 3181 1447 ,
3208 1380 3319 1450 iam
3360 1394 3466 1436 non
3495 1379 3696 1435 sollicié

2102 1470 2173 1524 tis
2196 1479 2545 1540 praeparetur.
3684 1488 3687 1495 ί

2181 1559 2267 1614 14.
2295 1560 2547 1615 Judieare
2574 1562 2637 1615 de
2656 1559 2755 1616 Dei
2783 1562 3146 1632 sponsionibus
3170 1567 3315 1636 nefas
3342 1571 3435 1617 est.
3470 1562 3594 1617 Cur.
3628 1590 3701 1603 —

2107 1650 2285 1706 Nolite
2303 1654 2566 1721 judicare,
2592 1670 2654 1709 ne
2674 1655 3002 1727 judicemini.
3031 1657 3144 1723 Qua
3172 1656 3307 1715 enim
3327 1657 3533 1729 judicio
3563 1655 3703 1721 fudi-

390 1732 715 1789 aeternitatis
752 1730 1062 1800 ambigere,
1108 1744 1229 1784 cum
1271 1730 1467 1799 iniquis
1496 1729 1812 1784 mternitatis
1858 1740 1992 1797 opus

2109 1744 2353 1810 :averitis,
2371 1745 2696 1819 judicabitur
2723 1746 2785 1803 de
2804 1747 2943 1805 vobis
2979 1746 3196 1819 (Matth.
3221 1764 3315 1815 vn,
3344 1751 3395 1817 l,
3422 1746 3501 1820 Ξ).
3527 1750 3701 1805 Omne

391 1835 681 1897 praestetur
707 1823 775 1879 ad
799 1838 1032 1893 patiam.
1076 1823 1304 1879 Omnem
1347 1824 1510 1894 igitur
1533 1820 1990 1892 exspectationem

392 1927 634 1973 nostram
680 1918 732 1973 in
763 1915 871 1971 lida
898 1916 1382 1986 repromissionum
1421 1926 1475 1969 et
1504 1914 1717 1969 virtutis
1745 1928 1859 1967 suae
1904 1929 2001 1981 po-

396 2016 597 2065 testate
635 2007 803 2078 exigit
840 2008 1097 2067 collocari
1125 2025 1138 2060 :
1184 2015 1243 2061 ut
1268 2022 1395 2062 cura
1423 2021 1604 2062 rerum
1631 2005 1826 2075 quibus
1855 2004 1994 2059 indl-

392 2117 588 2173 gemus
606 2102 841 2168 omissa,
875 2102 944 2157 ab
967 2116 1034 2157 eo
1072 2101 1253 2171 potius
1277 2100 1480 2167 omnia,
1511 2113 1542 2153 a
1570 2112 1678 2168 quo
1708 2097 1808 2168 ipsi
1840 2096 2001 2152 vitale

395 2196 682 2254 exordium
711 2196 1065 2265 sumpsimus,
1093 2202 1498 2264 exspectemus,
1534 2204 1865 2261 regnumque
1906 2188 1998 2245 Dei

397 2289 523 2344 vitae
553 2297 754 2343 nostra:
779 2286 1066 2358 stipendiis
1090 2300 1419 2356 qumramus.
1460 2283 1531 2339 Et
1558 2284 1672 2337 haec
1701 2292 1851 2337 recte
1881 2295 2003 2351 per-

397 2378 649 2448 fectoque
686 2378 980 2435 viventium
1009 2392 1223 2433 merces
1252 2386 1334 2431 est
1359 2414 1376 2442 ,
1411 2384 1471 2430 ut
1515 2376 1567 2429 in
1594 2388 1784 2428 novam
1811 2371 2005 2431 cales-

400 2483 618 2543 temque
644 2471 1003 2526 substantiam
1019 2487 1083 2526 ex
1110 2470 1210 2525 hac
1231 2469 1597 2540 corruptibilis
1613 2467 1858 2537 corporis
1885 2466 2000 2520 tua-4

400 2565 540 2623 terie
562 2564 982 2631 transferantur,
1015 2573 1070 2620 et
1093 2564 1370 2634 corruptio
1421 2573 1635 2617 terrena
1679 2559 1886 2616 ctelesti
1919 2561 2001 2614 in-

399 2662 750 2732 corruptione
772 2671 1028 2715 mutetur.
1050 2658 1304 2715 Gentium
1334 2658 1493 2727 igitur
1511 2664 1625 2720 est,
1660 2653 1996 2709 infidelitatis

400 2755 560 2811 istius
574 2769 699 2809 cura
719 2753 844 2824 angi
867 2771 881 2807 :
905 2752 1099 2823 quibus
1117 2750 1303 2807 saeculi
1327 2764 1513 2806 amore
1530 2748 1787 2816 detentis,
1814 2756 1869 2803 et
1891 2763 2005 2803 cor-

405 2850 553 2919 poris
578 2847 790 2919 gaudiis
809 2846 1107 2916 oceupatis,
1153 2845 1356 2899 nullum
1386 2858 1482 2915 per
1521 2842 1680 2897 iidem
1709 2852 1766 2897 et
1792 2840 2006 2897 confes-

402 2941 612 2997 sionem
635 2941 728 2997 Dei
744 2940 800 2994 in
816 2939 1040 2996 calcate
1052 2951 1276 3008 regnum
1294 2938 1394 2993 iter
1410 2936 1670 3006 qumritur
1690 2943 1745 2989 et
1764 2944 2001 3004 optatur.

474 3032 564 3087 {3.
595 3030 719 3087 Dies
743 3032 889 3103 quid.
925 3029 1237 3087 Sollicitudo
1279 3029 1333 3082 in
1361 3028 1495 3083 diem
1525 3044 1626 3081 non
1669 3025 1827 3080 cadit.
1858 3024 2009 3080 Circa

2100 1836 2289 1907 judicii
2318 1834 2556 1893 officium
2602 1839 2817 1908 penitus
2861 1841 2999 1894 Deus
3039 1840 3343 1909 submovet,
3394 1856 3497 1897 nec
3534 1842 3702 1897 ullum

2106 1930 2328 1984 omnino
2373 1931 2571 2000 suscipi
2613 1932 2834 2001 patitur;
2870 1931 2975 1989 Sed
3004 1944 3368 2009 compugnare
3410 1935 3702 2005 prepositis

2106 2020 2487 2090 subsequentia
2527 2022 2935 2087 existimantur,
2992 2036 3112 2079 cum
3154 2024 3319 2079 dicit:
3353 2023 3468 2090 Quo
3497 2018 3703 2099 judicio

2095 2110 2455 2185 judicaverltis
2484 2156 2498 2179 ,
2538 2113 2864 2187 judicabitttr
2890 2114 2954 2169 de
2982 2115 3140 2170 vobis.
3178 2115 3285 2173 Sed
3313 2112 3562 2186 superius
3586 2118 3661 2172 ait
3686 2136 3699 2173 :

2108 2201 2290 2257 Nolite
2306 2203 2549 2277 judicare
2572 2245 2587 2271 ,
2620 2218 2684 2258 ne
2698 2204 3027 2276 judicemlnl.
3055 2203 3322 2278 NUmquiii
3368 2202 3494 2262 boni
3515 2206 3703 2279 iudicii

2107 2295 2389 2349 arbitrium
2442 2296 2639 2366 suscipi
2688 2310 2796 2351 non
2841 2296 3149 2366 oportebit?
3176 2297 3376 2368 Attium
3421 2298 3704 2368 profitetur

2108 2403 2207 2459 pro
2236 2389 2544 2445 conditione
2588 2390 2772 2461 iudicii
2811 2390 3153 2461 iudicandos,
3200 2399 3254 2447 et
3300 2390 3567 2447 universis
3610 2402 3703 2462 ge-

2107 2494 2238 2537 nere
2280 2497 2387 2553 quo
2425 2485 2596 2537 mensi
2643 2492 2766 2539 sunt
2815 2483 3170 2540 metiendum.
3225 2483 3366 2557 Ergo
3412 2490 3701 2555 nutuquatn

2108 2574 2247 2630 bene
2271 2574 2636 2645 iudicabitur,
2670 2575 2715 2629 si
2762 2576 2984 2631 omnino
3036 2586 3141 2630 non
3186 2576 3288 2631 erit
3327 2574 3698 2645 iudicantium.

2108 2666 2215 2723 Sed
2258 2667 2367 2735 iam
2408 2666 2631 2727 dudum.
2668 2674 2723 2720 ut
2753 2667 3001 2737 superius
3049 2668 3427 2737 cognoscitur,
3473 2662 3603 2721 tilitii
3647 2662 3699 2722 in

2108 2759 2289 2814 verbis
2315 2758 2411 2814 Dei
2454 2759 2575 2814 leve
2616 2766 2708 2813 aut
2736 2757 2895 2815 inane
2934 2758 3237 2813 tractatur:
3288 2758 3571 2829 oinnisquu
3614 2758 3703 2813 hic

2109 2851 2250 2906 ultra
2289 2864 2506 2907 sensum
2546 2851 2827 2922 gentilium
2866 2854 3086 2907 aurium
3124 2864 3303 2909 sermo
3331 2856 3431 2908 est.
3466 2848 3700 2909 Judicat‘i

2109 2944 2252 3001 enim
2281 2946 2349 3000 de
2376 2945 2756 3015 sponsionibus
2782 2944 2893 2999 suis
2925 2947 3093 3000 vetuit
3124 2964 3137 3000 :
3171 2947 3297 3016 quia
3324 2952 3383 3001 tit
3406 2944 3604 3019 judicia
3635 2948 3702 2999 cx

2111 3037 2334 3091 incertis
2361 3038 2520 3092 rebus
2545 3037 2683 3092 inter
2710 3034 2955 3092 homines
2979 3044 3281 3101 sumuntur,
3317 3032 3385 3091 ita
3414 3046 3464 3091 et
3492 3030 3593 3091 hoc
3617 3036 3705 3105 ju-

402 3145 520 3201 qttae
554 3138 660 3182 tota
696 3127 891 3181 versari
936 3124 1115 3180 debeat
1141 3122 1363 3178 hominis
1401 3136 1546 3176 cura.
1585 3148 1657 3161 ——
1688 3118 1864 3175 Nolite
1888 3135 2002 3191 ergo

2112 3129 2308 3184 diciutn
2340 3129 2625 3183 adversum
2662 3130 2825 3184 Deum
2851 3145 2915 3185 ex
2964 3128 3229 3184 sentiendi
3260 3114 3418 3199 atqtte
3448 3119 3705 3200 opinandi

401 3219 613 3273 solliciti
633 3231 742 3272 esse
768 3217 833 3271 ds
855 3210 1378 3271 crastinoﬁrastinus
1391 3210 1558 3283 ωε
1578 3210 1713 3264 enim
1736 3210 1846 3262 dies
1865 3208 2003 3263 solli-

399 3312 534 3367 citus
558 3312 654 3365 erit
686 3310 781 3365 sibi
803 3309 932 3380 ipse.
965 3307 1177 3377 Sufﬁcit
1203 3306 1307 3360 diei
1337 3304 1536 3360 malitia
1574 3318 1670 3355 sua
1697 3299 1860 3372 (Ibid.
1887 3299 1999 3371 5i).

400 3404 703 3461 Commune
709 3403 971 3474 judicium
986 3401 1240 3468 est,diem
1251 3412 1376 3455 esse
1387 3396 1680 3452 labentium
1700 3405 2001 3462 temporum

410 3512 631 3554 cursum
663 3497 783 3552 luce
811 3495 941 3551 solis
970 3493 1358 3555 illuminatum,
1394 3502 1558 3559 quem
1589 3502 1691 3543 nos
1724 3485 2005 3557 interjecta

399 3588 758 3653 discriminat,
802 3594 858 3642 et
884 3586 1188 3641 interventu
1216 3597 1317 3638 suo
1358 3580 1467 3637 diei
1515 3580 1658 3643 diem
1704 3579 2001 3647 subrogat:

399 3682 569 3739 futuri
614 3692 792 3738 autem
857 3677 1119 3749 temporis
1182 3674 1537 3742 significantia
1585 3672 1893 3727 continetur
1948 3667 2004 3723 in

400 3778 661 3831 crastino.
698 3773 841 3844 Ergo
865 3772 933 3827 de
958 3770 1140 3825 futuro
1169 3767 1434 3823 sollicitos
1461 3781 1558 3820 nos
1581 3778 1705 3819 esse
1730 3762 1874 3817 Deus
1907 3774 2004 3815 ve-

404 3869 527 3925 tuit.
562 3868 768 3924 incuria
799 3876 978 3921 autem
1027 3860 1411 3918 sollicitudinis
1456 3858 1710 3912 relaxatus
1732 3896 1746 3919 ,
1776 3868 1885 3908 non
1912 3866 2009 3908 ne-

401 3965 695 4037 gligentiae.
721 3961 815 4017 sed
847 3960 966 4016 lidei
1019 3968 1123 4015 est.
1151 3955 1265 4013 Cur
1290 3954 1435 4009 enim
1476 3950 1693 4007 solliciti
1734 3949 1905 4004 simus
1952 3947 2005 4001 in

404 4057 681 4119 crastino;
710 4068 832 4109 cum
860 4051 1132 4108 crastinus
1161 4048 1285 4103 dies
1315 4046 1417 4102 sibi
1458 4045 1574 4115 ipse
1604 4040 1869 4097 sollicitus
1898 4039 2007 4094 sit?

408 4148 553 4217 Ergo
573 4146 903 4201 anxietatem
930 4149 1168 4197 nostram
1198 4141 1312 4209 ipsa
1343 4152 1440 4207 pro
1469 4135 1624 4190 nobis
1640 4134 1757 4188 dies
1779 4132 2007 4187 sollicita

408 4237 650 4307 depellit.
679 4236 787 4291 Sed
804 4232 1133 4299 sollicitudo,
1168 4238 1224 4285 ut
1253 4228 1508 4291 arbitror,
1541 4225 1789 4295 proprius
1813 4222 2009 4278 estho-

408 4328 574 4384 minis
599 4327 827 4383 aﬂectus
860 4342 874 4378 :
900 4324 1041 4378 hanc
1066 4322 1211 4377 enim
1245 4319 1444 4376 excitat
1472 4323 1564 4371 aut
1591 4331 1757 4379 curm,
1782 4321 1874 4369 aut
1898 4327 2010 4369 me-

409 4428 518 4487 tus,
546 4427 638 4476 aut
659 4419 862 4473 doloris
887 4417 1148 4471 anxietas.
1187 4413 1311 4469 Dies
1346 4425 1479 4467 vero
1500 4423 1693 4465 cursus
1742 4416 1825 4462 est
1867 4415 2008 4462 tem-

2105 3220 2453 3293 ambiguitate
2482 3222 2807 3293 suscipitur,
2842 3222 2986 3297 quod
3032 3221 3242 3291 penitus
3289 3220 3501 3292 repellit
3549 3230 3577 3275 a
3611 3224 3704 3275 uti-

2103 3316 2219 3384 bis,
2250 3325 2308 3371 ut
2329 3326 2584 3372 constans
2612 3318 2787 3387 potius
2807 3310 2939 3372 lides
2956 3317 3282 3383 retineatur;
3315 3318 3437 3387 quia
3468 3322 3573 3371 non
3600 3316 3705 3372 sic-

2106 3421 2163 3465 ut
2206 3412 2258 3466 in
2302 3410 2463 3467 rebus
2520 3411 2752 3478 caeteris,
2797 3419 3070 3480 peceatum
3104 3412 3172 3465 sit
3199 3404 3366 3482 696
3422 3416 3702 3479 perperam

2101 3501 2407 3572 iudicasse;
2439 3499 2534 3555 sed
2574 3502 2657 3573 (ά)
2699 3502 2752 3554 in
2790 3499 2875 3555 his
2904 3501 3063 3554 rebus
3100 3497 3471 3555 tantummodo
3500 3493 3568 3556 de’
3597 3496 3704 3556 Deo

2101 3591 2382 3661 judicium,
2412 3591 2620 3652 initium
2651 3604 2771 3645 esse
2798 3592 2868 3644 sit
2894 3588 3157 3645 criminis.

2182 3682 2266 3751 15..
2295 3681 2586 3752 [nﬁdelitas
2614 3683 2764 3753 quale
2805 3693 2851 3736 et
2877 3692 3123 3752 quantum
3166 3693 3448 3756 peccatum.
3485 3683 3707 3739 Frustra

2107 3776 2237 3829 alios
2279 3773 2490 3845 corrigit
2519 3790 2620 3827 non
2637 3782 2913 3829 senectus.
2943 3805 3013 3814 —-
3028 3770 3169 3839 Quid
3190 3784 3360 3830 autem
3387 3774 3528 3831 sides
3543 3780 3703 3847 festu-

2108 3882 2220 3921 cam
2260 3867 2315 3920 in
2363 3867 2511 3919 oculo
2569 3865 2746 3936 fratris
2790 3864 2884 3931 tul,
2926 3874 2976 3920 et
3020 3866 3285 3921 trabemin
3313 3867 3463 3921 oculo
3489 3874 3574 3921 ttto
3600 3874 3702 3921 non

2108 3961 2269 4028 vides,
2301 3967 2356 4013 et
2382 3959 2589 4029 reliqua
2628 3956 2787 4030 (Ibid.
2808 3958 2865 4029 3)
2886 3958 2910 4010 ‘i
2931 3955 2988 4013 in
3018 3960 3474 4029 consequentibus
3498 3956 3703 4024 docuit,

2110 4054 2278 4109 solam
2329 4051 2381 4106 in
2412 4050 2669 4121 Spiritum
2700 4049 3090 4119 blasphemiam
3133 4058 3284 4105 extra
3314 4050 3526 4113 yeniam
3558 4048 3702 4105 futu-

2109 4161 2247 4210 ram,
2280 4145 2493 4199 ceteris
2540 4142 2792 4197 omnibus
2848 4142 2960 4197 Deo
2991 4142 3377 4213 indulgentiam
3416 4142 3701 4215 largiente.

2111 4238 2395 4292 Peccatum
2427 4245 2606 4289 autem
2661 4234 2713 4290 in
2773 4233 3032 4306 Spiritum
3093 4247 3199 4301 εει,
3234 4232 3345 4289 Deo
3367 4235 3581 4289 Virtutis
3610 4246 3707 4303 po-

2110 4336 2357 4385 testatem
2411 4340 2646 4396 negare,
2697 4333 2752 4381 et
2802 4325 3015 4381 Christo
3065 4324 3414 4382 substantiam
3466 4325 3705 4381 adimere

2112 4420 2429 4477 mternitatis
2455 4437 2467 4473 :
2489 4433 2585 4489 per
2611 4433 2795 4489 quem,
2824 4419 2946 4490 quin
2976 4419 3029 4474 in
3060 4417 3333 4472 hominem
3367 4416 3507 4472 Deus
3537 4414 3703 4483 venit,

408 4513 557 4583 poris
584 4529 596 4565 :
629 4519 684 4567 et
708 4511 821 4565 sola
850 4509 925 4581 (ὁ)
953 4506 1345 4578 providentiam
1367 4511 1655 4560 consecuta
1684 4498 2002 4556 sollicitudi-

2115 4513 2279 4569 itomo
2305 4527 2518 4567 rursum
2544 4512 2635 4566 fiet
2676 4511 2727 4566 in
2768 4510 2957 4565 Deum.
2994 4511 3132 4579 Ergo
3152 4516 3411 4580 quantum
3438 4509 3578 4563 inter
3601 4506 3707 4563 fes-

410 4608 499 4664 nis
545 4606 812 4677 recipiunt
838 4604 1110 4659 allectum.
1161 4601 1530 4657 Constituetur
1563 4612 1694 4668 ergo
1718 4596 1839 4651 dies
1880 4609 2002 4649 esse

410 4697 634 4763 animai,
664 4695 806 4767 quod
830 4705 884 4753 et
924 4702 1131 4759 caveat,
1172 4702 1226 4747 et
1253 4692 1564 4763 prospiciat,
1607 4696 1663 4744 et
1698 4696 1889 4751 curet;
1919 4686 2007 4740 cui

412 4797 471 4844 et
505 4786 707 4847 malitia
754 4786 969 4856 prepria
1014 4783 1264 4849 sufficiat,
1313 4798 1483 4852 neque
1504 4779 1842 4835 extrinsecus
1869 4776 2006 4831 arci-

413 4878 562 4935 deuti
590 4879 662 4934 sit
682 4876 1007 4934 aemulanda
1031 4883 1271 4947 peccato.
1301 4873 1409 4931 Sed
1433 4883 1619 4929 natura
1652 4872 1729 4926 rei
1779 4885 1887 4924 non
1913 4883 2007 4923 ca-

488 5102 567 5187 (σ)
599 5102 657 5165 ιιι
705 5111 913 5187 certe!!!
959 5099 1215 5187 ξηεξεοίθηέ.
1234 5095 2014 5187 ΜΨἐμ¹Ξ⁰¹ξΞὶξ¹ἯεέΡῗξ⁴

415 5166 615 5240 nenda,
675 5185 733 5231 ut
769 5166 918 5243 ignis
955 5166 1143 5243 judex'
1165 5166 1375 5229 dicatur
1422 5167 1574 5243 quasi
1618 5166 1754 5235 ignis
1784 5166 2001 5243 vindex.

418 5232 1109 5302 Aliam'tamettuconﬁ'rmat
1135 5249 1291 5295 tract.
1326 5232 1459 5303 psai‘.
1483 5246 1599 5296 xttt.
1629 5232 1777 5293 tium.
1809 5234 1897 5301 il,
1926 5232 2014 5290 ubi

416 5318 625 5375 inutiles
650 5326 696 5369 et
721 5315 1069 5385 infructuosos
1091 5313 1199 5384 igni
1219 5308 1412 5385 jttdicil
1434 5308 1703 5373 deputatas
1730 5306 1977 5385 legi-nius.

514 5388 566 5457 b)
590 5387 749 5446 Editi.
765 5375 876 5442 s'ola
928 5375 1242 5441 recidentia}
1259 5380 1585 5448 castigantur
1596 5390 1660 5433 ex
1676 5390 1805 5431 mss.
1832 5375 1987 5435 Rom.
2000 5415 2015 5441 ,

491 5389 575 5512 bl).
607 5466 660 5511 ct
704 5405 1298 5512 Carmq’rovidenliam
1347 5458 1523 5504 autem
1575 5457 1727 5504 vocat
1778 5446 2013 5502 llilarius

417 5446 575 5517 Coib'.
607 5466 660 5511 ct
704 5446 1298 5512 Carmi’rnvidentiam
1347 5446 1523 5504 autem
1575 5457 1727 5504 vocat
1778 5446 2013 5502 llilarius

422 5527 740 5601 providendi
770 5543 832 5583 ac
855 5526 1215 5601 pﬂtSpiCientii
1246 5521 1586 5601 facultatem.‘
1772 5588 1783 5601 .
1896 5587 1929 5601 η

425 5587 440 5601 ’
498 5599 571 5672 (ε)
601 5598 675 5659 Ita
706 5613 835 5653 mss.
858 5587 1126 5665 'ptitiures,
1161 5595 1212 5650 id
1235 5603 1337 5655 εει,
1369 5598 1537 5645 totum
1571 5588 1673 5644 hoc
1706 5587 2020 5671 spiritaliter

425 5670 631 5727 dictum
659 5679 760 5724 est.
793 5669 897 5729 Alii
928 5682 1062 5725 vero
1085 5682 1208 5723 cum
1252 5662 1483 5737 vulgatis
1506 5702 1522 5728 ,
1568 5659 1660 5716 sub
1690 5659 1813 5714 dict:
1843 5658 2019 5714 cales-

747 5710 760 5722 ο
793 5702 897 5728 {IIII
935 5702 1061 5725 ‘CIV
1085 5702 1208 5723 υιιιιι
1259 5702 1483 5728 Ὶυιδειῑισ
1506 5702 1522 5728 ς

422 5744 488 5798 tis
513 5741 877 5813 signiﬁcantia;

2118 4615 2294 4660 tucatn
2340 4612 2394 4658 ct
2440 4603 2649 4658 trabem
2697 4602 3029 4657 discriminis
3070 4608 3173 4670 est,
3227 4608 3431 4657 tantum
3472 4593 3711 4656 05tcudit

2115 4707 2395 4768 peccatum
2428 4695 2480 4749 in
2525 4694 2783 4762 Spiritum
2822 4690 3191 4750 conditionem
3245 4702 3562 4749 cancrorum
3602 4690 3709 4748 cri-

2116 4788 2321 4841 minum
2367 4785 2632 4842 excedere
2666 4804 2678 4839 :
2710 4793 2770 4840 ut
2808 4800 2929 4840 cum
2976 4784 3219 4841 infideles
3245 4783 3438 4841 delicta
3462 4786 3707 4855 corporis

2116 4879 2239 4935 aliis
2267 4880 2613 4949 exprobrent,
2648 4892 2785 4935 onus
2831 4877 3037 4949 peccati
3076 4874 3149 4950 (e)
3180 4890 3285 4949 quo
3312 4874 3380 4934 de
3429 4872 3711 4949 promissis

2194 5089 2271 5161 (ά)
2294 5087 2421 5161 Par.
2445 5088 2498 5161 in
2517 5085 2689 5161 rebus,
2716 5083 2919 5161 omisso
2950 5081 3270 5161 pronomine
3299 5082 3400 5161 (iis.
3428 5098 3535 5161 quo
3550 5100 3714 5161 span.

2194 5100 2271 5161 (d)
2296 5100 2418 5144 Par.
2445 5104 2498 5140 ιη
2517 5100 2689 5150 rebus,
2716 5100 2919 5207 omgso
2950 5100 3270 5152 pronomine
3299 5100 3400 5147 ms.
3428 5100 3535 5159 quo
3550 5100 3706 5165 spon-

2120 5160 2303 5217 siones
2334 5159 2426 5214 Dei
2446 5155 2771 5230 indicantur.
2803 5225 2814 5230 _
2854 5170 2941 5209 ox.
2976 5152 3306 5230 apttd‘Badq
3341 5152 3435 5215 Er.
3477 5160 3531 5223 et
3559 5155 3706 5230 Lips.

2120 5232 2323 5295 initum,
2358 5231 2443 5282 tibi
2471 5229 2520 5281 in
2550 5227 2670 5281 aliis
2699 5225 2846 5280 libris
2876 5226 3103 5295 rectius,
3121 5225 3342 5283 initium.

2199 5302 2270 5386 te.)
2300 5293 2453 5386 AW“
2472 5293 3598 5386 ,‘3‘3f;‘i“?_‘_‘?."’_"}if‘ff;‘!‘F9i‘_‘,[‘59.“il'ifi‘
3614 5295 3707 5386 Eii-

2127 5366 2247 5428 iarii
2271 5366 2823 5440 argumentumqund
2855 5379 2959 5419 non
2985 5380 3078 5440 per
3108 5382 3167 5423 se
3192 5369 3439 5440 omnibus
3466 5368 3594 5440 satis
3610 5383 3706 5436 ap—

2127 5448 2299 5513 paret,
2335 5435 2534 5513 'paucis
2574 5436 2982 5513 perstringere._
3008 5435 3098 5491 Sic
3142 5439 3283 5513 enim
3313 5435 3703 5495 ratiocinantur:

2126 5505 2323 5589 Quide
2352 5505 3031 5589 proﬁtebs’isilei.ainbigit,
3059 5507 3281 5579 atubigit
3321 5521 3378 5589 se
3420 5521 3703 5589 (ﬁssorum

2126 5574 2180 5647 iit
2212 5574 2402 5637 Deum.
2434 5578 2587 5633 Circa
2635 5576 2736 5631 hoc
2774 5574 3031 5642 incertius,
3078 5594 3182 5632 non
3212 5574 3391 5647 credit
3430 5574 3703 5647 Citrismm

2128 5646 2298 5709 Deum
2324 5668 2339 5717 ;
2367 5648 2631 5720 siquidem
2658 5649 2724 5720 ad
2763 5650 2893 5720 huc,
2920 5661 3041 5701 eum
3073 5657 3214 5720 esset
3244 5646 3404 5712 Deus,
3436 5646 3605 5720 gratus
3625 5656 3709 5703 est

2128 5714 2333 5794 homo,
2364 5714 2626 5777 ut'liomo
2666 5718 2820 5776 ﬁeret
2870 5714 3031 5774 Deus.
3062 5717 3165 5785 Qui
3207 5725 3385 5772 autem
3431 5714 3708 5778 Christum
