4172 6188
513 211 616 268 951

1694 224 1936 282 SANCTI
1970 225 2224 283 lllLARIl
2263 229 2567 289 EPISCOPI

3701 237 3809 294 952

513 324 614 384 Dei
643 327 935 400 ambigam,
955 329 1006 384 in
1037 346 1097 387 se
1119 341 1245 390 ante
1270 349 1378 392 non
1399 337 1636 406 videant,
1668 338 1745 410 (a)
1771 339 2101 397 inﬁdelitatis
2129 340 2186 404 Δ
2206 345 2443 414 gentilis,
2498 355 2590 402 aut
2630 363 2731 421 pro
2760 349 3008 422 baptismi
3039 352 3452 416 conservatione
3491 361 3804 425 serpentem

508 417 666 473 trabe
719 420 770 474 in
816 421 974 478 oculo
1012 430 1283 494 tamquam
1330 428 1384 484 in
1443 432 1637 486 mentis
1664 431 1780 488 acie
1812 432 2102 490 insidente.

509 507 598 563 Fit
627 509 770 565 enim
801 527 967 581 saepe,
1014 522 1074 570 ut
1102 531 1441 576 assumamus
1472 523 1628 578 nobis
1681 525 1938 594 arguendi
1969 527 2106 583 alios

507 603 908 671 auctoritatem,
951 608 1070 663 sine
1100 609 1208 665 ullo
1241 615 1473 683 propriae
1496 617 1892 672 emendationis
1916 634 2104 676 exem-

508 694 723 764 plo;et
753 696 1035 754 medenda:
1074 703 1332 759 caecitatis
1374 707 1567 762 alienae
1607 709 1922 779 jactantiam
1965 727 2110 782 pra:-

507 785 763 851 feramus,
796 788 896 858 ipsi
918 789 974 844 in
1001 795 1243 851 tenebris
1271 801 1512 870 corrupti
1544 801 1762 858 luminis
1783 806 2102 861 constituti:

507 890 627 932 cum
652 878 871 936 difﬁcile
893 898 1214 956 quemquam
1228 889 1299 944 sit
1319 903 1574 960 praestare
1597 894 1669 965 (b)
1691 897 1832 966 quod
1851 909 2026 967 egeat,
2049 909 2103 956 et

503 968 765 1038 Optimum
788 971 857 1027 sit
881 978 1132 1047 exemplo
1162 980 1339 1049 potius
1355 982 1552 1040 docere
1574 1002 1732 1056 quam
1763 988 1942 1044 dictis.
1964 989 2104 1047 Cura

505 1077 629 1133 erga
662 1067 894 1136 propriae
919 1070 1222 1129 adhibenda
1254 1086 1336 1132 est
1363 1081 1593 1135 czecitati
1624 1100 1636 1135 :
1670 1088 1795 1153 quia
1823 1101 1890 1140 ex
1914 1095 2104 1143 natura

504 1168 686 1210 rerum
744 1168 848 1226 est,
883 1176 990 1216 non
1043 1166 1194 1235 prius
1225 1167 1462 1239 aliquem
1509 1175 1802 1243 purgandae
1845 1177 1913 1232 de
1943 1180 2104 1234 oculo

501 1245 682 1301 fratris
711 1247 935 1306 festucae
965 1254 1213 1311 idoneum
1245 1258 1389 1314 effici
1422 1277 1582 1332 posse
1607 1264 1905 1331 doctorem,
1941 1283 2100 1340 quam

504 1335 572 1394 de
596 1342 790 1398 mentis
813 1356 924 1398 suae
949 1344 1152 1404 lumine
1179 1350 1384 1408 trabem
1414 1354 1651 1426 perﬁdia:
1679 1335 2102 1432 gravantes'eje»

504 1429 659 1485 cerit.

1076 1550 1308 1612 CAPUT
1362 1556 1454 1613 Vl.

504 1650 584 1708 De
610 1659 901 1730 margaritis
927 1671 1043 1716 ante
1053 1680 1258 1736 porcos,
1278 1669 1342 1723 de
1352 1673 1827 1746 pseudOpropheta,
1855 1678 1918 1736 de
1949 1680 2101 1738 domo
2135 1718 2184 1779 Β

966 1753 1218 1779 ωυρμ.-
1481 1771 1510 1779 γ.

961 1753 1218 1822 ωάὶβεαια
1242 1773 1404 1828 supra
1427 1771 1646 1830 petram.

576 1883 598 1935 i
615 1921 630 1936 .
658 1881 908 1954 Mysteria
947 1885 1136 1945 Christi
1165 1902 1315 1949 caute
1358 1898 1589 1967 gentibus
1615 1909 1666 1955 et
1698 1901 1951 1961 Itwreticis
1971 1925 2100 1976 ape-

499 1971 700 2028 rienda.
733 2006 798 2017 -
822 1976 1002 2034 Nolite
1017 1981 1142 2037 dare
1167 1995 1402 2040 sanctum
1424 1990 1653 2056 canibus,
1683 2009 1844 2065 neque
1863 1971 2102 2056 miseritis

500 2068 812 2135 margaritas
837 2079 1029 2126 vestras
1069 2085 1186 2128 ante
1215 2092 1414 2144 porcos,
1448 2089 1504 2135 et
1528 2082 1967 2156 reliqua(Mattlt.
2000 2107 2095 2158 vn,

500 2153 578 2224 6).
609 2155 904 2226 Praeceptis
953 2171 1008 2216 et
1049 2165 1331 2233 promissis
1360 2170 1452 2226 Dei
1495 2172 1630 2228 nihil
1657 2153 1949 2246 pretiosius
1975 2153 2102 2239 san:-

497 2247 746 2319 ctiusque
775 2259 880 2318 est,
911 2267 1032 2324 quae
1072 2259 1422 2317 sanctificatis
1477 2264 1633 2320 nobis
1676 2267 2100 2331 immortalitatis

497 2339 812 2398 thesaurum
847 2345 1168 2418 largiuntur.
1201 2351 1400 2410 Horum
1454 2358 1618 2429 igitur
1653 2377 1992 2421 sacramenta
2013 2378 2098 2425 at-

498 2448 605 2504 que
627 2435 856 2491 virtutes
878 2453 1052 2508 neque
1102 2442 1156 2496 in
1187 2456 1377 2513 gentes
1393 2446 1609 2516 ell‘erre,
1633 2467 1808 2521 neque
1836 2447 1956 2510 cum
1988 2457 2100 2514 hae-

497 2524 684 2579 reticis
735 2525 987 2584 conferre
1030 2533 1410 2611 permittimur.
1441 2536 1617 2598 Canes
1657 2543 1822 2609 enim,
1847 2545 1916 2602 de
1942 2548 2097 2604 obla-

497 2615 674 2669 trandi
698 2617 958 2674 adversus
981 2620 1149 2676 Deum
1179 2625 1560 2698 rabie,gentes
1589 2643 1717 2689 sunt
1745 2649 2090 2709 nuncupatas.

498 2705 792 2763 Porcorum
845 2726 974 2766 vero
1003 2711 1277 2772 haereticis
1316 2729 1398 2774 est
1428 2737 1662 2780 nomen:
1697 2729 1820 2798 quia
1849 2736 2096 2801 quamvis

495 2802 709 2870 ungulae
735 2801 910 2859 biﬁda:
940 2805 1078 2873 sint,
1102 2821 1377 2881 acceptam
1406 2823 1586 2874 tamen
1616 2820 1708 2876 Dei
1735 2825 2095 2896 cognitionem

493 2904 601 2945 non
627 2893 950 2950 ruminando
965 2896 1280 2967 disponunt.
1303 2903 1444 2976 Ergo
1465 2917 1520 2962 et
1549 2909 1619 2980 (c)
1645 2893 2095 2984 concorporatio-

496 2997 620 3038 nem
654 2982 812 3040 Verbi
844 2986 960 3054 Dei,
1001 2998 1054 3045 et
1078 2994 1346 3062 passionis
1379 3002 1715 3070 mysterium,
1766 3016 1820 3061 et
1843 2982 2092 3068 virtutem

493 3077 907 3133 resurrectionis
963 3095 1068 3136 non
1103 3087 1406 3152 promiscue
1434 3100 1664 3150 tractare
1693 3113 1791 3153 nos
1815 3106 2089 3172 convenit,
2120 3091 2166 3157 C

495 3168 1320 3246 nequeimperiteiucurioseque
1344 3182 1615 3249 proferre:
1640 3203 1709 3243 ne
1737 3191 2093 3261 ignorantiam

493 3265 737 3313 nostram
758 3300 774 3326 ,
803 3263 848 3316 si
893 3264 1141 3332 perfectas
1159 3269 1324 3342 697
1345 3275 1587 3332 scientiae
1615 3281 1758 3337 desit
1782 3285 2088 3359 instructio,

494 3355 776 3417 proteram
825 3363 987 3424 atque
1037 3361 1380 3429 conculcent,
1416 3372 1470 3420 et
1509 3367 1873 3430 inﬁrmitatem
1901 3379 1953 3433 in
1984 3355 2093 3437 Deo

494 3442 764 3513 passionis
788 3446 1086 3517 irrideant;
1110 3457 1467 3527 conversique
1491 3461 1540 3514 in
1565 3477 1684 3530 nos,
1705 3470 2090 3527 contradictio-

492 3552 622 3592 num
667 3541 873 3598 aculeis
912 3544 1236 3614 imperitiam
1281 3560 1524 3608 nostram
1553 3555 1822 3634 ﬁdemque
1851 3563 2115 3623 disrum--

491 3639 641 3697 pant.

561 3721 618 3775 2.
653 3714 920 3780 Orationis
940 3727 1016 3781 vis
1044 3740 1221 3784 contra
1257 3734 1588 3804 imperitiam.
1622 3740 1731 3798 Lea:
1760 3746 2089 3804 caritatis.—

490 3810 596 3867 Sed
625 3814 676 3868 in
710 3814 815 3881 bis,
842 3831 962 3885 qua:
989 3819 1379 3891 ignorabimus,
1405 3830 1488 3882 via
1511 3831 1666 3886 nobis
1691 3843 2085 3911 consequendte

489 3903 734 3958 veritatis
784 3906 1024 3975 aperitur
1057 3925 1255 3980 :quam
1303 3915 1551 3975 obtinere
1600 3923 1651 3976 in
1698 3926 1815 3981 sola
1865 3903 2084 3999 precum

488 4009 642 4050 mora
694 4004 798 4052 est.
831 3997 902 4054 Ut
939 3998 1102 4070 igitur
1125 4005 1427 4064 sentiamus
1457 4012 1850 4089 credamusque
1866 3997 2081 4093 omnia,

488 4093 544 4141 et
592 4088 742 4143 nullo
788 4091 1057 4162 ambiguae
1107 4096 1405 4156 voluntatis
1472 4088 1790 4164 differamur
1835 4088 2081 4185 incerto;

490 4179 752 4234 orandum
783 4190 887 4247 est,
917 4187 1267 4252 quaerendum
1297 4201 1399 4257 est,
1432 4196 1755 4264 pulsandum
1785 4215 1867 4259 est
1891 4179 2080 4278 (Ibid,

485 4267 541 4338 7)
569 4284 582 4323 :
610 4271 854 4327 oratione
899 4273 978 4345 (ά)
1014 4276 1460 4347 misericordiam,
1492 4287 1839 4359 inquisitione
1869 4267 2082 4366 profec:

485 4367 617 4424 tum,
644 4369 982 4419 tentamento
1029 4367 1574 4443 aditum-reperturi.
1629 4381 1768 4447 Quin
1819 4387 1982 4442 etiam
2011 4391 2079 4446 ad

483 4465 635 4520 spem
665 4454 968 4523 obtinendi,
1008 4461 1258 4529 exemplo
1289 4461 1506 4522 humani
1551 4470 1773 4528 allectus
1796 4475 2075 4536 docemur.
2108 4462 2160 4521 Ῑ)

480 4540 615 4597 Nam
639 4559 761 4599 cum
791 4561 891 4603 nos
920 4548 1042 4604 ﬁliis
1070 4549 1554 4626 piscem‘panemve
1577 4569 1947 4636 poscentibus,
1971 4589 2079 4630 non

479 4650 788 4708 serpentem
819 4642 990 4697 simus
1019 4652 1111 4699 aut
1137 4645 1369 4718 lapidem
1413 4653 1704 4722 reddituri;
1739 4671 1940 4730 quanto
1963 4682 2080 4722 ma-

479 4728 564 4798 gis
619 4729 779 4786 nobis
819 4735 1058 4801 optimus
1109 4752 1172 4792 ac
1219 4746 1697 4810 prtestantissimus
1741 4728 1896 4823 pater
1940 4759 2078 4816 Deus

477 4819 758 4875 orantibus
785 4823 1037 4893 perfectae
1088 4827 1211 4884 ﬁdei
1259 4848 1483 4890 munera
1540 4819 2014 4918 largietur(1bid.,
2044 4852 2078 4907 9

478 4917 528 4962 et
573 4915 744 4980 seq.);
793 4929 971 4987 neque
1021 4919 1093 4974 sit
1141 4937 1239 4991 pro
1263 4926 1386 4981 vitae
1444 4930 1567 4986 cibo
1596 4915 2074 5004 lapidem‘duritite

475 5089 647 5183 Deum
675 5107 781 5183 non
807 5095 1002 5183 credit,
1035 5111 1226 5183 peccat
1249 5101 1300 5155 in
1327 5101 1588 5183 _Spiritum
1617 5123 1889 5183 sanctum,
1915 5118 1964 5173 id
1992 5130 2076 5176 est

480 5161 544 5248 in.
564 5162 763 5248 Christi
799 5161 1172 5248 divinitatem,
1201 5174 1342 5248 quod
1372 5161 2075 5248 'peca’iuiﬁ'iiiiiié"ii‘ini€3

484 5231 656 5288 litatis
686 5245 769 5288 est
798 5235 851 5289 in
906 5238 1063 5291 oculo
1117 5231 1330 5298 mentis.

544 5305 626 5400 (α)
654 5305 1116 5400 .Editin‘o‘tnissis
1133 5313 1315 5400 verbis
1345 5316 1666 5386 inﬁdelitatis
1696 5326 1869 5400 trabe,
1898 5330 2070 5400 subji-

470 5373 624 5427 ciunt
647 5376 699 5429 in
722 5377 872 5470 oculo
903 5384 1116 5470 ultroque
1144 5396 1156 5431 :
1191 5373 1565 5470 restaur'anlur
1598 5373 1665 5448 ei
1691 5373 2076 5470 ⁷ἱιῖ

473 5458 592 5522 rum
624 5447 899 5501 nonnullis
921 5446 1076 5500 deest
1103 5463 1211 5503 vox
1240 5454 1581 5522 inﬁdelitatis.

549 5521 1166 5621 Stt.!.':s§.°}1%i5.~,2:':t.
1191 5531 1382 5621 sint
1421 5537 1641 5621 μεμιιε..
1664 5543 1717 5600 in
1938 5552 2078 5621 quod

478 5589 744 5684 Svel'guo)
759 5605 924 5684 egeat.
951 5589 1065 5650 Hoc
1087 5605 1172 5651 est
1195 5589 1335 5668 quod
1366 5589 2080 5684 solidis}:iéiini,'?z}'n:ZEE

466 5659 606 5723 qvod
623 5659 735 5720 non'
753 5659 923 5720 habet.

2211 437 2411 492 veneni
2442 437 2678 496 haeretici
2723 442 3117 511 praesniturus?
3157 443 3566 500 Consummavit
3607 446 3805 506 deinde

2209 531 2387 584 omnia
2419 531 2678 588 bonitatis
2718 538 2990 607 exemplo,
3039 537 3323 593 universos
3380 541 3583 596 amoris
3633 541 3804 597 mutui

2210 636 2341 690 pace
2387 623 2720 695 conjungens
2746 644 2759 680 :
2789 626 2842 681 in
2873 643 2938 682 eo
2986 629 3118 696 legis
3145 638 3201 684 et
3240 629 3622 700 prophetarum
3653 649 3806 688 man-

2207 711 2330 767 data
2373 716 2729 782 constituens,
2763 727 2822 773 ut
2865 719 3246 776 universorum
3289 723 3342 777 in
3374 737 3475 778 nos
3500 717 3804 782 bonitatetn

2207 813 2476 874 optantes,
2498 808 2600 877 ipsi
2620 797 2867 866 omnibus
2887 811 3014 867 boni
3034 813 3222 867 simus.

2217 950 2222 955 ,
2277 896 2330 950 3.
2378 895 2471 950 Via
2495 899 2609 952 steti
2629 902 2851 971 apaucis
2881 903 3020 968 trita,
3045 914 3090 956 et
3117 920 3145 957 e
3165 914 3366 959 contra.
3383 935 3454 950 —
3474 903 3674 962 Intrate
3708 925 3807 980 per

2207 998 2473 1058 angustam
2494 1000 2713 1060 portam.
2743 992 2912 1060 Quam
2943 996 3047 1048 lata
3064 1005 3110 1050 et
3139 997 3367 1067 spatiosa
3395 1000 3496 1064 via,
3523 1015 3638 1068 qua:
3657 1001 3806 1057 ducit

2205 1081 2275 1134 ad
2313 1082 2688 1150 perditionem!
2714 1084 2955 1140 Arduum
2989 1087 3042 1142 in
3075 1088 3273 1144 caelum
3300 1089 3405 1146 iter
3431 1091 3666 1146 hominis
3690 1102 3802 1159 est,

2205 1181 2260 1228 et
2298 1173 2476 1230 aditus
2514 1181 2773 1246 angustus
2815 1193 2879 1233 ac
2930 1181 3105 1235 tenuis
3137 1198 3150 1234 :
3179 1191 3435 1238 caeterum
3485 1185 3803 1252 perditionis

2205 1263 2288 1318 via
2317 1263 2423 1318 lata
2462 1275 2564 1321 est.
2600 1267 2748 1322 Islanc
2778 1269 2960 1338 plures
2984 1271 3254 1338 obtinent,
3283 1272 3429 1327 illam
3462 1290 3621 1344 porro
3645 1276 3802 1345 pauci

2205 1352 2509 1409 inveniunt.
2569 1356 2760 1412 Paucis
2807 1360 2950 1414 enim
2980 1361 3175 1416 damna
3229 1377 3410 1418 rerum
3455 1367 3803 1434 prmsentium

2204 1457 2330 1499 cara
2343 1452 2468 1500 sunt
2487 1462 2507 1501 :
2528 1446 2726 1517 quibus
2747 1450 3071 1519 cupiditates
3095 1462 3150 1508 et
3169 1454 3335 1508 animi
3356 1455 3572 1511 vincere
3597 1465 3654 1512 et
3680 1473 3806 1513 cor-

2203 1536 2351 1608 poris
2377 1536 2648 1610 frangere,
2680 1549 2734 1596 et
2759 1543 3001 1612 exposita
3036 1545 3161 1599 totis
3185 1546 3372 1600 saeculi
3387 1547 3593 1603 viribus
3617 1548 3804 1605 illece-

2204 1626 2422 1682 brarum
2455 1630 2694 1686 omnium
2726 1631 2992 1688 lenocinia
3037 1637 3335 1704 praeterire,
3367 1639 3661 1693 maximum
3688 1654 3805 1696 cae-

2211 1717 2361 1774 lestis
2383 1722 2498 1791 spei
2532 1722 2738 1778 lucrum
2779 1733 2884 1781 est.
2922 1725 3035 1782 Illis
3063 1737 3239 1784 autem
3271 1729 3467 1800 quibus
3496 1732 3669 1786 solum
3703 1732 3807 1788 bo-

2208 1825 2336 1864 num
2391 1821 2475 1867 est
2514 1817 2762 1882 scortari,
2801 1821 3121 1886 comessari,
3164 1821 3390 1888 ambire,
3444 1823 3799 1893 insolescere,

2207 1900 2478 1972 fastidire,
2509 1905 2708 1974 odisse,
2735 1908 2996 1981 diripere,
3015 1911 3276 1982 plurimus
3291 1924 3376 1971 est
3400 1915 3804 1988 frequentatum

2205 1995 2310 2051 iter
2341 1999 2446 2053 tale
2485 2001 2792 2059 comitatus.

2276 2085 2330 2142 ι.
2365 2087 2464 2143 Dei
2485 2106 2658 2146 servus
2688 2110 2791 2149 non
2814 2095 2996 2163 verbis,
3031 2098 3121 2152 sed
3147 2099 3295 2169 factis
3321 2099 3810 2172 dignoscitur.—Et

2205 2182 2329 2250 quia
2360 2197 2652 2252 paucorum
2678 2197 2824 2243 esset
2865 2189 3002 2245 viam
3045 2201 3325 2262 angustam
3369 2192 3632 2259 invenire,
3658 2195 3806 2251 frau-

2204 2272 2504 2330 dulentiam
2535 2292 2722 2333 eorum
2763 2281 2851 2350 qui
2902 2296 3021 2336 eam
3063 2298 3124 2339 se
3170 2300 3413 2354 quaerere
3438 2287 3805 2344 mentirentur

2202 2372 2447 2439 exponit,
2475 2371 2696 2429 dicens:
2727 2373 2987 2432 Attendite
3024 2394 3055 2431 a
3083 2382 3564 2453 pseudOprophetis,
3591 2385 3678 2454 qui
3709 2401 3802 2438 ve-

2201 2463 2346 2517 niunt
2389 2464 2457 2520 ad
2501 2481 2588 2521 vos
2629 2468 2686 2521 in
2719 2471 3023 2528 vestimentis
3078 2475 3267 2538 ovium,
3297 2487 3403 2530 etc.
3445 2475 3634 2546 (Ibid.,
3681 2479 3798 2549 15).

2202 2555 2577 2614 Blandimenta
2607 2562 2893 2618 verborum
2941 2573 2995 2620 et
3039 2570 3469 2626 mansuetudinis
3495 2572 3797 2630 simulatio-

2200 2665 2324 2707 nem
2356 2651 2611 2709 admonet
2644 2655 2826 2712 fructu
2866 2661 3199 2729 operationis
3241 2665 3470 2734 expendi
3498 2675 3794 2735 Oportere:

2198 2752 2259 2797 ut
2287 2757 2396 2798 non
2424 2746 2636 2814 qualem
2673 2749 2796 2818 quis
2834 2765 2894 2805 se
2928 2752 3106 2808 verbis
3131 2755 3352 2824 referat,
3375 2757 3470 2812 sed
3494 2759 3706 2827 qualem
3729 2776 3795 2817 se

2197 2836 2361 2892 rebus
2411 2838 2610 2894 efﬁciat
2662 2852 3012 2912 spectemus;
3067 2848 3190 2916 quia
3259 2849 3313 2904 in
3366 2851 3553 2906 multis
3593 2855 3795 2909 vestitu

2197 2930 2376 2984 ovium
2405 2932 2584 2988 rabies
2609 2935 2789 3005 lupina
2821 2940 3146 3010 contegitur.
3175 2941 3337 3014 Ergo,
3358 2952 3418 2999 ut
3444 2945 3614 3016 spina:
3633 2963 3793 3016 uvas,

2202 3031 2260 3076 ut
2288 3023 2472 3079 tribuli
2520 3024 2654 3081 ﬁcus
2695 3043 2802 3082 non
2853 3040 3137 3100 generant,
3170 3042 3226 3090 et
3255 3044 3313 3089 ut
3340 3036 3538 3108 iniquae
3568 3038 3795 3095 arbores

2200 3116 2347 3170 utilia
2391 3131 2550 3186 poma
2583 3135 2689 3175 non
2719 3121 2950 3178 aﬁerunt
3000 3124 3188 3195 (Ibid.,
3221 3129 3346 3200 46):
3379 3130 3455 3186 ita
3483 3147 3553 3188 ne
3582 3133 3634 3188 in
3673 3133 3794 3191 istis

2195 3209 2410 3280 quidem
2456 3214 2756 3272 consistere
2803 3217 2964 3274 docet
3015 3222 3142 3277 boni
3184 3226 3367 3293 operis
3415 3227 3705 3294 eﬁ‘ectum;
3736 3239 3798 3286 et

2195 3302 2398 3357 idcirco
2433 3320 2622 3362 omnes
2675 3311 3082 3378 cognoscendus
3103 3329 3226 3371 esse
3254 3315 3323 3372 de
3370 3316 3654 3375 fructibus.
3688 3321 3822 3378 Re-‘

2191 3409 2356 3464 gnum
2383 3399 2529 3453 enim
2557 3402 2821 3456 caelorum
2861 3405 2974 3458 sola
3001 3407 3283 3462 verborum
3307 3409 3485 3466 officia
3527 3428 3637 3468 non
3658 3414 3799 3470 obti-

2193 3495 2356 3541 nent:
2377 3504 2550 3558 neque
2578 3493 2671 3560 qui
2697 3491 2926 3548 dixerit:
2953 3494 3187 3564 Domine,
3216 3499 3383 3572 698
3411 3500 3652 3571 Domine,
3680 3504 3797 3560 hae-

2188 3593 2277 3632 res
2310 3578 2449 3633 illius
2476 3580 2578 3634 erit
2605 3579 2740 3653 (1b.,
2760 3583 2874 3653 21).
2899 3585 3043 3660 Quid
3071 3589 3214 3643 enim
3256 3594 3432 3647 meriti
3454 3603 3540 3649 est
3563 3596 3794 3653 Domino

2190 3667 2372 3726 dicere
2399 3668 2638 3742 Domine,
2665 3671 2922 3730 Domine?
2951 3677 3220 3749 Numquid
3245 3683 3502 3739 Dominus
3521 3701 3630 3742 non
3661 3690 3792 3757 erit,

2191 3760 2294 3815 nisi
2325 3761 2484 3818 fuerit
2513 3764 2687 3820 dictus
2717 3781 2745 3820 a
2771 3769 2960 3824 nobis?
2997 3770 3064 3824 Et
3094 3787 3214 3842 qua:
3234 3773 3394 3831 ofﬁcii
3417 3781 3679 3835 sanctitas
3705 3792 3794 3838 est

2190 3852 2424 3906 nominis
2459 3857 2788 3926 nuncupatio
2817 3875 2832 3924 ;
2861 3875 2983 3914 cum
3033 3863 3271 3919 cmleStis
3319 3869 3470 3936 regni
3523 3870 3628 3926 iter
3651 3871 3788 3928 obe-

2188 3942 2387 3998 dientia
2417 3947 2594 4016 potius
2639 3949 2959 4017 voluntatis,
2988 3952 3060 4026 (e)
3084 3970 3188 4010 non
3221 3956 3314 4013 Dei
3346 3961 3677 4032 nuncupatio
3703 3979 3794 4020 re-

2189 4045 2404 4104 pertura
2427 4039 2496 4091 sit
2517 4039 2541 4091 'i

2259 4126 2312 4180 5.
2333 4125 2526 4181 Caelum
2547 4145 2650 4183 non
2671 4131 2986 4208 mirabilibus
2999 4135 3090 4191 sed
3108 4136 3252 4192 bonis
3273 4140 3510 4209 operibus
3532 4143 3788 4202 redditur.

2186 4217 2417 4274 —Multi
2437 4223 2561 4276 mihi
2580 4223 2748 4280 dicent
2776 4228 2830 4280 in
2863 4228 2957 4282 illa
2984 4231 3086 4297 die,
3109 4230 3331 4288 Domine
3357 4235 3594 4305 Domine,
3618 4258 3793 4298 nonne

2185 4308 2237 4362 in
2255 4320 2343 4364 tuo
2360 4312 2561 4367 nomine
2585 4317 2996 4386 prophetat-imus
3008 4322 3034 4375 ?
3048 4332 3101 4376 et
3123 4324 3326 4395 reliqua
3347 4326 3397 4399 (1
3405 4329 3453 4381 b.
3468 4330 3583 4400 22).
3607 4331 3788 4391 Etiam

2187 4417 2330 4457 nunc
2371 4404 2958 4477 pseudoprophetarum
2991 4411 3405 4472 fraudulentiam
3433 4428 3488 4474 et
3531 4419 3788 4492 hypocri-

2191 4502 2364 4549 tarmn
2413 4498 2788 4556 simulamenta
2816 4504 3162 4573 condemnat,
3195 4510 3283 4577 qui
3327 4512 3550 4581 gloriam
3583 4515 3684 4570 sibi
3717 4533 3789 4574 ex

2186 4588 2336 4644 verbi
2379 4591 2577 4647 virtute
2633 4605 2985 4662 prtesumunt,
3020 4599 3070 4653 in
3101 4600 3362 4658 doctrinae
3391 4607 3698 4676 prophetia,
3730 4621 3788 4683 et

2186 4678 2576 4736 daemoniorum
2614 4682 2759 4755 fuga,
2779 4693 2834 4740 et
2863 4687 3164 4744 istiusmodi
3192 4705 3418 4762 Operum
3449 4682 3785 4756 virtutibus:

2183 4781 2347 4842 atque
2378 4772 2501 4828 hinc
2540 4775 2640 4829 sibi
2696 4791 2916 4847 regnum
2946 4781 3204 4836 ctelorum
3237 4785 3582 4854 pollicentur.
3613 4790 3782 4858 Quasi

2181 4875 2312 4916 vero
2337 4877 2525 4918 eorum
2554 4864 2756 4934 aliquid
2791 4869 3064 4938 pr0prium
3112 4871 3202 4937 sit,
3231 4890 3351 4944 qua:
3376 4879 3666 4945 loquuntur
3685 4893 3788 4938 aut.

2179 4950 2405 5020 faciunt,
2439 4963 2495 5009 et
2524 4969 2629 5010 non
2660 4958 2840 5013 omnia
2881 4964 3051 5017 virtus
3097 4963 3188 5019 Dei
3218 4964 3464 5022 invocata
3493 4972 3778 5041 perﬁciat:

2255 5124 2327 5214 (ς)
2375 5127 2738 5214 Bad.,Er.Jet
2780 5135 2928 5214 Lips.
2971 5140 3455 5214 incorporationem.
3485 5150 3592 5207 Alii
3643 5169 3780 5212 vero

2181 5194 2860 5296 1ἱδὲὶἐοηξοιὲροςαιξρίιιετζι..’
2875 5194 3294 5296 Corporatrionem
3306 5194 3544 5296 prologo
3558 5194 3612 5279 in

2181 5273 2465 5343 τηεβες-5,
2497 5273 2531 5326 6
2559 5283 2614 5328 et
2633 5276 2758 5330 alibi
2789 5273 3129 5338 dicere'solet
3153 5273 3404 5343 Hilarius.

2255 5337 2336 5410 (ά)
2363 5341 2462 5436 Ms.
2507 5343 2663 5436 filum.
2716 5337 3450 5436 misericordia,inquisitione
3480 5370 3781 5436 perfectum

2181 5417 2477 5494 testamento
2497 5413 2694 5494 aditum
2724 5424 2977 5500 reperturi
3006 5440 3026 5488 ;
3051 5413 3310 5500 falsa'veri
3344 5413 3779 5500 specierl'i'c'e't'

2179 5486 2393 5578 caneris
2404 5487 2616 5578 “etiam!
2627 5486 2827 5578 cnstejt
2843 5486 3194 5578 misericordia
3215 5539 3232 5564 ,
3264 5486 3608 5570 inquisitione,
3621 5486 3779 5578 ’ᾖὲξέ

2180 5553 2336 5617 fectu,
2367 5567 2431 5607 ac
2459 5554 2652 5612 deinde
2681 5557 2731 5610 in
2763 5559 2970 5616 duobus
2999 5553 3317 5624 testamento.

2181 5687 2188 5701 ι
2354 5629 2737 5724 Εμὶιίὴᾳιξαφ
2777 5637 2879 5724 Dei
2908 5657 2926 5693 :
2957 5644 3346 5724 reluctantibus
3375 5666 3507 5724 mss.
3533 5651 3775 5724 Rursum

2179 5699 2442 5766 particula
2471 5699 2640 5772 potius
2671 5709 2791 5763 cum
2822 5722 2923 5765 non
2950 5699 3698 5792 iungiturfinire—3351.55
