4172 6188
367 255 474 312 955

1282 256 1824 314 COMMENTARIUS
1854 257 1917 313 IN
1970 257 2403 318 MATTHA‘IUM.
2447 260 2600 319 CAP.
2645 262 2756 318 VII.

3548 268 3650 326 954

361 390 485 434 cum
497 373 759 430 doctrina:
773 372 1052 429 scientiam
1068 373 1228 430 lectio
1245 375 1455 444 atterat,
1478 377 1555 450 (α)
1570 376 1959 434 daemoniorum
1986 380 2041 441 Α
2065 380 2280 438 efﬁcere
2307 398 2424 454 qua:
2461 382 2643 454 jussit,
2685 393 2740 439 et
2772 384 2996 440 credere
3022 399 3144 454 quae
3173 382 3482 455 sp0pondit.
3510 381 3653 444 Con-,-

362 469 543 542 fugam
597 468 794 524 Christi
852 483 1049 524 nomen
1103 469 1356 541 exagitet.
1391 471 1467 526 De
1493 481 1680 527 nostro
1703 472 1862 542 igitur
1880 480 1964 528 est

363 563 519 618 beata
549 562 638 616 illa
669 561 945 616 aeternitas
973 565 1327 632 promerenda
1353 565 1856 635 :praastandnmque
1879 575 1962 622 est

363 655 562 724 aliquid
590 670 655 709 ex
705 655 954 724 proprio,
1003 665 1059 709 ut
1100 655 1298 711 bonum
1341 657 1416 731 (b)
1446 659 1708 724 velimus,
1760 659 1958 715 malum

362 760 524 802 omne
543 747 799 809 vitemus.
830 754 1050 816 totoque
1090 745 1282 802 affectu
1323 749 1606 818 praeceptis
1646 749 1960 805 ctelestibus

361 840 840 908 obtemperemus:
869 853 934 892 ac
960 838 1158 893 talibus
1179 838 1375 895 ofﬁciis
1403 841 1601 911 cogniti
1629 842 1738 897 Deo
1766 844 1956 910 simus,

360 946 692 1003 agemusque
724 931 906 1001 potius
943 931 1088 1001 quod
1133 932 1267 1000 vult,
1291 948 1451 1003 quam
1481 932 1559 1006 (ε)
1587 935 1730 1005 quod
1783 945 1960 1006 petest

360 1025 655 1096 gloriemur
684 1041 698 1077 :
732 1023 1022 1094 repudians
1067 1039 1162 1079 eos
1208 1039 1272 1080 ac
1310 1027 1607 1096 repellens,
1641 1041 1775 1099 quos
1808 1043 1838 1083 a
1866 1043 1958 1084 co-

361 1118 605 1186 gnitione
631 1129 726 1170 sua
759 1131 921 1185 opera
954 1116 1250 1183 iniquitatis
1277 1118 1592 1173 averterint.

433 1208 484 1262 6.
525 1207 879 1262 Tentationum
908 1207 1490 1278 progressus.——0mnis
1515 1226 1635 1283 ergo
1677 1211 1765 1281 qui
1811 1211 1956 1264 audit

360 1299 512 1355 verba
535 1316 664 1364 mea,
695 1309 744 1354 et
788 1300 937 1370 facit,
990 1301 1207 1354 similent
1237 1317 1352 1355 eum
1399 1302 1658 1356 (estimabo
1707 1303 1814 1356 viro
1866 1318 1954 1356 sae

357 1393 540 1465 pienti,
564 1394 650 1464 qui
674 1394 949 1462 aedificavit
1003 1395 1210 1448 domum
1264 1412 1409 1449 suam
1456 1413 1609 1466 super
1653 1406 1869 1466 petram,
1901 1405 1955 1452 et

357 1486 565 1554 reliqua
615 1483 800 1554 (Ibid.,
853 1484 968 1556 24).
1012 1485 1213 1542 Sensus
1267 1495 1352 1542 est
1419 1489 1790 1558 superioribus
1828 1489 1955 1559 jun-

356 1583 497 1631 ctus.
528 1575 607 1646 (ά)
633 1574 941 1645 Objurgans
964 1577 1106 1632 enim
1131 1576 1726 1648 pseudoprophetarum
1745 1580 1954 1649 jactan-

356 1670 484 1725 tiam
507 1680 562 1724 et
602 1670 1005 1742 hypocritarum
1039 1672 1318 1743 ﬁgmenta,
1370 1689 1466 1743 per
1527 1677 1952 1746 comparationis

2063 477 2346 530 summatis
2390 476 2553 546 igitur
2586 476 2860 544 omnibus,
2893 477 3063 532 turba.-
3088 475 3419 531 mirabantur
3447 475 3651 532 doctri-

2063 583 2186 621 nam
2211 568 2366 638 ejus,
2421 586 2527 639 qua
2579 586 2637 626 se
2678 586 2785 625 non
2817 569 3128 626 Scribarum
3175 580 3228 624 et
3256 569 3650 625 Pharisaeorum

2062 674 2214 714 more
2243 660 2518 717 docuisset
2554 661 2744 735 (Ibid.,
2772 663 2842 717 28
2885 673 2931 717 et
2959 663 3075 733 29).
3107 663 3161 717 In
3192 663 3482 720 verborum
3505 664 3651 722 enim

2062 752 2347 808 virtutibus
2376 752 2599 810 ell’ecms
2630 764 2958 826 potestatum
2987 755 3368 812 metiebantur.

2669 889 2898 948 CAPUT
2936 891 3051 948 VII.

2060 1008 2140 1065 De
2169 1011 2369 1081 leproso
2407 1027 2557 1081 quem
2587 1013 2803 1079 curavit,
2838 1015 2901 1068 de
2927 1029 3085 1087 puero
3115 1013 3307 1069 tribuni
3339 1015 3648 1087 paralytico,

2201 1103 2266 1157 de
2290 1119 2439 1158 socru
2469 1102 2639 1170 Petri,
2673 1105 2734 1160 de
2778 1106 3012 1175 plurimis
3041 1117 3088 1161 et
3118 1107 3328 1162 diversis
3351 1108 3506 1161 curis.

2134 1216 2183 1270 1.
2219 1216 2412 1272 Sensus
2466 1218 2772 1289 allegoricus
2823 1222 2896 1274 nit
2941 1222 3163 1275 detrahit
3209 1222 3389 1277 litterw
3431 1223 3650 1278 veritati.

2056 1308 2168 1364 Lex
2177 1310 2290 1380 jam
2313 1311 2605 1365 inutilis.—
2621 1311 2687 1365 Et
2709 1311 3040 1368 descendente
3079 1330 3136 1368 eo
3163 1314 3226 1368 de
3255 1323 3444 1381 monte,
3467 1325 3654 1370 secutae

2056 1409 2176 1457 sunt
2210 1417 2324 1454 eum
2367 1401 2524 1455 turba:
2565 1403 2758 1456 multis.
2807 1402 2875 1456 Et
2917 1420 3030 1457 ecce
3077 1404 3308 1474 leprosus
3337 1406 3545 1475 quidam
3571 1422 3655 1462 ue-

2057 1493 2201 1547 niens
2243 1493 2489 1548 adorabat
2527 1510 2640 1547 eum
2675 1495 2878 1561 dicens,
2921 1495 3158 1563 Domine,
3191 1498 3234 1551 si
3276 1499 3370 1563 vis,
3408 1509 3547 1569 potes
3576 1514 3654 1553 me

2055 1587 2327 1652 mundare,
2352 1596 2408 1642 et
2454 1586 2657 1658 reliqua
2690 1585 2904 1659 (Matth.
2929 1605 3042 1654 Vllt,
3086 1591 3109 1643 1
3144 1600 3192 1644 et
3242 1591 3322 1661 2).
3350 1590 3408 1646 In
3431 1593 3652 1648 exordio

2055 1679 2324 1733 sermonis
2355 1679 2428 1753 (j)
2454 1679 2854 1747 admonuimus,
2896 1698 2963 1737 ne
2990 1684 3112 1752 quis
3143 1682 3282 1740 forte
3310 1685 3652 1742 existimaret

355 1763 660 1834 exemplum
704 1763 958 1833 perfecta:
989 1765 1043 1818 in
1095 1780 1155 1830 se
1201 1763 1327 1820 fidei
1380 1765 1652 1821 hominem
1705 1767 1949 1837 exponit,
1981 1772 2028 1833 B
2056 1771 2255 1842 aliquid
2315 1787 2493 1826 rerum
2522 1781 2798 1842 gestarum
2840 1773 2964 1828 fidei
3011 1774 3423 1840 detrahendum,
3471 1780 3515 1832 si
3565 1792 3652 1833 res

353 1856 495 1926 quod
529 1857 595 1922 is,
621 1857 714 1928 qui
746 1859 908 1913 verba
949 1873 1042 1913 sua
1085 1867 1139 1914 et
1167 1859 1350 1914 audiat
1374 1868 1431 1914 et
1458 1859 1640 1925 faciat,
1671 1876 1834 1931 super
1855 1877 1950 1931 pe-

355 1955 492 2002 tram
521 1949 593 2002 sit
622 1947 940 2014 aediﬁcatus,
969 1958 1026 2004 et
1070 1948 1426 2006 fundamento
1477 1951 1656 2007 stabili
1688 1953 1952 2024 ﬁrmoque

353 2043 642 2105 consistat,
672 2041 746 2114 (e)
795 2057 1027 2112 eumque
1055 2043 1406 2098 incidentium
1445 2053 1821 2115 tempestatum
1853 2047 1954 2101 im-

357 2140 484 2201 petu
531 2148 639 2187 non
700 2147 861 2203 posse
909 2133 1172 2200 dissolvi;
1224 2135 1280 2190 in
1339 2147 1492 2206 petra
1537 2152 1596 2192 se
1627 2139 1800 2209 ipsum
1851 2138 1954 2194 Do-

357 2226 536 2280 minus
582 2225 892 2296 significans
923 2269 937 2294 ,
971 2227 1206 2283 validum
1261 2229 1479 2285 aediﬁcii
1527 2231 1950 2287 fundamentum.

360 2315 430 2388 (Ῑ)
457 2314 590 2372 Cum
619 2329 797 2374 autem
822 2319 912 2389 qui
944 2336 1011 2374 ex
1047 2336 1106 2375 se
1133 2321 1185 2376 in
1209 2322 1439 2378 sublime
1469 2338 1605 2392 opus
1628 2324 1951 2388 exerevcrit,

357 2411 562 2464 moveri
611 2426 717 2465 non
769 2413 940 2479 possit
982 2413 1069 2468 vel
1121 2414 1334 2483 pluviis,
1379 2415 1464 2470 vel
1507 2414 1836 2478 ﬂuminibus,
1870 2415 1954 2470 vel

357 2511 518 2555 vento
543 2517 558 2568 ;
581 2502 635 2556 in
667 2503 882 2570 pluviis,
923 2503 1241 2559 blandarum
1275 2515 1329 2560 et
1367 2507 1569 2562 sensim
1620 2507 1953 2562 illabentium

358 2596 696 2666 voluptatum
727 2597 1009 2653 illecebras
1039 2599 1327 2669 signiﬁcat,
1361 2599 1554 2670 quibus
1611 2600 1840 2669 primum
1895 2600 1956 2655 [i-

366 2687 466 2743 des
501 2689 657 2743 rimis
682 2689 988 2758 patentibus
1019 2689 1391 2746 immadescit:
1423 2701 1542 2760 post
1566 2707 1700 2761 quas
1746 2703 1958 2746 torren-

361 2782 493 2836 tium
527 2797 835 2853 procursus,
862 2783 913 2838 id
959 2792 1062 2849 est,
1103 2785 1414 2854 graviorum
1458 2785 1806 2856 cupiditatum
1840 2799 1956 2859 mo-

361 2883 448 2931 tus
481 2876 739 2931 incurrit:
769 2885 932 2946 atque
980 2876 1175 2932 exinde
1233 2886 1341 2932 tota
1395 2887 1675 2933 ventorum
1720 2880 1802 2932 vis
1851 2879 1961 2934 cir-

359 2966 730 3022 cumﬁantium
761 2968 840 3041 (g)
863 2968 1112 3034 desaevit,
1138 2969 1419 3025 universus
1446 2971 1650 3026 scilicet
1677 2971 1958 3026 diabolicae

363 3061 644 3130 potestatis
691 3061 914 3131 Spiritus
951 3061 1197 3117 infertur.
1228 3061 1333 3119 Sed
1393 3061 1745 3120 fundamento
1792 3076 1957 3135 petra:

2057 1866 2202 1936 ipsas
2227 1864 2500 1933 profectus
2527 1881 2708 1921 rerum
2736 1869 3181 1936 consequentium
3203 1869 3484 1924 continere
3513 1870 3566 1924 in
3593 1885 3653 1926 se

2056 1957 2395 2012 duceremus.
2420 1955 2563 2011 Nihil
2595 1959 2741 2012 enim
2775 1957 2992 2013 veritati
3018 1957 3276 2025 detrahit,
3297 1960 3653 2016 imitationem

2056 2049 2256 2104 veritas
2299 2060 2610 2104 consecuta.
2658 2049 2798 2104 Toto
2851 2051 3010 2120 igitur
3065 2052 3348 2120 superiore
3399 2066 3654 2107 sermone

2060 2141 2317 2196 Dominus
2362 2140 2484 2196 ﬁdei
2537 2149 2805 2211 praecepta
2833 2141 3146 2205 tradiderat,
3190 2141 3367 2211 legem
3393 2155 3644 2198 excesse-

2058 2239 2162 2299 rat,
2187 2232 2296 2302 jam
2338 2232 2576 2287 inutilem
2608 2242 2770 2303 atque
2799 2232 3131 2287 inefﬁcacem
3149 2232 3462 2288 excedendo
3487 2231 3654 2303 signi-

2059 2325 2245 2379 ficans.
2317 2323 2689 2380 Mandatorum
2734 2325 3135 2380 observantiam
3182 2333 3478 2395 exegerat,
3527 2334 3654 2382 ante

2061 2417 2448 2486 promissorum
2481 2431 2697 2471 suorum
2730 2431 2881 2486 spem
2915 2416 3227 2471 ﬁdissimam
3253 2417 3648 2486 imperaverat:

2058 2509 2201 2580 quod
2252 2509 2414 2580 igitur
2462 2519 2582 2581 post
2630 2509 2747 2565 hmc
2787 2510 3020 2581 primum
3077 2510 3344 2581 gesserit,
3387 2518 3652 2567 contuen-

2061 2602 2186 2657 dum
2213 2613 2316 2658 est.

2129 2694 2184 2747 2.
2208 2691 2358 2763 Legis
2384 2693 2658 2762 inﬁrmitas
2679 2709 2710 2747 a
2736 2691 2941 2748 Christo
2975 2693 3340 2764 suppletur.—
3367 2691 3536 2748 Adest
3578 2691 3655 2748 le-

2060 2802 2276 2859 prosus,
2327 2787 2609 2842 emundari
2663 2802 2721 2841 se
2771 2795 2945 2854 rogat,
2979 2796 3237 2857 purgatur
3281 2786 3428 2841 verbi
3473 2794 3653 2856 potes-

2062 2886 2171 2935 tate
2197 2878 2272 2950 (ft)
2298 2895 2416 2934 cum
2458 2888 2624 2946 tactu,
2652 2879 2868 2950 iubetur
2888 2879 3051 2934 silere
3083 2879 3269 2953 (lbid.,
3300 2880 3334 2934 5
3357 2888 3404 2933 et
3430 2876 3522 2949 4),
3553 2878 3650 2935 sed

2063 2981 2242 3027 tamen
2273 2972 2559 3028 ostendere
2602 2988 2662 3028 se
2713 2973 2981 3028 sacerdoti
3009 2982 3066 3028 et
3091 2988 3284 3026 munus
3312 2972 3454 3042 quod
3504 2972 3654 3044 Moyo

2062 3077 2151 3118 ses
2179 3063 2230 3117 in
2265 3064 2632 3118 testimonium
2661 3062 2774 3118 ﬁeri
2802 3066 3061 3135 przecepit
3083 3063 3302 3120 offerre.
3323 3064 3539 3119 Curatio
3560 3064 3656 3133 igi-

362 3152 525 3208 homo
577 3154 869 3209 :mliticatus
892 3155 1058 3228 699
1080 3156 1311 3224 insistet,
1345 3173 1444 3213 nec
1473 3161 1673 3214 moveri
1714 3160 1832 3215 loco
1859 3175 1958 3215 suo
1986 3158 2033 3222 C
2067 3163 2152 3209 tur
2187 3152 2248 3228 (ι)
2279 3156 2548 3211 audientis
2575 3167 2628 3210 et
2655 3156 2925 3212 credentis
2954 3156 3128 3211 turbae
3173 3166 3227 3211 et
3272 3171 3392 3211 cum
3425 3155 3656 3210 Domino

361 3246 578 3316 poterit.
594 3247 799 3302 Stultus
826 3263 952 3302 vero
977 3252 1093 3303 haec
1109 3249 1287 3304 audita
1303 3249 1669 3317 dissimulans,
1691 3261 1957 3322 tamquam

359 3352 526 3407 super
551 3353 766 3392 arenam
811 3353 947 3410 Opus
977 3340 1738 3412 aedificatiouis‘impenderit,
1768 3343 1962 3399 inﬁde-

360 3431 488 3485 liter
512 3441 638 3498 stat,
675 3431 785 3486 cito
823 3433 1018 3503 pluviis
1048 3434 1395 3489 illabentibus
1417 3435 1500 3506 (h)
1525 3436 1880 3503 subluendus,
1903 3447 1960 3494 et

361 3529 674 3586 ﬂuminibus
716 3531 1122 3601 propellendus,
1172 3543 1226 3587 et
1266 3535 1438 3592 ventis
1489 3532 1840 3600 diﬁ‘erendus,
1869 3549 1958 3590 se-

361 3623 596 3679 cundum
653 3633 897 3678 naturam
947 3640 1108 3695 super
1135 3640 1268 3694 quas
1309 3626 1607 3680 ardificatus
1655 3635 1738 3680 est
1767 3641 1959 3681 arena-

360 3730 507 3781 rum,
539 3729 661 3769 eum
691 3715 840 3786 gravi
870 3716 1043 3771 ruinae
1075 3731 1187 3773 sua:
1241 3725 1422 3786 strage
1454 3714 1956 3789 solvendus(1bid.,

361 3806 480 3877 εδ).

435 3900 488 3954 7.
535 3898 738 3969 Scopas
775 3900 1156 3971 prwdictorum.
1197 3929 1266 3940 -
1292 3900 1468 3970 Atque
1509 3900 1578 3954 ita
1619 3898 1958 3970 superiorum

362 3988 425 4061 (i)
453 3991 914 4060 comparatiouum
953 3990 1204 4061 exemplo
1253 3991 1512 4046 Dominus
1543 4005 1644 4046 nos
1693 3990 1881 4053 voluit,
1908 3996 1964 4045 et

460 4126 511 4186 α)
535 4126 624 4181 Sic
647 4139 775 4180 mss.
803 4125 873 4181 At
897 4125 1048 4191 editi,
1073 4125 1329 4178 daemonia
1357 4122 1570 4189 Christi,
1597 4132 1702 4178 etc.

460 4126 511 4186 α)
535 4126 624 4181 Sic
647 4139 775 4180 mss.
803 4125 873 4181 At
897 4125 1048 4191 editi,
1073 4125 1329 4178 daemonia
1357 4125 1570 4189 Christi,
1597 4132 1702 4178 etc.

436 4125 515 4268 ib)
543 4197 600 4252 In
637 4197 838 4266 aliquot
869 4212 996 4252 mss.
1042 4196 1301 4268 malimus.
1335 4195 1408 4248 Ita
1448 4205 1627 4268 autem
1654 4195 1766 4249 vult
1811 4193 1954 4268 liila-

363 4265 478 4322 rius
491 4265 566 4323 de
594 4265 781 4321 nostro
808 4267 1219 4335 promerendam
1255 4267 1661 4327 beatitudinem,
1684 4277 1740 4319 ut
1765 4265 1958 4320 salutis

364 4349 566 4392 nostra:
595 4353 729 4406 opus
759 4339 847 4392 Dei
876 4353 996 4393 esse
1026 4354 1130 4391 non
1155 4345 1328 4405 neget.
1369 4337 1430 4390 lit
1447 4346 1753 4403 competens,
1788 4336 1959 4405 inquit

365 4409 418 4462 in
448 4424 530 4478 ps.
559 4425 721 4473 chu,
755 4426 806 4461 n.
855 4409 923 4462 12
953 4427 964 4462 :
991 4407 1094 4462 Illa
1144 4410 1382 4478 humana:
1411 4408 1732 4460 verecundia:
1763 4412 1961 4474 profes-

361 4481 442 4532 sio
456 4477 549 4541 est,
583 4480 794 4548 utquod
819 4495 905 4548 per
932 4481 1182 4548 Spiritum
1229 4477 1326 4532 Dei
1353 4480 1402 4531 in
1427 4491 1615 4531 terram
1651 4488 1841 4530 rectam
1870 4478 1960 4531 de-

2062 3247 2130 3302 de
2163 3260 2350 3304 monte
2400 3251 2667 3305 venientis
2711 3251 2763 3304 in
2805 3249 3020 3320 leproso
3071 3250 3408 3306 ostenditur:
3438 3265 3557 3320 qua:
3578 3249 3659 3303 vi-

2063 3341 2198 3396 tiosa
2226 3341 2344 3398 labe
2371 3344 2620 3413 corporis
2643 3344 3030 3410 Contaminata,
3055 3343 3340 3414 auditaque
3366 3343 3517 3412 regni
3544 3357 3657 3399 ete-

2060 3434 2232 3489 lorum
2263 3435 2646 3506 praedicatione
2675 3439 2850 3490 curari
2903 3453 2963 3491 se
3009 3444 3193 3505 rogat;
3231 3435 3324 3506 (m)
3355 3450 3478 3490 cum
3511 3447 3656 3492 tactu

2059 3530 2305 3599 corporis
2350 3529 2626 3594 visitatur,
2657 3528 2820 3582 Verbi
2849 3528 3048 3582 virtute
3077 3539 3314 3593 curatur,
3335 3536 3391 3582 et
3429 3536 3485 3580 ut
3509 3527 3656 3581 salus

2061 3619 2176 3673 ilch
2203 3621 2367 3690 700
2394 3635 2499 3674 non
2545 3618 2830 3674 offerretur
2883 3620 3080 3688 potius,
3111 3633 3268 3688 quam
3299 3626 3652 3688 quaereretur,

2059 3711 2331 3766 silentium
2356 3711 2668 3779 imperatur,
2685 3718 2737 3765 et
2753 3709 3041 3765 ostendere
3055 3724 3114 3765 se
3125 3709 3492 3765 sacerdotibus
3503 3708 3656 3779 jube-

2063 3810 2186 3855 tur:
2216 3812 2270 3854 ut
2303 3803 2694 3871 pramuntiatus
2727 3803 2778 3856 iu
2819 3803 2938 3873 lege
2978 3801 3132 3856 iactis
3159 3810 3213 3856 et
3239 3801 3495 3872 operibus
3539 3815 3658 3856 cer-

2062 3904 2258 3959 natur;
2290 3906 2343 3950 et
2386 3897 2436 3950 in
2482 3912 2588 3966 quo
2630 3896 2715 3951 lex
2760 3895 3175 3960 inﬁrmabatur,
3212 3897 3262 3949 in
3291 3895 3375 3950 eo‘
3399 3895 3479 3968 (η)
3508 3894 3658 3950 verbi

2062 3988 2234 4044 virtus
2265 3987 2656 4058 intelligeretur
2683 4006 2696 4042 :
2725 3988 3004 4059 praemium
3018 4002 3232 4057 quoque
3253 3997 3482 4056 recepttn
3513 3986 3660 4042 salu-

2079 4192 2090 4202 .
2139 4121 2216 4202 (g)
2248 4121 2605 4188 Bad.,Er.ct
2657 4136 2847 4177 omnes
2897 4135 3064 4190 prope
3115 4136 3246 4178 mss.
3300 4121 3652 4179 άεεωυξαιηη,

2071 4205 2582 4334 vulgatis,
2632 4263 2973 4317 subruendus.
3011 4263 3202 4318 Verius
3246 4263 3298 4317 in
3344 4278 3476 4319 mss.
3533 4264 3657 4319 sub-

2065 4330 2300 4388 luendas.
2331 4330 2445 4387 Non
2469 4334 2609 4387 enim
2637 4334 2828 4387 domus
2855 4335 3046 4403 pluviis
3063 4335 3344 4398 evertitur,
3375 4335 3469 4389 sed
3500 4351 3656 4390 ever-

2064 4408 2202 4473 SiOIIi
2235 4413 2585 4473 praeparatur.
2623 4404 2711 4460 Sic
2736 4405 2828 4459 lib.
2863 4421 2899 4459 It
2927 4405 2992 4460 de
3021 4404 3171 4458 Trin.
3206 4422 3259 4457 tt.
3286 4404 3377 4470 22,
3407 4406 3658 4460 laudatur

2064 4471 2476 4533 fundamentum
2511 4492 2611 4528 non
2640 4477 3057 4530 inundationibus
3104 4475 3460 4529 subluendum.
3513 4478 3577 4532 Et
3603 4477 3656 4531 in

365 4536 627 4605 ducendus
650 4536 735 4617 sit,
756 4536 932 4604 id'non
955 4536 1120 4604 meriti
1147 4567 1252 4604 esse
1271 4551 1352 4602 sui
1372 4559 1601 4620 arroget.
1622 4548 1755 4620 Tum
1785 4567 1838 4601 u.
1867 4549 1952 4612 15,
1985 4536 2039 4596 D
2066 4563 2147 4620 ps.
2180 4564 2362 4616 vaut,
2390 4565 2444 4601 n.
2482 4547 2516 4601 5
2541 4563 2556 4601 :
2583 4546 2717 4600 Sunt
2746 4556 2792 4600 et
2825 4562 2970 4618 aqua:
3003 4563 3274 4601 arenosum
3307 4549 3512 4601 domum
3538 4545 3659 4601 sub-

366 4621 617 4691 mcrituni
642 4637 762 4674 cum
804 4623 971 4691 gloria
1023 4623 1111 4675 Dei
1160 4622 1413 4689 princ-lare
1434 4619 1689 4674 Conciliat
1718 4618 1800 4671 his
1831 4633 1968 4672 ver-'

365 4690 484 4746 bis:
533 4691 727 4745 Habuit
771 4690 973 4763 quidem
1003 4692 1098 4763 hoc
1114 4692 1319 4763 justitia
1348 4691 1666 4744 verecundia:
1710 4691 1958 4763 utquid-

365 4763 489 4832 quid
517 4763 652 4815 illud
686 4761 1128 4832 sibibeatitudinis
1158 4770 1346 4832 sperat,
1377 4763 1432 4814 id
1463 4777 1551 4822 pro
1582 4761 1961 4832 magniﬁcentia

367 4831 464 4886 Dei
494 4837 682 4904 potius,
712 4834 833 4902 quia
864 4831 973 4886 Deo
1004 4832 1150 4886 beata
1184 4829 1240 4884 'et
1280 4843 1471 4885 a’terna
1499 4840 1547 4904 et
1587 4829 1719 4904 bona
1745 4831 1962 4904 tribuere

365 4903 432 4954 sit
458 4902 693 4972 dignum,
721 4920 874 4968 quant
901 4920 992 4970 pro
1023 4905 1201 4956 merito
1233 4918 1328 4955 suo
1376 4903 1613 4972 postulet.
1659 4902 1764 4955 Sed
1794 4912 1963 4954 tamen

368 4970 647 5042 praeferens
669 4975 912 5028 honorem
938 4984 984 5027 et
1015 4970 1415 5026 misericordiam
1441 4970 1558 5036 Dei,
1587 4972 1812 5026 mereudi
1835 4987 1962 5042 quo-

364 5060 463 5112 que
490 5045 544 5096 id
567 5061 656 5109 per
686 5061 739 5098 se
767 5061 872 5097 non
899 5045 1114 5098 exclusit
1137 5042 1482 5112 uﬂiciutn,etc.

441 5115 518 5187 (ε)
553 5115 708 5182 Apud
741 5115 861 5187 Par.
885 5115 1022 5186 quod
1055 5119 1278 5185 prodest.
1313 5114 1530 5187 Rectius
1586 5113 1635 5166 in
1667 5115 1786 5187 aliis
1812 5113 1962 5187 libris

368 5184 508 5252 quod
559 5195 749 5254 potest,
781 5186 832 5238 id
879 5184 981 5248 est,
1013 5187 1080 5239 de
1126 5193 1387 5254 potestate
1441 5184 1533 5239 Dei
1563 5185 1729 5255 gratis
1760 5193 1814 5240 et
1840 5185 1964 5241 abs-

367 5272 474 5327 que
513 5258 624 5310 ullo
656 5256 850 5311 merito
878 5256 1102 5310 indulta.

463 5327 520 5396 d)
553 5327 608 5381 In
642 5328 890 5398 pluribus
905 5341 1036 5380 mss.
1064 5326 1433 5398 subjurgans.”
1585 5397 1591 5398 γ
1679 5365 1714 5398 _.

465 5394 515 5479 ε)
543 5399 616 5451 Ita
643 5394 1006 5479 codexColb.
1055 5394 1173 5450 aliis
1217 5394 1542 5479 faventibus.
1567 5397 1635 5450 At
1677 5395 1834 5461 Bad.,
1872 5396 1963 5478 Er.

366 5477 422 5524 et
445 5468 595 5538 Lips.
619 5483 740 5522 cum
769 5468 978 5533 aliquot
1005 5482 1134 5521 mss.
1156 5468 1413 5520 omittunt
1443 5483 1672 5536 eumque,
1693 5481 1755 5519 ac
1789 5468 1968 5534 proxi-

367 5537 523 5602 mum
573 5539 796 5593 verbum
849 5539 1141 5592 consistat:
1177 5553 1410 5607 moxque
1460 5540 1751 5605 subjiciunt
1807 5537 1965 5606 possit

368 5609 700 5664 dissolvi.....
756 5609 1004 5662 Dominus
1048 5610 1323 5678 signiﬁcat.
1372 5608 1966 5678 Mallonms,_quodque

368 5681 704 5739 incidentium
732 5676 1102 5748 tempestatum
1132 5680 1455 5749 impetunon.
1479 5679 1636 5749 possit
1659 5676 1887 5733 dissolvi.

443 5749 513 5821 (f)
553 5749 714 5817 Editi,
744 5760 858 5805 eum
885 5757 1121 5806 autem”.
1148 5747 1338 5803 moveri
1369 5747 1654 5819 tton'postei

2064 4623 2275 4676 luentes.

2137 4688 2202 4760 (i)
2248 4688 2391 4743 Editi
2440 4687 2884 4742 conturbationum
2937 4689 3168 4759 exemplo
3216 4689 3562 4759 corriguntur
3586 4703 3654 4744 ex

2067 4761 2366 4832 potioribus
2387 4775 2520 4814 mss.

2139 4832 2210 4901 (j)
2241 4831 2367 4884 Puta
2397 4847 2518 4900 cap.
2549 4829 2616 4892 ἓ,
2651 4845 2796 4882 num.
2821 4830 2874 4901 2.

2147 4899 2219 4970 (lt)
2245 4901 2406 4962 Editi,
2450 4899 2736 4974 contactum
2774 4899 2984 4974 ju_bet_ur
3007 4902 3173 4955 silere.
3203 4901 3393 4956 Verbis
3421 4915 3656 4974 evange.

2066 4969 2207 5037 licis,
2247 4974 2406 5042 tetigit
2443 4988 2559 5026 eum
2605 4971 2796 5038 dicens,
2831 4969 2979 5038 Volo,
3037 4974 3302 5038 mundare,
3331 4975 3500 5044 magis
3527 4969 3661 5030 con-

2107 5051 2265 5096 ruunt
2287 5059 2416 5098 tnss.

2067 5058 2472 5183 εΐῖὓιὲἰὲιδιῗίες
2507 5113 2762 5179 potiores.
2798 5114 2902 5167 Alii
2931 5128 3060 5168 vero
3093 5113 3237 5181 libri,
3267 5114 3564 5181 obedientis,
3594 5131 3658 5172 ac

2071 5198 2190 5252 post
2214 5186 2432 5239 verbum
2454 5185 2696 5237 venientis
2719 5185 2976 5253 adjiciunt
3007 5186 3260 5238 adoratio.

2137 5253 2238 5325 ¹(ιη)
2263 5256 2318 5310 In
2339 5256 2590 5324 vulgatis,
2615 5264 2868 5308 contactu.
2885 5255 3104 5308 Rectius
3135 5257 3186 5309 in
3208 5271 3336 5310 mss.
3360 5272 3472 5308 cum
3499 5264 3650 5308 tactu.

2073 5321 2161 5378 Sic
2209 5328 2350 5396 enim
2395 5321 2452 5378 et
2518 5336 2728 5396 tempus
2783 5336 2998 5379 notatur
3050 5327 3333 5396 impertilm
3386 5325 3651 5393 sanitatis,

2073 5395 2288 5464 quando
2335 5412 2510 5468 carne
2541 5410 2568 5447 a
2603 5393 2781 5448 Verbo
2831 5406 3105 5465 assumpta
3128 5393 3137 5396 ⁷
3159 5398 3385 5468 populus
3414 5395 3655 5450 visitatus

2073 5475 2251 5528 cst,ct
2280 5469 2435 5523 Verbi
2467 5467 2636 5519 virtus
2657 5480 2778 5537 cum
2802 5468 3045 5537 corporis
3077 5466 3651 5537 tactu’jnngitur,quo-

2073 5537 2234 5591 modo
2288 5540 2532 5608 superius
2583 5537 2634 5589 in
2691 5535 2792 5601 bis,
2824 5535 3075 5610 purgatur
3102 5535 3251 5593 virbi’
3279 5535 3518 5605 potestate
3542 5552 3657 5590 cum

2070 5617 2224 5660 tactu.

2088 5737 2118 5746 __
2144 5676 2219 5746 (η)
2264 5669 2594 5738 Vocabulum
2635 5668 2771 5734 uerbi
2813 5676 2964 5736 abeat
2995 5695 3023 5733 a
3054 5679 3208 5745 Bad.,
3250 5675 3366 5744 En,
3414 5673 3561 5746 Lips.
3603 5679 3660 5734 et

2073 5740 2275 5817 aliquot
2305 5751 2432 5799 nisa.
