4172 6188
532 273 639 331 9Βό

1721 266 1966 328 ΒΑΝΟΤΙ
2004 254 2260 325 HILARII
2299 258 2609 325 EPISGOPI

3715 260 3816 322 956

533 390 624 459 tis,
650 390 743 461 qui
773 399 1027 471 purgatus
1052 396 1156 454 est,
1189 388 1300 443 Deo
1339 385 1532 442 offerat
1562 385 1675 460 (a);
1709 386 1806 443 sed
1834 381 1892 440 ut
1918 384 2117 440 donum
2146 381 2202 446 Α
2224 381 2513 440 efﬁcientia
2550 380 2714 438 etiam
2749 380 3049 436 futurorum
3091 378 3308 450 imagini
3339 378 3602 449 proﬁcere
3632 390 3817 433 meust

530 482 663 538 illud
690 497 795 537 non
822 483 893 536 sit
931 492 997 537 es
1027 481 1238 546 avibus,
1268 479 1361 535 sed
1389 488 1449 534 ut
1490 479 1655 534 homo
1680 479 1797 548 ipse
1818 495 1845 531 a
1875 477 2127 532 sordibus

530 570 733 646 peccati
762 575 1006 644 carperis
1037 571 1384 638 emundatus,
1410 572 1463 626 in
1482 571 1803 626 sacriﬁcium
1827 570 1920 625 Dei
1952 577 2128 624 trans-

532 679 617 722 eat
643 665 829 739 (Leuit.
857 681 969 733 XIV,
998 663 1053 737 4)
1078 682 1092 730 ;
1117 665 1240 735 quia
1271 663 1413 734 quod
1438 662 1652 735 Moyses
1684 662 1741 717 in
1775 662 1899 733 lege
1927 674 2128 731 praece-

535 760 694 830 perit,
728 758 1093 813 testimonium
1122 757 1214 824 sit,
1247 772 1351 811 non
1381 755 1623 811 etii-ctus.

605 851 657 905 5.
699 849 994 907 Tribunus.
1046 850 1283 921 princeps
1340 849 1565 920 gentium
1616 845 2012 901 crediturarum.
2058 874 2131 885 -

531 941 660 998 Post
688 945 795 997 lucc
815 954 984 997 autem
1014 956 1129 996 cum
1156 943 1410 996 introisset
1430 941 1815 1013 Capharnaum,
1839 940 2130 995 accessitad

532 1052 645 1091 eum
671 1035 877 1106 quidam
898 1035 1129 1090 tribunus
1159 1048 1348 1108 rcgans
1370 1050 1506 1102 etim,
1534 1046 1581 1090 et
1609 1034 1802 1089 dicens:
1828 1032 1970 1089 Puer
1992 1044 2132 1089 meus

522 1129 664 1199 jacet
690 1129 742 1181 in
773 1127 922 1182 domo
952 1129 1300 1198 paralyticus,
1340 1138 1443 1188 etc.
1494 1126 1708 1199 (Matth.
1751 1134 1860 1199 νη,
1892 1126 1924 1180 5
1962 1132 2009 1180 ct
2045 1126 2127 1196 6).

534 1221 789 1291 Sequitur
813 1220 1248 1277 emundatiooetn
1278 1221 1501 1290 leprosi,
1549 1219 1827 1291 paralytici
1860 1220 2007 1289 putari
2034 1233 2130 1274 cu-

535 1312 693 1368 ratio.
727 1312 834 1368 Sed
873 1312 1001 1383 quid
1035 1313 1174 1367 istud
1206 1320 1308 1377 est,
1345 1311 1485 1381 quod
1533 1326 1642 1366 non
1685 1310 1905 1381 dignum
1937 1325 1998 1365 se
2030 1310 2130 1365 tri-

534 1405 708 1460 bunus
731 1407 880 1475 pueri
902 1406 1153 1462 dominus
1181 1404 1463 1475 proﬁtetur
1491 1420 1633 1471 esse,
1665 1413 1725 1460 ut
1754 1403 2001 1460 Christus
2034 1403 2130 1457 do-

2230 481 2419 539 tratur,
2451 473 2667 545 quando
2710 479 2765 528 et
2805 472 3019 528 tribuno
3050 471 3326 533 credente,
3359 471 3519 544 701
3551 478 3605 525 et
3648 482 3819 540 puero

2230 566 2458 633 salveto,
2486 578 2585 620 nec
2611 565 2731 619 talis
2762 564 2815 619 in
2847 563 3009 619 Israel
3038 563 3171 618 fides
3198 570 3413 631 reperta
3435 570 3521 617 est
3540 604 3554 628 ,
3587 571 3641 616 et
3670 554 3820 634 regni

2230 657 2489 712 calorum
2530 657 2861 712 consortium
2903 670 3024 711 cum
3064 653 3341 711 Abraham
3380 655 3631 726 gentibus
3659 655 3824 712 desti‘

2232 756 2407 803 natur.

2303 840 2356 893 6.
2402 837 2542 893 Petri
2568 852 2744 893 socrus
2769 832 3091 908 inﬁdelitatis
3119 838 3341 906 eiectio.
3391 838 3582 895 Petrus
3627 841 3751 911 ﬁdei
3776 846 3828 897 et

2232 932 2546 1003 apostolatus
2577 931 2832 1001 princeps.
2864 961 2938 975 —
2965 930 3091 987 Cum
3115 933 3329 987 venisset
3355 931 3507 987 Iesus
3535 934 3590 988 in
3618 934 3829 989 domum

2236 1023 2400 1091 Petri,
2430 1026 2552 1078 vidit
2583 1038 2784 1079 socrum
2827 1029 2941 1098 ejus
2960 1026 3219 1096 jacentent
3248 1036 3295 1080 et
3332 1027 3705 1097 febricitantem
3727 1072 3739 1095 ,
3775 1036 3833 1083 et

2235 1117 2436 1187 reliqua
2482 1115 2644 1187 (Ibid.
2695 1115 2804 1189 14).
2837 1117 2894 1171 ιη
2938 1131 3095 1174 socru
3143 1119 3323 1185 Petri,
3357 1120 3549 1175 vitiosa
3601 1121 3834 1177 inﬁdelié

2237 1208 2362 1262 tatis
2400 1210 2698 1263 aestimatur
2737 1208 2970 1274 allectis,
3003 1210 3088 1263 cui
3136 1209 3346 1278 adjaeet
3389 1211 3611 1265 libertas
3638 1212 3834 1266 Volun-

2236 1301 2381 1365 tatis,
2415 1316 2533 1370 quae
2561 1315 2658 1356 nos
2687 1301 2917 1371 quadam
2962 1302 3063 1355 sibi
3114 1302 3349 1371 conjugii
3384 1304 3645 1358 societate
3688 1314 3829 1358 con-a

2234 1391 2424 1463 jungit.
2476 1392 2614 1463 Ergo
2645 1394 2889 1464 ingressu
2914 1392 3147 1459 Domini,
3176 1392 3257 1466 (ά)
3292 1395 3346 1448 in
3385 1393 3529 1449 Petri
3559 1395 3741 1462 donni,
3780 1394 3839 1450 id

535 1513 684 1554 mum
711 1498 828 1569 ejus
860 1500 1111 1561 introeat,
1144 1512 1366 1566 puerum
1405 1497 1604 1563 videat,
1639 1508 1695 1553 et
1733 1513 1971 1567 prmseos
2001 1509 2139 1565 prse-

2247 1495 2343 1551 est,
2374 1485 2426 1553 in
2453 1500 2682 1556 corpore
2703 1495 2925 1541 curatur
2954 1485 3243 1542 inﬁdelitas
3274 1492 3616 1557 peccatorum
3653 1489 3842 1546 calore

536 1593 675 1647 senti
698 1604 854 1662 opem
877 1590 1100 1657 alferat;
1134 1605 1299 1662 seque
1325 1590 1523 1646 habere
1541 1590 1761 1655 milites,
1784 1590 1973 1658 lubere
1991 1588 2137 1665 quod
2241 1586 2564 1643 exmstuans,
2598 1585 2653 1633 et
2689 1580 2940 1634 vitiorum
2968 1594 3109 1650 aegra
3147 1580 3449 1636 dominatu.
3482 1577 3601 1637 Mus
3639 1580 3843 1638 deinde|

538 1684 690 1749 vam,
724 1693 778 1739 θι
801 1685 853 1738 in
888 1690 1152 1754 ιιοιρειηιθ
1182 1685 1355 1754 post“,
1387 1698 1579 1753 parere
1608 1683 1710 1737 sibi
1745 1682 2028 1752 plurimos,
2057 1682 2135 1737 3].-
2242 1682 2426 1728 sunata
2454 1710 2467 1736 .
2501 1673 2661 1728 ofﬁcii
2693 1673 2951 1729 famulatu
2980 1675 3269 1730 ministrat.
3302 1675 3433 1730 Nam
3484 1678 3684 1747 primus
3718 1690 3849 1733 ere-‘-

536 1775 735 1829 militer
775 1786 830 1829 et
875 1776 1158 1830 Dominum
1200 1775 1532 1829 curationem
1586 1774 1750 1830 verbo
1800 1788 1957 1843 posse
2000 1789 2137 1844 prte-
2166 1766 2215 1829 Β
2241 1766 2394 1832 didii.
2420 1765 2930 1838 el(€)3i10510lal"9
2970 1772 3055 1821 est
3085 1768 3333 1839 princeps
3363 1784 3377 1822 τ
3410 1777 3462 1824 et
3503 1768 3644 1839 quod
3689 1770 3740 1824 in
3774 1775 3849 1826 eo

538 1866 723 1924 stare?
740 1867 813 1922 De
834 1867 1049 1921 tribuno
1065 1867 1306 1937 posuisse
1325 1881 1411 1923 me
1432 1867 1565 1921 satis
1585 1867 1676 1932 sit,
1698 1866 1993 1937 principem
2016 1876 2137 1923 esse
2240 1867 2365 1914 ante
2396 1859 2701 1929 languebat,
2737 1858 2829 1913 Dei
2858 1858 3024 1914 verbo
3055 1860 3393 1915 invalesceus
3435 1858 3504 1932 (Ῑ)
3539 1859 3852 1916 ministerio

538 1962 776 2030 gentium
798 1960 1212 2016 crediturarum.
1245 1961 1377 2028 Quis
1407 1961 1494 2015 hic
1516 1961 1767 2031 princeps
1797 1962 1868 2014 sit
1894 1961 1978 2015 cui
2010 1961 2138 2017 sub-

537 2054 669 2124 jecti
694 2062 823 2108 sunt
854 2055 1056 2122 plures,
1088 2055 1178 2119 qui
1212 2054 1360 2109 volet
1393 2056 1566 2116 scire,
1598 2054 1847 2126 Moyslrin
1874 2053 2138 2109 Deutero~

542 2144 727 2200 nomio
756 2146 1023 2200 canticum
1054 2144 1232 2219 (Deut.
1265 2144 1470 2217 sun),
1502 2153 1557 2199 et
1581 2143 1889 2201 Salomonis
1946 2145 2169 2205 librum.

541 2237 999 2303 Eeclesiasticum,
1036 2238 1125 2292 ubi
1163 2238 1230 2294 de
1258 2239 1598 2308 dispersione
1630 2240 1868 2309 gentium
1893 2238 2141 2309 quaedam

541 2329 705 2385 locuti
748 2337 912 2398 sunt,
966 2330 1323 2402 iegatznobis
1357 2339 1563 2387 tantum
1606 2331 1675 2386 de
1723 2346 1890 2401 puero
1943 2338 2143 2386 tracta-

545 2431 630 2478 tus
658 2423 750 2477 sit.

615 2514 672 2570 4.
715 2514 955 2570 Gentium
1002 2516 1143 2570 salus
1189 2531 1252 2570 em
1289 2516 1408 2584 ﬁde.
1443 2545 1515 2557 —
1543 2515 1796 2572 Succedit
1834 2514 2031 2570 deinde
2083 2514 2137 2569 in

549 2605 652 2661 hoc
682 2621 848 2676 puero
876 2612 998 2675 post
1027 2606 1287 2678 paralysis
1316 2608 1597 2662 sanitatem
1629 2608 1708 2679 (b)
1751 2607 2016 2662 curationi
2050 2621 2144 2676 po-

548 2699 655 2769 puli
680 2698 747 2753 de
773 2707 957 2754 monte
983 2697 1359 2754 descendentis
1382 2740 1396 2764 ,
1444 2700 1591 2753 salus
1616 2701 1875 2769 gentium.
1921 2697 2142 2753 iacebat

547 2794 689 2847 enim
718 2804 849 2861 puer
889 2790 1184 2847 dissolutus
1212 2793 1266 2846 in
1298 2790 1460 2847 domo
1504 2790 1731 2854 humili,
1780 2789 2144 2860 corruptibili,

547 2884 603 2933 et
624 2877 866 2946 ingressu
897 2876 1034 2946 ejus,
1069 2876 1224 2947 cujus
1258 2886 1433 2930 tamen
1456 2890 1620 2945 egens
1651 2882 1769 2930 erat
1790 2912 1805 2941 ,
1849 2873 2147 2931 Salvator-is

548 2966 787 3038 indigna.
822 2966 891 3022 Et
918 2967 1163 3023 tribunus
1188 2966 1289 3021 scit
1315 2982 1534 3037 puerum
1559 2968 1725 3021 verbo
1748 2981 1908 3036 posse
1934 2966 2140 3020 sanari:

550 3062 677 3132 quia
708 3061 851 3115 salus
879 3064 1118 3129 gentium
1143 3063 1318 3116 omnis
1349 3076 1414 3115 ex
1446 3060 1551 3116 fide
1572 3070 1675 3127 est,
1708 3060 1839 3114 etin
1867 3059 2149 3129 praiceptis

2243 1961 2513 2024 tamquam
2545 1950 2767 2023 publica:
2798 1954 2985 2010 salutis
3006 1963 3286 2024 operatum
3315 1965 3416 2011 est.
3458 1956 3624 2012 [tecte
3654 1966 3847 2013 autem

2244 2043 2382 2099 banc
2403 2058 2467 2098 ex
2494 2058 2649 2098 socru
2680 2044 2824 2112 Petri
2852 2045 3257 2103 similitudinem
3291 2047 3359 2102 ad
3390 2044 3730 2105 adactionem
3762 2052 3854 2106 tu-

2243 2134 2515 2190 ﬁdelitutis
2540 2136 2732 2204 aptari,
2764 2135 2880 2192 loco
2911 2136 2998 2205 qui
3032 2136 3111 2193 ‘de
3157 2150 3294 2193 nuru
3340 2146 3395 2195 et
3438 2154 3596 2195 socru
3640 2148 3852 2198 conse-

2244 2228 2428 2298 quitur
2477 2228 2819 2285 tractabimus
2862 2229 3015 2301 (Cap.
3068 2231 3155 2299 i0,
3207 2248 3260 2286 n.
3314 2232 3425 2304 18).
3462 2231 3611 2289 Nunc
3662 2240 3857 2293 autem

2245 2320 2368 2376 ideo
2392 2320 2725 2376 inﬁdelitatis
2750 2337 2938 2379 socrus
2967 2324 3113 2381 Petri
3146 2326 3560 2396 nuncupabitur,
3590 2328 3715 2398 quia
3758 2342 3859 2384 us-

2245 2426 2350 2481 que
2393 2411 2521 2468 dum
2565 2412 2828 2481 credidit,
2869 2416 3158 2472 voluntatis
3199 2426 3314 2472 Sua:
3365 2418 3591 2473 servitio
3636 2416 3859 2477 detines

2248 2505 2424 2560 batur.
2764 2577 2768 2582 '

2321 2596 2374 2651 7.
2399 2592 2632 2652 Christus
2659 2599 2898 2667 passione
2924 2612 3019 2654 sua
3043 2600 3368 2671 inﬁrmitates
3393 2611 3601 2657 nostras
3626 2604 3855 2659 sanavit.

2247 2716 2320 2730 —
2355 2688 2575 2759 Vespere
2602 2702 2768 2746 autent
2798 2692 2936 2763 facta
2976 2694 3267 2750 obtulerunt
3308 2696 3353 2750 ei
3377 2696 3564 2752 multos
3594 2696 3859 2754 dtcnianfa

2250 2781 2600 2836 habentesnt
2629 2785 2864 2857 ejiciebat
2912 2787 3125 2856 spiritus
3153 2789 3466 2853 immundos,
3517 2796 3625 2845 etc.
3678 2789 3853 2861 (Ibid.

2251 2873 2362 2944 16).
2394 2875 2739 2931 Curationem
2770 2879 3127 2948 promiscuam
3164 2880 3312 2936 horis
3343 2882 3686 2952 vespertinis,
3720 2898 3858 2940 cons

2251 2981 2408 3023 cursu
2438 2983 2623 3022 eorum
2654 2984 2789 3039 quos
2831 2979 2951 3041 post
2979 2971 3285 3042 passionem
3317 2974 3499 3029 docuit
3543 2988 3848 3045 recognos-

2251 3060 2421 3114 cimus
2451 3077 2464 3112 :
2494 3061 2731 3116 omnium
2780 3071 2993 3133 peccata
3022 3064 3317 3127 dimittens.
3348 3067 3589 3121 omnium
3624 3067 3863 3123 inﬁrmi—

530 3146 763 3207 -Domiui
793 3154 902 3207 vita
942 3161 1026 3208 est
1061 3155 1452 3210 universorum.
1495 3155 1657 3224 igitur
1679 3152 1927 3224 jacentes
1958 3150 2012 3208 iu
2048 3165 2147 3207 ειυ-
2174 3147 2220 3210 C
2256 3162 2390 3208 tates
2428 3153 2698 3223 auferens,
2747 3163 2802 3211 et
2846 3157 3105 3212 malarum
3131 3158 3460 3230 voluptatum
3491 3159 3856 3215 iusidentium

550 3246 698 3312 culo,
729 3256 785 3301 et
810 3255 1149 3315 peccatorum
1193 3249 1395 3304 morbis
1422 3249 1701 3303 dissolutae
1738 3258 1927 3318 gentes
1957 3244 2152 3302 existi-

553 3337 777 3392 mundae.
794 3346 956 3392 sunt:
984 3338 1237 3392 omnibus
1267 3338 1503 3408 undique
1531 3338 1754 3392 artubus
1782 3337 1982 3402 ﬂuidis,
2008 3347 2060 3391 et
2081 3336 2148 3390 ad

554 3428 891 3484 consistendi
933 3428 1165 3483 oiﬁcium
1199 3428 1636 3497 ingrediendique
1675 3427 1964 3494 corruptis.
2011 3425 2152 3493 Qua-

554 3536 674 3578 rum
704 3522 894 3577 salutis
913 3530 1312 3577 sacramentum
1344 3520 1397 3575 in
1439 3520 1639 3574 tribuni
1672 3534 1842 3591 puero
1880 3519 2149 3589 expletur,

554 3628 665 3670 non
695 3620 874 3670 tamen
899 3614 1207 3684 ingressuro
1229 3613 1448 3668 domum
1473 3610 1712 3667 Christo.
1743 3612 1898 3668 Licet
1925 3613 2070 3673 enim
2097 3612 2150 3665 in

555 3708 754 3781 sicculo
779 3707 1092 3763 demoratus
1119 3707 1221 3773 sit,
1259 3708 1388 3763 vitia
1420 3716 1600 3763 tamen
1630 3707 1821 3762 saeculi
1853 3715 1907 3762 et
1935 3714 2153 3776 peccata

558 3811 663 3852 n0n
695 3797 845 3850 adiit.

630 3890 684 3944 ὅ.
726 3888 985 3945 Tribunus
1004 3907 1104 3945 non
1125 3902 1233 3945 erat
1251 3892 1314 3946 de
1334 3891 1567 3964 gentibus
1622 3918 1693 3932 ~—
1720 3890 1942 3945 Miratus
1958 3890 2157 3947 deinde

560 3980 719 4037 fidem
768 3983 865 4047 ait,
919 3982 1042 4038 Non
1094 3985 1262 4039 inveni
1292 3994 1484 4039 tantam
1515 3984 1667 4056 ﬁdem
1695 3985 1751 4039 in
1778 3982 1943 4038 Israel
1981 3982 2150 4056 (Ibid.

559 4074 674 4145 l0).
708 4075 782 4146 (ε)
814 4073 931 4130 Νοη
958 4085 1076 4130 erat
1107 4077 1352 4133 tribunus
1386 4077 1488 4139 iste
1519 4076 1586 4132 de
1613 4075 1903 4148 gentibus:
1937 4086 1989 4130 et
2023 4090 2158 4144 quo-

558 4166 721 4220 modo
752 4164 803 4220 in
837 4164 996 4221 israel
1041 4166 1173 4223 ﬁdes
1206 4169 1327 4223 talis
1356 4183 1464 4222 non
1498 4175 1585 4223 est
1621 4179 1871 4236 reperta;
1916 4180 2040 4225 cum
2065 4167 2156 4237 qui

558 4254 803 4311 crederet
831 4266 973 4311 esset
999 4256 1281 4313 israelita?
1318 4258 1435 4315 Sed
1456 4266 1516 4313 ut
1541 4258 1949 4313 similitudinem
1980 4255 2149 4312 futuri

559 4348 675 4404 haec
701 4349 816 4421 ipsa
844 4351 1049 4407 veritas
1069 4353 1443 4420 azmularctur;
1475 4352 1677 4409 idcirco
1699 4352 1849 4409 verbi
1870 4353 2006 4406 ratio
2030 4350 2155 4405 sub-

557 4439 700 4512 jecta
727 4448 830 4507 est.
860 4448 1058 4499 lautam
1086 4441 1269 4509 ﬁdem,
1298 4454 1494 4514 quanta
1514 4444 1751 4515 gentium
1775 4449 1879 4508 est,
1913 4442 1965 4503 in
1990 4442 2152 4499 Israel

2254 3246 2517 3301 incentiva
2547 3246 2841 3316 depellens,
2872 3251 3124 3320 passione
3148 3252 3393 3321 corporis
3418 3254 3520 3318 sui,
3548 3256 3858 3310 secundum

2254 3339 2635 3409 prtmbetarum
2685 3339 2848 3403 dicta,
2883 3342 3222 3398 inﬁrmitates
3271 3343 3520 3400 humana:
3561 3344 3859 3402 imbecilli-

2256 3431 2380 3485 tatis
2407 3431 2705 3487 ahsorheus
2732 3431 2893 3505 (Ibid.
2921 3435 3035 3504 i7):

2326 3520 2379 3575 8.
2425 3522 2541 3587 Qua
2582 3524 2777 3578 ratione
2818 3525 2927 3580 lucc
2969 3525 3294 3598 explicanda.
3340 3555 3411 3568 —
3465 3526 3654 3584 Videris
3683 3538 3861 3586 autem

2254 3610 2408 3667 Jesus
2434 3614 2605 3668 turbas
2627 3616 2814 3670 multas
2832 3616 3020 3670 circum
3042 3632 3116 3681 se,
3136 3620 3294 3691 jussit
3318 3619 3605 3688 discipulos
3632 3637 3751 3677 suos
3771 3624 3856 3678 ire

2257 3716 2396 3760 trans
2420 3710 2624 3777 fretum.
2658 3705 2727 3761 Et
2770 3707 3013 3762 accedens
3042 3709 3110 3762 ad
3135 3725 3250 3763 eum
3292 3711 3506 3780 quidam
3546 3711 3736 3767 Scriba
3757 3716 3857 3781 ait,

2257 3795 2526 3867 Magister,
2559 3814 2740 3866 sequar
2764 3809 2811 3853 te
2836 3816 3152 3870 quocumque
3181 3802 3323 3868 ieris,
3357 3813 3411 3858 et
3438 3803 3648 3873 reliqua
3680 3804 3852 3875 (Ibid.

2260 3888 2326 3944 i8
2356 3898 2401 3943 et
2425 3889 2530 3960 l9).
2570 3890 2732 3946 Multa
2765 3890 3069 3959 incurrunt,
3102 3909 3221 3964 qua:
3248 3908 3469 3949 sensum
3504 3908 3855 3953 communem

2256 3999 2479 4040 movere
2526 3994 2766 4054 possunt.
2801 3985 2880 4059 (α)
2920 3987 3099 4050 Atque
3145 4004 3251 4042 non
3300 4002 3399 4043 nos
3440 3984 3859 4061 intelligentiam

2256 4074 2525 4146 ﬁngimus,
2580 4076 2676 4132 Sed
2715 4088 2862 4147 gesta
2894 4079 3007 4148 ipsa
3030 4079 3439 4150 intelligentiam
3469 4082 3629 4137 nobis
3651 4083 3860 4152 imper-

2256 4167 2476 4224 tiuntur.
2510 4168 2695 4240 Neque
2724 4163 2866 4227 cnim
2910 4187 2997 4227 res
3026 4172 3417 4242 intelligentiae,
3448 4174 3544 4229 sed
3577 4176 3659 4229 rei
3692 4175 3858 4232 lutei-

2255 4262 2470 4332 iigentia
2502 4263 2880 4319 subsecundat.
2912 4263 3109 4319 Turbae
3134 4265 3313 4334 plures
3336 4272 3484 4330 sunt,
3513 4273 3568 4320 et
3595 4267 3676 4323 ire
3699 4278 3854 4324 trans

2255 4353 2449 4409 fretutn
2497 4355 2757 4411 Dominus
2802 4355 3078 4427 discipulis
3124 4357 3390 4430 praecipit.
3434 4356 3553 4413 Non
3598 4357 3858 4416 existimo

2255 4444 2450 4505 cadere
2477 4450 2529 4500 in
2561 4446 2854 4503 Salvatoris
2884 4442 3213 4513 bonitatem,
3262 4459 3320 4503 ut
3356 4452 3860 4507 circumcursantes

561 4549 670 4591 non
699 4535 1089 4605 reperiendam,
1123 4545 1316 4592 etcum
1348 4537 1618 4591 Abraham
1643 4536 1881 4592 et'lssao
1911 4544 1965 4590 et
1985 4535 2154 4595 Jacob
2180 4527 2233 4587 D
2259 4538 2561 4606 relinquere
2603 4539 2853 4603 voluerit,
2917 4548 2972 4594 et
3010 4548 3293 4595 secretum.
3324 4540 3595 4609 quoddam
3626 4541 3707 4614 (It)
3751 4544 3861 4597 im-

561 4628 617 4683 in
664 4644 831 4699 regno
890 4629 1149 4685 caelorum
1200 4644 1267 4685 ex
1332 4631 1530 4685 ultimis
1576 4630 1825 4702 gentibus
1872 4630 2148 4699 quieturos

566 4717 726 4792 (Ibid.
761 4719 871 4790 tl).
906 4721 1146 4777 Perfecta
1189 4722 1405 4794 quidem
1432 4732 1513 4778 est
1552 4723 1606 4778 iu
1650 4737 1818 4793 puero
1856 4722 2149 4785 secundum

565 4811 834 4867 credentis
887 4811 1044 4867 ﬁdem
1091 4814 1290 4869 veritas
1326 4813 1582 4869 sanitatis
1615 4830 1629 4867 :
1659 4812 1752 4871 sed
1800 4814 2147 4884 prmseutium

638 4970 1119 5094 («RSupplendum
1166 4971 1253 5029 hic
1289 4973 1519 5043 jubetur.
1566 4967 2015 5041 Tum‘partleula
2063 4967 2153 5023 sed

570 5055 671 5098 anu
742 5043 860 5098 Par.
891 5058 1173 5098 oeroeram
1205 5053 1470 5098 cxooncta
1502 5053 1604 5098 est.

642 5058 709 5094 υιι
742 5058 860 5099 ΥὲὶΓ.
891 5058 1173 5100 perperam
1205 5058 1470 5100 excuncta
1502 5058 1604 5098 εει.

646 5058 709 5094 uu
742 5058 860 5099 var.
891 5058 1173 5116 perperam
1205 5058 1470 5114 espuncta
1502 5058 1604 5098 est.

646 5110 725 5184 (b),
758 5112 903 5184 Lips.
953 5124 1006 5168 et
1038 5118 1157 5171 l’ar.
1206 5118 1402 5170 curatio
1450 5115 1629 5184 populi
1656 5127 1885 5183 :prave.
1940 5110 2155 5166 Planius

574 5182 785 5256 barcita
813 5183 1059 5256 diceres:
1092 5187 1276 5256 Populi
1304 5189 1370 5242 de
1394 5182 1575 5241 mutate
1601 5182 1973 5241 descendentis
2000 5197 2156 5256 cura-

572 5254 715 5327 tioni
758 5254 810 5307 in
842 5254 1054 5327 leproso
1094 5254 1407 5327 significata:
1453 5257 1693 5312 succedit
1737 5257 1885 5310 salus
1913 5255 2152 5327 gentium

571 5324 914 5400 praefigurata
934 5323 988 5377 in
1016 5323 1178 5395 puero
1206 5339 1324 5399 post
1345 5330 1603 5400 paralysis
1626 5323 1937 5382 sanitatem:
1957 5326 2157 5393 Quam-

573 5394 732 5470 Qnsm
761 5394 835 5470 de
860 5394 1045 5450 nostro
1073 5394 1408 5468 reposuimus
1451 5394 1729 5470 paralysis,
1763 5400 2003 5470 maxime
2033 5410 2153 5470 cum

573 5464 628 5521 in
662 5481 764 5542 ius.
792 5464 924 5542 Tur.
973 5464 1148 5523 exstet
1186 5464 1515 5542 paralyticis,
1546 5464 1637 5526 ubi
1681 5470 1732 5524 in
1760 5468 1916 5524 editis
1959 5477 2013 5523 et
2039 5466 2157 5520 aliis

571 5537 794 5613 scriptis
816 5537 1043 5613 habetur
1068 5537 1356 5613 porulytici'.

648 5610 719 5680 (c)
758 5608 1043 5665 Beccensis
1068 5608 1240 5669 'codei
1268 5655 1283 5680 ,
1316 5630 1435 5667 nam
1479 5624 1588 5669 erat
1615 5629 1634 5667 :
1661 5628 1766 5668 non
1795 5612 1895 5668 sibi
1922 5614 2156 5675 constat,

570 5677 998 5804 (ligiltlaeugoxime
1040 5677 1299 5757 subiicit,
1366 5700 1482 5740 cum
1527 5686 1789 5750 crederet,
1853 5683 1975 5756 quia
2030 5687 2160 5735 esset

2259 4629 2550 4699 perticndzc
2579 4629 2765 4685 salutis
2788 4629 3009 4701 eligere.
3037 4631 3237 4686 Deinde
3257 4633 3610 4703 consequitur
3636 4633 3857 4704 Scriba,

2254 4719 2441 4783 dicens
2486 4722 2801 4792 magistrum
2843 4735 2903 4776 se
2949 4737 3289 4793 quocumque
3335 4724 3456 4783 ierit
3494 4737 3858 4782 secuturum:

2254 4812 2351 4870 sed
2374 4812 2506 4869 nihil
2532 4829 2563 4869 a
2584 4814 2767 4870 Scriba
2793 4813 2995 4870 dictum
3018 4814 3286 4873 factumve
3305 4815 3524 4887 legitur,
3553 4818 3697 4888 quod
3727 4833 3859 4889 pos-

2329 4967 2411 5039 (tl)
2450 4965 2613 5033 Edili,
2645 4968 2701 5022 in
2728 4962 2873 5024 Petri
2901 4968 3131 5039 domum,
3186 4970 3244 5024 id
3266 4979 3364 5035 est,
3394 4982 3599 5042 corpus.

2330 5062 2400 5135 (ε)
2427 5061 2599 5135 _Rom.
2632 5077 2733 5135 ms.
2781 5064 3097 5135 apostolatu.
3125 5061 3313 5125 Hilarii
3346 5071 3581 5121 mentem
3612 5063 3857 5135 illustrat

2260 5129 2391 5186 illud
2427 5131 2727 5188 Innocentii
2753 5129 2911 5204 epist.
2946 5135 3013 5190 ad
3061 5133 3371 5189 Victricium
3397 5135 3628 5191 dicentis
3656 5137 3728 5190 de
3760 5130 3861 5192 Pe-

2261 5206 2488 5279 lro,_per
2514 5216 2664 5279 quem
2689 5215 2735 5258 et
2768 5205 3086 5277 apostolatus
3111 5212 3157 5261 et
3183 5206 3508 5279 episcopatus
3550 5206 3605 5260 in
3647 5205 3861 5269 Christo

2259 5275 2409 5344 coepit
2439 5275 2730 5330 exardium.

2334 5364 2398 5435 (Ι)
2439 5365 2564 5423 Mss.
2595 5364 2791 5436 Carm,
2822 5365 3002 5433 Colb.,
3034 5364 3207 5423 Vatic.
3239 5375 3295 5423 et
3314 5367 3472 5423 Rom.
3500 5367 3857 5425 ministeria...

2266 5448 2503 5505 operatus
2530 5446 2621 5497 est.

2342 5531 2417 5601 (9)
2459 5529 2683 5607 Lips._et
2713 5531 2855 5607 Par._
2880 5537 2935 5584 at
2979 5546 3082 5586 non
3126 5547 3240 5597 nos,
3271 5530 3404 5587 Bad.
3436 5540 3493 5588 et
3517 5532 3613 5588 Er.
3653 5533 3725 5589 ad
3747 5549 3863 5607 quo

2266 5600 2375 5657 non
2400 5618 2523 5657 nos:
2553 5600 2941 5673 refragantibus
2972 5617 3103 5657 mss.

2268 5748 2294 5769 θ
2341 5697 2422 5769 (Ιι)
2450 5697 2582 5754 Bad.
2609 5707 2664 5757 et
2690 5698 2781 5767 Er.
2809 5699 3123 5771 imperanda
3138 5697 3342 5763 salutis.
