4172 6188
354 246 461 303 951

1263 239 1803 300 COMMENTARIUS
1838 239 1904 299 ΙΝ
1944 232 2373 299 ΜΛἸἼῊᾹζυΜ.
2417 240 2570 301 CAP.
2616 241 2750 299 Vlll.

3538 241 3642 296 958

353 372 436 419 set
462 358 760 421 oﬁ‘eudere.
793 359 1055 415 Dominus
1082 359 1381 430 respondit,
1421 357 1669 428 vulpibus
1702 371 1823 414 esse
1864 354 1941 413 ΐο-
1973 356 2028 418 A
2053 366 2211 427 caput
2243 356 2386 414 Deus
2434 357 2525 424 sit,
2560 366 2665 412 nou
2707 357 2945 427 reperire
2975 357 3027 413 in
3074 375 3209 428 quos
3256 356 3514 415 collocata
3547 358 3641 418 Dei

353 469 506 520 veos,
529 462 581 508 et
606 452 729 509 omli
756 453 1062 507 volucribus
1087 451 1242 507 nidos
1268 450 1604 522 quiescendi,
1629 449 1740 505 ﬁlio
1764 458 1945 504 autem

355 546 612 608 hominis,
665 560 774 615 quo
804 544 1028 600 reclinet
1053 556 1211 615 caput
1242 559 1421 609 suum,
1475 543 1650 598 locum
1678 557 1798 598 esse
1828 541 1949 596 nul-

353 639 465 695 lum
498 637 661 709 (Ibid.
698 637 812 708 20).
860 637 927 692 Et
975 637 1299 705 discipulum
1343 636 1665 706 postulasse,
1696 635 1812 690 dari
1845 635 1948 690 sibi

355 737 567 799 tempus
598 729 765 798 patris
788 726 1125 803 sepeliendi:
1156 727 1261 783 hoc
1291 736 1567 798 negatura,
1600 736 1653 780 et
1687 726 1757 795 pii
1789 736 1949 796 atque

356 821 581 879 humani
630 818 798 875 oflicii
839 820 1058 876 vetitam
1086 819 1399 892 religionem
1438 817 1599 889 (Ibid.
1641 818 1706 887 2i
1756 829 1802 873 et
1830 817 1944 889 2‘2).

356 913 501 983 Ergo
528 927 711 969 rerum
742 921 1034 976 tantarum,
1064 922 1118 966 et
1140 920 1247 967 tam
1277 910 1614 966 diversarum
1638 910 1776 965 ratio
1822 925 1949 982 pro-

356 1005 553 1065 menda
578 1012 659 1060 est
685 1023 699 1058 :
721 1013 883 1075 atque
921 1004 1014 1069 ita,
1054 1013 1114 1059 ut
1150 1003 1443 1059 secundum
1473 994 1839 1059 continentem
1867 1018 1953 1059 rc-

358 1113 478 1154 rum
500 1097 766 1161 ordinem,
801 1107 853 1151 et
877 1096 1226 1167 gravissimas
1254 1096 1496 1151 veritatis
1541 1097 1710 1165 ipsius
1736 1111 1949 1165 causas,

360 1188 635 1244 interioris
654 1185 1026 1257 signiﬁcantius
1049 1187 1401 1257 intelligentia
1423 1189 1743 1258 explicetur.

438 1281 602 1355 70a
638 1282 692 1337 9.
734 1279 996 1336 Fidelium
1027 1280 1284 1336 electionis
1311 1289 1484 1351 typus.
1515 1280 1762 1336 Ecclesiae
1787 1281 1952 1334 navis.

364 1403 442 1422 ...-
472 1372 862 1442 Discipulon
908 1363 1107 1427 nomen
1152 1387 1258 1427 non
1319 1372 1372 1426 in
1414 1371 1698 1428 duodecim
1748 1379 1975 1431 tantum’

365 1467 642 1537 Apostolis
686 1467 887 1521 versari
948 1465 1366 1522 existimandum
1416 1477 1520 1522 est.
1574 1467 1707 1523 Nam
1760 1479 1957 1537 ιιι-περι·

365 1560 677 1629 Apostolus,
710 1558 888 1629 plures
913 1558 1078 1613 fuisse.
1106 1558 1395 1629 discipulos
1429 1560 1673 1631 legimus.
1711 1561 1785 1616 Ex
1810 1561 1957 1618 omni

366 1653 529 1724 igitur
559 1651 716 1707 turba
741 1651 984 1721 qumdam
1012 1650 1127 1709 ﬁeri
1157 1650 1233 1723 (a)
1257 1652 1477 1720 iubetur
1500 1652 1696 1708 electio
1725 1671 1737 1706 :
1768 1668 1953 1710 eorum

2050 450 2353 520 cognitione
2374 450 2712 520 requiescat:
2746 451 2980 507 invitatis
3006 450 3336 517 omnibusut
3360 449 3411 509 in
3432 464 3644 515 navem,

2052 542 2121 596 ila
2151 543 2201 596 in
2234 541 2565 606 Ecclesium;
2598 541 2783 618 paucis
2813 546 2959 597 metu
2989 542 3175 609 maris,
3223 540 3273 597 id
3306 551 3391 599 est
3436 541 3642 617 saeculi,

2050 636 2337 692 secuturis.
2648 693 2653 698 ,

2126 726 2211 783 ll.
2260 726 2404 787 Patri
2424 726 2621 800 inﬁdeli
2650 746 2717 784 an
2734 732 2826 805 jus
2855 722 2909 783 in
2935 728 3098 801 ﬁlium
3119 728 3343 800 ﬁdelem.
3371 757 3443 769 --
3470 726 3645 787 Adest

2051 830 2174 895 post
2212 821 2329 879 haec
2369 818 2696 893 discipulus,
2753 838 2860 878 non
2908 822 3246 892 interregans
3290 837 3357 879 an
3398 830 3653 891 sequatur

2055 914 2183 987 (jam
2215 912 2357 971 enim
2402 917 2551 988 sequi
2580 924 2830 986 eportere
2876 931 2935 971 se
2963 915 3235 985 credidit),
3268 914 3361 970 sed
3410 914 3646 986 permitti

2052 1010 2153 1066 sibi
2185 1026 2345 1067 orans
2373 1010 2601 1078 sepelire
2650 1018 2875 1080 patrem.
2927 1008 3247 1079 Accepimus
3279 1008 3329 1062 in
3361 1006 3647 1063 dominicm

2054 1098 2315 1159 orationis
2368 1103 2592 1161 exordio
2619 1145 2633 1167 ,
2687 1104 3027 1174 ita.primnm
3077 1102 3401 1173 precandum
3442 1101 3648 1157 :Paler

2054 1208 2239 1255 noster
2266 1198 2358 1271 qui
2389 1214 2447 1253 es
2492 1201 2542 1252 In
2571 1196 2723 1253 melis
2751 1196 2965 1271 (Matth.
2998 1213 3074 1264 vt,
3102 1197 3183 1268 9).
3217 1198 3354 1266 Ergo
3383 1197 3502 1266 quia
3534 1210 3653 1251 cre-

2054 1292 2231 1346 dentis
2261 1291 2311 1345 in
2341 1290 2600 1361 discipulo
2634 1290 2810 1361 populi
2844 1305 3072 1360 persona
3098 1299 3203 1355 est,
3233 1289 3554 1347 admouetur
3584 1295 3645 1348 ut

2057 1382 2357 1438 meminerit
2387 1382 2525 1450 quod
2559 1391 2711 1455 pater
2740 1382 2839 1438 sibi
2868 1381 2945 1454 (ά)
2973 1383 3123 1437 vivus
3154 1382 3207 1436 in
3236 1381 3388 1436 eteiis
3416 1388 3518 1435 est.
3548 1378 3647 1435 Sev

2056 1477 2147 1548 qui
2175 1484 2351 1532 autem
2380 1477 2539 1549 703
2585 1476 2869 1535 Dominum
2896 1478 3131 1548 iubetur,
3163 1477 3283 1547 quia
3313 1486 3368 1531 et
3408 1475 3646 1539 volebat,

2052 1570 2130 1623 ita
2162 1575 2218 1623 ut
2249 1571 2442 1624 mortui
2476 1579 2743 1624 mortuum
2788 1570 3072 1640 sepeliant.
3104 1569 3212 1625 Sed
3261 1569 3468 1625 nullum
3508 1568 3657 1623 arhiv

2063 1670 2177 1716 lror
2221 1658 2454 1715 cilicium
2483 1662 2785 1730 exspectari
2822 1643 2861 1717 ‘a
2893 1662 3117 1719 mortuis
3161 1677 3340 1730 poSse.
3371 1659 3659 1730 Quomodo

364 1743 589 1812 “me”,
621 1745 710 1813 (ιιιί
742 1743 1025 1800 hominum
1073 1758 1167 1813 Per
1194 1744 1363 1798 mima
1411 1746 1592 1800 31‘0""
1626 1745 1787 1815 huius
1814 1748 1956 1816 ΡΕΓῘ-
1988 1734 2037 1798 Β
2064 1769 2196 1826 ergo
2227 1752 2420 1811 mortui
2450 1762 2690 1811 mortuos
2734 1754 3063 1811 ltumabunt?
3092 1754 3332 1810 Primum
3378 1741 3539 1823 igitur
3566 1768 3629 1806 os

364 1837 486 1893 cuia
533 1846 590 1892 et
627 1836 946 1906 jactatioues
990 1846 1173 1893 essent
1223 1839 1480 1893 secuturi.
1526 1839 1771 1895 Ecclesia
1817 1841 1962 1898 enim

369 1930 542 1986 instar
563 1938 647 1985 est
690 1928 866 1995 navis,
893 1939 948 1984 et
969 1929 1214 1999 plurimis
1236 1931 1368 1985 locis
1392 1931 1463 1985 ita
1498 1940 1805 2000 nuncupata
1833 1942 1915 1989 est
1946 1944 1959 1990 ἑ

370 2036 491 2093 quas
517 2021 869 2076 diversissimi
900 2022 1116 2092 generis
1165 2030 1217 2077 et
1243 2024 1420 2093 gentis
1452 2023 1527 2096 (ὁ)
1570 2034 1798 2085 vectore
1843 2040 1962 2080 sus~

372 2120 556 2182 cepto,
584 2112 821 2182 subjecta
854 2122 936 2166 est
979 2113 1230 2169 omnibus
1273 2122 1328 2169 et
1355 2122 1635 2169 ventorum
1668 2114 1882 2172 flatibus
1908 2122 1964 2172 et

375 2206 542 2261 maris
562 2204 817 2261 motibus.
849 2205 1027 2275 Atque
1067 2204 1136 2260 ita
1166 2206 1255 2262 illa
1282 2214 1335 2260 et
1364 2206 1547 2262 saeculi
1578 2216 1633 2263 et
1659 2208 1963 2264 immundos

273 2289 283 2303 “
374 2314 493 2359 rum
520 2297 802 2367 spirituum
845 2307 1069 2353 vexatur
1104 2298 1429 2356 incursibus.
1472 2300 1770 2371 Propositis
1818 2303 1962 2360 enim

375 2388 739 2460 periculorum
761 2389 1002 2444 omnium
1027 2390 1281 2456 motibus,
1304 2389 1503 2446 Christi
1528 2404 1742 2457 navem,
1776 2390 1828 2448 id
1856 2400 1961 2460 est,

380 2478 679 2536 Ecclesism
726 2480 1011 2535 introimus
1050 2481 1329 2537 :scientes
1371 2492 1471 2538 nos
1519 2482 1654 2539 mari
1698 2496 1967 2558 ventoque

375 2571 683 2643 jactandos.
710 2571 783 2628 Ut
809 2573 971 2643 igitur
997 2572 1133 2627 ordo
1165 2574 1358 2645 typicze
1385 2575 1758 2645 signiﬁcantia:
1788 2578 1969 2635 colue-

379 2672 548 2728 reret,
595 2673 885 2735 possetque
931 2664 1155 2735 intelligi
1209 2666 1445 2721 ﬁdelium
1478 2669 1652 2736 portio
1703 2684 1967 2725 conscen-

382 2756 622 2812 dentium
677 2773 901 2824 navem,
949 2768 1001 2813 et
1034 2757 1329 2813 inﬁdelium
1380 2758 1530 2814 turba
1579 2761 1968 2831 residentiunt;

383 2851 590 2909 Scriba:
614 2861 670 2908 et
693 2852 940 2923 discipuli
972 2866 1200 2923 persona
1231 2855 1588 2927 subiungitur.

458 2947 547 3005 10.
589 2946 774 3003 Scriba
802 2946 980 3002 doctor
1001 2948 1151 3020 legis,
1172 2947 1408 3019 inﬁdeles
1429 2934 1721 3003 adumbrat.
1754 2950 1969 3021 Vulpes,

382 3040 861 3113 pseudoprophette.
941 3040 1189 3097 Volucrcs
1242 3043 1354 3097 ctuti
1383 3085 1397 3108 ,
1462 3041 1735 3098 dwmoues.
1808 3042 1974 3118 Caput

387 3138 580 3194 Christi
613 3135 769 3217 Deus.
805 3135 992 3191 Omnes
1019 3136 1074 3189 in
1095 3133 1379 3188 Ecclesium
1403 3134 1623 3190 invitati.
1657 3164 1727 3175 ——
1757 3134 1825 3189 Et
1856 3136 1974 3207 qni—

384 3237 509 3293 dcm
538 3232 745 3298 Scriba,
777 3231 865 3299 qui
895 3237 978 3285 est
1001 3242 1140 3283 unus
1167 3225 1231 3282 e'x
1269 3226 1581 3283 doctoribus
1620 3228 1776 3299 legis,
1807 3244 1873 3284 an
1907 3229 1975 3284 sit

384 3339 669 3386 secuturus
696 3326 1010 3392 interrogat.
1041 3319 1202 3386 Quasi
1249 3334 1378 3374 vero
1407 3319 1525 3389 lege
1548 3335 1652 3373 non
1683 3320 1824 3375 hunc
1853 3316 1975 3378 esse

385 3421 681 3483 Christum,
713 3431 872 3488 quem
903 3415 1055 3484 sequi
1085 3418 1231 3468 esset
1266 3412 1417 3476 utile,
1450 3412 1838 3468 contineretur.
1873 3413 1977 3485 lgi-

388 3525 477 3571 tur
507 3508 836 3567 inﬁdelitatis
884 3506 1132 3562 allectum
1182 3504 1283 3561 sub
1333 3502 1626 3559 difﬁdentia
1680 3505 1978 3578 interroga-

388 3607 550 3664 tionis
596 3602 898 3671 expressit:
930 3600 1051 3670 quia
1102 3596 1226 3653 ﬁdei
1267 3598 1563 3667 assumptio
1594 3613 1699 3651 non
1752 3599 1977 3654 interro.

386 3698 561 3773 ganda
590 3702 693 3759 est,
739 3693 833 3750 sed
865 3690 1156 3762 sequenda.
1186 3689 1258 3746 Ut
1303 3698 1481 3744 autem
1526 3689 1716 3745 eadem
1750 3690 1978 3745 interro-

387 3793 536 3865 gatio
584 3785 913 3843 inﬁdelitatis
963 3793 1109 3839 esset
1171 3782 1355 3853 punita
1411 3781 1651 3851 judicio;
1716 3782 1978 3840 Dominus

387 3881 692 3952 respondit,
724 3879 911 3948 vulpes
932 3876 1130 3931 habere
1152 3873 1355 3941 foveas,
1383 3880 1438 3929 et
1466 3875 1713 3930 volucres
1744 3875 1868 3932 εωιὶ
1895 3875 1979 3931 ni-

389 3977 491 4033 dos
517 3974 710 4046 quibus
735 3971 1097 4040 requiescant,
1150 3968 1384 4022 hominis
1427 3977 1606 4023 autem
1657 3968 1823 4022 lilium
1873 3985 1980 4025 non

391 4068 593 4123 habere
616 4065 706 4120 ubi
736 4072 895 4133 caput
941 4076 1097 4117 suum
1148 4060 1394 4117 reclinet.
1430 4060 1503 4133 (c)
1538 4058 1736 4132 Vulpes
1760 4070 1844 4117 est
1870 4063 1983 4117 ani—

389 4159 499 4216 mal
529 4157 841 4213 insidiosum
862 4196 877 4221 ,
909 4155 1049 4210 circa
1078 4152 1361 4208 domorum
1393 4168 1453 4208 se
1480 4154 1736 4208 occulens
1775 4154 1979 4222 foveas,

390 4264 447 4309 et
484 4249 791 4308 domesticis
837 4247 1023 4302 avibus
1066 4246 1331 4301 insidians
1361 4260 1373 4299 :
1404 4254 1565 4317 atque
1614 4245 1718 4302 hoc
1767 4249 1985 4306 nomine

390 4340 893 4416 pseudoprophetas
942 4338 1237 4407 nuncupari
1288 4336 1492 4407 aliquot
1548 4337 1683 4393 locis
1734 4338 1981 4408 legimus.

390 4438 653 4494 Volucres
680 4440 856 4488 autem
877 4432 998 4487 crs-li
1019 4444 1165 4500 stepe
1193 4444 1416 4484 numero
1443 4429 1746 4486 immundos
1766 4432 1989 4499 spiritus

390 4525 759 4599 cognominari
806 4495 1113 4579 didicimus.
1162 4521 1253 4575 Dei
1307 4534 1436 4592 ergo
1483 4521 1621 4577 ﬁlius
1664 4495 1986 4591 paucitatem
2014 4495 2063 4555 D

392 4617 739 4693 sequentium
774 4617 1061 4680 contuens,
1094 4622 1149 4669 et
1186 4613 1407 4671 doctore
1436 4613 1583 4684 legis,
1614 4612 1890 4672 difﬁdente
1917 4634 1985 4674 an

394 4709 715 4783 sequeretur
774 4709 977 4777 ipsum,
1029 4704 1320 4775 exprobrat
1368 4704 1846 4775 pseudoprophetis
1867 4722 1989 4764 esse

392 4804 601 4869 foveas,
624 4812 677 4857 et
698 4799 988 4855 immundis
1009 4797 1282 4867 spiritibus
1304 4796 1458 4851 nidos
1474 4798 1818 4866 quiescendi;
1839 4800 1982 4871 quod

395 4904 548 4953 extra
594 4904 782 4949 uavcm
808 4892 1005 4955 relicti,
1053 4890 1104 4944 id
1134 4898 1237 4956 est,
1267 4898 1416 4944 extra
1465 4889 1760 4951 Ecclesium
1806 4893 1988 4963 positi,

395 4986 572 5042 elTecti
601 4986 707 5041 sint
739 4984 1004 5041 incolatus
1048 4982 1671 5053 pseudoprophetarum,
1700 4993 1752 5041 et
1783 4983 1991 5041 habita.

394 5084 474 5139 tio
499 5080 804 5139 daemonum
837 5097 849 5133 :
882 5077 1049 5134 lilium
1079 5085 1258 5135 autem
1287 5075 1545 5144 hominis,
1579 5092 1641 5133 se
1673 5080 1882 5138 scilicet
1905 5086 1993 5143 cui

467 5249 543 5321 (a)
581 5247 638 5303 in
669 5246 920 5316 vulgatis,
953 5246 1169 5300 videtur.
1202 5245 1270 5297 At
1307 5242 1361 5296 in
1405 5255 1538 5296 mss.
1578 5243 1809 5312 jubetur,
1859 5261 1991 5318 quoa

394 5321 561 5378 modo
589 5318 718 5373 etin
746 5332 902 5373 sacro
933 5325 1101 5381 textu,
1122 5316 1283 5389 jussit
1312 5312 1593 5383 discipulos
1608 5330 1729 5369 suos
1757 5315 1830 5370 ire
1850 5325 1990 5374 trans

395 5395 687 5532 "737m
708 5467 766 5515 ut
793 5458 927 5514 infra
948 5472 997 5513 c.
1022 5457 1085 5513 2i
1100 5498 1113 5522 ,
1152 5473 1205 5510 ιι.
1228 5455 1286 5523 2,
1312 5462 1478 5532 vector
1499 5455 1717 5525 passive
1734 5456 1987 5516 sumitur.

477 5526 549 5603 (c)
591 5531 965 5603 gss._snmnio
984 5542 1279 5603 consensu,
1310 5526 1500 5603 culpis.

473 5596 556 5668 (tl)
598 5600 765 5663 Editi,
816 5617 948 5655 unus
976 5600 1028 5653 in
1073 5599 1215 5653 caelis
1256 5607 1348 5652 est.
1380 5596 1603 5668 Rectius
1646 5611 1779 5655 mss.
1825 5597 1985 5665 uirus,

399 5684 528 5747 puta
559 5673 680 5729 loco
727 5672 968 5727 mortui:
997 5677 1051 5726 et
1081 5671 1208 5753 hoc,
1248 5669 1366 5797 puia
1395 5685 1491 5752 per.
1515 5667 1610 5751 Det
1655 5668 1809 5739 ﬁdem
1850 5670 1989 5731 siros

399 5746 513 5797 uiuo
542 5752 774 5797 oporteat
801 5741 1085 5797 adhaerere.
1110 5750 1167 5797 ut
1195 5758 1248 5797 tn
1274 5755 1331 5796 ra
1356 5740 1651 5797 SUleCllui‘.

399 5739 513 5801 ilico
542 5752 774 5814 aperteat
801 5741 1085 5810 adhere",
1110 5750 1167 5797 ut
1195 5739 1331 5797 infra
1356 5739 1651 5811 subjicitur.

2067 1839 2256 1911 tendit,
2290 1843 2579 1916 perfectam
2606 1845 2660 1900 in
2690 1861 2749 1901 se
2778 1844 2935 1909 ﬁdem
2967 1846 3111 1901 nulla
3141 1844 3414 1900 saecularis
3443 1844 3497 1898 in
3524 1844 3659 1900 alte~

2065 1953 2184 1994 rum
2213 1930 2375 1993 ofﬁcii
2427 1934 2688 2009 religione
2729 1953 2851 1997 esse
2898 1936 3202 1992 devinctam
3242 1935 3481 1994 :deinde
3508 1934 3653 1990 inter

2064 2026 2275 2086 ﬁdelem
2320 2028 2485 2085 lilium
2517 2040 2833 2101 patremque
2874 2029 3143 2084 inﬁdelem
3185 2029 3274 2097 jus
3318 2027 3524 2097 paterni
3556 2041 3655 2081 no-

2065 2120 2228 2180 minis
2259 2140 2363 2177 nou
2396 2122 2640 2193 relinqui.
2687 2121 2804 2177 Non
2846 2121 3005 2194 igitur
3035 2119 3349 2188 obsequium
3396 2116 3654 2173 humandi

2064 2216 2232 2287 patris
2256 2215 2468 2285 negavit
2498 2232 2509 2267 τ
2540 2204 2633 2269 sed
2659 2211 2927 2275 addendo.
2960 2208 3168 2267 Dimitte
3190 2220 3414 2264 mortuos
3438 2208 3663 2279 sepelire

2066 2320 2292 2363 mortuos
2313 2323 2453 2375 suos,
2478 2306 2758 2363 admonuit
2782 2320 2884 2361 non
2904 2303 3189 2363 admisceri
3212 2302 3486 2361 memoriis
3505 2316 3663 2359 sane-

2068 2409 2245 2455 torum
2278 2407 2517 2455 mortuos
2559 2398 2839 2453 inﬁdeles:
2870 2407 3109 2453 mortuos
3152 2405 3328 2452 autem
3370 2394 3533 2451 etiam
3564 2408 3661 2449 eos

2069 2506 2221 2558 esse,
2252 2491 2341 2562 qui
2367 2502 2517 2547 extra
2551 2489 2715 2545 Deum
2746 2489 2949 2544 vivant.
2983 2489 3047 2543 Et
3075 2488 3276 2543 idcirco
3306 2496 3486 2543 mutua
3519 2501 3664 2541 mor-

2070 2586 2176 2643 tuis
2202 2584 2377 2640 oiﬁcia
2405 2578 2774 2653 relinquenda,
2802 2589 2861 2637 ut.
2887 2581 3081 2636 mortui
3109 2580 3439 2652 sepeliantur
3462 2594 3491 2633 a
3517 2593 3664 2635 mor—

2072 2681 2222 2736 tuis:
2256 2677 2375 2751 quia
2427 2691 2523 2748 per
2568 2675 2661 2731 Dei
2711 2672 2869 2731 ﬁdem
2916 2668 3066 2731 vivos
3112 2656 3253 2726 vivo-
3278 2680 3525 2743 oporteat
3568 2668 3663 2725 ad—

2071 2773 2301 2830 haerere.

2665 2882 2893 2940 CAPUT
2934 2880 3064 2938 VIII.

2075 3001 2156 3058 De
2179 3001 2445 3072 discipulis
2480 3000 2535 3054 in
2563 2999 2681 3053 navi
2726 2996 3064 3052 excitantibus
3107 2993 3309 3056 Iesum,
3360 2991 3424 3045 de
3469 2990 3668 3044 duobus

2148 3093 2478 3150 dtemoniacis
2505 3093 2557 3145 in
2584 3100 2717 3144 terra
2748 3087 3147 3153 Gerasenorum,
3170 3084 3235 3139 de
3268 3083 3554 3155 paralytico
3573 3097 3667 3137 cu-

2150 3197 2262 3242 rato
2283 3195 2328 3239 et
2359 3186 2543 3265 lectum
2571 3185 2850 3255 auferente.

2153 3326 2204 3380 l.
2246 3322 2476 3379 Cltrislus
2524 3318 2729 3393 quando
2779 3326 2823 3372 et
2867 3327 3054 3390 quanto
3094 3314 3323 3391 periculo
3369 3314 3589 3369 dormiat
3618 3313 3674 3377 in

2079 3418 2243 3475 nobis.
2276 3446 2346 3457 —
2376 3413 2441 3468 Et
2481 3410 2781 3468 ascendente
2831 3427 2889 3463 eo
2928 3410 2982 3462 in
3037 3402 3341 3473 naviculam,
3376 3407 3529 3461 secuti
3555 3415 3672 3463 sunt

2080 3527 2193 3565 eum
2223 3507 2484 3579 discipuli.
2537 3504 2599 3558 Et
2638 3518 2750 3556 ecce
2778 3508 3046 3572 tempestas
3088 3515 3273 3567 magna
3320 3500 3456 3569 {acta
3500 3506 3573 3552 est
3619 3499 3672 3555 in

2080 3601 2235 3668 mari,
2277 3607 2331 3653 et
2363 3596 2566 3667 reliqua
2617 3590 2844 3667 (Matth.
2878 3606 2992 3656 vm,
3022 3589 3095 3644 ‘25
3137 3599 3183 3643 et
3222 3583 3422 3661 seqq.).
3472 3584 3671 3643 Navem

2082 3688 2359 3758 discipulis
2399 3686 2740 3757 introgreSsis
2781 3690 3071 3751 tempestas
3112 3680 3302 3745 oritur,
3336 3695 3484 3735 mare
3523 3694 3674 3735 com-

2085 3788 2350 3847 movetur,
2378 3779 2688 3853 navigantes
2716 3775 3015 3833 turbantur.
3041 3772 3160 3847 ipse
3181 3787 3311 3828 vero
3331 3788 3522 3827 somno
3545 3787 3674 3828 conv

2085 3876 2290 3948 sopitus
2314 3873 2379 3948 (ἔ)
2417 3874 2717 3929 timentium
2743 3881 2887 3926 metu
2908 3871 3191 3935 excitatur,
3225 3866 3409 3923 oratur
3430 3878 3486 3927 ut
3514 3884 3674 3937 Opem

2086 3971 2292 4028 afferat.
2324 3970 2389 4029 Et
2432 3964 2706 4041 increpitis
2750 3964 2817 4019 iis
2844 3962 2983 4037 quod
3032 3960 3256 4017 modica!
3300 3967 3485 4015 essent
3526 3960 3673 4025 ﬁdei,

2085 4076 2246 4122 vento
2273 4068 2328 4120 et
2363 4061 2500 4118 mari
2527 4056 2967 4130 tranquillitatem
2997 4055 3300 4125 imperavit,
3335 4050 3403 4126 (f)
3433 4070 3551 4109 cum
3580 4053 3675 4107 ad-

2086 4158 2371 4215 miratione
2398 4153 2674 4209 hominum
2720 4148 3003 4221 prteceptis
3042 4147 3159 4219 ejus
3195 4156 3413 4201 ventum
3443 4154 3499 4200 et
3527 4159 3677 4201 mare

2087 4251 2354 4311 obedisse.
2389 4247 2555 4319 igitur
2585 4245 2881 4303 secundum
2920 4240 3037 4298 haec.
3064 4240 3332 4306 ecclesiae,
3361 4240 3501 4296 intra
3543 4255 3679 4310 quas

2086 4347 2309 4403 verbum
2337 4344 2429 4400 Dei
2452 4357 2557 4398 non
2582 4340 2902 4410 vigilaverit,
2924 4335 3194 4402 naufragae.
3215 4343 3340 4388 sunt
3365 4351 3379 4387 :
3408 4349 3513 4387 non
3535 4332 3677 4404 quod

2088 4440 2334 4497 Christus
2358 4439 2411 4493 in
2435 4450 2679 4493 somnum
2709 4434 2980 4489 relaxetur
3000 4474 3012 4495 ,
3056 4429 3316 4499 sedquod
3340 4442 3531 4484 somno
3559 4439 3685 4485 nos-

2091 4541 2176 4587 tro
2201 4520 2547 4600 conso'pialur
2575 4527 2627 4582 in
2661 4526 2836 4581 nobis.
2856 4524 3085 4580 Maxime
3104 4532 3281 4576 autem
3304 4519 3434 4575 illud
3465 4517 3680 4585 accidit,

2087 4632 2200 4679 uta
2226 4622 2333 4678 Deo
2360 4623 2437 4690 (α)
2480 4619 2742 4689 praecipue
2771 4618 2822 4671 in
2878 4614 3101 4685 periculi
3151 4622 3293 4667 metu
3321 4623 3373 4667 et
3400 4611 3682 4666 vexatione

2091 4728 2389 4785 speremus.
2423 4713 2597 4781 Atque
2622 4710 2824 4765 utinam
2855 4707 2937 4763 vel
2962 4722 3087 4774 spes
3126 4719 3242 4758 sera
3279 4702 3511 4758 conﬁdat
3554 4716 3677 4756 sese

2095 4807 2390 4879 periculum
2420 4818 2577 4874 posse
2604 4802 2857 4865 evadere,
2890 4798 3088 4859 Christi
3119 4796 3200 4870 (It)
3227 4797 3365 4855 intra
3396 4811 3455 4850 se
3486 4794 3682 4850 virtute

2092 4899 2367 4971 vigilante.
2398 4897 2718 4967 Perpetuam
2762 4902 2942 4951 autem
2974 4889 3129 4945 nobis
3159 4886 3545 4960 objurgationis
3572 4902 3684 4941 sua:

2094 4991 2522 5049 recordationem
2553 4987 2786 5053 reliquit,
2818 4983 3026 5039 dicens:
3060 4976 3282 5035 Modica:
3302 4981 3445 5051 fidei,
3476 4979 3598 5051 quid
3621 4980 3687 5033 ti.

2093 5086 2220 5140 mitti
2243 5084 2363 5140 estis
2416 5079 2581 5152 (Isid.
2610 5077 2741 5149 26)?
2770 5083 2970 5131 metum
2994 5072 3204 5128 scilicet
3237 5082 3477 5126 motuum
3510 5085 3683 5127 szecu-

2172 5247 2244 5321 (e)
2285 5242 2635 5301 Carnutensis
2664 5237 2833 5296 codex
2857 5251 2977 5292 cum
2998 5249 3108 5291 uno
3134 5233 3284 5293 Colb.
3320 5231 3643 5304 compositus.

2193 5339 2239 5412 ι’)
2277 5332 2434 5399 illud,
2455 5331 2969 5412 cumadmiratione
2990 5327 3276 5395 hominum,
3304 5323 3546 5383 eatndem
3576 5321 3685 5376 vim

2095 5400 2259 5467 habet
2287 5425 2368 5472 ac,
2397 5406 2721 5464 mirantibus
2749 5400 3080 5457 hominibus.

2170 5501 2248 5575 (g)
2289 5500 2497 5575 Latinio
2539 5494 2864 5565 coniectanti
2890 5492 3177 5565 legendum
3218 5505 3339 5547 esse
3385 5485 3684 5558 pmsidium

2093 5573 2201 5631 non
2226 5573 2584 5642 suilragantur
2612 5582 2745 5624 mss.

2185 5664 2266 5739 (Ιι)
2307 5663 2558 5739 Vulgati,
2609 5662 2745 5715 intra
2793 5676 2888 5716 nos
2931 5657 3169 5715 servitute
3209 5652 3448 5724 vigilante
3474 5664 3492 5704 :
3521 5648 3693 5707 curri-9

2108 5735 2305 5810 guntur
2328 5735 2647 5792 auctoritate
2666 5744 2797 5789 mss.
3432 5754 3435 5757 Α
