4172 6188
484 226 594 286 959

1674 231 1920 290 SANCTI
1950 230 2201 288 HILARII
2233 232 2538 294 EPISCOPI

3676 244 3784 303 9C0

484 341 703 411 larium,
750 357 874 401 cum
919 345 1113 418 quibus
1141 347 1215 424 (α)
1247 347 1447 404 Christi
1471 347 1601 405 ﬁdes
1642 347 1847 420 vigilet,
1879 347 2084 402 nullum
2113 349 2168 408 Α
2195 352 2473 417 praesentis
2500 352 2774 411 infestam.
2804 357 2968 428 Igitur
2997 368 3056 416 ut
3075 367 3220 417 esset
3249 360 3302 415 in
3330 357 3494 416 rebus
3521 361 3781 432 gerendis

488 447 612 491 esse
643 444 912 505 oportere.

560 526 618 580 2.
659 525 916 596 Discipuli
945 544 1037 583 cur
1053 532 1168 604 jam
1196 531 1423 587 homines
1442 574 1457 598 ,
1503 550 1606 587 non
1631 533 1873 601 discipuli
1910 533 2090 586 dican-

491 624 592 669 tur.
640 645 710 656 ——
757 616 1118 689 Consequitur
1147 620 1342 677 deinde
1376 623 1653 678 hominum
1695 623 1980 678 admiratio
2009 624 2091 678 di-

495 707 755 761 centium:
790 707 973 774 Qualis
1004 712 1090 766 hic
1117 713 1266 767 homo
1289 724 1383 780 est,
1413 717 1550 786 quod
1571 717 1704 771 venti
1733 727 1779 770 et
1807 734 1947 770 mare
1973 717 2092 771 obe-

493 798 644 853 dinnt
685 799 731 854 ei
792 799 955 874 (Ibid.
993 803 1128 876 27)?
1177 804 1292 860 Non
1323 806 1710 878 discipulorum
1758 807 1846 863 hic
1889 824 2090 876 sermo,

493 891 591 947 sed
633 895 873 963 gentium
919 907 1020 952 est.
1071 897 1203 953 Nam
1251 915 1373 954 cum
1419 902 1668 971 superius
1699 910 1756 958 et
1797 902 2093 972 discipulos

495 991 702 1039 tantum
733 1003 922 1043 navem
953 988 1228 1057 introisse,
1262 1002 1315 1046 et
1354 1007 1383 1045 a
1411 992 1691 1062 discipulis
1714 1003 1920 1048 tantum
1945 994 2094 1048 exci-

500 1085 666 1132 tatum
715 1093 835 1134 esse
877 1079 1134 1147 dixisset;
1169 1099 1312 1139 nunc
1354 1083 1650 1140 admiratos
1699 1099 1820 1141 esse
1845 1071 2095 1140 homines

499 1170 787 1240 signiﬁcat,
820 1173 893 1244 (b)
923 1173 1231 1230 hominibus
1273 1169 1545 1232 lioniinem
1576 1175 1739 1249 704
1777 1177 1828 1231 in
1860 1178 1971 1246 ipsa
1997 1174 2094 1230 atl-

502 1264 790 1318 miratione
834 1265 1155 1322 dicentibus.
1187 1269 1304 1336 Qua
1335 1270 1611 1324 nominum
1633 1267 1992 1323 conversione
2014 1269 2098 1323 in-

503 1354 782 1424 telligitur,
827 1356 1006 1411 omnia
1036 1373 1199 1426 opera
1231 1359 1453 1426 Christi,
1502 1374 1798 1429 omnesque
1845 1359 1964 1428 ejus
1990 1359 2098 1412 vir-

505 1455 648 1501 tutes
691 1456 747 1500 ut
791 1447 884 1502 Dei
928 1463 1050 1503 esse
1098 1449 1389 1504 laudandas
1432 1451 1602 1521 :quia
1652 1449 1846 1520 piaculi
1884 1449 2101 1520 gentilis

505 1539 902 1610 miserrimiqne
946 1543 1144 1596 erroris
1189 1543 1468 1598 stultitiam
1515 1543 1896 1610 demonstrat,
1945 1542 2090 1613 quod

504 1641 629 1683 eum
659 1645 726 1684 ex
759 1630 1057 1688 humilitate
1091 1634 1354 1702 passionis
1386 1635 1657 1690 hominem
1687 1636 1862 1706 potius
1890 1651 2092 1690 nuncu-

506 1729 656 1790 pent,
687 1737 850 1792 quam
877 1738 941 1778 ex
974 1725 1258 1780 virtutibus
1291 1728 1476 1782 Deum.

579 1816 632 1870 5.
670 1812 740 1868 Et
769 1832 886 1869 cum
906 1819 1121 1872 venisset
1151 1827 1293 1872 trans
1327 1821 1510 1891 fretum
1534 1821 1588 1874 in
1613 1821 1867 1891 regionem
1893 1819 2109 1875 Gerase-

509 1922 714 1968 norum,
745 1919 1078 1962 occurrerunt
1109 1911 1155 1963 ei
1185 1909 1289 1964 duo
1321 1910 1554 1966 homines
1584 1912 1839 1966 dannonia
1870 1912 2108 1966 habentes

511 1997 575 2051 de
615 2002 956 2053 monumentis
1002 2012 1270 2068 exeuntes,
1305 2003 1580 2072 periculosi
1619 2005 1792 2069 nimis,
1824 2013 1878 2058 et
1907 2004 2111 2074 reliqua

511 2085 678 2158 (Ibid.
704 2086 818 2159 9.8).
855 2091 1024 2144 Duum
1057 2091 1332 2147 hominum
1365 2109 1624 2150 occursus
1645 2136 1660 2160 ,
1704 2095 2009 2150 daemonum
2057 2097 2109 2151 in

511 2179 648 2236 duos
690 2181 937 2239 homines
982 2184 1140 2256 longa
1179 2187 1472 2256 possessio,
1517 2197 1572 2244 et
1600 2189 1899 2259 periculosa
1931 2197 2110 2244 trans-

511 2275 764 2331 euntibus
820 2278 928 2339 via,
978 2286 1033 2333 ct
1061 2280 1448 2351 trausfugiendi
1478 2281 1529 2336 in
1559 2297 1754 2353 porcos
1781 2282 2109 2353 deprecatio,

513 2376 568 2422 et
617 2369 858 2438 purgatis
902 2368 1209 2426 hominibus
1236 2375 1414 2444 gregis
1453 2373 1622 2443 ipsius
1660 2389 1757 2444 per
1785 2389 2027 2444 praeceps
2059 2373 2112 2428 in

515 2477 664 2517 mare
691 2478 869 2529 casus,
902 2465 1099 2521 dehinc
1141 2475 1416 2536 pastorum
1454 2470 1508 2523 in
1539 2469 1796 2538 Oppidum
1831 2469 1952 2538 luga
1972 2511 1986 2536 ,
2010 2484 2112 2540 po-

519 2560 626 2628 puli
670 2560 736 2615 de
781 2562 1004 2618 civitate
1047 2579 1386 2635 progressus,
1430 2574 1486 2622 et
1527 2580 1593 2620 ne
1631 2566 1822 2620 urbem
1856 2566 2114 2621 Dominus

516 2652 689 2709 adiret
719 2655 931 2726 legatio,
966 2667 1019 2713 et
1050 2658 1257 2715 reditus
1287 2659 1403 2729 ejus
1435 2659 1492 2713 in-
1519 2660 1768 2728 patriam,
1802 2667 1857 2713 et
1889 2660 1998 2715 illic
2023 2675 2114 2729 pa-

517 2749 726 2821 ralyticl
757 2749 809 2804 in
840 2751 980 2807 lecto
1003 2753 1238 2823 jacentis
1268 2753 1499 2819 oblatio,
1532 2762 1586 2808 et
1619 2751 1690 2824 (ε)
1723 2768 1820 2822 pro
1848 2753 1968 2806 ﬁdei
2002 2767 2112 2808 tne-

519 2844 624 2898 rito
652 2844 702 2898 in
747 2853 990 2913 tempore
1022 2846 1140 2916 ipso
1178 2855 1519 2915 peccatorum
1561 2847 1835 2911 remissio,
1880 2853 1935 2900 et
1967 2860 2112 2898 mur-

523 2951 646 2989 mur
687 2935 1020 3002 Scribarum,
1075 2946 1129 2992 et
1169 2939 1384 2993 virtutis
1423 2937 1716 3001 confessio,
1748 2945 1803 2992 ct
1840 2937 2114 3008 paralytici

522 3029 682 3084 etiam
723 3031 824 3085 sub
850 3044 1016 3085 onere
1047 3031 1229 3086 lectuli
1262 3035 1314 3086 in
1335 3031 1555 3085 domum
1588 3029 1825 3096 reditus,
1854 3038 1910 3085 et
1939 3029 2117 3084 homi-

523 3136 648 3181 num
673 3121 979 3188 admiratio,
1008 3121 1144 3177 hanc
1170 3123 1368 3178 habent
1391 3138 1630 3177 causam.

593 3214 649 3266 4.
687 3212 954 3267 Dwmones
981 3232 1008 3268 e
1051 3216 1283 3284 gentibus
1327 3218 1529 3286 expulsi
1562 3215 1828 3282 ha'reticos
1868 3215 2109 3270 obtinent.

523 3299 756 3356 Christus
794 3319 825 3355 a
856 3301 1060 3357 Iudaeis
1100 3299 1399 3374 repudiatus
1431 3322 1553 3360 ABIT
1600 3324 1668 3361 an
1698 3320 1930 3363 chrrzs.
1956 3338 2024 3350 —
2056 3308 2112 3362 In

518 3397 744 3451 exordio
771 3397 986 3467 generis
1018 3397 1238 3453 humani
1277 3401 1329 3454 in
1375 3408 1484 3454 trcs
1515 3398 1613 3454 fuit
1656 3400 1872 3454 humani
1902 3402 2117 3470 generis

519 3488 732 3556 divisio,
761 3489 873 3545 Noe
900 3493 1109 3547 scilicet
1153 3492 1314 3558 ﬁlios,
1337 3508 1402 3548 ex
1434 3493 1628 3563 quibus
1658 3493 1954 3550 secundum
1988 3508 2114 3563 pro-

521 3581 760 3653 phetiam
791 3582 1040 3651 Genesis,
1070 3583 1196 3640 Setn
1228 3585 1280 3638 in
1315 3585 1712 3654 pOSsessionem
1749 3585 1842 3640 Dei
1876 3585 2118 3640 delectus

520 3682 622 3728 est.
654 3674 820 3728 Extra
853 3676 1042 3730 urbem
1071 3687 1274 3738 autem,
1308 3676 1359 3730 id
1390 3688 1468 3731 est
1492 3719 1506 3742 ,
1537 3684 1688 3732 extra
1737 3676 1870 3748 legis
1897 3685 1953 3732 et
1989 3692 2118 3748 pro—

520 3766 808 3837 phetarum
839 3781 1162 3837 synagogam
1191 3808 1204 3832 ,
1233 3768 1369 3822 duos
1400 3767 1647 3824 homines
1679 3769 1729 3822 in
1761 3770 2124 3824 monumentis

526 3855 804 3911 daanones
832 3857 1147 3912 detinebant
1182 3876 1194 3911 :
1229 3857 1453 3912 duarum
1499 3860 1708 3914 scilicet
1741 3862 1983 3930 gentium
2015 3863 2123 3916 ori-

522 3951 674 4021 gines
698 3951 836 4006 intra
853 3951 1228 4008 defunctorum
1259 3953 1415 4008 sedes
1436 3960 1490 4007 et
1505 3960 1840 4008 mortuorum
1870 3955 2122 4026 reliquias

523 4043 887 4112 obsederant,
948 4044 1248 4102 efﬁcientes
1301 4044 1758 4116 praetereuntibus
1805 4045 1946 4100 viam
1998 4047 2122 4100 vita:

597 4231 676 4305 (ιι)
714 4232 820 4289 Sex
848 4248 977 4305 mss.
1003 4232 1236 4288 Christus
1260 4231 1474 4305 vigilet:
1497 4245 1614 4305 (non
1646 4230 1753 4285 alio
1777 4244 1963 4305 sensu,
1992 4244 2115 4305 cum

525 4301 804 4360 secundum
835 4303 989 4373 ﬁdem
1034 4315 1260 4356 nostrain
1291 4301 1379 4354 aut
1406 4301 1697 4373 vigilantem
1725 4313 1814 4355 aut
1846 4301 2118 4373 dormien-

528 4387 648 4435 tem,
673 4385 727 4430 et
751 4371 888 4428 Deus
909 4385 964 4428 et
987 4374 1236 4427 Christus
1259 4375 1310 4427 in
1335 4373 1489 4426 nobis
1513 4371 1731 4441 vigilent
1752 4381 1806 4427 et
1825 4372 2111 4435 dormiant,

2191 440 2353 497 futuri
2387 445 2544 514 plena
2592 448 2891 516 meditatio,
2924 453 3160 508 venienti
3194 451 3420 507 Domino
3457 451 3564 506 duo
3605 452 3781 506 homi-

2193 551 2288 592 nes
2312 548 2604 594 occurrunt
2631 557 2645 596 :
2677 550 2739 596 ut
2759 559 2987 600 occursu
3013 559 3221 611 eorum,
3246 545 3679 600 concurrentium
3715 543 3784 599 ad

2192 629 2421 685 salutem
2447 632 2695 688 voluntas
2727 635 3071 692 indicaretur.
3095 638 3202 694 Sed
3243 637 3296 691 in
3331 637 3638 692 hominibus
3667 637 3786 694 dte-

2196 733 2383 776 mones
2414 724 2767 792 proclamant,
2797 741 2894 783 cur
2917 728 3098 785 sedem
3130 729 3383 794 invideat,
3411 743 3508 784 cur
3536 737 3663 783 ante
3696 728 3788 796 ju—

2195 810 2322 866 dicii
2365 821 2579 884 tempus
2619 817 2858 874 infestet.
2907 821 3202 890 Adjacebat
3248 822 3410 876 etiam
3451 821 3530 875 eis
3577 820 3790 878 duobus

2195 904 2434 972 gentium
2461 909 2674 976 pepulis
2706 911 2854 980 plebs
2883 911 2962 984 (ιι)
2988 928 3050 968 ex
3080 912 3436 983 Scm‘genere
3461 913 3790 970 Sadduczeo-

2199 1011 2340 1060 rum,
2371 1013 2596 1066 quorum
2629 1000 2852 1058 haeresis
2879 1019 2946 1058 ex
2974 1003 3176 1059 Iudaeis
3201 1013 3408 1074 negata:
3440 1006 3796 1060 resurrectio-

2200 1086 2291 1141 nis
2322 1090 2587 1158 piaculum
2617 1105 2719 1148 est.
2745 1094 2996 1151 Videntes
3024 1097 3186 1166 igitur
3209 1095 3486 1151 daemones
3505 1137 3519 1160 ,
3553 1111 3662 1151 non
3689 1097 3792 1152 sibi

2195 1185 2306 1255 jam
2346 1183 2520 1240 locum
2555 1188 2604 1242 in
2631 1189 2882 1258 gentibus
2917 1188 3219 1258 derelinqui
3242 1230 3256 1254 ,
3286 1200 3342 1242 ut
3370 1190 3602 1258 patiatur
3632 1188 3787 1244 habi-

2203 1286 2318 1333 tare
2349 1293 2407 1334 se
2436 1279 2488 1332 in
2519 1279 2786 1336 lueretieis
2809 1281 3169 1350 deprecantur
3202 1298 3215 1333 :
3243 1279 3437 1351 quibus
3467 1280 3746 1349 occupatis
3765 1321 3784 1346 ,

2205 1378 2348 1423 totus
2379 1371 2430 1424 in
2466 1386 2612 1426 mare
2643 1371 2844 1442 impetu
2869 1371 3059 1442 rapido
3089 1387 3186 1441 per
3214 1386 3454 1442 praeceps
3478 1387 3609 1441 grex
3638 1386 3801 1428 coac-

2204 1470 2289 1515 tus
2311 1471 2396 1517 est
2423 1481 2436 1516 :
2471 1465 2520 1518 in
2545 1464 2888 1532 cupiditatem
2917 1465 3124 1520 scilicet
3145 1464 3215 1537 (e)
3245 1465 3564 1520 sascularem
3595 1465 3804 1521 daemo-

2205 1568 2331 1607 num
2368 1554 2768 1624 pra-cipitantur
2793 1557 3068 1620 instinctu,
3103 1558 3156 1610 in
3178 1555 3330 1624 aquis
3359 1555 3582 1621 multis,
3605 1557 3655 1611 id
3687 1565 3802 1624 est,

2205 1659 2326 1699 cum
2357 1646 2680 1716 reliquarum
2705 1649 2944 1718 gentium
2976 1647 3138 1720 705
3167 1646 3480 1702 infidelitate
3526 1647 3800 1701 morituri.

2135 1737 2182 1797 B
2213 1737 2388 1804 Atque
2405 1737 2564 1791 etiam
2586 1737 2636 1791 in
2657 1739 2758 1792 hoc
2772 1740 2944 1806 typica
2964 1740 3102 1792 ratio
3118 1747 3327 1792 servata
3345 1747 3448 1802 est,
3471 1748 3648 1794 utnon
3671 1739 3810 1794 satis

2213 1837 2358 1883 esset
2378 1828 2580 1884 dixisse
2608 1830 2972 1900 prmcipitatos
2999 1829 3052 1885 in
3078 1845 3243 1893 mare,
3267 1828 3366 1883 nisi
3391 1829 3552 1884 etiam
3579 1830 3816 1885 addere-

2217 1927 2322 1986 tur,
2350 1919 2415 1974 Et
2441 1921 2628 1976 mortui
2655 1934 2770 1974 sunt
2797 1921 2850 1974 in
2881 1921 3027 1990 aquis
3053 1921 3244 1981 multis.
3270 1919 3510 1988 Quorum
3538 1921 3816 1992 principes

2215 2020 2376 2080 atque
2419 2019 2664 2081 pastores
2707 2027 2888 2066 rerum
2919 2011 3103 2066 talium
3132 2010 3490 2068 admiratione
3515 2013 3708 2068 turbati
3739 2014 3818 2068 ad

2217 2103 2401 2159 urbem
2434 2103 2678 2166 veniunt,
2701 2113 2752 2158 et
2774 2119 2893 2173 qua:
2917 2113 3066 2173 gesta
3091 2114 3218 2159 sunt
3245 2105 3493 2159 nuntiant
3515 2104 3678 2178 (Ibid.
3706 2104 3807 2172 δί,

2216 2195 2331 2266 55).
2361 2194 2503 2251 Urbs
2530 2195 2618 2250 illa
2648 2194 2852 2251 Judaici
2882 2195 3062 2266 populi
3107 2195 3265 2252 habet
3293 2199 3553 2266 Speciem,
3590 2195 3660 2272 (Ῑ)
3687 2214 3822 2265 qua:

2216 2285 2412 2342 Christi
2445 2286 2696 2356 operibus
2724 2285 2920 2339 auditis
2945 2325 2961 2353 ,
2992 2285 3220 2340 Domino
3247 2301 3348 2341 suo
3371 2287 3586 2342 obviam
3614 2290 3821 2359 pergit,

2217 2379 2508 2450 prohibens
2531 2396 2598 2435 ne
2623 2380 2756 2436 ﬁnes
2777 2395 2902 2434 suos
2924 2379 3218 2451 urbemque
3237 2383 3613 2453 contingeret;
3637 2397 3826 2454 neque

2217 2472 2358 2527 enim
2386 2472 2672 2543 Evangelia
2705 2470 2782 2546 lg)
2807 2472 2890 2526 lex
2926 2471 3116 2540 recipit
3150 2490 3162 2526 :
3193 2487 3221 2525 a
3249 2488 3351 2543 qua
3384 2473 3722 2548 repudiatus,
3753 2475 3817 2530 in

2217 2567 2485 2621 civitatem
2517 2581 2668 2620 suam
2704 2566 2990 2621 revertitur
3012 2565 3227 2638 (Matth.
3261 2581 3336 2632 ix,
3372 2565 3446 2636 l).
3481 2567 3560 2639 (It)
3599 2568 3706 2624 Deo
3733 2568 3826 2623 ci-

2217 2660 2355 2715 vitas
2380 2660 2616 2716 ﬁdelium
2643 2660 2794 2731 plebs
2838 2670 2940 2716 est.
2991 2660 3046 2715 In
3075 2659 3215 2716 hanc
3245 2660 3405 2732 igitur
3448 2661 3593 2727 navi,
3637 2661 3689 2716 id
3729 2669 3825 2718 est

2217 2753 2277 2826 (i)
2312 2752 2572 2816 Ecclesia,
2607 2760 2789 2807 vectus
2819 2752 3041 2806 introiit.

2290 2847 2344 2901 5.
2375 2835 2779 2900 Adam'otnimiit
2805 2848 3023 2900 veniant.
3053 2876 3124 2887 —
3147 2845 3376 2917 Jamque
3416 2846 3470 2901 in
3514 2847 3822 2920 paralytico

2217 2940 2455 3010 gentium
2499 2938 2821 2993 universitas
2850 2937 3076 2994 oﬁertur
3101 2937 3390 2992 medenda.
3420 2937 3527 2994 Sed
3565 2947 3620 2994 et
3659 2954 3828 2995 cura-

2221 3031 2382 3086 tionis
2405 3030 2572 3098 ipsius
2600 3029 2761 3084 verba
2789 3039 2911 3084 sunt
2932 3029 3253 3086 continenda.
3288 3028 3406 3084 Non
3433 3028 3631 3084 dicitur
3659 3046 3827 3099 para-

2142 3115 2188 3179 C
2221 3121 2404 3192 lytico,
2440 3121 2616 3176 Sanus
2654 3129 2806 3182 esto;
2850 3136 2956 3175 non
3004 3119 3221 3186 dicitur,
3265 3119 3438 3190 Surge
3481 3130 3530 3176 et
3563 3121 3821 3189 ambula;

2217 3212 2311 3270 sed
2342 3213 2556 3282 dicitur,
2581 3211 2831 3267 Constans
2857 3223 2962 3266 esto
2989 3213 3089 3280 (ili,
3109 3213 3318 3266 remissa
3345 3224 3463 3266 sunt
3491 3212 3583 3266 tibi
3606 3225 3830 3283 peccata

2221 3317 2310 3361 tua
2339 3307 2503 3380 (Ibid.
2547 3305 2627 3378 2).
2676 3306 2733 3360 In
2765 3306 2934 3361 Adam
2983 3321 3089 3361 uno
3129 3316 3345 3374 peccata
3387 3306 3652 3361 universis
3689 3321 3832 3376 gen-

2222 3397 2362 3452 tibus
2391 3400 2754 3454 remittuntur.
2788 3399 2884 3454 Hic
2918 3399 3097 3468 itaque
3128 3397 3346 3468 Angelis
3385 3398 3824 3455 ministrantibus

2220 3490 2490 3547 curandus
2510 3490 2750 3553 olfertur,
2783 3491 2869 3546 hic
2897 3491 3037 3562 ﬁlius
3069 3499 3426 3559 nuncupatur,
3453 3491 3524 3564 (j)
3560 3491 3683 3560 quia
3714 3493 3831 3560 pri-

2226 3599 2370 3638 mum
2403 3583 2495 3637 Dei
2522 3597 2658 3651 opus
2687 3591 2768 3638 est
2799 3600 2812 3636 :
2840 3583 2963 3637 huic
2987 3582 3331 3638 remittuntur
3350 3582 3547 3637 anima:
3571 3592 3826 3652 peccata,

2231 3685 2286 3732 et
2334 3677 2662 3748 indulgentia
2710 3677 2896 3746 prima:
2941 3672 3384 3742 transgressionis
3422 3690 3488 3728 ex
3520 3676 3676 3730 venia
3717 3685 3826 3731 est.

2229 3770 2344 3826 Non
2378 3771 2519 3825 enim
2556 3771 2904 3840 paralyticum
2938 3783 3189 3840 peccasse
3227 3765 3431 3838 aliquid
3463 3768 3770 3838 accepimus
3810 3787 3826 3822 :

2228 3878 2349 3918 cum
2380 3862 2682 3932 praisertim
2730 3861 2835 3915 alio
2877 3861 2928 3914 in
2972 3861 3090 3915 loco
3122 3859 3264 3914 idem
3310 3859 3569 3913 Dominus
3605 3857 3826 3926 dixerit,

2229 3955 2524 4010 cmcitatem
2553 3968 2581 4006 a
2623 3953 2898 4006 nativitate
2943 3967 3050 4006 non
3088 3967 3152 4005 ex
3201 3960 3422 4018 peccato
3465 3957 3562 4004 aut
3607 3949 3830 4020 proprio

2229 4055 2323 4100 aut
2351 4055 2576 4116 paterno
2607 4043 2772 4100 fuisse
2800 4053 3132 4098 contractam
3163 4041 3349 4112 (Joan.
3375 4058 3460 4108 ix,
3485 4041 3564 4112 5).

2225 4229 2476 4283 nimirum
2509 4227 2768 4292 hatretici,
2797 4238 2956 4294 quam
2983 4238 3104 4279 cum
3131 4220 3360 4292 vulgatis
3385 4210 3820 4291 praecipitatur...

2225 4300 2525 4352 moriturus.

2301 4371 2368 4448 (ί)
2396 4371 2448 4422 In
2488 4368 2745 4448 vulgatis,
2764 4367 2871 4436 qui.
2897 4365 3086 4420 Melius
3109 4363 3162 4418 in
3185 4377 3318 4419 mss.
3345 4377 3480 4435 quia,
3504 4361 3626 4417 scil.
3654 4361 3810 4418 urbs.

526 4458 584 4500 ιιι
607 4447 895 4517 exponitur
924 4446 975 4499 in
1019 4446 1154 4517 psil.
1202 4459 1334 4517 cxx,
1383 4460 1436 4497 n.
1471 4443 1524 4517 9_.
1565 4439 1794 4517 :Rectius
1842 4451 2020 4496 tamen
2056 4444 2118 4517 in
2148 4457 2202 4517 D
2227 4439 2380 4517 Unde
2408 4450 2461 4517 et
2491 4439 2840 4517 m_ox_legitur
2864 4455 2895 4490 a
2920 4453 3050 4517 qua,
3075 4449 3179 4517 noii
3211 4452 3242 4488 a
3267 4452 3386 4517 quo.

527 4516 648 4572 aliis
679 4515 830 4571 libi-is
860 4513 1180 4582 expriujtur
1206 4515 1328 4568 lidei
1355 4513 1672 4569 vocabulum
1706 4525 1930 4584 propter
1957 4513 2122 4567 verba

530 4587 746 4642 modij
766 4587 907 4656 ﬁdei.

603 4656 678 4730 (b)
722 4654 916 4712 Vocem
944 4656 1233 4730 hominibus
1265 4655 1578 4730 invulgatis
1616 4654 1872 4708 omissam
1903 4667 2126 4730 revoca-

533 4724 744 4782 mus'ex
775 4743 904 4782 mss.
953 4729 1248 4782 retinentes
1291 4727 1448 4780 simul
1494 4725 1914 4795 subsequentem
1941 4765 1956 4790 ,
2004 4724 2122 4780 scil.

535 4800 807 4860 hominem,
835 4801 1078 4869 quamvis
1104 4799 1154 4852 in
1189 4797 1270 4851 his
1300 4797 1462 4853 desit.

607 4871 679 4941 (ο)
715 4868 882 4925 Abest
911 4887 1004 4939 pro
1031 4870 1152 4939 ﬁdei
1178 4870 1359 4923 merito
1387 4885 1415 4921 a
1445 4868 1616 4922 tribus
1646 4879 1778 4920 mss.

613 4962 692 5033 (d)
734 4963 790 5017 In
832 4963 1035 5033 aliquot
1079 4977 1208 5016 mss.
1263 4977 1326 5016 ex
1368 4975 1567 5033 genere,
1619 4957 2128 5033 oniissogvocahulo

540 5029 686 5096 Sent,
719 5035 858 5102 quod
888 5029 1108 5087 ninniuo
1137 5049 1258 5086 cum
1289 5029 1410 5085 aliis
1432 5031 1582 5084 libris
1609 5030 1970 5102 retinendum.
2007 5029 2129 5083 Vult

538 5101 1017 5174 quippellilarius,
1041 5105 1279 5174 gentium
1319 5101 1616 5174 iulidelitati
1659 5101 1960 5169 proximam
2004 5115 2125 5154 esse

540 5173 812 5244 lia-resim,
862 5173 1091 5230 maxime
1127 5191 1244 5244 qua!
1289 5173 1736 5228 resurrectionem
1787 5182 1962 5244 negat,
2005 5185 2125 5244 qua:

539 5243 723 5316 populi
755 5244 866 5309 Dei,
909 5259 1000 5296 seu
1030 5241 1244 5316 generis
1271 5245 1393 5299 Setn
1420 5249 1719 5311 portionem
1741 5241 1998 5316 corrupit.
2028 5241 2126 5316 llis

539 5311 700 5386 porro
740 5315 992 5386 explanat
1035 5311 1186 5386 illud,
1220 5315 1343 5369 Erat
1385 5325 1556 5386 autem
1597 5330 1699 5367 non
1733 5313 1880 5381 longe
1918 5311 1981 5364 ab
2021 5311 2128 5386 illis

540 5381 769 5459 (duobus
797 5381 1164 5454 dtemoniacis)
1202 5403 1326 5459 grex
1366 5385 1645 5459 multorum
1685 5399 1957 5459 porcorum
1991 5398 2010 5435 :
2036 5381 2127 5435 ubi

537 5455 590 5512 in
624 5458 801 5528 porcis
831 5458 1115 5510 haereticos
1141 5455 1382 5525 intelligit
1407 5455 1494 5510 hic
1523 5463 1578 5510 et
1609 5457 1767 5522 intra,
1801 5464 1857 5508 ut
1883 5464 1935 5507 et
1965 5467 2128 5522 supe-

534 5527 646 5584 rius
671 5543 790 5598 cap.
826 5527 880 5592 6,
916 5544 970 5581 n.
1006 5528 1058 5581 l.

607 5621 684 5689 (e)
737 5621 899 5682 Editi,
948 5619 1280 5689 smcularium
1326 5634 1345 5671 :
1389 5617 1786 5685 refragantibus
1831 5633 1962 5673 mss.
1994 5632 2129 5689 cum

532 5682 733 5757 quibus
789 5689 990 5749 deinde
1050 5682 1318 5746 malu’mus
1369 5682 1826 5758 praeipitantur...
1873 5686 2134 5753 morituri,

2303 4509 2381 4582 (g)
2412 4511 2466 4564 ln
2499 4505 2742 4582 pluribus
2769 4521 2900 4562 mss.
2926 4505 3290 4582 _’desid_er_atur-
3319 4507 3436 4571 lex;
3465 4518 3568 4574 quo
3587 4505 3833 4582 _nomiue

2229 4575 2544 4651 suppresso,
2577 4580 2797 4634 verbum
2829 4578 3013 4648 recipit
3043 4576 3108 4631 ad
3138 4575 3414 4630 Judaicum
3442 4576 3695 4644 populum
3726 4590 3819 4629 re-

2233 4653 2374 4700 ferre.
2404 4653 2614 4700 liceret.
2641 4649 2842 4700 Horum
2869 4649 2988 4700 luco
3016 4647 3154 4700 apud
3185 4646 3317 4700 Batl.
3361 4654 3572 4700 exstat.
3607 4661 3819 4700 evanue-

2233 4649 2374 4708 [θη-δ
2404 4653 2614 4706 liceret.
2641 4649 2842 4704 Horum
2869 4649 2988 4703 loco
3016 4649 3154 4716 apud
3185 4649 3317 4700 Bail.
3361 4654 3572 4704 exstat.
3607 4661 3830 4715 evange-

2233 4725 2332 4778 lica
2365 4724 2446 4776 lex
2483 4722 2724 4793 prazcepit
2755 4720 2943 4793 :_aptid
2971 4717 3070 4793 _Er.
3104 4717 3413 4793 Euangelica
3438 4718 3521 4770 lex
3543 4717 3782 4787 principis
3808 4734 3828 4770 :

2233 4794 2376 4864 apud
2409 4789 2575 4864 Lips._
2594 4790 2934 4864 euangelicum
2963 4790 3122 4858 legem
3153 4789 3398 4864 percepit.

2307 4863 2386 4936 (lt)
2437 4857 2601 4924 Editi,
2654 4857 2751 4915 Dei
2794 4861 2969 4936 civitas
3005 4857 3030 4936 ,ὲ
3071 4857 3643 4936 non_su_ll'ragant_ibus
3684 4872 3822 4936 mss.

2232 4928 2460 5006 quorum
2507 4943 2617 4988 tres
2662 4946 2787 4986 mox
2826 4929 3142 5000 subjiciunt,
3187 4931 3239 4982 in
3281 4929 3412 4983 hanc
3457 4929 3614 4999 igitur
3653 4928 3829 4984 sedem

2229 5007 2366 5067 navi,
2395 5015 2500 5059 etc.

2300 5098 2364 5168 (ὅ)
2395 5097 2484 5150 Sic
2515 5095 2881 5168 pluresAmss.
2903 5103 2964 5149 ut
2992 5095 3154 5168 etiam
3184 5090 3823 5168 conjectabat_Latinius.

2229 5161 2472 5234 At'editi,
2501 5161 2555 5220 id
2583 5177 2659 5221 est
2687 5166 2990 5220 Ecclesium.
3025 5166 3172 5219 lianc
3201 5161 3380 5216 autem
3414 5162 3658 5234 plurimis
3689 5161 3825 5234 locis

2232 5239 2413 5366 navim
2445 5233 2744 5308 nuncupari
2771 5239 2885 5308 ipse
2918 5236 3151 5292 Hilarius
3181 5235 3448 5304 superiori
3477 5233 3655 5302 capite
3684 5249 3741 5288 n.
3768 5233 3824 5299 9,

2233 5328 2264 5364 ο
2307 5319 2511 5364 servat.

2311 5401 2381 5476 (j)
2420 5401 2476 5455 In
2526 5399 2792 5476 vulgatis,
2841 5397 3220 5476 qui.__Rectius_
3260 5396 3312 5450 in
3361 5395 3824 5476 potioribusmss.

2232 5466 2404 5541 quia:
2437 5486 2541 5537 qua
2571 5466 2826 5540 particula
2857 5468 3098 5523 redditur
3125 5469 3258 5522 ratio
3285 5482 3382 5521 cur
3413 5467 3578 5520 Adam
3617 5466 3830 5520 dicatur

2241 5545 2383 5590 lilins
2411 5542 2526 5590 Dei-
2559 5541 2623 5590 ad
2665 5541 3019 5590 imitationem
3057 5539 3260 5590 scilicet
3290 5538 3450 5590 Luem
3489 5551 3568 5590 ιιι.
3605 5537 3698 5590 38.
3741 5537 3828 5590 ubi

2240 5538 2383 5598 lilius
2411 5542 2526 5605 Dei,
2559 5538 2624 5595 ad
2665 5541 3019 5594 imitationem
3057 5539 3260 5592 scilicet
3290 5538 3450 5592 Luca!
3489 5551 3568 5599 Ill,
3605 5538 3698 5602 38,
3741 5538 3828 5590 tibi

2240 5617 2334 5690 ait.
2371 5614 2470 5690 Qui
2501 5615 2596 5690 fuit
2629 5611 2822 5690 Ilertes,
2848 5611 2935 5690 qui
2955 5609 3248 5690 fuit-‘Setli,
3278 5609 3366 5690 qui
3399 5608 3494 5678 fuit
3518 5607 3713 5690 (Adam:
3744 5607 3830 5690 qui

2242 5673 2339 5752 fuit
2365 5673 2684 5739 Dei.'Paulo
2711 5673 2834 5736 ante
2861 5673 3019 5747 Bodl,
3061 5676 3156 5734 Er.
3188 5683 3244 5734 et
3284 5673 3433 5750 Lips.
3465 5687 3588 5734 cum
3630 5673 3832 5745 aliquot
