4172 6188
374 271 474 329 961

1310 269 1852 330 COMMENTARIUS
1890 271 1957 328 IN
1998 269 2436 335 ΜΑΤΤΗᾹΞΟΜ.
2479 278 2634 335 CAP.
2677 277 2768 336 IX.

3564 282 3674 340 962

443 387 496 444 6.
543 385 798 443 Christum
817 401 925 441 esse
946 385 1311 460 Deum.--(a)
1347 389 1593 446 Veritatis
1619 389 1813 446 deinde
1836 389 1970 445 ordo
1997 390 2051 452 Α
2075 391 2420 464 credetur?);
2465 393 2700 464 alioquin
2745 394 2864 450 laus
2903 395 2970 451 de
3016 407 3124 451 uno
3173 394 3415 463 homine,
3453 410 3560 451 non
3603 397 3671 454 de

371 479 614 534 succedit
657 479 708 532 in
733 478 922 548 gestis,
965 479 1211 547 quamvis
1238 479 1406 534 futuri
1453 481 1663 550 species
1691 482 1971 551 expleatur

373 570 430 625 in
457 568 636 624 dictis.
671 568 847 623 Movet
876 568 1091 624 Scribas
1124 570 1405 625 remissum
1429 571 1496 626 ab
1523 570 1742 628 homine
1781 587 1972 642 pecea-

374 671 486 717 tum
513 659 728 731 (Matth.
763 676 846 726 ix,
885 659 942 732 ὅ)
973 678 986 714 :
1020 662 1292 718 hominem
1332 663 1474 717 enim
1508 672 1713 719 tantum
1748 664 1802 719 in
1841 663 1972 720 Jesu

373 753 593 809 Christo
635 751 1049 808 contuebantur.
1092 754 1156 808 Et
1200 757 1484 810 remissum
1530 763 1614 810 est
1651 755 1728 829 (b)
1766 756 1834 811 ab
1881 771 1969 822 eo,

382 845 529 918 quod
554 845 643 900 lex
672 846 853 901 laxare
884 861 990 901 non
1019 855 1256 916 poterat;
1293 846 1426 903 ﬁdes
1455 849 1600 904 enim
1631 849 1747 904 sola
1773 849 1972 920 justiﬁ-

375 949 480 996 cat.
537 939 741 996 Deinde
791 941 1274 996 murmurationem
1336 957 1522 997 eorum
1585 943 1840 998 Dominus
1890 944 1972 998 in-

325 1057 328 1060 ~
377 1031 639 1102 trospicit,
669 1031 740 1103 (c)
767 1031 1002 1102 dicitque
1026 1031 1182 1088 facile
1208 1047 1329 1089 esse
1358 1033 1468 1088 tilio
1497 1033 1728 1089 hominis
1751 1035 1802 1089 in
1828 1044 1971 1092 terra

380 1132 598 1194 peccata
639 1122 910 1180 dimittere
943 1123 1104 1194 (Ibid.
1134 1124 1169 1178 4
1209 1134 1257 1180 et
1285 1125 1366 1195 5).
1402 1126 1598 1182 Verum
1627 1127 1769 1183 enim
1812 1142 1971 1184 nemo

380 1222 557 1286 potest
586 1214 858 1271 dimittere
900 1226 1136 1286 peccata,
1184 1217 1283 1272 nisi
1321 1218 1473 1273 solus
1504 1219 1645 1275 Deus
1678 1236 1691 1272 :
1725 1234 1854 1290 ergo
1880 1219 1972 1290 qui

377 1306 608 1364 remittit
631 1307 767 1362 Deus
788 1316 889 1362 est.
919 1308 1051 1376 Quia
1080 1323 1242 1365 nemo
1264 1309 1486 1365 remittit
1514 1311 1618 1366 nisi
1645 1312 1804 1377 Deus,
1831 1312 1972 1368 Deus

382 1402 436 1457 in
466 1401 682 1456 homine
711 1417 935 1458 manens
955 1405 1288 1459 curationem
1321 1403 1524 1459 homini
1549 1405 1838 1474 prmstabat
1871 1422 1884 1458 :
1919 1413 1972 1461 et

382 1494 532 1550 nulla
555 1494 603 1549 ei
635 1493 824 1564 agendi
853 1505 908 1549 et
928 1495 1181 1563 loquendi
1203 1503 1322 1550 erat
1342 1495 1653 1562 difﬁcultas,
1676 1497 1764 1551 cui
1784 1496 1973 1552 subest

382 1594 553 1640 totum
578 1599 736 1654 posse
761 1586 906 1656 quod
938 1587 1195 1655 laquitur.

455 1678 505 1732 7.
559 1677 850 1749 Paralytici
892 1681 1154 1734 curatione
1197 1695 1350 1748 quam
1379 1681 1541 1735 multa
1568 1679 1866 1736 doceantur.
1903 1706 1976 1721 ~—

2076 484 2318 555 pluribus
2373 486 2670 542 exstitisset
2720 506 2733 541 :
2776 488 2868 544 sed
2910 489 3072 545 delati
3121 491 3231 544 Dco
3274 489 3494 544 honoris
3540 487 3668 544 hinc

2074 591 2234 632 causa
2274 586 2376 643 est,
2421 579 2561 648 quod
2607 590 2843 650 potestas
2885 582 3191 638 hominibus
3214 582 3282 653 (Γ)
3311 598 3374 637 ac
3424 583 3508 638 via
3546 581 3670 639 data

2075 669 2144 723 sit
2170 684 2266 738 per
2294 669 2515 725 verbum
2545 672 2684 741 ejus,
2726 683 2779 728 et
2823 683 3164 745 peccatorum
3209 675 3566 741 remissionis,
3614 685 3671 732 et

2074 774 2360 831 corporum
2393 764 2828 834 resurrectionis,
2857 775 2911 821 et
2941 768 3267 823 reversionis
3293 767 3348 823 in
3374 768 3592 824 coelum.

2698 897 2925 956 CAPUT
2962 899 3053 956 IX.

2073 1005 2154 1064 De
2181 1009 2428 1066 Μαιώωο
2454 1011 2751 1084 publicano,
2785 1015 2847 1069 de
2873 1013 3260 1070 Pltaristeorum
3303 1026 3350 1070 et
3386 1015 3671 1087 discipulo-

2144 1118 2260 1155 rum
2301 1101 2523 1158 Joannis
2556 1105 2802 1177 jejunio,
2846 1105 2911 1160 de
2961 1117 3141 1161 assuto
3186 1123 3356 1177 panno
3405 1107 3564 1172 rudi,
3610 1109 3675 1162 de

2149 1195 2405 1264 proﬂuuio
2434 1196 2682 1262 mulieris,
2711 1198 2774 1251 de
2799 1197 2911 1267 ﬁlia
2939 1198 3189 1270 principis
3216 1200 3434 1252 excitata
3463 1215 3494 1251 a
3525 1213 3668 1252 mor-

2148 1286 2267 1352 tuis,
2299 1286 2363 1340 de
2383 1289 2578 1343 duobus
2603 1291 2769 1356 ctecis,
2804 1290 2867 1343 de
2895 1291 3054 1345 surdo
3080 1302 3128 1344 et
3160 1301 3318 1346 muto.

2149 1400 2202 1454 1.
2224 1399 2292 1454 'Et
2319 1417 2436 1455 cum
2463 1402 2701 1456 transiret
2724 1403 2844 1457 inde
2869 1401 3042 1471 Iesus,
3069 1405 3193 1458 vidit
3219 1403 3474 1459 Immineat
3496 1404 3678 1460 seden-

2077 1501 2177 1546 tem
2204 1493 2258 1546 in
2287 1494 2482 1548 teloneo
2510 1493 2814 1549 Matthwum
2854 1497 3080 1562 nomine,
3115 1508 3161 1550 et
3200 1497 3273 1550 ait
3303 1497 3416 1566 illi,
3450 1497 3676 1568 Sequere

2075 1599 2176 1648 me,
2205 1591 2262 1637 et
2281 1584 2484 1655 reliqua
2523 1583 2735 1656 (Matth.
2771 1603 2845 1652 ix,
2873 1587 2952 1656 9).
2987 1587 3294 1643 Matthaeum
3320 1590 3672 1659 publicanum

2079 1673 2357 1729 sedentem
2385 1676 2438 1729 in
2463 1675 2678 1732 teloneo
2703 1681 2855 1748 sequi
2900 1679 3151 1749 sejubet.
3190 1679 3252 1734 Et
3293 1682 3596 1736 concedens
3622 1681 3675 1737 in

381 1770 551 1825 Porro
569 1779 748 1826 autem
779 1781 834 1825 ut
863 1771 976 1841 ipse
998 1772 1075 1845 (ά)
1097 1787 1219 1827 esse
1241 1773 1292 1827 in
1321 1788 1549 1844 corpore
1584 1775 1787 1844 positus
1811 1774 1970 1830 intel-
2004 1779 2050 1840 Β
2077 1766 2294 1821 domum
2322 1767 2627 1821 convivium
2662 1769 2896 1832 instruit,
2922 1779 2977 1824 et
3001 1786 3123 1825 cum
3165 1786 3231 1826 eo
3257 1773 3666 1841 publicanorum

381 1862 475 1932 ligi
506 1872 710 1932 posset,
743 1864 833 1934 qui
875 1875 929 1920 et
964 1865 1160 1921 animis
1205 1876 1420 1935 peccata
1461 1866 1776 1934 dimitteret,
1804 1879 1858 1922 et
1889 1882 1976 1923 re-

382 1957 773 2012 surrectionem
822 1957 1140 2028 corporibus
1188 1967 1496 2030 praistaret;
1539 1961 1646 2024 ait,
1695 1958 1764 2014 Ut
1801 1960 1978 2014 sciatis

383 2047 624 2118 quoniam
653 2047 796 2117 ﬁlius
817 2049 1034 2103 hominis
1064 2050 1212 2104 habet
1238 2059 1534 2120 potestatem
1562 2052 1617 2104 in
1645 2060 1777 2104 terra
1808 2051 1980 2106 dimit-

384 2149 488 2194 tere
511 2150 737 2211 peccata,
763 2142 836 2195 ait
861 2141 1162 2214 paralytico,
1191 2144 1376 2214 Surge,
1406 2153 1450 2198 et
1473 2144 1594 2199 tolle
1619 2145 1804 2199 lectunt
1836 2155 1981 2199 tuum

388 2230 555 2304 (Ibid.
587 2231 666 2304 6).
694 2233 835 2288 Satis
861 2233 1034 2289 fuerat
1056 2234 1218 2306 706
1247 2236 1464 2302 dixisse,
1490 2235 1702 2309 Surge:
1725 2238 1823 2294 sed
1857 2240 1980 2310 quia

388 2324 566 2378 omnis
587 2333 702 2378 erat
731 2325 1042 2394 perficiendi
1073 2327 1253 2396 Operis
1283 2328 1419 2382 ratio
1461 2329 1809 2399 esplicanda;
1837 2330 1986 2400 adje-

390 2417 487 2483 cit,
521 2415 667 2471 Tolle
692 2417 875 2471 lectum
902 2427 1065 2483 tuum,
1095 2428 1140 2472 et
1167 2421 1293 2473 vade
1327 2421 1380 2474 in
1410 2421 1617 2476 domum
1661 2434 1820 2478 tuam.
1864 2423 1984 2478 Pri-

394 2524 541 2564 mum
581 2510 952 2565 remissionem
999 2511 1183 2565 tribuit
1228 2514 1454 2582 peccati,
1497 2513 1694 2569 dehinc
1734 2517 1985 2571 virtutem

395 2601 808 2657 resurreCtionis
838 2601 1094 2668 ostendit,
1124 2610 1236 2657 tum
1279 2603 1587 2661 sublatione
1631 2607 1809 2662 lectuli
1837 2608 1988 2662 inﬁr-

395 2694 635 2750 mitatem
664 2707 728 2748 ac
752 2693 996 2750 dolorem
1028 2697 1344 2766 corporibus
1374 2697 1559 2753 docuit
1586 2697 1860 2754 afuturum
1891 2700 1986 2772 (al.

397 2784 780 2857 obfuturum),
821 2796 1092 2856 postremo
1134 2789 1310 2844 reditu
1355 2790 1407 2844 in
1449 2789 1667 2845 domum
1719 2793 1988 2862 propriam

396 2878 501 2934 iter
529 2879 582 2934 in
613 2877 919 2949 paradisum
948 2881 1294 2936 credentibus
1318 2896 1440 2936 esse
1471 2881 1889 2950 redhibendum,
1921 2898 1991 2939 ex

397 2985 505 3040 quo
535 2969 704 3024 Adam
733 2986 928 3042 parens
955 2972 1328 3028 universorum
1359 2974 1565 3044 peccati
1597 2974 1718 3030 labe
1753 2975 1989 3031 dissolu-

399 3073 486 3121 tus
513 3075 839 3121 excesserat.

2081 1869 2136 1917 et
2163 1869 2502 1929 peccatorum
2528 1862 2684 1917 turba
2709 1862 3000 1918 discumbit
3028 1882 3042 1918 :
3067 1864 3356 1919 Pharisaeis
3381 1865 3680 1936 discipulos

2083 1952 2515 2024 objurgantibus,
2567 1968 2664 2009 cur
2706 1956 2963 2026 magistro
3011 1970 3132 2010 cum
3186 1955 3482 2024 publicanis
3528 1958 3682 2014 cibus

2082 2055 2245 2100 esset.
2272 2046 2477 2113 Quibus
2499 2045 2813 2116 respondet,
2833 2046 2991 2101 Sanis
3011 2047 3222 2102 medico
3248 2063 3382 2117 opus
3405 2062 3510 2103 non
3538 2063 3678 2115 esse,

2086 2137 2179 2192 sed
2231 2139 2510 2193 curatione
2559 2148 2792 2207 aegrotos
2838 2137 3077 2208 indigere
3124 2156 3137 2190 :
3188 2149 3487 2210 euntesque
3527 2141 3685 2210 jubet

2084 2231 2290 2287 discere
2312 2231 2440 2301 quid
2482 2229 2571 2297 sit,
2608 2229 3019 2286 Misericordiam
3065 2231 3225 2303 707
3276 2231 3354 2306 (g)
3389 2232 3502 2288 volo
3531 2249 3684 2303 quant

2087 2323 2423 2392 sacriﬁcium.

2155 2414 2208 2469 2.
2261 2413 2559 2468 Publicani.
2593 2413 2831 2469 Matthxi
2877 2417 3095 2470 vacatio.
3127 2415 3287 2472 Salus
3332 2416 3565 2471 omnibus
3597 2433 3688 2474 ne-

2087 2506 2332 2573 cessaria,
2362 2507 2493 2562 nulli
2518 2524 2549 2560 a
2577 2507 2686 2579 lege
2718 2516 3010 2578 prastatur.
3041 2538 3113 2548 —-
3135 2508 3549 2564 Publicanornm
3586 2524 3685 2564 no-

2089 2613 2212 2654 men
2249 2614 2315 2653 ex
2357 2600 2465 2654 vita
2501 2608 2606 2668 est,
2652 2599 2744 2671 qui
2783 2601 2980 2656 relictis
3022 2601 3155 2672 legis
3184 2601 3461 2671 operibus,
3497 2616 3690 2672 gerere

2091 2706 2149 2746 se
2199 2707 2298 2748 usu
2351 2694 2625 2749 communi
2673 2702 2728 2749 et
2780 2695 2997 2764 publico
3049 2694 3376 2750 maluerunt.
3429 2695 3571 2766 Ergo
3619 2711 3685 2751 ex

2091 2782 2273 2852 domo,
2305 2784 2356 2840 id
2388 2795 2492 2853 est,
2529 2801 2596 2841 ex
2638 2787 2873 2856 peccatis
2915 2788 3179 2856 corporis,
3227 2787 3534 2842 Matthazum
3582 2789 3685 2842 Do-

2092 2880 2269 2935 minus
2299 2882 2566 2948 evocavit,
2597 2881 2650 2936 in
2684 2881 2839 2952 cujus
2881 2889 3116 2937 mentem
3155 2881 3434 2953 ingressus
3479 2897 3694 2938 recum-

2093 2973 2188 3030 bit.
2219 2975 2313 3030 llic
2335 2980 2477 3031 enim
2508 2976 2649 3032 idem
2677 2975 2959 3047 Evangelii
2986 2976 3141 3031 istius
3161 2976 3396 3046 scriptor
3417 2983 3521 3041 est,
3543 2986 3598 3031 et
3620 2975 3690 3032 de

2096 3072 2298 3139 peccati
2342 3071 2424 3125 sui
2473 3070 2634 3124 domo
2677 3071 2886 3135 exiens,
2924 3070 3208 3124 Dominum
3250 3071 3364 3141 ipse
3407 3069 3474 3142 (Ι.
3509 3071 3560 3124 in
3609 3069 3693 3140 sc)

469 3157 521 3212 8.
565 3156 724 3212 Venia
748 3175 921 3215 onmes
948 3169 1112 3232 egent.
1148 3159 1269 3214 Non
1300 3161 1537 3214 miranda
1563 3160 1616 3214 in
1643 3159 1848 3215 Christo
1891 3176 1987 3230 ρο·
2014 3163 2060 3227 C
2093 3162 2346 3231 suscepit,
2379 3160 2638 3217 interiore
2668 3162 2785 3231 ejus
2812 3161 3145 3216 habitatione
3168 3163 3519 3228 illuminatus,
3545 3162 3683 3216 intra

400 3258 556 3303 testas
585 3249 871 3305 dimittendi
895 3261 1123 3324 peccata.
1156 3283 1228 3293 —
1265 3252 1503 3307 Videntes
1541 3264 1710 3306 autem
1737 3252 1895 3306 turba:
1927 3252 1993 3305 ti-

401 3351 640 3394 muerunt
665 3340 827 3412 (Ibid.
859 3343 940 3413 8).
982 3343 1128 3413 Opus
1167 3343 1308 3398 istud
1339 3343 1627 3398 admiratio
1661 3344 1837 3413 potius
1865 3357 1995 3398 con-

398 3436 576 3506 sequi,
609 3453 713 3491 non
739 3448 912 3494 metus
934 3439 1153 3504 debuit;
1181 3440 1275 3492 sed
1308 3449 1488 3494 manet
1509 3439 1670 3492 etiam
1695 3454 1835 3494 nunc
1859 3437 1993 3494 ordo

401 3530 680 3600 mysterii;
728 3541 786 3585 ut
835 3531 1048 3586 veritati
1090 3532 1472 3601 prmsentium,
1521 3530 1818 3587 futurorum
1867 3546 1992 3601 spe-

401 3624 515 3677 cies
537 3621 611 3694 (e)
639 3622 848 3692 adjecta
889 3624 958 3677 sit
987 3622 1248 3678 dictorum
1279 3631 1336 3678 et
1358 3623 1616 3678 factorum
1650 3623 1859 3677 Domini
1889 3623 1994 3676 vir-

403 3721 574 3770 tutem
605 3716 774 3772 turba:
796 3717 1003 3770 timent.
1037 3716 1208 3786 Magni
1233 3717 1376 3771 enim
1402 3716 1608 3770 timoris
1632 3731 1720 3770 res
1746 3724 1852 3779 est,
1883 3730 1988 3769 non

403 3807 644 3864 dimissis
668 3823 697 3862 a
719 3807 936 3862 Christo
962 3808 1196 3878 peccatis
1225 3809 1278 3862 in
1312 3816 1541 3863 mortem
1586 3807 1788 3862 resolvi
1823 3824 1837 3861 :
1870 3807 1993 3877 quia

405 3902 586 3956 nullus
609 3901 679 3956 sit
709 3901 759 3956 in
796 3901 1013 3956 domum
1043 3909 1298 3956 aeternam
1341 3900 1565 3966 reditus,
1593 3901 1638 3955 si
1676 3901 1762 3956 cui
1791 3899 1997 3954 indulta

405 4012 515 4052 non
531 3996 852 4060 fueritvenia
867 3997 1208 4054 delictorum.
1234 3997 1297 4051 Et
1317 3996 1782 4066 honoriﬁcaverunt
1808 3993 1996 4061 Deum,

403 4092 492 4162 qui
519 4101 710 4147 tantam
740 4092 877 4146 dedit
906 4102 1200 4161 potestatem
1227 4091 1533 4146 hominibus.
1565 4088 1827 4145 Conclusa
1873 4098 2000 4144 sunt

406 4187 586 4241 omnia
613 4201 711 4240 suo
741 4185 952 4252 ordine,
984 4194 1040 4240 et
1063 4193 1311 4240 cessante
1336 4185 1445 4253 jam
1483 4183 1877 4253 desperationis
1924 4184 1994 4236 ti-

406 4293 560 4334 more
588 4277 760 4334 honor
789 4279 900 4334 Deo
934 4278 1200 4343 redditur,
1228 4275 1373 4347 quod
1422 4285 1624 4330 tantam
1665 4274 1875 4330 dederit
1906 4274 2002 4328 ho-

408 4371 640 4426 minibus
668 4381 989 4440 potestatem
1022 4388 1035 4424 :
1069 4369 1165 4426 sed
1194 4369 1296 4425 soli
1323 4368 1426 4423 hoc
1451 4367 1672 4422 Christo
1703 4377 1820 4422 erat
1850 4366 2003 4423 debi-

409 4469 555 4528 tum,
585 4461 683 4517 soli
712 4462 780 4517 de
823 4461 1204 4517 communione
1242 4468 1483 4530 paternae
1526 4457 1852 4513 substantia:
1887 4458 2002 4514 inec

2095 3270 2254 3326 quem
2298 3256 2620 3327 evangelicis
2668 3255 2805 3311 cibis
2856 3256 3234 3326 peccatoribus
3279 3251 3354 3310 et'
3382 3255 3682 3326 publicanis

2096 3348 2402 3402 convivium
2429 3347 2594 3403 divite
2620 3349 2775 3419 copia
2797 3359 3152 3419 praeparatur.
3177 3347 3476 3405 .‘Emulatio
3496 3347 3695 3404 deinde

2097 3440 2259 3511 agitat
2287 3441 2524 3505 Ind-.eos,
2560 3442 2845 3496 Dominum
2878 3441 3177 3512 publicanis
3218 3451 3274 3496 et
3318 3443 3695 3512 peccatoribus

2097 3535 2498 3590 communicare
2528 3533 2693 3605 (Ibid.
2726 3533 2837 3606 il).
2870 3535 3076 3600 Quibus
3113 3535 3206 3588 ille
3230 3544 3416 3604 operta
3460 3533 3695 3589 infideli-

2099 3627 2222 3682 tatis
2268 3627 2531 3682 velamine
2570 3626 2729 3681 verba
2781 3627 2912 3697 legis
2957 3626 3310 3697 exprompsit,
3363 3641 3422 3682 se
3466 3625 3690 3696 quidem

2101 3718 2317 3787 (egrotis
2338 3732 2494 3788 opem
2523 3717 2662 3773 ferre
2683 3728 2737 3772 et
2760 3717 3080 3773 medicinam
3105 3719 3387 3788 egentibus
3408 3726 3692 3787 praestare;

2102 3811 2182 3864 eis
2221 3819 2421 3872 autem,
2453 3810 2544 3880 qui
2581 3824 2640 3864 se
2679 3825 2840 3866 sanos
2880 3810 3290 3878 exiSIimarent,
3337 3811 3699 3867 necessariam

2103 3904 2432 3960 curationem
2475 3905 2672 3959 nullam
2700 3919 2840 3960 esse.
2882 3903 2991 3960 Sed
3017 3912 3079 3958 ut
3107 3902 3489 3973 intelligerent,
3521 3904 3698 3960 nemi-

2105 4014 2229 4054 nem
2280 4014 2502 4054 suormn
2551 4013 2741 4052 sanum
2790 4012 2944 4062 esse;
2995 3996 3278 4051 admonuit
3326 4003 3383 4051 ut
3425 3995 3700 4052 discerent

2103 4091 2232 4161 quid
2257 4098 2361 4157 est,
2395 4090 2804 4146 Misericordiam
2838 4090 2983 4153 volo,
3028 4104 3133 4142 non
3173 4087 3486 4157 sacri/icium
3528 4086 3697 4158 (Ibid.

2106 4182 2195 4255 15)
2231 4197 2244 4237 :
2280 4183 2452 4253 legem
2498 4182 2723 4247 scilicet,
2757 4179 3143 4236 sacriﬁciorum
3184 4181 3565 4236 observatione
3602 4179 3698 4235 de-

2103 4274 2361 4340 vinctam,
2391 4288 2548 4343 opem
2580 4272 2725 4328 ferre
2747 4288 2853 4327 non
2888 4286 3082 4341 posse;
3115 4272 3209 4328 sed
3232 4272 3459 4327 salutem
3487 4273 3705 4328 univer-

2107 4367 2182 4423 sis
2208 4368 2260 4422 in
2297 4366 2682 4422 misericordiae
2721 4365 3050 4437 indulgentia
3085 4366 3372 4422 reservari.
3415 4364 3540 4421 Non
3571 4366 3704 4422 enim

2107 4459 2218 4514 ueni
2237 4460 2408 4530 justas
2427 4473 2627 4523 uocare,
2659 4457 2748 4513 sed
2779 4469 3069 4528 peccatores
3091 4459 3146 4512 in
3177 4459 3545 4530 penitentiam.
3578 4457 3709 4515 0m-

409 4567 570 4624 agere
595 4563 710 4609 erat
733 4555 1012 4611 familiare.
1044 4553 1164 4610 Non
1195 4553 1457 4624 ergohoc
1481 4550 1636 4622 venit
1666 4551 1720 4606 in
1761 4549 1996 4605 admira-
2025 4565 2080 4626 D
2105 4551 2264 4606 nibus
2290 4558 2543 4616 venerat;
2572 4551 2845 4620 quomodo
2883 4565 3013 4622 ergo
3053 4565 3161 4606 non
3192 4566 3252 4606 se
3297 4552 3458 4621 justis
3490 4551 3707 4608 venisse

412 4645 634 4713 tionem,
664 4645 806 4717 quod
837 4654 1024 4715 posset
1053 4645 1152 4701 ista
1189 4642 1344 4716 (quid
1371 4643 1514 4699 enim
1537 4657 1645 4697 non
1672 4655 1832 4712 posse
1858 4641 1999 4699 Deus

414 4850 547 4890 mss.
571 4833 770 4904 angelis
798 4829 1166 4886 ministrandus
1185 4828 1406 4904 Aoﬁ'ertur
1429 4844 1448 4882 :
1478 4827 1638 4904 male.
1669 4826 1744 4904 De
1763 4823 1897 4881 Adae
1918 4838 2006 4878 sa-

415 4906 528 4979 lute
545 4899 745 4979 vijlesis
773 4915 952 4979 nOtatn
976 4921 1007 4973 g
1030 4903 1137 4958 col.
1172 4901 1276 4979 647
1308 4899 1465 4979 h_njus
1503 4899 1825 4979 editionis.“
1893 4966 1923 4979 L
1971 4967 2005 4979 Δ.

488 4974 565 5049 (a)
595 4975 652 5029 In
685 4975 956 5049 nomtullis
976 4967 1114 5028 ἶπες.
1139 4971 1340 5049 ueritati
1372 4967 1391 5023 ξ
1418 4985 1523 5049 non
1545 4970 1752 5049 placet.
1784 4967 2005 5049 veritati

418 5038 507 5102 hie
533 5038 592 5100 ut
620 5061 765 5111 saepe
799 5048 930 5100 alias
957 5045 1246 5114 opponitur
1285 5041 1495 5111 species
1541 5039 1703 5094 futuri
1737 5058 1749 5093 :
1785 5045 1854 5114 ιιι⁸
1878 5038 2006 5091 ordo

415 5117 645 5174 veritatis
668 5110 808 5171 idem
838 5117 907 5169 sit
935 5110 1080 5186 quod
1107 5129 1283 5169 rerum
1309 5126 1439 5186 vere
1461 5123 1729 5186 gestarum
1758 5110 1912 5186 ordo.

493 5187 568 5260 (b)
603 5186 660 5260 In
691 5181 1293 5260 vulgati_s,hienmisso
1326 5182 1496 5260 verba
1533 5181 1867 5236 substantivo
1907 5185 2001 5245 est,

420 5257 690 5316 nonsatis
718 5267 862 5326 patet
889 5257 1072 5312 Hilarii
1105 5257 1392 5326 sententia.

497 5329 570 5402 (c)
602 5328 660 5382 ln
693 5319 824 5402 mss.
859 5328 1036 5402 liom_.,
1074 5326 1271 5389 Vatic.,
1295 5323 1452 5402 Colb.
1483 5332 1538 5377 et
1565 5319 1728 5402 Carn.
1759 5321 1895 5402 alius
1923 5329 2005 5375 est

417 5392 861 5469 Subsequentium
890 5400 1180 5454 verborum
1212 5396 1365 5457 ordo,
1397 5402 1545 5469 puta,
1570 5394 1809 5462 dicitque,
1837 5392 2005 5469 Nemo

421 5481 585 5544 potest
603 5463 862 5544 dimittere
891 5479 1115 5544 peccata,
1144 5469 1245 5544 nisi
1257 5469 1414 5544 solus
1455 5463 1640 5544 Deus;
1661 5480 1778 5544 ergo
1805 5465 1894 5544 qui
1920 5479 2003 5544 re.

421 5535 582 5607 irrisit,
617 5539 755 5594 Deus
788 5535 900 5611 est}
925 5542 1076 5611 facile
1100 5556 1206 5611 esse
1229 5535 1405 5611 (Colb.
1434 5539 1528 5611 est)
1554 5535 1664 5611 ﬁlio
1700 5535 2009 5611 hominisjn

423 5604 573 5668 terra
599 5621 806 5679 peccata
841 5604 1110 5667 dimittere.
1144 5604 1370 5664 Verbum
1407 5604 1541 5662 enim
1573 5604 1666 5660 Dei
1710 5606 1764 5658 in
1807 5605 2011 5659 homine

423 5700 634 5739 manens
648 5723 663 5746 ν
694 5693 799 5737 CIC.

496 5752 576 5826 (ά)
609 5753 762 5825 Apud
794 5754 922 5810 Bad.
957 5762 1101 5810 esset.
1136 5752 1392 5809 Erasmus
1429 5748 1626 5806 deinde
1652 5747 1873 5806 verbum
1907 5761 2015 5803 esse

2105 4643 2272 4700 dicit?
2300 4643 2470 4701 Erant
2497 4658 2628 4715 ergo
2657 4645 2854 4715 quibus
2897 4659 3122 4702 necesse
3162 4659 3270 4701 non
3300 4652 3419 4702 erat
3461 4653 3520 4700 ut
3558 4644 3711 4701 veni-

2109 4834 2231 4896 post
2270 4833 2436 4895 posset
2475 4823 2794 4896 transtulit,
2815 4821 3034 4896 detorta
3070 4821 3314 4896 nonnihil
3354 4821 3544 4896 Hilarii
3578 4837 3708 4879 sen-

2107 4892 2294 4962 tentia,
2322 4912 2424 4967 qua
2457 4896 2626 4950 vulta
2667 4892 2888 4948 Christo
2919 4892 3182 4967 declarari
3209 4936 3224 4959 ,
3256 4909 3380 4967 eum
3425 4893 3612 4963 ipsum,
3647 4896 3708 4967 in

2107 4985 2178 5050 se.
2197 4969 2307 5036 jam
2339 4965 2486 5022 cerni
2526 4975 2894 5036 corporatum,
2938 4965 3024 5020 cui
3065 4965 3324 5021 convenit
3365 4972 3584 5034 peccata
3625 4966 3710 5020 di-

2111 5050 2349 5094 mittere.

2183 5132 2254 5203 (ε)
2303 5132 2424 5186 Par.
2466 5146 2587 5203 cum
2629 5144 2733 5203 ms.
2776 5127 2928 5184 Colb.
2971 5128 3199 5182 adtexta.
3246 5126 3576 5203 Concinnius
3621 5127 3712 5184 alii

2108 5200 2255 5274 libri.
2279 5202 2786 5274 adjecta,rnimirum
2813 5209 3011 5274 praeter
3032 5200 3707 5274 praisentiumverilatem.

2111 5273 2316 5327 Deinde
2341 5269 2406 5327 'in
2451 5272 2571 5326 aliis
2612 5269 2951 5324 etiam‘edit.
2999 5279 3120 5339 post
3165 5271 3327 5326 verba
3366 5271 3618 5323 dictorum
3661 5277 3711 5322 et

2110 5347 2367 5415 factorum
2397 5350 2670 5415 punctum
2697 5341 3160 5415 ﬁgebaturipum
3194 5359 3247 5396 n.
3279 5345 3346 5407 ti,
3384 5341 3543 5415 futuri
3583 5351 3708 5415 spe-

2111 5409 2250 5470 ciem
2282 5416 2334 5468 in
2361 5409 2522 5468 dictis
2553 5409 2756 5480 expleri
2787 5411 2926 5466 dicat
2959 5411 3223 5480 Hilarius,
3256 5428 3360 5466 non
3391 5411 3442 5464 in
3474 5409 3650 5463 factis.

2185 5504 2255 5580 (f)
2280 5505 2334 5559 In
2368 5505 2595 5580 vulgatis
2615 5503 2758 5580 ,_hac
2788 5505 2890 5556 via.
2927 5502 3093 5580 Magis
3119 5503 3295 5580 placet
3331 5507 3710 5580 cum_qnat_uor

2117 5569 2247 5633 mss:
2279 5594 2337 5630 ac
2369 5569 2485 5642 via,‘
2512 5577 2744 5658 maxime
2784 5589 2907 5630 cum
2943 5569 3353 5632 de'rev'et‘sione
3395 5569 3466 5626 ad
3505 5570 3710 5627 ctelum

2117 5665 2244 5707 mox
2273 5662 2454 5703 sermo
2481 5655 2576 5703 sit.

2191 5739 2270 5814 (g)
2303 5739 2521 5812 Aliquot
2550 5753 2683 5797 mss.
2710 5754 2832 5798 cum
2861 5737 3112 5810 vulgatis,
3138 5733 3311 5789 malle.
