4172 6188
478 238 587 311 965

1666 224 1908 315 statim
1944 241 2201 313 altaria
2248 246 2551 311 EPISCOPI

3672 246 3782 314 965

484 356 603 421 ret?
631 353 737 415 Sed
769 369 926 411 nemo
957 353 1132 425 justus
1158 369 1227 412 ex
1256 353 1376 426 lege
1402 363 1505 411 est.
1533 354 1780 419 Ostendit
1802 372 1931 428 ergo
1960 356 2071 413 iua~

2252 366 2305 423 Β.
2378 366 2633 437 Princeps
2681 363 2805 438 filiis
2846 365 3004 421 vitam
3054 353 3364 437 depreceris.
3411 362 3541 438 tegis
3600 371 3776 435 typus.

487 461 610 501 nem
648 447 866 516 justitia:
896 459 1017 500 esse
1051 447 1364 514 jactantiatn
1398 464 1409 501 :
1441 448 1565 517 quia
1612 447 1890 505 sacriﬁciis
1925 446 2078 503 inlirs-

485 540 663 596 mibus
691 537 755 593 ad
785 539 1034 608 salutem,
1060 541 1425 603 misericordia
1449 549 1567 599 erat
1590 542 1856 597 universis
1882 542 1935 597 in
1961 541 2081 613 lege

485 632 672 711 positis
716 633 1041 689 necessaria.
1085 631 1216 693 Nam
1260 638 1304 688 si
1342 633 1547 705 justitia
1593 634 1785 693 fuisset
1825 646 1890 691 ex
1935 634 2076 704 lege.

482 720 643 778 venia
665 738 761 794 per
781 727 1006 797 gratiam
1034 726 1337 785 necessaria
1370 742 1478 782 non
1509 725 1722 787 fuisset.

552 811 605 870 3.
641 814 879 871 Christus
907 834 1151 889 sponsus.
1176 816 1331 872 Cibus
1361 819 1495 884 vitm,
1529 834 1627 887 quo
1660 826 1909 889 prasente
1932 831 2079 871 nemo

479 909 658 963 esurit.
690 938 764 949 —
796 908 941 963 Tunc
981 918 1303 965 accesserunt
1341 911 1409 964 ad
1435 927 1551 965 cum
1588 909 1810 967 Joannis
1842 907 2084 980 discipuli

480 1000 725 1068 dicentes,
760 1001 930 1069 Quare
956 1018 1048 1057 nos
1075 1012 1121 1057 et
1144 1001 1404 1058 PItarisazi
1436 1005 1738 1077 jcjunomns
1775 1007 2081 1074 frequenter,

481 1092 725 1161 discipuli
764 1101 933 1147 autem
974 1093 1047 1147 tui
1081 1110 1185 1147 nou
1215 1097 1459 1167 jejunant
1484 1093 1650 1166 (Ibid.
1687 1092 1813 1165 td)?
1851 1092 2082 1164 Jejuna-

485 1183 619 1247 bant
647 1183 908 1240 Pharisaei
940 1193 996 1239 et
1032 1185 1275 1255 discipuli
1306 1185 1549 1252 Joannis,
1595 1194 1651 1241 et
1691 1184 1938 1255 Apostoli
1974 1198 2085 1239 non

483 1276 823 1347 jejunabaut.
850 1279 958 1335 Sed
983 1279 1098 1335 iStis
1121 1280 1437 1350 spiritaliter
1457 1282 1773 1352 respondet,
1797 1293 2087 1350 sponsum-

486 1385 592 1442 que
621 1386 680 1427 se
703 1371 925 1429 Joannis
970 1374 1251 1444 discipulis
1282 1376 1538 1431 ostendit.
1565 1374 1802 1431 Joannes
1826 1376 1970 1433 sitim
2001 1388 2087 1430 re-

386 1464 399 1467 '
490 1466 716 1539 positam
749 1466 802 1520 in
828 1464 1046 1523 Christo
1073 1483 1289 1525 onmem
1320 1467 1441 1525 vitai
1482 1482 1632 1537 spem
1678 1466 1996 1537 spopondit;
2033 1474 2087 1522 et

487 1557 657 1625 recipi
681 1570 711 1610 a
741 1554 967 1615 Domino
993 1557 1244 1627 discipuli
1276 1557 1395 1628 ejus
1434 1558 1611 1615 adhuc
1662 1573 1728 1615 eo
1763 1557 2088 1627 praedicante

490 1664 600 1705 non
628 1658 897 1721 poterant.
932 1649 1113 1720 Usque
1155 1650 1209 1705 in
1251 1667 1374 1707 eum
1406 1653 1553 1708 enim
1590 1652 1676 1707 lett
1708 1659 1764 1707 et
1809 1651 2088 1720 prophetat

2180 486 2253 503 η-
2287 457 2416 513 Etet:
2443 459 2535 513 illo
2563 459 2828 524 loquente,
2859 473 2976 512 cccc
3012 459 3251 528 princeps
3293 471 3428 511 unus
3450 456 3661 510 accessit
3683 497 3698 521 ,
3729 464 3783 508 et

2180 541 2432 598 adorabat
2479 559 2631 610 eum,
2678 544 2874 607 dicetis,
2938 540 3193 606 Domino,
3225 541 3336 611 ﬁlia
3356 556 3470 595 meo
3509 540 3665 594 modo
3690 540 3785 594 do-

2181 636 2363 705 ftmcta
2416 644 2516 701 est,
2572 635 2688 693 veni
2739 644 2787 691 ct
2833 649 2967 704 pone
3018 648 3229 687 sianum
3272 648 3428 703 super
3471 647 3621 700 aut,
3669 638 3780 687 etc.

2185 727 2290 801 (Ib.
2328 726 2435 799 18).
2485 729 2681 785 Preces
2718 728 3006 799 principis,
3050 725 3188 781 ﬁdes
3215 724 3487 792 mulieris,
3515 723 3688 780 turba:
3722 724 3783 779 in

2183 821 2347 879 dumo
2386 828 2715 885 conventus,
2761 829 2817 877 et
2853 832 3122 874 caecorum
3160 816 3326 873 duum
3354 816 3595 884 clamor,
3644 815 3785 870 muti

2184 922 2241 970 et
2266 916 2414 973 surdi
2443 924 2500 971 et
2526 913 2843 970 dromoniaci
2868 912 3091 979 oblatio,
3124 926 3192 967 ex
3215 909 3588 980 superioribus
3622 909 3785 964 dictis

2185 1014 2446 1063 cenasse)
2471 1004 2572 1065 sibi
2602 1003 2971 1074 intelligentia:
3008 1008 3197 1059 tenent
3221 1001 3490 1057 ordinem.
3523 998 3784 1069 Princeps

2186 1097 2292 1163 hic,
2319 1099 2403 1154 lex
2436 1112 2560 1155 esse
2586 1096 2927 1166 intelligitur;
2958 1106 3081 1166 quas
3116 1095 3403 1151 Dominum
3425 1093 3496 1164 (ο)
3535 1102 3655 1148 orat
3685 1106 3784 1161 pro

2188 1191 2375 1262 plebe,
2404 1205 2566 1262 quam
2616 1190 2730 1259 ipsa
2771 1187 2990 1245 Christo
3037 1187 3326 1258 praedicata
3364 1188 3631 1242 adventus
3665 1185 3785 1255 ejus

2187 1283 2595 1353 exspectatione
2636 1282 2964 1349 nutriverat,
2997 1289 3055 1335 ut
3099 1280 3263 1335 vitam
3294 1287 3524 1334 mortem
3573 1277 3783 1333 reddat.

2188 1378 2320 1435 Nam
2365 1376 2569 1432 nullum
2600 1375 2895 1446 principem
2940 1373 3235 1429 credidisse
3266 1372 3492 1442 legimus
3524 1364 3544 1423 Ξ
3579 1385 3647 1426 ex
3677 1384 3786 1441 quo

2189 1485 2418 1543 persona
2459 1469 2715 1539 princlpis
2750 1467 2910 1538 hujus
2936 1467 3144 1521 orantis
3172 1465 3367 1520 merito
3409 1463 3464 1518 in
3495 1473 3678 1532 typum
3709 1464 3789 1518 le—

2190 1566 2271 1636 gis
2291 1564 2582 1634 aptabitur.
2610 1561 2706 1617 Cui
2737 1560 2954 1632 quidem
2992 1559 3248 1614 Dominus
3276 1572 3440 1629 opem
3467 1557 3784 1628 spopondit,

2189 1656 2255 1712 ad
2284 1671 2445 1727 quam
2476 1654 2834 1726 praestandam
2867 1652 3139 1722 profectus
3167 1658 3269 1706 est.

490 1750 642 1806 sunt;
666 1748 743 1807 et,
770 1742 872 1797 nisi
901 1742 1019 1813 lege
1043 1742 1211 1808 linita,
1236 1742 1289 1795 in
1318 1742 1477 1797 iidem
1499 1743 1867 1812 evangelicum
1895 1755 2084 1797 eorum
2114 1747 2161 1811 Β
2260 1747 2312 1803 6,
2373 1747 2607 1804 Saturam
2642 1745 2843 1802 Iudicis
2882 1753 3117 1815 paratam
3154 1754 3327 1817 gentes
3370 1744 3691 1816 praeripiam.
3717 1771 3793 1784 --

490 1849 652 1889 nemo
681 1832 1025 1889 concederet.
1058 1833 1213 1900 Quod
1252 1849 1378 1889 vero
1421 1842 1685 1904 praesente
1722 1848 1928 1903 sponso
1949 1833 2089 1904 jeju-

491 1923 655 1983 nandi
712 1926 1095 1981 necessitatem
1151 1925 1431 1994 όὶδοὶρυιίε
1475 1940 1582 1983 non
1636 1940 1758 1981 esse
1802 1924 2094 1995 respondet

489 2015 655 2086 (Ibid.
691 2016 808 2085 15);
843 2016 1145 2085 praesentia:
1172 2030 1284 2073 suae
1309 2016 1584 2086 gaudium,
1610 2027 1663 2073 et
1691 2023 2088 2071 sacramentum

489 2109 662 2163 sancti
693 2108 799 2161 cibi
826 2107 1041 2172 edocet.
1072 2124 1181 2178 quo
1210 2124 1368 2167 nemo
1397 2124 1462 2166 se
1503 2117 1788 2180 praesente,
1823 2109 1876 2165 id
1906 2119 2011 2175 est,
2037 2110 2093 2165 in

496 2211 789 2269 conspectu
816 2199 1013 2261 mentis
1049 2200 1325 2257 Christum
1363 2202 1671 2270 continens,
1702 2201 1782 2273 (a)
1814 2202 2090 2273 indigebit.

490 2291 688 2345 Ablato
717 2298 895 2345 autem
926 2307 985 2345 se
1009 2290 1345 2362 jejunaturos
1372 2308 1493 2349 esse
1530 2294 1704 2349 dicit:
1741 2297 1864 2364 quia
1900 2311 2091 2355 omnes

491 2398 598 2436 mm
616 2382 901 2437 credentes
924 2383 1290 2439 resurrexisse
1312 2383 1605 2446 Christum.
1622 2384 1856 2441 habituri
1876 2400 1982 2440 non
2004 2400 2094 2441 es-

490 2481 612 2528 sent
630 2473 811 2527 cibum
836 2474 977 2527 vittc.
1000 2470 1078 2545 (b)
1105 2472 1160 2527 In
1189 2474 1295 2530 ﬁde
1315 2476 1457 2533 enim
1485 2475 1896 2531 resurrectionis
1916 2491 2099 2535 sacra-

494 2575 733 2621 mentum
778 2566 931 2636 panis
975 2567 1217 2622 caelestis
1251 2566 1512 2637 accipitur
1546 2588 1559 2623 :
1592 2579 1648 2624 et
1684 2569 1930 2640 quisquis
1974 2571 2094 2631 sine

490 2655 709 2738 Christo
734 2668 841 2723 est,
867 2657 940 2729 (ε)
973 2659 1025 2715 in
1059 2660 1180 2714 vitae
1208 2659 1312 2714 cibi
1334 2660 1541 2730 jejunio
1573 2662 1935 2733 relinquetur.

561 2746 792 2823 7084.
825 2748 977 2803 Hunc
1003 2740 1169 2811 cibum
1196 2768 1297 2809 non
1319 2755 1534 2823 percipit
1560 2762 1700 2811 uetus
1726 2756 1898 2809 homo.
1931 2779 2001 2797 αι·-
2030 2753 2100 2813 Ut

495 2853 674 2896 autem
703 2842 1086 2915 intelligerent,
1103 2859 1207 2903 non
1228 2859 1387 2914 posse
1412 2846 1513 2901 sibi
1544 2846 1598 2900 in
1622 2847 1899 2909 veteribus
1911 2848 2099 2917 positis

487 2929 727 3003 perfecta
759 2931 876 2992 hznc
902 2934 1093 2993 salutis
1118 2945 1461 2999 sacramenta
1488 2938 1779 3007 committi,
1813 2954 2098 3010 compara-

494 3020 656 3078 tionis
698 3026 880 3094 posuit
901 3026 1231 3098 exemplum.
1266 3027 1510 3085 Pannum
1550 3031 1737 3089 rudem
1770 3034 2097 3088 vestimento

2196 1840 2302 1900 Sed
2331 1840 2478 1910 prior
2501 1855 2623 1897 cum
2654 1838 2917 1909 apostolis
2946 1843 3294 1907 peccatorum
3330 1837 3485 1893 turba
3526 1835 3789 1891 salvatur.

2196 1932 2265 1987 Et
2291 1947 2413 1987 cum
2444 1931 2675 1999 primum
2700 1928 3021 1986 electionem
3043 1967 3058 1989 .
3089 1940 3211 1998 qua:
3234 1943 3301 1983 ex
3329 1927 3450 1998 lege
3476 1925 3796 1983 destinaba-

2195 2031 2304 2089 tur,
2338 2024 2519 2080 vivere
2556 2022 2886 2092 oportuisset
2916 2037 2929 2073 :
2971 2019 3210 2075 anterior
3241 2028 3421 2075 tamen
3460 2018 3514 2073 in
3546 2017 3797 2073 mulieris

2196 2116 2380 2186 specie
2431 2116 2578 2172 salus
2627 2113 2931 2186 publicanis
2986 2121 3042 2169 et
3101 2111 3473 2182 peccatoribus
3524 2108 3793 2165 redditur.

2199 2210 2325 2267 Hinc
2352 2212 2532 2280 itaque
2559 2209 2624 2265 ad
2666 2209 2879 2264 Domini
2908 2207 3285 2280 praetereuntis
3310 2219 3601 2261 occursuro
3644 2211 3799 2259 tactu

2196 2303 2365 2359 vestis
2397 2301 2608 2361 Domini
2636 2316 2820 2365 sanam
2848 2314 2907 2355 se
2937 2299 3004 2355 de
3034 2296 3309 2369 proﬂuvio
3344 2296 3621 2367 sanguinis
3652 2296 3801 2350 tutu-

2197 2410 2313 2453 ram
2339 2409 2461 2455 esse
2488 2392 2713 2450 conlidit
2739 2412 2753 2447 :
2791 2391 3042 2447 sordibus
3067 2390 3276 2445 scilicet
3315 2389 3521 2459 polluta
3546 2389 3799 2460 corporis

2197 2486 2391 2551 Sui.et
2438 2487 2712 2542 interioris
2759 2484 2875 2539 vitii
2924 2481 3278 2539 immunditiis
3318 2482 3619 2547 dissoluta,
3674 2480 3801 2535 ﬁm-

2195 2582 2371 2639 briam
2396 2581 2562 2638 vestis
2594 2595 2688 2650 per
2717 2578 2880 2634 ﬁdem
2908 2576 3130 2632 festinat
3157 2576 3425 2645 attingere
3441 2612 3458 2640 ,
3483 2574 3684 2628 donum
3710 2576 3798 2628 vi-

2198 2674 2398 2731 delicet
2424 2673 2494 2748 (ί)
2517 2672 2749 2744 Spiritus
2787 2671 2998 2735 sancti,
3025 2669 3093 2725 de
3129 2666 3334 2723 Christi
3376 2682 3608 2737 corpore
3633 2667 3799 2721 modo

2200 2767 2428 2824 ﬁmbriae
2453 2766 2735 2831 exeuntis,
2775 2779 2898 2820 cum
2929 2762 3195 2833 apostolis
3216 2769 3542 2817 oeaversata
3578 2760 3799 2814 contin-

2197 2877 2359 2932 gere;
2393 2862 2558 2932 litque
2604 2875 2731 2914 mox
2780 2873 2907 2913 sana
2947 2855 3111 2929 (Ibid.
3141 2855 3260 2927 ΞΩ).
3310 2853 3387 2908 ita
3425 2852 3587 2909 alteri
3613 2853 3794 2920 salus,

2197 2955 2326 3010 dum
2354 2954 2446 3009 alii
2472 2952 2749 3018 defertur,
2780 2960 2863 3006 est
2909 2947 3139 3004 reddita.
3179 2945 3346 3015 Cujus
3373 2944 3534 3001 ﬁdem
3563 2952 3622 3000 et
3666 2959 3803 3001 con-

2200 3049 2452 3103 stantiam
2507 3047 2766 3101 Dominus
2805 3058 2934 3099 mox
2975 3041 3213 3098 laudavit
3244 3058 3258 3093 :
3284 3041 3409 3112 quia
3437 3039 3585 3111 quod
3612 3038 3801 3095 [oracli

493 3117 797 3213 veterinon
840 3118 1026 3187 adsui,
1077 3121 1201 3192 quia
1247 3125 1529 3181 vetustatis
1569 3124 1938 3181 inﬁrmitatem
1984 3125 2094 3183 vir-
2116 3120 2163 3185 C
2197 3142 2505 3213 parabatur,
2539 3139 2690 3206 plebs
2715 3136 2955 3209 gentium
2986 3133 3291 3204 occupavit.

497 3219 584 3265 tus
620 3209 699 3282 (ά)
732 3212 1036 3271 adsumenti
1068 3214 1217 3268 rudis
1244 3216 1508 3277 dissolvat
1538 3234 1551 3270 :
1593 3227 1652 3275 et
1675 3218 1858 3275 vinum
1896 3234 2093 3279 novum

492 3300 769 3359 veteribus
808 3305 1017 3360 utribus
1048 3296 1162 3361 non
1185 3306 1429 3374 infundi;
1464 3307 1721 3365 ferventis
1760 3314 1903 3365 enim
1932 3314 2095 3367 musti

488 3397 639 3454 calor
671 3409 818 3459 utres
843 3406 1055 3454 veteres
1083 3400 1359 3472 abrumpit
1386 3400 1554 3473 (Ibid.
1590 3401 1656 3456 16
1688 3412 1734 3458 ct
1763 3404 1857 3473 17)
1891 3420 1904 3456 :
1933 3402 2090 3458 inﬁr-

496 3504 616 3547 mas
661 3490 920 3547 videlicet
964 3500 1237 3551 vetustate
1290 3501 1634 3563 peccatorum
1688 3504 1745 3549 et
1792 3496 1999 3551 animas
2039 3503 2094 3551 et

492 3596 745 3654 corpora,
785 3596 937 3636 nova)
967 3585 1157 3654 gratia:
1191 3591 1530 3640 sacramenta
1578 3600 1686 3643 non
1714 3600 1931 3656 capere.
1967 3578 2087 3643 Fiet

492 3675 636 3731 enim
684 3676 924 3730 scissura
969 3678 1154 3744 pejor,
1199 3675 1477 3747 ell'usoque
1526 3678 1650 3739 vino
1699 3672 1847 3735 utres
1879 3687 2090 3736 veteres

495 3766 768 3837 peribunt.
799 3765 1009 3835 Duplex
1037 3767 1181 3822 enim
1210 3769 1399 3827 talium
1426 3771 1530 3825 erit
1575 3780 1787 3839 reatus,
1817 3774 1863 3827 si
1892 3784 2091 3843 praeter

493 3868 816 3915 vetustatem
851 3873 1196 3930 peccatorum
1239 3877 1458 3919 suorum
1489 3865 1742 3921 virtutem
1785 3882 1936 3923 novae
1961 3883 2088 3938 gra-

487 3948 583 4008 iis:
613 3968 721 4015 non
764 3954 1110 4013 sustinebunt
1149 3972 1163 4009 :
1216 3963 1379 4028 atque
1422 3958 1544 4015 ideo
1588 3969 1642 4014 et
1687 3960 1992 4019 Pharisaeos
2037 3970 2094 4020 et

490 4043 786 4117 discipulos
822 4046 1044 4107 Joannis
1084 4063 1223 4106 nova
1268 4064 1377 4107 non
1422 4061 1741 4125 accepturos
1780 4070 1941 4122 esse,
1988 4055 2095 4112 nisi

491 4142 619 4197 novi
651 4139 863 4199 tierent.
1940 4134 1961 4155 ‘

564 4303 643 4376 (α)
669 4301 933 4390 Sumse-
960 4300 1261 4390 ἐφθάρη
1289 4303 1433 4390 (ιιιοὲ
1460 4320 1566 4390 ηςιη
1597 4305 1788 4390 uacet
1820 4303 1947 4365 Haec
1967 4311 2087 4381 qui-

488 4372 632 4432 dem
663 4374 801 4429 nihil
837 4372 1087 4448 vitiantur
1127 4372 1322 4448 sonare
1366 4377 1533 4442 aliud,
1573 4372 1698 4443 nisi,
1743 4395 1850 4448 quo
1897 4372 2085 4439 sancto

2270 3235 2323 3289 Ἰ.
2385 3233 2562 3287 Virtus
2583 3230 2773 3285 Christi
2801 3229 3025 3300 inﬁnito.
3048 3256 3121 3275 α·-
3150 3227 3248 3282 Est
3272 3232 3454 3281 autem
3482 3224 3533 3278 in
3559 3222 3800 3294 simplici

2198 3325 2580 3395 intelligentia,
2625 3337 2818 3393 inagna
2847 3321 3062 3376 virtutis
3106 3317 3417 3374 dominicas
3442 3313 3737 3371 admiratio
3782 3332 3799 3368 :

2194 3433 2318 3473 cum
2347 3425 2586 3486 potestas
2608 3416 2746 3469 intra
2772 3425 2970 3483 corpus
2992 3424 3216 3466 manens
3241 3409 3401 3465 rebus
3420 3407 3645 3463 caducis
3670 3404 3802 3463 elﬁ-

2195 3511 2445 3566 cientiam
2474 3508 2638 3580 709
2659 3506 2883 3562 adderet
2912 3504 3181 3569 sanitatis,
3208 3513 3261 3558 et
3290 3517 3460 3571 usque
3486 3502 3539 3555 in
3567 3500 3801 3555 vestium

2196 3602 2439 3658 ﬁmbrias
2462 3602 2706 3671 operatio
2723 3599 2905 3654 divina
2922 3597 3255 3669 procederet.
3268 3595 3384 3650 Non
3399 3594 3541 3650 enim
3554 3593 3807 3650 divisibi-

2198 3694 2266 3750 lis
2283 3702 2339 3749 et
2353 3690 2857 3763 comprehensibilis
2873 3698 2989 3745 erat
3010 3691 3170 3751 Deus.
3191 3697 3248 3742 ut
3261 3701 3492 3758 corpore
3512 3685 3802 3742 claudere-

2199 3795 2306 3841 tur.
2330 3783 2453 3853 Ipse
2478 3787 2623 3839 enim
2652 3783 2793 3838 dona
2837 3782 2889 3837 in
2918 3782 3120 3851 Spiritu
3145 3780 3371 3846 dividit;
3403 3786 3661 3835 cmterum
3687 3794 3803 3834 non

2198 3878 2458 3934 dividitur
2482 3878 2533 3933 in
2556 3876 2736 3932 donis.
2752 3874 3019 3931 Virtutem
3047 3884 3229 3930 autem
3254 3872 3375 3943 ejus
3397 3872 3535 3928 ﬁdes
3555 3872 3804 3928 ubicum-

2200 3985 2306 4041 que
2326 3970 2676 4041 consequitur
2701 3983 2715 4020 :
2741 3966 2867 4038 quia
2898 3965 3102 4036 ubique
3119 3971 3224 4031 est,
3256 3971 3313 4020 et
3332 3977 3601 4032 nusquam
3622 3963 3802 4019 abest.

2203 4064 2272 4121 Et
2295 4063 2593 4134 assumptio
2615 4061 2861 4132 corporis
2888 4073 2994 4116 non
3018 4068 3265 4117 naturam
3298 4057 3520 4115 Virtutis
3558 4057 3801 4124 inclusit,

2203 4158 2299 4215 sed
2325 4158 2393 4215 ad
2413 4157 2844 4228 redemptionem
2870 4151 2952 4227 (ς)
2980 4169 3160 4220 suam,
3190 4152 3531 4225 fragilitatem
3552 4152 3807 4223 corporis

2191 4336 2287 4379 nus
2321 4337 2336 4390 _:
2369 4320 2472 4379 hoc
2493 4320 2637 4377 enim
2666 4327 2782 4390 est,
2809 4317 3126 4390 relinquetur
3154 4316 3208 4372 in
3229 4315 3445 4390 jejunio
3463 4314 3562 4369 cibi
3587 4314 3723 4369 vitm.

2264 4388 2342 4463 (ἀ)
2371 4390 2461 4447 Sic
2492 4388 2655 4455 Bad.,
2680 4388 2778 4463 (Er.
2813 4394 2873 4463 et
2900 4385 3045 4451 Lips.
3086 4385 3385 4463 faventibus
3417 4385 3539 4440 Par.
3582 4393 3639 4463 ct
3666 4400 3805 4463 qna-
3876 4386 3885 4395 ”

490 4448 617 4529 cibo
644 4462 809 4531 nemo
839 4444 1108 4531 indigebit
1131 4445 1347 4531 Christo
1378 4461 1645 4531 praesente
1674 4466 1690 4502 :
1722 4444 1818 4505 sed
1851 4465 1919 4505 ex
1953 4455 2084 4508 sub-

2196 4444 2468 4518 tutir'mss.
2497 4444 2776 4531 inquibus
2806 4444 3085 4527 adsumpti.
3120 4460 3176 4513 In
3199 4458 3319 4512 aliis
3346 4471 3477 4514 mss.
3523 4444 3720 4509 adstiti.

495 4520 652 4574 nexis
690 4518 860 4589 liquet
901 4531 961 4589 ea
1005 4516 1180 4589 ponus
1217 4518 1289 4570 ita
1326 4518 1673 4588 intelligenda
1705 4538 1719 4573 :
1748 4537 1857 4589 quo
1896 4535 2087 4581 sancto

492 4590 614 4651 cibo
630 4584 875 4641 Christus
896 4586 1129 4642 efﬁcitur
1153 4603 1415 4658 prmsens,

495 4660 605 4715 alio
630 4660 752 4715 cibo
782 4658 1062 4728 indigebit.

574 4732 647 4802 (b)
679 4728 815 4784 Tres
843 4744 971 4803 mss.
1004 4729 1059 4803 in
1086 4729 1261 4803 ﬁdem.
1298 4729 1693 4803 Eucharistiam
1723 4735 2017 4803 accipimus
2041 4737 2093 4792 in

502 4800 611 4859 ﬁde
630 4800 1073 4868 resurrectionis,
1105 4801 1234 4872 dum
1274 4802 1391 4871 ejus
1430 4805 1778 4872 perceptione
1815 4800 2094 4863 credimus

486 4888 605 4937 (nos
633 4888 826 4943 panem
857 4874 1060 4937 vivum,
1084 4880 1138 4926 et
1172 4871 1302 4938 vivi,
1332 4888 1436 4931 non
1467 4871 1687 4937 mortui,
1722 4873 1926 4933 Christi
1968 4893 2093 4932 cor-

504 4958 603 5017 pus
629 4945 894 5017 accipere.
930 4943 1326 5017 Accipimusjet
1358 4944 1410 4998 in
1448 4944 1608 5017 Iidem
1650 4950 2092 5017 resurrectionis,

503 5013 629 5068 dum
656 5029 761 5066 non
785 5014 959 5067 solum
988 5028 1181 5082 panem
1215 5015 1415 5071 vivum.
1448 5014 1543 5068 sed
1571 5024 1626 5069 et
1656 5017 2018 5081 viviﬁcantem
2043 5013 2097 5075 in

505 5099 568 5141 ea
584 5083 859 5161 contineri
891 5085 1227 5161 prolitemqr,
1252 5086 1305 5161 in
1333 5099 1436 5155 qua
1461 5084 1880 5161 immortalitatis
1906 5104 2094 5146 semen

504 5153 665 5210 nobis
698 5153 942 5223 prarstnri
970 5153 1211 5211 nonnulli
1253 5153 1442 5210 Patres
1481 5173 1585 5213 non
1620 5157 1892 5219 immerito
1927 5163 2096 5219 tradi-

505 5220 1540 5302 derunt.Unde_Athanasins_epis_t.d,
1570 5228 1636 5283 ad
1672 5229 1862 5302 Serap.
1895 5241 1931 5285 t.
1967 5248 2006 5296 ι,
2041 5248 2092 5302 p.

506 5298 632 5371 .579,
660 5294 992 5371 edit.AParis.
1031 5313 1120 5351 an.
1161 5294 1629 5371 1627,'_Cllristum
1670 5301 1748 5357 sic
1787 5294 2095 5371 loquentem

504 5367 714 5443 inducit
738 5384 761 5443 :_
785 5363 984 5443 Corpus
1007 5382 1196 5443 meum,
1230 5368 1366 5434 quod
1408 5370 1692 5426 ostenditur
1727 5382 1775 5427 et
1812 5363 1966 5429 datur
2002 5388 2097 5443 pro

506 5438 720 5516 mundo,
746 5439 798 5491 in
834 5438 1004 5516 cibum
1030 5439 1255 5516 dabitur,
1286 5451 1339 5493 ut
1367 5443 1666 5511 spiritaliter
1706 5444 1975 5516 unicuique
1999 5438 2096 5499 tri-

507 5512 719 5591 buatur,
741 5519 788 5563 et
827 5510 1164 5591 ﬁat_singulis
1196 5510 1415 5565 tutamen
1453 5510 1974 5586 pruzservatioquc'ad
2014 5532 2097 5569 rc-

504 5581 871 5636 sarrectionem
896 5581 1013 5635 eius
1030 5590 1254 5635 «eterna.

543 5648 653 5733 "(0)
683 5650 922 5733 Latinius
944 5668 975 5707 e
994 5667 1112 5733 ius.
1138 5652 1308 5707 Vatic.
1337 5654 1391 5706 in
1420 5654 1535 5733 eius
1561 5655 1675 5710 cibo
1691 5657 1925 5733 jejunus,
1955 5656 2101 5733 Βίω-

511 5724 580 5776 rii
610 5730 845 5778 mentem
874 5724 1075 5781 clarius
1100 5724 1174 5782 ita
1194 5724 1578 5796 expressisset,
1599 5744 1637 5781 ι
1807 5730 1924 5783 sine
1949 5732 2098 5802 jeju-

2263 4552 2335 4625 (c)
2390 4553 2531 4609 Editi
2552 4594 2567 4619 ,
2597 4561 2710 4606 orat
2752 4551 2930 4625 plebs,
2959 4566 3110 4623 quam
3133 4552 3247 4620 ipsa
3285 4547 3476 4605 Christi
3503 4549 3805 4621 prwdicatio

1440 4604 1612 4661 eoque
1636 4603 1905 4662 praesente
1925 4610 2087 4652 nemo
2114 4632 2168 4692 υ
2190 4603 2993 4691 ni;;.m:'as:.s.:a.mt~
3014 4603 3078 4676 ex
3103 4603 3236 4676 ηιξέ.

2274 4719 2342 4789 (Ῑ)
2369 4718 2597 4790 Spiritus
2615 4716 2779 4772 sancti
2806 4715 3068 4790 vocabulo
3098 4712 3809 4790 verbidivinitatemsigni:

2206 4783 2354 4845 ﬁcari
2377 4831 2390 4847 .
2412 4783 2629 4855 liquido
2656 4796 2807 4857 patet
2830 4802 2899 4857 ex
2918 4786 3200 4857 subnesis.
3224 4784 3374 4857 quid
3392 4786 3538 4839 enim
3573 4784 3660 4838 hic
3689 4783 3803 4857 sibi

2203 4862 2317 4916 vult
2344 4851 2573 4927 Spiritus
2599 4851 2761 4915 sancti
2809 4854 3019 4911 domum
3064 4855 3214 4911 modo
3262 4851 3481 4925 ﬁmbriae
3524 4855 3758 4927 exeuntis
3782 4895 3803 4921 ,

2206 4931 2311 5001 ni~i
2335 4924 2476 5001 quoii
2510 4927 2648 5001 infra
2675 4928 2903 4995 Operatio
2933 4927 3108 5001 diuina
3142 4924 3379 5001 atquein
3427 4928 3641 4982 uestium
3670 4924 3804 4993 ﬁm-

2202 4997 2367 5058 brius'
2387 4999 2669 5072 procedens
2690 5041 2704 5063 ,
2722 5015 2830 5072 seu
2849 4997 3032 5072 Aquod
3055 5006 3278 5072 potestas
3305 5000 3443 5053 intra
3473 5012 3661 5072 corpus
3688 5012 3804 5072 nia:

2204 5089 2328 5128 nens
2368 5064 2521 5128 rebus
2546 5069 2755 5125 caducis
2801 5064 3123 5140 eﬂicientingn
3163 5067 3359 5124 addens
3386 5068 3644 5123 sanitatis.
3688 5064 3804 5140 Sed

2200 5160 2305 5198 non
2340 5144 2517 5197 minus
2559 5135 2903 5197 manifestum
2938 5152 3021 5196 est
3068 5137 3291 5195 Virtutis
3342 5154 3540 5199 nomen
3580 5152 3707 5192 mox
3729 5135 3802 5191 ad

2200 5213 2448 5269 eumdem
2469 5212 2825 5282 signiﬁcatum
2848 5208 3075 5271 assumi.
3108 5210 3366 5282 Divinitas
3391 5221 3572 5282 autem
3592 5206 3801 5282 Christi

2198 5285 2267 5341 de
2288 5276 2709 5352 corpore'exiit,
2738 5298 2859 5339 cum
2906 5297 2968 5337 se
2994 5298 3089 5352 per
3117 5276 3279 5352 ope‘i-a
3311 5280 3492 5336 divina
3537 5276 3805 5343 manifes-

2203 5357 2350 5410 tavit.
2377 5353 2487 5412 Nec
2513 5355 2782 5410 immerito
2803 5353 3346 5410 ntemoratur‘exisse
3372 5392 3391 5419 .
3417 5367 3541 5423 qua:
3564 5363 3806 5421 corpore

2204 5442 2308 5481 non
2339 5425 2710 5482 claudebatur.

2276 5517 2354 5589 (9)
2379 5516 2512 5572 Illud
2543 5532 2687 5570 suam
2712 5530 2818 5570 non
2847 5514 2914 5569 ad
2942 5516 3241 5589 virtutem,
3267 5514 3364 5589 sed
3387 5512 3454 5568 ad
3482 5525 3683 5575 οωοιις
3706 5526 3801 5589 φα-

2202 5586 2410 5644 fertur:
2435 5589 2683 5653 corporis
2709 5587 3174 5649 autemvocabulo
3197 5586 3474 5642 hominum
3502 5591 3693 5639 natura
3716 5586 3802 5639 in-

2208 5660 2487 5730 telligitur.
2510 5652 2622 5713 Hoc
2635 5656 2907 5730 igitursibi
2931 5658 3045 5712 vult
3072 5657 3347 5713 hominum
3376 5666 3624 5730 naturam
3646 5652 3803 5709 inﬁr-

2211 5727 2352 5786 mam
2380 5730 2451 5785 ad
2468 5727 2672 5786 eorum
2685 5729 3121 5800 redemptionem
3141 5727 3453 5800 assumpsit.
