4172 6188
363 246 470 327 ἓθὲ

1321 220 1864 315 conuenientes
1898 241 1962 313 IN
1993 224 2431 315 nuntiauit.
2471 239 2628 302 car.
2667 240 2737 301 Χ.

360 361 547 427 Virtus
570 356 863 429 assumpsit
893 374 908 419 :
938 372 1061 428 quae
1086 362 1197 419 tam
1224 357 1431 423 iniinita
1450 401 1467 431 ,
1511 368 1617 423 tam
1646 358 1814 419 libera
1837 367 1950 423 est,
1982 362 2033 426 Α
2058 358 2302 418 offertur.
2339 357 2601 427 Omnibus
2638 358 2785 421 enim
2816 356 3053 430 undique
3082 356 3240 415 malis
3266 357 3652 424 circumsessa.

364 456 603 517 utetiam
634 453 709 527 (α)
738 454 791 519 in
827 451 1053 519 ﬁmbriis
1080 451 1195 524 ejus
1223 452 1473 537 humanm
1499 453 1689 511 salutis
1716 452 1962 524 operatio

362 547 757 608 contineretur.

435 640 490 698 8.
562 639 740 699 Judaei
816 641 1239 699 resurrectionem
1307 634 1496 699 rident.
1548 638 1713 697 Pauci
1774 655 1840 697 ex
1891 639 1965 695 eis

366 732 629 791 credituri.
694 761 757 772 —
816 729 1118 803 ingreditur
1156 730 1369 789 deinde
1437 730 1963 797 Dominusdomnm

368 823 659 897 principis,
726 836 1050 895 synagogam
1133 823 1411 889 videlicet,
1458 823 1544 883 cui
1618 822 1671 881 in
1739 821 1967 881 canticis

370 912 501 988 legis
542 913 780 989 hymnus
827 914 1066 996 luctuum
1126 916 1444 984 personabat
1497 913 1659 986 (Ibid.
1713 915 1853 985 25):
1913 918 1970 969 et

372 1008 625 1071 irridetur
682 1023 715 1069 a
780 1009 1045 1081 plurimis.
1114 1007 1415 1079 Numquam
1464 1008 1607 1066 enim
1671 1007 1747 1065 illi
1800 1007 1967 1071 Deum

374 1101 427 1156 in
455 1100 673 1159 homine
717 1100 1111 1169 crediderunt,
1161 1100 1288 1173 quin
1351 1098 1524 1168 potius
1573 1098 1849 1169 praedicari
1880 1113 1967 1155 re-

372 1193 762 1255 surrectionem
825 1208 892 1251 ex
950 1192 1177 1251 mortuis
1236 1191 1493 1257 riserunt.
1560 1191 1970 1262 Apprebensam

374 1283 539 1361 igitur
563 1284 790 1355 puellam
824 1301 985 1345 manu
1007 1283 1205 1359 ,Icujus
1250 1284 1391 1355 apud
1418 1299 1476 1343 se
1507 1298 1652 1340 mors
1676 1294 1793 1340 erat
1821 1298 1970 1340 Some

377 1394 502 1443 nus,
539 1378 763 1437 retraxit
794 1377 862 1437 ad
903 1377 1068 1435 vitam
1117 1375 1280 1449 (Ibid.
1332 1375 1448 1448 25).
1502 1374 1680 1447 Atque
1708 1385 1767 1437 ut
1817 1390 1973 1431 rarus

376 1470 507 1537 hinc
532 1485 655 1531 esse
678 1485 746 1535 ex
776 1469 894 1540 lege
929 1467 1265 1527 credentium
1294 1468 1581 1527 electionis
1609 1482 1866 1531 numerus
1896 1470 1977 1524 in-

379 1560 546 1632 telligi
594 1569 810 1631 pesset,
852 1559 1009 1615 turba
1036 1560 1213 1619 omnis
1240 1560 1464 1628 expulsa
1492 1566 1576 1619 est
1610 1575 1622 1612 :
1666 1573 1825 1628 quam
1874 1560 1978 1613 uti-

375 1669 483 1731 que
514 1653 715 1715 salvari
758 1650 1021 1715 Dominus
1051 1659 1333 1721 optasset;
1366 1650 1463 1707 sed
1514 1650 1791 1709 irridendo
1833 1650 1976 1715 dicta

376 1757 638 1827 gestaque
660 1745 779 1815 ejus
800 1788 814 1813 ,
843 1743 1262 1803 resurrectionis
1291 1758 1397 1798 non
1431 1742 1528 1801 luit
1555 1741 1712 1813 digna
1750 1757 1975 1799 consor-
2005 1746 2050 1806 Β

378 1832 474 1894 ιὶο.
529 1837 595 1893 Ει
643 1846 878 1894 exeunte
925 1837 1061 1899 fama
1111 1834 1166 1893 in
1214 1837 1518 1897 universam
1574 1845 1774 1897 terram
1824 1835 1971 1893 illam

378 1928 543 2002 (Ibid.
574 1929 692 1995 26),
725 1929 802 2003 (b)
829 1937 950 2007 post
975 1928 1254 1991 electionis
1281 1929 1513 1993 salutem
1542 1929 1742 1991 donum
1772 1926 1975 1989 Christi

376 2025 538 2088 atque
564 2031 729 2087 opera
758 2015 1144 2089 praedicantur.
1642 2029 1657 2039 ν

449 2107 503 2165 9.
576 2102 736 2164 Fides
789 2107 858 2162 ad
906 2108 1121 2162 salutem
1175 2100 1555 2178 prterequisita.
1604 2136 1675 2147 —
1727 2105 1974 2165 Exeunle

378 2194 540 2273 igitur
571 2199 821 2266 Domino,
866 2215 995 2255 mox
1028 2200 1157 2257 cteci
1189 2198 1297 2254 duo
1329 2207 1627 2271 sequuntur
1654 2195 1821 2267 (Ibid.
1853 2195 1970 2268 27).

379 2294 486 2351 Sed
516 2294 644 2350 caeci
675 2304 728 2350 et
758 2308 1038 2365 egressum
1088 2300 1142 2359 et
1183 2306 1381 2348 nomen
1428 2290 1640 2347 Domini
1692 2288 1967 2361 quomodo

378 2387 522 2444 scire
550 2386 888 2459 potuerunt?
924 2386 1067 2455 Quin
1097 2387 1262 2440 etiam
1295 2394 1350 2439 et
1378 2383 1543 2439 lilium
1575 2382 1738 2437 David
1769 2396 1978 2441 nuncu-

380 2490 534 2555 pant,
562 2490 616 2537 et
641 2477 840 2534 salvari
871 2494 929 2534 se
953 2488 1166 2549 rogant.
1194 2474 1252 2534 In
1292 2477 1453 2537 czceis
1481 2476 1693 2533 duobus
1723 2477 1861 2531 ratio
1892 2486 1975 2533 to-

384 2571 491 2626 tius
540 2570 839 2642 superioris
886 2569 1334 2645 prazligurationis
1388 2568 1709 2631 absolvitur.
1766 2569 1845 2627 Ex
1895 2568 1979 2624 his

383 2664 529 2718 enim
560 2661 665 2717 lilia
699 2658 961 2739 principis
1008 2674 1130 2717 esse
1180 2669 1543 2723 monstratur,
1599 2657 1670 2733 (c)
1720 2659 1978 2717 Pbarismi

385 2756 594 2815 scilicet
637 2767 691 2810 ct
738 2754 986 2826 discipuli
1027 2753 1281 2825 Joannis,
1313 2754 1403 2825 qui
1435 2754 1717 2815 Dominum
1746 2755 1858 2824 jam
1890 2769 2004 2809 ευ·-

388 2844 568 2919 perins
593 2848 648 2902 in
680 2862 969 2905 commune
995 2856 1351 2903 tentaverant.
1387 2844 1480 2900 His
1503 2847 1664 2921 igitur
1685 2847 1979 2905 nescienti-

386 2943 545 2999 busa
575 2958 681 3013 quo
726 2938 948 2999 salutem
996 2949 1271 3011 peterent,
1318 2938 1573 2995 indicavit
1621 2940 1742 3007 lex,
1792 2950 1844 2994 et
1896 2938 1981 2995 his

386 3038 710 3093 salvatorem
736 3050 892 3089 suum
925 3036 977 3089 in
1022 3048 1253 3105 corpore
1281 3047 1345 3087 ex
1378 3030 1542 3086 David
1586 3047 1785 3102 genere
1826 3046 1983 3085 mon-

2065 452 2226 509 totius
2256 453 2500 522 corporis
2542 454 2686 509 vitiis
2734 452 3134 522 implicabatur.
3180 451 3246 509 Et
3299 452 3351 508 in
3382 466 3449 510 eo
3477 468 3657 509 retnm

2063 550 2198 604 ordo
2223 560 2471 605 servatus
2498 560 2601 607 est.
2635 550 2767 605 Nam
2793 550 3008 607 daemon
3030 551 3181 622 prius
3208 550 3445 621 eiicitur,
3468 560 3523 605 et
3549 560 3659 605 tum

2065 639 2270 709 reliqua
2313 641 2557 710 corporis
2604 640 2781 696 ofﬁcia
2834 642 3149 699 succedunt.
3199 641 3271 713 (f)
3324 641 3418 696 Dei
3463 642 3663 712 quippe

2065 732 2373 803 Cognitionis
2398 735 2839 802 superstitionum
2867 734 3110 791 omnium
3142 733 3363 791 vesania
3394 732 3624 803 ell'ugata
3643 772 3661 801 ,

2068 836 2122 882 et
2148 827 2297 881 visus
2319 837 2372 881 et
2401 827 2615 883 auditus
2642 837 2697 885 et
2735 844 2914 884 sermo
2950 828 3144 886 salutis
3170 827 3467 883 invehitur.
3498 826 3667 895 Cujus

2068 916 2195 976 laeti
2222 917 2640 977 admirationem
2678 920 2798 977 talis
2828 922 3001 979 turba:
3028 930 3111 981 est
3135 930 3426 977 consecuta
3456 917 3670 975 confes-

2070 1010 2192 1078 sio,
2237 1008 2536 1081 Numquam
2581 1012 2657 1069 sic
2703 1013 2949 1082 apparuit
2995 1014 3050 1067 in
3101 1011 3267 1069 Israel
3315 1010 3479 1084 (Ibid.
3525 1007 3667 1082 35):

2070 1120 2219 1171 eum,
2240 1105 2326 1161 cui
2357 1121 2454 1173 per
2486 1106 2658 1175 legem
2689 1106 2824 1163 nihil
2854 1106 3036 1167 allerri
3061 1107 3182 1177 opis
3215 1113 3492 1176 potuerat,
3516 1104 3669 1159 verbi

2072 1197 2272 1251 virtute
2301 1196 2536 1262 salvari;
2584 1198 2838 1270 quodque
2893 1199 3082 1255 laudes
3131 1197 3228 1254 Dei
3281 1197 3443 1253 homo
3492 1205 3675 1253 mutus

2073 1288 2375 1358 surdasque
2420 1289 2753 1358 loqueretur.
2785 1289 2973 1347 Salute
2999 1299 3180 1347 autem
3207 1288 3461 1362 gentibus
3508 1290 3632 1343 data
3656 1327 3671 1354 ,

2074 1381 2321 1439 civitates
2348 1396 2536 1441 onincs
2561 1391 2619 1438 et
2645 1383 2874 1439 castella
2902 1383 3082 1441 omnia
3115 1384 3314 1440 virtute
3347 1391 3402 1439 et
3431 1382 3673 1451 ingressu

2075 1471 2276 1529 Christi
2306 1473 2703 1541 illuminantur,
2736 1485 2793 1532 et
2823 1489 3044 1533 omnem
3075 1473 3443 1535 inﬁrmitatem
3468 1473 3677 1533 veterni

2076 1564 2350 1637 languoris
2380 1565 2635 1629 evadunt.

2694 1694 2925 1756 CAPUT
2990 1692 3061 1755 Χ.

2153 1808 2251 1868 Ubi
2281 1807 2550 1866 duodecim
2583 1807 2867 1882 discipulos
2892 1810 3158 1885 prtentittit
3190 1829 3304 1871 cum
3329 1808 3590 1870 doctrina.

2147 1925 2189 1981 Ι.
2246 1924 2442 1983 Videas
2469 1934 2640 1981 autem
2674 1926 2849 1993 turbas
2868 1965 2883 1989 ,
2923 1926 3160 1983 misertus
3189 1936 3265 1983 est
3295 1944 3314 1983 :
3341 1926 3481 1999 quod
3519 1934 3684 1982 essent

2073 2026 2271 2089 uexata
2317 2026 2365 2075 et
2380 2020 2615 2090 jacentcs
2637 2059 2651 2083 ,
2701 2028 2758 2073 et
2800 2017 3004 2088 reliqua
3031 2017 3249 2089 (Matth.
3280 2035 3334 2075 ix
3355 2059 3371 2085 ,
3401 2016 3517 2092 56).
3556 2017 3688 2075 Ver-

2075 2106 2267 2167 borum
2323 2109 2548 2167 virtutes
2617 2123 2725 2167 non
2776 2109 2954 2167 minus
3000 2119 3214 2179 oportet
3289 2109 3683 2181 introspicere.

2074 2213 2237 2268 quam
2267 2213 2451 2259 rerum
2483 2217 2498 2253 :
2529 2200 2675 2270 quia,
2700 2209 2759 2257 ut
2779 2199 3018 2259 diximus
3036 2241 3051 2267 ,
3079 2202 3229 2272 paria
3252 2201 3309 2257 in
3333 2202 3499 2259 dictis
3525 2211 3687 2270 atque

2083 2294 2135 2351 in
2164 2289 2318 2351 factis
2339 2289 2791 2362 significationum
2832 2301 3104 2355 momenta
3132 2295 3458 2363 comistuut.
3484 2293 3691 2351 Turba-

2077 2395 2196 2445 rum
2242 2381 2508 2441 Dominus
2558 2383 2853 2451 miseretur
2899 2392 3213 2443 vexatarum
3251 2396 3304 2441 et
3347 2386 3685 2455 jacentium,

2080 2482 2355 2545 tamquam
2386 2474 2567 2547 gregis
2592 2473 2713 2535 sine
2747 2484 2965 2553 pasiore
2995 2476 3252 2545 dispersi.
3288 2476 3357 2535 Et
3400 2478 3477 2533 ait
3504 2517 3520 2543 ,
3550 2492 3691 2532 mes.

2079 2582 2194 2630 sem
2226 2566 2449 2627 multam
2470 2604 2487 2636 ,
2520 2581 2722 2638 paucos
2752 2570 3065 2638 operarios,
3097 2569 3363 2631 orandum
3407 2569 3689 2627 Dominum

2082 2658 2298 2725 messis,
2329 2669 2387 2715 ut
2413 2661 2690 2729 operarios
2743 2660 2926 2730 plures
2958 2661 3010 2717 in
3039 2676 3273 2721 messem
3318 2662 3499 2734 ejiciat
3525 2660 3688 2733 (Ibid.

2081 2750 2197 2823 '57).
2228 2748 2297 2805 Et
2318 2751 2587 2820 discipulis
2617 2752 2907 2807 convocatis
2927 2793 2942 2817 ,
2972 2752 3113 2813 dedit
3152 2764 3455 2825 potestatem
3478 2750 3695 2827 ejicien-

2083 2842 2265 2896 dorum
2309 2843 2585 2912 spirituum
2636 2842 3038 2911 immundorum,
3087 2846 3433 2915 curandteque
3496 2859 3693 2900 cuncta:

2085 2936 2433 3006 inﬁrmitatis,
2465 2937 2729 3009 amnisque
2774 2939 3037 3010 languoris
3080 2936 3300 3013 (Matth.
3347 2955 3383 2999 ι
3406 2980 3423 3006 ,
3455 2938 3532 3011 1).
3567 2939 3695 3001 Haec

2085 3032 2246 3102 igitur
2277 3033 2401 3093 licet
2428 3033 2483 3089 in
2520 3047 2763 3102 praesens
2787 3045 2937 3104 geSta
2964 3034 3076 3095 sint
3098 3075 3115 3101 ι
3139 3034 3269 3106 quid
3310 3043 3491 3093 tamen
3522 3036 3576 3090 in
3606 3034 3689 3091 lu-

387 3129 611 3193 stravit,
660 3135 714 3183 et
740 3125 895 3183 caecis
922 3135 1107 3181 vetere
1136 3134 1357 3196 peccato
1376 3167 1391 3193 ,
1422 3123 1544 3196 quia
1572 3123 1847 3179 Christum
1880 3121 1984 3177 nisi
2008 3132 2055 3203 ρ
2089 3134 2268 3185 turum.
2294 3126 2621 3199 signiﬁcent,
2655 3127 3025 3189 contuendqu
3055 3136 3162 3184 est.

388 3217 651 3274 admoiiitl
690 3234 794 3272 non
827 3217 1108 3283 videbant,
1138 3216 1318 3271 lumen
1349 3214 1547 3270 mentis
1577 3213 1822 3268 inseruit.
1852 3214 1983 3281 Qui-

387 3310 489 3373 bus
519 3311 796 3371 Dominus.
830 3308 909 3383 (ά)
936 3310 1226 3366 ostendens
1255 3325 1359 3363 non
1386 3324 1453 3363 ex
1474 3304 1646 3363 salute
1674 3306 1856 3377 Iidem,
1887 3306 1983 3363 sed

388 3416 488 3475 per
532 3400 692 3459 [idem
743 3402 974 3461 salutem
1027 3399 1443 3470 exSpectandam
1490 3396 1641 3473 (caeci
1684 3396 1828 3459 enim
1858 3398 1984 3468 quia

388 3495 732 3553 crediderant
762 3494 1009 3550 viderunt
1036 3540 1046 3551 .
1074 3476 1180 3548 non
1212 3494 1333 3565 quia
1366 3492 1611 3547 viderant
1637 3491 1986 3548 crediderunt

393 3588 555 3665 (Ibid.
588 3591 681 3664 28)
712 3611 725 3647 :
754 3608 817 3649 ex
849 3606 955 3663 quo
986 3588 1389 3660 intelligendum
1417 3598 1499 3643 est
1527 3587 1633 3642 ﬁde
1664 3586 1982 3643 merendum

393 3702 516 3744 esse
542 3686 687 3767 quod
716 3684 944 3758 petitur,
978 3699 1086 3741 non
1118 3700 1184 3739 ex
1218 3681 1522 3755 impetratis
1560 3680 1716 3739 ﬁdem
1749 3695 1871 3735 esse
1895 3696 1987 3735 su—
2016 3670 2028 3680 ”

390 3778 691 3849 mendam),
724 3774 769 3833 si
800 3776 1182 3841 Credidissent,
1215 3774 1390 3830 visum
1438 3772 1742 3843 pollicetur,
1786 3783 1840 3829 et
1869 3788 1988 3828 cre-

393 3873 646 3933 dentibus
674 3880 913 3949 prtestat,
960 3880 1016 3926 et
1056 3868 1330 3926 silentium
1379 3865 1792 3938 imperatUbid.
1842 3867 1935 3938 50)
1970 3883 1984 3921 :

392 3966 518 4039 quia
546 3964 907 4036 apostolorum
936 3973 1052 4020 erat
1084 3961 1365 4036 preprium
1399 3961 1715 4032 prmdicare.

467 4056 557 4114 10.
614 4054 796 4112 Gentes
826 4056 1141 4113 dwmoriiaco
1176 4055 1531 4128 designantur.
1564 4053 1793 4123 --,Qttin
1819 4051 1981 4108 etiam

393 4162 514 4231 pOSt
543 4150 692 4219 hmc,
746 4150 802 4206 in
852 4160 1000 4213 muto
1028 4159 1082 4213 et
1123 4147 1287 4211 surdo
1336 4146 1500 4221 710
1545 4154 1600 4203 et
1651 4145 1993 4201 daemoniaco

396 4242 559 4335 (Ibid.
593 4243 711 4318 52),
759 4240 999 4319 gentium
1048 4242 1198 4321 plebs
1249 4236 1324 4313 (ε)
1365 4238 1542 4315 indiga
1591 4238 1759 4294 totius
1793 4237 1988 4294 salutis

466 4383 546 4457 (a)
572 4384 726 4452 Apud
754 4346 913 4448 is...
949 4379 1245 4457 Er.,_Lips.
1276 4385 1331 4432 et
1358 4376 1412 4457 ut
1444 4376 1649 4457 aliquot
1677 4387 1808 4457 mss.
1839 4372 1988 4428 desi-

401 4444 662 4541 derantur
693 4444 962 4523 postrema
1004 4444 1765 4541 hujus"rttttneri‘yot‘ba:.sed
1798 4460 1987 4541 eorum
2014 4476 2069 4541 Β

396 4526 519 4581 loco
543 4518 704 4597 plura
725 4542 790 4581 ex
841 4518 1443 4595 ηυιιιετοέυῑβφψθιιῐὶ
1488 4518 1687 4573 inserta
1733 4525 1893 4582 sunt,
1930 4523 1988 4571 ut

395 4611 517 4652 mox
549 4597 812 4652 dicemus.

472 4668 546 4740 (b)
576 4669 715 4724 Editi
744 4661 1120 4740 exceptoPar.
1142 4664 1196 4740 in
1220 4660 1477 4740 electionis
1505 4660 1738 4714 salutem.
1771 4658 1986 4740 Rectius

397 4732 489 4796 alii
518 4732 636 4794 libri
655 4781 668 4802 .
699 4746 810 4804 post
839 4732 1095 4790 electionis
1112 4736 1326 4788 salutem
1344 4775 1356 4793 .
1389 4732 1653 4804 hocest,
1673 4739 1799 4804 post
1822 4743 1983 4804 quam

398 4821 583 4866 sanata
611 4800 894 4863 est'elccta
945 4806 1118 4875 portio
1145 4805 1453 4875 lutlteorurn
1500 4801 1553 4855 in
1586 4802 1691 4855 lilia
1724 4800 1983 4875 principis

398 4881 731 4935 adumbrata.
782 4869 991 4947 Quippe
1034 4877 1152 4941 hic,
1208 4882 1265 4929 ut
1314 4872 1469 4942 paulo
1519 4882 1676 4947 ante,
1728 4879 1781 4925 et
1828 4869 1985 4947 initio

398 4966 543 5007 nutu.
580 4952 633 5011 6.
662 4940 949 5004 electionem
976 4948 1208 5002 Hilarius
1235 4940 1506 5011 nuncupat
1527 4941 1764 5005 Judzeos,
1789 4940 1984 5011 quibus

402 5026 553 5077 salus
579 5010 749 5075 aDeo
778 5021 1044 5073 destinata
1077 5028 1183 5083 est,
1209 5016 1273 5070 ad
1305 5010 1657 5068 imitationem
1684 5011 1801 5066 scil.
1829 5010 1984 5066 Pauli

399 5093 558 5148 Bom.
583 5110 659 5155 χι,
686 5094 720 5147 5
744 5100 800 5148 et
823 5092 885 5147 7:
916 5089 1165 5160 Reliquit!
1188 5085 1469 5160 secundum
1486 5085 1775 5160 electionem
1804 5083 1985 5152 gratia:

398 5163 555 5219 salvas
580 5152 730 5235 facta
758 5172 945 5235 sunt...
982 5152 1133 5228 Quod
1158 5155 1412 5230 quarebat
1442 5152 1607 5209 Israel
1628 5195 1642 5217 ,
1664 5152 1761 5207 hoc
1789 5170 1889 5208 non
1906 5162 1986 5208 est

400 5244 701 5290 consecutus
739 5251 757 5288 ἰ
796 5234 973 5289 electio
999 5239 1166 5285 autem
1209 5235 1481 5285 σοηοεσυεα
1530 5235 1635 5280 88ίέ
1686 5235 1741 5279 et
1769 5239 1984 5279 rursum

398 5321 454 5359 ν.
482 5308 582 5361 28:
609 5306 903 5378 Secundum
948 5301 1281 5378 Evangelium
1305 5297 1510 5378 quidem
1539 5296 1753 5378 inimici
1778 5304 1988 5378 propter

399 5392 490 5431 vos
506 5419 521 5440 .
544 5377 827 5433 secundum
853 5376 1149 5433 electionem
1175 5380 1344 5437 autem
1371 5375 1623 5427 carissimi
1651 5375 1858 5438 promer
1886 5384 1987 5437 pa-

401 5458 522 5502 ινεε.

430 5548 431 5551 η
473 5517 549 5592 (c)
570 5516 853 5592 Beccensis
876 5512 1391 5592 cogenfl‘uronensl
1410 5504 1664 5592 secundis
1697 5504 1989 5592 curis-cum

401 5576 898 5653 eo‘ciins‘entiente.
930 5576 1212 5645 Phor-isteis
1232 5584 1422 5642 scilicet
1449 5590 1496 5636 et
1520 5576 1797 5653 (discipulis
1825 5577 1984 5653 Joan-

402 5661 503 5714 nis.
537 5660 623 5717 Nil
650 5646 1296 5719 videturlmmntandum.
1342 5651 1603 5726 superius
1647 5646 1896 5726 princeps
1924 5646 1987 5703 ii-

392 5730 492 5799 .lia:
512 5741 686 5803 pater,
716 5731 835 5798 lex;
868 5726 1002 5799 liiia,
1030 5726 1184 5801 plebs
1204 5727 1312 5798 legi
1334 5719 1545 5782 subdita
1569 5719 1849 5777 intellecta‘
1861 5727 1945 5777 est
1970 5732 1985 5787 ;

2159 3217 2213 3272 Ξ.
2248 3216 2431 3281 Messis
2453 3217 2683 3287 Spiritus
2711 3219 2873 3287 sancti
2890 3235 3094 3274 munus.
3122 3220 3295 3286 Quam
3313 3217 3557 3277 abundet.
3595 3217 3697 3279 Per

2090 3327 2288 3381 precem
2307 3320 2581 3384 prwstatur
2609 3308 2784 3367 Virtus
2796 3313 3191 3386 ejus.—Nullus
3207 3312 3260 3369 in
3276 3313 3462 3373 turbas
3476 3322 3698 3370 vexator

2089 3404 2356 3474 irruperat
2378 3442 2396 3470 ,
2429 3418 2603 3474 neque
2629 3418 2756 3463 casu
2788 3404 2970 3473 aliquo
3020 3412 3280 3473 motuque
3323 3404 3588 3473 perculsa:
3613 3404 3700 3474 ja-

2089 3494 2285 3551 cebant
2326 3510 2340 3547 :
2383 3492 2656 3562 quomodo
2685 3507 2816 3561 ergo
2839 3493 3088 3561 jaceutes
3142 3503 3475 3562 vexatasque
3535 3493 3701 3549 mise-

2090 3596 2237 3649 ratur
2267 3584 2363 3655 (ιιι.
2400 3582 2749 3653 miseretur)?
2771 3584 3037 3641 lmmundi
3067 3585 3320 3643 videlicet
3346 3584 3571 3655 spiritus
3600 3584 3698 3640 do-

2089 3679 2332 3743 minante
2362 3678 2613 3735 violootia
2641 3685 2918 3743 vexatam,
2945 3690 3001 3735 et
3025 3680 3127 3743 sub
3158 3679 3294 3751 legis
3322 3693 3494 3735 onere
3520 3694 3697 3751 παιδος·

2094 3780 2202 3833 tam
2241 3768 2452 3840 plebem
2486 3768 2742 3826 Dominus
2770 3771 3062 3833 miseratur
3089 3811 3104 3836 ,
3127 3771 3255 3841 quia
3286 3770 3366 3843 (9)
3390 3770 3573 3831 nullus
3599 3771 3698 3827 ad-

2093 3861 2195 3918 huc
2251 3861 2334 3917 his
2380 3870 2565 3931 pastor
2618 3871 2800 3926 esset,
2859 3864 3168 3925 custodiam
3233 3864 3409 3923 sancti
3461 3862 3696 3939 Spiritus

2097 3955 2429 4032 redditurus.
2486 3954 2615 4009 Erat
2672 3964 2855 4021 autem
2910 3955 3040 4013 doni
3087 3956 3242 4017 istius
3290 3957 3698 4026 copiosissimus

2096 4048 2320 4124 fructus,
2377 4047 2475 4105 sed
2512 4044 2749 4107 nondum
2781 4046 2861 4121 (It)
2892 4061 3104 4109 messos
3149 4063 3180 4101 a
3227 4061 3520 4117 quoquam.
3568 4048 3698 4118 Ejus

2095 4143 2239 4200 enim
2259 4142 2414 4210 conia
2440 4140 2800 4199 haurientium
2821 4137 2885 4213 (i)
2908 4139 2976 4196 de
2997 4154 3060 4201 se
3082 4138 3482 4199 multitudinem
3512 4140 3695 4196 vincit.

2094 4236 2231 4295 Nam
2256 4234 2651 4310 quantumlibet
2676 4244 2991 4291 assumatur
3021 4249 3050 4288 a
3077 4234 3311 4302 cunctis,
3353 4233 3421 4289 ad
3463 4233 3701 4305 largien-

2096 4372 2341 4441 adeoque
2370 4371 2423 4426 in
2454 4369 2562 4426 lilia
2587 4369 2849 4442 principis
2874 4367 3131 4425 Pharisnzl
3172 4381 3228 4426 et
3250 4369 3498 4439 discipuli
3524 4368 3698 4442 (Joan—

2095 4446 2179 4500 nis
2207 4452 2577 4514 monstrantur
2593 4441 2660 4494 ut
2688 4443 2822 4512 legis
2850 4442 2944 4496 lilii
2968 4480 2983 4506 ,
3025 4457 3120 4511 per
3145 4455 3208 4497 se
3246 4444 3375 4497 caeci
3394 4483 3410 4510 ,
3437 4441 3533 4497 sed
3562 4442 3700 4514 legis

2103 4516 2400 4573 ministerio
2427 4513 2703 4571 Christum
2739 4515 3011 4571 discentes
3041 4523 3401 4573 servatorem.

2171 4611 2251 4683 (ά)
2285 4610 2390 4683 Sex
2422 4624 2612 4683 versus
2632 4618 3074 4683 consequentes,
3106 4610 3224 4664 scil.
3275 4624 3442 4678 usque
3463 4610 3507 4673 si
3536 4609 3701 4683 credi-

2097 4680 2288 4736 dissent
2312 4724 2326 4747 ,
2357 4682 2409 4735 in
2441 4681 2675 4751 antiquis
2698 4680 3141 4751 ieditionibuset
3195 4689 3403 4751 septem
3447 4696 3576 4736 mss.
3611 4681 3698 4736 hic

2094 4752 2309 4815 omissi,
2348 4751 2558 4806 numeri
2578 4750 2581 4751 ⁷
2602 4754 2636 4805 8
2686 4750 2847 4804 linem
2875 4750 3258 4805 conﬁciebant.
3288 4751 3471 4821 Longe
3502 4752 3700 4807 melius

2097 4824 2182 4877 hic
2208 4822 2347 4893 apud
2381 4824 2501 4877 Par.
2547 4830 2600 4875 et
2644 4821 2703 4893 (in
2735 4832 2967 4891 quatuor
3009 4836 3139 4893 mss.
3196 4823 3369 4879 locum
3418 4822 3701 4880 obtinent:

2096 4895 2196 4950 nisi
2224 4891 2362 4949 ferte
2391 4909 2457 4950 ex
2490 4891 2730 4963 margine
2758 4893 2817 4947 in
2862 4898 3068 4947 textum
3111 4891 3396 4962 irrepsisse
3446 4894 3568 4964 quis
3611 4908 3705 4953 su-

2093 4967 2353 5034 spicetur.

2162 5057 2236 5129 (e)
2269 5056 2394 5111 Par.
2426 5055 2673 5129 indigna;
2708 5050 3028 5129 musellam
3057 5052 3148 5107 alii
3177 5052 3345 5123 editi,
3376 5056 3497 5111 totis
3518 5068 3705 5129 corpo-

2096 5124 2178 5181 ris
2202 5124 2374 5193 uitiis;
2401 5124 2747 5196 corri'guntur
2773 5124 3098 5178 auctoritate
3121 5138 3254 5178 mss.

2192 5219 2235 5289 Γ)
2260 5218 2421 5289 Editi.
2435 5217 2576 5289 Deus
2589 5217 2779 5288 quippe
2792 5215 3106 5289 cognitione.
3119 5214 3464 5289 Castigantut‘
3481 5232 3547 5277 ex
3569 5232 3700 5281 mss.

2277 5289 2334 5344 ln
2359 5287 2529 5343 tribus
2552 5286 2682 5342 mss.
2711 5286 2933 5340 nullum.
3025 5330 3032 5336 .
3272 5286 3293 5289 '
3352 5306 3355 5309 λ

2172 5306 2225 5414 (χ
2278 5306 2334 5344 ιη
2359 5306 2529 5343 li'lDllS
2552 5306 2682 5342 mss.
2711 5306 2933 5340 nuuum.
3025 5330 3032 5336 .
3352 5306 3355 5309 λ

2172 5366 2189 5434 (
2230 5306 2251 5433 ᾖ
2283 5362 2387 5434 Sex
2422 5374 2548 5434 mss.
2585 5357 2818 5413 nondum
2855 5357 3052 5411 messis.
3085 5356 3281 5416 Cameri
3309 5375 3429 5416 cum
3476 5356 3607 5421 Bad.
3640 5368 3695 5418 et

2099 5430 2194 5487 Er.
2230 5430 2454 5486 nondum
2479 5430 2692 5487 missus.

2171 5503 2236 5578 (i)
2267 5501 2533 5557 Vocabula
2579 5499 2643 5578 de
2666 5514 2721 5553 se
2746 5494 2885 5578 apud
2912 5495 3146 5578 [_._lps_.het
3172 5496 3296 5578 Par.
3325 5501 3546 5578 omissa.
3566 5517 3703 5578 sup-7

2102 5566 2309 5644 plenius
2336 5587 2403 5627 ex
2427 5586 2557 5644 mss.
2578 5568 2737 5644 Rom.
2765 5566 2818 5625 et
2840 5566 3002 5644 Colb’.
3030 5566 3124 5625 llis
3152 5566 3705 5644 verbis__subse..iuet'tti

2097 5638 2392 5725 iocabulm
2412 5642 2551 5725 male
2596 5640 2923 5725 conjunctis
2948 5652 3055 5725 pro,
3094 5638 3511 5725 multitudinem,
3537 5638 3706 5725 apud

2098 5715 2228 5773 Bad.
2270 5722 2324 5772 et
2352 5713 2447 5772 Er.
2479 5708 2988 5778 dissimilitudinem,
3024 5708 3078 5768 in
3112 5708 3352 5781 pluribus
3381 5708 3516 5772 mss.
3547 5708 3707 5775 diui.
