4172 6188
471 275 576 335 967

1681 269 1928 330 SANCTI
1965 272 2218 331 HILARII
2249 273 2552 333 EPISCOPI

3661 277 3770 337 968

469 391 598 448 dum
630 405 690 447 se
720 391 896 446 tamen
927 403 1140 461 semper
1173 388 1455 446 exuberat.
1484 389 1555 446 Et
1582 390 1702 461 quia
1737 393 1920 461 plures
1945 406 2067 446 esse
2094 396 2147 454 Α
2242 393 2296 447 5.
2359 392 2423 446 1η
2452 391 2736 463 apostolico
2777 391 3056 448 ministerio
3085 389 3160 446 nil
3192 391 3386 446 venale.
3417 421 3490 434 -
3520 391 3763 460 Aurum,

373 489 378 492 ’
471 487 603 542 utile
631 487 720 552 sit,
746 501 842 557 per
864 500 1001 555 quos
1027 485 1390 549 ministretur;
1418 486 1595 555 rogari
1613 485 1895 540 Dominum
1917 499 2064 539 mes-

469 581 547 635 sis
568 579 743 650 jubet,
775 586 830 631 ut
854 578 908 632 in
954 591 1185 632 messem
1228 577 1506 646 operarios
1535 577 1716 647 plures
1747 576 1966 646 ejiciat:
1997 574 2066 629 ad

469 667 859 739 capessendum
887 669 1092 724 scilicet
1108 667 1248 740 quod
1268 669 1666 746 praaparabatur
1687 668 1885 724 donum
1903 668 2064 740 711

469 759 701 831 Spiritus
752 762 957 828 sancti,
1012 775 1310 817 messorum
1366 763 1575 832 copiam
1631 761 1772 816 Deus
1803 770 2064 830 praestet:

468 869 567 926 per
588 854 886 910 orationem
909 857 1051 911 enim
1081 869 1144 910 ac
1173 869 1389 925 precem
1422 854 1524 910 hoc
1558 854 1712 910 nobis
1744 869 1773 907 a
1808 853 1918 908 Deo
1949 867 2068 906 mu-

470 963 572 1005 nus
603 945 680 1021 (a)
709 948 1024 1005 effunditur.
1052 949 1229 1020 Atque
1258 957 1316 1004 ut
1345 950 1396 1003 in
1426 963 1661 1004 messem
1695 947 1836 1001 illam
1863 959 2070 1001 messo-

468 1056 559 1098 res
593 1057 915 1098 numerosos
943 1059 1009 1098 ex
1049 1043 1132 1098 his
1176 1041 1465 1098 duodecim
1510 1042 1742 1111 primum
1791 1035 2069 1109 Apostolis

469 1133 848 1190 diﬂ'undendns
869 1135 1132 1190 indicaret
1157 1151 1172 1200 ;
1204 1133 1516 1190 convocatis
1541 1133 1646 1188 illis
1671 1131 1819 1187 dedit
1842 1129 2068 1203 ejicien-

469 1229 660 1285 dorum
709 1230 993 1300 spirituum
1038 1236 1398 1300 potestatem,
1441 1235 1496 1282 et
1537 1226 1714 1280 omnis
1743 1221 2071 1279 infirmitatis

470 1321 772 1378 medendae.
824 1320 994 1392 Hujus
1021 1321 1164 1376 enim
1195 1320 1321 1376 doni
1353 1318 1428 1390 (b)
1455 1317 1776 1384 virtutibus,
1824 1301 2072 1387 poterant

470 1426 526 1470 et
553 1414 1050 1485 turbator_expelli,
1082 1423 1138 1469 et
1168 1412 1383 1468 infirma
1410 1412 1612 1467 curari.
1641 1411 1713 1466 Et
1739 1410 1957 1479 dignum
1988 1417 2072 1463 est

469 1514 865 1580 praeceptorum
896 1507 1235 1578 singulorum
1263 1503 1676 1576 significantiam
1706 1499 1973 1557 contueri.

541 1602 596 1656 5.
620 1600 892 1670 Prwcepta
923 1598 1114 1654 Christi
1135 1597 1478 1667 apostolicum
1497 1611 1682 1649 munus
1693 1593 2074 1663 spectantia.—

470 1693 761 1751 Abstinere
798 1707 858 1747 se
900 1707 932 1747 a
964 1691 1068 1745 viis
1107 1689 1346 1761 gentium
1387 1688 1747 1743 admonentur
1770 1682 1934 1757 (Ibid.
1964 1681 2020 1754 5)
2054 1699 2068 1737 :

2170 495 2447 555 argentum
2467 528 2480 550 ,
2519 487 2802 555 pecuniam
2841 485 3120 556 possidere
3151 483 3465 540 inhibentur
3496 484 3547 538 in
3575 487 3763 551 zonis,

2169 587 2222 632 et
2250 591 2429 645 peram
2455 577 2508 630 in
2535 577 2619 631 via
2641 577 2801 642 ferre,
2829 585 2884 632 et
2910 577 3043 630 duas
3068 576 3279 630 tunicas
3302 587 3353 630 et
3373 576 3767 646 calceamenta,

2169 673 2224 721 et
2251 664 2454 736 virgam
2511 667 2563 721 in
2597 667 2846 723 manibus
2873 681 3180 722 assumere:
3211 675 3267 722 et
3288 665 3485 738 dignus
3515 668 3769 723 mercede

2181 773 2277 814 sua
2303 771 2386 814 est
2415 760 2695 829 operarius
2721 758 2885 832 (Ibid.
2917 759 2950 814 9
2976 768 3026 814 et
3059 759 3169 830 10).
3201 758 3318 814 Non
3345 759 3642 816 invidiosus
3663 802 3676 827 ,
3710 767 3772 815 ut

2169 853 2437 917 arbitror,
2484 852 2773 908 thesaurus
2812 853 2866 907 in
2917 867 3052 907 zona
3101 860 3225 908 est:
3258 851 3468 922 etquid
3499 851 3600 908 sibi
3656 853 3774 907 vult

2170 945 2317 1011 auri,
2348 947 2592 1015 argenti,
2617 953 2780 1015 atque
2805 944 2928 1000 teris
2969 945 3021 999 in
3045 959 3180 998 zona
3205 943 3429 998 inhibita
3459 943 3772 1013 possessio?

2169 1037 2313 1092 Zona
2345 1047 2427 1092 est
2456 1038 2737 1092 ministerii
2771 1047 3058 1107 apparatus
3085 1077 3100 1102 ,
3133 1048 3187 1092 et
3218 1035 3286 1091 ad
3310 1035 3610 1091 efficaciam
3642 1053 3774 1107 ope-

2171 1131 2245 1185 ris
2273 1129 2605 1200 prazcinctio.
2633 1129 2774 1199 Ergo
2803 1145 2870 1183 ne
2891 1129 3016 1199 quid
3051 1129 3101 1182 in
3132 1129 3433 1184 ministerio
3456 1139 3646 1184 nostro
3678 1145 3774 1185 ve-

2173 1223 2295 1277 nale
2311 1222 2380 1276 sit
2397 1220 2786 1284 admonemur;
2817 1221 2890 1294 (ί)
2913 1237 3087 1292 neque
3119 1221 3220 1277 hoc
3247 1221 3583 1292 apostolatus
3611 1223 3772 1295 712

2173 1315 2342 1370 nostri
2371 1330 2506 1385 opus
2555 1316 2645 1369 fiat
2675 1315 2824 1380 auri,
2881 1313 3137 1386 argenti,
3184 1315 3416 1385 terisque
3476 1319 3767 1385 possessio.

2176 1407 2287 1461 Nec
2311 1423 2485 1479 peram
2514 1407 2568 1461 in
2598 1407 2700 1473 via,
2731 1393 2916 1461 curam
2963 1406 3172 1461 scilicet
3201 1407 3476 1461 saecularis
3515 1406 3772 1460 substan-

2175 1501 2260 1556 tiae
2301 1500 2714 1570 relinquendam
2743 1517 2756 1555 :
2785 1499 2908 1570 quia
2955 1499 3133 1554 omnis
3162 1497 3448 1554 thesaurus
3495 1499 3566 1553 sit
3595 1497 3774 1569 perni-

2173 1595 2355 1649 ciosus
2383 1593 2436 1647 in
2471 1603 2644 1658 terra,
2669 1591 2834 1647 corde
2865 1602 3055 1646 nostro
3080 1591 3189 1645 illic
3207 1589 3422 1656 futuro,
3456 1589 3544 1644 ubi
3572 1590 3774 1646 conda-

2174 1694 2260 1738 tur
2289 1695 2344 1740 et
2394 1683 2698 1738 thesaurus.
2756 1681 2878 1737 Non
2909 1683 3040 1737 duas
3095 1683 3311 1737 tunicas.
3362 1681 3575 1738 Sufficit
3621 1683 3768 1737 enim

471 1800 582 1841 non
607 1784 752 1854 quod
781 1799 888 1838 non
937 1784 1098 1838 etiam
1138 1779 1205 1836 ad
1246 1779 1476 1834 salutem
1505 1776 1748 1848 gentium
1787 1776 2070 1829 mitteren-
2101 1775 2150 1836 B
2177 1781 2332 1836 nobis
2360 1781 2529 1835 semel
2562 1780 2807 1836 Christus
2842 1781 3058 1836 indutus
3085 1797 3097 1835 :
3129 1795 3298 1848 neve,
3329 1796 3425 1852 per
3451 1781 3773 1850 pravitatem

472 1885 582 1943 tur,
614 1875 709 1930 sed
741 1885 799 1930 ut
823 1890 988 1944 opere
1023 1884 1077 1928 et
1107 1871 1215 1927 vita
1244 1871 1463 1942 gentilis
1491 1867 1810 1941 ignorantia:
1836 1865 2075 1920 abstine-

472 1977 612 2024 rent.
637 1968 693 2022 ln
719 1967 965 2023 civitates
992 1965 1457 2021 Samaritanorum
1489 1963 1638 2017 vetiti
1673 1970 1798 2015 sunt
1824 1959 2072 2014 introire.

471 2058 740 2130 Numquid
764 2072 868 2112 non
902 2057 1078 2127 potius
1096 2053 1491 2112 Samaritanam
1517 2055 1631 2124 ipse
1652 2050 1860 2108 curavit
1889 2049 2069 2118 (Joan.

471 2149 574 2222 ψ
605 2149 710 2204 Sed
755 2157 814 2203 ut
855 2147 1114 2204 ecclesias
1162 2147 1539 2201 haereticorum
1591 2161 1698 2199 non
1745 2143 1944 2198 adeant
1973 2141 2066 2197 ad-

471 2253 783 2298 monentur.
813 2240 957 2296 Nihil
996 2223 1140 2294 cnim
1174 2238 1354 2294 dill‘ert
1382 2239 1450 2293 ab
1487 2235 1820 2308 ignoratione
1848 2249 2071 2305 perver-

471 2335 622 2392 sitas.
650 2335 935 2390 Mittuntur
954 2331 1151 2389 deinde
1173 2332 1240 2386 ad
1257 2347 1387 2387 oves
1424 2331 1662 2401 perditas
1690 2328 1885 2384 domus
1911 2325 2074 2381 Israel

476 2427 689 2500 (Matth.
725 2445 781 2494 ι,
811 2427 892 2497 6).
923 2425 1122 2497 Atquin
1165 2425 1218 2480 in
1247 2439 1368 2479 eum
1399 2420 1556 2494 (Scit.
1586 2421 1886 2490 Christum)
1921 2419 2072 2488 lupo-

473 2537 591 2577 rum
645 2534 710 2576 ac
762 2520 1069 2591 viperarum
1113 2515 1311 2588 linguis
1359 2524 1414 2571 et
1474 2513 1717 2568 faucibus
1762 2514 2071 2566 smvierunt.

472 2614 578 2673 Sed
608 2615 680 2686 (c)
712 2613 980 2684 legislatio
1022 2611 1267 2668 obtinere
1304 2608 1640 2680 privilegium
1679 2604 1950 2675 Evangelii
1979 2602 2075 2658 de-

471 2709 636 2767 bebat
670 2727 682 2763 :
713 2708 820 2764 hoc
848 2710 1027 2764 minus
1064 2704 1228 2761 Israel
1273 2703 1498 2760 sceleris
1538 2703 1622 2757 sui
1665 2698 2072 2756 excusationem

473 2801 754 2858 habiturus
773 2843 790 2870 ,
816 2815 924 2873 quo
950 2801 1072 2872 plus
1096 2797 1400 2856 sedulitatis
1443 2795 1498 2851 in
1537 2792 1905 2850 admonitione
1949 2805 2076 2846 sen-

470 2896 650 2953 sisset.
2018 2888 2021 2889 ⁷

546 2985 602 3043 ι.
666 2985 910 3061 Perfecta
952 2987 1007 3041 in
1057 2983 1317 3056 Apostolis
1347 2979 1540 3037 Christi
1577 2980 1767 3054 imago.
1815 3003 1886 3019 --
1939 2974 2073 3029 Tota

473 3081 669 3140 deinde
697 3082 749 3136 in
778 3080 1054 3153 apostolos
1085 3087 1324 3150 potestas
1348 3075 1563 3132 virtutis
1590 3071 1878 3129 dominica:
1907 3076 2078 3124 trans-

2179 1871 2550 1942 intelligentitc
2595 1882 2795 1927 nostrae
2821 1914 2836 1940 ,
2885 1873 3057 1928 altera
3087 1872 3343 1941 deinceps
3375 1872 3460 1927 vel
3502 1871 3774 1929 haereseos

2174 1963 2262 2018 vel
2292 1963 2426 2034 legis
2473 1971 2626 2020 veste
2677 1964 2987 2020 induantur.
3033 1963 3158 2018 Non
3202 1964 3564 2019 catceameuta.
3607 1965 3777 2020 Num-

2177 2055 2302 2126 quid
2327 2055 2682 2112 humanorum
2708 2058 2904 2128 pedum
2937 2057 3222 2112 infirmitas
3259 2058 3470 2128 patiens
3509 2068 3592 2114 est
3617 2059 3777 2114 nudi-

2165 2150 2345 2206 .tatis?
2384 2148 2490 2205 Sed
2519 2151 2571 2204 in
2606 2159 2791 2206 sancta
2823 2160 2963 2206 terra
2983 2191 2997 2216 ,
3024 2160 3079 2206 et
3125 2161 3469 2220 peccatorum
3497 2153 3666 2222 spinis
3687 2160 3778 2207 at-

2175 2252 2279 2309 que
2309 2239 2514 2295 aculeis
2539 2257 2646 2296 non
2673 2241 2896 2298 obsessa
2918 2284 2931 2306 ,
2967 2250 3025 2297 ut
3070 2241 3241 2314 Moysi
3285 2241 3489 2297 dictum
3515 2253 3626 2310 est,
3679 2260 3779 2298 nu-

2174 2331 2256 2387 dis
2285 2333 2512 2402 pedibus
2563 2336 2756 2390 staturi
2786 2333 2987 2404 (Exodi
3034 2349 3092 2390 ttt
3121 2377 3135 2401 ,
3165 2337 3257 2406 5),
3281 2335 3640 2392 admonemur
3663 2353 3773 2394 nou

2174 2424 2339 2478 alium
2368 2424 2640 2496 ingressus
2666 2428 2834 2482 nostri
2866 2426 3084 2494 habere,
3110 2442 3274 2497 quam
3305 2443 3462 2498 quem
3494 2444 3524 2484 a
3552 2428 3770 2486 Christo

2175 2515 2492 2585 accepimus
2519 2558 2533 2583 ,
2560 2527 2895 2588 apparatum.
2930 2518 3108 2588 Neque
3131 2519 3324 2589 virgam
3343 2521 3399 2574 in
3423 2521 3654 2576 manibus
3678 2564 3691 2587 ,
3719 2521 3775 2578 id

2175 2617 2278 2674 est,
2309 2609 2587 2677 potestatis
2609 2621 2878 2667 extranea:
2901 2626 3007 2667 non
3039 2609 3114 2684 (g)
3143 2612 3330 2685 indigi,
3358 2629 3603 2684 quaerere
3623 2615 3769 2684 jura,

2177 2699 2437 2757 habentes
2466 2703 2669 2774 virgam
2714 2702 2782 2758 de
2814 2703 2996 2760 radice
3041 2703 3232 2770 Jesse;
3258 2721 3382 2760 nam
3421 2722 3777 2778 quaecumque

2175 2792 2279 2847 alia
2309 2794 2500 2862 fuerit,
2535 2811 2642 2849 non
2665 2796 2767 2851 erit
2787 2795 3025 2853 Christi:
3054 2798 3300 2854 instructi
3323 2802 3470 2855 omni
3493 2802 3780 2871 superiore

2176 2900 2427 2942 sermone
2449 2886 2939 2960 adeonficiendum
2966 2893 3071 2946 iter
3097 2891 3303 2958 saeculi,
3324 2893 3515 2962 gratia,
3553 2894 3776 2962 viatico,

2178 2991 2346 3046 veste,
2377 2982 2747 3040 calceamento
2772 3026 2787 3052 ,
2823 2994 3129 3056 potestate;
3175 2987 3228 3041 in
3259 2986 3343 3042 his
3371 2988 3515 3044 enim
3546 3003 3783 3059 operano

2180 3081 2280 3139 tes,
2310 3071 2455 3144 digni
2502 3075 2753 3132 mercede
2797 3085 2979 3132 nostra
3027 3078 3390 3148 reperiemur,
3431 3079 3481 3134 id
3521 3091 3634 3147 est,
3680 3096 3782 3150 per

474 3177 643 3233 fertur
676 3194 690 3232 :
722 3173 804 3246 (ά)
823 3152 888 3230 et
925 3175 1014 3243 qui
1045 3174 1099 3227 in
1133 3172 1298 3227 Adam
1327 3171 1381 3225 in
1423 3169 1711 3239 imaginem
1744 3175 1800 3222 et
1823 3163 2070 3219 similitu—
2098 3152 2144 3218 C
2177 3167 2368 3224 horum
2396 3169 2795 3225 observantiam
2815 3171 3056 3228 caelestis
3086 3174 3202 3243 Spei
3230 3174 3454 3243 praemia
3479 3175 3778 3244 recepturi.

473 3267 656 3326 dinem
701 3266 796 3321 Dei
836 3273 991 3320 erant
1022 3262 1272 3333 figurati,
1327 3275 1471 3316 nunc
1521 3258 1816 3331 perfectam
1866 3252 2071 3310 Christi

474 3362 761 3432 imaginem
783 3367 836 3415 et
859 3356 1268 3414 similitudinem
1295 3351 1614 3419 sortiuntur,
1638 3352 1770 3406 nihil
1802 3366 1831 3403 a
1859 3347 2069 3404 Domini

475 3455 558 3510 sui
604 3452 891 3508 virtutibus
935 3449 1288 3512 differentes;
1338 3456 1393 3502 ct
1449 3445 1539 3516 qui
1576 3453 1866 3506 terrestres
1912 3449 2070 3495 antea

474 3554 649 3612 erant,
675 3545 928 3602 cmlestes
959 3541 1119 3598 modo
1145 3541 1297 3596 iiunt.
1326 3537 1629 3594 Praedicent
1657 3549 1881 3607 regnum
1907 3533 2073 3588 caelo-

474 3653 594 3695 rum
635 3638 996 3708 propinquare
1023 3633 1184 3707 (Ibid.
1223 3633 1310 3704 7),
1360 3631 1651 3701 imaginem
1677 3628 1888 3683 scilicet
1914 3636 1970 3682 et
1998 3625 2073 3680 si-

475 3729 835 3786 militudinem
862 3728 956 3784 Dei
982 3741 1126 3782 nunc
1148 3727 1200 3780 in
1218 3725 1550 3780 consortium
1573 3720 1816 3776 veritatis
1837 3716 2070 3783 assumi;

475 3833 539 3881 ut
565 3823 738 3879 sancti
766 3835 987 3885 omnes,
1028 3819 1120 3890 qui
1158 3817 1282 3874 (εωιὶ
1326 3815 1618 3886 nuncupati
1657 3821 1816 3879 sunt,
1844 3811 2074 3866 Domino

476 3921 836 3984 conregnent.
867 3910 942 3983 (θ)
975 3910 1228 3965 lnlirmos
1255 3899 1473 3972 curent,
1507 3915 1756 3960 mortuos
1777 3904 2070 3968 suscitent,

477 4005 724 4074 leprosos
774 4003 1109 4068 emundent.
1157 4001 1431 4056 daemones
1481 3997 1699 4068 ejiciant
1747 3994 1910 4069 (Ibid.
1969 3993 2070 4065 8);

476 4094 736 4168 quidquid
780 4095 1046 4151 malorum
1092 4092 1224 4148 Adte
1268 4089 1486 4162 corpori
1530 4097 1733 4144 satana:
1790 4086 2077 4142 instinctus

477 4188 755 4251 intulerat,
785 4187 890 4243 hoc
911 4203 1125 4243 rursum
1158 4185 1259 4255 ipsi
1288 4184 1357 4240 de
1388 4182 1770 4240 communione
1791 4179 2076 4235 dominicae

477 4281 757 4352 potestatis
785 4280 1096 4336 emundent.
1131 4278 1196 4333 Et
1220 4286 1278 4332 ut
1306 4293 1373 4332 ex
1403 4286 1537 4343 toto,
1572 4273 1868 4330 secundum
1894 4271 2074 4328 Gene-

477 4374 554 4429 sis
583 4371 916 4444 prophetiam
945 4371 1094 4443 (Gen.
1125 4384 1182 4436 t,
1209 4369 1304 4441 26)
1326 4409 1342 4436 ,
1374 4369 1469 4424 Dei
1499 4365 1906 4423 similitudinem
1946 4378 2077 4419 con-

2245 3259 2298 3313 6.
2354 3258 2417 3314 In
2465 3278 2840 3334 quamcumque
2882 3265 3138 3320 civitatem
3197 3265 3496 3320 introieritis
3547 3267 3780 3322 interro~~

2171 3360 2288 3420 gate
2313 3351 2429 3421 quis
2457 3353 2509 3405 in
2535 3369 2592 3405 ea
2629 3352 2814 3424 dignus
2845 3362 2940 3418 est,
2990 3363 3044 3410 et
3097 3354 3303 3424 reliqua
3334 3355 3497 3426 (Ibid.
3529 3353 3644 3428 11).
3674 3356 3783 3412 Le-

2175 3445 2260 3498 via
2284 3443 2422 3500 forte
2465 3446 2725 3502 Dominus
2772 3447 2991 3504 dedisse
3041 3447 3315 3518 Apostoiis
3339 3459 3606 3521 przecepta
3630 3451 3780 3506 esis-

2174 3537 2476 3592 timabitur:
2509 3537 2653 3609 quod
2680 3554 2740 3594 se
2781 3554 2949 3611 usque
2978 3540 3045 3595 ad
3085 3541 3285 3596 monita
3313 3542 3641 3609 introeundi,
3673 3543 3778 3599 hac

2175 3629 2402 3696 bitandi,
2434 3632 2700 3699 morandi,
2728 3633 3069 3704 exeundique
3111 3635 3466 3690 summiserit.
3506 3635 3630 3690 llaec
3657 3637 3782 3706 qui-

2173 3723 2295 3778 dem
2327 3723 2598 3779 intellecta
2621 3725 2936 3794 simpliciter
2984 3733 3291 3781 sanctorum
3330 3726 3611 3782 modestiae
3646 3743 3780 3784 con-

2173 3824 2401 3884 gruunt,
2435 3826 2488 3870 ut
2515 3832 2635 3870 cum
2669 3817 2829 3887 digno
2851 3819 2922 3872 sit
2953 3818 3308 3889 hospitalitas,
3345 3835 3480 3875 neve
3503 3835 3602 3892 per
3623 3821 3776 3876 incu-

2175 3907 2308 3962 riam
2343 3919 2437 3963 aut
2488 3908 2844 3978 ignorantiam
2875 3910 3275 3968 cohabitatione
3316 3914 3590 3984 probrosae
3619 3914 3779 3970 fami-

2175 3997 2260 4052 lite
2308 4000 2630 4068 p0|ltl:'tttllll‘.
2667 4001 2783 4058 Sed
2824 4003 3155 4060 introeuntes
3188 4005 3464 4062 civitatem
3507 4006 3575 4062 de
3612 4007 3780 4078 digno

2170 4088 2321 4159 jubet
2345 4093 2696 4164 interrogare,
2730 4103 2785 4150 et
2806 4111 2929 4150 cum
2963 4111 3030 4151 eo
3067 4095 3309 4152 habitare
3347 4112 3516 4168 usque
3545 4098 3611 4153 ad
3645 4113 3774 4168 pro.

2174 4181 2460 4236 fectionem
2486 4199 2499 4239 :
2534 4183 2753 4239 domum
2778 4201 2994 4258 quoque
3020 4187 3088 4242 ab
3126 4187 3523 4246 iutroeuntibus
3553 4188 3780 4260 pacifica

2177 4274 2430 4329 salutari:
2499 4293 2619 4346 qua:
2647 4277 2693 4333 si
2747 4279 2908 4350 digna
2952 4290 3058 4346 est,
3111 4291 3165 4336 et
3189 4283 3337 4352 pacis
3389 4282 3573 4355 (etiam
3604 4283 3781 4354 pacis)

2176 4372 2555 4425 communione
2585 4372 2658 4426 sit
2683 4371 2843 4442 digna
2873 4390 2888 4439 ;
2931 4373 2977 4429 si
2998 4373 3234 4445 indigna,
3273 4390 3377 4447 pax
3416 4375 3648 4430 invicem
3681 4390 3779 4431 re-

476 4475 791 4537 sequantur,
821 4465 951 4521 dare
970 4463 1138 4536 gratis
1166 4462 1310 4534 quod
1335 4461 1504 4531 gratis
1531 4467 1859 4529 acceperunt
1881 4457 2076 4527 juben-
2102 4533 2138 4537 λ
2177 4470 2441 4516 vertatur:
2466 4461 2556 4532 qui
2587 4473 2766 4518 autem
2806 4479 2913 4519 non
2951 4467 3262 4536 receperint
3311 4481 3426 4531 eos,
3460 4480 3780 4521 sermones-

477 4567 567 4614 ῑυ1⁵

475 4650 714 4723 gratuiti.

478 4857 809 4913 mutationem
837 4853 1246 4911 conﬁciebatur.

554 4930 633 4999 (a)
662 4926 941 4999 Bad.,_Er.
987 4935 1040 4980 et
1070 4925 1216 4994 Lips.
1255 4921 1576 4999 elfundetur._
1597 4921 1696 4976 Alii
1728 4936 1869 4999 ‘vcro
1901 4919 2022 4975 libri
2052 4961 2068 4987 ,

478 4993 780 5066 effunditur.
809 4997 906 5052 Hic
932 4998 1081 5052 locus
1107 4993 1321 5051 rursum
1351 4995 1415 5048 ad
1442 4993 2072 5066 conlirtnationis‘sacra-

482 5063 720 5125 mentum
747 5079 919 5138 potest
935 5067 1146 5125 referri.
1172 5066 1302 5121 Vide
1325 5066 1463 5120 infra
1493 5079 1542 5118 c.
1571 5066 1657 5130 19,
1683 5081 1736 5118 n.
1764 5065 1818 5128 5,
1843 5063 1928 5117 ubi
1947 5063 2070 5138 Spi-

481 5141 616 5196 ritus
637 5133 806 5195 sancti
824 5140 1021 5195 d0num
1037 5155 1128 5205 per
1151 5138 1794 5210 impositionemrmanuset
1816 5133 2070 5205 precatio-

482 5228 598 5284 nem
627 5205 1386 5284 praestari_declaratt_tr.'Tum
1429 5209 1634 5262 ezedem
1661 5205 1926 5284 editiones
1951 5219 2072 5258 cum

481 5283 605 5341 Par.
627 5277 693 5340 ἐι
717 5299 845 5339 mss.
870 5281 1023 5338 Colb.
1048 5290 1103 5337 et
1129 5279 1466 5350 Carn.!atque
1483 5289 1533 5332 ut
1550 5293 1760 5331 messem
1782 5277 1924 5350 illam
1945 5292 2071 5330 meso

481 5420 641 5481 mero'
660 5420 924 5480 duodecim
946 5426 1165 5492 primum
1201 5425 1481 5492 apostolos.
1509 5423 1747 5492 Caeteros
1774 5420 2067 5492 sequimur.

554 5498 716 5572 (b)rln
748 5489 956 5572 duobus
1005 5510 1136 5551 mss.
1169 5489 1351 5572 virtute
1399 5501 1650 5572 poterant.
1688 5489 1888 5572 Deinde
1930 5490 2068 5559 apud

481 5563 750 5626 Laiinium
780 5568 1070 5624 Vaticanus
1123 5564 1312 5626 codex,
1346 5574 1394 5617 et
1450 5566 1694 5617 turbata:
1743 5563 1916 5627 male,
1944 5577 2069 5616 cum

479 5648 720 5710 potestas
751 5643 804 5695 in
832 5640 1166 5695 turbatorem
1180 5634 1464 5710 diabolum
1493 5632 1993 5710 data_siguificetur_.

512 5711 588 5780 (c)
627 5711 835 5767 Turon.
867 5724 996 5765 mss.
1048 5724 1076 5761 a
1111 5707 1286 5778 prima
1313 5719 1508 5780 manu,
1538 5704 1633 5780 sed
1663 5705 1835 5780 magis
1864 5703 2026 5780 lectio
2051 5720 2066 5769 ;

444 5799 474 5841 a
498 5774 771 5847 secunda,
790 5781 878 5834 sed
907 5781 1031 5850 tegis
1056 5774 1222 5846 lectio,
1247 5775 1392 5848 quod
1407 5786 1459 5833 et
1477 5775 1678 5832 habent
1698 5774 1787 5833 alii
1806 5777 2065 5845 quinque.

627 4575 642 4612 :
689 4565 745 4613 ut
790 4561 864 4615 sit
915 4556 1122 4613 scilicet
1173 4553 1497 4612 ministratio
1547 4551 1780 4625 gratuita
1830 4549 2070 4607 muneris
2101 4533 2154 4594 Ῑ)
2179 4568 2284 4622 que
2314 4570 2501 4611 eorum
2523 4573 2538 4623 ;
2562 4557 2645 4612 his
2673 4573 2904 4614 excusso
2930 4533 3126 4629 pedum
3148 4559 3392 4630 pulvere,
3417 4570 3637 4616 :eterna:
3661 4572 3784 4614 ma-

2174 4645 2478 4704 ledictionis
2505 4649 2710 4705 semina
2735 4651 3084 4723 relinquenda
3113 4649 3281 4722 (Ibid.
3327 4652 3396 4708 15
3428 4662 3476 4708 et
3500 4651 3610 4724 Η).

2248 4850 2330 4922 (d)
2363 4851 2549 4928 Εάίιίιζ
2563 4865 2620 4908 ut
2648 4857 2854 4926 qui.....
2879 4858 3278 4912 sortiantur“...
3312 4859 3475 4928 ﬁant:
3505 4856 3785 4914 reluctan-

2177 4913 2323 5048 ὶὶευὶίέ
2349 4939 2478 5047 ιιιεῗ.
2504 4913 2642 4980 Tum
2661 4913 2799 4984 'ante
2827 4929 3049 4984 verbum
3081 4913 3380 5000 prmdiceitt,
3403 4913 3784 5002 reticeturju-

2239 5012 2268 5046 η
2295 5012 2355 5048 ur
2386 5012 2415 5046 ιι
2447 5034 2460 5048 ο

2239 5012 2355 5048 mur
2386 5012 2460 5048 ιιι.

2245 5088 2320 5171 (e)
2353 5089 2447 5171 llic
2474 5089 2656 5171 denuo
2699 5093 2922 5164 supple,
2948 5094 3175 5171 jubetur
3205 5103 3280 5148 ut.
3325 5092 3460 5148 Male
3485 5105 3690 5171 __autetu
3720 5094 3780 5150 in

2178 5164 2327 5240 prius
2356 5166 2582 5232 vulgatis
2607 5164 2993 5240 consequentia
3025 5165 3090 5240 ad
3138 5176 3376 5240 sanctos,
3409 5164 3604 5240 quibus
3637 5181 3782 5232 prae.

2177 5230 2628 5312 dicatnrregnum
2651 5230 2935 5312 etelorum,
2965 5236 3368 5312 referebantur;
3392 5230 3515 5290 cum
3538 5235 3607 5290 de
3631 5230 3782 5306 prato

2178 5300 2508 5358 dicatoribus
2537 5309 2798 5375 apostolis
2819 5300 2962 5363 dicta
3001 5306 3131 5362 sint.

2252 5392 2319 5468 (ί)
2356 5394 2539 5452 Plures
2563 5413 2690 5452 mss.
2726 5415 2886 5470 neque
2909 5400 2959 5452 in
2987 5398 3323 5471 apostolatus.

2249 5490 2330 5571 (g)
2365 5491 2518 5558 Apud
2553 5491 2675 5571 Par.
2703 5502 3030 5571 cxpunctqm
3085 5500 3170 5547 est
3221 5493 3539 5571 vocabulum
3585 5494 3775 5566 indigi.

2177 5559 2311 5641 Alia-
2333 5559 2808 5641 autent-editiones
2840 5563 3190 5641 praEferentes
3227 5567 3492 5641 potestatis
3541 5559 3778 5641 extet-ﬁte

2167 5634 2288 5712 jure
2314 5649 2414 5686 non
2443 5634 2625 5716 indigi,
2651 5636 2904 5690 omittunt
2924 5635 3371 5716 deindeverbum
3391 5651 3643 5705 querere.
3675 5636 3777 5691 Se-

2177 5701 2390 5777 quimur
2420 5701 2570 5759 mss.‘
2591 5706 2646 5762 in
2675 5721 2902 5777 quorum
2945 5706 3220 5764 nonnullis
3261 5701 3492 5764 habetur
3519 5716 3772 5772 exterae.

2179 5770 2300 5830 loco
2326 5784 2601 5830 extrariam.
