4172 6188
443 205 548 264 969

1395 222 1938 291 COMMENTARIUS
1980 233 2044 292 IN
2080 179 2514 300 ilATTHEUM.
2555 238 2707 301 CAP.
2751 247 2818 302 Χ.

3628 265 3734 323 970

511 322 564 375 7.
611 321 808 379 Domus
856 327 1035 398 digna,
1083 330 1357 402 Ecclesia;
1398 341 1584 412 dignus
1627 346 1830 418 hospes,
1882 355 2031 424 cujus
2058 356 2112 416 A
2136 369 2320 423 centes,
2354 357 2472 413 Pax
2494 359 2614 413 huic
2642 361 2836 416 domui.
2860 361 3003 435 Ergo
3032 379 3131 435 pax
3163 367 3501 427 salutationis
3532 374 3584 431 in
3613 393 3734 434 ver-

1456 411 1466 412 ,
1655 411 1659 414 _
1721 411 1732 418 ,
1817 411 1827 417 ,
1939 411 1958 424 ,
2058 411 2112 416 __
2307 411 2320 423 ,
2646 411 2998 435 -.-.------_-,,-
3033 411 3131 435 ,ης-
3163 411 3501 427 ..ι.........υ...σ
3533 411 3584 431 ..ι
3620 411 3728 434 ,σι-

438 411 675 470 Cltristus
705 416 1055 475 ltabitator.——
1097 424 1224 481 Hcce
1265 444 1369 485 non
1421 435 1770 493 medioeriter
1812 455 2028 497 sensum
2133 447 2215 503 bis
2241 462 2322 504 est
2352 463 2406 505 et
2438 453 2702 508 orationis
2729 469 2982 512 sermone
3011 459 3312 516 tribuenda.
3348 463 3516 520 Porro
3545 477 3728 524 autem

435 504 800 579 intelligentia:
841 527 1209 574 commovent.
1239 520 1294 576 Si
1336 525 1479 580 enim
1511 533 1816 587 successuri
1847 533 2031 605 hospi-

432 599 508 656 tio
534 616 641 656 non
669 613 850 673 erunt,
880 608 985 664 nisi
1029 621 1156 668 ante
1177 615 1296 685 quis
1339 617 1532 690 dignus
1562 624 1635 686 sit
1664 625 2029 698 interrogave-

429 691 570 762 rint;
596 698 868 766 quomodo
904 701 1121 774 indigna
1148 705 1342 764 domus
1372 723 1556 781 postea
1592 691 1930 788 reperietur?
1957 722 2028 778 Et

427 787 701 854 quomodo
750 789 826 862 (a)
858 807 1136 852 sermones
1185 815 1372 857 eorum
1403 820 1511 861 non
1549 787 1753 877 audiet,
1801 823 1853 868 et
1878 814 2025 885 ipsos

426 893 534 934 non
563 881 810 952 audiens,
841 895 892 942 et
941 888 1088 958 ipsos
1119 907 1224 948 non
1265 897 1571 968 recipiens?
1592 904 1698 958 Aut
1748 881 2025 964 enim-hoc

424 967 481 1025 in
507 985 575 1026 eo
605 973 696 1041 qui
729 974 908 1044 justus
939 988 1023 1034 est
1058 979 1170 1038 non
1213 995 1296 1040 est
1321 967 1646 1046 verendum:
1672 1003 1765 1048 aut
1794 996 1837 1050 si
1878 997 2020 1054 indi-

422 1077 560 1134 gnus
590 1077 839 1135 repertus
884 1070 975 1137 sit,
1010 1089 1111 1130 nec
1155 1081 1465 1135 communio
1512 1083 1616 1139 erit
1670 1085 2022 1147 habitationis

422 1155 674 1212 ineunda.
710 1160 770 1214 Et
797 1162 923 1232 quid
947 1164 1308 1239 interrogasse
1330 1173 1638 1242 proderitet
1668 1183 1926 1250 quaesisse
1953 1185 2020 1241 de

422 1247 602 1319 digno,
629 1251 673 1306 si
695 1252 954 1310 adversus
982 1257 1257 1329 indignum
1292 1262 1560 1335 hospitem
1593 1279 1646 1324 et
1673 1247 2016 1331 observantia

421 1343 767 1412 praecipiatur
805 1355 863 1400 et
907 1351 1106 1418 pceua?
1153 1352 1260 1408 Sed
1303 1357 1519 1412 instruit
1573 1375 1669 1415 eos
1720 1364 2013 1434 Dominus,

420 1446 530 1488 non
562 1437 845 1493 admisceri
891 1455 1079 1497 eorum
1125 1444 1376 1503 domibus
1422 1464 1487 1504 ac
1541 1452 2013 1526 familiaritatibus,

417 1523 508 1592 qui
534 1526 801 1583 Christum
824 1540 916 1586 aut
933 1532 1283 1605 insectantur,
1309 1544 1656 1599 autnesciunt
1682 1564 1694 1598 :
1731 1558 1785 1602 et
1807 1550 1859 1603 in
1879 1567 2011 1621 qua-

415 1628 647 1686 cumque
673 1620 894 1679 civitate
940 1624 1278 1699 interrogare
1307 1632 1424 1702 quis
1452 1649 1639 1689 eorum
1684 1620 2012 1698 habitatione

413 1706 485 1762 sit
509 1708 722 1781 dignus,
747 1712 800 1768 id
831 1725 948 1781 est,
980 1719 1148 1775 sicubi
1177 1721 1414 1778 Ecclesia
1446 1727 1536 1793 sit,
1559 1737 1612 1782 et
1642 1728 1888 1786 Christus
1921 1733 2014 1790 ha-

411 1798 640 1857 bitator:
675 1820 848 1876 neque
867 1823 1132 1880 quoquam
1157 1813 1282 1868 alibi
1308 1817 1556 1885 transire,
1576 1821 1698 1890 quia
1721 1823 1790 1877 sit
1814 1824 2006 1882 domus

415 1893 600 1966 digna,
632 1897 886 1968 etjustus
914 1901 1134 1974 hospes.

484 1987 540 2043 8.
585 1988 690 2055 Qui
713 2010 815 2061 pax
855 1995 995 2049 dicta
1035 2000 1214 2053 reverti
1237 2012 1404 2070 queat.
1430 2033 1499 2044 --
1537 2005 1691 2074 Quod
1719 2018 1899 2066 autem
1941 2013 2010 2069 ab

411 2077 810 2138 introeuntibus
834 2086 1055 2142 salutari
1078 2088 1295 2144 domum
1329 2107 1458 2148 voce
1491 2099 1765 2168 priecepit,
1797 2101 2007 2171 dicens,

411 2167 600 2238 Dicite,
630 2171 750 2228 Paa:
775 2176 934 2248 713
953 2178 1072 2233 huic
1101 2180 1310 2238 domui:
1337 2185 1458 2239 etsi
1491 2187 1651 2258 digna
1671 2167 1878 2248 domus
1919 2167 2008 2250 re;

412 2273 561 2333 perta
588 2266 678 2333 sit,
710 2268 896 2325 venire
922 2285 1086 2341 super
1108 2289 1226 2331 eam
1259 2291 1442 2347 pacem
1473 2287 1756 2351 opbrtere;
1786 2285 1831 2339 si
1881 2300 2010 2342 vero

410 2357 650 2429 indigna,
678 2376 862 2431 pacem
887 2364 954 2418 ad
986 2361 1128 2435 ipsos
1163 2371 1356 2425 reverti
1383 2389 1395 2423 :
1421 2371 1515 2427 sed
1538 2373 1583 2428 si
1603 2374 1712 2443 jam
1735 2377 1909 2446 primo
1929 2378 2010 2434 in-

407 2465 598 2521 gressu
628 2451 681 2506 in
713 2453 1051 2512 salutationis
1081 2458 1256 2514 officio
1291 2461 1429 2517 dicta
1460 2479 1560 2533 pax
1591 2475 1702 2533 est;
1735 2470 2010 2539 quomodo

408 2553 597 2612 postea
637 2544 834 2613 veniet,
876 2558 966 2602 aut
989 2551 1259 2618 quomodo
1303 2562 1489 2622 postea
1521 2561 1859 2614 revertetur?
1901 2560 2010 2618 Aut

408 2635 552 2691 enim
571 2636 674 2692 dici
692 2654 793 2706 pax
814 2649 940 2696 ante
957 2657 1062 2698 non
1084 2643 1288 2710 debuit,
1314 2663 1471 2716 quam
1487 2659 1664 2706 utrum
1685 2653 1844 2725 digna
1867 2665 2012 2712 esset

409 2727 732 2796 probaretur
763 2749 775 2785 :
809 2741 900 2787 aut
929 2733 972 2789 si
1020 2735 1175 2806 digna
1223 2736 1320 2793 fuit
1369 2749 1423 2794 et
1473 2743 1696 2798 salutata
1728 2762 1849 2802 cum
1881 2763 2011 2818 pace

408 2828 512 2885 est,
541 2821 778 2877 conditio
807 2833 862 2879 et
889 2835 1126 2883 ventura:
1156 2839 1209 2884 et
1235 2845 1531 2889 reversum:
1550 2837 1694 2905 pacis
1709 2854 1814 2894 non
1835 2850 2012 2911 potest

407 2924 477 2965 ex
507 2913 713 2968 ratione
743 2917 1106 2985 superioribus
1131 2920 1426 2980 cohaerere.
1443 2925 1573 2993 Qua:
1596 2943 1722 2999 ergo
1743 2931 2008 2988 dictorum

407 3004 479 3060 sit
507 3007 810 3076 proprietas
839 3013 1184 3069 monstranda
1211 3023 1313 3071 est.

2130 554 2317 610 pacem
2347 544 2642 612 propriam,
2673 560 2792 615 quae
2815 546 3026 603 viscera
3052 550 3418 608 miserationis
3447 566 3593 624 sunt,
3622 575 3732 615 non

2130 646 2379 701 oportere
2408 635 2460 689 in
2506 651 2625 691 eam
2667 638 2856 694 venire
2884 641 2989 696 nisi
3016 641 3174 712 digna
3198 646 3298 700 sit:
3343 663 3462 716 quae
3491 649 3535 703 si
3568 651 3730 721 digna

2129 735 2342 795 reperta
2370 742 2476 783 non
2507 730 2690 799 fuerit,
2726 745 3120 790 sacramentum
3146 738 3296 807 pacis
3323 741 3564 799 ctelestis
3591 743 3729 800 intra

2129 818 2401 888 propriam
2433 835 2621 878 eorum
2651 826 3041 882 conscientiam
3065 831 3473 888 continendum.

2198 930 2288 987 10.
2334 931 2687 991 Habitationis
2732 941 3120 996 communio.—
3149 942 3206 997 In
3256 960 3352 1000 eos
3384 955 3589 1016 autem,
3631 949 3724 1019 qui

2124 1020 2304 1077 audita
2336 1025 2576 1081 caelestis
2607 1029 2755 1098 regni
2777 1030 3157 1098 praedicatione
3180 1037 3546 1105 apostolorum
3587 1054 3726 1109 prte-

2123 1126 2277 1184 cepta
2303 1121 2631 1188 respuerint,
2685 1137 2906 1191 egressu
2947 1140 3157 1193 eorum,
3183 1137 3238 1182 et
3270 1129 3426 1198 signo
3481 1131 3721 1200 pulveris

2122 1205 2190 1261 de
2220 1208 2446 1276 pedibus
2501 1213 2734 1275 excussi,
2782 1224 2983 1270 asterna
3027 1218 3336 1273 maledictio
3380 1221 3720 1292 relinquatur

2121 1295 2286 1366 (Ibid.
2312 1299 2422 1371 14).
2448 1301 2640 1358 Nescio
2657 1306 2800 1358 enim
2834 1322 2953 1376 quae
2979 1304 3050 1378 (ε)
3076 1309 3342 1364 insistenti
3369 1309 3423 1365 in
3447 1313 3568 1367 loco
3597 1298 3719 1369 cum

2120 1407 2188 1447 eo
2219 1393 2272 1447 in
2326 1410 2433 1463 quo
2489 1396 2744 1452 institerit
2809 1399 2928 1454 loco
2980 1401 3194 1456 videtur
3219 1419 3340 1460 esse
3383 1409 3714 1475 communio,

2117 1493 2173 1539 et
2217 1485 2278 1539 iit
2319 1486 2459 1542 inter
2506 1504 2601 1544 eos
2629 1491 2875 1560 quaedam
2919 1495 3163 1562 corporis
3201 1497 3410 1568 solique
3453 1500 3717 1570 conjunc-

2117 1576 2212 1630 tio.
2266 1577 2408 1650 Ergo
2446 1595 2607 1636 omne
2663 1582 2856 1638 domus
2907 1585 3049 1640 illius
3091 1586 3542 1661 habitationisque
3593 1607 3720 1662 pec-

2116 1678 2296 1726 catum
2328 1672 2465 1728 intra
2497 1677 2667 1744 ipsam
2693 1693 2924 1732 excusso
2963 1679 3185 1749 pulvere
3213 1683 3406 1752 pedum
3433 1685 3714 1755 relinqui-

2044 1741 2090 1802 Β
2122 1773 2228 1830 tur,
2256 1765 2498 1836 nihilque
2525 1769 2829 1825 sanctitatis
2856 1770 2924 1826 de
2955 1773 3312 1830 insistentium
3339 1780 3714 1846 apostolorum

2112 1858 2355 1927 vestigiis
2383 1870 2694 1916 mutuatur:
2725 1871 2782 1916 ut
2811 1879 3037 1934 quorum
3069 1867 3217 1921 aditu
3240 1870 3596 1942 ingressuque
3619 1873 3712 1928 de-

2112 1947 2239 2003 licta
2271 1958 2502 2006 terrente
2531 1952 2754 2023 originis
2799 1954 3136 2022 auferuntur,
3169 1974 3358 2014 eorum
3404 1963 3718 2018 testimonio

2113 2038 2402 2097 inﬁdelitas
2430 2057 2552 2097 cum
2575 2045 2722 2098 omni
2750 2055 2905 2100 terra:
2926 2061 3039 2102 sua:
3061 2049 3278 2118 pulvere
3296 2051 3586 2120 judicctur.
3613 2055 3717 2108 To-

2114 2130 2376 2186 lerabilius
2422 2135 2475 2186 in
2505 2135 2587 2188 die
2599 2136 2793 2208 judicii
2823 2147 2972 2192 terra:
3018 2140 3366 2196 Sodomorum
3393 2153 3441 2197 et
3489 2144 3714 2201 Gomor-

2113 2225 2368 2280 rhceorum
2391 2228 2504 2293 erit,
2533 2245 2684 2298 quant
2736 2231 2926 2284 civitati
2946 2232 3032 2284 isti
3083 2231 3249 2303 (Ibid.
3282 2234 3403 2308 15):
3433 2238 3556 2308 quia
3606 2239 3714 2294 illis

2113 2317 2361 2388 ignorato
2383 2318 2598 2374 Christo
2620 2335 2835 2376 errasse
2875 2322 2946 2377 sit
2978 2322 3172 2389 levius,
3201 2324 3284 2380 his
3314 2341 3444 2381 vero
3472 2328 3714 2398 inexpia-

2113 2409 2224 2466 bile
2243 2411 2334 2478 sit,
2362 2419 2455 2466 aut
2479 2411 2828 2482 praedicatum
2855 2429 2963 2469 non
2989 2417 3283 2486 recepisse,
3310 2427 3404 2475 aut
3431 2431 3709 2492 receptum

2115 2519 2222 2559 non
2251 2513 2436 2559 sancte
2461 2520 2637 2575 neque
2665 2494 2930 2562 catholice
2958 2508 3299 2578 praedicasse.

2187 2618 2273 2672 11.
2317 2618 2582 2690 Serpentis
2611 2619 2885 2688 prudentia
2925 2631 3173 2688 quatenus
3231 2623 3480 2678 imitanda
3532 2643 3712 2683 secuu-
3784 2635 3788 2640 ’

2113 2708 2236 2762 dum
2264 2709 2610 2778 quosdam.—-
2649 2709 2718 2764 Et
2747 2711 2964 2780 quidem
3012 2713 3193 2781 plures
3223 2713 3344 2780 hos,
3391 2715 3480 2785 qui
3511 2731 3712 2772 vesano

2113 2800 2296 2858 furore
2341 2801 2394 2856 in
2418 2803 2712 2872 Apostolos
2754 2802 3062 2859 desaevituri
3091 2818 3295 2872 essent,
3339 2808 3548 2865 futuros
3589 2825 3712 2866 esse

2113 2893 2396 2965 significat,
2451 2909 2575 2950 cum
2625 2911 2684 2951 se
2709 2911 2804 2952 eos
2835 2897 2975 2953 sicut
3003 2914 3132 2954 oves
3159 2901 3212 2956 in
3248 2902 3429 2958 medio
3461 2903 3708 2974 luporum

2113 2985 2188 3039 ait
2217 2987 2450 3052 mittere,
2489 2975 2786 3055 praedicans
2824 2991 3101 3060 simplices
3122 2992 3448 3066 sicut715
3496 2997 3710 3050 colum-

481 3096 534 3152 9.
575 3097 880 3156 Iudaeorum
902 3104 1058 3172 ﬁdem
1082 3104 1432 3177 proﬁtentium
1460 3113 1602 3167 varia
1623 3116 1855 3186 fallacia.
1892 3119 2007 3176 Pax
2034 3128 2079 3191 Ο
2349 3079 2647 3191 ,p
2665 3081 2807 3191 Si?”
2827 3093 3110 3191 εῗῐᾫέηιῗδ
3124 3100 3246 3191 θδῗθ
3260 3097 3512 3191 οΡΨωω
3540 3088 3705 3161 (Ibid'

406 3191 632 3264 indignis
659 3205 853 3263 optata,
886 3214 986 3253 non
1034 3200 1254 3255 data.—
1282 3203 1590 3262 Judaeorum
1640 3210 1820 3279 plures
1851 3224 2010 3270 erant

405 3282 594 3352 futuri,
622 3300 848 3356 quorum
877 3290 1133 3346 tantus‘iu
1161 3292 1400 3350 favorem
1430 3297 1563 3368 legis
1586 3297 1812 3358 affectus
1833 3315 1999 3373 esset,

405 3385 462 3432 ut
489 3379 734 3448 quamvis
781 3395 878 3450 per
925 3381 1334 3440 admirationem
1377 3402 1600 3456 Operum
1645 3392 1696 3445 in
1726 3392 2000 3450 Christum

404 3469 785 3539 credidissent,
810 3483 985 3530 tamen
1007 3475 1059 3530 in
1088 3476 1220 3548 legis
1233 3481 1485 3548 operibus
1515 3495 1876 3555 morarentur;
1911 3491 2000 3546 alii

403 3576 536 3618 vero
561 3563 637 3635 (ὁ)
667 3565 1013 3634 exploranda:
1043 3567 1307 3626 libertatis
1329 3587 1448 3642 quae
1468 3575 1522 3629 in
1544 3575 1766 3633 Christo
1791 3591 1874 3635 est
1903 3597 2000 3637 cu-

405 3653 558 3722 riosi,
591 3656 852 3712 transisse
873 3673 934 3713 se
960 3659 1025 3713 ad
1056 3658 1343 3731 Evangelia
1373 3679 1439 3718 ex
1467 3665 1584 3736 lege
1612 3680 1795 3724 essent
1830 3673 1996 3728 simu-

405 3745 602 3803 laturi:
636 3748 789 3803 multi
815 3758 993 3807 autem
1024 3754 1186 3808 etiam
1208 3754 1259 3808 in
1294 3756 1542 3834 lueresim
1575 3775 1672 3829 per
1698 3763 1996 3836 intelligen-

405 3837 494 3892 tiae
520 3840 930 3909 perversitatem
961 3843 1388 3901 traducerentur.
1417 3847 1485 3902 Et
1511 3849 1632 3918 quia
1662 3853 1817 3909 istius
1847 3857 1995 3912 modi

404 3944 598 3988 omnes
628 3932 897 4002 fallentes,
919 3946 974 3991 et
991 3937 1334 3995 audientibus
1359 3940 1721 4015 blandientes,
1747 3962 1911 4017 penes
1932 3965 1994 4006 se

403 4039 530 4080 esse
554 4026 835 4082 veritatem
867 4030 1184 4086 catholicam
1210 4034 1578 4103 mentiuntur;
1599 4039 1723 4094 ideo
1747 4045 1994 4113 superius

405 4116 704 4184 admonuit,
732 4119 952 4190 dignum
973 4137 1092 4177 cum
1117 4139 1221 4194 quo
1245 4124 1591 4183 habitandum
1617 4131 1687 4186 sit
1714 4148 1836 4190 esse
1849 4151 1997 4206 quae-

406 4211 672 4267 rendum:
705 4213 829 4280 quia
863 4229 995 4270 vero
1022 4231 1116 4285 per
1157 4217 1442 4273 verborum
1467 4219 1731 4278 fallaciam
1759 4225 2000 4286 incidere

407 4303 722 4375 ignorantes
749 4305 802 4360 in
824 4307 979 4361 istius
1005 4307 1151 4362 modi
1178 4307 1443 4379 hostiitem
1467 4325 1684 4381 possent
1701 4317 1904 4386 {domo
1925 4321 2003 4391 ip-

404 4412 465 4453 sa
492 4415 612 4468 qua:
634 4399 792 4469 digna
824 4401 893 4454 sit
918 4400 1082 4468 dicta,
1107 4401 1159 4457 id
1181 4411 1284 4468 est,
1327 4404 1568 4460 Ecclesia
1597 4423 1716 4478 quae
1737 4411 1999 4469 catholica

401 4490 634 4557 dicitur,
696 4487 854 4548 caute
903 4503 958 4549 et
1004 4495 1291 4566 diligenter
1331 4499 1622 4566 utendum;
1661 4503 1994 4563 salutandam

401 4582 622 4653 quidem
640 4599 764 4641 cum
780 4586 928 4654 pacis
954 4586 1169 4653 affectu,
1197 4589 1290 4645 sed
1307 4589 1377 4644 ita
1405 4600 1462 4645 ut
1480 4593 1656 4660 potius
1703 4610 1804 4665 pax
1824 4597 1990 4665 dicta,

401 4693 564 4749 quam
592 4678 715 4734 data
745 4680 833 4735 sit.
865 4679 996 4736 Nam
1033 4681 1102 4736 ita
1133 4684 1389 4753 praecepit
1423 4703 1434 4737 :
1463 4684 1698 4742 Salutate
1743 4705 1874 4756 eam,
1908 4693 1989 4744 di-
2015 4667 2070 4727 D

476 4793 560 4864 (a)
601 4793 656 4848 In
678 4794 861 4871 tribus
893 4811 1024 4852 mss.
1057 4813 1311 4854 sermones
1357 4813 1534 4852 eorum
1562 4817 1665 4854 non
1689 4803 1924 4871 audiens,
1951 4814 1998 4860 et

406 4863 547 4934 ipsos
575 4881 677 4918 non
703 4867 973 4935 recipiens.

479 4955 553 5027 (ὁ)
598 4956 754 5037 Rom_.
805 4973 908 5014 ms.
950 4961 1629 5037 exprobrandteaApertnm
1661 4976 1742 5024 est
1772 4982 1999 5037 expres-

404 5041 520 5081 sam
548 5042 670 5084 esse
726 5027 866 5084 hanc
897 5027 1217 5088 sententiam
1247 5051 1314 5089 ex
1340 5027 1500 5091 dictis
1530 5038 1681 5092 Pauli
1707 5055 1742 5092 ιι
1777 5027 1895 5094 ϐειἸ.
1929 5040 1994 5094 4:

403 5095 627 5177 Propter
652 5100 1064 5177 subintroductos
1082 5106 1242 5170 falsos
1265 5107 1472 5174 fratres,
1497 5110 1584 5177 qui
1600 5109 2000 5164 subintroierunt

401 5169 672 5238 explorare
697 5171 974 5228 libertatem
1003 5169 1248 5230 nostram.

478 5259 550 5330 (e)
592 5260 713 5315 Par.
739 5276 882 5317 cum.
932 5279 1036 5319 ms.
1096 5264 1250 5321 Colb.
1295 5267 1572 5324 insistentis
1617 5271 1763 5326 loco:
1807 5272 1998 5330 eodem

403 5343 590 5385 sensu.

476 5421 557 5495 (ά)
590 5423 664 5508 Ea
692 5425 806 5496 ipsa
837 5426 904 5483 de
929 5439 1182 5554 serpente
1202 5432 1475 5515 memoriae
1507 5435 1858 5501 prodiderunt
1879 5447 2001 5518 post

476 5497 766 5554 teunhtlum
825 5498 1076 5554 Antioct.
1136 5503 1288 5554 Tom.
1338 5519 1376 5554 ιι
1418 5503 1554 5554 Βιὴι.
1600 5505 1815 5554 Palmm
1867 5511 1997 5554 edit-

403 5491 766 5564 Theuphiluin
825 5491 1076 5556 Antioch.
1136 5503 1288 5557 Tom.
1338 5519 1376 5557 ιι
1418 5491 1554 5558 Bibl.
1599 5505 1815 5561 Patrum
1867 5491 1997 5562 edit.

404 5564 1046 5648 Colon._Chrysos_ton_tus
1084 5573 1485 5648 hom.__xxxtv;g
1531 5576 1889 5648 Hieronymus
1940 5577 1996 5634 in

404 5632 548 5716 hunc
593 5632 801 5716 locum;
853 5642 1310 5716 Atnbrosius,-lib.
1357 5661 1414 5700 ιιι
1457 5632 1525 5700 de
1569 5645 1699 5702 Fide
1724 5632 1819 5713 ,Jn.
1854 5632 1993 5716 151i

402 5707 753 5776 Augustinus,
785 5721 976 5781 quaest.
1001 5729 1110 5768 xvn
1142 5714 1196 5769 in
1216 5714 1401 5773 Matth.
1433 5731 1550 5785 vni,
1581 5726 1637 5775 et
1662 5707 1777 5775 alii.

687 5805 965 5868 ΡΑΤιιοι..
1015 5807 1125 5868 ΙΧ.

2112 3171 2224 3243 16).
2256 3171 2363 3228 Sed
2389 3172 2656 3229 columbte
2706 3175 3030 3244 simplicitas
3061 3178 3113 3232 in
3159 3179 3411 3234 absoluto
3437 3192 3519 3236 est
3545 3203 3558 3238 :
3590 3199 3711 3253 quae

2108 3271 2288 3320 autem
2319 3265 2389 3320 sit
2415 3266 2684 3335 serpentis
2709 3267 3014 3336 prudentia,
3046 3271 3412 3326 contuendum
3453 3283 3555 3328 est.
3603 3274 3708 3331 Ne-

2109 3359 2223 3415 scio
2274 3358 2400 3430 quid
2447 3359 2504 3413 in
2538 3359 2633 3414 illo
2687 3359 2987 3430 prudentiae
3014 3363 3332 3433 consiliique
3356 3375 3551 3429 exSIet,
3584 3366 3710 3422 licet

2106 3452 2353 3523 quasdam
2384 3451 2512 3506 hinc
2541 3452 2704 3521 aliqui
2733 3453 3009 3506 memoria:
3040 3452 3120 3524 (d)
3148 3455 3540 3520 mandaverint,
3561 3459 3707 3526 quod

2109 3545 2198 3598 ubi
2230 3559 2288 3598 se
2317 3545 2370 3598 in
2404 3560 2592 3597 manus
2623 3543 2902 3598 hominum
2953 3545 3168 3600 venisse
3223 3546 3504 3617 intelligat,
3551 3553 3702 3606 omni

2113 3649 2316 3707 genere
2356 3634 2425 3688 ab
2475 3635 2580 3688 ictu
2612 3627 2772 3704 caput
2793 3633 3094 3700 subtrahat,
3145 3635 3304 3706 idque
3343 3649 3434 3691 aut
3470 3639 3704 3697 collecto

2101 3727 2155 3781 in
2186 3726 2372 3782 orbem
2397 3740 2629 3795 corpore
2658 3735 2928 3796 contegat,
2957 3736 3049 3780 aut
3068 3727 3239 3782 fovete
3262 3728 3568 3800 immergat,
3597 3747 3705 3788 etc-

2096 3820 2258 3890 dique
2314 3827 2523 3889 partem
2596 3818 2859 3888 reliquam
2910 3817 3283 3889 derelinquat:
3336 3837 3545 3893 nosque
3599 3825 3702 3880 hoc

2097 3914 2346 3984 exemplo
2389 3921 2666 3984 oportere,
2699 3915 2744 3965 si
2792 3910 2919 3981 quid
2942 3910 3201 3966 acciderit
3232 3916 3694 3983 persecutionum,

2095 4017 2255 4076 caput
2285 4014 2556 4071 nostrum,
2607 4003 2751 4072 quod
2775 4011 2858 4058 est
2893 4002 3160 4068 Christus,
3194 4006 3478 4074 occulere;
3513 4020 3569 4063 ut
3593 4010 3694 4064 ob-

2100 4097 2222 4153 latis
2271 4095 2428 4151 nobis
2475 4094 2532 4148 in
2562 4107 2754 4148 omnes
2794 4092 3088 4159 cruciatus,
3131 4092 3292 4148 ﬁdem
3319 4095 3388 4150 ab
3415 4111 3482 4152 eo
3508 4111 3699 4169 accep-

2101 4199 2208 4245 tam
2237 4188 2444 4260 jactura
2466 4186 2712 4256 corporis
2740 4185 3191 4240 communiamus.

2173 4323 2261 4378 12.
2307 4319 2414 4377 Sed
2443 4319 2620 4374 omnis
2659 4317 2748 4374 hic
2775 4318 2988 4373 Domini
3034 4319 3103 4375 de
3131 4318 3333 4375 Judaeis
3379 4330 3544 4394 atque
3584 4325 3695 4381 ha:-

2101 4414 2286 4470 reticis
2311 4426 2491 4468 sermo
2520 4418 2603 4466 est
2629 4429 2642 4465 :
2675 4409 2865 4464 Tradet
2895 4410 3056 4480 frater
3098 4413 3333 4482 fratrem,
3365 4422 3413 4468 et
3454 4426 3597 4484 pater
3622 4418 3689 4485 [ξ-

2102 4505 2251 4572 lium,
2284 4513 2329 4559 et
2355 4505 2617 4573 insurgent
2647 4501 2744 4572 ﬁlii
2780 4503 2836 4556 in
2867 4512 3098 4569 parentes
3140 4501 3302 4574 (Ibid.
3329 4503 3458 4575 21):
3488 4506 3540 4561 id
3588 4519 3690 4575 est,

2104 4595 2363 4651 familiam
2405 4595 2546 4649 inter
2570 4608 2629 4648 se
2658 4593 2726 4667 (e)
2756 4593 2999 4662 ejusdem
3047 4593 3189 4648 modi
3219 4594 3483 4652 dissidere
3533 4615 3544 4649 :
3571 4599 3691 4669 quia

2097 4690 2164 4745 de
2189 4695 2472 4759 parentum
2498 4686 2986 4756 cognationumque
3016 4683 3085 4756 (Γ)
3130 4686 3437 4742 nominibus
3462 4729 3477 4754 ,
3509 4691 3696 4760 populi

2177 4801 2249 4872 (e)
2291 4799 2831 4872 EditiexceptoPar.
2871 4813 2935 4853 ac
2975 4799 3156 4872 plures
3184 4814 3313 4854 mss.
3353 4802 3584 4870 ejusdem
3607 4806 3694 4860 do-

2104 4870 2239 4927 mus.
2279 4871 2573 4938 Quamdam
2599 4870 2838 4924 veritatis
2866 4870 3101 4938 speciem
3130 4885 3240 4938 prae
3283 4886 3341 4925 se
3368 4871 3566 4938 ierunt,
3599 4893 3693 4932 ne.

2104 4960 2210 5013 que
2249 4943 2686 5021 anteponendum
2716 4949 2884 5021 esset“
2915 4955 3040 5020 cum.
3077 4938 3500 5021 mss...‘Colb._et
3528 4945 3689 5021 Carn.

2105 5011 2333 5084 ejusdem
2360 5011 2498 5066 modi
2530 5011 2642 5084 (ubi
2666 5011 2807 5077 apud
2851 5011 2971 5064 Par.
2996 5011 3271 5082 eiusmodi)
3290 5053 3303 5077 ,
3335 5013 3433 5067 nisi
3461 5014 3692 5075 Hilarius

2105 5083 2192 5140 hic
2221 5099 2440 5161 sensum
2470 5083 2766 5161 spiritalem
2794 5089 3110 5161 sectaretur.

2178 5155 2246 5226 (ί)
2277 5154 2412 5226 Male
2438 5152 2716 5226 et’alts_que
2744 5152 3060 5226 aucmritate
3087 5152 3137 5205 in
3163 5161 3435 5226 postrema
3455 5157 3691 5214 editione

2103 5223 2235 5280 Par.
2264 5225 2570 5278 hominibus.
2592 5223 2724 5277 Tum
2755 5223 2807 5276 in
2827 5236 2919 5276 sex
2947 5235 3076 5275 mss.
3109 5224 3288 5294 populi
3317 5227 3550 5294 quwdam
3577 5231 3692 5282 uni-

2103 5305 2201 5351 tas.
2235 5295 2446 5350 Exinde
2479 5295 2531 5348 iu
2569 5294 2818 5364 vulgatis,
2855 5294 3135 5364 indicatur.
3184 5292 3341 5347 Nunc
3367 5299 3536 5350 hostili
3563 5299 3692 5351 inri-

2104 5383 2211 5422 cem
2237 5366 2377 5431 odio,
2404 5363 2712 5432 diversisque
2735 5363 3000 5436 judicibus
3019 5404 3032 5424 ,
3064 5363 3216 5416 etiam
3242 5374 3288 5416 et
3318 5368 3516 5436 regibus
3535 5383 3553 5419 :
3577 5368 3687 5422 lec-

2107 5438 2180 5493 tio
2215 5436 2493 5501 mendosa,
2534 5445 2589 5490 et
2621 5433 2924 5516 perturbata
2952 5433 3331 5516 interpunctio.
3365 5433 3690 5516 castigatior

2107 5524 2168 5564 ac
2198 5507 2500 5587 distinctior
2519 5506 2838 5587 exprimitur
2857 5520 2921 5560 ex
2954 5520 3084 5559 mss.
3115 5505 3314 5587 Horum
3337 5506 3484 5587 enim.
3499 5520 3691 5564 sensus

2106 5587 2223 5635 est:
2254 5577 2504 5656 exemplo
2525 5577 2740 5656 familiae
2763 5577 2990 5656 primum
3019 5576 3338 5656 cognatione
3365 5576 3688 5656 conjuncta),

2103 5657 2228 5726 post
2269 5647 2425 5704 odiis
2458 5648 2682 5726 di_visa;,_
2725 5647 2988 5726 indicatur
3021 5647 3267 5726 populus,
3299 5647 3388 5714 qui
3411 5647 3686 5716 quondam

2104 5717 2305 5787 imitus,
2335 5734 2476 5776 nunc
2506 5718 2686 5777 hostili
2714 5718 2840 5776 odio
2867 5717 3110 5774 diversus
3136 5717 3224 5770 sit.

3096 5806 3170 5867 31
