4172 6188
467 228 568 302 οτι

1651 222 1897 292 ΒΑΝΟἮ
1924 219 2182 290 lilLARll
2222 227 2527 305 EPISCOPI

3667 235 3775 304 97!

468 340 744 416 quondam
764 343 943 402 unitas
969 339 1240 398 indicatur
1270 349 1416 394 nunc
1443 336 1626 394 hostili
1665 337 1896 395 invicem
1939 339 2064 396 odio
2091 345 2147 410 Α
2169 348 2295 404 licet
2321 351 2558 420 gentium
2583 391 2598 418 ,
2629 351 2773 424 quod
2799 352 2904 409 erit
2928 352 3199 426 reliquum
3229 353 3416 421 Israel,
3455 355 3523 413 ad
3545 356 3772 427 implen-

470 437 676 493 diversi
705 453 719 501 ;
745 435 1014 504 iudicibus
1044 433 1206 489 etiam
1234 440 1290 488 et
1329 431 1549 502 regibus
1575 439 1732 487 terra:
1763 432 2068 490 offerendos

473 527 638 602 (Ibid.
669 529 782 598 I8).
813 526 939 582 dum
967 535 1295 594 extorquere
1339 533 1434 580 aut
1480 524 1757 580 silentium
1791 537 2066 593 nosu'um,

471 631 568 678 aut
597 621 996 676 conniventiam
1042 625 1271 673 tentant.
1323 615 1397 690 (α)
1425 615 1620 673 Testes
1664 617 1810 672 enim
1855 618 1986 688 ipsis
2015 628 2070 676 et

469 713 719 786 gentibus
745 711 908 768 futuri
936 731 950 768 :
981 725 1088 781 quo
1140 709 1446 767 testimonio
1498 708 1778 765 excusatio
1809 708 2070 780 ignorata

471 805 769 861 divinitatis
821 803 1108 860 adimenda
1160 803 1230 858 sit
1275 801 1756 872 persequentibus;
1816 802 2070 871 gentibus

467 912 601 958 vero
627 897 710 954 via
738 894 1019 967 pandenda
1045 893 1303 950 credendi
1357 893 1656 962 Christum,
1706 892 2071 964 pertinacibus

468 992 612 1061 inter
641 990 974 1048 sa-vientium
1004 1003 1190 1061 pinnas
1219 987 1592 1048 confessorum
1625 985 1845 1044 vocibus
1872 985 2070 1058 praedis

469 1093 666 1152 catum.
741 1083 1037 1140 lnstructos
1094 1082 1256 1154 igitur
1303 1096 1401 1140 nos
1465 1082 1736 1153 serpentis
1790 1080 2072 1152 prudentia

469 1188 659 1248 monet
683 1191 805 1236 esse
833 1185 1105 1248 oportere.

545 1274 631 1329 15.
677 1273 902 1344 Serpens
947 1272 1021 1332 uti
1047 1271 1470 1342 prazdicatoribus
1497 1270 1793 1328 imitandus.
1822 1299 1894 1310 —
1918 1268 2072 1326 llunc

467 1375 760 1438 antequam
826 1364 999 1422 Adam
1066 1364 1392 1432 traduceret,
1449 1365 1558 1436 jam
1606 1365 1903 1436 sapientem
1961 1363 2071 1420 Ge-

468 1459 615 1515 nesis
671 1458 995 1529 nuncupavit
1036 1455 1206 1527 (Gen.
1259 1473 1359 1526 ιιι,
1420 1458 1495 1528 1)
1547 1474 1560 1524 ;
1617 1467 1672 1513 et
1733 1456 2072 1528 prudentiam

469 1551 590 1621 ejus
647 1551 993 1624 malignantis
1050 1549 1262 1606 consilii
1315 1549 1508 1608 ordine
1563 1549 1771 1606 docuit.
1831 1550 2073 1608 Primum

469 1646 614 1701 enim
664 1646 904 1706 animum
962 1659 1126 1700 sexus
1173 1644 1438 1702 mollioris
1481 1659 1768 1715 aggressus
1815 1653 1920 1710 est,
1974 1658 2072 1713 spe

2171 441 2298 497 dum
2329 459 2609 499 numerum
2642 457 2972 513 sanctorum,
3004 447 3184 503 futuro
3226 448 3488 505 claritatis
3517 463 3630 506 sua:
3658 449 3757 505 ad-

2173 545 2339 590 ventu
2365 536 2433 609 (f)
2458 537 2508 592 in
2537 537 2777 594 Ecclesia
2801 538 3198 595 collocandum.
3259 561 3262 566 ·

2246 649 2336 704 15.
2380 649 2694 705 Passionum
2725 663 2800 707 est
2852 653 3114 718 solatium,
3156 652 3294 722 quod
3321 670 3412 724 per
3443 671 3529 710 eas
3554 654 3776 712 Domino

2173 742 2624 797 assimilamur.——-
2653 743 2777 798 Non
2821 754 2898 799 est
2941 745 3230 816 discipulus
3274 761 3430 815 super
3452 747 3772 818 magistrum,

2172 848 2265 887 nec
2285 850 2459 889 servus
2485 852 2640 907 super
2666 835 2935 892 dominum
2967 836 3132 910 (Ibid.
3161 835 3276 909 ξι).
3305 838 3532 894 Multum
3563 841 3781 920 proﬁcit

2173 926 2239 981 ad
2265 927 2566 984 tolerantia:
2591 930 3012 1001 assumptionem
3046 944 3224 984 rerum
3254 930 3650 986 imminentium
3677 947 3775 988 co-

2173 1020 2343 1091 gnitio
2375 1020 2476 1092 (g),
2511 1021 2745 1077 maxime
2771 1023 2815 1076 si
2844 1021 3119 1093 patientiae
3144 1022 3398 1079 voluntas
3420 1036 3779 1093 prwsumatur

2174 1113 2446 1183 exemplo.
2481 1113 2743 1170 Dominus
2792 1123 3002 1182 noster,
3043 1115 3225 1170 lumen
3269 1125 3556 1185 aeternum,
3580 1125 3634 1171 et
3662 1116 3774 1172 dux

2173 1205 2534 1273 credentium,
2566 1217 2621 1262 et
2641 1207 3061 1263 immortalitatis
3085 1221 3302 1277 parens,
3354 1206 3632 1277 discipulis
3661 1209 3775 1265 suis

2174 1297 2470 1354 futurarum
2519 1301 2828 1370 passionum
2861 1300 3052 1356 solatia
3100 1309 3226 1356 ante
3275 1301 3567 1374 praemisit:
3601 1317 3668 1357 ne
3714 1317 3776 1357 se

2175 1391 2296 1460 quis
2319 1389 2611 1461 discipulus
2659 1392 2917 1462 magistro
2946 1391 3234 1461 potiorem,
3269 1401 3361 1446 aut
3402 1408 3568 1460 super
3591 1391 3776 1447 domi-

2176 1497 2304 1536 num
2331 1497 2454 1538 esse
2483 1497 2673 1538 servus
2725 1484 3082 1539 existimaret.
3122 1483 3180 1540 Si
3201 1483 3345 1540 enim
3372 1485 3777 1555 patri-familias

2176 1583 2615 1645 cognomentum,
2659 1590 2757 1646 per
2784 1575 3070 1643 invidiam,
3100 1576 3364 1631 daemonis
3414 1576 3772 1642 addiderunt;

2177 1679 2380 1738 quanto
2401 1671 2570 1739 magis
2590 1670 2645 1724 in
2671 1671 2999 1726 domesticos
3033 1671 3351 1741 ejuspmnia
3380 1671 3696 1742 injuriarum
3719 1677 3780 1730 et

468 1739 663 1802 deinde
708 1740 916 1808 illexit,
977 1737 1412 1802 commuttionem
1475 1737 1893 1798 immortalitatis
1952 1751 2074 1807 εροεε

2180 1737 2622 1817 contumelia—rum
2653 1777 2850 1833 genera
2873 1737 3277 1837 perﬁcient—(Ib.
3296 1737 3540 1834 25)?Sed
3558 1780 3620 1819 ea
3642 1762 3779 1822 nihil

467 1831 688 1900 pondit:
735 1841 791 1888 et
821 1847 917 1902 per
964 1830 1082 1888 lucc
1130 1839 1276 1890 tanta
1301 1831 1520 1900 praemia
1547 1872 1561 1896 ,
1587 1845 1722 1902 opus
1749 1829 1964 1888 consilii
2011 1837 2067 1890 et

467 1923 760 1990 voluntatis
789 1937 901 1978 sua:
928 1923 1113 1992 gessit.
1144 1922 1265 1978 Pari
1295 1922 1456 1992 igitur
1497 1922 1928 1992 opportunitate,
1985 1922 2066 1978 in-

470 2023 743 2086 trospecta
776 2014 1199 2084 uniuscujusque
1239 2023 1293 2070 et
1320 2023 1508 2072 natura
1537 2024 1590 2070 et
1615 2014 1913 2080 voluntate,
1947 2029 2067 2070 ver-

467 2106 663 2172 borum
690 2106 993 2166 adhibenda
1017 2105 1304 2178 prudentia
1329 2116 1433 2162 est.
1465 2107 1599 2176 Spes
1630 2107 1895 2163 bonorum
1924 2105 2068 2166 futu-

467 2215 654 2256 rorum
703 2200 1012 2268 revelanda,
1060 2210 1115 2256 et
1149 2198 1223 2271 (b)
1275 2201 1354 2256 sic
1392 2201 1636 2256 coelestia
1667 2201 1916 2271 perfecta:
1941 2200 2069 2262 ﬁdei

468 2295 690 2364 praemia
735 2293 1092 2365 proferenda:
1137 2304 1194 2348 ut
1218 2294 1362 2365 quod
1392 2293 1481 2350 ille
1509 2295 1765 2354 mentitus
1799 2303 1883 2349 est
1911 2335 1925 2357 .
1963 2309 2065 2352 nos

451 2377 828 2458 praedicamus
855 2404 920 2446 ex
953 2402 1105 2454 vero,
1138 2387 1436 2444 secundum
1477 2387 1828 2456 sponsionem
1858 2387 1950 2441 Dei
1973 2401 2072 2442 an-

466 2481 604 2550 gelis
644 2480 850 2535 similes
882 2477 1092 2539 futuros
1140 2494 1260 2535 esse
1284 2480 1372 2548 qui
1403 2477 1728 2538 crederent:
1763 2488 1820 2534 ut
1850 2486 2066 2536 mentes

470 2571 708 2644 plebium
739 2570 927 2630 faciles
957 2582 1010 2626 et
1029 2571 1326 2634 absolutas,
1351 2569 1911 2625 circnmsaevientibus
1938 2569 2070 2624 licet

473 2672 529 2722 et
555 2666 696 2738 lupis
720 2675 774 2721 et
803 2665 1094 2731 hmreticis,
1131 2665 1414 2736 promissis
1445 2679 1733 2734 regnorum
1764 2665 2071 2726 caelestium

469 2772 817 2830 occupemus,
850 2766 905 2813 et
935 2772 1114 2812 rerum
1145 2755 1304 2811 ﬁdem
1339 2756 1608 2827 serpentis
1636 2755 1946 2828 prudentia,
1978 2771 2072 2814 co-

482 2849 678 2918 lumbm
709 2849 1057 2920 simplicitate
1085 2847 1382 2904 tradamus.

545 2944 632 3000 M.
677 2943 859 3012 Gentes
901 2944 1107 3014 quando
1153 2941 1460 3009 crediturae,
1511 2941 1718 3010 quando
1780 2940 2074 2996 Judaei.—

473 3037 657 3096 Monct
694 3038 857 3092 etiam
912 3035 1122 3090 traditis
1162 3034 1354 3090 abesse
1406 3045 1660 3106 oportere
1690 3034 1853 3106 715
1886 3048 2071 3088 curam

2173 1870 2272 1910 nos
2293 1864 2551 1923 terreant,
2571 1857 2758 1928 gloria:
2795 1858 2913 1913 loco
2942 1859 3117 1928 potius
3147 1859 3553 1930 amplectentes,
3590 1858 3636 1913 si
3670 1858 3780 1914 Do-

2172 1948 2322 2002 mino
2350 1958 2536 2003 nostro
2559 1949 2641 2003 vel
2663 1950 2968 2020 passionum
2991 1949 3387 2006 conditionibus
3405 1949 3776 2028 adaequemur.

2247 2064 2333 2120 I6.
2375 2061 2569 2120 Judicii
2588 2065 2672 2119 die
2688 2067 2889 2121 occulta
2916 2066 3293 2137 prodentur.—
3319 2066 3470 2124 Nihil
3497 2075 3574 2124 est
3603 2067 3784 2126 occule

2174 2167 2300 2222 tum,
2333 2157 2470 2230 quod
2509 2175 2613 2212 non
2662 2159 2970 2215 revelabitur
2997 2158 3161 2232 (Ibid.
3205 2159 3322 2228 26).
3357 2159 3508 2226 Diem
3564 2159 3782 2226 scilicet

2171 2250 2361 2323 judicii
2400 2251 2678 2320 ostendit,
2729 2267 2849 2322 qua:
2896 2253 3197 2318 abstrusam
3239 2253 3531 2314 voluntatis
3573 2261 3784 2316 nostra:

2175 2342 2566 2398 conscientiam
2595 2342 2820 2415 prodet:
2854 2352 2909 2400 et
2936 2358 2998 2400 ea
3027 2359 3147 2412 qua:
3182 2359 3325 2400 nunc
3353 2345 3560 2402 occulta
3585 2346 3785 2404 existi.

2176 2449 2407 2506 mantus,
2439 2436 2556 2492 luce
2579 2436 2903 2506 cognitionis
2936 2436 3169 2505 publicae
3208 2436 3443 2508 detegat.
3476 2436 3642 2506 Igitur
3670 2452 3785 2496 non

2177 2528 2353 2586 minas
2379 2569 2393 2594 ,
2427 2543 2532 2584 non
2575 2528 2797 2586 consilia
2825 2569 2838 2594 ,
2887 2544 2995 2586 non
3047 2537 3342 2599 potestates
3393 2529 3784 2592 inseetantiutn

2177 2632 2366 2678 monet
2407 2637 2527 2678 esse
2569 2621 2889 2682 metuendas
2920 2623 3088 2691 z-quia
3115 2621 3230 2688 dies
3257 2621 3443 2692 iudicii
3479 2622 3625 2688 nulla
3657 2621 3782 2682 lucc

2177 2714 2347 2782 fuisse
2376 2723 2537 2785 atque
2565 2713 2740 2778 inania
2767 2713 3053 2770 revelabit.

2253 2852 2338 2906 17.
2382 2849 2480 2904 Dei
2518 2850 2742 2920 cognitio
2787 2859 3081 2903 constanter
3127 2848 3519 2921 ingerenda.--
3549 2848 3616 2903 Et
3641 2850 3788 2921 quod

2179 2946 2298 2998 dico
2321 2941 2458 2997 vobis
2488 2942 2542 2996 in
2571 2941 2807 3004 tenebris,
2833 2942 2988 2995 dicite
3014 2941 3067 2994 in
3095 2941 3322 2996 lumine:
3351 2951 3395 2996 et
3416 2943 3555 3013 quod
3576 2943 3628 2995 in
3655 2957 3790 2995 auiae

2179 3035 2393 3099 auditis,
2443 3034 2714 3104 prwdicate
2742 3049 2895 3105 super
2922 3040 3055 3086 tecta
3084 3031 3248 3102 (Ibid.
3272 3032 3384 3104 2-7).
3409 3031 3524 3086 Non
3552 3032 3790 3102 legimus

473 3127 868 3200 reSponsionis.
900 3126 996 3182 sed
1039 3125 1460 3196 exspectandum
1487 3126 1663 3198 ponus
1687 3128 1812 3196 quid
1845 3124 2078 3196 Spiritus
2104 3139 2150 3203 (ζ
2186 3129 2472 3185 Dominum
2515 3127 2732 3181 solitum
2781 3125 2948 3181 fuisse
2987 3125 3238 3180 noctibus
3295 3124 3678 3190 sermocinari,
3725 3132 3791 3179 et

473 3221 572 3277 Dei
591 3228 842 3289 suggerat
883 3216 1098 3290 (Matth.
1129 3234 1182 3281 κ,
1219 3217 1345 3287 19);
1394 3219 1516 3288 quia
1559 3218 1692 3273 ﬁdes
1740 3229 1924 3274 nostra
1955 3235 2071 3274 om-

473 3314 631 3369 nibus
664 3309 946 3382 praeceptis
967 3309 1160 3363 divina:
1188 3307 1478 3362 voluntatis
1506 3308 1731 3375 intenta,
1774 3310 1848 3378 (c)
1891 3311 1956 3364 ad
1987 3326 2080 3366 re-

476 3405 786 3477 Sponsionis
828 3403 1104 3458 scientiam
1137 3402 1467 3457 instruetur:
1511 3403 1562 3456 in
1591 3402 1842 3472 exemplo
1864 3402 2072 3457 baben-

477 3509 561 3558 tes
584 3497 880 3563 Abraham,
913 3495 997 3550 cui
1030 3494 1300 3568 postulato
1321 3493 1388 3548 ad
1412 3492 1644 3548 hostiam
1677 3493 1820 3548 Isaac
1847 3509 1954 3548 non
1979 3494 2073 3550 de-

477 3591 580 3654 fuit
606 3591 749 3646 aries
779 3587 846 3650 ad
873 3586 1148 3642 victimam
1183 3582 1338 3655 (Gen.
1377 3599 1513 3650 χχιι,
1542 3581 1653 3656 15).
1683 3583 1762 3638 Ex
1792 3600 1895 3644 una
1925 3585 2080 3640 dein.

478 3684 546 3740 de
576 3684 629 3739 in
659 3681 793 3744 duas
833 3679 994 3734 urbes
1023 3679 1198 3748 fugam
1231 3677 1422 3731 suadet
1455 3676 1669 3748 (Matth.
1705 3694 1757 3742 x,
1788 3676 1905 3750 25).
1937 3680 2074 3748 Quia

474 3773 793 3846 praedicatio
816 3774 936 3840 ejus
966 3770 1196 3841 primum
1229 3785 1257 3823 a
1297 3768 1480 3823 Iudaea
1509 3769 1736 3839 effugata
1769 3772 1959 3826 transit
2005 3771 2079 3829 ad

480 3867 764 3932 Grazciam,
792 3863 990 3918 dehinc
1016 3861 1243 3918 diversis
1272 3861 1407 3915 intra
1429 3858 1650 3916 Graeciaa
1678 3863 1840 3918 urbes
1861 3874 2081 3932 aposto-

479 3961 655 4020 lorum
695 3957 1036 4029 passionibus
1090 3954 1168 4028 (d)
1210 3955 1448 4024 fatigata,
1501 3955 1659 4009 tertio
1699 3956 1751 4010 in
1805 3958 2075 4014 universis

485 4033 736 4124 gentibus
766 4049 1104 4112 demoratur.
1131 4045 1237 4102 Sed
1279 4057 1337 4100 ιιι
1367 4045 1704 4116 ostenderet,
1735 4058 1927 4117 gentes
1957 4050 2081 4113 qui-

481 4153 602 4207 dem
635 4146 998 4218 apostolorum
1032 4139 1399 4212 prrcdicationi
1444 4137 1778 4206 credituros,
1813 4154 1996 4197 verum
2018 4149 2080 4195 ut

484 4240 556 4316 (ε)
587 4238 850 4309 reliquum
883 4232 1048 4289 Israel
1079 4231 1349 4294 crederet,
1379 4245 1498 4286 esse
1525 4230 1780 4285 adventui
1805 4247 1903 4286 suo
1932 4231 2084 4288 debi-

483 4347 631 4399 tum;
660 4333 754 4398 ait,
784 4328 904 4383 Non
923 4323 1334 4382 consummabilis
1359 4324 1583 4379 civitates
1604 4323 1790 4390 Israel,
1817 4324 1980 4378 donec
2005 4340 2084 4380 uec

484 4427 592 4481 niat
619 4423 760 4492 ﬁlius
790 4419 1010 4474 hominis
1039 4414 1339 4488 (Ibidem):
1371 4423 1493 4484 post
1536 4414 1924 4482 plenitudinem
1978 4415 2085 4470 sci-

2183 3220 2482 3276 doctrinam
2509 3218 2564 3273 in
2595 3217 2832 3272 tenebris
2864 3216 3171 3272 tradidisse.
3199 3216 3302 3273 Sed
3329 3217 3453 3287 quia
3475 3216 3654 3272 omnis
3671 3232 3792 3272 ser»

2185 3327 2274 3367 mo
2301 3312 2422 3382 ejus
2443 3309 2750 3367 carnalibus
2780 3309 3019 3365 tenebrae
3045 3319 3194 3375 sunt,
3223 3318 3279 3364 et
3296 3310 3521 3364 verbum
3554 3310 3673 3380 ejus
3702 3311 3790 3365 in-

2184 3403 2433 3457 ﬁdelibus
2450 3417 2554 3456 nox
2581 3409 2697 3466 est;
2727 3400 2805 3472 (h)
2832 3410 2886 3456 et
2915 3401 3108 3472 cuique
3126 3400 3268 3470 quod
3299 3415 3328 3454 a
3360 3415 3422 3457 se
3444 3401 3648 3456 dictum
3673 3412 3788 3469 est,

2181 3495 2346 3566 716
2371 3510 2491 3548 cum
2517 3494 2761 3548 libertate
2791 3493 2912 3547 ﬁdei
2936 3501 2989 3547 et
3022 3491 3381 3548 confessionis
3414 3502 3499 3548 est
3548 3493 3790 3562 loquen-

2182 3586 2312 3640 dum
2335 3600 2350 3649 ;
2376 3584 2582 3639 idcirco
2613 3599 2732 3654 quan
2761 3584 2811 3637 in
2849 3583 3086 3638 tenebris
3130 3583 3270 3638 dicta
3299 3593 3444 3647 sunt,
3491 3582 3792 3653 prrdicari

2178 3677 2341 3746 jussit
2376 3677 2430 3729 in
2460 3675 2679 3742 lumine,
2726 3684 2780 3729 et
2817 3691 2937 3745 qum
2983 3685 3196 3729 secreto
3240 3675 3450 3728 aurium
3493 3675 3790 3730 commissa

2183 3779 2328 3838 sunt,
2360 3786 2514 3835 super
2546 3779 2694 3836 tecta,
2739 3769 2790 3823 id
2815 3777 2918 3836 est,
2949 3768 3015 3842 (i)
3059 3770 3296 3835 excelsa,
3337 3779 3395 3822 ut
3445 3769 3791 3840 loquentium

2185 3863 2455 3932 prmconio
2500 3861 2806 3916 audiantur.
2851 3862 3176 3916 Constanter
3214 3861 3357 3916 enim
3379 3862 3468 3916 Dei
3491 3862 3789 3929 ingerenda

2184 3954 2420 4024 cognitio
2439 3963 2543 4017 est,
2568 3963 2622 4008 et
2645 3953 2962 4024 profundum
2982 3953 3242 4008 doctrinae
3258 3954 3584 4025 evangelica
3605 3969 3794 4012 soere-

2187 4054 2298 4100 tum
2319 4045 2520 4100 lumine
2538 4045 2938 4115 praedicationis
2959 4045 3268 4115 apostolicae
3281 4046 3652 4102 revolandum:
3677 4062 3790 4104 non

2190 4139 2440 4195 timentes
2466 4154 2580 4200 eos.
2621 4137 2816 4208 quibus
2843 4154 2963 4192 eum
2986 4140 3057 4192 sit
3088 4139 3302 4193 licentia
3345 4139 3424 4213 (j)
3457 4140 3510 4194 in
3531 4156 3786 4210 corpora,

2190 4239 2368 4287 tamen
2405 4232 2455 4285 in
2483 4231 2718 4285 animam
2742 4231 2831 4302 jus
2861 4232 3064 4287 nullum
3093 4239 3177 4286 est
3216 4230 3380 4302 (Ibid.
3415 4233 3538 4306 28);
3587 4233 3682 4290 sed
3712 4234 3784 4290 ti-

2189 4334 2397 4378 mentes
2427 4323 2608 4392 potius
2629 4323 2816 4391 Deum,
2851 4325 2934 4378 cui
2962 4323 3249 4392 perdendae
3271 4324 3328 4379 in
3363 4324 3616 4396 gehenna
3631 4336 3690 4383 et
3718 4342 3784 4384 a-

2189 4415 2348 4469 nimae
2377 4423 2431 4470 et
2467 4415 2710 4485 corporis
2738 4417 2810 4469 sit
2833 4423 3096 4484 potestas.

557 4546 634 4619 (α)
669 4543 758 4599 Sic
788 4553 918 4619 mss.
962 4534 1228 4619 potiores.
1260 4530 1504 4619 (lt-editi,
1522 4539 1750 4619 testes-et
1777 4531 1924 4619 ipsis.
1957 4530 2081 4619 Ver:
2108 4534 2160 4594 D
2197 4603 2209 4614 .
2361 4529 2525 4619 liditi,
2549 4533 2601 4585 in
2635 4530 2922 4619 Ecclesium
2961 4534 3364 4619 cp'nvocandum.
3395 4535 3790 4619 Al-i'quotnmss.

485 4601 759 4674 buin'sunt
813 4601 1068 4665 reticetur
1116 4615 1236 4674 post
1260 4601 1444 4671 futuri,
1487 4603 1632 4655 sicut
1651 4608 1706 4655 et
1730 4609 1886 4657 antea
1910 4612 2081 4656 manu

489 4673 570 4744 vel
595 4702 759 4742 sermo
788 4691 882 4741 est,
916 4687 1037 4750 post
1060 4673 1373 4750 offerendos.

560 4759 638 4831 (ὁ)
709 4743 1025 4831 [articulant
1083 4747 1156 4800 sic
1203 4744 1498 4831 adjecimus
1558 4743 1883 4831 auctoritate
1944 4758 2077 4831 mss.

488 4813 674 4889 Ro‘m'.,
706 4825 858 4882 Colb.
883 4833 932 4878 et
957 4820 1147 4882 Carn.,
1168 4816 1258 4887 qui
1289 4830 1410 4868 mox
1440 4813 1560 4869 loco
1587 4814 1734 4868 verbi
1751 4815 2078 4884 proferenda,

499 4899 700 4954 habent
726 4891 1082 4962 promerenda.

567 4969 638 5040 (c)
667 4954 833 5040 Editi,
853 4958 1311 5040 adresponsionem
1337 4954 1941 5040 scientiazprmferimus
1961 4969 2082 5040 cum

491 5025 663 5096 tribus
695 5025 960 5106 prmdictis
990 5025 1132 5106 (mss.
1179 5027 1246 5082 ad
1276 5025 1621 5106 responsionis
1660 5026 1943 5106 scienti-ant,
1979 5027 2080 5082 hoc

491 5121 594 5171 est.
639 5096 849 5164 ut'sciat
879 5105 1002 5174 quid
1025 5103 1125 5157 sibi
1154 5096 1590 5174 respondendum
1628 5096 1716 5149 sit.
1755 5096 1957 5174 Deinde
1983 5111 2078 5151 sex

493 5167 625 5240 {n.5,
653 5167 965 5238 auctoritate
992 5167 1174 5227 liceret
1204 5167 1466 5240 reponere
1496 5167 1550 5240 in
1588 5167 1819 5234 exemplo
1869 5167 2078 5240 habens,

495 5236 878 5322 prohabentes,
911 5245 1204 5320 quodcum
1231 5236 1622 5298 sincerioribus
1643 5240 1875 5292 retinere
1909 5238 2081 5291 malo-3

495 5341 648 5464 mihi
678 5389 890 5462 Lipsius
917 5399 980 5442 ac
1009 5392 1272 5464 postenm
1301 5381 1419 5436 Par.
1448 5383 1629 5464 fugata
1663 5395 1680 5431 :
1709 5386 1893 5464 contra
1923 5377 2081 5464 fidem

497 5445 1045 5526 t'elein-ui'libroruni.
1076 5453 1171 5507 llic
1195 5467 1356 5526 porro
1388 5445 1602 5526 ponitur
1628 5463 1822 5526 nomen
1845 5451 2084 5526 abstrac-

763 5540 1033 5587 concrcto.
1058 5519 1526 5606 .prre‘dicatioploco
1557 5520 1799 5606 vocabuli
1833 5519 2087 5590 praedica-

496 5590 654 5671 tores:
672 5590 868 5672 quibus
892 5608 944 5654 et
965 5590 1080 5670 pati
1099 5592 1384 5672 etjatigari
1411 5590 1682 5672 convenit.

571 5658 650 5747 (ev),
668 5658 1107 5747 bis._Carn.'_cum
1153 5658 1348 5747 Cplbi,‘
1361 5660 1585 5730 reliquus
1615 5658 1812 5727 Israel;
1841 5676 1966 5716 mox
1988 5674 2084 5716 au-

496 5733 639 5814 tam;
652 5745 783 5814 quod
805 5742 898 5797 erit
924 5740 1155 5810 relictum
1182 5733 1368 5791 Israel.

2190 4603 2245 4656 in
2277 4603 2510 4656 Ecclesia
2553 4605 2956 4656 consecrandum.
2989 4603 3181 4659 Verius
3219 4608 3402 4671 Rom.,
3449 4606 3591 4672 Vat.,
3623 4605 3788 4666 Colb.

2191 4680 2248 4728 et
2270 4674 2432 4730 Carn.
2468 4673 2522 4728 in
2568 4672 2804 4727 Ecclesia
2854 4675 3212 4730 collocandum
3253 4680 3334 4731 vel
3382 4678 3790 4737 conlocandum.

2190 4742 2486 4816 Convocari
2535 4745 2733 4816 quippe
2781 4748 2943 4798 etiam
3005 4746 3070 4799 ad
3125 4748 3366 4802 infideles
3416 4750 3680 4816 pertinet:
3731 4761 3792 4808 at

2192 4814 2442 4886 collocari
2476 4815 2526 4868 in
2569 4815 2770 4868 Christi
2809 4829 3038 4884 corpore
3063 4818 3204 4886 quod
3253 4828 3336 4873 est
3377 4814 3642 4884 Ecclesia,
3672 4837 3786 4878 ιιυιι

2194 4885 2446 4938 convenit
2493 4886 2592 4961 nisi
2614 4886 2903 4961 lidelibus.
2945 4886 3046 4961 _Sic_
3073 4902 3193 4961 cap.
3222 4890 3276 4954 7,
3306 4904 3451 4942 num.
3490 4891 3574 4955 ll,
3603 4892 3790 4961 legere

2197 4965 2281 5028 est
2305 4971 2493 5028 omnes
2528 4957 2578 5010 in
2612 4955 2909 5012 Ecclesiam
2943 4955 3180 5023 invitari,
3212 4975 3412 5028 paucos
3441 4955 3663 5016 intrare.

2256 5026 2330 5096 (g)
2366 5025 2420 5102 lu
2472 5041 2566 5102 sex
2610 5041 2753 5102 mss.‘
2777 5028 3113 5095 continuatio,
3145 5025 3366 5084 maxime
3407 5032 3452 5086 si
3492 5033 3783 5102 sapientiai.

2185 5095 2321 5154 Tum
2365 5098 2416 5150 in
2446 5098 2637 5162 tribus,
2670 5097 2928 5167 voluptas.

2262 5190 2340 5262 (h)
2374 5192 2529 5249 Editi.
2558 5190 2738 5262 Itaque
2764 5193 2817 5246 id
2837 5193 2973 5260 quod
3003 5211 3034 5245 a
3064 5210 3118 5248 se
3145 5195 3340 5247 dictum
3367 5205 3460 5259 est,
3485 5212 3600 5249 curn
3630 5198 3791 5252 liber-

2188 5271 2290 5316 tate
2313 5263 2432 5328 [idei
2462 5264 2567 5316 uult
2594 5280 2700 5318 esse
2731 5264 3043 5333 loquendum
3061 5283 3080 5317 :
3109 5267 3438 5335 castigantur
3465 5282 3529 5320 ex
3559 5282 3691 5322 mss.

2263 5353 2325 5424 (ἱ)
2360 5353 2497 5426 Βςιάἒ
2525 5365 2578 5408 et
2599 5355 2690 5408 Er.
2712 5357 2965 5409 excelsum
2997 5355 3251 5426 loquenda
3277 5367 3330 5409 ut
3362 5359 3639 5426 pra’conio,
3673 5370 3782 5416 etc.

2191 5424 2336 5498 l_.ips.
2383 5433 2438 5480 et
2479 5425 2596 5498 Par.
2631 5442 2752 5480 cum
2785 5443 2884 5481 ms.
2925 5424 3154 5492 Turon.,
3198 5424 3396 5482 excelso
3443 5429 3782 5498 loquentiam.

2191 5494 2432 5568 Quatuor
2462 5496 2572 5560 alii,
2597 5567 2603 5568 γ
2625 5497 2675 5550 in
2723 5498 2920 5551 excelso
2949 5498 3287 5568 loquentium.
3333 5494 3580 5564 (larunt,
3611 5501 3780 5558 Vatia.

2192 5574 2246 5621 ct
2275 5566 2425 5620 Colb.
2459 5567 2752 5637 sequimur.

2268 5657 2285 5727 (
2297 5655 2908 5732 j)_Colbertinus_cod_es
2929 5673 3052 5715 cum
3080 5659 3234 5715 Rom.
3269 5661 3322 5714 in
3350 5677 3585 5732 corpore,
3616 5672 3784 5718 mea

2196 5729 2248 5782 in
2277 5729 2448 5789 anima
2476 5729 2590 5798 ejus
2619 5729 2764 5783 nulla
2788 5739 2883 5784 est.
