4172 6188
365 260 474 317 975

1575 243 1819 305 SANCTI
1861 240 2115 300 lllLARII
2145 239 2446 300 EPISCOPI

3563 234 3674 291 976

375 379 605 434 liberam
637 373 931 430 conﬁtendi
981 369 1076 426 Dei
1118 368 1322 426 habere
1359 365 1719 423 constantiam
1744 381 1760 431 ;
1809 362 1969 419 etiam
1999 363 2046 422 A
2076 360 2254 416 versio
2281 367 2648 430 peccatorum.
2669 355 2739 411 Et
2761 354 2919 426 hujus
2948 351 3163 424 quidem
3188 349 3279 408 teli
3302 351 3518 407 nomine
3548 349 3672 404 novi

374 469 740 525 conditionem
781 480 886 536 qua
930 474 1244 519 teneremur
1292 459 1514 530 adjecit,
1548 466 1868 529 negaturum
1912 470 1974 510 se

375 577 498 618 eum
545 558 689 613 Patri
716 558 767 611 in
813 555 992 621 caelis,
1024 555 1116 626 qui
1158 568 1218 609 se
1258 550 1569 607 hominibus
1616 550 1667 604 in
1702 557 1843 604 terra
1874 563 1972 601 ne-

372 658 556 723 gasset
583 647 744 722 (Ibid.
770 646 865 712 '52)
899 665 912 699 :
942 661 1064 702 eum
1112 659 1274 716 porro
1295 685 1308 708 ,
1342 642 1434 713 qui
1480 641 1763 697 confessus
1791 653 1972 693 coram

372 739 684 797 hominibus
707 752 767 794 se
785 738 994 801 fuisset,
1018 752 1047 792 a
1069 752 1129 792 se
1155 736 1208 791 in
1235 734 1390 790 coelis
1410 731 1812 796 conﬁtendum;
1837 744 1973 800 qua-

374 833 564 904 lesque
616 845 716 886 nos
760 829 1002 904 nominis
1059 828 1144 883 sui
1201 836 1365 882 testes
1426 823 1732 879 hominibus
1785 821 1976 876 fuisse-

375 938 520 989 mus,
578 921 671 976 tali
716 903 816 976 nos
872 919 1014 990 apud
1045 919 1213 974 Deum
1249 924 1458 989 patrem
1505 913 1815 970 testimonio
1859 911 1976 981 ejus

380 1032 594 1073 usuros.
1479 1073 1490 1080 _

445 1110 536 1166 22.
572 1110 890 1177 Quwstioncs
921 1109 1078 1164 varia:
1112 1114 1495 1180 proponuntur.
1528 1134 1599 1146 —
1631 1100 1808 1156 Nolite
1841 1099 1977 1154 arbi-

372 1204 498 1258 trari
525 1204 766 1273 quoniam
791 1203 902 1257 veni
941 1217 1117 1272 pacem
1141 1200 1341 1254 mittere
1378 1199 1433 1252 in
1459 1206 1666 1251 terram.
1703 1192 1827 1248 Non
1867 1191 1979 1246 veni

372 1312 550 1367 pacem
582 1296 800 1357 mittere,
829 1293 918 1348 sed
940 1292 1192 1364 gladium.
1228 1292 1395 1362 718
1413 1288 1543 1342 Veni
1570 1287 1708 1341 enim
1734 1299 1979 1354 separare

376 1388 546 1456 ﬁlium
571 1387 816 1440 adversus
845 1395 1062 1457 patrem,
1105 1393 1150 1438 et
1179 1383 1341 1452 ﬁliam
1377 1379 1618 1433 adversus
1663 1386 1896 1440 matrem,
1933 1384 1979 1428 et

371 1495 563 1534 nurum
595 1479 837 1533 adversus
869 1493 1071 1532 socrum
1103 1491 1272 1538 suam,
1320 1484 1368 1528 et
1417 1471 1612 1526 inimici
1641 1471 1864 1525 hominis
1886 1469 1981 1523 do-

374 1571 572 1624 mestici
600 1572 710 1640 ejus
741 1568 907 1641 (Ibid.
937 1566 1154 1638 '54-'56).
1182 1567 1312 1634 Quae
1342 1565 1444 1620 ista
1471 1563 1664 1618 divisio
1687 1561 1812 1618 est?
1835 1560 1980 1616 Inter

376 1663 550 1734 prima
578 1665 722 1718 enim
749 1659 900 1732 legis
931 1668 1196 1730 praecepta
1227 1657 1534 1724 accepimus
1579 1672 1591 1707 :
1625 1652 1845 1708 Honora
1887 1667 1981 1722 pa-

2080 449 2360 520 Evangelii
2415 448 2854 518 przedicationem
2904 444 3251 516 appellatam,
3309 442 3566 512 frequens
3618 441 3673 494 in

2081 542 2358 614 prephetis
2379 541 2669 598 auctoritas
2695 547 2795 595 est.
2832 538 2925 592 Dei
2953 538 3115 608 igitur
3143 535 3369 591 verbum
3395 546 3673 602 nuncupa-

2080 645 2192 691 tum
2236 636 2644 693 meminerimus
2673 633 2726 688 in
2757 631 2937 704 gladio
2980 649 2992 684 :
3032 631 3123 702 qui
3158 629 3371 702 gladius
3400 629 3598 684 missus
3623 626 3675 682 in

2080 739 2279 785 terram
2309 739 2412 794 εει,
2449 727 2499 783 id
2527 736 2631 793 est,
2662 723 2976 795 przedicatio
2999 723 3116 794 ejus
3145 723 3425 778 hominum
3459 720 3530 793 (ε)
3560 735 3680 776 cor-

2081 821 2308 891 poribus
2339 819 2536 876 intusa.
2571 819 2669 874 Hic
2692 817 2855 888 igitur
2892 817 3131 887 quinque
3160 814 3468 869 habitantes
3497 814 3548 868 in
3575 826 3679 867 una

2080 915 2243 971 domo
2266 914 2480 980 dividit,
2523 921 2579 968 et
2619 910 2809 966 dividit
2839 919 2948 964 tres
2989 910 3040 964 in
3071 907 3229 974 duos,
3263 917 3318 962 et
3355 906 3493 962 duos
3520 919 3683 976 super

2081 1017 2213 1065 tres.
2240 1007 2347 1066 Sed
2379 1007 2478 1062 tria
2507 1015 2709 1060 tantum
2736 1005 2789 1060 in
2813 1003 3035 1059 homine
3064 1002 3385 1073 reperimus,
3417 1000 3469 1055 id
3491 1009 3594 1067 est,
3625 1008 3683 1056 et

2081 1115 2279 1170 corpus
2319 1109 2375 1156 et
2427 1100 2663 1154 animam
2712 1105 2767 1152 et
2806 1096 3159 1151 voluntatem.
3205 1095 3337 1150 Nam
3381 1102 3439 1147 ut
3464 1092 3680 1163 corpori

2082 1193 2261 1248 anima
2284 1191 2405 1246 data
2438 1201 2542 1258 est,
2589 1192 2660 1245 ita
2688 1177 2743 1245 et
2771 1197 3010 1259 potestas
3038 1187 3254 1258 utrique
3283 1187 3470 1243 utendi
3519 1201 3579 1242 se
3625 1194 3683 1241 ut

2081 1287 2246 1344 vellet
2275 1285 2480 1340 indulta
2509 1293 2594 1340 est
2640 1303 2654 1339 :
2700 1295 2864 1354 atque
2901 1281 2970 1337 ob
3002 1282 3052 1335 id
3077 1281 3161 1336 lex
3194 1288 3277 1336 est
3297 1279 3380 1352 (ά)
3410 1277 3685 1349 proposita

2085 1379 2371 1434 voluntati.
2397 1376 2504 1432 Sed
2537 1376 2640 1432 hoc
2685 1376 2737 1431 in
2787 1375 2894 1430 illis
2932 1372 3376 1444 deprehenditur,
3405 1373 3494 1442 qui
3526 1371 3685 1442 primi

2084 1486 2113 1525 a
2149 1471 2258 1525 Deo
2291 1468 2504 1540 ﬁgurati
2551 1476 2696 1534 sunt,
2742 1467 2794 1521 in
2826 1466 3022 1537 quibus
3061 1473 3254 1536 emptae
3279 1464 3504 1536 originis
3534 1471 3686 1520 ortus

2084 1564 2305 1621 eﬁ'ectus
2348 1563 2512 1635 719
2553 1568 2668 1626 est,
2722 1574 2826 1614 non
2863 1558 3138 1614 traductus
3186 1556 3426 1612 aliunde.
3468 1555 3573 1613 Sed
3611 1570 3679 1611 ex

2087 1666 2311 1728 peccato
2336 1665 2498 1726 atque
2520 1652 2836 1708 inﬁdelitate
2857 1651 3016 1720 primi
3042 1650 3302 1721 parentis,
3333 1647 3682 1718 sequentibus

377 1763 504 1810 trem
542 1764 688 1808 tuum
729 1761 775 1807 et
813 1760 1028 1806 matrem
1066 1760 1207 1804 tuam
1237 1747 1436 1817 (Exod.
1470 1762 1573 1812 xx,
1614 1743 1732 1817 l2).
1764 1744 1829 1798 Et
1866 1744 1980 1812 ipse
2010 1751 2057 1810 Β
2085 1750 2524 1823 generationibus
2546 1747 2712 1818 cmpit
2746 1760 2866 1801 esse
2901 1744 3148 1814 corporis
3188 1741 3358 1798 nostri
3385 1750 3536 1811 pater
3563 1755 3688 1810 pec-

378 1849 637 1904 Dominns
666 1848 740 1901 ait
771 1864 784 1898 :
816 1844 1005 1900 Pacem
1037 1859 1199 1898 nteant
1239 1842 1306 1894 do
1335 1841 1494 1906 vobis,
1529 1855 1704 1901 pacem
1746 1837 1978 1907 relinquo

380 1940 524 1996 vobis
555 1939 739 2010 (Joan.
791 1953 903 2002 xw,
943 1935 1058 2005 27).
1091 1934 1230 2003 Quid
1273 1933 1373 1990 sibi
1417 1930 1532 1986 vult
1562 1930 1759 1985 missus
1804 1928 1981 1998 potius

379 2031 590 2103 gladius
614 2030 666 2084 in
715 2039 934 2092 terram,
967 2036 1022 2083 et
1043 2033 1323 2095 separatus
1353 2037 1383 2076 a
1407 2031 1557 2092 patre
1587 2021 1754 2087 ﬁlius,
1777 2029 1833 2074 et
1874 2018 1980 2072 lilia

381 2141 412 2180 a
440 2134 630 2190 matre,
678 2130 734 2178 et.
773 2135 940 2176 nurus
969 2118 1234 2174 adversus
1263 2130 1501 2180 socrum,
1531 2122 1587 2169 et.
1617 2112 1850 2167 hominis
1882 2110 1982 2166 do—

379 2217 594 2274 mestici
619 2216 738 2286 ejus
761 2213 999 2270 inimici?
1023 2213 1188 2283 lgitttr
1209 2209 1286 2282 (u)
1316 2209 1514 2265 exinde
1545 2207 1756 2277 publica
1795 2212 1981 2260 aucte-

379 2312 513 2368 ritas
538 2308 797 2380 impietati
827 2306 1154 2376 proferetur.
1181 2303 1392 2373 Ubique
1416 2301 1561 2366 odia,
1585 2299 1784 2369 ubique
1816 2297 1977 2364 bella,

381 2415 441 2460 et
465 2403 674 2474 gladius
704 2399 916 2456 Domini
950 2400 1090 2454 inter
1133 2406 1338 2466 patrem
1365 2402 1424 2450 et
1452 2393 1640 2457 ﬁlium,
1670 2401 1728 2446 et
1757 2391 1896 2444 inter
1917 2388 1978 2442 ﬁ-

379 2495 508 2550 liam
541 2502 876 2561 matremque
897 2489 1217 2544 desaeviens.
1261 2487 1327 2541 Et
1350 2487 1403 2540 in
1432 2485 1576 2540 Luca
1618 2482 1831 2554 quidem
1854 2480 1982 2536 talis

383 2587 451 2642 de
475 2586 578 2642 hoc
605 2599 786 2640 sermo
805 2591 889 2638 est
917 2599 930 2635 :
961 2580 1134 2635 Erunt
1162 2580 1296 2634 enim
1330 2593 1395 2633 ex
1417 2578 1512 2632 hoc
1539 2577 1760 2647 quinque
1795 2575 1850 2628 in
1879 2590 1999 2629 una'

382 2682 534 2735 domo
565 2678 737 2742 divisi,
774 2675 848 2748 (b)
895 2685 994 2729 tres
1023 2675 1077 2728 in
1115 2674 1270 2738 duos,
1296 2681 1344 2726 et
1386 2672 1489 2726 duo
1517 2687 1673 2741 super
1713 2679 1815 2724 tres
1851 2669 1983 2730 divi-

383 2774 567 2828 dentur
592 2769 744 2844 (Luc.
775 2784 872 2835 xu,
902 2768 1018 2838 52).
1048 2765 1316 2836 Numquid
1349 2779 1456 2820 non
1489 2765 1542 2820 in
1593 2763 1851 2833 majorem
1884 2779 1982 2817 nu-

383 2879 594 2920 merum
618 2869 794 2932 potest
821 2859 1124 2931 agnationis
1142 2859 1458 2913 domesticae
1484 2855 1685 2910 familia
1713 2854 1982 2910 diffundi?

383 2961 491 3013 Aut
517 2954 836 3025 praescripto
871 2951 1128 3021 temporis
1149 2951 1548 3013 continebatur,
1581 2957 1639 3002 ut
1667 2963 1732 3003 ex
1771 2947 1876 3002 hoc
1897 2961 1983 3002 es-

386 3056 510 3102 sent
534 3046 772 3117 quinque
812 3052 1016 3098 tantum
1053 3043 1105 3096 in
1136 3041 1299 3095 domo
1329 3055 1456 3104 una,
1489 3039 1758 3109 iidemque
1781 3037 1982 3093 divisi?

2081 1852 2283 1907 catum,
2319 1851 2492 1895 mater
2518 1839 2713 1894 animae
2744 1836 3065 1900 infidelitas;
3095 1834 3164 1889 ab
3195 1833 3280 1888 his
3305 1832 3452 1888 enim
3485 1833 3558 1913 (ιε)
3585 1847 3676 1888 or-

2085 1947 2196 1992 tum
2231 1951 2324 2006 per
2354 1931 2842 2002 transgressionem
2883 1928 3042 2000 primi
3078 1927 3317 1997 parentis
3355 1924 3683 1994 accepimus.

2081 2029 2215 2085 Nam
2243 2029 2490 2084 voluntas
2516 2026 2808 2096 unicuique
2834 2039 2932 2080 sua
2959 2022 3192 2093 adjacet.
3227 2023 3368 2092 Ergo
3389 2020 3501 2092 jam
3527 2019 3686 2075 unius

2084 2123 2281 2178 domus
2317 2121 2552 2192 quinque
2595 2129 2756 2175 sunt:
2791 2127 2943 2189 pater
2976 2114 3222 2186 corporis
3246 2122 3543 2186 peccatum,
3573 2127 3688 2167 ma-

2085 2226 2168 2273 ter
2194 2215 2387 2271 animac
2433 2213 2743 2281 inﬁdelitas,
2773 2219 2828 2267 et
2867 2209 2937 2283 (ί)
2964 2209 3229 2266 accedens
3274 2207 3564 2263 voluntatis
3593 2221 3683 2261 ar-

2087 2309 2329 2373 bitrium,
2369 2307 2514 2378 quod
2542 2316 2710 2362 totum
2744 2305 3019 2359 hominem
3049 2302 3279 2373 quodam
3303 2299 3536 2371 conjugii
3575 2299 3680 2356 sibi

2081 2401 2203 2472 jure
2232 2400 2522 2471 distringit.
2577 2398 2713 2454 Huic
2759 2397 3046 2453 inﬁdelitas
3090 2411 3277 2451 socrus
3321 2403 3425 2462 est,
3457 2393 3534 2466 (g)
3563 2409 3686 2466 qua:

2086 2509 2187 2549 nos
2218 2510 2282 2549 ex
2315 2509 2374 2549 ea
2413 2503 2590 2559 natos,
2624 2499 2784 2561 atqtte
2823 2507 2854 2546 a
2898 2489 3006 2546 ﬁde
3041 2499 3296 2560 metuque
3327 2489 3420 2545 Dei
3449 2488 3688 2559 peregri-

2087 2597 2278 2642 nantes
2306 2587 2598 2657 accipiens,
2641 2595 2700 2640 ut
2740 2586 2879 2640 inter
2918 2583 3291 2640 inﬁdelitatem
3322 2584 3401 2655 (h)
3443 2584 3688 2654 volupta-

2087 2688 2304 2749 temque
2329 2692 2629 2748 possessos,
2650 2686 2705 2733 et
2733 2677 2786 2731 in
2811 2675 3144 2746 ignoratione
3168 2675 3261 2730 Dei
3284 2684 3339 2730 et
3367 2674 3420 2730 in
3442 2674 3684 2732 omnium

2097 2768 2352 2823 vitiorum
2386 2768 2748 2823 oblectatione
2777 2765 3038 2822 detineat.

2157 2863 2247 2918 24.
2282 2861 2702 2933 Regenerationis
2729 2859 2962 2928 e/fectus.
2994 2859 3433 2932 Concupiscentiaz
3459 2858 3596 2915 lucta
3629 2859 3689 2915 in

2085 2954 2415 3026 regeneratis.
2465 2982 2539 2994 —
2586 2951 2720 3008 Cum
2777 2968 2905 3023 ergo
2945 2952 3264 3008 innovamur
3320 2953 3570 3023 baptismi
3611 2952 3689 3007 la-

2086 3061 2251 3102 vacro
2301 3060 2396 3115 per
2444 3045 2507 3116 (i)
2556 3043 2705 3099 verbi
2752 3045 3025 3110 virtutem,
3081 3043 3150 3098 ab
3205 3043 3432 3115 originis
3482 3052 3689 3100 nostra:

388 3139 534 3210 Ετεο
560 3139 650 3207 (ιιιί
679 3138 748 3190 Sil
774 3135 984 3206 gladius
1013 3135 1064 3188 ίη
1104 3142 1268 3195 ιθττπο
1296 3148 1415 3203 qum
1462 3131 1765 3202 Ρνοῖπίθιθε
1806 3129 1983 3185 ῐιοιηί·
2008 3129 2054 3192 C
2088 3139 2327 3210 peccatis
2352 3147 2513 3208 atque
2539 3138 2851 3193 auctoribus
2876 3152 3222 3208 separamur;
3247 3138 3516 3208 recisique
3557 3152 3691 3207 qua-

387 3245 539 3293 uum,
568 3235 624 3284 et
667 3228 719 3280 in
763 3240 989 3280 numero
1018 3224 1254 3294 quinque
1289 3239 1411 3293 quae
1434 3224 1591 3287 ratio,
1622 3233 1677 3278 et
1711 3221 1984 3293 quomodo

391 3333 504 3377 tres
529 3321 582 3375 in
623 3319 780 3385 duos,
828 3326 885 3374 et
925 3316 1034 3372 duo
1077 3331 1240 3386 super
1279 3325 1391 3371 tres
1436 3315 1734 3382 dividendi,
1759 3326 1816 3371 et
1855 3331 1987 3386 qua-

387 3423 547 3469 tenus
588 3409 789 3465 homini
828 3406 1114 3464 domestici
1152 3406 1270 3477 ejus
1323 3405 1563 3472 inimici,
1621 3407 1985 3463 contuendum

394 3515 474 3561 est
483 3543 498 3558 .

459 3598 552 3653 25.
598 3594 772 3651 Gladii
812 3602 1020 3648 natura.
1045 3591 1144 3647 Dei
1170 3591 1376 3648 verbum
1414 3589 1692 3664 significat.
1726 3590 1794 3646 In
1823 3591 1988 3646 Adam

391 3700 510 3747 ante
533 3699 798 3764 peccatum
821 3689 940 3755 tria,
968 3688 1019 3742 in
1042 3688 1259 3758 posteris
1287 3688 1529 3759 quinque.
1560 3719 1630 3728 —
1658 3689 1724 3743 Et
1752 3690 1992 3760 singula-

389 3805 512 3847 rum
542 3787 761 3858 quidem
790 3800 998 3849 rerum,
1043 3793 1097 3838 et
1123 3783 1390 3838 universa:
1413 3784 1726 3853 qumstionis
1756 3784 1988 3853 primum

392 3891 586 3938 natura
607 3888 690 3934 est
714 3876 1027 3948 explicanda
1060 3893 1073 3928 :
1108 3891 1208 3931 nec
1227 3875 1402 3931 minus
1430 3875 1838 3947 intelligentiam
1867 3892 1992 3933 nos-

394 3983 535 4028 tram
578 3985 769 4028 sensus
817 3979 873 4024 et
922 3967 1167 4038 superior
1216 3975 1272 4022 et
1315 3981 1652 4036 consequens
1693 3968 1987 4036 adjuvabit.

395 4062 619 4120 Gladius
655 4062 884 4117 telorum
912 4059 1152 4114 omnium
1195 4058 1360 4114 telum
1392 4059 1759 4115 acutissimum
1800 4070 1904 4128 est,
1933 4063 1987 4117 in

395 4171 502 4226 qtto
529 4154 599 4208 sit
618 4153 707 4224 jus
727 4150 1041 4230 potestatis,
1065 4158 1121 4205 et
1145 4149 1333 4220 judicii
1357 4152 1636 4218 severitas,
1665 4162 1722 4208 et
1748 4152 1990 4210 animad-

466 4311 546 4383 (a)
574 4311 629 4367 ln
655 4311 824 4367 tribus
855 4325 985 4367 mss.
1011 4309 1338 4364 extendendo:
1355 4311 1574 4381 publij
1599 4314 1850 4384 impietati
1869 4333 1991 4372 auc-

397 4387 577 4454 toritas
604 4387 913 4454 proferetur.

472 4453 546 4526 (b)
575 4452 775 4526 Otones
798 4467 925 4508 mss.
953 4461 1284 4526 constanter,
1313 4452 1496 4526 trcsin
1525 4454 1628 4508 duo
1655 4471 1672 4510 :
1698 4464 1807 4511 tum
1834 4473 1900 4514 ex
1929 4459 1993 4514 iis

397 4522 494 4582 sex
529 4522 701 4580 etiam
747 4531 1057 4578 constanter
1086 4522 1305 4586 habent,
1339 4533 1385 4577 et
1401 4525 1501 4577 duo
1549 4543 1638 4592 per
1673 4537 1797 4582 tres.
1828 4529 1996 4584 Parti-

2091 3232 2212 3287 dam
2236 3230 2550 3287 exsectione
2575 3229 2736 3301 gladii
2768 3230 2884 3296 Dei,
2932 3245 2963 3284 a
3005 3230 3173 3300 patris
3202 3239 3258 3286 et
3303 3229 3494 3285 matris
3528 3229 3692 3285 allec-

2093 3325 2331 3379 tionibus
2359 3323 2685 3378 dissidemus
2727 3341 2738 3375 :
2767 3330 2823 3378 et
2845 3331 3082 3378 veterem
3118 3338 3241 3378 cum
3267 3323 3503 3393 peccatis
3529 3331 3694 3392 atque
3718 3360 3726 3367 -

2091 3416 2411 3472 inﬁdelitate
2437 3413 2544 3471 sua
2593 3415 2864 3471 hominem
2905 3407 3189 3483 exuentcs,
3229 3424 3282 3472 et
3313 3431 3408 3486 per
3431 3416 3692 3486 Spiritum

2091 3512 2266 3565 anima
2292 3520 2346 3566 et
2368 3525 2595 3579 corpore
2637 3510 2901 3577 innovati,
2935 3524 3158 3567 necesse
3178 3521 3263 3565 est
3293 3518 3351 3565 ut
3377 3509 3598 3581 ingeniti
3624 3518 3683 3566 et

2092 3606 2292 3662 vetusti
2321 3605 2500 3674 operis
2529 3603 2974 3660 consuetudinem
2999 3603 3295 3660 oderimus.
3327 3603 3394 3658 Et
3415 3604 3539 3674 quia
3568 3618 3697 3659 cor-

2097 3714 2197 3769 pus
2227 3699 2398 3768 ipsum
2431 3712 2526 3768 per
2565 3695 2725 3751 ﬁdem
2774 3697 3172 3760 mortiﬁcatum,
3203 3695 3256 3750 in
3288 3704 3534 3751 naturam
3575 3695 3698 3751 ani-

2099 3807 2222 3855 mm,
2256 3805 2376 3861 qua:
2423 3804 2491 3845 ex
2532 3788 2718 3844 afﬂatu
2768 3788 2860 3844 Dei
2906 3787 3055 3844 venit
3109 3788 3378 3859 (quamvis
3431 3787 3482 3843 id
3514 3788 3691 3858 ipsum

2096 3881 2273 3936 adhuc
2301 3881 2351 3935 in
2379 3881 2601 3935 materia
2630 3895 2726 3936 sua
2744 3881 2962 3950 exstet),
2983 3879 3204 3946 evadat;
3233 3881 3357 3951 quia
3386 3881 3696 3938 communio

2093 3974 2224 4047 ipsis
2248 3974 2474 4030 invicem
2505 3969 2824 4030 concilietur
2849 3990 2915 4030 ex
2939 3974 3104 4030 verbo
3129 3992 3142 4028 :
3175 3973 3378 4031 idcirco
3393 3976 3505 4046 jam
3531 3992 3696 4033 unum

2094 4080 2255 4138 atque
2285 4068 2424 4125 idem
2456 4083 2577 4124 eum
2602 4070 2779 4124 anima
2808 4068 2953 4123 velle
2991 4069 3162 4138 coepit
3202 4068 3367 4134 efﬁci,
3400 4070 3610 4126 scilicet
3638 4079 3702 4128 ut

2095 4160 2188 4216 illa
2211 4171 2295 4215 est
2321 4159 2598 4230 spiritalis,
2619 4159 2810 4232 quibus
2833 4159 2914 4233 (j)
2939 4159 3160 4216 libertas
3171 4161 3458 4218 voluntatis
3484 4177 3515 4217 a
3536 4176 3698 4219 socru

2094 4320 2378 4446 innocerlué's
2399 4320 2721 4392 honestaeque
2739 4320 3024 4387 constituit,
3051 4331 3110 4376 ut
3136 4320 3361 4378 habetur
3383 4321 3437 4378 in
3467 4321 3602 4393 psal.
3636 4338 3697 4390 ιι,

2102 4407 2252 4446 num.
2359 4434 2371 4446 .

2467 4461 2561 4518 Er.
2595 4471 2650 4517 et
2673 4470 2900 4532 quatuor
2929 4478 3060 4519 mss.
3096 4473 3329 4519 mortem.
3360 4463 3576 4519 Rectius
3605 4463 3700 4520 alii

2101 4531 2246 4600 libri,
2279 4544 2468 4598 ortum,
2519 4549 2550 4587 a
2598 4531 2820 4601 peccato
2866 4535 2986 4592 scil.
3015 4543 3072 4589 et
3123 4535 3461 4592 infidelitate.
3495 4534 3701 4591 Deinde

399 4597 551 4689 culte.
576 4597 630 4649 in
669 4603 722 4650 et
753 4609 907 4665 super
949 4609 1125 4665 graece
1153 4593 1344 4649 eodem
1388 4596 1653 4653 vocabulo
1701 4601 1785 4653 ἐπί
1813 4603 1992 4671 expri-
2017 4627 2072 4689 Ι)
2104 4593 2481 4689 nuntiarentei;
2512 4593 2735 4689 Perinde
2761 4614 2846 4689 εει
2868 4620 2937 4689 53c
2964 4615 3209 4675 prauam
3237 4607 3492 4688 υριηηταδ,

404 4677 644 4723 ηιιιιιιιιιν.

470 4738 545 4809 (c)
569 4737 639 4792 Ita
669 4751 801 4809 mss.
831 4750 944 4809 uno
965 4733 1118 4790 Colb.
1147 4746 1372 4809 excepto
1422 4737 1848 4805 interpolationis
1897 4757 1990 4796 su-

399 4807 604 4882 specto,
637 4809 739 4882 ubi
757 4807 936 4882 habet,
951 4807 1250 4882 corporibus
1276 4808 1353 4882 vel
1371 4811 1422 4862 in
1447 4810 1684 4882 cordibus
1705 4812 1902 4882 infusa.
1923 4816 1992 4867 At

404 4880 529 4934 Par.
578 4879 814 4932 cordibus
844 4879 1037 4948 infusa.
1076 4877 1187 4932 Hoc
1232 4878 1412 4949 igitur.
1468 4881 1601 4935 Alia:
1645 4877 1773 4936 vero
1802 4883 1994 4937 editio-

404 4964 522 5020 nes,
558 4949 987 5020 (praedicationem
1016 4950 1127 5020 ejus
1170 4949 1433 5020 hominum
1469 4952 1706 5005 cordibus
1740 4952 1988 5020 infusam.

407 5016 523 5073 Hoc
547 5016 720 5092 igitur.
754 5019 877 5073 Haec
903 5016 1063 5088 porro
1101 5019 1262 5073 verba
1288 5022 1619 5092 respondent
1669 5016 1808 5084 illis,
1824 5025 1910 5092 qui
1937 5025 1993 5078 in

406 5100 596 5144 terram
625 5089 913 5141 missusest.
964 5092 1035 5144 At
1097 5105 1230 5144 vero
1283 5090 1514 5145 Hilarius
1555 5093 1642 5146 ubi
1690 5089 1880 5146 terrain
1937 5096 1989 5149 in

407 5158 702 5229 Scripturis
730 5159 950 5233 reperit,
991 5174 1058 5233 eo
1093 5161 1311 5233 nomine
1352 5175 1548 5232 corpus
1570 5163 1711 5233 quod
1751 5163 1819 5218 de
1845 5175 1991 5220 terra

405 5228 677 5305 sumptum
717 5237 801 5282 εει
839 5228 977 5282 solet
1016 5230 1336 5305 intelligere,
1376 5228 1622 5302 utipatet
1657 5249 1720 5290 ex
1767 5249 1888 5305 cap.
1933 5235 1990 5300 4,

408 5319 465 5357 n.
495 5301 550 5374 3,
610 5311 664 5374 et
705 5314 771 5353 ex
794 5307 1006 5374 ηψιςῐ.Δ
1033 5303 1166 5368 psal.
1221 5317 1408 5367 cxvut,
1453 5301 1506 5357 ιι.
1559 5307 1590 5358 7
1626 5316 1678 5360 et
1721 5307 1776 5371 8,
1834 5301 1888 5360 in.
1938 5306 1994 5374 9,

409 5389 471 5426 ac
495 5370 737 5440 pluribus
761 5368 880 5423 aliis
906 5367 1059 5422 locis.
1095 5375 1162 5426 At
1187 5383 1386 5428 terram
1417 5391 1680 5444 nusquam
1706 5367 1799 5430 cor
1823 5367 1994 5432 inter;

453 5451 673 5497 retatur.

411 5459 673 5580 malini:
695 5511 944 5585 vulgatis,
988 5513 1286 5585 praeposita.
1333 5513 1500 5582 Magis
1534 5515 1855 5585 placetcum
1900 5519 2000 5574 ali-

408 5593 539 5656 quot.
567 5598 697 5656 mss.
722 5581 1011 5656 proposita.
1034 5581 1114 5635 Ad
1140 5583 1240 5656 hoc
1263 5581 1441 5656 autem
1474 5581 1558 5641 lex
1588 5591 1858 5656 preposita
1890 5598 1994 5654 est,

408 5651 530 5722 quia
583 5653 670 5720 qui
711 5669 804 5707 nos
860 5669 950 5722 per
992 5651 1386 5707 benevolentiam
1439 5651 1642 5713 utenda:
1672 5651 1998 5715 beatitudinis

405 5737 511 5777 sua:
540 5731 774 5790 creasset,
803 5728 1086 5794 profectum
1112 5725 1258 5780 nobis
1296 5725 1364 5780 ad
1396 5725 1450 5779 id
1471 5744 1572 5808 ger
1612 5731 1847 5784 meritum
1877 5731 1994 5787 vita:

2170 4673 2239 4745 (ι’)
2293 4675 2463 4740 Editi,
2508 4675 2756 4729 incidens.
2821 4673 3038 4745 Aliquot
3087 4691 3218 4731 mss.
3271 4677 3529 4732 incedens.
3591 4677 3702 4733 Po-

2097 4744 2298 4812 tiores,
2342 4745 2606 4799 accedens.
2639 4745 2862 4801 Accedit
2904 4744 3082 4801 autem
3134 4749 3405 4813 voluntas,
3461 4759 3520 4801 ut
3569 4763 3695 4804 cum

2096 4827 2320 4888 peccato
2340 4859 2354 4882 ,
2385 4815 2732 4888 inﬁdelitate,
2756 4831 2984 4888 corpore
3013 4818 3259 4873 etanima
3289 4817 3417 4872 ﬁant
3435 4819 3696 4888 quinque.

2173 4884 2343 4959 (g)_ln
2397 4887 2659 4959 vulgatis,
2695 4884 2902 4959 omisso
2943 4888 3169 4959 relativo
3208 4903 3345 4959 quae,
3391 4884 3699 4959 corrumpi-

2098 4957 2212 5011 tur"
2241 4957 2426 5012 llilarii
2472 4958 2763 5020 sententia,
2795 4972 2898 5026 qua
2941 4958 3056 5013 vult
3109 4957 3229 5014 nos
3257 4974 3324 5013 ex
3377 4957 3701 5016 inﬁdelitate

2099 5038 2263 5102 natos
2295 5044 2322 5082 a
2362 5027 2653 5102 voluntatis
2701 5027 2950 5102 libertate
2994 5030 3048 5082 in
3089 5027 3358 5102 quoddam
3386 5031 3700 5102 conjugium

2097 5098 2265 5167 accipi
2290 5140 2304 5159 ,
2338 5099 2522 5167 sicque
2548 5098 2810 5152 voluntati
2833 5113 3048 5153 socrum
3079 5098 3201 5154 eSse
3227 5098 3596 5156 inﬁdelitatem

2173 5168 2249 5240 (Ιι)
2279 5169 2524 5239 Quinque
2557 5183 2691 5223 mss.
2715 5169 3124 5240 voluntatemque
3148 5188 3159 5223 :
3181 5172 3342 5225 male.
3371 5169 3559 5226 Eidem
3586 5171 3703 5228 fere

2099 5240 2179 5362 ἲ·ςί
2210 5240 2491 5364 sollijacent
2518 5250 2675 5295 antea
2695 5250 2981 5310 peccatum,
3007 5251 3127 5311 post
3151 5241 3417 5296 oblectatio
3433 5244 3700 5310 vitiorum,

2126 5323 2193 5363 IIC
2218 5326 2277 5362 vo
2302 5321 2472 5364 untas.
2524 5327 2527 5330 ’

2126 5323 2193 5363 uc
2218 5321 2472 5378 voluptas.
2524 5327 2527 5330 ·

2178 5378 2241 5452 (i)
2275 5381 2423 5450 Apud
2445 5380 2611 5454 (Bad.,
2639 5383 2760 5448 Er.,
2792 5382 2941 5454 Lips.
2971 5391 3025 5438 et
3065 5383 3116 5438 in
3141 5381 3351 5454 aliquot
3385 5397 3518 5438 mss.
3553 5381 3705 5440 desi-

2104 5450 2324 5524 deratur
2351 5452 2486 5506 verbi
2526 5450 2911 5524 vocabulum':
2965 5456 3107 5524 quod
3155 5450 3280 5510 cum
3329 5453 3454 5509 Par.
3505 5465 3560 5510 et
3583 5469 3707 5511 me-

2103 5521 2329 5576 lioribus
2373 5538 2504 5578 mss.
2559 5523 2897 5579 retinendum
2952 5521 3072 5580 esse
3121 5525 3290 5594 liquet
3333 5541 3399 5580 ex
3450 5525 3704 5594 proxima

2103 5596 2508 5676 comparatione
2539 5595 2721 5666 gladii.
2753 5595 2875 5650 Mox
2905 5597 3018 5651 sola
3046 5595 3210 5652 editio
3231 5595 3352 5650 Par.
3375 5596 3566 5665 sicque,
3597 5610 3704 5667 pro

2104 5678 2366 5734 rectstque.

2175 5734 2254 5808 (j)
2279 5735 2335 5791 ld
2357 5744 2458 5805 est,
2484 5737 2679 5814 animae
2709 5746 2764 5795 et
2787 5738 3002 5809 corpori
3018 5738 3185 5795 verbo
3223 5737 3336 5808 jam
3367 5736 3699 5795 conciliatis.
