4172 6188
522 271 625 332 977

1447 278 1994 337 COMMENTARIUS
2019 279 2089 336 ΙΝ
2117 279 2557 341 ΜΔΤΤΗᾹζυΜ.
2591 284 2744 341 CAP.
2783 287 2873 343 XI.

3707 295 3811 350 97s
3853 364 3861 371 _

517 407 635 463 sua,
690 394 743 450 id
793 404 899 461 est,
945 396 1014 450 ab
1067 396 1383 454 infidelitate
1436 398 1629 464 divisa,
1658 399 1744 470 jus
1773 413 1929 454 suum
1952 413 2113 455 omne
2140 403 2194 463 Α
2217 397 2366 455 fusus
2397 401 2468 472 (f)
2497 401 2549 455 in
2573 415 2672 456 nos
2699 403 2788 457 sit.
2821 404 2998 474 Atque
3047 405 3118 461 ita
3147 407 3238 478 qui
3275 408 3548 479 apostolos
3578 411 3768 482 recipit
3796 455 3813 484 ,

517 487 812 543 concedit:
840 488 1059 559 utquod
1091 498 1208 544 erat
1250 489 1472 546 libertas
1513 491 1830 556 voluntatis,
1853 489 2111 560 deinceps

513 581 708 636 animae
737 580 809 636 sit
851 589 1106 651 potestas.
1145 581 1335 652 Fitque
1360 584 1540 654 gravis
1578 583 1633 638 in
1678 582 1840 638 domo
1867 597 1972 637 una
2001 582 2114 638 dis-

514 674 717 739 sensio,
767 681 824 728 et
865 672 1162 729 domesuca
1207 689 1346 729 novo
1394 674 1596 730 homini
1641 685 1800 730 erunt
1847 675 2059 730 inimica
2095 694 2107 728 :

513 763 635 834 quia
660 763 750 818 ille
779 778 878 834 per
909 763 1132 819 verbum
1176 765 1269 820 Dei
1311 764 1516 820 divisus
1547 767 1614 821 ab
1645 766 1774 832 illis,
1810 781 2030 822 manere
2058 776 2112 822 et

515 856 740 914 interior
767 867 822 914 et
851 858 1087 913 exterior
1111 858 1354 931 (subaud.
1380 859 1585 929 homo),
1619 859 1671 914 id
1699 867 1802 924 est,
1836 868 1889 914 et
1916 873 2110 927 corpus

513 949 783 1014 etanima,
821 949 873 1003 in
921 948 1144 1019 spiritus
1200 951 1440 1006 novitate
1477 951 1729 1020 gaudebit
1772 967 1785 1004 :
1832 964 1894 1005 ea
1955 965 2108 1017 vero,

514 1057 632 1113 qua:
664 1040 740 1114 (a)
773 1041 1007 1114 ingenita
1056 1052 1112 1099 et
1145 1057 1174 1097 a
1215 1047 1446 1115 quadam
1495 1045 1757 1115 prosapiae
1796 1045 2112 1114 antiquitate

511 1135 762 1201 deducta,
794 1137 1097 1192 consistere
1125 1137 1178 1192 in
1209 1138 1293 1194 his
1315 1138 1511 1208 quibus
1533 1140 1800 1195 oblectata
1831 1148 1956 1194 sunt
1976 1154 2109 1195 con-

511 1228 807 1297 cupiscent.
837 1227 904 1283 Et
932 1229 1087 1300 origo
1113 1231 1291 1285 carnis
1316 1241 1373 1286 et
1409 1233 1563 1303 origo
1591 1234 1785 1286 ultima:
1807 1242 1861 1286 ct
1891 1232 2110 1288 libertas

513 1323 795 1391 potestatis
820 1323 872 1377 in
898 1323 1035 1377 duos
1057 1322 1384 1388 dividentur,
1409 1328 1641 1381 animam
1671 1325 1879 1380 scilicet
1915 1333 1970 1380 et
1989 1341 2111 1380 cor-

513 1430 613 1486 pus
646 1414 880 1470 hominis
905 1417 1030 1471 novi
1055 1458 1068 1481 ,
1108 1415 1184 1488 (b)
1215 1433 1337 1487 quae
1372 1433 1534 1472 unum
1573 1425 1735 1488 atque
1782 1416 1922 1472 idem
1973 1417 2111 1473 velle

509 1518 791 1576 ccepcrunt
838 1525 851 1561 :
903 1508 1169 1579 divisique
1215 1519 1326 1564 tres
1365 1509 1575 1565 duobus
1622 1507 2012 1578 subjacebunt,
2055 1510 2106 1563 in

507 1599 847 1656 dominatum
884 1615 1072 1656 eorum
1118 1601 1186 1657 de
1227 1600 1460 1670 Spiritus
1501 1602 1738 1656 novitate
1787 1600 2105 1670 potioribus.

505 1691 573 1748 Et
605 1692 805 1749 idcirco
827 1694 925 1759 illi,
953 1693 1044 1764 qui
1065 1693 1392 1751 domesticas
1427 1693 1702 1749 nominum
1727 1691 1800 1766 (ε)
1819 1693 2107 1748 charitates

2215 492 2487 549 Christum
2517 495 2738 566 recipit;
2768 501 2860 567 qui
2894 497 3022 554 vero
3052 500 3326 556 Christum
3360 502 3570 573 recipit,
3605 514 3810 573 patrem

2216 583 2385 640 Deum
2414 585 2605 656 recipit
2637 605 2651 642 :
2702 590 2825 658 quia
2869 605 2976 645 non
2999 591 3141 647 aliud
3189 593 3243 647 in
3273 594 3532 664 apostolis
3576 596 3812 665 recipit,

2213 690 2373 744 quam
2396 677 2540 748 quod
2568 678 2619 733 in
2648 678 2862 735 Christo
2886 691 2997 745 est,
3027 698 3201 752 neque
3218 684 3271 738 in
3287 682 3506 740 Christo
3536 685 3678 741 aliud
3697 694 3812 754 est,

2213 783 2371 839 quam
2394 769 2537 840 quod
2591 770 2644 826 in
2675 772 2785 828 Deo
2811 781 2922 828 est:
2953 790 3151 846 perque
3179 777 3321 832 hunc
3342 778 3586 834 ordinem
3612 781 3815 850 gratia-

2213 877 2331 918 rum
2353 905 2367 928 ,
2401 878 2504 918 non
2530 865 2672 919 aliud
2695 875 2777 920 est
2801 868 3074 937 apostolos
3104 869 3390 938 recepisse,
3416 886 3574 940 quam
3606 872 3806 937 Deum;

2212 955 2334 1024 quia
2383 965 2438 1010 et
2469 956 2519 1010 in
2549 956 2654 1011 illis
2675 955 2955 1024 Christus,
2987 968 3040 1014 et
3064 960 3115 1015 in
3158 959 3374 1016 Christo
3410 962 3551 1018 Deus
3579 962 3806 1020 habitet.

2285 1043 2375 1098 '28.
2426 1043 2611 1100 Plures
2661 1050 3026 1118 consequendte
3060 1051 3362 1106 aeternitatis
3401 1055 3714 1110 occasiones.
3739 1083 3813 1095 —-

2215 1134 2318 1200 Qui
2334 1137 2511 1205 recipit
2531 1139 2831 1210 praphetam
2872 1141 2926 1193 in
2955 1142 3161 1195 nomine
3188 1143 3480 1214 prophetw,
3525 1147 3806 1200 mercedem
3845 1153 3859 1167 ‘

2213 1228 2478 1296 propheta:
2505 1230 2718 1301 accipiet
2765 1229 2926 1301 (Ibid.
2960 1230 3074 1300 41).
3103 1232 3204 1301 Qui
3234 1234 3548 1304 prophetam
3578 1237 3802 1306 recipit,

2214 1317 2543 1375 habitantem
2592 1323 2782 1393 recipit
2833 1323 2885 1378 in
2937 1327 3233 1395 pr0pheta:
3290 1325 3454 1397 ﬁtque
3524 1327 3806 1398 prOphettc

2212 1412 2465 1467 mercede
2490 1413 2703 1483 dignus,
2739 1418 3054 1486 prophetam
3103 1422 3378 1488 prophetae
3425 1421 3643 1476 nomine
3667 1422 3808 1476 reci-

2211 1505 2386 1573 piens.
2419 1505 2523 1560 Par
2546 1521 2759 1577 quoque
2784 1509 3055 1578 recepisse
3090 1510 3296 1580 justum
3339 1527 3549 1568 merces
3575 1512 3802 1583 deputa-

2213 1606 2330 1662 tur,
2362 1598 2525 1669 ﬁtque
2549 1599 2726 1669 jusms
2747 1616 2816 1656 ex
2847 1601 3052 1658 honore
3076 1604 3324 1672 justitiat.
3357 1606 3436 1659 Ac
3455 1606 3533 1659 sic
3553 1619 3807 1660 c0nsum-

2211 1701 2388 1744 matur
2401 1690 2607 1760 justitia
2630 1709 2698 1748 ex
2729 1693 2853 1761 ﬁde,
2879 1705 2932 1750 et
2954 1695 3258 1751 mercedem
3280 1699 3511 1767 acquirit
3539 1698 3796 1765 ofﬁcium,

504 1785 779 1842 dilectioni
812 1787 930 1856 ejus
973 1787 1333 1859 pra'tulerint,
1377 1787 1541 1860 720
1583 1787 1881 1842 futurorum
1929 1786 2098 1842 bono-
2129 1783 2176 1843 B
2202 1784 2384 1854 plures
2409 1786 2800 1855 consequenda:
2825 1789 3139 1843 mteruitatis
3181 1789 3492 1846 occasiones
3543 1791 3652 1846 Deo
3691 1791 3802 1845 lar-

503 1893 622 1933 rum
654 1877 857 1949 indigni
880 1890 1041 1934 erunt
1067 1879 1402 1934 haereditate.

573 1971 667 2027 25.
718 1971 888 2040 Crux,
942 1981 1318 2027 sacramentum
1376 1972 1522 2038 fidei.
1566 2001 1638 2012 —-
1689 1971 1867 2042 Pergit
1907 1969 2102 2026 deinde

502 2064 695 2122 eodem
726 2074 1118 2137 praceptorum
1166 2073 1223 2120 et
1263 2063 1632 2133 intelligentia;
1673 2063 1924 2119 decursu.
1967 2061 2100 2117 Nam

504 2170 690 2232 postea
711 2174 872 2231 quam
919 2157 1270 2226 relinquenda
1313 2159 1491 2214 omnia
1523 2172 1641 2227 quae
1682 2159 1734 2211 in
1775 2155 1975 2211 sarculo
2003 2170 2098 2210 ca-

504 2252 718 2309 rissima
769 2259 897 2307 sunt
947 2254 1342 2322 imperaverat;
1381 2249 1611 2320 adjecit,
1647 2249 1751 2318 Qui
1778 2265 1882 2303 non
1913 2249 2101 2317 accipit

505 2361 704 2400 crucem
751 2361 928 2412 suam,
986 2354 1034 2399 et
1076 2345 1304 2415 sequitur
1335 2358 1459 2407 ,me,
1511 2357 1613 2395 non
1659 2350 1731 2395 est
1793 2358 1872 2395 me
1917 2340 2100 2412 dignus

508 2437 671 2510 (Ibid.
703 2435 794 2509 38)
826 2454 841 2491 :
870 2437 992 2508 quia
1019 2437 1109 2508 qui
1135 2435 1334 2491 Christi
1365 2444 1510 2499 sunt,
1559 2431 1944 2489 crnciﬁxerunt
1980 2447 2101 2488 cor-

504 2548 606 2604 pus
631 2547 752 2586 cum
803 2530 946 2585 vitiis
983 2538 1040 2586 et
1081 2527 1562 2600 concupiscentiis.
1615 2527 1682 2582 Et
1731 2525 1979 2596 indignus
2017 2535 2102 2581 est

504 2623 722 2679 Christo
741 2665 756 2688 ,
786 2622 880 2693 qui
911 2636 1016 2677 non
1044 2636 1261 2676 crucem
1289 2634 1442 2676 suam
1469 2661 1483 2686 ,
1514 2617 1567 2673 in
1595 2633 1697 2689 qua
1719 2619 2097 2688 compatimur,

505 2717 922 2782 commorimur,
955 2715 1388 2786 consepalimur,
1437 2713 1910 2782 conresurgimus,
1959 2711 2100 2768 acci-

507 2809 682 2880 piens,
717 2807 999 2863 Dominum
1025 2807 1096 2862 sit
1120 2816 1358 2873 secutus,
1392 2805 1444 2860 in
1475 2804 1579 2860 hoc
1605 2812 1948 2859 sacramento
1976 2803 2098 2859 ﬁdei

475 2955 483 2961 ,
509 2901 734 2975 spiritus
766 2903 1005 2955 novitate
1028 2901 1285 2954 victurus.

575 2994 667 3052 96.
693 2993 910 3049 Mortem
953 2995 1108 3065 infert
1134 2993 1298 3059 uitiis,
1350 2992 1529 3046 mortis
1571 2991 1742 3061 aufert
1790 3001 2002 3046 metum.
2028 3021 2098 3032 —

509 3087 611 3153 Qui
637 3088 885 3140 invenerit
903 3086 1126 3140 animam
1147 3101 1294 3139 suam
1320 3126 1334 3150 ,
1374 3083 1550 3154 perdet
1578 3082 1766 3148 illaut;
1795 3092 1844 3137 et
1866 3083 1955 3154 qui
1982 3099 2098 3153 per-

2204 1876 2388 1946 giente
2421 1892 2432 1928 :
2462 1876 2742 1946 quandoin
2763 1877 3072 1948 recipiendo
3096 1879 3244 1949 justo
3274 1889 3330 1935 et
3358 1875 3654 1950 propheta,
3686 1884 3804 1952 ipse

2205 1970 2523 2025 reverentiae
2551 1967 2856 2043 allectuset
2883 1971 3016 2042 justi
3047 1972 3306 2029 honorem
3357 1973 3584 2045 accipiat
3605 1984 3660 2032 et
3680 1989 3807 2047 pro-

2205 2062 2402 2132 phetze.

2275 2153 2365 2208 29.
2402 2153 2713 2224 Obsequium
2733 2156 2828 2210 sub
2869 2157 3134 2228 religionis
3157 2157 3804 2225 opinionedelatumindi—

2203 2261 2333 2316 gno,
2366 2245 2598 2300 mercede
2624 2262 2724 2300 non
2751 2249 3044 2318 fraudatur.
3074 2279 3146 2288 —
3188 2246 3256 2302 Et
3277 2249 3580 2317 quicumque
3622 2259 3800 2320 potum

2181 2338 2397 2392 'dederit
2434 2339 2524 2392 uiti
2547 2355 2611 2394 ex
2638 2341 2863 2394 minimis
2910 2341 2995 2395 isti
3043 2342 3250 2396 calicem
3283 2358 3428 2413 aqua!
3465 2343 3703 2416 frigidm,
3751 2351 3806 2400 et

2206 2428 2410 2500 reliqua
2443 2429 2605 2502 (Ibid.
2632 2430 2749 2502 42).
2781 2430 2899 2487 Non
2929 2432 3089 2489 inane
3118 2447 3239 2488 esse
3267 2433 3423 2489 bonae
3450 2434 3800 2491 conscientiae

2204 2535 2340 2592 opus
2386 2522 2605 2589 docuit,
2648 2538 2825 2594 neque
2868 2539 3020 2595 spem
3061 2524 3188 2581 fidei
3229 2527 3420 2583 alienae
3474 2527 3804 2585 inﬁdelitatis

2205 2612 2434 2668 crimine
2462 2613 2727 2670 laborare.
2755 2616 2913 2688 721
2944 2617 3239 2674 Providens
3259 2620 3404 2675 enim
3443 2621 3628 2691 plures
3658 2624 3802 2676 futu-

2205 2723 2296 2763 ros
2327 2717 2530 2764 tantum
2552 2710 2886 2780 apostolatus
2916 2713 3133 2769 nomine
3165 2713 3464 2783 gloriosos,
3496 2716 3642 2770 omni
3672 2731 3802 2771 vero

2207 2800 2331 2856 vita:
2358 2818 2470 2857 sua:
2500 2818 2666 2872 opere
2693 2804 3106 2875 improbabiles,
3147 2806 3476 2880 eosdemque
3495 2809 3586 2864 diu
3616 2809 3801 2866 fallere

2205 2891 2405 2964 diuque
2432 2895 2680 2962 mentiri,
2723 2906 2898 2952 tamen
2951 2897 3298 2970 obsequium,
3347 2899 3491 2970 quod
3521 2901 3652 2970 ipsis
3699 2903 3800 2958 sub

2206 2981 2482 3052 religionis
2511 2984 2764 3053 opinione
2810 2984 3044 3040 delatum
3073 2986 3170 3054 sit,
3208 2987 3458 3044 mercede
3499 2989 3679 3058 Operis
3716 2991 3798 3043 sui

2205 3078 2427 3148 speique
2453 3093 2558 3132 non
2589 3078 2819 3134 fraudat.
2853 3079 2984 3136 Nam
3035 3080 3161 3137 licet
3190 3082 3292 3152 ipsi
3323 3082 3530 3137 minimi
3577 3090 3795 3149 essent,

505 3181 694 3236 diderit
763 3181 988 3234 animam
1046 3194 1195 3232 suam
1260 3186 1469 3249 propter
1521 3192 1636 3242 me,
1711 3176 1928 3230 inveniet
1986 3192 2100 3229 eam
2127 3173 2172 3236 C
2205 3167 2260 3223 id
2306 3177 2417 3233 est,
2452 3180 2795 3240 peccatorum
2840 3173 3079 3228 omnium
3115 3174 3293 3229 .ultimi
3340 3175 3646 3246 (minimum
3682 3189 3801 3231 om-

505 3273 666 3345 (Ibid.
708 3270 822 3344 59).
853 3271 1014 3327 Verbi
1061 3271 1271 3327 scilicet
1311 3279 1606 3347 potestate,
1650 3277 1705 3325 et
1751 3278 1993 3324 veterum
2016 3268 2096 3322 di-

505 3367 715 3422 visione
731 3367 812 3436 (d)
838 3366 1110 3433 vitiorum,
1143 3363 1385 3435 proﬁciet
1417 3364 1622 3420 lucrum
1650 3362 1843 3419 animae
1868 3361 1921 3417 in
1951 3377 2098 3418 mor-

506 3470 613 3519 tem
633 3503 646 3525 ,
679 3471 733 3516 et
762 3459 1018 3515 damnum
1051 3460 1104 3514 in
1132 3460 1382 3514 salutem.
1416 3459 1556 3528 Ergo
1581 3456 1919 3527 suscipienda
1951 3470 2098 3510 mors

503 3562 587 3609 est
607 3554 661 3608 in
687 3552 926 3608 novitate
943 3552 1068 3606 vita:
1087 3592 1103 3618 ,
1128 3560 1184 3606 et
1208 3551 1355 3606 cruci
1384 3549 1599 3606 Domini
1621 3549 1942 3621 conligenda
1970 3556 2098 3604 sunt

505 3646 665 3701 vitia:
693 3655 746 3700 et
775 3644 1032 3700 adversus
1061 3653 1477 3713 persequentes,
1507 3651 1820 3712 contemptu
1858 3655 2094 3710 praesen-

508 3737 943 3808 tium,gloriosaa
996 3733 1354 3791 confessionis
1405 3732 1684 3789 retinenda
1731 3732 1953 3787 libertas
1977 3739 2095 3795 est,

502 3839 560 3887 et
581 3830 900 3885 damnosum
927 3828 1123 3883 anima:
1173 3828 1381 3882 lucrum
1411 3823 1820 3896 refugiendum:
1865 3825 2097 3879 scientes

502 3923 749 3992 cuiquam
779 3922 868 3991 jus
891 3921 944 3976 in
993 3917 1228 3974 animam
1258 3932 1366 3974 non
1397 3917 1659 3988 relinqui,
1692 3926 1746 3972 et
1773 3916 2098 3972 detrimento

503 4015 682 4072 brevis
706 4015 852 4081 vitae,
882 4014 1058 4070 faenus
1088 4013 1507 4068 immortalitatis
1535 4011 1758 4082 acquiri.

573 4106 666 4161 27.
700 4103 936 4158 Christus
964 4105 1049 4172 qui
1069 4103 1345 4158 mediator.
1375 4131 1446 4142 —-
1491 4103 1593 4166 Qui
1642 4102 1822 4173 recipit
1848 4117 1934 4157 vos
1961 4143 1976 4166 ,
2020 4119 2100 4156 me

501 4199 711 4269 recipit:
756 4207 802 4252 et
834 4199 920 4268 qui
965 4213 1043 4251 me
1068 4197 1285 4264 recipit,
1327 4195 1511 4266 recipit
1559 4211 1673 4248 eum
1714 4195 1802 4263 qui
1829 4211 1909 4248 me
1961 4194 2100 4247 misit

509 4291 687 4364 (Ibid.
735 4288 854 4362 40).
901 4289 1179 4346 Universis
1219 4287 1478 4342 doctrinas
1522 4286 1769 4343 all'eCtum
1813 4297 1867 4342 et
1899 4301 2100 4356 praece-

505 4395 717 4456 ptorum
748 4383 1086 4439 sedulitatem
1133 4379 1410 4452 impendit.
1443 4380 1509 4435 Et
1543 4381 1632 4451 qui
1665 4379 1958 4451 periculum
1989 4395 2098 4434 non

504 4477 876 4548 recipientium
928 4474 1203 4547 apostolos
1259 4474 1467 4529 excussi
1498 4473 1734 4544 pulveris
1789 4473 2098 4528 testimonio

2209 3263 2355 3318 nium
2386 3273 2566 3319 autem
2607 3273 2726 3331 est,
2755 3281 2865 3336 quo
2911 3267 3091 3323 minus
3141 3268 3271 3323 nihil
3321 3269 3466 3324 aliud
3496 3269 3636 3339 est),
3691 3284 3798 3323 non

2202 3357 2380 3412 inania
2426 3366 2602 3414 tamen
2644 3358 2697 3413 in
2740 3375 2834 3415 eos
2879 3361 3043 3416 etiam
3075 3363 3248 3428 levia,
3295 3379 3416 3434 quae
3459 3363 3561 3419 sub
3586 3363 3796 3434 frigida:

2202 3466 2355 3521 aqua:
2391 3452 2609 3506 nomine
2656 3453 2938 3522 designat,
2977 3454 3153 3510 officia
3202 3469 3323 3510 esse
3368 3457 3635 3512 decernit.
3676 3457 3794 3511 Non

2201 3544 2344 3599 enim
2375 3545 2610 3613 peccatis
2657 3543 2922 3608 hominis,
2955 3545 3050 3600 sed
3096 3545 3345 3616 discipuli
3372 3548 3574 3602 nomini
3624 3550 3796 3603 honor

2201 3637 2473 3706 praestitus
2504 3643 2607 3692 est.
2634 3639 2809 3705 Atque
2841 3638 2914 3691 ita
2937 3636 3258 3705 probitatem
3286 3640 3630 3709 obsequentis
3649 3683 3663 3705 ,
3695 3640 3794 3695 fal-

2200 3729 2360 3784 lentis
2377 3728 2446 3784 de
2463 3744 2522 3783 se
2544 3727 2737 3799 probra
2765 3745 2872 3784 non
2897 3730 3098 3786 lzedunt
3115 3751 3127 3786 :
3145 3747 3267 3788 cum
3309 3732 3614 3790 mercedem
3637 3747 3793 3790 suam

2200 3821 2377 3877 dantis
2401 3822 2506 3879 ﬁde
2527 3863 2543 3891 ,
2568 3838 2676 3879 non
2720 3825 3046 3879 assumentis
3093 3825 3379 3882 mendacio
3406 3836 3793 3898 consequatur.

2813 3917 3042 3973 CAPUT
3067 3917 3159 3972 XI.

2198 4008 2430 4064 Joannes
2483 4009 2548 4067 de
2585 4025 2784 4063 carcere
2833 4009 2901 4062 ad
2946 4006 3128 4063 Jesum
3189 4013 3373 4078 mittit,
3424 4023 3471 4067 et
3531 4013 3684 4069 Jesus
3732 4015 3797 4070 de

2269 4099 2473 4156 Joanne
2521 4099 2590 4153 ad
2622 4099 2795 4154 turbas
2836 4099 3082 4169 loquitur.
3113 4098 3246 4154 Item
3290 4104 3544 4175 confessio
3569 4104 3698 4160 Jesu
3724 4107 3795 4160 ad

2270 4194 2504 4251 Patrem.

2273 4288 2326 4342 1.
2373 4285 2600 4340 Joannes
2657 4285 2916 4341 Christum
2979 4304 3080 4342 non
3135 4289 3408 4356 ignorauit.
3453 4320 3527 4332 -—
3565 4291 3796 4349 Joannes

2199 4394 2317 4433 cum
2363 4377 2591 4432 audisset
2627 4378 2702 4450 (g)
2732 4379 2787 4432 in
2815 4394 3017 4434 carcere
3041 4396 3194 4452 Opera
3234 4378 3461 4449 Christi,
3494 4385 3700 4439 mittens
3724 4386 3794 4440 ad

2200 4488 2315 4526 eum
2340 4471 2622 4543 discipulos
2649 4488 2803 4537 suos,
2828 4473 2902 4526 ait
2934 4473 3015 4527 illi
3045 4489 3064 4527 :
3094 4472 3172 4528 Tu
3199 4490 3252 4528 es
3299 4477 3386 4544 qui
3414 4487 3652 4532 uenturus
3700 4495 3787 4547 es,

501 4569 915 4632 denuntiasset,
966 4565 1338 4637 recipientium
1401 4566 1653 4620 meritum
1695 4565 1834 4620 ultra
1872 4566 2097 4636 gratiam
2123 4557 2178 4618 D
2203 4581 2272 4618 an
2309 4565 2469 4619 alium
2515 4573 2862 4634 exspectamus
2893 4565 3106 4637 (Matth.
3138 4581 3191 4620 xi
3213 4607 3229 4634 ,
3266 4567 3302 4620 2
3344 4576 3390 4622 et
3419 4567 3515 4639 5)?
3562 4569 3796 4628 Joannes

503 4663 578 4735 (e)
621 4652 826 4730 sperati
867 4660 1027 4716 ofﬁcii
1073 4659 1449 4715 commendat:
1479 4659 1744 4729 docetque
1775 4660 1826 4713 in
1849 4674 1908 4714 se
1934 4660 2098 4714 etiam

503 4754 816 4810 mediatoris
849 4752 1118 4820 ofﬁcimn,
1164 4752 1254 4822 qui
1286 4765 1406 4806 cum
1446 4752 1516 4806 sit
1569 4760 1819 4821 receptus
1849 4767 1878 4804 a
1908 4753 2096 4821 nobis,

501 4857 662 4919 atque
683 4847 774 4903 ille
801 4845 1073 4916 profectus
1099 4859 1165 4899 ex
1199 4844 1308 4898 Deo
1338 4844 1430 4910 sit,
1457 4843 1597 4899 Deus
1624 4860 1719 4914 per
1745 4844 1894 4900 illum
1933 4854 2102 4903 trans-

573 4995 652 5067 (a)
684 4995 738 5051 ln
783 5003 1013 5064 quatuor
1041 5007 1174 5067 mss.
1223 4992 1374 5067 inita.
1421 4989 1537 5046 Non
1564 4992 1898 5067 displiceret
1924 4994 2100 5049 insita.

504 5063 601 5122 Hic
631 5063 758 5123 vero
789 5063 1014 5138 ingenita
1043 5063 1338 5138 (quomodo
1368 5077 1529 5138 supra
1558 5064 1797 5134 ingeniti)
1846 5064 1989 5120 idem
2019 5075 2105 5121 est

500 5138 646 5208 quod
675 5134 863 5193 innata
881 5155 901 5194 :
930 5151 1038 5208 quo
1064 5135 1284 5190 nomine
1306 5134 1593 5191 inﬁdelitas
1623 5143 1678 5190 ct
1705 5143 1979 5206 peccatum
2009 5152 2105 5193 seu

502 5209 751 5264 voluntas
780 5208 1101 5264 indicantur.

578 5225 626 5263 tu
670 5225 751 5264 tas
780 5225 1101 5264 moneantur.

578 5225 666 5352 (ιτς
697 5280 1038 5352 Colhertinus
1081 5277 1257 5352 codex
1291 5294 1303 5331 :
1336 5277 1460 5342 quia
1523 5293 1683 5333 unum
1735 5294 1749 5332 :
1805 5279 2105 5352 faventibus

505 5349 776 5420 aliquibus
824 5353 975 5415 aliis,
1010 5349 1296 5420 inquibus
1319 5355 1499 5420 exstat
1539 5365 1648 5420 qua
1685 5366 1864 5404 unum.
1889 5350 2103 5413 Anima.

504 5418 704 5492 corpus
724 5432 778 5477 et
798 5423 1048 5477 voluntas
1067 5418 1177 5492 jam
1206 5421 1272 5492 ad
1299 5419 1437 5474 duos
1456 5418 1817 5492 reducuntur,
1842 5436 1962 5476 cum
1997 5420 2115 5476 ani-

506 5489 618 5548 mai
640 5509 797 5549 suum
839 5493 928 5563 jus
965 5489 1129 5547 cessit
1157 5491 1427 5545 voluntas.
1455 5489 1590 5545 Tum
1639 5506 1770 5546 vero
1799 5492 2110 5563 inﬁdelitas,

506 5574 811 5636 peccatum,
843 5562 900 5619 et
939 5565 1185 5636 voluntas
1213 5578 1242 5615 a
1273 5575 1503 5632 corpore
1544 5571 1600 5616 et
1645 5563 1831 5636 anima
1862 5562 2115 5636 dividun-

2207 4657 2457 4713 detentus
2498 4657 2551 4711 in
2576 4673 2794 4713 carcere
2828 4658 3108 4713 Dominum
3159 4659 3414 4729 ignorat?
3440 4663 3800 4734 et‘prOphela

2210 4759 2390 4805 tantus
2412 4749 2582 4806 Deum
2610 4764 2764 4805 suum
2787 4750 2994 4805 nescit?
3025 4751 3222 4822 Atquin
3253 4762 3534 4810 venturum
3565 4764 3622 4812 ut
3643 4759 3802 4828 praei-

2212 4853 2295 4898 tor
2321 4842 2615 4910 nuntiavit,
2644 4843 3029 4898 consistentem
3063 4851 3118 4897 ut
3145 4845 3407 4915 propheta
3433 4850 3684 4919 agnovit,
3707 4851 3803 4908 ad-

2207 4995 2317 5066 jam
2347 4994 2832 5069 observatumcap.
2863 4993 2918 5058 4,
2953 4993 3124 5069 p.19.
3157 4995 3271 5058 ubi,
3305 4996 3443 5052 sicut
3489 5006 3546 5053 et
3571 4998 3624 5052 in
3665 5000 3804 5069 psal.

2211 5082 2396 5141 csvtn,
2424 5081 2481 5120 n.
2514 5065 2677 5141 3,__ad
2703 5066 2934 5120 litteram
2959 5065 3228 5121 intellecta
3262 5078 3408 5135 sunt,
3431 5084 3552 5139 quae
3580 5065 3804 5141 hic'spi-

2209 5138 2439 5208 ritaliter
2456 5137 2812 5208 explicantur.

2287 5207 2365 5279 (d)
2390 5207 2540 5262 Par.’
2567 5216 2690 5277 post
2735 5207 2972 5279 Lipsium
2998 5247 3014 5272 ,
3057 5208 3370 5264 ‘dimissione
3392 5227 3410 5264 :
3453 5211 3646 5279 minus,
3673 5224 3802 5264 con-

2211 5287 2469 5403 grueqtgr
2489 5293 2610 5333 cum
2633 5278 3004 5348 superioribus
3023 5318 3039 5344 ,
3061 5287 3116 5334 et
3139 5288 3337 5350 praeter
3362 5292 3603 5336 veterum
3635 5278 3802 5334 libro-

2213 5366 2332 5403 rum
2382 5367 2394 5403 ι
2439 5364 2543 5403 em.

2213 5366 2332 5405 rum
2361 5351 2543 5403 fidem.
3639 5404 3648 5412 ι

2289 5419 2669 5492 (e)Beccensis
2720 5419 2925 5486 codex,
2958 5423 3126 5492 parati
3170 5423 3340 5492 officii.
3396 5420 3507 5476 Hac
3547 5421 3802 5491 loquendi

2219 5494 2430 5548 ratione
2460 5492 2678 5563 gratiam
2703 5501 2963 5563 speratam
2989 5494 3150 5563 ofﬁcio
3178 5492 3476 5563 intelligere
3497 5503 3600 5547 est.

2294 5565 2364 5635 (Γ)
2396 5561 2506 5617 Ειεί
2535 5563 2587 5616 in
2617 5561 2858 5632 Pluribus
2887 5561 3223 5620 mssfexstat
3254 5564 3309 5616 in
3336 5562 3507 5635 nobis:
3557 5562 3801 5635 retinen-

511 5633 624 5701 tur,
652 5637 843 5707 eisque
870 5635 1174 5707 subjacent,
1195 5648 1316 5688 cum
1340 5648 1438 5704 per
1453 5635 1712 5707 virtutem
1742 5633 1974 5704 Spiritus
2002 5634 2118 5690 ani-
2219 5633 2351 5707 dum
2381 5642 2560 5707 tamen
2601 5635 3012 5707 in_nos_co_nstat
3057 5650 3122 5707 ex
3166 5641 3285 5702 cap.
3315 5634 3410 5707 Δη
3436 5673 3452 5698 ,
3485 5649 3541 5688 n.
3572 5633 3641 5707 12
3666 5674 3680 5698 ,
3711 5636 3802 5690 ubi

513 5722 614 5778 ma,
634 5715 690 5778 et
715 5704 914 5777 corpus
941 5709 1022 5763 eis
1051 5706 1324 5775 imperant
1350 5719 1412 5778 ac
1437 5704 1802 5778 dominantur.

511 5781 552 5851 ε
598 5776 672 5850 (’c)
703 5773 947 5843 lloc’est,
981 5773 1226 5832 amorem
1270 5777 1458 5845 patris,
1488 5773 1698 5844 matris,
1731 5773 1997 5848 conjugis,
2041 5777 2116 5835 uti

2226 5705 2368 5777 idem
2396 5703 2706 5777 Mediatoris
2735 5705 2969 5763 ofﬁcium
2997 5706 3184 5777 eadem
3228 5703 3437 5777 ratione
3481 5705 3801 5777 explicatur.

2224 5847 2226 5850 ,
2291 5772 2368 5846 (ᾖ)
2399 5775 2525 5832 Mss.
2557 5774 2729 5834 Vatia.
2754 5785 2808 5831 et
2833 5777 2958 5832 Bec.
2998 5777 3050 5830 in
3071 5773 3308 5829 uinculis.
