4172 6188
381 266 484 319 979

1557 264 1733 321 SANC
1753 265 1801 320 ll
1841 260 2092 322 lliLAﬂll
2135 258 2429 322 EPISCUPI

3565 265 3673 319 980

386 396 601 439 euntem
632 393 689 439 ut
716 383 1000 438 confessor
1045 391 1331 437 venermus
1358 389 1463 437 est.
1498 380 1653 437 Unde
1682 391 1789 436 tam
1818 383 1979 437 varice
2004 386 2055 446 Α
2081 397 2177 437 sua
2208 381 2453 453 plurimis
2490 380 2835 445 scandalum;
2881 379 3065 435 beatos
3111 393 3206 435 eos
3253 378 3528 450 professus
3555 387 3672 445 est,

386 485 443 531 et
480 483 587 529 tam
627 474 919 529 abundanti
946 474 1064 541 ejus
1104 473 1351 529 scientiae
1374 488 1529 528 error
1571 472 1848 544 obrepsit?
1873 474 1977 531 Sed

387 582 727 637 consequens
753 566 825 623 de
854 581 922 622 eo
952 566 1163 620 Domini
1221 566 1587 624 testimonium
1640 568 1827 621 sentiri
1878 566 1981 621 hoc

386 661 460 716 ita
502 676 607 716 non
653 661 800 715 sinit.
848 659 1034 731 Neque
1078 674 1221 721 sane
1281 660 1428 715 credi
1476 669 1693 731 potest,
1747 660 1980 731 Spiritus

386 754 558 808 sancti
586 752 812 823 gloriam
846 753 897 807 in
927 766 1148 809 carcere
1178 752 1353 822 posito
1377 751 1614 807 defuisse
1634 790 1650 818 ,
1672 766 1795 807 cum
1838 754 1983 822 Apo-

389 845 543 900 stolis
572 845 787 899 virtutis
816 858 928 899 suae
958 845 1138 900 lumen
1167 846 1387 900 essetin
1414 858 1633 901 carcere
1661 844 1849 916 positis
1879 845 1982 901 mi-

391 937 740 992 nistraturus.

460 1029 516 1084 2.
547 1028 701 1099 Legio
743 1028 912 1098 [anno
950 1028 1067 1097 fuit.
1096 1028 1249 1100 Legis
1293 1045 1442 1100 opus.
1490 1028 1596 1083 Cur
1637 1029 1865 1085 Joannes
1916 1031 1985 1085 ad

392 1121 655 1176 Christum
699 1123 855 1175 misit.
902 1146 974 1162 --
1018 1120 1127 1177 Sed
1183 1121 1456 1191 praebetur
1505 1120 1561 1176 in
1585 1121 1702 1188 his,
1759 1137 1878 1192 quae
1932 1123 1985 1177 in

390 1216 599 1272 Joanne
643 1226 792 1286 gesta
842 1224 1002 1281 sunt,
1050 1215 1402 1287 intelligentia
1447 1216 1677 1286 amplior
1722 1232 1734 1268 :
1781 1225 1985 1271 etcum

390 1307 517 1363 facti
561 1307 883 1373 efﬁcientia,
913 1308 1083 1377 gratia
1124 1308 1176 1362 in
1234 1323 1301 1362 eo
1338 1322 1593 1377 expressa
1637 1310 1898 1376 sentitur;
1931 1317 1989 1364 ut

382 1400 654 1471 propheta
688 1400 807 1469 ipse
829 1439 846 1464 ,
876 1401 993 1469 ipso
1018 1412 1235 1469 quoque
1279 1398 1606 1454 conditionis
1633 1414 1745 1455 suae
1788 1414 1988 1470 genere

390 1494 770 1565 prophetaret,
812 1492 937 1559 quia
963 1492 1019 1547 in
1049 1507 1116 1547 eo
1148 1492 1319 1547 forma
1348 1492 1480 1563 legis
1505 1493 1644 1547 elata
1668 1501 1772 1550 est.
1802 1493 1990 1549 Chris-

391 1594 505 1638 tum
534 1585 681 1639 enim
705 1585 791 1639 lex
828 1583 1165 1637 annuntiavit
1192 1622 1208 1649 ,
1238 1592 1292 1637 et
1336 1584 1708 1638 remissionem
1740 1592 1981 1655 peccato-

390 1691 511 1731 rum
544 1675 887 1746 praedicavit,
918 1683 973 1730 et
1013 1688 1237 1745 regnum
1280 1675 1541 1731 cmlorum
1582 1676 1905 1746 spopondit:
1935 1687 1989 1732 et

2082 490 2308 545 quorum
2339 474 2459 529 ﬁdei
2483 474 2611 528 nihil
2662 473 2974 529 tentamenti
3023 472 3243 527 aﬁ‘erret
3288 486 3418 527 crux
3440 512 3455 537 ,
3484 485 3630 526 mors
3656 513 3674 540 ,

2082 567 2375 637 sepultura.
2403 566 2589 637 itaque
2616 568 2701 621 cui
2734 568 2804 638 (ε)
2832 566 2909 621 rei
2946 565 3183 621 Joannes
3228 566 3457 620 cavisset
3500 572 3680 620 osten-

2083 659 2184 726 dit,
2215 659 2401 713 dicens
2430 660 2616 713 beatos
2655 673 2781 724 eos,
2813 657 3008 728 quibus
3035 657 3234 727 aliquid
3267 657 3320 711 in
3350 670 3411 712 se
3435 656 3677 711 scandali

2084 767 2191 809 non
2225 752 2413 807 luisset
2453 768 2464 804 :
2510 752 2633 822 quia
2677 761 2822 806 metu
2854 750 2970 821 ejus
3013 751 3307 821 discipulos
3350 764 3475 805 suos
3519 750 3681 807 Joan-

2085 860 2204 913 nes,
2232 855 2290 901 ut
2318 844 2591 901 Christum
2621 844 2869 899 audirent
2906 843 3256 915 viderentque
3278 886 3291 910 ,
3326 843 3577 898 misisset.

2156 936 2212 992 4.
2245 938 2454 991 Arundo
2479 951 2607 1007 quos
2629 937 2902 1007 signiﬁcet.
2927 962 3001 979 -—-
3028 937 3106 991 Ac
3138 951 3204 991 ne
3227 937 3366 991 istud
3397 936 3585 992 referri
3614 936 3683 993 ad

2087 1026 2347 1083 Joannem
2399 1038 2611 1096 posset,
2644 1038 2913 1098 tamquam
2953 1027 3154 1099 aliquid
3182 1028 3576 1084 scandalizatus
3597 1045 3683 1084 es-

2089 1130 2170 1173 set
2203 1120 2255 1173 in
2282 1118 2531 1184 Christo;
2556 1118 2875 1174 abeuntibus
2912 1119 3019 1174 illis
3041 1164 3055 1187 ,
3103 1119 3171 1173 ad
3201 1119 3383 1174 turbas
3420 1120 3489 1175 de
3516 1136 3580 1176 eo
3607 1123 3685 1177 lo—

2089 1222 2245 1267 cutus
2268 1220 2383 1267 est:
2417 1211 2557 1279 Quid
2595 1213 2773 1266 existis
2816 1212 2869 1267 in
2915 1212 3171 1268 desertum
3209 1214 3420 1268 videre?
3464 1214 3687 1269 Arundi-

2090 1321 2204 1381 nem
2237 1302 2306 1376 (ι’)
2331 1315 2479 1359 vento
2508 1308 2697 1360 moueri
2721 1304 2882 1376 (ibid.
2909 1306 2964 1377 'l)
2986 1307 3009 1360 ?
3034 1307 3313 1362 Desertum
3354 1315 3543 1362 sancto
3569 1308 3689 1380 Spi-

2092 1396 2199 1451 ritu
2231 1412 2458 1451 vacuum
2498 1397 2844 1453 sentiendum
2884 1408 3000 1465 est,
3055 1398 3107 1453 in
3152 1412 3260 1468 quo
3308 1398 3567 1456 habitatio
3597 1402 3688 1457 Dei

2093 1491 2236 1545 nulla
2259 1491 2348 1545 sit.
2380 1489 2439 1545 In
2467 1490 2732 1546 arundine
2756 1491 2900 1547 enim
2924 1491 3087 1546 homo
3114 1489 3191 1564 (g)
3220 1492 3341 1546 talis
3362 1492 3685 1563 ostenditur,

2092 1582 2163 1638 de
2188 1583 2357 1652 gloria
2395 1582 2579 1637 saeculi
2605 1584 2729 1636 vitae
2755 1596 2867 1637 suae
2893 1582 3151 1638 inanitate
3180 1585 3457 1652 speciosus
3477 1626 3491 1652 ,
3521 1584 3601 1657 (It)
3630 1585 3689 1643 in

2095 1691 2154 1733 se
2176 1687 2352 1734 autem
2378 1677 2552 1732 lructu
2588 1677 2832 1733 veritatis
2857 1693 3052 1743 cavus;
3080 1681 3317 1735 exterior
3342 1681 3558 1751 placens
3580 1725 3594 1746 .
3628 1692 3682 1738 et

392 1768 629 1824 Joannes
677 1777 846 1822 totum
876 1768 978 1823 hoc
1033 1783 1167 1837 aptis
1206 1768 1341 1838 legis
1370 1770 1629 1839 explevit.
1662 1770 1831 1840 Igitur
1873 1785 1993 1826 ces-
2022 1766 2072 1831 B
2098 1772 2274 1825 nullus
2304 1771 2558 1835 interior;
2588 1769 2653 1825 ad
2683 1784 2900 1826 omnem
2930 1782 3213 1827 ventorum
3237 1781 3475 1838 motum,
3502 1773 3555 1829 id
3584 1784 3688 1842 cst,

393 1862 679 1932 santejsm
709 1862 858 1931 lege,
891 1875 1012 1931 quae
1057 1861 1291 1931 peccatis
1313 1862 1485 1931 plebis
1533 1860 1608 1933 (a)
1643 1862 1845 1918 inclusa
1872 1905 1886 1929 ,
1936 1858 1992 1920 et

393 1954 578 2025 populi
605 1954 781 2007 vincta
809 1951 990 2018 vitiis,
1011 1968 1079 2007 ne
1105 1950 1354 2006 Christus
1381 1961 1567 2022 posset
1594 1954 1839 2023 intelligi,
1868 1956 1992 2010 vin-

395 2045 531 2100 culis
574 2054 628 2099 et
672 2058 890 2098 carcere
933 2042 1328 2097 continebatur.
1384 2043 1525 2113 Ergo
1581 2043 1649 2097 ad
1700 2043 1991 2116 Evangelia

393 2136 704 2192 contuenda
740 2136 823 2191 lex
871 2135 1074 2189 mittit:
1109 2142 1167 2189 ut
1194 2135 1484 2190 inﬁdelitas
1530 2134 1690 2191 iidem
1722 2136 1990 2194 dictorum

392 2228 795 2297 contempletur
821 2227 875 2282 in
907 2227 1092 2291 lactis;
1138 2234 1193 2282 et
1218 2226 1362 2296 quod
1412 2227 1553 2282 intra
1578 2242 1698 2283 eam
1745 2239 1994 2299 peccato-

391 2338 511 2379 rum
536 2321 725 2378 i‘raude
748 2324 819 2377 sit
844 2321 1085 2376 vinctum
1107 2362 1122 2385 ,
1156 2335 1251 2391 per
1279 2321 1691 2392 intelligentiam
1719 2323 1990 2381 libertatis

395 2415 721 2485 evangelicae
776 2412 853 2485 (b)
904 2413 1238 2468 absolvatur.
1310 2410 1429 2467 Tali
1501 2411 1663 2481 igitur
1757 2412 1995 2471 Joannes

399 2510 683 2578 exemplo,
737 2522 845 2562 non
896 2520 1043 2575 suas,
1086 2507 1183 2562 sed
1233 2506 1618 2576 discipulorum
1678 2507 1995 2578 ignorantiae

398 2601 661 2659 consulit:
695 2598 811 2671 ipse
849 2600 994 2654 enim
1040 2607 1325 2653 venturum
1357 2599 1413 2653 in
1457 2599 1830 2654 remissionem
1864 2612 1994 2669 pec-

402 2703 646 2751 catorum
680 2690 1018 2764 praedicavit.
1048 2692 1211 2762 132
1240 2690 1346 2747 Sed
1378 2698 1437 2744 ut
1468 2694 1672 2745 scirent
1702 2705 1807 2745 non
1830 2693 1994 2748 alium

400 2804 432 2843 a
461 2800 521 2843 se
551 2785 899 2857 praedicatum
920 2820 935 2850 ,
967 2785 1033 2838 ad
1073 2799 1237 2853 Opera
1267 2782 1386 2852 ejus
1413 2782 1666 2836 intuenda
1706 2782 1996 2853 discipulos

401 2896 530 2937 suos
582 2881 757 2935 misit:
788 2890 845 2934 ut
891 2880 1266 2934 auctoritatem
1302 2876 1483 2932 “dictis
1511 2878 1623 2932 suis
1650 2878 1793 2931 illius
1831 2892 1996 2947 opera

399 2975 751 3039 conferrent,
819 2988 995 3043 neque
1043 2970 1291 3027 Christus
1361 2973 1499 3026 alius
1560 2979 1994 3043 exspectaretur,

403 3080 567 3137 quam
595 3066 683 3121 cui
717 3065 1081 3120 testimonium
1108 3079 1274 3135 Opera
1304 3064 1699 3134 praestitissent.

2097 1862 2493 1917 immundorum
2518 1860 2801 1932 spirituum
2848 1861 3032 1917 ﬂatum
3066 1865 3364 1919 movendus
3385 1904 3399 1930 ,
3427 1880 3601 1935 neque
3622 1866 3690 1922 ad

2096 1952 2427 2008 consistendi
2456 1952 2763 2008 ﬁrmitatem
2788 1955 2971 2009 valens
2991 1996 3005 2020 ,
3029 1964 3085 2010 et
3106 1956 3269 2009 animi
3295 1955 3549 2010 medullis
3574 1956 3690 2012 ina-

2097 2046 2201 2101 nis.
2237 2047 2379 2116 Ergo
2407 2059 2528 2100 cum
2556 2045 2686 2100 dicit
2721 2063 2734 2099 :
2769 2044 2908 2113 Quid
2934 2047 3109 2101 existis
3130 2048 3180 2101 in
3207 2047 3462 2102 desertum
3481 2048 3650 2103 videre
3668 2051 3693 2103 γ

2096 2136 2417 2192 Arundinem
2462 2147 2609 2192 vento
2668 2139 2904 2193 moveri?
2950 2137 3053 2194 hoc
3106 2140 3373 2211 loquitur:
3422 2141 3692 2211 Numquid

2095 2228 2285 2285 existis
2322 2229 2505 2284 videre
2534 2230 2805 2284 hominem
2833 2230 3139 2301 cognitione
3168 2231 3260 2287 Dei
3309 2246 3538 2287 vacuum
3570 2273 3589 2301 ,
3635 2241 3693 2289 et

2099 2320 2167 2375 ad
2214 2320 2616 2377 immundorum
2660 2321 2944 2391 spirituum
2996 2321 3178 2385 ﬂatum
3218 2326 3693 2395 vagantemlNam

2096 2414 2426 2483 increpantis
2450 2412 2646 2469 ati‘cctu
2670 2415 2847 2484 potius
2877 2428 3038 2484 quam
3080 2414 3452 2472 conﬁrmantis
3477 2419 3577 2472 hoc
3613 2418 3695 2472 lo-

2096 2512 2281 2580 quitur
2312 2528 2325 2563 :
2357 2510 2650 2565 ostendens
2675 2509 2882 2566 scilicet
2911 2524 3017 2564 non
3056 2525 3179 2566 eum
3217 2511 3270 2566 in
3310 2510 3519 2568 Joanne
3564 2525 3695 2567 con-

2102 2602 2262 2674 spici,
2284 2604 2375 2673 qui
2405 2611 2460 2657 et
2498 2602 2672 2656 inanis
2699 2610 2755 2657 et
2775 2602 2991 2657 mobilis
3021 2602 3111 2656 sit.

2174 2697 2226 2750 5.
2258 2694 2489 2764 Corpora
2508 2694 2633 2749 luxu
2654 2693 2904 2748 dissoluta
2930 2696 3111 2749 domus
3130 2705 3248 2749 sunt
3283 2694 3591 2749 daemonum.
3621 2718 3693 2736 -ι-

2102 2788 2211 2846 Sed
2235 2789 2359 2859 quid
2398 2788 2572 2842 existis
2601 2786 2805 2841 videre?
2838 2785 3112 2841 Hominem
3156 2787 3395 2841 mollibus
3416 2789 3651 2841 vestitum
3669 2789 3695 2842 .’

2102 2880 2240 2935 Ecce
2266 2882 2351 2951 qui
2377 2880 2618 2934 mollibus
2644 2880 2928 2933 vestiuntur
2946 2912 2961 2943 ,
3010 2880 3064 2931 in
3109 2878 3345 2933 domibus
3373 2875 3549 2950 regunt
3576 2889 3693 2934 sunt

2100 2971 2154 3045 (i
2164 2972 2269 3026 bid.
2310 2969 2387 3043 8).
2425 2969 2488 3043 (ἱ)
2532 2970 2747 3025 Vestem
2773 2970 3032 3025 ambitum
3053 2970 3296 3040 corporis
3319 2984 3427 3041 quo
3457 2970 3696 3025 induitur

2103 3067 2266 3139 723
2306 3066 2483 3120 anima
2516 3063 2814 3136 signiﬁcat.
2847 3064 2990 3133 quod
3035 3065 3161 3119 luxu
3193 3078 3257 3119 ac
3296 3063 3527 3120 lasciviis
3554 3065 3695 3121 moi.

472 3160 529 3213 ὅ.
556 3157 877 3213 Scandalum
916 3158 1086 3211 crucis
1134 3158 1366 3226 prwdicit
1414 3157 1666 3212 Christus.
1694 3186 1766 3199 --
1792 3158 1997 3214 Etcum
2028 3154 2073 3219 C
2104 3162 2290 3217 lescat.
2324 3160 2429 3216 Sed
2471 3161 2561 3231 qui
2601 3159 2779 3216 vestiti
2820 3159 3073 3214 mollibus
3114 3168 3240 3213 sunt
3268 3160 3321 3213 in
3347 3158 3598 3215 domibus
3617 3176 3696 3214 rc-

404 3257 576 3305 totum
609 3265 670 3303 se
701 3249 957 3302 Dominus
998 3263 1178 3301 rerum
1210 3248 1485 3303 miraculis
1512 3249 1859 3319 prodidisset,
1889 3266 1997 3309 cte-

400 3357 588 3397 corum
625 3341 831 3396 scilicet
858 3340 1007 3404 visu,
1058 3338 1373 3395 claudorum
1412 3339 1486 3411 (c)
1535 3356 1730 3408 cursu,
1761 3344 1999 3413 leproso-

399 3452 521 3492 rum
554 3435 862 3502 curatione,
908 3433 1196 3488 surdorunt
1242 3434 1463 3500 auditu,
1520 3449 1649 3489 voce
1691 3445 1998 3504 mutorum,

400 3528 513 3583 vita
535 3538 873 3582 mortuorum
901 3562 913 3591 ,
948 3539 1243 3595 pauperum
1288 3524 1700 3593 praedicatione;
1726 3527 1835 3595 ait,
1865 3526 1999 3582 Bea-

398 3630 483 3674 tus
503 3622 590 3691 qui
618 3621 674 3673 in
696 3635 777 3673 ms
807 3632 909 3673 non
939 3619 1095 3688 fuerit
1116 3616 1502 3672 scandalizatus
1528 3616 1695 3690 (Ibid.
1723 3618 1804 3690 6).
1835 3620 2001 3675 Num-

403 3714 533 3784 quid
572 3713 772 3784 aliquid
789 3713 900 3783 jam
919 3712 974 3766 in
998 3710 1216 3766 Christo
1236 3722 1351 3767 erat
1379 3721 1587 3783 gestum
1608 3754 1624 3781 ,
1656 3714 1801 3785 quod
1841 3714 2005 3771 Joan-

403 3819 533 3860 ηοω
578 3802 1010 3859 scatidalisaretl
1049 3801 1165 3856 Non
1203 3804 1408 3873 utique.
1452 3804 1584 3858 Nam
1626 3805 1680 3859 in
1729 3806 1844 3874 ipso
1869 3808 2002 3863 doc-

404 3897 562 3951 trinae
593 3910 707 3949 sum
735 3909 897 3948 cursu
924 3903 978 3949 et
1004 3894 1184 3964 operis
1214 3895 1545 3950 morabatur.
1576 3896 1681 3953 Sed
1708 3901 2005 3969 superioris

406 3988 695 4043 sententias
724 3986 804 4040 vis
830 3993 887 4041 et
910 3986 1213 4056 protirietas
1242 3989 1547 4043 contueuda
1571 3998 1688 4057 est,
1716 3993 1843 4061 quid
1873 3995 2001 4051 illud

405 4083 481 4136 sit
505 4081 647 4152 quod
696 4094 961 4151 pauperes
998 4078 1076 4152 (ti)
1107 4080 1247 4135 bene
1295 4084 1638 4138 nuntiantur:
1691 4085 1741 4138 id
1771 4095 1885 4153 est,
1913 4089 2005 4157 qui

408 4173 745 4245 perdiderint
774 4176 1010 4227 animam
1029 4214 1044 4237 ,
1083 4174 1173 4243 qui
1204 4186 1420 4228 crucem
1450 4189 1601 4230 suam
1624 4180 1931 4249 acceperint
1952 4189 2008 4236 et

406 4276 736 4339 sequentur,
765 4267 857 4337 qui
877 4265 1106 4320 humiles
1124 4267 1313 4337 Spiritu
1336 4267 1466 4324 ﬂent
1483 4310 1498 4338 ,
1528 4285 1753 4340 quorum
1779 4286 2007 4343 regnum

407 4370 746 4432 praeparatur
772 4360 828 4413 in
854 4358 1015 4413 casio.
1059 4357 1199 4427 Ergo
1228 4359 1354 4428 quia
1383 4361 1436 4414 in
1483 4361 1712 4417 Domino
1738 4364 1853 4419 inec
1884 4380 2007 4435 pas-

2101 3268 2227 3326 gum
2268 3262 2412 3308 sunt.
2459 3253 2517 3307 In
2574 3253 2823 3322 regibus,
2868 3260 3325 3320 transgressurum
3381 3252 3694 3321 angelorum

2105 3346 2436 3416 nuncupatio
2458 3353 2576 3401 est:
2612 3344 2664 3398 hi
2689 3345 2833 3399 enim
2860 3343 3044 3399 saeculi
3074 3354 3198 3399 sunt
3228 3350 3506 3414 potentes,
3543 3360 3701 3399 mnu-

2104 3443 2266 3512 dique
2289 3439 2652 3495 dominantes.
2678 3438 2823 3509 Ergo
2855 3436 3037 3492 vestiti
3075 3438 3326 3492 mollihus
3364 3438 3418 3491 in
3448 3438 3701 3493 domibus

2104 3548 2290 3606 regum
2320 3540 2477 3595 sunt,
2511 3531 2566 3585 id
2610 3539 2695 3585 est
2719 3544 2813 3586 eos
2836 3570 2849 3597 ,
2883 3529 3078 3601 quibus
3122 3543 3220 3600 per
3239 3529 3419 3585 luxum
3449 3529 3611 3584 ﬂuida
3644 3540 3700 3585 ct

2109 3627 2371 3684 dissoluta
2390 3634 2519 3680 sunt
2541 3638 2769 3694 corpora
2786 3668 2800 3691 ,
2833 3624 2908 3697 (j)
2937 3638 3059 3678 esse
3086 3623 3392 3679 daemonum
3417 3623 3702 3678 habitatio-

2111 3734 2233 3775 nem
2256 3761 2269 3783 ,
2295 3716 2632 3773 consimilem
2663 3716 2847 3771 sedem
2880 3717 3170 3787 propositis
3189 3717 3304 3772 suis
3329 3725 3490 3787 atque
3521 3720 3701 3788 operi-

2106 3814 2207 3870 bus
2231 3811 2561 3882 eligentium.

2183 3904 2236 3960 6.
2276 3903 2499 3958 Joannis
2535 3903 2725 3975 gloria.
2756 3932 2830 3945 --
2850 3903 2958 3959 Sed
2982 3905 3105 3975 quid
3124 3907 3302 3960 existis
3328 3905 3500 3960 videre
3516 3907 3541 3959 ἵ
3567 3905 3700 3961 Pro-

2110 3999 2360 4071 phetam?
2410 3997 2540 4051 Dico
2586 3997 2757 4065 vobis,
2809 3999 2965 4052 etiam
2999 3998 3118 4068 plus
3162 4014 3313 4069 quant
3360 4000 3697 4072 prapltetam,

2108 4102 2215 4149 etc.
2246 4090 2407 4163 (ibid.
2441 4091 2475 4147 9
2513 4100 2561 4145 et
2590 4090 2774 4161 seqq.).
2806 4090 3042 4145 Gloriam
3092 4106 3307 4147 omnem
3333 4091 3558 4147 Joannis
3596 4094 3702 4147 Do-

2108 4188 2288 4257 minus
2318 4184 2588 4251 ostendit,
2634 4185 2819 4239 dicens
2859 4197 2981 4238 esse
3009 4199 3131 4238 eum
3164 4185 3303 4239 ultra
3348 4185 3698 4256 prepbetam:

2109 4278 2231 4348 quia
2259 4275 2361 4332 soli
2389 4276 2488 4347 ipsi
2523 4276 2733 4331 licuerit
2755 4284 2811 4330 et
2836 4275 3164 4345 prophetare
3188 4276 3459 4331 Christum
3480 4318 3494 4342 ,
3526 4284 3579 4330 ct
3618 4279 3699 4331 vi—

2109 4369 2257 4425 dere.
2297 4370 2365 4425 Et
2400 4369 2669 4440 quomodo
2712 4366 2988 4422 Christum
3022 4367 3270 4437 ignorare
3297 4368 3565 4433 creditur,
3609 4370 3707 4437 qui

406 4454 623 4543 sianum
648 4452 976 4507 universitas
1000 4450 1348 4517 conveniret,
1377 4450 1665 4525 futuraque
1694 4469 1843 4515 esset
1869 4474 1999 4516 crux
2026 4459 2080 4520 D
2106 4464 2304 4518 missus
2332 4462 2388 4517 in
2419 4459 2597 4531 angeli
2638 4467 2904 4530 potestate
2939 4458 3079 4512 viam
3121 4466 3352 4515 venturo
3389 4461 3702 4531 paraverit,

479 4620 554 4692 (α)
584 4616 696 4692 ηοξ
722 4619 841 4692 βεεν
874 4617 1100 4692 uomet
1143 4607 1324 4677 νορυιί
1376 4618 1597 4692 saccata
1645 4612 1855 4692 usus.
1905 4634 2003 4676 seu

408 4678 583 4773 Ριέυῖε
612 4678 912 4773 ἰηῐίἀεὶίιὲἰ]
933 4678 1917 4773 ἓςειξιρλὶθςρ-ἯυιῇἱΙΙξᾉιφΡιόιὶὸεὶ
1947 4693 2000 4747 in

408 4748 647 4839 psalmos
664 4768 814 4809 nutn.
840 4750 904 4839 5:
929 4748 1068 4839 Sunt
1081 4756 1251 4839 autem
1270 4765 1444 4804 omnes
1457 4754 1747 4839 prophetia:
1767 4761 1835 4812 ad
1855 4748 2006 4816 "tu...

411 4821 600 4894 dictem
626 4840 831 4881 sensum
860 4831 906 4877 et
935 4821 1260 4891 prudentiam
1312 4822 1489 4875 sascutt'
1516 4824 1708 4881 clausa!
1737 4839 1889 4905 atque
1915 4834 2005 4887 ob-

443 4912 644 4957 ῑαηαεω.

408 4927 1285 5049 “(nomisma.miszst‘mtr-'
1313 4963 1538 5049 ξηίιιίεειο
1566 4979 1695 5049 99ης
1720 4973 2000 5049 sequendi-

410 5033 764 5110 Hu‘c'sp'uctat
794 5034 924 5110 illud
954 5033 1079 5110 dicti
1121 5035 1325 5110 prologi
1363 5051 1418 5090 n.
1454 5035 1518 5100 ϐ,
1562 5033 1811 5099 Οιινίειυέ
1855 5048 2002 5101 solus

410 5103 680 5194 ἓξᾷηαεῐιζᾳ
700 5148 714 5171 ,
742 5103 1604 5194 guibujsrniiber-cicurestest17per:
1620 5126 2003 5194 sacramentum

409 5175 784 5263 ἐοινρρνριςρηὶξ
804 5184 859 5263 et
878 5175 1163 5263 diuinitatis
1180 5176 1539 5263 sutagabsolttit.
1565 5182 1632 5236 Et
1665 5195 1998 5263 pognmuca:

410 5246 630 5319 Creditis
650 5253 729 5306 Itis
745 5260 860 5327 quae
880 5246 1083 5327 intpteta
1105 5261 1194 5315 per
1215 5261 1333 5327 sunt
1351 5256 1505 5312 sunt,
1531 5246 1723 5327 olm)“;
1741 5246 1853 5320 mg.
1886 5274 2003 5327 qua:

411 5318 617 5404 signa“!
643 5333 689 5404 eg
718 5319 895 5404 eiulas-sa
911 5326 1040 5404 iisut
1060 5318 1541 5404 tetaper't'e‘nluret
1581 5318 1927 5383 absolventur.

588 5396 711 5475 sola
742 5387 889 5467 edit.
910 5384 1031 5439 Par.
1065 5384 1263 5455 gressu.
1298 5389 1365 5444 Ut
1394 5390 1503 5453 sibi
1531 5403 1818 5476 constaret
1840 5441 1855 5466 ,
1889 5416 2005 5453 mu-

414 5478 635 5530 tandum
662 5480 709 5520 et
741 5468 857 5530 ονξέ
878 5454 1007 5530 "iud
1038 5458 1312 5530 ωηιξη).
1353 5458 1539 5517 Claudi
1571 5480 1998 5525 circumcurrant.

485 5524 984 5615 incohata“?
1016 5524 1781 5615 ςυιη,βοειξκεναηθεέέιαηηετς

485 5598 561 5683 ξεί
588 5611 704 5665 vox
732 5599 808 5683 rei
830 5598 986 5683 deest
1018 5598 1069 5651 in
1097 5611 1229 5683 mss.
1254 5599 1410 5683 Colb_.
1439 5598 1494 5683 et
1518 5607 1679 5662 Carn.
1714 5610 1808 5683 illa
1837 5613 2000 5683 signi.

416 5670 608 5739 (icitur
648 5671 958 5795 renudatum
1002 5672 1210 5735 αιίιοιε.
1256 5670 1405 5744 quod
1440 5671 1677 5735 Joannes
1725 5670 2007 5756 discipulis

422 5754 533 5795 cui:
560 5764 644 5795 me
671 5758 782 5795 neri
814 5779 826 5795 .

422 5754 533 5811 suis
560 5754 826 5806 metuent.

2182 4622 2254 4692 (ί)
2281 4616 2596 4692 Apudi’ar.
2628 4613 2717 4692 hic
2743 4622 2798 4667 et
2826 4612 2964 4668 infra
2986 4652 3003 4679 .
3046 4623 3191 4668 uento
3218 4614 3464 4685 agitatam
3496 4633 3515 4671 :
3546 4618 3705 4675 obni~

2111 4685 2353 4749 tentibus
2392 4689 2511 4744 aliis
2542 4685 2716 4743 libris.

2184 4760 2260 4835 (g)
2289 4761 2347 4816 In
2381 4766 2613 4835 mentem
2648 4754 2803 4835 nobis
2829 4767 3051 4835 venerat
3097 4754 3380 4835 legendum
3405 4774 3556 4835 esse,
3604 4761 3707 4814 εια.

2114 4826 2500 4887 ιαεᾜειεηάὲιιιν
2528 4830 2590 4880 de
2610 4826 2774 4897 gloria
2800 4827 2994 4897 sescnti,
3022 4835 3125 4881 etc.
3157 4827 3239 4881 Nil
3269 4845 3397 4885 vero
3422 4830 3706 4885 immutan.

2112 4904 2240 4959 dum
2269 4946 2283 4969 ,
2311 4917 2432 4957 cum
2455 4896 2716 4954 vocabulo
2756 4898 2875 4951 talis
2901 4896 3232 4969 significetur
3270 4901 3429 4956 homo
3457 4904 3709 4961 arundini

2223 4977 2231 4989 ο
2263 4976 2273 4989 ο

2111 4976 2326 5030 sinults.

2184 5047 2265 5116 (It)
2298 5041 2461 5106 Editl,
2488 5042 2598 5111 ipse
2623 5048 2813 5095 autem.
2870 5037 3202 5116 Con_cl_nnius
3235 5056 3365 5116 mss.
3409 5044 3463 5097 in
3489 5059 3561 5097 se.

2184 5110 2417 5189 (i)'Par._
2446 5110 2613 5177 ueste,
2658 5121 2770 5165 tum
2812 5122 2932 5179 post
2978 5110 3403 5189 Lips.__ltabit_mn
3439 5114 3709 5189 corporis:

2110 5182 2505 5257 refragantibus
2537 5198 2666 5257 mss.
2694 5196 2922 5257 quorum
2963 5182 3206 5236 nonnulli
3235 5184 3433 5257 deinde
3470 5184 3707 5257 habent,

2108 5260 2245 5328 quod
2258 5252 2545 5310 'induitur.
2580 5252 2789 5328 ΔἱῖεδδιὶεΔ
2809 5254 3006 5307 anima:
3024 5268 3142 5328 non
3189 5255 3330 5311 male
3349 5255 3709 5328 intelligatur

2110 5323 2310 5399 corpus
2334 5367 2349 5394 ,
2374 5341 2479 5393 quo
2504 5324 2681 5380 animo
2710 5323 2857 5379 velut
2900 5325 3226 5380 vestimento
3255 5327 3491 5382 ambitur
3512 5323 3573 5381 ac
3598 5328 3711 5381 cir-

2111 5399 2486 5467 cuntcingitur.

2184 5471 2271 5543 (j)
2296 5465 2568 5523 Reticetur
2610 5465 2699 5522 hic
2743 5465 3021 5543 signiﬁcat.
3064 5466 3248 5543 Verba
3286 5469 3602 5543 superiora,
3654 5470 3713 5524 in

2113 5538 2347 5596 domibus
2367 5553 2547 5609 regunt
2574 5546 2690 5591 sunt
2715 5576 2729 5603 ,
2762 5538 2973 5607 passive
3009 5553 3115 5594 non
3145 5540 3321 5595 active
3349 5538 3708 5609 accipiuntur,

2112 5624 2211 5682 pro
2243 5614 2306 5667 iis
2336 5610 2457 5682 scil.
2489 5610 2578 5679 qui
2622 5610 3031 5682 frequententur
3075 5624 3104 5663 a
3147 5610 3362 5679 regibus
3410 5625 3711 5682 eorumque

2114 5679 2305 5762 domus
2333 5681 2473 5749 sint,
2502 5692 2610 5736 non
2630 5679 2735 5762 pro
2768 5679 2833 5734 iis
2856 5680 2949 5750 qui
3002 5695 3187 5755 regum
3223 5682 3417 5750 domos
3460 5681 3714 5756 lrequcn~

2115 5760 2249 5813 ιεηι,
2642 5760 2647 5762 ἡ
3075 5762 3079 5769 ’
