4172 6188
397 272 502 328 983

1580 260 1826 318 SANCTI
1859 257 2117 318 HILARII
2140 259 2450 317 EPISCOPI

395 376 636 450 pientite.
667 373 906 443 Quorum
933 387 1002 428 ne
1027 372 1155 444 quid
1181 373 1288 429 tale
1316 372 1542 443 intelligi
1569 381 1786 443 posset,
1816 373 1991 442 ipsum
2022 374 2069 435 Α
2097 375 2375 446 utriusque
2404 377 2459 431 in
2490 383 2674 430 mutua
2699 373 3006 445 cognitione
3047 388 3171 430 esse
3210 373 3567 429 substantiam
3597 373 3698 430 do-

397 485 459 527 se
488 470 818 542 Sapientiam
847 468 1207 536 nuncupavit;
1235 482 1354 522 eam
1380 466 1434 521 in
1464 481 1556 531 se,
1586 482 1691 521 non
1724 482 1847 537 quae
1876 466 1996 537 ejus

398 574 527 622 sunt
550 565 862 621 ostendens.
890 562 984 617 Est
1005 563 1148 617 enim
1170 561 1462 632 Sapientia:
1487 575 1645 631 opus,
1670 559 1828 627 ﬁdes,
1851 575 1997 630 spes,

399 657 664 720 cbaritas',
699 655 778 724 (α)
810 653 1087 723 pudicitia,
1112 653 1374 723 jejunium
1394 695 1408 719 ,
1437 653 1799 718 continentia,
1824 651 2002 706 humi-

400 751 560 816 litas,
592 747 930 803 humanitas:
963 746 1057 802 sed
1089 748 1204 803 base
1237 755 1441 801 naturae
1481 761 1645 815 opera
1685 753 1848 810 sunt,
1892 759 1999 798 non

401 842 520 910 ipsa
562 845 788 904 natura;
828 847 885 894 et
924 854 1028 892 non
1070 839 1126 892 in
1166 837 1250 892 bis
1289 853 1410 906 qua:
1441 837 1602 901 ﬁunt,
1634 835 1880 890 consistit
1915 849 2004 890 res

401 936 517 1005 ipsa
566 949 686 1004 qua:
725 932 905 987 iaciat.
953 931 1030 1001 (b)
1073 929 1182 987 Cur
1211 931 1502 1001 Apostolus
1532 930 1624 984 Dei
1655 929 1908 982 virtutem
1949 937 2005 982 ct

400 1026 501 1081 Dei
546 1025 864 1094 sapientiam
911 1023 1141 1086 dixerit,
1189 1023 1316 1094 quia
1357 1037 1424 1077 ex
1467 1036 1528 1075 ea
1570 1019 1840 1091 Sapientia
1882 1033 2006 1090 quae

401 1130 548 1184 erat,
581 1127 763 1175 creata
793 1117 1059 1188 sapientia
1087 1117 1205 1171 est?
1657 1186 1660 1189 ‘

481 1211 565 1264 10.
595 1209 904 1264 Iudworum
933 1209 1266 1262 incredulitas
1292 1223 1444 1277 quam
1461 1223 1643 1260 rea.-—-
1679 1204 1764 1258 Va:
1793 1205 1882 1258 tibi
1907 1203 2005 1256 Coo

401 1305 582 1357 rozain
623 1312 671 1356 et
712 1301 1028 1364 Bethsaida;
1067 1301 1189 1368 quia
1223 1301 1267 1352 si
1306 1301 1359 1353 in
1388 1298 1527 1369 Tyro
1555 1309 1600 1352 et
1630 1297 1828 1352 Sidone
1857 1297 2007 1363 facta:

401 1407 569 1450 essent
623 1396 831 1449 virtutes
885 1409 1000 1464 qua:
1045 1398 1198 1464 factm
1234 1403 1352 1446 sunt
1389 1394 1443 1446 in
1482 1392 1621 1446 vobis
1645 1433 1660 1457 ,
1693 1401 1748 1447 et
1798 1390 2006 1461 reliqua

407 1486 626 1558 (Matth.
659 1503 726 1550 ιι,
757 1486 874 1555 21).
909 1485 1294 1541 lnobedientia:
1324 1484 1670 1540 maledictum
1727 1499 1850 1538 cum
1879 1483 2010 1538 obe-

401 1580 624 1635 dientiaa
647 1578 1032 1634 benedictione
1056 1579 1384 1634 decernitur.
1416 1577 1612 1632 Primis
1641 1577 1786 1632 enim
1812 1575 2011 1632 Iudaeis

401 1672 644 1742 oportuit
685 1671 1003 1742 praedicari;
1043 1671 1136 1726 sed
1176 1670 1458 1741 privilegio
1497 1669 1898 1740 praedicationis
1929 1669 2012 1722 in-

2102 475 2223 533 cet,
2275 467 2440 539 726
2483 481 2608 523 cum
2657 467 2748 538 qui
2797 465 2990 520 Filium
3043 474 3434 533 cognosceret,
3484 465 3698 522 Patrem

2102 573 2316 630 quoque
2357 560 2675 630 cogniturus
2717 568 2865 614 esset
2908 563 2962 613 in
3008 559 3180 614 Filio:
3224 559 3350 630 quia
3379 559 3563 614 omnia
3591 559 3702 614 eia

2104 653 2266 708 Patre
2312 654 2418 707 sint
2467 653 2682 708 tradita.
2740 652 2956 708 Tradita
3005 663 3184 707 autem
3232 668 3339 708 non
3389 652 3492 707 alia
3544 662 3701 720 sunt,

2105 760 2265 815 quam
2307 759 2430 815 qua:
2467 745 2522 799 in
2569 745 2707 800 Filio
2747 744 2850 800 soli
2896 754 3020 799 nota
3054 753 3178 798 sunt
3208 744 3375 798 Patri.
3407 743 3542 799 Nota
3570 759 3703 800 vero

2106 837 2246 893 Filio
2295 835 2366 908 (e)
2412 837 2514 892 soli
2544 852 2702 904 esse,
2749 853 2869 907 qua:
2909 837 3086 891 Patris
3127 845 3272 890 sunt.
3319 838 3494 906 Atque
3534 835 3603 890 ita
3649 837 3704 890 in

2066 920 2082 931 “
2107 928 2212 984 hoc
2241 938 2441 984 mutua:
2463 929 2786 1000 cognitionis
2815 936 3030 984 secreto
3055 927 3392 998 intelligitur,
3426 942 3533 982 non
3560 927 3706 982 aliud

2108 1022 2162 1077 in
2193 1022 2363 1089 Filio,
2398 1037 2558 1094 quam
2589 1021 2734 1093 quod
2765 1022 2830 1076 in"
2855 1021 3015 1077 Patre
3055 1020 3353 1092 ignorabilc
3392 1024 3496 1090 sit,
3540 1021 3708 1077 exsti-

2110 1116 2262 1171 tisse.

2184 1213 2269 1265 l5.
2301 1210 2497 1282 Iugum
2524 1209 2717 1266 Christi
2743 1212 2877 1266 unde
2905 1227 3080 1265 suave.
3107 1209 3349 1282 -Legis
3378 1209 3576 1266 deinde
3601 1209 3709 1265 dif-

2110 1303 2439 1358 ﬁcultatibus
2485 1304 2828 1366 laborantes,
2876 1313 2929 1357 ct
2973 1303 3206 1373 peccatis
3245 1301 3427 1358 saeculi
3457 1312 3712 1358 oneratos

2111 1394 2176 1448 ad
2207 1409 2267 1449 se
2291 1394 2518 1450 advocat
2549 1394 2714 1467 (Ibid.
2737 1394 2831 1465 28)
2853 1394 3350 1465 ε’ἁθηιρωτυωαυθ
3378 1409 3438 1450 se
3468 1394 3710 1450 laborem

2111 1499 2358 1556 onusque
2382 1487 2676 1556 promittit,
2705 1485 2752 1540 si
2780 1485 2942 1542 modo
2966 1486 3085 1557 ejus
3105 1485 3290 1556 jngum
3321 1486 3540 1552 tollant,
3563 1501 3716 1540 man-

2111 1576 2360 1632 datorum
2392 1577 2600 1632 scilicet
2629 1591 2847 1632 suorum
2890 1586 3161 1648 praecepta
3202 1577 3524 1647 suscipiant,
3563 1591 3716 1632 eum-

2114 1685 2219 1738 que
2253 1680 2598 1726 sacramento
2636 1670 2814 1725 crucis
2852 1670 3088 1725 adeant:
3131 1670 3253 1740 quia
3291 1671 3456 1725 corde
3498 1670 3718 1726 humilis

405 1763 685 1819 ﬁdelitatis
716 1763 1026 1818 cumulatur
1056 1763 1257 1818 invidia
1280 1804 1296 1826 ,
1329 1777 1450 1818 cum
1483 1761 1823 1817 credentium
1853 1775 2012 1830 argu-
2041 1761 2090 1820 B
2117 1770 2173 1816 et
2201 1761 2346 1815 mitis
2382 1762 2483 1826 sit,
2530 1769 2584 1816 et
2624 1761 2676 1815 in
2719 1761 2802 1816 bis
2841 1761 3122 1816 animabus
3149 1761 3260 1816 suis
3291 1762 3530 1831 requiem
3563 1763 3714 1817 inve-

409 1864 572 1907 antur
609 1853 892 1922 exemplo,
935 1852 1132 1921 quibus
1170 1851 1316 1905 nulla
1355 1851 1616 1906 factorum
1655 1849 2015 1907 admiratione

406 1947 684 2018 pr0posita
709 1987 724 2014 ,
765 1945 913 1999 salus
951 1944 1130 1998 omnis
1167 1959 1232 1999 ex
1275 1942 1382 1998 ﬁde
1419 1943 1510 1998 sit.
1544 1943 1830 1997 Dominum
1871 1943 2014 1998 enim

410 2041 464 2095 in
501 2038 787 2094 Betbsaida
817 2046 872 2092 et
900 2035 1275 2106 Capharnaum
1309 2035 1442 2089 muti
1482 2034 1735 2099 laudant,
1767 2034 1898 2088 caeci
1937 2032 2016 2087 vi-

405 2133 568 2200 dent,
610 2132 759 2188 surdi
801 2131 1059 2195 audiunt,
1089 2129 1266 2185 claudi
1306 2128 1774 2194 circumcurrunt,
1804 2127 2013 2182 mortui

407 2223 683 2288 sentiunt;
715 2233 771 2278 et
801 2221 878 2295 (c)
911 2221 1115 2276 nullum
1159 2219 1287 2275 ﬁdei
1318 2219 1596 2276 voluntate
1626 2233 1805 2276 rerum
1837 2228 2013 2273 tanta-

407 2332 531 2372 rum
561 2315 850 2370 admiratio
879 2313 1292 2379 commovebat,
1321 2326 1442 2367 cum
1470 2311 1583 2367 sola
1613 2319 1888 2382 gestorum
1916 2327 2014 2364 au-

413 2409 550 2464 ditio
588 2423 784 2464 vocare
823 2406 904 2479 (Δ)
938 2407 1005 2462 ad
1045 2414 1268 2472 metum,
1311 2414 1475 2476 atque
1513 2404 1580 2460 ad
1621 2405 1782 2459 tidem
1823 2417 2017 2475 rapere

408 2501 705 2557 debuisset.
740 2499 846 2555 Sed
877 2513 984 2553 non
1016 2498 1192 2553 solum
1221 2497 1350 2568 Tyri
1380 2505 1436 2552 et
1473 2495 1724 2560 Sidonis,
1765 2495 1862 2550 sed
1900 2497 2015 2564 ipsa

407 2594 772 2652 Sodomorum
820 2601 876 2648 et
925 2591 1405 2647 Gomorrhaeorum
1457 2588 1656 2644 facient
1703 2589 1840 2643 levia
1892 2601 2018 2658 pec-

409 2696 575 2744 cata:
627 2687 749 2758 quia
797 2685 942 2742 forte
981 2685 1090 2740 illis
1135 2683 1399 2740 credendi
1437 2683 1628 2740 fuisset
1664 2680 1890 2738 allectus
1914 2722 1930 2749 ,
1971 2681 2017 2738 si

410 2779 600 2835 talium
640 2781 898 2834 virtutum
943 2777 1338 2847 contemplatio
1374 2775 1712 2846 contigisset.

482 2875 572 2929 il.
603 2872 796 2928 Christi
827 2874 890 2926 de
917 2872 1022 2942 ﬁde
1049 2873 1278 2944 gentium
1309 2872 1575 2940 gaudium.
1593 2869 1748 2924 —In
1775 2871 1866 2925 illo
1893 2880 2017 2925 tent-

410 2982 536 3040 pore
573 2966 886 3034 respondens
924 2962 1080 3019 Iesus
1119 2965 1286 3029 dixit,
1328 2961 1587 3033 Conﬁteor
1627 2965 1754 3032 tibi,
1803 2963 2016 3020 Domine

409 3069 560 3130 pater
589 3059 704 3114 caeli
734 3068 780 3114 et
812 3068 996 3124 terrw,
1037 3060 1160 3130 quia
1201 3058 1516 3112 abscondisti
1557 3060 1664 3113 haec
1703 3074 1734 3112 a
1772 3060 2017 3128 sapienti-

410 3151 503 3205 bus
523 3192 538 3218 ,
565 3161 610 3205 et
635 3150 873 3204 revelasti
901 3166 960 3202 ea
989 3149 1239 3221 parvulis,
1272 3158 1327 3204 el
1355 3149 1560 3220 reliqua
1593 3149 1756 3222 (Ibid.
1782 3151 1898 3220 25).
1931 3150 2020 3205 Di-
2046 3147 2092 3210 C

408 3257 516 3314 gne
537 3241 906 3311 superioribus
927 3240 1086 3295 dictis
1104 3240 1372 3295 confessio
1395 3243 1514 3296 talis
1534 3241 1862 3313 adjungitur.
1883 3242 2015 3298 Nam

411 3334 633 3389 tametsi
660 3331 914 3402 optabilis
941 3329 1106 3386 fuerit
1129 3333 1274 3387 salus
1300 3331 1462 3388 lsrael
1481 3375 1496 3398 ,
1529 3344 1709 3388 tamen
1734 3351 1840 3389 non
1869 3345 2020 3391 extra

415 3423 670 3495 gaudium
706 3422 914 3478 Domini
947 3429 1067 3476 erat
1096 3421 1382 3491 praedicata
1413 3422 1542 3478 olim
1574 3422 1707 3478 ﬁdes
1747 3426 2010 3495 gentium.

411 3517 730 3574 Caelestium
761 3518 904 3573 enim
941 3516 1230 3572 verborum
1263 3531 1457 3572 arcana
1489 3528 1650 3588 atque
1679 3519 1907 3575 virtutes
1935 3535 2020 3575 sa-

411 3610 689 3681 pientibus
721 3608 1144 3673 abscondantur,
1178 3618 1233 3664 et
1259 3609 1502 3679 parvulis
1531 3612 1870 3668 revelantur:
1899 3628 2020 3684 par-

413 3703 785 3760 vulismalitia
809 3745 825 3770 ,
860 3718 966 3758 non
999 3716 1196 3768 sensu;
1227 3704 1565 3772 sapientibus
1605 3721 1738 3761 vero
1777 3708 2020 3764 stultitia:

413 3812 528 3853 sua:
568 3796 993 3866 praesumptione
1013 3835 1030 3860 ,
1062 3810 1168 3850 non
1203 3795 1501 3865 prudentia:
1529 3799 1728 3854 causis.
1760 3799 2018 3870 Factique

413 3889 579 3958 hujus
609 3888 918 3958 aequitatem
950 3887 1210 3942 Dominus
1236 3896 1474 3958 paterna:
1501 3889 1795 3945 voluntatis
1816 3891 2022 3958 judicio

416 3981 704 4038 conﬁrmat
735 3979 915 4050 (Ibid.
944 3980 1015 4036 26
1035 3979 1090 4052 );
1124 3989 1184 4036 ut
1211 3985 1300 4052 qui
1331 3981 1693 4053 dedignantur
1725 3985 1934 4053 parvuli
1967 3987 2019 4041 in

415 4075 531 4132 Deo
564 4075 715 4140 ﬁeri,
746 4074 894 4129 stulti
926 4073 1183 4145 deinceps
1209 4074 1262 4129 in
1295 4075 1557 4146 sapientia
1588 4089 1683 4130 sua
1711 4077 1860 4132 tiant.

489 4168 579 4223 12.
615 4166 772 4221 Pater
799 4176 846 4220 et
877 4165 1048 4220 Filius
1075 4167 1229 4220 unius
1257 4167 1575 4222 substantiae.
1601 4196 1672 4206 —
1694 4169 1771 4223 Ac
1799 4184 1866 4224 ne
1893 4169 2020 4240 quid

417 4262 472 4317 in
504 4261 596 4315 illo
625 4261 803 4315 minus
823 4303 837 4327 ,
864 4275 1025 4330 quam
1054 4260 1198 4331 quod
1226 4261 1280 4316 in
1311 4261 1420 4317 Deo
1447 4269 1532 4317 est
1550 4302 1566 4330 ,
1593 4263 2018 4331 existimaretur;

417 4355 601 4410 omnia
629 4354 732 4408 sibi
759 4370 790 4408 a
821 4353 980 4408 Patre
1007 4355 1079 4408 ait
1110 4355 1302 4410 tradita
1332 4370 1454 4412 esse
1475 4395 1491 4420 ,
1524 4357 1736 4427 solique
1777 4373 1836 4414 se
1878 4359 2020 4414 Patri

417 4447 692 4517 cognitum
713 4487 730 4511 ,
763 4445 1086 4516 Patremque
1118 4445 1218 4501 soli
1261 4446 1360 4500 sibi
1401 4456 1586 4502 notum
1608 4491 1623 4513 ,
1655 4451 1739 4504 vel
1780 4450 1864 4505 cui
1907 4451 2022 4520 ipse

2119 1853 2269 1906 niant
2300 1851 2468 1923 (Ibid.
2496 1851 2588 1922 29)
2617 1869 2630 1904 :
2657 1851 2770 1923 jugi
2811 1853 2988 1907 suavis
3018 1862 3074 1906 et
3104 1853 3235 1908 levis
3277 1853 3458 1908 oneris
3499 1852 3715 1908 blandi-

2118 1953 2298 1998 menta
2326 1957 2662 2014 proponens,
2692 1952 2750 1997 ut
2769 1943 3114 1998 credentibus
3140 1943 3258 2014 ejus
3284 1944 3408 2000 boni
3435 1944 3715 2001 scientiam

2120 2045 2370 2108 praestet,
2399 2037 2542 2107 quod
2568 2037 2719 2092 solus
2746 2039 2861 2107 ipse
2889 2037 3038 2092 novit
3063 2037 3114 2091 in
3146 2037 3324 2092 Patre.
3351 2038 3421 2092 Et
3444 2037 3570 2108 quid
3593 2039 3724 2110 jngo

2120 2128 2291 2199 ipsius
2320 2129 2573 2195 suavius,
2604 2128 2731 2198 quid
2761 2143 2927 2184 onere
2955 2129 3158 2196 levius,
3194 2129 3527 2199 probabilem
3559 2130 3675 2186 ﬁeri
3702 2173 3718 2196 ,

2121 2220 2331 2276 scelere
2362 2221 2656 2287 abstinere,
2691 2221 2891 2276 bonum
2919 2220 3077 2288 velle,
3109 2221 3310 2276 malum
3340 2221 3509 2287 nolle,
3537 2237 3721 2278 amare

2118 2329 2330 2381 omnes,
2355 2314 2536 2370 odisse
2565 2314 2770 2370 nullum
2790 2355 2805 2378 ,
2833 2323 3034 2370 aeterna
3056 2314 3342 2384 consequi,
3372 2315 3724 2384 praesentibus

2119 2423 2226 2462 non
2254 2407 2407 2478 capi,
2442 2406 2589 2462 nolle
2621 2406 2824 2463 inferre
2853 2406 3041 2485 alteri,
3071 2405 3215 2477 quod
3244 2405 3349 2477 ipsi
3379 2405 3483 2462 sibi
3515 2407 3724 2478 perpeti

2118 2500 2189 2556 sit
2225 2500 2534 2556 molestum.

2735 2614 2963 2672 CAPUT
3003 2613 3118 2669 XII.

2124 2733 2382 2802 Discipuli
2421 2734 2592 2803 spicas
2629 2730 2844 2786 vellunt.
2889 2727 3078 2783 Manus
3116 2727 3282 2782 arida:
3318 2728 3574 2782 Immineat
3613 2729 3730 2784 sab-

2195 2827 2311 2881 bato
2351 2827 2548 2880 curavit
2579 2823 2751 2878 Iesus.
2786 2821 2990 2878 chum
3019 2831 3067 2876 et
3099 2822 3469 2875 dwmoniacum
3506 2822 3724 2874 curavit.

2193 2921 2273 2974 De
2311 2921 2628 2992 blasphemia
2669 2918 2929 2988 Spiritus,
2972 2916 3036 2970 de
3074 2919 3246 2986 {ructu
3275 2913 3475 2967 arboris
3507 2915 3652 2967 bona:
3677 2922 3729 2967 et

2193 3017 2343 3071 malw
2364 3057 2379 3083 ,
2409 3015 2471 3070 de
2498 3015 2638 3068 omni
2675 3013 2824 3067 verbo
2851 3013 3014 3066 otioso
3033 3053 3046 3076 ,
3078 3010 3141 3063 de
3170 3007 3223 3063 Ν
3229 3009 3422 3062 inivitis
3462 3017 3508 3062 et
3545 3007 3728 3078 regina

2203 3107 2414 3172 Austri,
2464 3105 2528 3159 de
2575 3113 2765 3175 septem
2813 3101 3076 3173 spiritibus
3119 3111 3165 3156 et
3210 3112 3408 3182 octavo,
3456 3099 3521 3154 de
3567 3107 3730 3153 matre

2194 3200 2322 3256 Iesu
2350 3209 2397 3254 et
2426 3197 2697 3270 fratribus.

2195 3339 2246 3392 1.
2281 3335 2473 3392 Christi
2506 3343 2650 3406 gesta
2678 3334 2823 3389 aliud
2851 3333 3179 3406 portendunt.
3199 3331 3356 3388 —In
3381 3334 3473 3388 illo
3501 3344 3730 3402 tempore

2119 3433 2245 3487 abiit
2268 3429 2421 3486 Iesus
2443 3446 2534 3500 per
2552 3438 2741 3500 segetes
2762 3428 3015 3484 sabbatis:
3033 3428 3274 3501 discipuli
3295 3437 3464 3482 autem
3479 3430 3594 3499 ejus
3612 3442 3702 3480 esu
3714 3454 3730 3467 ο

2121 3524 2304 3578 rientes
2334 3531 2594 3593 coeperunt
2619 3521 2802 3575 uellere
2830 3519 2996 3590 spicas
3015 3562 3029 3587 ,
3061 3530 3107 3573 et
3133 3519 3448 3574 manducare
3492 3517 3727 3590 (Matth.

2120 3632 2226 3683 ιιι,
2259 3614 2336 3687 1).
2385 3616 2450 3670 Et
2480 3628 2730 3686 egressus
2771 3614 2822 3668 in
2851 3623 3089 3684 segetem
3112 3656 3126 3678 ,
3166 3622 3222 3667 et
3249 3612 3366 3668 dies
3396 3610 3644 3677 sabbati,
3673 3619 3733 3665 et

2122 3709 2510 3780 discipulorum
2552 3707 2814 3772 esuritio,
2855 3716 2910 3762 et
2947 3707 3217 3776 spicarum
3261 3704 3618 3775 prmcerptio,
3672 3712 3731 3758 et

2122 3803 2523 3859 Phariszeorum
2553 3799 2918 3864 insimulatio,
2949 3808 3004 3854 et
3039 3799 3249 3853 Domini
3293 3796 3578 3867 responsio
3625 3796 3724 3850 ba-

2123 3897 2273 3961 bent,
2303 3905 2361 3950 ut
2386 3893 2988 3962 czetera,subjacentem
3021 3890 3295 3946 interioris
3321 3903 3500 3944 causa:
3528 3887 3727 3943 intelli-

2123 3987 2384 4060 gentiam.
2417 3986 2619 4043 Omnes
2645 3985 2826 4050 enim,
2871 3993 2927 4038 ut
2969 3983 3238 4048 diximus,
3279 3981 3543 4036 factorum
3585 3979 3731 4035 veri-

2125 4091 2297 4147 tates,
2330 4082 2382 4136 in
2415 4081 2546 4151 ipsis
2576 4079 2685 4134 illis
2721 4087 2996 4148 gestorum
3042 4074 3324 4130 ell'ectibus
3367 4074 3450 4128 sui
3491 4073 3725 4128 similem

2123 4182 2287 4243 atque
2319 4187 2384 4228 ex
2415 4185 2474 4226 se
2506 4169 2910 4241 intelligendam
2941 4170 3130 4222 futurae
3160 4166 3406 4222 veritatis
3436 4165 3723 4237 imaginem

2125 4272 2557 4335 consequuntur.

2196 4359 2251 4412 2.
2298 4357 2538 4412 Gentium
2576 4356 2706 4428 ﬁdes
2735 4366 2782 4410 et
2810 4354 3115 4410 Iudworum
3145 4352 3423 4424 inﬁdelitas
3466 4366 3726 4422 preman-

2125 4459 2379 4504 strantur.
2411 4479 2482 4489 —
2513 4449 2592 4504 Ac
2640 4447 2904 4518 principio
2951 4444 3317 4501 contuendum
3345 4487 3360 4512 ,
3415 4458 3724 4500 sermonem

417 4537 664 4594 revelare
693 4534 955 4591 voluisset
984 4533 1158 4606 (Ibid.
1186 4535 1332 4607 27):
1365 4537 1700 4593 revelaturus
1725 4540 1774 4594 ei
1797 4582 1811 4606 ,
1840 4555 1870 4592 a
1913 4555 2020 4611 quo
2045 4546 2098 4606 Ι)
2125 4540 2272 4596 hunc
2313 4543 2385 4596 ita
2415 4549 2650 4611 emptum
2695 4553 2850 4596 esse:
2895 4537 2962 4593 In
3006 4537 3099 4594 illo
3140 4547 3365 4610 tempore
3406 4537 3530 4591 abiit
3572 4535 3728 4591 Iesus

419 4640 481 4688 ut
520 4630 763 4688 revelare
805 4629 936 4686 velit
976 4639 1180 4686 oretur.
1226 4629 1342 4698 Qua
1387 4630 1720 4689 revelatione
1766 4633 2010 4690 eamdem

493 4817 569 4892 (ᾳ)
597 4818 955 4892 Cyrnu_t._m_s.
1008 4832 1130 4892 cu_n_t
1181 4813 1336 4892 Coll).
1390 4817 1690 4892 prudentia,
1735 4820 2014 4892 jejunium.

421 4886 598 4944 Verba
632 4889 784 4943 Pauli
815 4887 934 4944 Gal.
971 4904 1027 4953 v,
1058 4888 1129 4942 22
1153 4896 1210 4943 et
1237 4887 1308 4941 25
1329 4929 1343 4952 ,
1389 4886 1478 4942 ubi
1528 4886 1749 4943 fructus
1783 4886 2020 4959 Spiritus

419 4969 713 5022 recenset,
756 4960 969 5014 videtur
1011 4959 1098 5013 hic
1134 4959 1366 5013 Hilarius
1401 4959 1673 5028 respicere
1698 5001 1713 5023 ,
1749 4970 1910 5028 atque
1946 4961 2019 5013 ita

419 5029 710 5100 Sapientia:
737 5040 792 5084 et
819 5031 1051 5099 Spiritus
1077 5030 1333 5086 vocabula
1364 5031 1454 5083 uni
1479 5030 1764 5098 eidemque
1789 5031 1868 5084 rei
1894 5032 2022 5084 sub-

417 5101 607 5228 ξρετε.
633 5100 964 5172 Quamquam
994 5109 1048 5157 et
1076 5101 1180 5156 alia
1210 5109 1264 5156 et
1289 5114 1396 5155 non
1417 5101 1597 5155 omnia
1619 5112 1880 5155 memorat
1901 5117 2020 5172 quae

469 5187 533 5226 an
559 5187 642 5226 us.

469 5187 642 5226 aulus.

495 5243 569 5316 (b)
602 5243 656 5296 In
684 5257 791 5297 uno
818 5241 1091 5316 ms.Colb.
1113 5259 1218 5299 non
1246 5253 1420 5300 exstat
1447 5243 1570 5299 ﬁnis
1600 5243 1758 5314 hujus
1787 5245 2016 5298 numeri.

421 5313 520 5369 Hic
553 5330 650 5384 pro
677 5330 788 5375 cur,
818 5314 1031 5385 Lipsius
1059 5316 1334 5370 substituit
1371 5333 1516 5380 cum,
1547 5317 1773 5385 quodet
1800 5316 2023 5370 retinuit

421 5383 565 5440 Par.’
600 5383 1134 5456 obnitentibusraltis
1172 5385 1343 5440 libris.
1390 5383 1672 5441 Reticetur
1710 5383 1797 5440 hic
1837 5385 2024 5456 hujus-

422 5455 569 5512 modi
607 5457 935 5526 propositio:
975 5455 1031 5512 Si
1061 5471 1167 5526 non
1199 5460 1250 5510 in
1291 5456 1374 5510 his
1411 5472 1532 5526 quae
1569 5458 1734 5517 liunt,
1775 5455 2024 5512 consistit

421 5541 512 5582 res
543 5528 655 5596 ipsa
689 5525 809 5596 qua:
846 5527 1027 5582 faciat.
1068 5525 1147 5580 Ex
1188 5525 1550 5596 quaﬂquidem
1588 5527 1792 5596 Optime
1830 5541 2024 5583 conse-

424 5599 607 5722 ρέιίιμῦι·
633 5597 787 5722 τιςέυι*
827 5596 1119 5670 Apostolus
1154 5597 1232 5653 rei
1254 5595 1462 5653 eﬁ'ectae
1498 5595 1783 5654 efﬁcientis
1819 5614 2020 5656 nomen

425 5681 455 5721 8
487 5680 550 5722 ῑῐῚ
595 5683 660 5722 ua
1418 5720 1420 5722 .
1778 5720 1782 5722 .
1990 5721 1993 5722 ,

425 5670 684 5722 attribuat

498 5720 580 5808 (ci
603 5720 778 5809 Editi,
812 5739 979 5797 nulla.
1009 5739 1230 5798 Rectius
1266 5720 1497 5812 quatuor
1533 5753 1667 5798 mss.
1705 5720 1927 5798 nullum.
1962 5721 2021 5801 ln

2122 4651 2211 4707 per
2241 4646 2449 4707 segetes,
2480 4634 2532 4690 id
2562 4641 2679 4702 est,
2708 4633 2762 4688 in
2790 4646 2858 4688 eo
2888 4641 3134 4703 tempore
3157 4647 3264 4704 quo
3295 4632 3430 4704 patri
3464 4632 3574 4688 Deo
3601 4645 3728 4702 gra-

2125 4833 2218 4874 sex
2265 4818 2417 4883 aliis,
2455 4816 2651 4871 nullam
2688 4815 2811 4884 ﬁdei
2847 4816 3189 4882 voluntatem;
3228 4829 3335 4871 non
3377 4815 3720 4886 displiceret,

2125 4890 2330 4944 nullum
2354 4890 2420 4942 ad
2447 4888 2568 4957 ﬁdei
2596 4887 2902 4941 uoluntatem
2921 4902 2940 4940 :
2969 4886 3071 4942 hoc
3101 4898 3218 4951 est,
3250 4887 3426 4942 nullus
3460 4889 3526 4942 ad
3564 4888 3724 4943 obse-

2124 4962 2395 5031 quendum
2434 4959 2558 5012 tidei
2599 4961 2762 5031 etiam
2807 4958 3109 5031 conspectis
3149 4966 3323 5031 totuac
3363 4958 3524 5013 tantis
3558 4959 3726 5031 mira-

2121 5028 2259 5158 gulis
2285 5037 2587 5087 commotus
2615 5028 2744 5094 fuit,
2774 5028 2967 5100 quibus
3002 5029 3086 5085 vel
3138 5029 3335 5084 auditis
3372 5031 3600 5086 credere
3629 5030 3726 5086 de-

2167 5111 2388 5157 utssent.
2655 5153 2658 5156 .

2167 5104 2388 5157 uissent.
2655 5153 2658 5156 .

2199 5173 2278 5245 (ά)
2305 5172 2487 5245 Codex
2516 5170 2677 5245 Silva:
2706 5170 2951 5245 majoris,
2977 5172 3045 5225 ad
3075 5172 3363 5245 medicum;
3388 5171 3530 5242 quod
3557 5173 3722 5228 etiam

2128 5242 2292 5299 habet
2317 5243 2668 5299 Michaelinus
2696 5258 2725 5296 a
2755 5242 2991 5298 secunda
3016 5259 3198 5298 manu.
3227 5243 3420 5297 Verior
3447 5254 3532 5299 est
3562 5245 3724 5299 lectio

2166 5315 2322 5370 rima.
2374 5314 2464 5370 Sic
2510 5313 2656 5368 enim
2707 5314 2972 5382 superiori
3019 5329 3140 5381 cap.
3169 5330 3225 5369 n.
3259 5313 3358 5376 25.
3406 5313 3653 5369 homines
3690 5330 3722 5370 ι

2173 5401 2240 5442 eo
2272 5401 2370 5456 per
2402 5393 2680 5455 peccatum
2712 5385 2935 5454 originis
2974 5384 3312 5456 abalienatos
3353 5401 3386 5438 a
3426 5385 3529 5454 ﬁde
3561 5395 3728 5440 metu-

2125 5473 2224 5527 que
2254 5457 2354 5529 Dei
2384 5458 2764 5529 peregrinantes
2784 5455 3091 5529 nuncupari
3120 5457 3367 5529 legimus.
3412 5457 3726 5526 l’assimque

2125 5523 2265 5609 apud
2298 5523 2558 5583 Hilarin'm
2589 5536 2748 5610 metus
2772 5523 2871 5581 Dei
2897 5523 3039 5582 idem
3067 5539 3152 5582 est
3178 5523 3324 5598 quod
3348 5528 3556 5594 cultus,
3589 5523 3725 5584 reti--

2125 5615 2212 5652 ato
2244 5609 2299 5652 et
2327 5615 2478 5652 amor
2513 5599 2626 5652 Det.

2162 5615 2212 5654 to
2244 5609 2299 5654 et
2327 5615 2478 5653 antur
2513 5609 2626 5653 uel.

2125 5615 2212 5670 gto
2244 5615 2299 5654 et
2327 5615 2478 5653 amor
2513 5615 2626 5653 uel.

2189 5668 2268 5742 χε)
2306 5671 2416 5742 _\’os
2447 5669 2546 5723 soli
2588 5670 2924 5742 desideratur
2968 5667 3021 5723 in
3065 5669 3309 5742 pluribus
3350 5683 3484 5728 mss.
3517 5670 3723 5728 Deinde

2126 5733 2323 5799 esi‘e’ad
2355 5733 2607 5812 superius
2637 5741 2857 5799 verbum
2885 5739 3032 5797 docet
3059 5733 3312 5799 ἐξίει-ωτι

3592 259 3700 316 984
3785 290 3798 294 -
