  <div class='ocr_page' id='page_1' title='image "/cluster/home/n/w/nwhite01/storage/ocr_20150623/9/hvd.32044096580378/510.png"; bbox 0 0 4172 6188; ppageno 0'>
   <div class='ocr_carea' id='block_1_1' title="bbox 338 264 448 322">
    <p class='ocr_par' dir='ltr' id='par_1_1' title="bbox 338 264 448 322">
     <span class='ocr_line' id='line_1_1' title="bbox 338 264 448 322; baseline -0.009 0"><span class='ocrx_word' id='word_1_1' title='bbox 338 264 448 322; x_wconf 83' lang='lat'><strong>985</strong></span> 
     </span>
    </p>
   </div>
   <div class='ocr_carea' id='block_1_2' title="bbox 1254 261 2726 325">
    <p class='ocr_par' dir='ltr' id='par_1_2' title="bbox 1254 261 2726 325">
     <span class='ocr_line' id='line_1_2' title="bbox 1254 261 2726 325; baseline 0.003 -5"><span class='ocrx_word' id='word_1_2' title='bbox 1254 262 1797 322; x_wconf 79' lang='lat' dir='ltr'><strong>COMMENTARIUS</strong></span> <span class='ocrx_word' id='word_1_3' title='bbox 1833 263 1897 318; x_wconf 80' lang='lat' dir='ltr'><strong>lN</strong></span> <span class='ocrx_word' id='word_1_4' title='bbox 1937 261 2370 320; x_wconf 64' lang='lat' dir='ltr'><strong>MATTHEUM.</strong></span> <span class='ocrx_word' id='word_1_5' title='bbox 2414 264 2566 322; x_wconf 83' lang='lat' dir='ltr'><strong>CAP.</strong></span> <span class='ocrx_word' id='word_1_6' title='bbox 2608 266 2726 325; x_wconf 83' lang='lat' dir='ltr'><strong>XII.</strong></span> 
     </span>
    </p>
   </div>
   <div class='ocr_carea' id='block_1_3' title="bbox 3529 272 3634 332">
    <p class='ocr_par' dir='ltr' id='par_1_3' title="bbox 3529 272 3634 332">
     <span class='ocr_line' id='line_1_3' title="bbox 3529 272 3634 332; baseline 0.029 -3"><span class='ocrx_word' id='word_1_7' title='bbox 3529 272 3634 332; x_wconf 79' lang='lat'><strong>986</strong></span> 
     </span>
    </p>
   </div>
   <div class='ocr_carea' id='block_1_4' title="bbox 338 369 3634 457">
    <p class='ocr_par' dir='ltr' id='par_1_4' title="bbox 338 369 3634 457">
     <span class='ocr_line' id='line_1_4' title="bbox 338 369 3634 457; baseline 0.003 -21"><span class='ocrx_word' id='word_1_8' title='bbox 338 383 469 438; x_wconf 88' lang='lat' dir='ltr'><strong>tiam</strong></span> <span class='ocrx_word' id='word_1_9' title='bbox 497 379 566 436; x_wconf 90' lang='lat' dir='ltr'><strong>de</strong></span> <span class='ocrx_word' id='word_1_10' title='bbox 593 379 716 436; x_wconf 90' lang='lat' dir='ltr'><strong>data</strong></span> <span class='ocrx_word' id='word_1_11' title='bbox 745 379 1000 451; x_wconf 76' lang='lat' dir='ltr'><strong>gentibus</strong></span> <span class='ocrx_word' id='word_1_12' title='bbox 1031 379 1203 436; x_wconf 87' lang='lat' dir='ltr'><strong>salute</strong></span> <span class='ocrx_word' id='word_1_13' title='bbox 1232 379 1521 435; x_wconf 88' lang='lat' dir='ltr'><strong>confessus</strong></span> <span class='ocrx_word' id='word_1_14' title='bbox 1550 388 1665 435; x_wconf 89' lang='lat' dir='ltr'><strong>est:</strong></span> <span class='ocrx_word' id='word_1_15' title='bbox 1707 369 1765 433; x_wconf 84' lang='lat' dir='ltr'><strong>ut</strong></span> <span class='ocrx_word' id='word_1_16' title='bbox 1794 377 1934 434; x_wconf 91' lang='lat' dir='ltr'><strong>idem</strong></span> <span class='ocrx_word' id='word_1_17' title='bbox 1964 380 2013 439; x_wconf 84' lang='lat' dir='ltr'><strong>A</strong></span> <span class='ocrx_word' id='word_1_18' title='bbox 2045 386 2124 434; x_wconf 89' lang='lat' dir='ltr'><strong>tes</strong></span> <span class='ocrx_word' id='word_1_19' title='bbox 2150 394 2220 433; x_wconf 90' lang='lat' dir='ltr'><strong>an</strong></span> <span class='ocrx_word' id='word_1_20' title='bbox 2247 394 2441 436; x_wconf 88' lang='lat' dir='ltr'><strong>curare</strong></span> <span class='ocrx_word' id='word_1_21' title='bbox 2470 381 2710 436; x_wconf 78' lang='lat' dir='ltr'><strong>sabbatis</strong></span> <span class='ocrx_word' id='word_1_22' title='bbox 2741 381 2932 440; x_wconf 92' lang='lat' dir='ltr'><strong>liceret</strong></span> <span class='ocrx_word' id='word_1_23' title='bbox 2961 382 3119 456; x_wconf 83' lang='lat' dir='ltr'><strong>(Ibid.</strong></span> <span class='ocrx_word' id='word_1_24' title='bbox 3155 383 3257 457; x_wconf 92' lang='lat'><strong>9):</strong></span> <span class='ocrx_word' id='word_1_25' title='bbox 3289 388 3634 446; x_wconf 85' lang='lat' dir='ltr'><strong>occasionem</strong></span> 
     </span>
    </p>
   </div>
   <div class='ocr_carea' id='block_1_5' title="bbox 265 471 1936 542">
    <p class='ocr_par' dir='ltr' id='par_1_5' title="bbox 265 471 1936 542">
     <span class='ocr_line' id='line_1_5' title="bbox 265 471 1936 542; baseline -0.003 -13"><span class='ocrx_word' id='word_1_26' title='bbox 265 499 276 506; x_wconf 82' lang='lat'>~</span> <span class='ocrx_word' id='word_1_27' title='bbox 335 487 531 531; x_wconf 83' lang='lat' dir='ltr'><strong>sensus</strong></span> <span class='ocrx_word' id='word_1_28' title='bbox 555 481 611 527; x_wconf 92' lang='lat' dir='ltr'><strong>et</strong></span> <span class='ocrx_word' id='word_1_29' title='bbox 636 472 916 542; x_wconf 82' lang='lat' dir='ltr'><strong>superiora</strong></span> <span class='ocrx_word' id='word_1_30' title='bbox 943 480 1000 533; x_wconf 85' lang='lat' dir='ltr'><strong>et</strong></span> <span class='ocrx_word' id='word_1_31' title='bbox 1026 472 1415 542; x_wconf 85' lang='lat' dir='ltr'><strong>consequentia</strong></span> <span class='ocrx_word' id='word_1_32' title='bbox 1445 472 1768 527; x_wconf 84' lang='lat' dir='ltr'><strong>contineret.</strong></span> <span class='ocrx_word' id='word_1_33' title='bbox 1794 471 1936 541; x_wconf 86' lang='lat' dir='ltr'><strong>Ergo</strong></span> 
     </span>
    </p>
   </div>
   <div class='ocr_carea' id='block_1_6' title="bbox 337 562 1936 638">
    <p class='ocr_par' dir='ltr' id='par_1_6' title="bbox 337 562 1936 638">
     <span class='ocr_line' id='line_1_6' title="bbox 337 562 1936 638; baseline -0.003 -17"><span class='ocrx_word' id='word_1_34' title='bbox 337 581 436 638; x_wconf 89' lang='lat' dir='ltr'><strong>per</strong></span> <span class='ocrx_word' id='word_1_35' title='bbox 464 565 670 634; x_wconf 90' lang='lat' dir='ltr'><strong>reliqua</strong></span> <span class='ocrx_word' id='word_1_36' title='bbox 701 578 1006 620; x_wconf 86' lang='lat' dir='ltr'><strong>curramus.</strong></span> <span class='ocrx_word' id='word_1_37' title='bbox 1037 566 1182 634; x_wconf 85' lang='lat' dir='ltr'><strong>Ager</strong></span> <span class='ocrx_word' id='word_1_38' title='bbox 1210 564 1444 618; x_wconf 90' lang='lat' dir='ltr'><strong>mundus</strong></span> <span class='ocrx_word' id='word_1_39' title='bbox 1483 572 1594 631; x_wconf 89' lang='lat' dir='ltr'><strong>est,</strong></span> <span class='ocrx_word' id='word_1_40' title='bbox 1633 562 1707 634; x_wconf 90' lang='lat' dir='ltr'><strong>(a)</strong></span> <span class='ocrx_word' id='word_1_41' title='bbox 1741 562 1936 618; x_wconf 86' lang='lat' dir='ltr'><strong>sabba-</strong></span> 
     </span>
    </p>
   </div>
   <div class='ocr_carea' id='block_1_7' title="bbox 336 655 1932 727">
    <p class='ocr_par' dir='ltr' id='par_1_7' title="bbox 336 655 1932 727">
     <span class='ocr_line' id='line_1_7' title="bbox 336 655 1932 727; baseline -0.003 -14"><span class='ocrx_word' id='word_1_42' title='bbox 336 667 448 713; x_wconf 90' lang='lat' dir='ltr'><strong>tum</strong></span> <span class='ocrx_word' id='word_1_43' title='bbox 517 657 687 712; x_wconf 88' lang='lat' dir='ltr'><strong>otium</strong></span> <span class='ocrx_word' id='word_1_44' title='bbox 726 665 839 722; x_wconf 89' lang='lat' dir='ltr'><strong>est,</strong></span> <span class='ocrx_word' id='word_1_45' title='bbox 905 671 1063 727; x_wconf 86' lang='lat' dir='ltr'><strong>seges</strong></span> <span class='ocrx_word' id='word_1_46' title='bbox 1109 656 1507 711; x_wconf 88' lang='lat' dir='ltr'><strong>crediturorum</strong></span> <span class='ocrx_word' id='word_1_47' title='bbox 1547 655 1822 724; x_wconf 90' lang='lat' dir='ltr'><strong>profectus</strong></span> <span class='ocrx_word' id='word_1_48' title='bbox 1879 655 1932 709; x_wconf 91' lang='lat' dir='ltr'><strong>in</strong></span> 
     </span>
    </p>
   </div>
   <div class='ocr_carea' id='block_1_8' title="bbox 334 745 1929 819">
    <p class='ocr_par' dir='ltr' id='par_1_8' title="bbox 334 745 1929 819">
     <span class='ocr_line' id='line_1_8' title="bbox 334 745 1929 819; baseline -0.003 -14"><span class='ocrx_word' id='word_1_49' title='bbox 334 763 572 805; x_wconf 70' lang='lat' dir='ltr'><strong>messem</strong></span> <span class='ocrx_word' id='word_1_50' title='bbox 617 758 720 815; x_wconf 89' lang='lat' dir='ltr'><strong>cst.</strong></span> <span class='ocrx_word' id='word_1_51' title='bbox 767 748 910 819; x_wconf 86' lang='lat' dir='ltr'><strong>Ergo</strong></span> <span class='ocrx_word' id='word_1_52' title='bbox 954 747 1178 802; x_wconf 88' lang='lat' dir='ltr'><strong>sabbato</strong></span> <span class='ocrx_word' id='word_1_53' title='bbox 1219 748 1271 802; x_wconf 92' lang='lat' dir='ltr'><strong>in</strong></span> <span class='ocrx_word' id='word_1_54' title='bbox 1311 762 1502 818; x_wconf 84' lang='lat' dir='ltr'><strong>agrum</strong></span> <span class='ocrx_word' id='word_1_55' title='bbox 1534 746 1841 818; x_wconf 86' lang='lat' dir='ltr'><strong>profectus,</strong></span> <span class='ocrx_word' id='word_1_56' title='bbox 1876 745 1929 800; x_wconf 90' lang='lat' dir='ltr'><strong>in</strong></span> 
     </span>
    </p>
   </div>
   <div class='ocr_carea' id='block_1_9' title="bbox 333 839 1928 912">
    <p class='ocr_par' dir='ltr' id='par_1_9' title="bbox 333 839 1928 912">
     <span class='ocr_line' id='line_1_9' title="bbox 333 839 1928 912; baseline -0.003 -15"><span class='ocrx_word' id='word_1_57' title='bbox 333 840 469 912; x_wconf 82' lang='lat' dir='ltr'><strong>legis</strong></span> <span class='ocrx_word' id='word_1_58' title='bbox 497 841 611 895; x_wconf 89' lang='lat' dir='ltr'><strong>otio</strong></span> <span class='ocrx_word' id='word_1_59' title='bbox 643 840 854 895; x_wconf 89' lang='lat' dir='ltr'><strong>Domini</strong></span> <span class='ocrx_word' id='word_1_60' title='bbox 891 854 1209 911; x_wconf 88' lang='lat' dir='ltr'><strong>progressus</strong></span> <span class='ocrx_word' id='word_1_61' title='bbox 1255 839 1310 894; x_wconf 90' lang='lat' dir='ltr'><strong>in</strong></span> <span class='ocrx_word' id='word_1_62' title='bbox 1351 840 1496 894; x_wconf 89' lang='lat' dir='ltr'><strong>hunc</strong></span> <span class='ocrx_word' id='word_1_63' title='bbox 1527 839 1781 894; x_wconf 89' lang='lat' dir='ltr'><strong>mundum</strong></span> <span class='ocrx_word' id='word_1_64' title='bbox 1814 848 1928 904; x_wconf 89' lang='lat' dir='ltr'><strong>est,</strong></span> 
     </span>
    </p>
   </div>
   <div class='ocr_carea' id='block_1_10' title="bbox 333 931 1929 1005">
    <p class='ocr_par' dir='ltr' id='par_1_10' title="bbox 333 931 1929 1005">
     <span class='ocr_line' id='line_1_10' title="bbox 333 931 1929 1005; baseline -0.002 -16"><span class='ocrx_word' id='word_1_65' title='bbox 333 944 574 1005; x_wconf 81' lang='lat' dir='ltr'><strong>segetem</strong></span> <span class='ocrx_word' id='word_1_66' title='bbox 605 948 723 988; x_wconf 90' lang='lat' dir='ltr'><strong>eam</strong></span> <span class='ocrx_word' id='word_1_67' title='bbox 747 974 761 998; x_wconf 96' lang='lat'><strong>,</strong></span> <span class='ocrx_word' id='word_1_68' title='bbox 787 931 838 986; x_wconf 91' lang='lat' dir='ltr'><strong>id</strong></span> <span class='ocrx_word' id='word_1_69' title='bbox 868 941 978 996; x_wconf 91' lang='lat' dir='ltr'><strong>est,</strong></span> <span class='ocrx_word' id='word_1_70' title='bbox 1029 932 1292 987; x_wconf 89' lang='lat' dir='ltr'><strong>sationem</strong></span> <span class='ocrx_word' id='word_1_71' title='bbox 1344 932 1560 986; x_wconf 86' lang='lat' dir='ltr'><strong>humani</strong></span> <span class='ocrx_word' id='word_1_72' title='bbox 1607 931 1823 1001; x_wconf 79' lang='lat' dir='ltr'><strong>generis</strong></span> <span class='ocrx_word' id='word_1_73' title='bbox 1849 931 1929 986; x_wconf 91' lang='lat' dir='ltr'><strong>in-</strong></span> 
     </span>
    </p>
   </div>
   <div class='ocr_carea' id='block_1_11' title="bbox 331 1017 1922 1095">
    <p class='ocr_par' dir='ltr' id='par_1_11' title="bbox 331 1017 1922 1095">
     <span class='ocr_line' id='line_1_11' title="bbox 331 1017 1922 1095; baseline -0.004 -13"><span class='ocrx_word' id='word_1_74' title='bbox 331 1017 535 1082; x_wconf 81' lang='lat' dir='ltr'><strong>visens.</strong></span> <span class='ocrx_word' id='word_1_75' title='bbox 566 1025 636 1080; x_wconf 86' lang='lat' dir='ltr'><strong>Et</strong></span> <span class='ocrx_word' id='word_1_76' title='bbox 661 1025 787 1095; x_wconf 86' lang='lat' dir='ltr'><strong>quia</strong></span> <span class='ocrx_word' id='word_1_77' title='bbox 817 1025 1042 1080; x_wconf 89' lang='lat' dir='ltr'><strong>esuritio</strong></span> <span class='ocrx_word' id='word_1_78' title='bbox 1080 1023 1248 1080; x_wconf 89' lang='lat' dir='ltr'><strong>fames</strong></span> <span class='ocrx_word' id='word_1_79' title='bbox 1287 1033 1372 1080; x_wconf 89' lang='lat' dir='ltr'><strong>est</strong></span> <span class='ocrx_word' id='word_1_80' title='bbox 1409 1024 1596 1079; x_wconf 89' lang='lat' dir='ltr'><strong>salutis</strong></span> <span class='ocrx_word' id='word_1_81' title='bbox 1638 1023 1922 1089; x_wconf 66' lang='lat' dir='ltr'><strong>humanm;</strong></span> 
     </span>
    </p>
   </div>
   <div class='ocr_carea' id='block_1_12' title="bbox 331 1115 1930 1191">
    <p class='ocr_par' dir='ltr' id='par_1_12' title="bbox 331 1115 1930 1191">
     <span class='ocr_line' id='line_1_12' title="bbox 331 1115 1930 1191; baseline -0.002 -20"><span class='ocrx_word' id='word_1_82' title='bbox 331 1118 492 1191; x_wconf 71' lang='lat'><strong>727</strong></span> <span class='ocrx_word' id='word_1_83' title='bbox 519 1119 697 1186; x_wconf 89' lang='lat' dir='ltr'><strong>spicas</strong></span> <span class='ocrx_word' id='word_1_84' title='bbox 726 1130 1069 1186; x_wconf 62' lang='lat' dir='ltr'><strong>praecerpere</strong></span> <span class='ocrx_word' id='word_1_85' title='bbox 1099 1130 1162 1170; x_wconf 91' lang='lat' dir='ltr'><strong>ac</strong></span> <span class='ocrx_word' id='word_1_86' title='bbox 1189 1115 1424 1179; x_wconf 88' lang='lat' dir='ltr'><strong>vellere,</strong></span> <span class='ocrx_word' id='word_1_87' title='bbox 1468 1116 1675 1171; x_wconf 87' lang='lat' dir='ltr'><strong>scilicet</strong></span> <span class='ocrx_word' id='word_1_88' title='bbox 1713 1124 1930 1169; x_wconf 86' lang='lat' dir='ltr'><strong>sancto-</strong></span> 
     </span>
    </p>
   </div>
   <div class='ocr_carea' id='block_1_13' title="bbox 329 1207 1925 1279">
    <p class='ocr_par' dir='ltr' id='par_1_13' title="bbox 329 1207 1925 1279">
     <span class='ocr_line' id='line_1_13' title="bbox 329 1207 1925 1279; baseline -0.003 -13"><span class='ocrx_word' id='word_1_89' title='bbox 329 1226 448 1266; x_wconf 91' lang='lat' dir='ltr'><strong>rum</strong></span> <span class='ocrx_word' id='word_1_90' title='bbox 478 1225 540 1266; x_wconf 84' lang='lat' dir='ltr'><strong>se</strong></span> <span class='ocrx_word' id='word_1_91' title='bbox 567 1210 738 1264; x_wconf 89' lang='lat' dir='ltr'><strong>salute</strong></span> <span class='ocrx_word' id='word_1_92' title='bbox 765 1208 964 1264; x_wconf 89' lang='lat' dir='ltr'><strong>satiare</strong></span> <span class='ocrx_word' id='word_1_93' title='bbox 987 1208 1240 1278; x_wconf 81' lang='lat' dir='ltr'><strong>discipuli</strong></span> <span class='ocrx_word' id='word_1_94' title='bbox 1265 1207 1543 1264; x_wconf 89' lang='lat' dir='ltr'><strong>festinant.</strong></span> <span class='ocrx_word' id='word_1_95' title='bbox 1571 1207 1755 1279; x_wconf 84' lang='lat' dir='ltr'><strong>Neque</strong></span> <span class='ocrx_word' id='word_1_96' title='bbox 1781 1207 1925 1262; x_wconf 89' lang='lat' dir='ltr'><strong>enim</strong></span> 
     </span>
    </p>
   </div>
   <div class='ocr_carea' id='block_1_14' title="bbox 328 1300 1922 1372">
    <p class='ocr_par' dir='ltr' id='par_1_14' title="bbox 328 1300 1922 1372">
     <span class='ocr_line' id='line_1_14' title="bbox 328 1300 1922 1372; baseline -0.002 -15"><span class='ocrx_word' id='word_1_97' title='bbox 328 1301 539 1357; x_wconf 85' lang='lat' dir='ltr'><strong>homini</strong></span> <span class='ocrx_word' id='word_1_98' title='bbox 581 1300 827 1372; x_wconf 84' lang='lat' dir='ltr'><strong>congruit</strong></span> <span class='ocrx_word' id='word_1_99' title='bbox 872 1300 1023 1357; x_wconf 77' lang='lat' dir='ltr'><strong>cibus</strong></span> <span class='ocrx_word' id='word_1_100' title='bbox 1069 1300 1261 1371; x_wconf 67' lang='lat' dir='ltr'><strong>spicae,</strong></span> <span class='ocrx_word' id='word_1_101' title='bbox 1294 1315 1468 1370; x_wconf 91' lang='lat' dir='ltr'><strong>neque</strong></span> <span class='ocrx_word' id='word_1_102' title='bbox 1500 1311 1922 1370; x_wconf 72' lang='lat' dir='ltr'><strong>praecerptarum</strong></span> 
     </span>
    </p>
   </div>
   <div class='ocr_carea' id='block_1_15' title="bbox 327 1391 1922 1462">
    <p class='ocr_par' dir='ltr' id='par_1_15' title="bbox 327 1391 1922 1462">
     <span class='ocr_line' id='line_1_15' title="bbox 327 1391 1922 1462; baseline -0.003 -12"><span class='ocrx_word' id='word_1_103' title='bbox 327 1409 456 1450; x_wconf 88' lang='lat' dir='ltr'><strong>esus</strong></span> <span class='ocrx_word' id='word_1_104' title='bbox 484 1404 569 1450; x_wconf 88' lang='lat' dir='ltr'><strong>est</strong></span> <span class='ocrx_word' id='word_1_105' title='bbox 599 1394 741 1449; x_wconf 90' lang='lat' dir='ltr'><strong>utilis</strong></span> <span class='ocrx_word' id='word_1_106' title='bbox 767 1393 1053 1448; x_wconf 86' lang='lat' dir='ltr'><strong>aristarum</strong></span> <span class='ocrx_word' id='word_1_107' title='bbox 1081 1410 1094 1446; x_wconf 90' lang='lat'><strong>:</strong></span> <span class='ocrx_word' id='word_1_108' title='bbox 1129 1393 1224 1448; x_wconf 88' lang='lat' dir='ltr'><strong>sed</strong></span> <span class='ocrx_word' id='word_1_109' title='bbox 1257 1392 1421 1446; x_wconf 87' lang='lat' dir='ltr'><strong>futuri</strong></span> <span class='ocrx_word' id='word_1_110' title='bbox 1453 1391 1610 1447; x_wconf 90' lang='lat' dir='ltr'><strong>fidem</strong></span> <span class='ocrx_word' id='word_1_111' title='bbox 1642 1391 1764 1446; x_wconf 87' lang='lat' dir='ltr'><strong>facti</strong></span> <span class='ocrx_word' id='word_1_112' title='bbox 1795 1406 1922 1462; x_wconf 87' lang='lat' dir='ltr'><strong>spe-</strong></span> 
     </span>
    </p>
   </div>
   <div class='ocr_carea' id='block_1_16' title="bbox 323 1490 1923 1562">
    <p class='ocr_par' dir='ltr' id='par_1_16' title="bbox 323 1490 1923 1562">
     <span class='ocr_line' id='line_1_16' title="bbox 323 1490 1923 1562; baseline -0.004 -13"><span class='ocrx_word' id='word_1_113' title='bbox 323 1494 436 1549; x_wconf 85' lang='lat' dir='ltr'><strong>cies</strong></span> <span class='ocrx_word' id='word_1_114' title='bbox 463 1493 796 1562; x_wconf 80' lang='lat' dir='ltr'><strong>exsequitur.</strong></span> <span class='ocrx_word' id='word_1_115' title='bbox 829 1499 886 1546; x_wconf 90' lang='lat' dir='ltr'><strong>et</strong></span> <span class='ocrx_word' id='word_1_116' title='bbox 915 1491 1084 1545; x_wconf 83' lang='lat' dir='ltr'><strong>virtus</strong></span> <span class='ocrx_word' id='word_1_117' title='bbox 1113 1490 1393 1559; x_wconf 83' lang='lat' dir='ltr'><strong>iuterjecla</strong></span> <span class='ocrx_word' id='word_1_118' title='bbox 1421 1490 1710 1544; x_wconf 90' lang='lat' dir='ltr'><strong>verborum</strong></span> <span class='ocrx_word' id='word_1_119' title='bbox 1740 1503 1923 1544; x_wconf 90' lang='lat' dir='ltr'><strong>sacra-</strong></span> 
     </span>
    </p>
   </div>
   <div class='ocr_carea' id='block_1_17' title="bbox 323 1582 1674 1642">
    <p class='ocr_par' dir='ltr' id='par_1_17' title="bbox 323 1582 1674 1642">
     <span class='ocr_line' id='line_1_17' title="bbox 323 1582 1674 1642; baseline -0.005 0"><span class='ocrx_word' id='word_1_120' title='bbox 323 1595 566 1642; x_wconf 88' lang='lat' dir='ltr'><strong>mentum</strong></span> <span class='ocrx_word' id='word_1_121' title='bbox 604 1594 660 1640; x_wconf 91' lang='lat' dir='ltr'><strong>ct</strong></span> <span class='ocrx_word' id='word_1_122' title='bbox 699 1584 1014 1641; x_wconf 90' lang='lat' dir='ltr'><strong>esuritionis</strong></span> <span class='ocrx_word' id='word_1_123' title='bbox 1043 1592 1095 1638; x_wconf 90' lang='lat' dir='ltr'><strong>et</strong></span> <span class='ocrx_word' id='word_1_124' title='bbox 1127 1582 1392 1638; x_wconf 86' lang='lat' dir='ltr'><strong>satietatis</strong></span> <span class='ocrx_word' id='word_1_125' title='bbox 1421 1583 1674 1636; x_wconf 83' lang='lat' dir='ltr'><strong>absolvit.</strong></span> 
     </span>
    </p>
   </div>
   <div class='ocr_carea' id='block_1_18' title="bbox 390 1675 1919 1749">
    <p class='ocr_par' dir='ltr' id='par_1_18' title="bbox 390 1675 1919 1749">
     <span class='ocr_line' id='line_1_18' title="bbox 390 1675 1919 1749; baseline -0.004 -15"><span class='ocrx_word' id='word_1_126' title='bbox 390 1681 443 1734; x_wconf 84' lang='grc'><strong>5.</strong></span> <span class='ocrx_word' id='word_1_127' title='bbox 471 1677 756 1743; x_wconf 71' lang='lat' dir='ltr'><strong>Pharisaei,</strong></span> <span class='ocrx_word' id='word_1_128' title='bbox 777 1678 869 1749; x_wconf 90' lang='lat' dir='ltr'><strong>qui</strong></span> <span class='ocrx_word' id='word_1_129' title='bbox 890 1690 1056 1748; x_wconf 90' lang='lat' dir='ltr'><strong>penes</strong></span> <span class='ocrx_word' id='word_1_130' title='bbox 1071 1690 1129 1731; x_wconf 91' lang='lat' dir='ltr'><strong>se</strong></span> <span class='ocrx_word' id='word_1_131' title='bbox 1147 1676 1355 1730; x_wconf 81' lang='lat' dir='ltr'><strong>clavem</strong></span> <span class='ocrx_word' id='word_1_132' title='bbox 1380 1675 1643 1730; x_wconf 73' lang='lat' dir='ltr'><strong>caelorum</strong></span> <span class='ocrx_word' id='word_1_133' title='bbox 1665 1689 1788 1729; x_wconf 91' lang='lat' dir='ltr'><strong>esse</strong></span> <span class='ocrx_word' id='word_1_134' title='bbox 1806 1675 1919 1729; x_wconf 82' lang='lat' dir='ltr'><strong>exi-</strong></span> 
     </span>
    </p>
   </div>
   <div class='ocr_carea' id='block_1_19' title="bbox 2039 471 3640 548">
    <p class='ocr_par' dir='ltr' id='par_1_19' title="bbox 2039 471 3640 548">
     <span class='ocr_line' id='line_1_19' title="bbox 2039 471 3640 548; baseline 0.007 -23"><span class='ocrx_word' id='word_1_135' title='bbox 2039 471 2296 548; x_wconf 84' lang='lat' dir='ltr'><strong>argncndi</strong></span> <span class='ocrx_word' id='word_1_136' title='bbox 2325 488 2452 529; x_wconf 89' lang='lat' dir='ltr'><strong>eum</strong></span> <span class='ocrx_word' id='word_1_137' title='bbox 2481 489 2546 528; x_wconf 83' lang='lat' dir='ltr'><strong>ex</strong></span> <span class='ocrx_word' id='word_1_138' title='bbox 2579 475 2933 545; x_wconf 88' lang='lat' dir='ltr'><strong>responsione</strong></span> <span class='ocrx_word' id='word_1_139' title='bbox 2962 485 3288 547; x_wconf 88' lang='lat' dir='ltr'><strong>quaerentes.</strong></span> <span class='ocrx_word' id='word_1_140' title='bbox 3317 478 3464 547; x_wconf 87' lang='lat' dir='ltr'><strong>Quos</strong></span> <span class='ocrx_word' id='word_1_141' title='bbox 3489 480 3640 537; x_wconf 85' lang='lat' dir='ltr'><strong>deci-</strong></span> 
     </span>
    </p>
   </div>
   <div class='ocr_carea' id='block_1_20' title="bbox 2037 563 3638 640">
    <p class='ocr_par' dir='ltr' id='par_1_20' title="bbox 2037 563 3638 640">
     <span class='ocr_line' id='line_1_20' title="bbox 2037 563 3638 640; baseline 0.006 -22"><span class='ocrx_word' id='word_1_142' title='bbox 2037 563 2218 621; x_wconf 88' lang='lat' dir='ltr'><strong>dentis</strong></span> <span class='ocrx_word' id='word_1_143' title='bbox 2246 565 2299 620; x_wconf 91' lang='lat' dir='ltr'><strong>in</strong></span> <span class='ocrx_word' id='word_1_144' title='bbox 2329 567 2539 621; x_wconf 70' lang='lat' dir='ltr'><strong>foveam</strong></span> <span class='ocrx_word' id='word_1_145' title='bbox 2565 567 2682 622; x_wconf 90' lang='lat' dir='ltr'><strong>ovis</strong></span> <span class='ocrx_word' id='word_1_146' title='bbox 2711 568 2977 624; x_wconf 91' lang='lat' dir='ltr'><strong>conclusit</strong></span> <span class='ocrx_word' id='word_1_147' title='bbox 3005 570 3254 639; x_wconf 85' lang='lat' dir='ltr'><strong>exemplo</strong></span> <span class='ocrx_word' id='word_1_148' title='bbox 3274 611 3287 635; x_wconf 90' lang='lat'><strong>,</strong></span> <span class='ocrx_word' id='word_1_149' title='bbox 3319 586 3477 640; x_wconf 89' lang='lat' dir='ltr'><strong>quam</strong></span> <span class='ocrx_word' id='word_1_150' title='bbox 3517 573 3638 629; x_wconf 91' lang='lat' dir='ltr'><strong>sine</strong></span> 
     </span>
    </p>
   </div>
   <div class='ocr_carea' id='block_1_21' title="bbox 2033 657 3632 736">
    <p class='ocr_par' dir='ltr' id='par_1_21' title="bbox 2033 657 3632 736">
     <span class='ocr_line' id='line_1_21' title="bbox 2033 657 3632 736; baseline 0.005 -24"><span class='ocrx_word' id='word_1_151' title='bbox 2033 657 2263 712; x_wconf 89' lang='lat' dir='ltr'><strong>crimine</strong></span> <span class='ocrx_word' id='word_1_152' title='bbox 2290 657 2515 712; x_wconf 73' lang='lat' dir='ltr'><strong>snbbato</strong></span> <span class='ocrx_word' id='word_1_153' title='bbox 2544 658 2832 714; x_wconf 83' lang='lat' dir='ltr'><strong>extrahere</strong></span> <span class='ocrx_word' id='word_1_154' title='bbox 2866 659 2944 732; x_wconf 82' lang='lat' dir='ltr'><strong>(f)</strong></span> <span class='ocrx_word' id='word_1_155' title='bbox 2979 660 3089 716; x_wconf 91' lang='lat' dir='ltr'><strong>sint</strong></span> <span class='ocrx_word' id='word_1_156' title='bbox 3117 661 3338 716; x_wconf 83' lang='lat' dir='ltr'><strong>solliciti</strong></span> <span class='ocrx_word' id='word_1_157' title='bbox 3369 661 3476 733; x_wconf 91' lang='lat' dir='ltr'><strong>(Ib.</strong></span> <span class='ocrx_word' id='word_1_158' title='bbox 3508 663 3632 736; x_wconf 79' lang='lat' dir='ltr'><strong>il):</strong></span> 
     </span>
    </p>
   </div>
   <div class='ocr_carea' id='block_1_22' title="bbox 2034 749 3630 822">
    <p class='ocr_par' dir='ltr' id='par_1_22' title="bbox 2034 749 3630 822">
     <span class='ocr_line' id='line_1_22' title="bbox 2034 749 3630 822; baseline 0.004 -18"><span class='ocrx_word' id='word_1_159' title='bbox 2034 749 2343 818; x_wconf 86' lang='lat' dir='ltr'><strong>rectiusque</strong></span> <span class='ocrx_word' id='word_1_160' title='bbox 2369 749 2608 816; x_wconf 91' lang='lat' dir='ltr'><strong>homini,</strong></span> <span class='ocrx_word' id='word_1_161' title='bbox 2632 752 2722 821; x_wconf 93' lang='lat' dir='ltr'><strong>qui</strong></span> <span class='ocrx_word' id='word_1_162' title='bbox 2750 752 2835 805; x_wconf 88' lang='lat' dir='ltr'><strong>ovi</strong></span> <span class='ocrx_word' id='word_1_163' title='bbox 2859 761 3111 821; x_wconf 81' lang='lat' dir='ltr'><strong>praestet,</strong></span> <span class='ocrx_word' id='word_1_164' title='bbox 3139 752 3462 808; x_wconf 90' lang='lat' dir='ltr'><strong>medendum</strong></span> <span class='ocrx_word' id='word_1_165' title='bbox 3490 769 3630 822; x_wconf 90' lang='lat' dir='ltr'><strong>esse;</strong></span> 
     </span>
    </p>
   </div>
   <div class='ocr_carea' id='block_1_23' title="bbox 2033 841 3632 912">
    <p class='ocr_par' dir='ltr' id='par_1_23' title="bbox 2033 841 3632 912">
     <span class='ocr_line' id='line_1_23' title="bbox 2033 841 3632 912; baseline 0.005 -16"><span class='ocrx_word' id='word_1_166' title='bbox 2033 856 2213 912; x_wconf 92' lang='lat' dir='ltr'><strong>neque</strong></span> <span class='ocrx_word' id='word_1_167' title='bbox 2245 842 2545 898; x_wconf 90' lang='lat' dir='ltr'><strong>ministerio</strong></span> <span class='ocrx_word' id='word_1_168' title='bbox 2571 841 2760 898; x_wconf 89' lang='lat' dir='ltr'><strong>salutis</strong></span> <span class='ocrx_word' id='word_1_169' title='bbox 2791 844 3037 899; x_wconf 80' lang='lat' dir='ltr'><strong>humanae</strong></span> <span class='ocrx_word' id='word_1_170' title='bbox 3061 843 3481 900; x_wconf 80' lang='lat' dir='ltr'><strong>existimandum</strong></span> <span class='ocrx_word' id='word_1_171' title='bbox 3513 848 3632 904; x_wconf 76' lang='lat' dir='ltr'><strong>sab-</strong></span> 
     </span>
    </p>
   </div>
   <div class='ocr_carea' id='block_1_24' title="bbox 2033 933 3635 1008">
    <p class='ocr_par' dir='ltr' id='par_1_24' title="bbox 2033 933 3635 1008">
     <span class='ocr_line' id='line_1_24' title="bbox 2033 933 3635 1008; baseline 0.004 -18"><span class='ocrx_word' id='word_1_172' title='bbox 2033 933 2213 990; x_wconf 87' lang='lat' dir='ltr'><strong>batum</strong></span> <span class='ocrx_word' id='word_1_173' title='bbox 2245 950 2404 1004; x_wconf 87' lang='lat' dir='ltr'><strong>posse</strong></span> <span class='ocrx_word' id='word_1_174' title='bbox 2436 935 2661 1002; x_wconf 89' lang='lat' dir='ltr'><strong>violari,</strong></span> <span class='ocrx_word' id='word_1_175' title='bbox 2689 936 2834 1008; x_wconf 90' lang='lat' dir='ltr'><strong>quod</strong></span> <span class='ocrx_word' id='word_1_176' title='bbox 2863 935 3212 993; x_wconf 65' lang='lat' dir='ltr'><strong>extrahendae</strong></span> <span class='ocrx_word' id='word_1_177' title='bbox 3241 938 3311 995; x_wconf 86' lang='lat' dir='ltr'><strong>de</strong></span> <span class='ocrx_word' id='word_1_178' title='bbox 3337 938 3491 995; x_wconf 90' lang='lat' dir='ltr'><strong>fovea</strong></span> <span class='ocrx_word' id='word_1_179' title='bbox 3519 942 3635 998; x_wconf 89' lang='lat' dir='ltr'><strong>ovis</strong></span> 
     </span>
    </p>
   </div>
   <div class='ocr_carea' id='block_1_25' title="bbox 2029 1027 2691 1086">
    <p class='ocr_par' dir='ltr' id='par_1_25' title="bbox 2029 1027 2691 1086">
     <span class='ocr_line' id='line_1_25' title="bbox 2029 1027 2691 1086; baseline 0.003 -4"><span class='ocrx_word' id='word_1_180' title='bbox 2029 1027 2337 1086; x_wconf 89' lang='lat' dir='ltr'><strong>sollicitudo</strong></span> <span class='ocrx_word' id='word_1_181' title='bbox 2366 1044 2471 1084; x_wconf 89' lang='lat' dir='ltr'><strong>non</strong></span> <span class='ocrx_word' id='word_1_182' title='bbox 2502 1030 2691 1086; x_wconf 83' lang='lat' dir='ltr'><strong>violet.</strong></span> 
     </span>
    </p>
   </div>
   <div class='ocr_carea' id='block_1_26' title="bbox 2100 1120 3630 1196">
    <p class='ocr_par' dir='ltr' id='par_1_26' title="bbox 2100 1120 3630 1196">
     <span class='ocr_line' id='line_1_26' title="bbox 2100 1120 3630 1196; baseline 0.005 -22"><span class='ocrx_word' id='word_1_183' title='bbox 2100 1122 2153 1175; x_wconf 88' lang='lat'><strong>7.</strong></span> <span class='ocrx_word' id='word_1_184' title='bbox 2203 1120 2311 1175; x_wconf 84' lang='lat' dir='ltr'><strong>Eos</strong></span> <span class='ocrx_word' id='word_1_185' title='bbox 2355 1123 2644 1193; x_wconf 81' lang='lat' dir='ltr'><strong>signiﬁcat,</strong></span> <span class='ocrx_word' id='word_1_186' title='bbox 2689 1124 2872 1194; x_wconf 84' lang='lat' dir='ltr'><strong>quibus</strong></span> <span class='ocrx_word' id='word_1_187' title='bbox 2912 1125 3155 1179; x_wconf 81' lang='lat' dir='ltr'><strong>virtutum</strong></span> <span class='ocrx_word' id='word_1_188' title='bbox 3185 1135 3481 1195; x_wconf 84' lang='lat' dir='ltr'><strong>potestatem</strong></span> <span class='ocrx_word' id='word_1_189' title='bbox 3513 1127 3630 1196; x_wconf 77' lang='lat' dir='ltr'><strong>fecit</strong></span> 
     </span>
    </p>
   </div>
   <div class='ocr_carea' id='block_1_27' title="bbox 2028 1213 3630 1285">
    <p class='ocr_par' dir='ltr' id='par_1_27' title="bbox 2028 1213 3630 1285">
     <span class='ocr_line' id='line_1_27' title="bbox 2028 1213 3630 1285; baseline 0.003 -17"><span class='ocrx_word' id='word_1_190' title='bbox 2028 1213 2654 1285; x_wconf 83' lang='lat' dir='ltr'><strong>Christus.——Subjicitur</strong></span> <span class='ocrx_word' id='word_1_191' title='bbox 2687 1223 2832 1270; x_wconf 81' lang='lat' dir='ltr'><strong>recte</strong></span> <span class='ocrx_word' id='word_1_192' title='bbox 2857 1217 2978 1271; x_wconf 90' lang='lat' dir='ltr'><strong>talis</strong></span> <span class='ocrx_word' id='word_1_193' title='bbox 3007 1216 3215 1272; x_wconf 88' lang='lat' dir='ltr'><strong>Domini</strong></span> <span class='ocrx_word' id='word_1_194' title='bbox 3241 1217 3468 1273; x_wconf 85' lang='lat' dir='ltr'><strong>curatio.</strong></span> <span class='ocrx_word' id='word_1_195' title='bbox 3495 1218 3630 1273; x_wconf 85' lang='lat' dir='ltr'><strong>Nam</strong></span> 
     </span>
    </p>
   </div>
   <div class='ocr_carea' id='block_1_28' title="bbox 2027 1309 3628 1382">
    <p class='ocr_par' dir='ltr' id='par_1_28' title="bbox 2027 1309 3628 1382">
     <span class='ocr_line' id='line_1_28' title="bbox 2027 1309 3628 1382; baseline 0.006 -20"><span class='ocrx_word' id='word_1_196' title='bbox 2027 1318 2148 1378; x_wconf 90' lang='lat' dir='ltr'><strong>post</strong></span> <span class='ocrx_word' id='word_1_197' title='bbox 2176 1309 2407 1364; x_wconf 89' lang='lat' dir='ltr'><strong>reditum</strong></span> <span class='ocrx_word' id='word_1_198' title='bbox 2442 1309 2509 1363; x_wconf 90' lang='lat' dir='ltr'><strong>de</strong></span> <span class='ocrx_word' id='word_1_199' title='bbox 2536 1319 2721 1379; x_wconf 83' lang='lat' dir='ltr'><strong>segete</strong></span> <span class='ocrx_word' id='word_1_200' title='bbox 2743 1353 2756 1375; x_wconf 86' lang='lat'><strong>,</strong></span> <span class='ocrx_word' id='word_1_201' title='bbox 2791 1326 2853 1366; x_wconf 82' lang='lat' dir='ltr'><strong>ex</strong></span> <span class='ocrx_word' id='word_1_202' title='bbox 2884 1327 2986 1381; x_wconf 92' lang='lat' dir='ltr'><strong>qua</strong></span> <span class='ocrx_word' id='word_1_203' title='bbox 3011 1311 3124 1382; x_wconf 89' lang='lat' dir='ltr'><strong>jam</strong></span> <span class='ocrx_word' id='word_1_204' title='bbox 3156 1314 3387 1382; x_wconf 89' lang='lat' dir='ltr'><strong>apostoli</strong></span> <span class='ocrx_word' id='word_1_205' title='bbox 3425 1315 3628 1371; x_wconf 91' lang='lat' dir='ltr'><strong>fructus</strong></span> 
     </span>
    </p>
   </div>
   <div class='ocr_carea' id='block_1_29' title="bbox 2024 1401 3630 1473">
    <p class='ocr_par' dir='ltr' id='par_1_29' title="bbox 2024 1401 3630 1473">
     <span class='ocr_line' id='line_1_29' title="bbox 2024 1401 3630 1473; baseline 0.004 -18"><span class='ocrx_word' id='word_1_206' title='bbox 2024 1401 2256 1456; x_wconf 86' lang='lat' dir='ltr'><strong>sationis</strong></span> <span class='ocrx_word' id='word_1_207' title='bbox 2276 1411 2617 1471; x_wconf 90' lang='lat' dir='ltr'><strong>acceperant,</strong></span> <span class='ocrx_word' id='word_1_208' title='bbox 2645 1401 2711 1456; x_wconf 91' lang='lat' dir='ltr'><strong>ad</strong></span> <span class='ocrx_word' id='word_1_209' title='bbox 2735 1417 3060 1473; x_wconf 81' lang='lat' dir='ltr'><strong>synagogam</strong></span> <span class='ocrx_word' id='word_1_210' title='bbox 3083 1404 3262 1460; x_wconf 82' lang='lat' dir='ltr'><strong>venit:</strong></span> <span class='ocrx_word' id='word_1_211' title='bbox 3291 1408 3453 1461; x_wconf 89' lang='lat' dir='ltr'><strong>etiam</strong></span> <span class='ocrx_word' id='word_1_212' title='bbox 3479 1407 3630 1462; x_wconf 91' lang='lat' dir='ltr'><strong>illinc</strong></span> 
     </span>
    </p>
   </div>
   <div class='ocr_carea' id='block_1_30' title="bbox 2023 1491 3624 1566">
    <p class='ocr_par' dir='ltr' id='par_1_30' title="bbox 2023 1491 3624 1566">
     <span class='ocr_line' id='line_1_30' title="bbox 2023 1491 3624 1566; baseline 0.004 -20"><span class='ocrx_word' id='word_1_213' title='bbox 2023 1491 2218 1546; x_wconf 90' lang='lat' dir='ltr'><strong>messis</strong></span> <span class='ocrx_word' id='word_1_214' title='bbox 2248 1506 2359 1546; x_wconf 85' lang='lat' dir='ltr'><strong>suae</strong></span> <span class='ocrx_word' id='word_1_215' title='bbox 2389 1492 2670 1558; x_wconf 84' lang='lat' dir='ltr'><strong>Operarios</strong></span> <span class='ocrx_word' id='word_1_216' title='bbox 2698 1501 2980 1562; x_wconf 88' lang='lat' dir='ltr'><strong>paraturus</strong></span> <span class='ocrx_word' id='word_1_217' title='bbox 2999 1536 3012 1559; x_wconf 94' lang='lat'><strong>,</strong></span> <span class='ocrx_word' id='word_1_218' title='bbox 3045 1495 3135 1564; x_wconf 90' lang='lat' dir='ltr'><strong>qui</strong></span> <span class='ocrx_word' id='word_1_219' title='bbox 3166 1497 3350 1566; x_wconf 91' lang='lat' dir='ltr'><strong>plures</strong></span> <span class='ocrx_word' id='word_1_220' title='bbox 3383 1507 3624 1565; x_wconf 87' lang='lat' dir='ltr'><strong>postmo-</strong></span> 
     </span>
    </p>
   </div>
   <div class='ocr_carea' id='block_1_31' title="bbox 2023 1581 3624 1662">
    <p class='ocr_par' dir='ltr' id='par_1_31' title="bbox 2023 1581 3624 1662">
     <span class='ocr_line' id='line_1_31' title="bbox 2023 1581 3624 1662; baseline 0.004 -25"><span class='ocrx_word' id='word_1_221' title='bbox 2023 1581 2149 1637; x_wconf 92' lang='lat' dir='ltr'><strong>dum</strong></span> <span class='ocrx_word' id='word_1_222' title='bbox 2177 1598 2282 1636; x_wconf 90' lang='lat' dir='ltr'><strong>una</strong></span> <span class='ocrx_word' id='word_1_223' title='bbox 2304 1583 2469 1654; x_wconf 77' lang='lat'><strong>728</strong></span> <span class='ocrx_word' id='word_1_224' title='bbox 2487 1598 2608 1638; x_wconf 89' lang='lat' dir='ltr'><strong>cum</strong></span> <span class='ocrx_word' id='word_1_225' title='bbox 2627 1585 2887 1653; x_wconf 86' lang='lat' dir='ltr'><strong>apostolis</strong></span> <span class='ocrx_word' id='word_1_226' title='bbox 2901 1586 3244 1640; x_wconf 78' lang='lat' dir='ltr'><strong>exstiterunt.</strong></span> <span class='ocrx_word' id='word_1_227' title='bbox 3271 1587 3333 1641; x_wconf 87' lang='lat' dir='ltr'><strong>Hi</strong></span> <span class='ocrx_word' id='word_1_228' title='bbox 3361 1586 3522 1658; x_wconf 86' lang='lat' dir='ltr'><strong>igitur</strong></span> <span class='ocrx_word' id='word_1_229' title='bbox 3547 1589 3624 1662; x_wconf 94' lang='lat' dir='ltr'><strong>(g)</strong></span> 
     </span>
    </p>
   </div>
   <div class='ocr_carea' id='block_1_32' title="bbox 2023 1675 3625 1736">
    <p class='ocr_par' dir='ltr' id='par_1_32' title="bbox 2023 1675 3625 1736">
     <span class='ocr_line' id='line_1_32' title="bbox 2023 1675 3625 1736; baseline 0.005 -8"><span class='ocrx_word' id='word_1_230' title='bbox 2023 1680 2284 1728; x_wconf 83' lang='lat' dir='ltr'><strong>curantur</strong></span> <span class='ocrx_word' id='word_1_231' title='bbox 2311 1675 2364 1727; x_wconf 92' lang='lat' dir='ltr'><strong>in</strong></span> <span class='ocrx_word' id='word_1_232' title='bbox 2392 1690 2607 1730; x_wconf 89' lang='lat' dir='ltr'><strong>maneo.</strong></span> <span class='ocrx_word' id='word_1_233' title='bbox 2653 1676 2850 1731; x_wconf 75' lang='lat' dir='ltr'><strong>Danda:</strong></span> <span class='ocrx_word' id='word_1_234' title='bbox 2877 1678 3022 1732; x_wconf 91' lang='lat' dir='ltr'><strong>enim</strong></span> <span class='ocrx_word' id='word_1_235' title='bbox 3049 1680 3237 1732; x_wconf 90' lang='lat' dir='ltr'><strong>salutis</strong></span> <span class='ocrx_word' id='word_1_236' title='bbox 3267 1679 3625 1736; x_wconf 86' lang='lat' dir='ltr'><strong>substantiam</strong></span> 
     </span>
    </p>
   </div>
   <div class='ocr_carea' id='block_1_33' title="bbox 317 1763 3624 1840">
    <p class='ocr_par' dir='ltr' id='par_1_33' title="bbox 317 1763 3624 1840">
     <span class='ocr_line' id='line_1_33' title="bbox 317 1763 3624 1840; baseline 0 -12"><span class='ocrx_word' id='word_1_237' title='bbox 317 1772 623 1835; x_wconf 81' lang='lat' dir='ltr'><strong>stimar‘ent,</strong></span> <span class='ocrx_word' id='word_1_238' title='bbox 655 1769 841 1824; x_wconf 89' lang='lat' dir='ltr'><strong>illicita</strong></span> <span class='ocrx_word' id='word_1_239' title='bbox 864 1783 1023 1840; x_wconf 88' lang='lat' dir='ltr'><strong>agere</strong></span> <span class='ocrx_word' id='word_1_240' title='bbox 1051 1767 1350 1838; x_wconf 89' lang='lat' dir='ltr'><strong>discipulos</strong></span> <span class='ocrx_word' id='word_1_241' title='bbox 1376 1775 1675 1836; x_wconf 85' lang='lat' dir='ltr'><strong>coarguunt</strong></span> <span class='ocrx_word' id='word_1_242' title='bbox 1699 1764 1916 1838; x_wconf 78' lang='lat' dir='ltr'><strong>(.lfattli.</strong></span> <span class='ocrx_word' id='word_1_243' title='bbox 1950 1763 1996 1823; x_wconf 86' lang='lat' dir='ltr'><strong>B</strong></span> <span class='ocrx_word' id='word_1_244' title='bbox 2027 1781 2134 1821; x_wconf 91' lang='lat' dir='ltr'><strong>non</strong></span> <span class='ocrx_word' id='word_1_245' title='bbox 2165 1766 2459 1831; x_wconf 87' lang='lat' dir='ltr'><strong>habebant,</strong></span> <span class='ocrx_word' id='word_1_246' title='bbox 2493 1777 2548 1822; x_wconf 89' lang='lat' dir='ltr'><strong>et</strong></span> <span class='ocrx_word' id='word_1_247' title='bbox 2576 1783 2766 1824; x_wconf 86' lang='lat' dir='ltr'><strong>manus</strong></span> <span class='ocrx_word' id='word_1_248' title='bbox 2793 1769 3029 1824; x_wconf 83' lang='lat' dir='ltr'><strong>officium</strong></span> <span class='ocrx_word' id='word_1_249' title='bbox 3054 1771 3320 1838; x_wconf 84' lang='lat' dir='ltr'><strong>cessabat,</strong></span> <span class='ocrx_word' id='word_1_250' title='bbox 3352 1783 3403 1827; x_wconf 92' lang='lat' dir='ltr'><strong>et</strong></span> <span class='ocrx_word' id='word_1_251' title='bbox 3435 1773 3624 1828; x_wconf 91' lang='lat' dir='ltr'><strong>minis-</strong></span> 
     </span>
    </p>
   </div>
   <div class='ocr_carea' id='block_1_34' title="bbox 316 1859 1910 1934">
    <p class='ocr_par' dir='ltr' id='par_1_34' title="bbox 316 1859 1910 1934">
     <span class='ocr_line' id='line_1_34' title="bbox 316 1859 1910 1934; baseline -0.004 -14"><span class='ocrx_word' id='word_1_252' title='bbox 316 1881 412 1932; x_wconf 67' lang='grc' dir='ltr'>ιιι,</span> <span class='ocrx_word' id='word_1_253' title='bbox 441 1863 536 1934; x_wconf 73' lang='lat'><strong>2):</strong></span> <span class='ocrx_word' id='word_1_254' title='bbox 581 1877 718 1934; x_wconf 90' lang='lat' dir='ltr'><strong>quos</strong></span> <span class='ocrx_word' id='word_1_255' title='bbox 748 1862 1009 1916; x_wconf 92' lang='lat' dir='ltr'><strong>Dominus</strong></span> <span class='ocrx_word' id='word_1_256' title='bbox 1038 1861 1166 1915; x_wconf 91' lang='lat' dir='ltr'><strong>facti</strong></span> <span class='ocrx_word' id='word_1_257' title='bbox 1197 1859 1316 1930; x_wconf 87' lang='lat' dir='ltr'><strong>ejus</strong></span> <span class='ocrx_word' id='word_1_258' title='bbox 1335 1902 1352 1927; x_wconf 85' lang='lat'><strong>,</strong></span> <span class='ocrx_word' id='word_1_259' title='bbox 1382 1860 1434 1914; x_wconf 92' lang='lat' dir='ltr'><strong>in</strong></span> <span class='ocrx_word' id='word_1_260' title='bbox 1465 1875 1571 1930; x_wconf 91' lang='lat' dir='ltr'><strong>quo</strong></span> <span class='ocrx_word' id='word_1_261' title='bbox 1597 1861 1699 1914; x_wconf 89' lang='lat' dir='ltr'><strong>sub</strong></span> <span class='ocrx_word' id='word_1_262' title='bbox 1729 1875 1910 1914; x_wconf 90' lang='lat' dir='ltr'><strong>rerum</strong></span> 
     </span>
    </p>
   </div>
   <div class='ocr_carea' id='block_1_35' title="bbox 313 1951 1913 2029">
    <p class='ocr_par' dir='ltr' id='par_1_35' title="bbox 313 1951 1913 2029">
     <span class='ocr_line' id='line_1_35' title="bbox 313 1951 1913 2029; baseline -0.004 -16"><span class='ocrx_word' id='word_1_263' title='bbox 313 1963 636 2029; x_wconf 88' lang='lat' dir='ltr'><strong>argumento</strong></span> <span class='ocrx_word' id='word_1_264' title='bbox 655 1955 952 2025; x_wconf 74' lang='lat' dir='ltr'><strong>prophetia:</strong></span> <span class='ocrx_word' id='word_1_265' title='bbox 966 1953 1104 2008; x_wconf 92' lang='lat' dir='ltr'><strong>ratio</strong></span> <span class='ocrx_word' id='word_1_266' title='bbox 1115 1954 1442 2016; x_wconf 92' lang='lat' dir='ltr'><strong>continetur,</strong></span> <span class='ocrx_word' id='word_1_267' title='bbox 1456 1951 1734 2007; x_wconf 85' lang='lat' dir='ltr'><strong>admonuit</strong></span> <span class='ocrx_word' id='word_1_268' title='bbox 1749 1951 1913 2007; x_wconf 86' lang='lat' dir='ltr'><strong>David</strong></span> 
     </span>
    </p>
   </div>
   <div class='ocr_carea' id='block_1_36' title="bbox 311 2043 1916 2116">
    <p class='ocr_par' dir='ltr' id='par_1_36' title="bbox 311 2043 1916 2116">
     <span class='ocr_line' id='line_1_36' title="bbox 311 2043 1916 2116; baseline -0.004 -12"><span class='ocrx_word' id='word_1_269' title='bbox 311 2065 418 2104; x_wconf 91' lang='lat' dir='ltr'><strong>una</strong></span> <span class='ocrx_word' id='word_1_270' title='bbox 447 2063 570 2104; x_wconf 92' lang='lat' dir='ltr'><strong>cum</strong></span> <span class='ocrx_word' id='word_1_271' title='bbox 601 2047 689 2102; x_wconf 91' lang='lat' dir='ltr'><strong>his</strong></span> <span class='ocrx_word' id='word_1_272' title='bbox 716 2046 808 2116; x_wconf 90' lang='lat' dir='ltr'><strong>qui</strong></span> <span class='ocrx_word' id='word_1_273' title='bbox 840 2060 1025 2101; x_wconf 90' lang='lat' dir='ltr'><strong>secum</strong></span> <span class='ocrx_word' id='word_1_274' title='bbox 1055 2043 1287 2100; x_wconf 90' lang='lat' dir='ltr'><strong>aderant</strong></span> <span class='ocrx_word' id='word_1_275' title='bbox 1324 2045 1657 2100; x_wconf 88' lang='lat' dir='ltr'><strong>esurientem</strong></span> <span class='ocrx_word' id='word_1_276' title='bbox 1691 2043 1916 2112; x_wconf 87' lang='lat' dir='ltr'><strong>panibus</strong></span> 
     </span>
    </p>
   </div>
   <div class='ocr_carea' id='block_1_37' title="bbox 309 2135 1914 2213">
    <p class='ocr_par' dir='ltr' id='par_1_37' title="bbox 309 2135 1914 2213">
     <span class='ocr_line' id='line_1_37' title="bbox 309 2135 1914 2213; baseline -0.003 -17"><span class='ocrx_word' id='word_1_277' title='bbox 309 2141 517 2197; x_wconf 84' lang='lat' dir='ltr'><strong>illicitis</strong></span> <span class='ocrx_word' id='word_1_278' title='bbox 547 2138 626 2213; x_wconf 88' lang='lat' dir='ltr'><strong>(b)</strong></span> <span class='ocrx_word' id='word_1_279' title='bbox 656 2139 930 2209; x_wconf 79' lang='lat' dir='ltr'><strong>expletum</strong></span> <span class='ocrx_word' id='word_1_280' title='bbox 963 2137 1131 2193; x_wconf 90' lang='lat' dir='ltr'><strong>fuisse</strong></span> <span class='ocrx_word' id='word_1_281' title='bbox 1159 2135 1323 2207; x_wconf 88' lang='lat' dir='ltr'><strong>(Ibid.</strong></span> <span class='ocrx_word' id='word_1_282' title='bbox 1352 2137 1433 2206; x_wconf 81' lang='grc'><strong>5).</strong></span> <span class='ocrx_word' id='word_1_283' title='bbox 1466 2136 1652 2208; x_wconf 89' lang='lat' dir='ltr'><strong>Neque</strong></span> <span class='ocrx_word' id='word_1_284' title='bbox 1692 2136 1836 2191; x_wconf 90' lang='lat' dir='ltr'><strong>enim</strong></span> <span class='ocrx_word' id='word_1_285' title='bbox 1869 2135 1914 2191; x_wconf 90' lang='lat' dir='ltr'><strong>si</strong></span> 
     </span>
    </p>
   </div>
   <div class='ocr_carea' id='block_1_38' title="bbox 309 2225 1914 2299">
    <p class='ocr_par' dir='ltr' id='par_1_38' title="bbox 309 2225 1914 2299">
     <span class='ocr_line' id='line_1_38' title="bbox 309 2225 1914 2299; baseline -0.005 -10"><span class='ocrx_word' id='word_1_286' title='bbox 309 2247 420 2289; x_wconf 93' lang='lat' dir='ltr'><strong>non</strong></span> <span class='ocrx_word' id='word_1_287' title='bbox 452 2232 650 2288; x_wconf 89' lang='lat' dir='ltr'><strong>licebat</strong></span> <span class='ocrx_word' id='word_1_288' title='bbox 677 2229 827 2299; x_wconf 85' lang='lat' dir='ltr'><strong>ﬁeri,</strong></span> <span class='ocrx_word' id='word_1_289' title='bbox 864 2231 1028 2285; x_wconf 85' lang='lat' dir='ltr'><strong>David</strong></span> <span class='ocrx_word' id='word_1_290' title='bbox 1055 2229 1299 2286; x_wconf 89' lang='lat' dir='ltr'><strong>creditus</strong></span> <span class='ocrx_word' id='word_1_291' title='bbox 1330 2227 1522 2283; x_wconf 82' lang='lat' dir='ltr'><strong>fuisset</strong></span> <span class='ocrx_word' id='word_1_292' title='bbox 1563 2227 1756 2281; x_wconf 86' lang='lat' dir='ltr'><strong>fecisse</strong></span> <span class='ocrx_word' id='word_1_293' title='bbox 1796 2225 1914 2281; x_wconf 87' lang='lat' dir='ltr'><strong>sine</strong></span> 
     </span>
    </p>
   </div>
   <div class='ocr_carea' id='block_1_39' title="bbox 305 2318 1916 2392">
    <p class='ocr_par' dir='ltr' id='par_1_39' title="bbox 305 2318 1916 2392">
     <span class='ocr_line' id='line_1_39' title="bbox 305 2318 1916 2392; baseline -0.006 -9"><span class='ocrx_word' id='word_1_294' title='bbox 305 2327 559 2384; x_wconf 88' lang='lat' dir='ltr'><strong>crimine.</strong></span> <span class='ocrx_word' id='word_1_295' title='bbox 589 2325 790 2381; x_wconf 86' lang='lat' dir='ltr'><strong>Verum</strong></span> <span class='ocrx_word' id='word_1_296' title='bbox 823 2323 941 2380; x_wconf 89' lang='lat' dir='ltr'><strong>sine</strong></span> <span class='ocrx_word' id='word_1_297' title='bbox 971 2324 1214 2380; x_wconf 89' lang='lat' dir='ltr'><strong>criminis</strong></span> <span class='ocrx_word' id='word_1_298' title='bbox 1246 2321 1457 2392; x_wconf 89' lang='lat' dir='ltr'><strong>piaculo</strong></span> <span class='ocrx_word' id='word_1_299' title='bbox 1488 2320 1644 2375; x_wconf 84' lang='lat' dir='ltr'><strong>factis</strong></span> <span class='ocrx_word' id='word_1_300' title='bbox 1673 2318 1742 2391; x_wconf 83' lang='lat' dir='ltr'><strong>(c)</strong></span> <span class='ocrx_word' id='word_1_301' title='bbox 1791 2334 1916 2390; x_wconf 87' lang='lat' dir='ltr'><strong>pro-</strong></span> 
     </span>
    </p>
   </div>
   <div class='ocr_carea' id='block_1_40' title="bbox 306 2413 1913 2492">
    <p class='ocr_par' dir='ltr' id='par_1_40' title="bbox 306 2413 1913 2492">
     <span class='ocr_line' id='line_1_40' title="bbox 306 2413 1913 2492; baseline -0.006 -16"><span class='ocrx_word' id='word_1_302' title='bbox 306 2421 502 2492; x_wconf 89' lang='lat' dir='ltr'><strong>phetat</strong></span> <span class='ocrx_word' id='word_1_303' title='bbox 541 2421 593 2475; x_wconf 91' lang='lat' dir='ltr'><strong>in</strong></span> <span class='ocrx_word' id='word_1_304' title='bbox 623 2419 777 2490; x_wconf 87' lang='lat' dir='ltr'><strong>lege;</strong></span> <span class='ocrx_word' id='word_1_305' title='bbox 824 2429 882 2472; x_wconf 92' lang='lat' dir='ltr'><strong>ut</strong></span> <span class='ocrx_word' id='word_1_306' title='bbox 932 2417 1046 2488; x_wconf 89' lang='lat' dir='ltr'><strong>ipse</strong></span> <span class='ocrx_word' id='word_1_307' title='bbox 1075 2431 1200 2473; x_wconf 87' lang='lat' dir='ltr'><strong>cum</strong></span> <span class='ocrx_word' id='word_1_308' title='bbox 1250 2414 1460 2470; x_wconf 65' lang='lat' dir='ltr'><strong>caeteris</strong></span> <span class='ocrx_word' id='word_1_309' title='bbox 1482 2455 1498 2481; x_wconf 97' lang='lat'><strong>,</strong></span> <span class='ocrx_word' id='word_1_310' title='bbox 1529 2413 1761 2482; x_wconf 89' lang='lat' dir='ltr'><strong>panibus</strong></span> <span class='ocrx_word' id='word_1_311' title='bbox 1789 2427 1913 2482; x_wconf 88' lang='lat' dir='ltr'><strong>pro-</strong></span> 
     </span>
    </p>
   </div>
   <div class='ocr_carea' id='block_1_41' title="bbox 306 2504 1910 2584">
    <p class='ocr_par' dir='ltr' id='par_1_41' title="bbox 306 2504 1910 2584">
     <span class='ocr_line' id='line_1_41' title="bbox 306 2504 1910 2584; baseline -0.006 -16"><span class='ocrx_word' id='word_1_312' title='bbox 306 2512 599 2584; x_wconf 86' lang='lat' dir='ltr'><strong>positionis</strong></span> <span class='ocrx_word' id='word_1_313' title='bbox 636 2510 886 2582; x_wconf 79' lang='lat' dir='ltr'><strong>expletus</strong></span> <span class='ocrx_word' id='word_1_314' title='bbox 925 2511 1030 2564; x_wconf 88' lang='lat' dir='ltr'><strong>sit:</strong></span> <span class='ocrx_word' id='word_1_315' title='bbox 1057 2509 1128 2576; x_wconf 86' lang='lat' dir='ltr'><strong>ita</strong></span> <span class='ocrx_word' id='word_1_316' title='bbox 1151 2507 1444 2562; x_wconf 89' lang='lat' dir='ltr'><strong>ostendens</strong></span> <span class='ocrx_word' id='word_1_317' title='bbox 1478 2504 1756 2561; x_wconf 85' lang='lat' dir='ltr'><strong>Christum</strong></span> <span class='ocrx_word' id='word_1_318' title='bbox 1787 2519 1910 2560; x_wconf 92' lang='lat' dir='ltr'><strong>cum</strong></span> 
     </span>
    </p>
   </div>
   <div class='ocr_carea' id='block_1_42' title="bbox 306 2596 1912 2676">
    <p class='ocr_par' dir='ltr' id='par_1_42' title="bbox 306 2596 1912 2676">
     <span class='ocr_line' id='line_1_42' title="bbox 306 2596 1912 2676; baseline -0.004 -17"><span class='ocrx_word' id='word_1_319' title='bbox 306 2604 572 2676; x_wconf 86' lang='lat' dir='ltr'><strong>apostolis</strong></span> <span class='ocrx_word' id='word_1_320' title='bbox 615 2603 856 2674; x_wconf 88' lang='lat' dir='ltr'><strong>gentittm</strong></span> <span class='ocrx_word' id='word_1_321' title='bbox 901 2601 1075 2658; x_wconf 87' lang='lat' dir='ltr'><strong>salute</strong></span> <span class='ocrx_word' id='word_1_322' title='bbox 1123 2599 1471 2666; x_wconf 85' lang='lat' dir='ltr'><strong>satiandum,</strong></span> <span class='ocrx_word' id='word_1_323' title='bbox 1518 2597 1662 2670; x_wconf 83' lang='lat' dir='ltr'><strong>quod</strong></span> <span class='ocrx_word' id='word_1_324' title='bbox 1707 2596 1912 2653; x_wconf 71' lang='lat' dir='ltr'><strong>Iudaeis</strong></span> 
     </span>
    </p>
   </div>
   <div class='ocr_carea' id='block_1_43' title="bbox 305 2697 890 2756">
    <p class='ocr_par' dir='ltr' id='par_1_43' title="bbox 305 2697 890 2756">
     <span class='ocr_line' id='line_1_43' title="bbox 305 2697 890 2756; baseline -0.009 0"><span class='ocrx_word' id='word_1_325' title='bbox 305 2698 558 2756; x_wconf 88' lang='lat' dir='ltr'><strong>illicitum</strong></span> <span class='ocrx_word' id='word_1_326' title='bbox 589 2697 890 2752; x_wconf 83' lang='lat' dir='ltr'><strong>videretur.</strong></span> 
     </span>
    </p>
   </div>
   <div class='ocr_carea' id='block_1_44' title="bbox 375 2787 1913 2863">
    <p class='ocr_par' dir='ltr' id='par_1_44' title="bbox 375 2787 1913 2863">
     <span class='ocr_line' id='line_1_44' title="bbox 375 2787 1913 2863; baseline -0.005 -14"><span class='ocrx_word' id='word_1_327' title='bbox 375 2793 434 2849; x_wconf 71' lang='grc'><strong>4.</strong></span> <span class='ocrx_word' id='word_1_328' title='bbox 483 2790 720 2848; x_wconf 86' lang='lat' dir='ltr'><strong>Alterius</strong></span> <span class='ocrx_word' id='word_1_329' title='bbox 763 2805 981 2863; x_wconf 87' lang='lat' dir='ltr'><strong>quoque</strong></span> <span class='ocrx_word' id='word_1_330' title='bbox 1022 2804 1119 2846; x_wconf 91' lang='lat' dir='ltr'><strong>eos</strong></span> <span class='ocrx_word' id='word_1_331' title='bbox 1167 2789 1424 2844; x_wconf 88' lang='lat' dir='ltr'><strong>admonet</strong></span> <span class='ocrx_word' id='word_1_332' title='bbox 1466 2787 1810 2860; x_wconf 79' lang='lat' dir='ltr'><strong>prophetiae,</strong></span> <span class='ocrx_word' id='word_1_333' title='bbox 1854 2796 1913 2843; x_wconf 94' lang='lat' dir='ltr'><strong>ut</strong></span> 
     </span>
    </p>
   </div>
   <div class='ocr_carea' id='block_1_45' title="bbox 304 2879 1907 2952">
    <p class='ocr_par' dir='ltr' id='par_1_45' title="bbox 304 2879 1907 2952">
     <span class='ocr_line' id='line_1_45' title="bbox 304 2879 1907 2952; baseline -0.006 -11"><span class='ocrx_word' id='word_1_334' title='bbox 304 2883 670 2942; x_wconf 58' lang='lat' dir='ltr'><strong>consummat”:</strong></span> <span class='ocrx_word' id='word_1_335' title='bbox 710 2882 763 2937; x_wconf 90' lang='lat' dir='ltr'><strong>in</strong></span> <span class='ocrx_word' id='word_1_336' title='bbox 805 2896 865 2936; x_wconf 90' lang='lat' dir='ltr'><strong>se</strong></span> <span class='ocrx_word' id='word_1_337' title='bbox 895 2881 1107 2947; x_wconf 91' lang='lat' dir='ltr'><strong>omnia,</strong></span> <span class='ocrx_word' id='word_1_338' title='bbox 1140 2895 1263 2952; x_wconf 66' lang='lat' dir='ltr'><strong>qua:</strong></span> <span class='ocrx_word' id='word_1_339' title='bbox 1293 2881 1535 2935; x_wconf 90' lang='lat' dir='ltr'><strong>anterius</strong></span> <span class='ocrx_word' id='word_1_340' title='bbox 1574 2888 1702 2934; x_wconf 90' lang='lat' dir='ltr'><strong>sunt</strong></span> <span class='ocrx_word' id='word_1_341' title='bbox 1731 2879 1870 2934; x_wconf 90' lang='lat' dir='ltr'><strong>dicta</strong></span> <span class='ocrx_word' id='word_1_342' title='bbox 1891 2921 1907 2947; x_wconf 89' lang='lat'><strong>,</strong></span> 
     </span>
    </p>
   </div>
   <div class='ocr_carea' id='block_1_46' title="bbox 303 2973 1911 3047">
    <p class='ocr_par' dir='ltr' id='par_1_46' title="bbox 303 2973 1911 3047">
     <span class='ocr_line' id='line_1_46' title="bbox 303 2973 1911 3047; baseline -0.003 -13"><span class='ocrx_word' id='word_1_343' title='bbox 303 2983 698 3047; x_wconf 86' lang='lat' dir='ltr'><strong>cognoscerent</strong></span> <span class='ocrx_word' id='word_1_344' title='bbox 724 2974 780 3029; x_wconf 92' lang='lat' dir='ltr'><strong>in</strong></span> <span class='ocrx_word' id='word_1_345' title='bbox 811 2974 961 3045; x_wconf 90' lang='lat' dir='ltr'><strong>lege;</strong></span> <span class='ocrx_word' id='word_1_346' title='bbox 993 2973 1275 3029; x_wconf 85' lang='lat' dir='ltr'><strong>sabbatum</strong></span> <span class='ocrx_word' id='word_1_347' title='bbox 1296 2974 1347 3028; x_wconf 94' lang='lat' dir='ltr'><strong>in</strong></span> <span class='ocrx_word' id='word_1_348' title='bbox 1370 2974 1571 3043; x_wconf 89' lang='lat' dir='ltr'><strong>templo</strong></span> <span class='ocrx_word' id='word_1_349' title='bbox 1599 2974 1911 3030; x_wconf 89' lang='lat' dir='ltr'><strong>sacerdotes</strong></span> 
     </span>
    </p>
   </div>
   <div class='ocr_carea' id='block_1_47' title="bbox 303 3065 1908 3143">
    <p class='ocr_par' dir='ltr' id='par_1_47' title="bbox 303 3065 1908 3143">
     <span class='ocr_line' id='line_1_47' title="bbox 303 3065 1908 3143; baseline -0.003 -19"><span class='ocrx_word' id='word_1_350' title='bbox 303 3070 388 3143; x_wconf 79' lang='grc' dir='ltr'><strong>(ά)</strong></span> <span class='ocrx_word' id='word_1_351' title='bbox 416 3069 622 3124; x_wconf 87' lang='lat' dir='ltr'><strong>violare</strong></span> <span class='ocrx_word' id='word_1_352' title='bbox 645 3068 762 3122; x_wconf 91' lang='lat' dir='ltr'><strong>sine</strong></span> <span class='ocrx_word' id='word_1_353' title='bbox 786 3067 1016 3121; x_wconf 91' lang='lat' dir='ltr'><strong>crimine</strong></span> <span class='ocrx_word' id='word_1_354' title='bbox 1045 3065 1210 3138; x_wconf 83' lang='lat' dir='ltr'><strong>(Ibid.</strong></span> <span class='ocrx_word' id='word_1_355' title='bbox 1241 3065 1330 3139; x_wconf 83' lang='lat'><strong>5);</strong></span> <span class='ocrx_word' id='word_1_356' title='bbox 1362 3065 1620 3136; x_wconf 91' lang='lat' dir='ltr'><strong>templum</strong></span> <span class='ocrx_word' id='word_1_357' title='bbox 1649 3079 1708 3120; x_wconf 92' lang='lat' dir='ltr'><strong>se</strong></span> <span class='ocrx_word' id='word_1_358' title='bbox 1734 3067 1908 3134; x_wconf 88' lang='lat' dir='ltr'><strong>ipsum</strong></span> 
     </span>
    </p>
   </div>
   <div class='ocr_carea' id='block_1_48' title="bbox 2019 1860 3622 1936">
    <p class='ocr_par' dir='ltr' id='par_1_48' title="bbox 2019 1860 3622 1936">
     <span class='ocr_line' id='line_1_48' title="bbox 2019 1860 3622 1936; baseline 0.004 -21"><span class='ocrx_word' id='word_1_359' title='bbox 2019 1860 2213 1915; x_wconf 89' lang='lat' dir='ltr'><strong>terium</strong></span> <span class='ocrx_word' id='word_1_360' title='bbox 2239 1861 2506 1930; x_wconf 88' lang='lat' dir='ltr'><strong>corporis,</strong></span> <span class='ocrx_word' id='word_1_361' title='bbox 2535 1875 2642 1929; x_wconf 88' lang='lat' dir='ltr'><strong>quo</strong></span> <span class='ocrx_word' id='word_1_362' title='bbox 2667 1860 2866 1929; x_wconf 86' lang='lat' dir='ltr'><strong>aliquid</strong></span> <span class='ocrx_word' id='word_1_363' title='bbox 2898 1863 3071 1931; x_wconf 88' lang='lat' dir='ltr'><strong>agitur</strong></span> <span class='ocrx_word' id='word_1_364' title='bbox 3117 1872 3276 1933; x_wconf 89' lang='lat' dir='ltr'><strong>atque</strong></span> <span class='ocrx_word' id='word_1_365' title='bbox 3307 1864 3384 1936; x_wconf 82' lang='lat' dir='ltr'><strong>(Ii)</strong></span> <span class='ocrx_word' id='word_1_366' title='bbox 3418 1865 3622 1936; x_wconf 85' lang='lat' dir='ltr'><strong>imper-</strong></span> 
     </span>
    </p>
   </div>
   <div class='ocr_carea' id='block_1_49' title="bbox 2019 1951 3618 2025">
    <p class='ocr_par' dir='ltr' id='par_1_49' title="bbox 2019 1951 3618 2025">
     <span class='ocr_line' id='line_1_49' title="bbox 2019 1951 3618 2025; baseline 0.004 -20"><span class='ocrx_word' id='word_1_367' title='bbox 2019 1951 2170 2017; x_wconf 89' lang='lat' dir='ltr'><strong>titur,</strong></span> <span class='ocrx_word' id='word_1_368' title='bbox 2201 1963 2438 2007; x_wconf 89' lang='lat' dir='ltr'><strong>aruerat.</strong></span> <span class='ocrx_word' id='word_1_369' title='bbox 2469 1953 2727 2007; x_wconf 92' lang='lat' dir='ltr'><strong>Dominus</strong></span> <span class='ocrx_word' id='word_1_370' title='bbox 2755 1954 2918 2022; x_wconf 83' lang='lat' dir='ltr'><strong>igitur</strong></span> <span class='ocrx_word' id='word_1_371' title='bbox 2945 1969 3162 2008; x_wconf 89' lang='lat' dir='ltr'><strong>manum</strong></span> <span class='ocrx_word' id='word_1_372' title='bbox 3185 1969 3308 2009; x_wconf 90' lang='lat' dir='ltr'><strong>eum</strong></span> <span class='ocrx_word' id='word_1_373' title='bbox 3334 1956 3494 2025; x_wconf 87' lang='lat' dir='ltr'><strong>jussit</strong></span> <span class='ocrx_word' id='word_1_374' title='bbox 3524 1972 3618 2011; x_wconf 86' lang='lat' dir='ltr'><strong>ex-</strong></span> 
     </span>
    </p>
   </div>
   <div class='ocr_carea' id='block_1_50' title="bbox 2017 2043 3615 2118">
    <p class='ocr_par' dir='ltr' id='par_1_50' title="bbox 2017 2043 3615 2118">
     <span class='ocr_line' id='line_1_50' title="bbox 2017 2043 3615 2118; baseline 0.003 -20"><span class='ocrx_word' id='word_1_375' title='bbox 2017 2043 2264 2110; x_wconf 90' lang='lat' dir='ltr'><strong>tendere,</strong></span> <span class='ocrx_word' id='word_1_376' title='bbox 2295 2059 2414 2113; x_wconf 69' lang='lat' dir='ltr'><strong>qure</strong></span> <span class='ocrx_word' id='word_1_377' title='bbox 2445 2045 2692 2099; x_wconf 90' lang='lat' dir='ltr'><strong>restituta</strong></span> <span class='ocrx_word' id='word_1_378' title='bbox 2723 2053 2807 2100; x_wconf 90' lang='lat' dir='ltr'><strong>est</strong></span> <span class='ocrx_word' id='word_1_379' title='bbox 2835 2046 2884 2099; x_wconf 90' lang='lat' dir='ltr'><strong>ei</strong></span> <span class='ocrx_word' id='word_1_380' title='bbox 2915 2046 3055 2100; x_wconf 89' lang='lat' dir='ltr'><strong>sicut</strong></span> <span class='ocrx_word' id='word_1_381' title='bbox 3084 2047 3252 2101; x_wconf 91' lang='lat' dir='ltr'><strong>altera</strong></span> <span class='ocrx_word' id='word_1_382' title='bbox 3285 2046 3458 2117; x_wconf 86' lang='lat' dir='ltr'><strong>(Ibid.</strong></span> <span class='ocrx_word' id='word_1_383' title='bbox 3491 2048 3615 2118; x_wconf 78' lang='grc'><strong>15).</strong></span> 
     </span>
    </p>
   </div>
   <div class='ocr_carea' id='block_1_51' title="bbox 2016 2134 3618 2201">
    <p class='ocr_par' dir='ltr' id='par_1_51' title="bbox 2016 2134 3618 2201">
     <span class='ocr_line' id='line_1_51' title="bbox 2016 2134 3618 2201; baseline 0.001 -10"><span class='ocrx_word' id='word_1_384' title='bbox 2016 2134 2240 2192; x_wconf 82' lang='lat' dir='ltr'><strong>Curatio</strong></span> <span class='ocrx_word' id='word_1_385' title='bbox 2270 2135 2447 2190; x_wconf 91' lang='lat' dir='ltr'><strong>omnis</strong></span> <span class='ocrx_word' id='word_1_386' title='bbox 2484 2135 2537 2189; x_wconf 92' lang='lat' dir='ltr'><strong>in</strong></span> <span class='ocrx_word' id='word_1_387' title='bbox 2573 2135 2744 2190; x_wconf 90' lang='lat' dir='ltr'><strong>verbo</strong></span> <span class='ocrx_word' id='word_1_388' title='bbox 2782 2145 2896 2201; x_wconf 89' lang='lat' dir='ltr'><strong>est,</strong></span> <span class='ocrx_word' id='word_1_389' title='bbox 2939 2145 2994 2190; x_wconf 91' lang='lat' dir='ltr'><strong>et</strong></span> <span class='ocrx_word' id='word_1_390' title='bbox 3031 2152 3225 2191; x_wconf 92' lang='lat' dir='ltr'><strong>manus</strong></span> <span class='ocrx_word' id='word_1_391' title='bbox 3261 2138 3403 2193; x_wconf 91' lang='lat' dir='ltr'><strong>sicut</strong></span> <span class='ocrx_word' id='word_1_392' title='bbox 3446 2139 3618 2194; x_wconf 88' lang='lat' dir='ltr'><strong>altera</strong></span> 
     </span>
    </p>
   </div>
   <div class='ocr_carea' id='block_1_52' title="bbox 2013 2225 3617 2300">
    <p class='ocr_par' dir='ltr' id='par_1_52' title="bbox 2013 2225 3617 2300">
     <span class='ocr_line' id='line_1_52' title="bbox 2013 2225 3617 2300; baseline 0.004 -20"><span class='ocrx_word' id='word_1_393' title='bbox 2013 2225 2278 2291; x_wconf 87' lang='lat' dir='ltr'><strong>redditur,</strong></span> <span class='ocrx_word' id='word_1_394' title='bbox 2314 2227 2364 2282; x_wconf 94' lang='lat' dir='ltr'><strong>id</strong></span> <span class='ocrx_word' id='word_1_395' title='bbox 2404 2238 2517 2294; x_wconf 89' lang='lat' dir='ltr'><strong>est,</strong></span> <span class='ocrx_word' id='word_1_396' title='bbox 2558 2227 2753 2284; x_wconf 88' lang='lat' dir='ltr'><strong>similis</strong></span> <span class='ocrx_word' id='word_1_397' title='bbox 2795 2231 3096 2284; x_wconf 89' lang='lat' dir='ltr'><strong>ministerio</strong></span> <span class='ocrx_word' id='word_1_398' title='bbox 3142 2231 3511 2300; x_wconf 90' lang='lat' dir='ltr'><strong>apostolorum</strong></span> <span class='ocrx_word' id='word_1_399' title='bbox 3559 2233 3617 2287; x_wconf 89' lang='lat' dir='ltr'><strong>in</strong></span> 
     </span>
    </p>
   </div>
   <div class='ocr_carea' id='block_1_53' title="bbox 2015 2319 3618 2395">
    <p class='ocr_par' dir='ltr' id='par_1_53' title="bbox 2015 2319 3618 2395">
     <span class='ocr_line' id='line_1_53' title="bbox 2015 2319 3618 2395; baseline 0.002 -20"><span class='ocrx_word' id='word_1_400' title='bbox 2015 2319 2253 2376; x_wconf 87' lang='lat' dir='ltr'><strong>officium</strong></span> <span class='ocrx_word' id='word_1_401' title='bbox 2282 2320 2472 2377; x_wconf 88' lang='lat' dir='ltr'><strong>dandae</strong></span> <span class='ocrx_word' id='word_1_402' title='bbox 2498 2321 2691 2377; x_wconf 91' lang='lat' dir='ltr'><strong>salutis</strong></span> <span class='ocrx_word' id='word_1_403' title='bbox 2719 2321 2956 2377; x_wconf 90' lang='lat' dir='ltr'><strong>efficitur</strong></span> <span class='ocrx_word' id='word_1_404' title='bbox 2983 2341 2995 2376; x_wconf 92' lang='lat'>:</span> <span class='ocrx_word' id='word_1_405' title='bbox 3023 2323 3287 2395; x_wconf 89' lang='lat' dir='ltr'><strong>docetque</strong></span> <span class='ocrx_word' id='word_1_406' title='bbox 3313 2323 3618 2380; x_wconf 82' lang='lat' dir='ltr'><strong>Pharisaeos</strong></span> 
     </span>
    </p>
   </div>
   <div class='ocr_carea' id='block_1_54' title="bbox 2014 2412 3624 2487">
    <p class='ocr_par' dir='ltr' id='par_1_54' title="bbox 2014 2412 3624 2487">
     <span class='ocr_line' id='line_1_54' title="bbox 2014 2412 3624 2487; baseline 0.004 -20"><span class='ocrx_word' id='word_1_407' title='bbox 2014 2427 2157 2482; x_wconf 70' lang='lat' dir='ltr'><strong>mgre</strong></span> <span class='ocrx_word' id='word_1_408' title='bbox 2201 2412 2342 2468; x_wconf 90' lang='lat' dir='ltr'><strong>ferre</strong></span> <span class='ocrx_word' id='word_1_409' title='bbox 2393 2429 2499 2468; x_wconf 91' lang='lat' dir='ltr'><strong>non</strong></span> <span class='ocrx_word' id='word_1_410' title='bbox 2543 2423 2796 2484; x_wconf 88' lang='lat' dir='ltr'><strong>oportere</strong></span> <span class='ocrx_word' id='word_1_411' title='bbox 2841 2415 2904 2487; x_wconf 93' lang='lat' dir='ltr'><strong>(i)</strong></span> <span class='ocrx_word' id='word_1_412' title='bbox 2953 2417 3322 2487; x_wconf 88' lang='lat' dir='ltr'><strong>operationem</strong></span> <span class='ocrx_word' id='word_1_413' title='bbox 3371 2417 3624 2474; x_wconf 72' lang='lat' dir='ltr'><strong>humanae</strong></span> 
     </span>
    </p>
   </div>
   <div class='ocr_carea' id='block_1_55' title="bbox 2013 2506 3622 2582">
    <p class='ocr_par' dir='ltr' id='par_1_55' title="bbox 2013 2506 3622 2582">
     <span class='ocr_line' id='line_1_55' title="bbox 2013 2506 3622 2582; baseline 0.004 -22"><span class='ocrx_word' id='word_1_414' title='bbox 2013 2506 2202 2562; x_wconf 90' lang='lat' dir='ltr'><strong>salutis</strong></span> <span class='ocrx_word' id='word_1_415' title='bbox 2235 2508 2286 2561; x_wconf 92' lang='lat' dir='ltr'><strong>in</strong></span> <span class='ocrx_word' id='word_1_416' title='bbox 2317 2508 2610 2576; x_wconf 86' lang='lat' dir='ltr'><strong>apostolis;</strong></span> <span class='ocrx_word' id='word_1_417' title='bbox 2639 2524 2760 2563; x_wconf 85' lang='lat' dir='ltr'><strong>cum</strong></span> <span class='ocrx_word' id='word_1_418' title='bbox 2795 2510 2922 2578; x_wconf 90' lang='lat' dir='ltr'><strong>ipsis</strong></span> <span class='ocrx_word' id='word_1_419' title='bbox 2953 2509 3022 2564; x_wconf 88' lang='lat' dir='ltr'><strong>ad</strong></span> <span class='ocrx_word' id='word_1_420' title='bbox 3051 2509 3214 2566; x_wconf 86' lang='lat' dir='ltr'><strong>officii</strong></span> <span class='ocrx_word' id='word_1_421' title='bbox 3247 2511 3488 2582; x_wconf 87' lang='lat' dir='ltr'><strong>ejusdem</strong></span> <span class='ocrx_word' id='word_1_422' title='bbox 3519 2511 3622 2567; x_wconf 88' lang='lat' dir='ltr'><strong>mi-</strong></span> 
     </span>
    </p>
   </div>
   <div class='ocr_carea' id='block_1_56' title="bbox 2015 2600 3371 2669">
    <p class='ocr_par' dir='ltr' id='par_1_56' title="bbox 2015 2600 3371 2669">
     <span class='ocr_line' id='line_1_56' title="bbox 2015 2600 3371 2669; baseline 0.002 -15"><span class='ocrx_word' id='word_1_423' title='bbox 2015 2600 2294 2654; x_wconf 88' lang='lat' dir='ltr'><strong>nisterium</strong></span> <span class='ocrx_word' id='word_1_424' title='bbox 2326 2615 2516 2655; x_wconf 86' lang='lat' dir='ltr'><strong>manus</strong></span> <span class='ocrx_word' id='word_1_425' title='bbox 2545 2601 2614 2655; x_wconf 89' lang='lat' dir='ltr'><strong>sit</strong></span> <span class='ocrx_word' id='word_1_426' title='bbox 2647 2601 2985 2657; x_wconf 86' lang='lat' dir='ltr'><strong>refortnanda</strong></span> <span class='ocrx_word' id='word_1_427' title='bbox 3006 2645 3020 2669; x_wconf 91' lang='lat'><strong>,</strong></span> <span class='ocrx_word' id='word_1_428' title='bbox 3052 2604 3096 2658; x_wconf 90' lang='lat' dir='ltr'><strong>si</strong></span> <span class='ocrx_word' id='word_1_429' title='bbox 3125 2604 3371 2660; x_wconf 84' lang='lat' dir='ltr'><strong>credant.</strong></span> 
     </span>
    </p>
   </div>
   <div class='ocr_carea' id='block_1_57' title="bbox 2085 2681 3620 2761">
    <p class='ocr_par' dir='ltr' id='par_1_57' title="bbox 2085 2681 3620 2761">
     <span class='ocr_line' id='line_1_57' title="bbox 2085 2681 3620 2761; baseline 0.003 -15"><span class='ocrx_word' id='word_1_430' title='bbox 2085 2692 2138 2746; x_wconf 93' lang='lat'><strong>8.</strong></span> <span class='ocrx_word' id='word_1_431' title='bbox 2187 2691 2292 2748; x_wconf 87' lang='lat' dir='ltr'><strong>Sed</strong></span> <span class='ocrx_word' id='word_1_432' title='bbox 2321 2692 2519 2746; x_wconf 83' lang='lat' dir='ltr'><strong>invidia</strong></span> <span class='ocrx_word' id='word_1_433' title='bbox 2553 2692 2674 2746; x_wconf 89' lang='lat' dir='ltr'><strong>facti</strong></span> <span class='ocrx_word' id='word_1_434' title='bbox 2706 2693 3010 2749; x_wconf 45' lang='lat' dir='ltr'><strong>Pharisaios</strong></span> <span class='ocrx_word' id='word_1_435' title='bbox 3042 2681 3388 2761; x_wconf 86' lang='lat' dir='ltr'><strong>commovet,</strong></span> <span class='ocrx_word' id='word_1_436' title='bbox 3433 2704 3488 2750; x_wconf 90' lang='lat' dir='ltr'><strong>ct</strong></span> <span class='ocrx_word' id='word_1_437' title='bbox 3517 2695 3620 2750; x_wconf 90' lang='lat' dir='ltr'><strong>ad—</strong></span> 
     </span>
    </p>
   </div>
   <div class='ocr_carea' id='block_1_58' title="bbox 2014 2786 3618 2861">
    <p class='ocr_par' dir='ltr' id='par_1_58' title="bbox 2014 2786 3618 2861">
     <span class='ocr_line' id='line_1_58' title="bbox 2014 2786 3618 2861; baseline 0.001 -21"><span class='ocrx_word' id='word_1_438' title='bbox 2014 2801 2204 2842; x_wconf 90' lang='lat' dir='ltr'><strong>versus</strong></span> <span class='ocrx_word' id='word_1_439' title='bbox 2229 2802 2350 2842; x_wconf 89' lang='lat' dir='ltr'><strong>eum</strong></span> <span class='ocrx_word' id='word_1_440' title='bbox 2380 2786 2569 2841; x_wconf 89' lang='lat' dir='ltr'><strong>ineunt</strong></span> <span class='ocrx_word' id='word_1_441' title='bbox 2593 2787 2880 2842; x_wconf 90' lang='lat' dir='ltr'><strong>consilium</strong></span> <span class='ocrx_word' id='word_1_442' title='bbox 2913 2787 2931 2861; x_wconf 97' lang='lat'><strong>(</strong></span> <span class='ocrx_word' id='word_1_443' title='bbox 2959 2787 3092 2841; x_wconf 86' lang='lat' dir='ltr'><strong>Ibid.</strong></span> <span class='ocrx_word' id='word_1_444' title='bbox 3130 2789 3194 2842; x_wconf 76' lang='lat' dir='ltr'><strong>M</strong></span> <span class='ocrx_word' id='word_1_445' title='bbox 3218 2787 3274 2859; x_wconf 91' lang='lat'><strong>):</strong></span> <span class='ocrx_word' id='word_1_446' title='bbox 3321 2789 3445 2858; x_wconf 87' lang='lat' dir='ltr'><strong>quia</strong></span> <span class='ocrx_word' id='word_1_447' title='bbox 3487 2803 3618 2845; x_wconf 81' lang='lat' dir='ltr'><strong>con-</strong></span> 
     </span>
    </p>
   </div>
   <div class='ocr_carea' id='block_1_59' title="bbox 2015 2878 3616 2952">
    <p class='ocr_par' dir='ltr' id='par_1_59' title="bbox 2015 2878 3616 2952">
     <span class='ocr_line' id='line_1_59' title="bbox 2015 2878 3616 2952; baseline 0.002 -18"><span class='ocrx_word' id='word_1_448' title='bbox 2015 2887 2230 2935; x_wconf 86' lang='lat' dir='ltr'><strong>tuentes</strong></span> <span class='ocrx_word' id='word_1_449' title='bbox 2262 2878 2538 2934; x_wconf 91' lang='lat' dir='ltr'><strong>hominem</strong></span> <span class='ocrx_word' id='word_1_450' title='bbox 2569 2879 2626 2933; x_wconf 93' lang='lat' dir='ltr'><strong>in</strong></span> <span class='ocrx_word' id='word_1_451' title='bbox 2655 2893 2906 2950; x_wconf 91' lang='lat' dir='ltr'><strong>corpore,</strong></span> <span class='ocrx_word' id='word_1_452' title='bbox 2943 2881 3106 2936; x_wconf 90' lang='lat' dir='ltr'><strong>Deum</strong></span> <span class='ocrx_word' id='word_1_453' title='bbox 3142 2881 3194 2936; x_wconf 90' lang='lat' dir='ltr'><strong>in</strong></span> <span class='ocrx_word' id='word_1_454' title='bbox 3225 2882 3479 2952; x_wconf 87' lang='lat' dir='ltr'><strong>operibus</strong></span> <span class='ocrx_word' id='word_1_455' title='bbox 3508 2897 3616 2938; x_wconf 91' lang='lat' dir='ltr'><strong>non</strong></span> 
     </span>
    </p>
   </div>
   <div class='ocr_carea' id='block_1_60' title="bbox 2015 2973 3620 3044">
    <p class='ocr_par' dir='ltr' id='par_1_60' title="bbox 2015 2973 3620 3044">
     <span class='ocr_line' id='line_1_60' title="bbox 2015 2973 3620 3044; baseline 0.002 -16"><span class='ocrx_word' id='word_1_456' title='bbox 2015 2973 2412 3044; x_wconf 87' lang='lat' dir='ltr'><strong>intelligebant.</strong></span> <span class='ocrx_word' id='word_1_457' title='bbox 2503 2973 2806 3044; x_wconf 88' lang='lat' dir='ltr'><strong>Sciensque</strong></span> <span class='ocrx_word' id='word_1_458' title='bbox 2855 2989 3042 3028; x_wconf 89' lang='lat' dir='ltr'><strong>eorum</strong></span> <span class='ocrx_word' id='word_1_459' title='bbox 3111 2975 3340 3031; x_wconf 86' lang='lat' dir='ltr'><strong>consilia</strong></span> <span class='ocrx_word' id='word_1_460' title='bbox 3394 2978 3620 3032; x_wconf 89' lang='lat' dir='ltr'><strong>secessit</strong></span> 
     </span>
    </p>
   </div>
   <div class='ocr_carea' id='block_1_61' title="bbox 2015 3064 3616 3138">
    <p class='ocr_par' dir='ltr' id='par_1_61' title="bbox 2015 3064 3616 3138">
     <span class='ocr_line' id='line_1_61' title="bbox 2015 3064 3616 3138; baseline 0.004 -20"><span class='ocrx_word' id='word_1_461' title='bbox 2015 3064 2198 3134; x_wconf 86' lang='lat' dir='ltr'><strong>(Ibid.</strong></span> <span class='ocrx_word' id='word_1_462' title='bbox 2235 3067 2302 3122; x_wconf 82' lang='grc'><strong>15</strong></span> <span class='ocrx_word' id='word_1_463' title='bbox 2325 3067 2384 3136; x_wconf 91' lang='grc'><strong>);</strong></span> <span class='ocrx_word' id='word_1_464' title='bbox 2418 3075 2474 3119; x_wconf 86' lang='grc' dir='ltr'><strong>ιιι</strong></span> <span class='ocrx_word' id='word_1_465' title='bbox 2501 3081 2528 3118; x_wconf 90' lang='lat' dir='ltr'><strong>a</strong></span> <span class='ocrx_word' id='word_1_466' title='bbox 2561 3065 2805 3121; x_wconf 90' lang='lat' dir='ltr'><strong>consiliis</strong></span> <span class='ocrx_word' id='word_1_467' title='bbox 2837 3067 3242 3138; x_wconf 88' lang='lat' dir='ltr'><strong>malignantium</strong></span> <span class='ocrx_word' id='word_1_468' title='bbox 3274 3070 3458 3137; x_wconf 87' lang='lat' dir='ltr'><strong>procul</strong></span> <span class='ocrx_word' id='word_1_469' title='bbox 3483 3070 3616 3125; x_wconf 80' lang='lat' dir='ltr'><strong>affu-</strong></span> 
     </span>
    </p>
   </div>
   <div class='ocr_carea' id='block_1_62' title="bbox 302 3145 3614 3231">
    <p class='ocr_par' dir='ltr' id='par_1_62' title="bbox 302 3145 3614 3231">
     <span class='ocr_line' id='line_1_62' title="bbox 302 3145 3614 3231; baseline 0 -13"><span class='ocrx_word' id='word_1_470' title='bbox 302 3163 513 3218; x_wconf 81' lang='lat' dir='ltr'><strong>scilicet</strong></span> <span class='ocrx_word' id='word_1_471' title='bbox 538 3160 813 3226; x_wconf 90' lang='lat' dir='ltr'><strong>indicans,</strong></span> <span class='ocrx_word' id='word_1_472' title='bbox 846 3160 901 3214; x_wconf 91' lang='lat' dir='ltr'><strong>in</strong></span> <span class='ocrx_word' id='word_1_473' title='bbox 929 3175 1037 3230; x_wconf 90' lang='lat' dir='ltr'><strong>quo</strong></span> <span class='ocrx_word' id='word_1_474' title='bbox 1067 3175 1163 3229; x_wconf 92' lang='lat' dir='ltr'><strong>pcr</strong></span> <span class='ocrx_word' id='word_1_475' title='bbox 1187 3159 1538 3230; x_wconf 84' lang='lat' dir='ltr'><strong>apostolicam</strong></span> <span class='ocrx_word' id='word_1_476' title='bbox 1567 3157 1903 3222; x_wconf 89' lang='lat' dir='ltr'><strong>doctrinam,</strong></span> <span class='ocrx_word' id='word_1_477' title='bbox 1936 3145 1982 3209; x_wconf 89' lang='lat' dir='ltr'>C</span> <span class='ocrx_word' id='word_1_478' title='bbox 2015 3166 2166 3213; x_wconf 91' lang='lat' dir='ltr'><strong>turus</strong></span> <span class='ocrx_word' id='word_1_479' title='bbox 2191 3167 2632 3230; x_wconf 86' lang='lat' dir='ltr'><strong>cognosceretur.</strong></span> <span class='ocrx_word' id='word_1_480' title='bbox 2681 3159 2983 3231; x_wconf 86' lang='lat' dir='ltr'><strong>Pluresque</strong></span> <span class='ocrx_word' id='word_1_481' title='bbox 3030 3162 3200 3216; x_wconf 72' lang='lat' dir='ltr'><strong>turba:</strong></span> <span class='ocrx_word' id='word_1_482' title='bbox 3248 3179 3372 3218; x_wconf 92' lang='lat' dir='ltr'><strong>eum</strong></span> <span class='ocrx_word' id='word_1_483' title='bbox 3415 3173 3614 3219; x_wconf 89' lang='lat' dir='ltr'><strong>secutae</strong></span> 
     </span>
    </p>
   </div>
   <div class='ocr_carea' id='block_1_63' title="bbox 306 3251 1907 3327">
    <p class='ocr_par' dir='ltr' id='par_1_63' title="bbox 306 3251 1907 3327">
     <span class='ocr_line' id='line_1_63' title="bbox 306 3251 1907 3327; baseline -0.004 -17"><span class='ocrx_word' id='word_1_484' title='bbox 306 3255 511 3327; x_wconf 89' lang='lat' dir='ltr'><strong>populo</strong></span> <span class='ocrx_word' id='word_1_485' title='bbox 556 3254 695 3324; x_wconf 85' lang='lat' dir='ltr'><strong>legis</strong></span> <span class='ocrx_word' id='word_1_486' title='bbox 743 3252 1041 3308; x_wconf 86' lang='lat' dir='ltr'><strong>infideliter</strong></span> <span class='ocrx_word' id='word_1_487' title='bbox 1083 3254 1158 3322; x_wconf 75' lang='grc' dir='ltr'>(ε)</span> <span class='ocrx_word' id='word_1_488' title='bbox 1199 3251 1434 3318; x_wconf 88' lang='lat' dir='ltr'><strong>otiante,</strong></span> <span class='ocrx_word' id='word_1_489' title='bbox 1473 3252 1619 3306; x_wconf 88' lang='lat' dir='ltr'><strong>salus</strong></span> <span class='ocrx_word' id='word_1_490' title='bbox 1656 3251 1907 3321; x_wconf 83' lang='lat' dir='ltr'><strong>gentibus</strong></span> 
     </span>
    </p>
   </div>
   <div class='ocr_carea' id='block_1_64' title="bbox 299 3343 1907 3418">
    <p class='ocr_par' dir='ltr' id='par_1_64' title="bbox 299 3343 1907 3418">
     <span class='ocr_line' id='line_1_64' title="bbox 299 3343 1907 3418; baseline -0.004 -14"><span class='ocrx_word' id='word_1_491' title='bbox 299 3348 492 3404; x_wconf 85' lang='lat' dir='ltr'><strong>datur:</strong></span> <span class='ocrx_word' id='word_1_492' title='bbox 515 3347 638 3418; x_wconf 89' lang='lat' dir='ltr'><strong>quia</strong></span> <span class='ocrx_word' id='word_1_493' title='bbox 662 3346 838 3415; x_wconf 88' lang='lat' dir='ltr'><strong>major</strong></span> <span class='ocrx_word' id='word_1_494' title='bbox 859 3345 975 3415; x_wconf 86' lang='lat' dir='ltr'><strong>ipse</strong></span> <span class='ocrx_word' id='word_1_495' title='bbox 1005 3344 1076 3400; x_wconf 91' lang='lat' dir='ltr'><strong>sit</strong></span> <span class='ocrx_word' id='word_1_496' title='bbox 1105 3345 1353 3410; x_wconf 85' lang='lat' dir='ltr'><strong>sabbato,</strong></span> <span class='ocrx_word' id='word_1_497' title='bbox 1376 3352 1430 3398; x_wconf 91' lang='lat' dir='ltr'><strong>et</strong></span> <span class='ocrx_word' id='word_1_498' title='bbox 1457 3344 1666 3414; x_wconf 89' lang='lat' dir='ltr'><strong>absque</strong></span> <span class='ocrx_word' id='word_1_499' title='bbox 1694 3343 1907 3399; x_wconf 61' lang='lat' dir='ltr'><strong>violatae</strong></span> 
     </span>
    </p>
   </div>
   <div class='ocr_carea' id='block_1_65' title="bbox 301 3437 1810 3514">
    <p class='ocr_par' dir='ltr' id='par_1_65' title="bbox 301 3437 1810 3514">
     <span class='ocr_line' id='line_1_65' title="bbox 301 3437 1810 3514; baseline -0.003 -15"><span class='ocrx_word' id='word_1_500' title='bbox 301 3443 439 3514; x_wconf 85' lang='lat' dir='ltr'><strong>legis</strong></span> <span class='ocrx_word' id='word_1_501' title='bbox 469 3443 626 3512; x_wconf 90' lang='lat' dir='ltr'><strong>culpa</strong></span> <span class='ocrx_word' id='word_1_502' title='bbox 648 3484 663 3509; x_wconf 95' lang='lat'><strong>,</strong></span> <span class='ocrx_word' id='word_1_503' title='bbox 696 3440 1005 3510; x_wconf 90' lang='lat' dir='ltr'><strong>evangelica</strong></span> <span class='ocrx_word' id='word_1_504' title='bbox 1041 3439 1174 3495; x_wconf 86' lang='lat' dir='ltr'><strong>fides</strong></span> <span class='ocrx_word' id='word_1_505' title='bbox 1203 3448 1461 3509; x_wconf 88' lang='lat' dir='ltr'><strong>operetur</strong></span> <span class='ocrx_word' id='word_1_506' title='bbox 1488 3439 1540 3494; x_wconf 93' lang='lat' dir='ltr'><strong>in</strong></span> <span class='ocrx_word' id='word_1_507' title='bbox 1571 3437 1810 3494; x_wconf 84' lang='lat' dir='ltr'><strong>Christo.</strong></span> 
     </span>
    </p>
   </div>
   <div class='ocr_carea' id='block_1_66' title="bbox 376 3530 1907 3604">
    <p class='ocr_par' dir='ltr' id='par_1_66' title="bbox 376 3530 1907 3604">
     <span class='ocr_line' id='line_1_66' title="bbox 376 3530 1907 3604; baseline 0 -18"><span class='ocrx_word' id='word_1_508' title='bbox 376 3535 432 3590; x_wconf 82' lang='lat'><strong>5.</strong></span> <span class='ocrx_word' id='word_1_509' title='bbox 464 3533 599 3604; x_wconf 81' lang='lat' dir='ltr'><strong>Lege</strong></span> <span class='ocrx_word' id='word_1_510' title='bbox 627 3541 854 3586; x_wconf 85' lang='lat' dir='ltr'><strong>cessante</strong></span> <span class='ocrx_word' id='word_1_511' title='bbox 881 3530 979 3586; x_wconf 87' lang='lat' dir='ltr'><strong>Dei</strong></span> <span class='ocrx_word' id='word_1_512' title='bbox 1007 3531 1231 3586; x_wconf 80' lang='lat' dir='ltr'><strong>bonitate</strong></span> <span class='ocrx_word' id='word_1_513' title='bbox 1255 3532 1538 3591; x_wconf 77' lang='lat' dir='ltr'><strong>salvantur.</strong></span> <span class='ocrx_word' id='word_1_514' title='bbox 1556 3532 1820 3600; x_wconf 76' lang='lat' dir='ltr'><strong>-—Atque</strong></span> <span class='ocrx_word' id='word_1_515' title='bbox 1848 3540 1907 3586; x_wconf 91' lang='lat' dir='ltr'><strong>ut</strong></span> 
     </span>
    </p>
   </div>
   <div class='ocr_carea' id='block_1_67' title="bbox 299 3624 1902 3692">
    <p class='ocr_par' dir='ltr' id='par_1_67' title="bbox 299 3624 1902 3692">
     <span class='ocr_line' id='line_1_67' title="bbox 299 3624 1902 3692; baseline -0.003 -9"><span class='ocrx_word' id='word_1_516' title='bbox 299 3626 622 3683; x_wconf 86' lang='lat' dir='ltr'><strong>ostenderet</strong></span> <span class='ocrx_word' id='word_1_517' title='bbox 650 3641 863 3682; x_wconf 91' lang='lat' dir='ltr'><strong>omnem</strong></span> <span class='ocrx_word' id='word_1_518' title='bbox 895 3640 1074 3681; x_wconf 91' lang='lat' dir='ltr'><strong>rerum</strong></span> <span class='ocrx_word' id='word_1_519' title='bbox 1107 3624 1453 3683; x_wconf 88' lang='lat' dir='ltr'><strong>efficientiam</strong></span> <span class='ocrx_word' id='word_1_520' title='bbox 1489 3624 1629 3680; x_wconf 89' lang='lat' dir='ltr'><strong>hanc</strong></span> <span class='ocrx_word' id='word_1_521' title='bbox 1664 3625 1902 3692; x_wconf 88' lang='lat' dir='ltr'><strong>speciem</strong></span> 
     </span>
    </p>
   </div>
   <div class='ocr_carea' id='block_1_68' title="bbox 300 3716 1902 3788">
    <p class='ocr_par' dir='ltr' id='par_1_68' title="bbox 300 3716 1902 3788">
     <span class='ocr_line' id='line_1_68' title="bbox 300 3716 1902 3788; baseline -0.005 -13"><span class='ocrx_word' id='word_1_522' title='bbox 300 3720 472 3775; x_wconf 89' lang='lat' dir='ltr'><strong>futuri</strong></span> <span class='ocrx_word' id='word_1_523' title='bbox 501 3719 679 3788; x_wconf 86' lang='lat' dir='ltr'><strong>operis</strong></span> <span class='ocrx_word' id='word_1_524' title='bbox 703 3719 984 3774; x_wconf 90' lang='lat' dir='ltr'><strong>continere</strong></span> <span class='ocrx_word' id='word_1_525' title='bbox 1009 3758 1022 3783; x_wconf 88' lang='lat'><strong>,</strong></span> <span class='ocrx_word' id='word_1_526' title='bbox 1052 3716 1283 3787; x_wconf 88' lang='lat' dir='ltr'><strong>adjecit:</strong></span> <span class='ocrx_word' id='word_1_527' title='bbox 1315 3717 1375 3772; x_wconf 83' lang='lat' dir='ltr'><strong>Si</strong></span> <span class='ocrx_word' id='word_1_528' title='bbox 1396 3717 1530 3770; x_wconf 87' lang='lat' dir='ltr'><strong>enim</strong></span> <span class='ocrx_word' id='word_1_529' title='bbox 1558 3717 1753 3770; x_wconf 80' lang='lat' dir='ltr'><strong>sciretis</strong></span> <span class='ocrx_word' id='word_1_530' title='bbox 1777 3716 1902 3784; x_wconf 89' lang='lat' dir='ltr'><strong>quid</strong></span> 
     </span>
    </p>
   </div>
   <div class='ocr_carea' id='block_1_69' title="bbox 300 3810 1905 3879">
    <p class='ocr_par' dir='ltr' id='par_1_69' title="bbox 300 3810 1905 3879">
     <span class='ocr_line' id='line_1_69' title="bbox 300 3810 1905 3879; baseline -0.003 -13"><span class='ocrx_word' id='word_1_531' title='bbox 300 3822 409 3879; x_wconf 80' lang='lat' dir='ltr'><strong>est,</strong></span> <span class='ocrx_word' id='word_1_532' title='bbox 453 3810 863 3866; x_wconf 78' lang='lat' dir='ltr'><strong>Misericordiam</strong></span> <span class='ocrx_word' id='word_1_533' title='bbox 903 3811 1052 3874; x_wconf 78' lang='lat' dir='ltr'><strong>t‘OlO,</strong></span> <span class='ocrx_word' id='word_1_534' title='bbox 1097 3826 1197 3863; x_wconf 89' lang='lat' dir='ltr'><strong>non</strong></span> <span class='ocrx_word' id='word_1_535' title='bbox 1237 3810 1588 3879; x_wconf 84' lang='lat' dir='ltr'><strong>sacriﬁcium;</strong></span> <span class='ocrx_word' id='word_1_536' title='bbox 1625 3825 1905 3878; x_wconf 85' lang='lat' dir='ltr'><strong>numquam</strong></span> 
     </span>
    </p>
   </div>
   <div class='ocr_carea' id='block_1_70' title="bbox 302 3900 1905 3973">
    <p class='ocr_par' dir='ltr' id='par_1_70' title="bbox 302 3900 1905 3973">
     <span class='ocr_line' id='line_1_70' title="bbox 302 3900 1905 3973; baseline -0.002 -15"><span class='ocrx_word' id='word_1_537' title='bbox 302 3903 734 3958; x_wconf 81' lang='lat' dir='ltr'><strong>condemnassetis</strong></span> <span class='ocrx_word' id='word_1_538' title='bbox 763 3903 1051 3956; x_wconf 81' lang='lat' dir='ltr'><strong>innocentes</strong></span> <span class='ocrx_word' id='word_1_539' title='bbox 1079 3900 1246 3973; x_wconf 83' lang='lat' dir='ltr'><strong>(Ibid.</strong></span> <span class='ocrx_word' id='word_1_540' title='bbox 1282 3902 1355 3970; x_wconf 85' lang='lat'><strong>7).</strong></span> <span class='ocrx_word' id='word_1_541' title='bbox 1386 3900 1534 3970; x_wconf 88' lang='lat' dir='ltr'><strong>Opus</strong></span> <span class='ocrx_word' id='word_1_542' title='bbox 1563 3901 1752 3954; x_wconf 89' lang='lat' dir='ltr'><strong>salutis</strong></span> <span class='ocrx_word' id='word_1_543' title='bbox 1780 3915 1905 3955; x_wconf 85' lang='lat' dir='ltr'><strong>nos-</strong></span> 
     </span>
    </p>
   </div>
   <div class='ocr_carea' id='block_1_71' title="bbox 299 3992 1905 4063">
    <p class='ocr_par' dir='ltr' id='par_1_71' title="bbox 299 3992 1905 4063">
     <span class='ocr_line' id='line_1_71' title="bbox 299 3992 1905 4063; baseline -0.001 -13"><span class='ocrx_word' id='word_1_544' title='bbox 299 4005 398 4051; x_wconf 89' lang='lat' dir='ltr'><strong>trae</strong></span> <span class='ocrx_word' id='word_1_545' title='bbox 427 4009 532 4050; x_wconf 93' lang='lat' dir='ltr'><strong>non</strong></span> <span class='ocrx_word' id='word_1_546' title='bbox 558 3995 608 4049; x_wconf 92' lang='lat' dir='ltr'><strong>in</strong></span> <span class='ocrx_word' id='word_1_547' title='bbox 637 3995 926 4060; x_wconf 86' lang='lat' dir='ltr'><strong>sacrificio,</strong></span> <span class='ocrx_word' id='word_1_548' title='bbox 957 3995 1052 4050; x_wconf 90' lang='lat' dir='ltr'><strong>sed</strong></span> <span class='ocrx_word' id='word_1_549' title='bbox 1080 3995 1132 4048; x_wconf 93' lang='lat' dir='ltr'><strong>in</strong></span> <span class='ocrx_word' id='word_1_550' title='bbox 1163 3992 1535 4048; x_wconf 80' lang='lat' dir='ltr'><strong>misericordia</strong></span> <span class='ocrx_word' id='word_1_551' title='bbox 1562 4004 1679 4048; x_wconf 91' lang='lat' dir='ltr'><strong>est:</strong></span> <span class='ocrx_word' id='word_1_552' title='bbox 1707 4002 1762 4048; x_wconf 92' lang='lat' dir='ltr'><strong>et</strong></span> <span class='ocrx_word' id='word_1_553' title='bbox 1785 3993 1905 4063; x_wconf 89' lang='lat' dir='ltr'><strong>lege</strong></span> 
     </span>
    </p>
   </div>
   <div class='ocr_carea' id='block_1_72' title="bbox 297 4085 1901 4154">
    <p class='ocr_par' dir='ltr' id='par_1_72' title="bbox 297 4085 1901 4154">
     <span class='ocr_line' id='line_1_72' title="bbox 297 4085 1901 4154; baseline -0.001 -12"><span class='ocrx_word' id='word_1_554' title='bbox 297 4099 550 4145; x_wconf 88' lang='lat' dir='ltr'><strong>cessante</strong></span> <span class='ocrx_word' id='word_1_555' title='bbox 570 4129 584 4153; x_wconf 87' lang='lat'><strong>,</strong></span> <span class='ocrx_word' id='word_1_556' title='bbox 611 4088 663 4142; x_wconf 92' lang='lat' dir='ltr'><strong>in</strong></span> <span class='ocrx_word' id='word_1_557' title='bbox 693 4088 788 4142; x_wconf 90' lang='lat' dir='ltr'><strong>Dei</strong></span> <span class='ocrx_word' id='word_1_558' title='bbox 816 4087 1058 4143; x_wconf 88' lang='lat' dir='ltr'><strong>bonitate</strong></span> <span class='ocrx_word' id='word_1_559' title='bbox 1085 4087 1378 4142; x_wconf 87' lang='lat' dir='ltr'><strong>salvamur.</strong></span> <span class='ocrx_word' id='word_1_560' title='bbox 1408 4087 1576 4154; x_wconf 86' lang='lat' dir='ltr'><strong>Cujus</strong></span> <span class='ocrx_word' id='word_1_561' title='bbox 1598 4087 1676 4141; x_wconf 88' lang='lat' dir='ltr'><strong>rei</strong></span> <span class='ocrx_word' id='word_1_562' title='bbox 1698 4085 1901 4141; x_wconf 92' lang='lat' dir='ltr'><strong>donum</strong></span> 
     </span>
    </p>
   </div>
   <div class='ocr_carea' id='block_1_73' title="bbox 298 4179 1904 4250">
    <p class='ocr_par' dir='ltr' id='par_1_73' title="bbox 298 4179 1904 4250">
     <span class='ocr_line' id='line_1_73' title="bbox 298 4179 1904 4250; baseline 0 -15"><span class='ocrx_word' id='word_1_563' title='bbox 298 4180 346 4235; x_wconf 88' lang='lat' dir='ltr'><strong>si</strong></span> <span class='ocrx_word' id='word_1_564' title='bbox 379 4180 808 4246; x_wconf 82' lang='lat' dir='ltr'><strong>intellexissent,</strong></span> <span class='ocrx_word' id='word_1_565' title='bbox 842 4194 1133 4250; x_wconf 89' lang='lat' dir='ltr'><strong>numquam</strong></span> <span class='ocrx_word' id='word_1_566' title='bbox 1162 4179 1619 4234; x_wconf 88' lang='lat' dir='ltr'><strong>condemnassent</strong></span> <span class='ocrx_word' id='word_1_567' title='bbox 1647 4179 1904 4235; x_wconf 90' lang='lat' dir='ltr'><strong>innocen-</strong></span> 
     </span>
    </p>
   </div>
   <div class='ocr_carea' id='block_1_74' title="bbox 299 4271 1904 4342">
    <p class='ocr_par' dir='ltr' id='par_1_74' title="bbox 299 4271 1904 4342">
     <span class='ocr_line' id='line_1_74' title="bbox 299 4271 1904 4342; baseline -0.001 -15"><span class='ocrx_word' id='word_1_568' title='bbox 299 4282 403 4340; x_wconf 86' lang='lat' dir='ltr'><strong>tes,</strong></span> <span class='ocrx_word' id='word_1_569' title='bbox 435 4273 487 4326; x_wconf 90' lang='lat' dir='ltr'><strong>id</strong></span> <span class='ocrx_word' id='word_1_570' title='bbox 515 4283 618 4338; x_wconf 86' lang='lat' dir='ltr'><strong>est,</strong></span> <span class='ocrx_word' id='word_1_571' title='bbox 650 4271 924 4342; x_wconf 85' lang='lat' dir='ltr'><strong>apostolos</strong></span> <span class='ocrx_word' id='word_1_572' title='bbox 952 4295 964 4325; x_wconf 87' lang='lat'><strong><em>:</em></strong></span> <span class='ocrx_word' id='word_1_573' title='bbox 991 4286 1128 4342; x_wconf 91' lang='lat' dir='ltr'><strong>quos</strong></span> <span class='ocrx_word' id='word_1_574' title='bbox 1153 4271 1516 4326; x_wconf 87' lang='lat' dir='ltr'><strong>insimulaturi</strong></span> <span class='ocrx_word' id='word_1_575' title='bbox 1540 4282 1695 4326; x_wconf 89' lang='lat' dir='ltr'><strong>erant</strong></span> <span class='ocrx_word' id='word_1_576' title='bbox 1725 4282 1904 4326; x_wconf 91' lang='lat' dir='ltr'><strong>trans-</strong></span> 
     </span>
    </p>
   </div>
   <div class='ocr_carea' id='block_1_75' title="bbox 295 4362 1904 4438">
    <p class='ocr_par' dir='ltr' id='par_1_75' title="bbox 295 4362 1904 4438">
     <span class='ocr_line' id='line_1_75' title="bbox 295 4362 1904 4438; baseline -0.001 -17"><span class='ocrx_word' id='word_1_577' title='bbox 295 4380 500 4438; x_wconf 82' lang='lat' dir='ltr'><strong>gress:c</strong></span> <span class='ocrx_word' id='word_1_578' title='bbox 550 4365 684 4434; x_wconf 88' lang='lat' dir='ltr'><strong>legis</strong></span> <span class='ocrx_word' id='word_1_579' title='bbox 731 4364 976 4428; x_wconf 89' lang='lat' dir='ltr'><strong>invidia,</strong></span> <span class='ocrx_word' id='word_1_580' title='bbox 1025 4379 1145 4419; x_wconf 92' lang='lat' dir='ltr'><strong>cum</strong></span> <span class='ocrx_word' id='word_1_581' title='bbox 1194 4362 1584 4433; x_wconf 82' lang='lat' dir='ltr'><strong>sacrificiorum</strong></span> <span class='ocrx_word' id='word_1_582' title='bbox 1633 4373 1904 4420; x_wconf 88' lang='lat' dir='ltr'><strong>vetustate</strong></span> 
     </span>
    </p>
   </div>
   <div class='ocr_carea' id='block_1_76' title="bbox 293 4457 1894 4528">
    <p class='ocr_par' dir='ltr' id='par_1_76' title="bbox 293 4457 1894 4528">
     <span class='ocr_line' id='line_1_76' title="bbox 293 4457 1894 4528; baseline -0.003 -13"><span class='ocrx_word' id='word_1_583' title='bbox 293 4469 545 4515; x_wconf 90' lang='lat' dir='ltr'><strong>cessante</strong></span> <span class='ocrx_word' id='word_1_584' title='bbox 564 4457 834 4512; x_wconf 85' lang='lat' dir='ltr'><strong>universis</strong></span> <span class='ocrx_word' id='word_1_585' title='bbox 861 4472 960 4528; x_wconf 90' lang='lat' dir='ltr'><strong>per</strong></span> <span class='ocrx_word' id='word_1_586' title='bbox 988 4471 1083 4511; x_wconf 90' lang='lat' dir='ltr'><strong>eos</strong></span> <span class='ocrx_word' id='word_1_587' title='bbox 1114 4457 1502 4511; x_wconf 71' lang='lat' dir='ltr'><strong>misericordia:</strong></span> <span class='ocrx_word' id='word_1_588' title='bbox 1531 4459 1740 4511; x_wconf 88' lang='lat' dir='ltr'><strong>novitas</strong></span> <span class='ocrx_word' id='word_1_589' title='bbox 1767 4457 1894 4511; x_wconf 66' lang='lat' dir='ltr'><strong>sub-</strong></span> 
     </span>
    </p>
   </div>
   <div class='ocr_carea' id='block_1_77' title="bbox 2010 3252 3610 3322">
    <p class='ocr_par' dir='ltr' id='par_1_77' title="bbox 2010 3252 3610 3322">
     <span class='ocr_line' id='line_1_77' title="bbox 2010 3252 3610 3322; baseline 0.004 -17"><span class='ocrx_word' id='word_1_590' title='bbox 2010 3259 2187 3306; x_wconf 90' lang='lat' dir='ltr'><strong>sunt:</strong></span> <span class='ocrx_word' id='word_1_591' title='bbox 2241 3253 2309 3308; x_wconf 92' lang='lat' dir='ltr'><strong>ab</strong></span> <span class='ocrx_word' id='word_1_592' title='bbox 2353 3252 2661 3308; x_wconf 87' lang='lat' dir='ltr'><strong>infidelibus</strong></span> <span class='ocrx_word' id='word_1_593' title='bbox 2709 3252 2965 3309; x_wconf 88' lang='lat' dir='ltr'><strong>videlicet</strong></span> <span class='ocrx_word' id='word_1_594' title='bbox 3017 3256 3316 3322; x_wconf 90' lang='lat' dir='ltr'><strong>reccdenti,</strong></span> <span class='ocrx_word' id='word_1_595' title='bbox 3369 3255 3610 3312; x_wconf 89' lang='lat' dir='ltr'><strong>fidelium</strong></span> 
     </span>
    </p>
   </div>
   <div class='ocr_carea' id='block_1_78' title="bbox 2009 3345 2888 3401">
    <p class='ocr_par' dir='ltr' id='par_1_78' title="bbox 2009 3345 2888 3401">
     <span class='ocr_line' id='line_1_78' title="bbox 2009 3345 2888 3401; baseline 0 -2"><span class='ocrx_word' id='word_1_596' title='bbox 2009 3345 2300 3399; x_wconf 91' lang='lat' dir='ltr'><strong>comitatus</strong></span> <span class='ocrx_word' id='word_1_597' title='bbox 2323 3346 2550 3401; x_wconf 89' lang='lat' dir='ltr'><strong>assistit.</strong></span> <span class='ocrx_word' id='word_1_598' title='bbox 2885 3396 2888 3399; x_wconf 89' lang='lat'><strong>.</strong></span> 
     </span>
    </p>
   </div>
   <div class='ocr_carea' id='block_1_79' title="bbox 2081 3434 3607 3510">
    <p class='ocr_par' dir='ltr' id='par_1_79' title="bbox 2081 3434 3607 3510">
     <span class='ocr_line' id='line_1_79' title="bbox 2081 3434 3607 3510; baseline 0.005 -21"><span class='ocrx_word' id='word_1_599' title='bbox 2081 3434 2133 3490; x_wconf 92' lang='lat'><strong>9.</strong></span> <span class='ocrx_word' id='word_1_600' title='bbox 2186 3434 2291 3490; x_wconf 87' lang='lat' dir='ltr'><strong>Cur</strong></span> <span class='ocrx_word' id='word_1_601' title='bbox 2319 3438 2513 3492; x_wconf 78' lang='lat' dir='ltr'><strong>sanatis</strong></span> <span class='ocrx_word' id='word_1_602' title='bbox 2542 3440 2802 3494; x_wconf 86' lang='lat' dir='ltr'><strong>silentium</strong></span> <span class='ocrx_word' id='word_1_603' title='bbox 2843 3441 2907 3494; x_wconf 90' lang='lat' dir='ltr'><strong>de</strong></span> <span class='ocrx_word' id='word_1_604' title='bbox 2945 3457 2998 3495; x_wconf 89' lang='lat' dir='ltr'><strong>se</strong></span> <span class='ocrx_word' id='word_1_605' title='bbox 3028 3441 3207 3510; x_wconf 86' lang='lat' dir='ltr'><strong>jubeat</strong></span> <span class='ocrx_word' id='word_1_606' title='bbox 3251 3442 3506 3497; x_wconf 80' lang='lat' dir='ltr'><strong>Christus.</strong></span> <span class='ocrx_word' id='word_1_607' title='bbox 3534 3474 3607 3485; x_wconf 88' lang='lat'><strong>—-</strong></span> 
     </span>
    </p>
   </div>
   <div class='ocr_carea' id='block_1_80' title="bbox 2008 3528 3606 3607">
    <p class='ocr_par' dir='ltr' id='par_1_80' title="bbox 2008 3528 3606 3607">
     <span class='ocr_line' id='line_1_80' title="bbox 2008 3528 3606 3607; baseline 0.004 -23"><span class='ocrx_word' id='word_1_608' title='bbox 2008 3528 2104 3584; x_wconf 82' lang='lat' dir='ltr'><strong>His</strong></span> <span class='ocrx_word' id='word_1_609' title='bbox 2133 3544 2280 3595; x_wconf 89' lang='lat' dir='ltr'><strong>vero,</strong></span> <span class='ocrx_word' id='word_1_610' title='bbox 2315 3545 2454 3599; x_wconf 91' lang='lat' dir='ltr'><strong>quos</strong></span> <span class='ocrx_word' id='word_1_611' title='bbox 2481 3540 2655 3593; x_wconf 87' lang='lat' dir='ltr'><strong>curat,</strong></span> <span class='ocrx_word' id='word_1_612' title='bbox 2690 3531 2962 3585; x_wconf 87' lang='lat' dir='ltr'><strong>silentium</strong></span> <span class='ocrx_word' id='word_1_613' title='bbox 2984 3533 3273 3601; x_wconf 85' lang='lat' dir='ltr'><strong>imperavit</strong></span> <span class='ocrx_word' id='word_1_614' title='bbox 3305 3533 3467 3601; x_wconf 89' lang='lat' dir='ltr'><strong>(Ibid.</strong></span> <span class='ocrx_word' id='word_1_615' title='bbox 3496 3535 3606 3607; x_wconf 79' lang='grc'><strong>16).</strong></span> 
     </span>
    </p>
   </div>
   <div class='ocr_carea' id='block_1_81' title="bbox 2007 3619 3604 3693">
    <p class='ocr_par' dir='ltr' id='par_1_81' title="bbox 2007 3619 3604 3693">
     <span class='ocr_line' id='line_1_81' title="bbox 2007 3619 3604 3693; baseline 0.004 -17"><span class='ocrx_word' id='word_1_616' title='bbox 2007 3619 2116 3676; x_wconf 90' lang='lat' dir='ltr'><strong>Sed</strong></span> <span class='ocrx_word' id='word_1_617' title='bbox 2145 3621 2406 3689; x_wconf 88' lang='lat' dir='ltr'><strong>numquid</strong></span> <span class='ocrx_word' id='word_1_618' title='bbox 2436 3622 2735 3675; x_wconf 88' lang='lat' dir='ltr'><strong>curationis</strong></span> <span class='ocrx_word' id='word_1_619' title='bbox 2768 3622 3102 3677; x_wconf 85' lang='lat' dir='ltr'><strong>taciturnitas</strong></span> <span class='ocrx_word' id='word_1_620' title='bbox 3123 3623 3446 3693; x_wconf 88' lang='lat' dir='ltr'><strong>jubebatur?</strong></span> <span class='ocrx_word' id='word_1_621' title='bbox 3489 3626 3604 3682; x_wconf 87' lang='lat' dir='ltr'><strong>Non</strong></span> 
     </span>
    </p>
   </div>
   <div class='ocr_carea' id='block_1_82' title="bbox 2007 3713 3606 3788">
    <p class='ocr_par' dir='ltr' id='par_1_82' title="bbox 2007 3713 3606 3788">
     <span class='ocr_line' id='line_1_82' title="bbox 2007 3713 3606 3788; baseline 0.004 -22"><span class='ocrx_word' id='word_1_622' title='bbox 2007 3714 2231 3782; x_wconf 90' lang='lat' dir='ltr'><strong>utique;</strong></span> <span class='ocrx_word' id='word_1_623' title='bbox 2279 3728 2402 3766; x_wconf 90' lang='lat' dir='ltr'><strong>nam</strong></span> <span class='ocrx_word' id='word_1_624' title='bbox 2431 3713 2578 3766; x_wconf 87' lang='lat' dir='ltr'><strong>salus</strong></span> <span class='ocrx_word' id='word_1_625' title='bbox 2607 3713 2894 3784; x_wconf 91' lang='lat' dir='ltr'><strong>unicuique</strong></span> <span class='ocrx_word' id='word_1_626' title='bbox 2926 3713 3130 3770; x_wconf 88' lang='lat' dir='ltr'><strong>reddita</strong></span> <span class='ocrx_word' id='word_1_627' title='bbox 3161 3758 3174 3782; x_wconf 95' lang='lat'><strong>,</strong></span> <span class='ocrx_word' id='word_1_628' title='bbox 3203 3727 3319 3770; x_wconf 84' lang='lat' dir='ltr'><strong>erat</strong></span> <span class='ocrx_word' id='word_1_629' title='bbox 3358 3718 3457 3772; x_wconf 89' lang='lat' dir='ltr'><strong>sibi</strong></span> <span class='ocrx_word' id='word_1_630' title='bbox 3491 3719 3606 3788; x_wconf 88' lang='lat' dir='ltr'><strong>ipsa</strong></span> 
     </span>
    </p>
   </div>
   <div class='ocr_carea' id='block_1_83' title="bbox 2007 3805 3607 3882">
    <p class='ocr_par' dir='ltr' id='par_1_83' title="bbox 2007 3805 3607 3882">
     <span class='ocr_line' id='line_1_83' title="bbox 2007 3805 3607 3882; baseline 0.003 -23"><span class='ocrx_word' id='word_1_631' title='bbox 2007 3806 2180 3860; x_wconf 82' lang='lat' dir='ltr'><strong>testis.</strong></span> <span class='ocrx_word' id='word_1_632' title='bbox 2214 3805 2318 3860; x_wconf 90' lang='lat' dir='ltr'><strong>Sed</strong></span> <span class='ocrx_word' id='word_1_633' title='bbox 2348 3805 2590 3874; x_wconf 90' lang='lat' dir='ltr'><strong>jubendo</strong></span> <span class='ocrx_word' id='word_1_634' title='bbox 2619 3816 2911 3872; x_wconf 86' lang='lat' dir='ltr'><strong>secretum,</strong></span> <span class='ocrx_word' id='word_1_635' title='bbox 2944 3815 2998 3861; x_wconf 90' lang='lat' dir='ltr'><strong>et</strong></span> <span class='ocrx_word' id='word_1_636' title='bbox 3023 3807 3286 3877; x_wconf 90' lang='lat' dir='ltr'><strong>gloriandi</strong></span> <span class='ocrx_word' id='word_1_637' title='bbox 3315 3810 3382 3864; x_wconf 91' lang='lat' dir='ltr'><strong>de</strong></span> <span class='ocrx_word' id='word_1_638' title='bbox 3409 3824 3468 3864; x_wconf 90' lang='lat' dir='ltr'><strong>se</strong></span> <span class='ocrx_word' id='word_1_639' title='bbox 3493 3811 3607 3882; x_wconf 87' lang='lat' dir='ltr'><strong>jac-</strong></span> 
     </span>
    </p>
   </div>
   <div class='ocr_carea' id='block_1_84' title="bbox 2007 3897 3604 3970">
    <p class='ocr_par' dir='ltr' id='par_1_84' title="bbox 2007 3897 3604 3970">
     <span class='ocr_line' id='line_1_84' title="bbox 2007 3897 3604 3970; baseline 0.004 -20"><span class='ocrx_word' id='word_1_640' title='bbox 2007 3897 2227 3951; x_wconf 87' lang='lat' dir='ltr'><strong>tantiam</strong></span> <span class='ocrx_word' id='word_1_641' title='bbox 2277 3898 2550 3963; x_wconf 88' lang='lat' dir='ltr'><strong>declinat,</strong></span> <span class='ocrx_word' id='word_1_642' title='bbox 2615 3908 2669 3953; x_wconf 91' lang='lat' dir='ltr'><strong>et</strong></span> <span class='ocrx_word' id='word_1_643' title='bbox 2727 3899 3076 3953; x_wconf 89' lang='lat' dir='ltr'><strong>nihilominus</strong></span> <span class='ocrx_word' id='word_1_644' title='bbox 3119 3901 3480 3970; x_wconf 89' lang='lat' dir='ltr'><strong>cognitionem</strong></span> <span class='ocrx_word' id='word_1_645' title='bbox 3523 3905 3604 3957; x_wconf 91' lang='lat' dir='ltr'><strong>sui</strong></span> 
     </span>
    </p>
   </div>
   <div class='ocr_carea' id='block_1_85' title="bbox 2007 3989 3602 4063">
    <p class='ocr_par' dir='ltr' id='par_1_85' title="bbox 2007 3989 3602 4063">
     <span class='ocr_line' id='line_1_85' title="bbox 2007 3989 3602 4063; baseline 0.003 -20"><span class='ocrx_word' id='word_1_646' title='bbox 2007 3999 2226 4059; x_wconf 81' lang='lat' dir='ltr'><strong>praestat</strong></span> <span class='ocrx_word' id='word_1_647' title='bbox 2258 3989 2310 4043; x_wconf 92' lang='lat' dir='ltr'><strong>in</strong></span> <span class='ocrx_word' id='word_1_648' title='bbox 2340 4003 2405 4044; x_wconf 91' lang='lat' dir='ltr'><strong>eo</strong></span> <span class='ocrx_word' id='word_1_649' title='bbox 2433 3990 2574 4058; x_wconf 90' lang='lat' dir='ltr'><strong>ipso,</strong></span> <span class='ocrx_word' id='word_1_650' title='bbox 2604 3989 2731 4043; x_wconf 91' lang='lat' dir='ltr'><strong>dum</strong></span> <span class='ocrx_word' id='word_1_651' title='bbox 2766 3989 3020 4044; x_wconf 88' lang='lat' dir='ltr'><strong>admonet</strong></span> <span class='ocrx_word' id='word_1_652' title='bbox 3044 3989 3114 4045; x_wconf 90' lang='lat' dir='ltr'><strong>de</strong></span> <span class='ocrx_word' id='word_1_653' title='bbox 3143 4005 3201 4044; x_wconf 91' lang='lat' dir='ltr'><strong>se</strong></span> <span class='ocrx_word' id='word_1_654' title='bbox 3235 3993 3431 4057; x_wconf 87' lang='lat' dir='ltr'><strong>taceri;</strong></span> <span class='ocrx_word' id='word_1_655' title='bbox 3477 3995 3602 4063; x_wconf 91' lang='lat' dir='ltr'><strong>quia</strong></span> 
     </span>
    </p>
   </div>
   <div class='ocr_carea' id='block_1_86' title="bbox 2006 4082 3604 4155">
    <p class='ocr_par' dir='ltr' id='par_1_86' title="bbox 2006 4082 3604 4155">
     <span class='ocr_line' id='line_1_86' title="bbox 2006 4082 3604 4155; baseline 0.003 -19"><span class='ocrx_word' id='word_1_656' title='bbox 2006 4082 2348 4138; x_wconf 88' lang='lat' dir='ltr'><strong>observantia</strong></span> <span class='ocrx_word' id='word_1_657' title='bbox 2397 4082 2595 4137; x_wconf 85' lang='lat' dir='ltr'><strong>silentii</strong></span> <span class='ocrx_word' id='word_1_658' title='bbox 2644 4097 2708 4136; x_wconf 80' lang='lat' dir='ltr'><strong>ex</strong></span> <span class='ocrx_word' id='word_1_659' title='bbox 2754 4097 2814 4137; x_wconf 91' lang='lat' dir='ltr'><strong>re</strong></span> <span class='ocrx_word' id='word_1_660' title='bbox 2851 4096 2971 4152; x_wconf 62' lang='lat' dir='ltr'><strong>quas</strong></span> <span class='ocrx_word' id='word_1_661' title='bbox 3017 4084 3088 4137; x_wconf 75' lang='lat' dir='ltr'><strong>sit</strong></span> <span class='ocrx_word' id='word_1_662' title='bbox 3125 4083 3331 4138; x_wconf 91' lang='lat' dir='ltr'><strong>silenda</strong></span> <span class='ocrx_word' id='word_1_663' title='bbox 3361 4086 3604 4155; x_wconf 82' lang='lat' dir='ltr'><strong>proficis-</strong></span> 
     </span>
    </p>
   </div>
   <div class='ocr_carea' id='block_1_87' title="bbox 2006 4175 2167 4230">
    <p class='ocr_par' dir='ltr' id='par_1_87' title="bbox 2006 4175 2167 4230">
     <span class='ocr_line' id='line_1_87' title="bbox 2006 4175 2167 4230; baseline -0.006 0"><span class='ocrx_word' id='word_1_664' title='bbox 2006 4175 2167 4230; x_wconf 87' lang='lat' dir='ltr'><strong>citur.</strong></span> 
     </span>
    </p>
   </div>
   <div class='ocr_carea' id='block_1_88' title="bbox 2082 4266 3604 4338">
    <p class='ocr_par' dir='ltr' id='par_1_88' title="bbox 2082 4266 3604 4338">
     <span class='ocr_line' id='line_1_88' title="bbox 2082 4266 3604 4338; baseline 0 -16"><span class='ocrx_word' id='word_1_665' title='bbox 2082 4267 2169 4323; x_wconf 87' lang='grc'><strong>10.</strong></span> <span class='ocrx_word' id='word_1_666' title='bbox 2206 4267 2309 4335; x_wconf 85' lang='lat' dir='ltr'><strong>Qui</strong></span> <span class='ocrx_word' id='word_1_667' title='bbox 2351 4266 2652 4321; x_wconf 82' lang='lat' dir='ltr'><strong>arundinem</strong></span> <span class='ocrx_word' id='word_1_668' title='bbox 2679 4277 2972 4336; x_wconf 81' lang='lat' dir='ltr'><strong>quassatam</strong></span> <span class='ocrx_word' id='word_1_669' title='bbox 3003 4283 3104 4320; x_wconf 87' lang='lat' dir='ltr'><strong>non</strong></span> <span class='ocrx_word' id='word_1_670' title='bbox 3145 4271 3370 4338; x_wconf 81' lang='lat' dir='ltr'><strong>frangat.</strong></span> <span class='ocrx_word' id='word_1_671' title='bbox 3407 4267 3508 4332; x_wconf 82' lang='lat' dir='ltr'><strong>Qui</strong></span> <span class='ocrx_word' id='word_1_672' title='bbox 3538 4269 3604 4322; x_wconf 89' lang='lat' dir='ltr'><strong>li-</strong></span> 
     </span>
    </p>
   </div>
   <div class='ocr_carea' id='block_1_89' title="bbox 2005 4358 3602 4432">
    <p class='ocr_par' dir='ltr' id='par_1_89' title="bbox 2005 4358 3602 4432">
     <span class='ocr_line' id='line_1_89' title="bbox 2005 4358 3602 4432; baseline 0.001 -18"><span class='ocrx_word' id='word_1_673' title='bbox 2005 4376 2128 4414; x_wconf 87' lang='lat' dir='ltr'><strong>num</strong></span> <span class='ocrx_word' id='word_1_674' title='bbox 2157 4361 2417 4432; x_wconf 83' lang='lat' dir='ltr'><strong>fumigans</strong></span> <span class='ocrx_word' id='word_1_675' title='bbox 2448 4375 2549 4413; x_wconf 85' lang='lat' dir='ltr'><strong>non</strong></span> <span class='ocrx_word' id='word_1_676' title='bbox 2571 4361 2878 4430; x_wconf 72' lang='lat' dir='ltr'><strong>exstinguat.</strong></span> <span class='ocrx_word' id='word_1_677' title='bbox 2904 4389 2976 4398; x_wconf 94' lang='lat'><strong><em>—</em></strong></span> <span class='ocrx_word' id='word_1_678' title='bbox 2997 4359 3135 4427; x_wconf 86' lang='lat' dir='ltr'><strong>Quin</strong></span> <span class='ocrx_word' id='word_1_679' title='bbox 3162 4358 3322 4414; x_wconf 85' lang='lat' dir='ltr'><strong>etiam</strong></span> <span class='ocrx_word' id='word_1_680' title='bbox 3349 4375 3441 4429; x_wconf 87' lang='lat' dir='ltr'><strong>per</strong></span> <span class='ocrx_word' id='word_1_681' title='bbox 3462 4359 3602 4415; x_wconf 87' lang='lat' dir='ltr'><strong>hanc</strong></span> 
     </span>
    </p>
   </div>
   <div class='ocr_carea' id='block_1_90' title="bbox 2006 4451 3602 4521">
    <p class='ocr_par' dir='ltr' id='par_1_90' title="bbox 2006 4451 3602 4521">
     <span class='ocr_line' id='line_1_90' title="bbox 2006 4451 3602 4521; baseline -0.001 -13"><span class='ocrx_word' id='word_1_682' title='bbox 2006 4454 2217 4508; x_wconf 87' lang='lat' dir='ltr'><strong>tacendi</strong></span> <span class='ocrx_word' id='word_1_683' title='bbox 2246 4453 2316 4508; x_wconf 90' lang='lat' dir='ltr'><strong>de</strong></span> <span class='ocrx_word' id='word_1_684' title='bbox 2337 4469 2394 4507; x_wconf 85' lang='lat' dir='ltr'><strong>se</strong></span> <span class='ocrx_word' id='word_1_685' title='bbox 2417 4452 2770 4515; x_wconf 82' lang='lat' dir='ltr'><strong>voluntatem,</strong></span> <span class='ocrx_word' id='word_1_686' title='bbox 2795 4451 3060 4506; x_wconf 77' lang='lat' dir='ltr'><strong>dictorum</strong></span> <span class='ocrx_word' id='word_1_687' title='bbox 3089 4467 3186 4521; x_wconf 89' lang='lat' dir='ltr'><strong>per</strong></span> <span class='ocrx_word' id='word_1_688' title='bbox 3206 4452 3418 4506; x_wconf 87' lang='lat' dir='ltr'><strong>Esaiam</strong></span> <span class='ocrx_word' id='word_1_689' title='bbox 3440 4451 3602 4508; x_wconf 73' lang='lat' dir='ltr'><strong>effec-</strong></span> 
     </span>
    </p>
   </div>
   <div class='ocr_carea' id='block_1_91' title="bbox 295 4536 3599 4622">
    <p class='ocr_par' dir='ltr' id='par_1_91' title="bbox 295 4536 3599 4622">
     <span class='ocr_line' id='line_1_91' title="bbox 295 4536 3599 4622; baseline -0.004 -14"><span class='ocrx_word' id='word_1_690' title='bbox 295 4553 547 4617; x_wconf 84' lang='lat' dir='ltr'><strong>veniret;</strong></span> <span class='ocrx_word' id='word_1_691' title='bbox 577 4565 752 4622; x_wconf 88' lang='lat' dir='ltr'><strong>neque</strong></span> <span class='ocrx_word' id='word_1_692' title='bbox 777 4549 1182 4604; x_wconf 80' lang='lat' dir='ltr'><strong>existimassem</strong></span> <span class='ocrx_word' id='word_1_693' title='bbox 1207 4548 1416 4604; x_wconf 88' lang='lat' dir='ltr'><strong>sabbati</strong></span> <span class='ocrx_word' id='word_1_694' title='bbox 1447 4549 1764 4619; x_wconf 83' lang='lat' dir='ltr'><strong>praescripto</strong></span> <span class='ocrx_word' id='word_1_695' title='bbox 1797 4551 1894 4602; x_wconf 85' lang='lat' dir='ltr'><strong>Do-</strong></span> <span class='ocrx_word' id='word_1_696' title='bbox 1920 4536 1974 4595; x_wconf 84' lang='lat' dir='ltr'><strong>D</strong></span> <span class='ocrx_word' id='word_1_697' title='bbox 2004 4553 2090 4599; x_wconf 90' lang='lat' dir='ltr'><strong>tus</strong></span> <span class='ocrx_word' id='word_1_698' title='bbox 2120 4544 2370 4614; x_wconf 88' lang='lat' dir='ltr'><strong>impletur</strong></span> <span class='ocrx_word' id='word_1_699' title='bbox 2396 4545 2415 4616; x_wconf 98' lang='lat'><strong>(</strong></span> <span class='ocrx_word' id='word_1_700' title='bbox 2440 4543 2578 4597; x_wconf 90' lang='lat' dir='ltr'><strong>Ibid.</strong></span> <span class='ocrx_word' id='word_1_701' title='bbox 2610 4543 2711 4608; x_wconf 77' lang='lat' dir='ltr'><strong>i7;</strong></span> <span class='ocrx_word' id='word_1_702' title='bbox 2749 4541 2888 4595; x_wconf 80' lang='lat' dir='ltr'><strong>Esai.</strong></span> <span class='ocrx_word' id='word_1_703' title='bbox 2922 4558 3029 4596; x_wconf 69' lang='grc' dir='ltr'>χιιι</span> <span class='ocrx_word' id='word_1_704' title='bbox 3053 4583 3067 4606; x_wconf 86' lang='grc'><strong><em>,</em></strong></span> <span class='ocrx_word' id='word_1_705' title='bbox 3116 4543 3140 4596; x_wconf 90' lang='grc'><strong>1</strong></span> <span class='ocrx_word' id='word_1_706' title='bbox 3176 4551 3223 4595; x_wconf 77' lang='lat' dir='ltr'><strong>et</strong></span> <span class='ocrx_word' id='word_1_707' title='bbox 3275 4559 3412 4613; x_wconf 88' lang='lat' dir='ltr'><strong>seqq.</strong></span> <span class='ocrx_word' id='word_1_708' title='bbox 3441 4543 3460 4612; x_wconf 93' lang='lat'><strong>)</strong></span> <span class='ocrx_word' id='word_1_709' title='bbox 3486 4560 3497 4596; x_wconf 93' lang='lat'>:</span> <span class='ocrx_word' id='word_1_710' title='bbox 3531 4542 3599 4598; x_wconf 89' lang='lat' dir='ltr'><strong>de</strong></span> 
     </span>
    </p>
   </div>
   <div class='ocr_carea' id='block_1_92' title="bbox 292 4641 1896 4712">
    <p class='ocr_par' dir='ltr' id='par_1_92' title="bbox 292 4641 1896 4712">
     <span class='ocr_line' id='line_1_92' title="bbox 292 4641 1896 4712; baseline -0.004 -11"><span class='ocrx_word' id='word_1_711' title='bbox 292 4645 501 4701; x_wconf 90' lang='lat' dir='ltr'><strong>minum</strong></span> <span class='ocrx_word' id='word_1_712' title='bbox 531 4642 744 4699; x_wconf 86' lang='lat' dir='ltr'><strong>sabbati</strong></span> <span class='ocrx_word' id='word_1_713' title='bbox 773 4642 1064 4698; x_wconf 88' lang='lat' dir='ltr'><strong>contineri.</strong></span> <span class='ocrx_word' id='word_1_714' title='bbox 1097 4641 1224 4697; x_wconf 69' lang='lat' dir='ltr'><strong>Hazc</strong></span> <span class='ocrx_word' id='word_1_715' title='bbox 1253 4641 1306 4696; x_wconf 90' lang='lat' dir='ltr'><strong>in</strong></span> <span class='ocrx_word' id='word_1_716' title='bbox 1337 4656 1528 4712; x_wconf 88' lang='lat' dir='ltr'><strong>eampo</strong></span> <span class='ocrx_word' id='word_1_717' title='bbox 1553 4641 1694 4696; x_wconf 91' lang='lat' dir='ltr'><strong>dicta</strong></span> <span class='ocrx_word' id='word_1_718' title='bbox 1719 4648 1896 4712; x_wconf 83' lang='lat' dir='ltr'><strong>gesta-</strong></span> 
     </span>
    </p>
   </div>
   <div class='ocr_carea' id='block_1_93' title="bbox 337 4747 580 4794">
    <p class='ocr_par' dir='ltr' id='par_1_93' title="bbox 337 4747 580 4794">
     <span class='ocr_line' id='line_1_93' title="bbox 337 4747 580 4794; baseline -0.008 0"><span class='ocrx_word' id='word_1_719' title='bbox 337 4753 406 4794; x_wconf 90' lang='lat' dir='ltr'><strong>ue</strong></span> <span class='ocrx_word' id='word_1_720' title='bbox 434 4747 580 4793; x_wconf 80' lang='grc' dir='ltr'>ειιιιῑ.</span> 
     </span>
    </p>
   </div>
   <div class='ocr_carea' id='block_1_94' title="bbox 295 4754 1898 4904">
    <p class='ocr_par' dir='ltr' id='par_1_94' title="bbox 295 4754 1898 4904">
     <span class='ocr_line' id='line_1_94' title="bbox 337 4754 580 4794; baseline -0.008 0"><span class='ocrx_word' id='word_1_721' title='bbox 337 4754 406 4794; x_wconf 91' lang='lat' dir='ltr'><strong>ue</strong></span> <span class='ocrx_word' id='word_1_722' title='bbox 434 4754 580 4793; x_wconf 85' lang='lat' dir='ltr'><strong>sunt.</strong></span> 
     </span>
     <span class='ocr_line' id='line_1_95' title="bbox 295 4754 1898 4904; baseline -0.001 -16"><span class='ocrx_word' id='word_1_723' title='bbox 295 4754 330 4811; x_wconf 74' lang='lat' dir='ltr'><strong>q</strong></span> <span class='ocrx_word' id='word_1_724' title='bbox 367 4832 422 4888; x_wconf 85' lang='lat'><strong>6.</strong></span> <span class='ocrx_word' id='word_1_725' title='bbox 456 4831 633 4887; x_wconf 82' lang='grc' dir='ltr'><strong>Μαηεί</strong></span> <span class='ocrx_word' id='word_1_726' title='bbox 674 4832 891 4887; x_wconf 86' lang='lat' dir='ltr'><strong>curatio.</strong></span> <span class='ocrx_word' id='word_1_727' title='bbox 915 4831 1074 4887; x_wconf 89' lang='lat' dir='ltr'><strong>—Et</strong></span> <span class='ocrx_word' id='word_1_728' title='bbox 1113 4841 1236 4902; x_wconf 86' lang='lat' dir='ltr'><strong>post</strong></span> <span class='ocrx_word' id='word_1_729' title='bbox 1277 4832 1393 4886; x_wconf 86' lang='lat' dir='ltr'><strong>haec</strong></span> <span class='ocrx_word' id='word_1_730' title='bbox 1440 4847 1766 4904; x_wconf 87' lang='lat' dir='ltr'><strong>synagogam</strong></span> <span class='ocrx_word' id='word_1_731' title='bbox 1813 4832 1898 4886; x_wconf 89' lang='lat' dir='ltr'><strong>in-</strong></span> 
     </span>
    </p>
   </div>
   <div class='ocr_carea' id='block_1_95' title="bbox 292 4922 1900 4996">
    <p class='ocr_par' dir='ltr' id='par_1_95' title="bbox 292 4922 1900 4996">
     <span class='ocr_line' id='line_1_96' title="bbox 292 4922 1900 4996; baseline -0.001 -17"><span class='ocrx_word' id='word_1_732' title='bbox 292 4939 485 4996; x_wconf 88' lang='lat' dir='ltr'><strong>gresso</strong></span> <span class='ocrx_word' id='word_1_733' title='bbox 523 4923 798 4980; x_wconf 90' lang='lat' dir='ltr'><strong>hominem</strong></span> <span class='ocrx_word' id='word_1_734' title='bbox 837 4923 1004 4980; x_wconf 73' lang='lat' dir='ltr'><strong>aridas</strong></span> <span class='ocrx_word' id='word_1_735' title='bbox 1033 4937 1227 4979; x_wconf 91' lang='lat' dir='ltr'><strong>manus</strong></span> <span class='ocrx_word' id='word_1_736' title='bbox 1255 4922 1522 4991; x_wconf 72' lang='lat' dir='ltr'><strong>oiierunt,</strong></span> <span class='ocrx_word' id='word_1_737' title='bbox 1567 4924 1900 4994; x_wconf 85' lang='lat' dir='ltr'><strong>interrogan-</strong></span> 
     </span>
    </p>
   </div>
   <div class='ocr_carea' id='block_1_96' title="bbox 366 5076 1328 5145">
    <p class='ocr_par' dir='ltr' id='par_1_96' title="bbox 366 5076 1328 5145">
     <span class='ocr_line' id='line_1_97' title="bbox 366 5076 1328 5145; baseline -0.001 -14"><span class='ocrx_word' id='word_1_738' title='bbox 366 5076 447 5145; x_wconf 85' lang='lat' dir='ltr'><strong>(a)</strong></span> <span class='ocrx_word' id='word_1_739' title='bbox 479 5077 602 5133; x_wconf 76' lang='lat' dir='ltr'><strong>Mss.</strong></span> <span class='ocrx_word' id='word_1_740' title='bbox 631 5077 784 5134; x_wconf 90' lang='lat' dir='ltr'><strong>Colb.</strong></span> <span class='ocrx_word' id='word_1_741' title='bbox 814 5087 868 5133; x_wconf 87' lang='lat' dir='ltr'><strong>et</strong></span> <span class='ocrx_word' id='word_1_742' title='bbox 893 5077 1056 5133; x_wconf 91' lang='lat' dir='ltr'><strong>Carn.</strong></span> <span class='ocrx_word' id='word_1_743' title='bbox 1083 5076 1328 5131; x_wconf 84' lang='lat' dir='ltr'><strong>sabbatis.</strong></span> 
     </span>
    </p>
   </div>
   <div class='ocr_carea' id='block_1_97' title="bbox 366 5145 1896 5223">
    <p class='ocr_par' dir='ltr' id='par_1_97' title="bbox 366 5145 1896 5223">
     <span class='ocr_line' id='line_1_98' title="bbox 366 5145 1896 5223; baseline -0.003 -20"><span class='ocrx_word' id='word_1_744' title='bbox 366 5149 443 5223; x_wconf 90' lang='lat' dir='ltr'><strong>(b)</strong></span> <span class='ocrx_word' id='word_1_745' title='bbox 470 5149 634 5204; x_wconf 87' lang='lat' dir='ltr'><strong>Iidem</strong></span> <span class='ocrx_word' id='word_1_746' title='bbox 658 5163 790 5204; x_wconf 90' lang='lat' dir='ltr'><strong>mss.</strong></span> <span class='ocrx_word' id='word_1_747' title='bbox 813 5163 934 5204; x_wconf 91' lang='lat' dir='ltr'><strong>cum</strong></span> <span class='ocrx_word' id='word_1_748' title='bbox 960 5149 1118 5203; x_wconf 80' lang='lat' dir='ltr'><strong>Rom.</strong></span> <span class='ocrx_word' id='word_1_749' title='bbox 1147 5157 1200 5203; x_wconf 91' lang='lat' dir='ltr'><strong>et</strong></span> <span class='ocrx_word' id='word_1_750' title='bbox 1219 5147 1391 5202; x_wconf 84' lang='lat' dir='ltr'><strong>Vatic.</strong></span> <span class='ocrx_word' id='word_1_751' title='bbox 1408 5145 1698 5214; x_wconf 71' lang='lat' dir='ltr'><strong>exemptum</strong></span> <span class='ocrx_word' id='word_1_752' title='bbox 1720 5147 1896 5216; x_wconf 81' lang='lat' dir='ltr'><strong>fuisse.</strong></span> 
     </span>
    </p>
   </div>
   <div class='ocr_carea' id='block_1_98' title="bbox 370 5236 1898 5310">
    <p class='ocr_par' dir='ltr' id='par_1_98' title="bbox 370 5236 1898 5310">
     <span class='ocr_line' id='line_1_99' title="bbox 370 5236 1898 5310; baseline -0.002 -17"><span class='ocrx_word' id='word_1_753' title='bbox 370 5241 440 5310; x_wconf 89' lang='lat' dir='ltr'><strong>(c)</strong></span> <span class='ocrx_word' id='word_1_754' title='bbox 475 5239 597 5294; x_wconf 86' lang='lat' dir='ltr'><strong>Par.</strong></span> <span class='ocrx_word' id='word_1_755' title='bbox 641 5254 763 5294; x_wconf 93' lang='lat' dir='ltr'><strong>cum</strong></span> <span class='ocrx_word' id='word_1_756' title='bbox 804 5237 1078 5310; x_wconf 77' lang='lat' dir='ltr'><strong>praedictis</strong></span> <span class='ocrx_word' id='word_1_757' title='bbox 1124 5247 1355 5308; x_wconf 91' lang='lat' dir='ltr'><strong>quatuor</strong></span> <span class='ocrx_word' id='word_1_758' title='bbox 1395 5249 1526 5290; x_wconf 86' lang='lat' dir='ltr'><strong>mss.</strong></span> <span class='ocrx_word' id='word_1_759' title='bbox 1579 5236 1729 5306; x_wconf 79' lang='lat' dir='ltr'><strong>factis</strong></span> <span class='ocrx_word' id='word_1_760' title='bbox 1771 5251 1898 5306; x_wconf 86' lang='lat' dir='ltr'><strong>pro-</strong></span> 
     </span>
    </p>
   </div>
   <div class='ocr_carea' id='block_1_99' title="bbox 290 5310 772 5384">
    <p class='ocr_par' dir='ltr' id='par_1_99' title="bbox 290 5310 772 5384">
     <span class='ocr_line' id='line_1_100' title="bbox 290 5310 772 5384; baseline -0.002 -18"><span class='ocrx_word' id='word_1_761' title='bbox 290 5311 465 5384; x_wconf 74' lang='lat' dir='ltr'><strong>phetae</strong></span> <span class='ocrx_word' id='word_1_762' title='bbox 492 5311 738 5383; x_wconf 82' lang='lat' dir='ltr'><strong>intellige.</strong></span> <span class='ocrx_word' id='word_1_763' title='bbox 752 5310 772 5325; x_wconf 88' lang='lat'><strong><em>‘</em></strong></span> 
     </span>
    </p>
   </div>
   <div class='ocr_carea' id='block_1_100' title="bbox 367 5398 1898 5475">
    <p class='ocr_par' dir='ltr' id='par_1_100' title="bbox 367 5398 1898 5475">
     <span class='ocr_line' id='line_1_101' title="bbox 367 5398 1898 5475; baseline -0.002 -19"><span class='ocrx_word' id='word_1_764' title='bbox 367 5403 446 5475; x_wconf 80' lang='lat' dir='ltr'><strong>(d)</strong></span> <span class='ocrx_word' id='word_1_765' title='bbox 475 5402 531 5475; x_wconf 86' lang='lat' dir='ltr'><strong>In</strong></span> <span class='ocrx_word' id='word_1_766' title='bbox 559 5403 791 5472; x_wconf 86' lang='lat' dir='ltr'><strong>vulgatis</strong></span> <span class='ocrx_word' id='word_1_767' title='bbox 815 5417 877 5457; x_wconf 88' lang='lat' dir='ltr'><strong>ac</strong></span> <span class='ocrx_word' id='word_1_768' title='bbox 893 5401 1136 5471; x_wconf 88' lang='lat' dir='ltr'><strong>pluribus</strong></span> <span class='ocrx_word' id='word_1_769' title='bbox 1165 5415 1295 5475; x_wconf 83' lang='lat' dir='ltr'><strong>mss.</strong></span> <span class='ocrx_word' id='word_1_770' title='bbox 1324 5400 1536 5475; x_wconf 80' lang='lat' dir='ltr'><strong>violant.</strong></span> <span class='ocrx_word' id='word_1_771' title='bbox 1569 5398 1898 5475; x_wconf 83' lang='lat' dir='ltr'><strong>C_oncinnius_</strong></span> 
     </span>
    </p>
   </div>
   <div class='ocr_carea' id='block_1_101' title="bbox 290 5471 1900 5544">
    <p class='ocr_par' dir='ltr' id='par_1_101' title="bbox 290 5471 1900 5544">
     <span class='ocr_line' id='line_1_102' title="bbox 290 5471 1900 5544; baseline -0.002 -17"><span class='ocrx_word' id='word_1_772' title='bbox 290 5472 348 5528; x_wconf 90' lang='lat' dir='ltr'><strong>in</strong></span> <span class='ocrx_word' id='word_1_773' title='bbox 378 5471 536 5528; x_wconf 83' lang='lat' dir='ltr'><strong>Colb.</strong></span> <span class='ocrx_word' id='word_1_774' title='bbox 567 5485 621 5528; x_wconf 89' lang='lat' dir='ltr'><strong>et</strong></span> <span class='ocrx_word' id='word_1_775' title='bbox 645 5471 808 5529; x_wconf 85' lang='lat' dir='ltr'><strong>Carn.</strong></span> <span class='ocrx_word' id='word_1_776' title='bbox 835 5475 1050 5539; x_wconf 83' lang='lat' dir='ltr'><strong>uiolare,</strong></span> <span class='ocrx_word' id='word_1_777' title='bbox 1076 5473 1268 5544; x_wconf 88' lang='lat' dir='ltr'><strong>supple</strong></span> <span class='ocrx_word' id='word_1_778' title='bbox 1293 5472 1516 5528; x_wconf 89' lang='lat' dir='ltr'><strong>verbum</strong></span> <span class='ocrx_word' id='word_1_779' title='bbox 1543 5471 1803 5537; x_wconf 86' lang='lat' dir='ltr'><strong>admonet,</strong></span> <span class='ocrx_word' id='word_1_780' title='bbox 1832 5471 1900 5524; x_wconf 89' lang='lat' dir='ltr'><strong>ad</strong></span> 
     </span>
    </p>
   </div>
   <div class='ocr_carea' id='block_1_102' title="bbox 291 5545 1245 5618">
    <p class='ocr_par' dir='ltr' id='par_1_102' title="bbox 291 5545 1245 5618">
     <span class='ocr_line' id='line_1_103' title="bbox 291 5545 1245 5618; baseline -0.001 -19"><span class='ocrx_word' id='word_1_781' title='bbox 291 5545 436 5618; x_wconf 86' lang='lat' dir='ltr'><strong>quod</strong></span> <span class='ocrx_word' id='word_1_782' title='bbox 467 5545 699 5618; x_wconf 79' lang='lat' dir='ltr'><strong>subinde</strong></span> <span class='ocrx_word' id='word_1_783' title='bbox 731 5545 962 5603; x_wconf 85' lang='lat' dir='ltr'><strong>refertur</strong></span> <span class='ocrx_word' id='word_1_784' title='bbox 991 5545 1245 5600; x_wconf 85' lang='lat' dir='ltr'><strong>indicans.</strong></span> 
     </span>
    </p>
   </div>
   <div class='ocr_carea' id='block_1_103' title="bbox 365 5615 1568 5692">
    <p class='ocr_par' dir='ltr' id='par_1_103' title="bbox 365 5615 1568 5692">
     <span class='ocr_line' id='line_1_104' title="bbox 365 5615 1568 5692; baseline -0.002 -22"><span class='ocrx_word' id='word_1_785' title='bbox 365 5616 438 5688; x_wconf 77' lang='grc' dir='ltr'><strong>(ε)</strong></span> <span class='ocrx_word' id='word_1_786' title='bbox 465 5616 572 5672; x_wconf 81' lang='lat' dir='ltr'><strong>Sex</strong></span> <span class='ocrx_word' id='word_1_787' title='bbox 600 5631 731 5671; x_wconf 91' lang='lat' dir='ltr'><strong>mss.</strong></span> <span class='ocrx_word' id='word_1_788' title='bbox 763 5627 977 5692; x_wconf 83' lang='lat' dir='ltr'><strong>orante:</strong></span> <span class='ocrx_word' id='word_1_789' title='bbox 1003 5633 1109 5671; x_wconf 89' lang='lat' dir='ltr'><strong>non</strong></span> <span class='ocrx_word' id='word_1_790' title='bbox 1138 5625 1264 5672; x_wconf 90' lang='lat' dir='ltr'><strong>sunt</strong></span> <span class='ocrx_word' id='word_1_791' title='bbox 1291 5615 1568 5672; x_wconf 85' lang='lat' dir='ltr'><strong>audiendi.</strong></span> 
     </span>
    </p>
   </div>
   <div class='ocr_carea' id='block_1_104' title="bbox 195 5691 1899 5781">
    <p class='ocr_par' dir='ltr' id='par_1_104' title="bbox 195 5691 1899 5781">
     <span class='ocr_line' id='line_1_105' title="bbox 195 5691 1899 5781; baseline -0.002 -19"><span class='ocrx_word' id='word_1_792' title='bbox 195 5759 199 5762; x_wconf 82' lang='lat'><strong>.</strong></span> <span class='ocrx_word' id='word_1_793' title='bbox 294 5759 309 5781; x_wconf 26' lang='grc' dir='ltr'><strong>Ἴ</strong></span> <span class='ocrx_word' id='word_1_794' title='bbox 369 5707 449 5780; x_wconf 75' lang='lat' dir='ltr'><strong>(f)</strong></span> <span class='ocrx_word' id='word_1_795' title='bbox 479 5707 536 5762; x_wconf 88' lang='lat' dir='ltr'><strong>lu</strong></span> <span class='ocrx_word' id='word_1_796' title='bbox 566 5699 712 5779; x_wconf 68' lang='lat' dir='ltr'><strong>vulg.</strong></span> <span class='ocrx_word' id='word_1_797' title='bbox 740 5699 840 5781; x_wconf 78' lang='lat' dir='ltr'><strong>sint</strong></span> <span class='ocrx_word' id='word_1_798' title='bbox 865 5691 1451 5781; x_wconf 36' lang='lat' dir='ltr'><strong>solitiai’rmferendnm</strong></span> <span class='ocrx_word' id='word_1_799' title='bbox 1477 5722 1598 5777; x_wconf 75' lang='lat' dir='ltr'><strong>esse</strong></span> <span class='ocrx_word' id='word_1_800' title='bbox 1620 5721 1741 5781; x_wconf 86' lang='lat' dir='ltr'><strong>cum</strong></span> <span class='ocrx_word' id='word_1_801' title='bbox 1767 5720 1899 5781; x_wconf 69' lang='lat' dir='ltr'><strong>mss.</strong></span> 
     </span>
    </p>
   </div>
   <div class='ocr_carea' id='block_1_105' title="bbox 297 5774 1903 5852">
    <p class='ocr_par' dir='ltr' id='par_1_105' title="bbox 297 5774 1903 5852">
     <span class='ocr_line' id='line_1_106' title="bbox 297 5774 1903 5852; baseline -0.002 -17"><span class='ocrx_word' id='word_1_802' title='bbox 297 5774 403 5836; x_wconf 70' lang='lat' dir='ltr'><strong>sint</strong></span> <span class='ocrx_word' id='word_1_803' title='bbox 427 5774 640 5836; x_wconf 71' lang='lat' dir='ltr'><strong>solliciti</strong></span> <span class='ocrx_word' id='word_1_804' title='bbox 656 5774 686 5849; x_wconf 60' lang='grc'>,⁷</span> <span class='ocrx_word' id='word_1_805' title='bbox 703 5780 896 5839; x_wconf 81' lang='lat' dir='ltr'><strong>suadet</strong></span> <span class='ocrx_word' id='word_1_806' title='bbox 922 5776 1054 5838; x_wconf 89' lang='lat' dir='ltr'><strong>illttd</strong></span> <span class='ocrx_word' id='word_1_807' title='bbox 1079 5779 1221 5852; x_wconf 78' lang='lat' dir='ltr'><strong>quod</strong></span> <span class='ocrx_word' id='word_1_808' title='bbox 1250 5779 1552 5851; x_wconf 82' lang='lat' dir='ltr'><strong>subjicitur,</strong></span> <span class='ocrx_word' id='word_1_809' title='bbox 1582 5774 1685 5834; x_wconf 61' lang='lat' dir='ltr'><strong>an</strong></span> <span class='ocrx_word' id='word_1_810' title='bbox 1711 5774 1903 5835; x_wconf 56' lang='lat' dir='ltr'><strong>sollicié</strong></span> 
     </span>
    </p>
   </div>
   <div class='ocr_carea' id='block_1_106' title="bbox 2004 4632 3595 4705">
    <p class='ocr_par' dir='ltr' id='par_1_106' title="bbox 2004 4632 3595 4705">
     <span class='ocr_line' id='line_1_107' title="bbox 2004 4632 3595 4705; baseline -0.002 -15"><span class='ocrx_word' id='word_1_811' title='bbox 2004 4635 2158 4705; x_wconf 90' lang='lat' dir='ltr'><strong>cujus</strong></span> <span class='ocrx_word' id='word_1_812' title='bbox 2188 4633 2468 4704; x_wconf 89' lang='lat' dir='ltr'><strong>prophetia</strong></span> <span class='ocrx_word' id='word_1_813' title='bbox 2491 4632 2620 4687; x_wconf 90' lang='lat' dir='ltr'><strong>illud</strong></span> <span class='ocrx_word' id='word_1_814' title='bbox 2650 4647 2792 4687; x_wconf 90' lang='lat' dir='ltr'><strong>nunc</strong></span> <span class='ocrx_word' id='word_1_815' title='bbox 2825 4641 3030 4686; x_wconf 93' lang='lat' dir='ltr'><strong>tantum</strong></span> <span class='ocrx_word' id='word_1_816' title='bbox 3049 4632 3422 4698; x_wconf 87' lang='lat' dir='ltr'><strong>admonemus,</strong></span> <span class='ocrx_word' id='word_1_817' title='bbox 3453 4632 3595 4688; x_wconf 91' lang='lat' dir='ltr'><strong>hunc</strong></span> 
     </span>
    </p>
   </div>
   <div class='ocr_carea' id='block_1_107' title="bbox 2004 4725 3595 4796">
    <p class='ocr_par' dir='ltr' id='par_1_107' title="bbox 2004 4725 3595 4796">
     <span class='ocr_line' id='line_1_108' title="bbox 2004 4725 3595 4796; baseline -0.004 -11"><span class='ocrx_word' id='word_1_818' title='bbox 2004 4730 2060 4786; x_wconf 82' lang='lat' dir='ltr'><strong>et</strong></span> <span class='ocrx_word' id='word_1_819' title='bbox 2085 4729 2343 4785; x_wconf 89' lang='lat' dir='ltr'><strong>dilectum</strong></span> <span class='ocrx_word' id='word_1_820' title='bbox 2386 4743 2416 4782; x_wconf 90' lang='lat' dir='ltr'><strong>a</strong></span> <span class='ocrx_word' id='word_1_821' title='bbox 2446 4729 2556 4783; x_wconf 91' lang='lat' dir='ltr'><strong>Deo</strong></span> <span class='ocrx_word' id='word_1_822' title='bbox 2584 4768 2598 4792; x_wconf 96' lang='lat'><strong>,</strong></span> <span class='ocrx_word' id='word_1_823' title='bbox 2649 4736 2702 4781; x_wconf 90' lang='lat' dir='ltr'><strong>et</strong></span> <span class='ocrx_word' id='word_1_824' title='bbox 2744 4725 2795 4780; x_wconf 91' lang='lat' dir='ltr'><strong>in</strong></span> <span class='ocrx_word' id='word_1_825' title='bbox 2827 4739 2893 4780; x_wconf 90' lang='lat' dir='ltr'><strong>eo</strong></span> <span class='ocrx_word' id='word_1_826' title='bbox 2936 4737 3172 4796; x_wconf 76' lang='lat' dir='ltr'><strong>paterna:</strong></span> <span class='ocrx_word' id='word_1_827' title='bbox 3202 4725 3595 4795; x_wconf 89' lang='lat' dir='ltr'><strong>beneplacitum</strong></span> 
     </span>
    </p>
   </div>
   <div class='ocr_carea' id='block_1_108' title="bbox 2006 4820 3599 4893">
    <p class='ocr_par' dir='ltr' id='par_1_108' title="bbox 2006 4820 3599 4893">
     <span class='ocr_line' id='line_1_109' title="bbox 2006 4820 3599 4893; baseline -0.004 -11"><span class='ocrx_word' id='word_1_828' title='bbox 2006 4824 2294 4889; x_wconf 89' lang='lat' dir='ltr'><strong>voluntati,</strong></span> <span class='ocrx_word' id='word_1_829' title='bbox 2327 4833 2381 4878; x_wconf 91' lang='lat' dir='ltr'><strong>et</strong></span> <span class='ocrx_word' id='word_1_830' title='bbox 2407 4822 2666 4893; x_wconf 89' lang='lat' dir='ltr'><strong>Spiritum</strong></span> <span class='ocrx_word' id='word_1_831' title='bbox 2700 4821 2793 4875; x_wconf 92' lang='lat' dir='ltr'><strong>Dei</strong></span> <span class='ocrx_word' id='word_1_832' title='bbox 2822 4835 2986 4890; x_wconf 87' lang='lat' dir='ltr'><strong>super</strong></span> <span class='ocrx_word' id='word_1_833' title='bbox 3015 4834 3137 4873; x_wconf 91' lang='lat' dir='ltr'><strong>eum</strong></span> <span class='ocrx_word' id='word_1_834' title='bbox 3168 4835 3290 4874; x_wconf 82' lang='lat' dir='ltr'><strong>esse</strong></span> <span class='ocrx_word' id='word_1_835' title='bbox 3311 4861 3325 4885; x_wconf 87' lang='lat'><strong>,</strong></span> <span class='ocrx_word' id='word_1_836' title='bbox 3356 4830 3410 4875; x_wconf 89' lang='lat' dir='ltr'><strong>et</strong></span> <span class='ocrx_word' id='word_1_837' title='bbox 3437 4820 3505 4874; x_wconf 89' lang='lat' dir='ltr'><strong>ab</strong></span> <span class='ocrx_word' id='word_1_838' title='bbox 3531 4835 3599 4876; x_wconf 89' lang='lat' dir='ltr'><strong>eo</strong></span> 
     </span>
    </p>
   </div>
   <div class='ocr_carea' id='block_1_109' title="bbox 2002 4913 3603 4992">
    <p class='ocr_par' dir='ltr' id='par_1_109' title="bbox 2002 4913 3603 4992">
     <span class='ocr_line' id='line_1_110' title="bbox 2002 4913 3603 4992; baseline -0.004 -18"><span class='ocrx_word' id='word_1_839' title='bbox 2002 4919 2264 4992; x_wconf 87' lang='lat' dir='ltr'><strong>judicium</strong></span> <span class='ocrx_word' id='word_1_840' title='bbox 2295 4916 2549 4988; x_wconf 85' lang='lat' dir='ltr'><strong>gentibus</strong></span> <span class='ocrx_word' id='word_1_841' title='bbox 2577 4914 2809 4969; x_wconf 89' lang='lat' dir='ltr'><strong>nuntiari</strong></span> <span class='ocrx_word' id='word_1_842' title='bbox 2835 4956 2849 4980; x_wconf 90' lang='lat'><strong>,</strong></span> <span class='ocrx_word' id='word_1_843' title='bbox 2880 4922 2934 4969; x_wconf 89' lang='lat' dir='ltr'><strong>et</strong></span> <span class='ocrx_word' id='word_1_844' title='bbox 2956 4913 3274 4967; x_wconf 87' lang='lat' dir='ltr'><strong>arundinem</strong></span> <span class='ocrx_word' id='word_1_845' title='bbox 3299 4928 3418 4983; x_wconf 65' lang='lat' dir='ltr'><strong>quae</strong></span> <span class='ocrx_word' id='word_1_846' title='bbox 3441 4927 3603 4983; x_wconf 89' lang='lat' dir='ltr'><strong>quas-</strong></span> 
     </span>
    </p>
   </div>
   <div class='ocr_carea' id='block_1_110' title="bbox 2010 5058 3602 5131">
    <p class='ocr_par' dir='ltr' id='par_1_110' title="bbox 2010 5058 3602 5131">
     <span class='ocr_line' id='line_1_111' title="bbox 2010 5058 3602 5131; baseline -0.004 -9"><span class='ocrx_word' id='word_1_847' title='bbox 2010 5069 2153 5122; x_wconf 89' lang='lat' dir='ltr'><strong>tudo.</strong></span> <span class='ocrx_word' id='word_1_848' title='bbox 2199 5066 2334 5121; x_wconf 90' lang='lat' dir='ltr'><strong>Tum</strong></span> <span class='ocrx_word' id='word_1_849' title='bbox 2377 5063 2433 5119; x_wconf 92' lang='lat' dir='ltr'><strong>in</strong></span> <span class='ocrx_word' id='word_1_850' title='bbox 2479 5062 2641 5118; x_wconf 87' lang='lat' dir='ltr'><strong>Carn.</strong></span> <span class='ocrx_word' id='word_1_851' title='bbox 2685 5070 2741 5116; x_wconf 89' lang='lat' dir='ltr'><strong>et</strong></span> <span class='ocrx_word' id='word_1_852' title='bbox 2776 5058 2930 5116; x_wconf 87' lang='lat' dir='ltr'><strong>Colb.</strong></span> <span class='ocrx_word' id='word_1_853' title='bbox 2957 5061 3328 5131; x_wconf 79' lang='lat' dir='ltr'><strong>receptiusque,</strong></span> <span class='ocrx_word' id='word_1_854' title='bbox 3358 5073 3464 5115; x_wconf 93' lang='lat' dir='ltr'><strong>non</strong></span> <span class='ocrx_word' id='word_1_855' title='bbox 3491 5076 3602 5115; x_wconf 87' lang='lat' dir='ltr'><strong>rec-</strong></span> 
     </span>
    </p>
   </div>
   <div class='ocr_carea' id='block_1_111' title="bbox 2007 5151 3600 5282">
    <p class='ocr_par' dir='ltr' id='par_1_111' title="bbox 2007 5151 3600 5282">
     <span class='ocr_line' id='line_1_112' title="bbox 2007 5151 3600 5282; baseline -0.006 -15"><span class='ocrx_word' id='word_1_856' title='bbox 2007 5151 2341 5282; x_wconf 50' lang='grc' dir='ltr'><strong>Ῑωῗὲἴὲίίιίιὶ,</strong></span> <span class='ocrx_word' id='word_1_857' title='bbox 2357 5216 2626 5282; x_wconf 76' lang='lat' dir='ltr'><strong>curantur.</strong></span> <span class='ocrx_word' id='word_1_858' title='bbox 2644 5204 2669 5257; x_wconf 88' lang='grc' dir='ltr'><strong><em>Ι</em></strong></span> <span class='ocrx_word' id='word_1_859' title='bbox 2679 5223 2711 5258; x_wconf 88' lang='lat' dir='ltr'><strong>n</strong></span> <span class='ocrx_word' id='word_1_860' title='bbox 2728 5219 2886 5257; x_wconf 88' lang='lat' dir='ltr'><strong>manu</strong></span> <span class='ocrx_word' id='word_1_861' title='bbox 2903 5204 3036 5256; x_wconf 85' lang='lat' dir='ltr'><strong>enim</strong></span> <span class='ocrx_word' id='word_1_862' title='bbox 3053 5203 3400 5272; x_wconf 74' lang='lat' dir='ltr'><strong>dandw,etc.,</strong></span> <span class='ocrx_word' id='word_1_863' title='bbox 3415 5218 3600 5260; x_wconf 86' lang='lat' dir='ltr'><strong>emen-</strong></span> 
     </span>
    </p>
   </div>
   <div class='ocr_carea' id='block_1_112' title="bbox 2008 5278 2786 5349">
    <p class='ocr_par' dir='ltr' id='par_1_112' title="bbox 2008 5278 2786 5349">
     <span class='ocr_line' id='line_1_113' title="bbox 2008 5278 2786 5349; baseline -0.013 -12"><span class='ocrx_word' id='word_1_864' title='bbox 2008 5278 2208 5338; x_wconf 71' lang='lat' dir='ltr'><strong>dantur</strong></span> <span class='ocrx_word' id='word_1_865' title='bbox 2236 5296 2299 5335; x_wconf 85' lang='lat' dir='ltr'><strong>ex</strong></span> <span class='ocrx_word' id='word_1_866' title='bbox 2335 5278 2630 5349; x_wconf 86' lang='lat' dir='ltr'><strong>potioribus</strong></span> <span class='ocrx_word' id='word_1_867' title='bbox 2658 5290 2786 5330; x_wconf 90' lang='lat' dir='ltr'><strong>mss.</strong></span> 
     </span>
    </p>
   </div>
   <div class='ocr_carea' id='block_1_113' title="bbox 2081 5345 3600 5422">
    <p class='ocr_par' dir='ltr' id='par_1_113' title="bbox 2081 5345 3600 5422">
     <span class='ocr_line' id='line_1_114' title="bbox 2081 5345 3600 5422; baseline -0.004 -18"><span class='ocrx_word' id='word_1_868' title='bbox 2081 5351 2160 5422; x_wconf 87' lang='lat' dir='ltr'><strong>(h)</strong></span> <span class='ocrx_word' id='word_1_869' title='bbox 2197 5345 2418 5406; x_wconf 41' lang='lat' dir='ltr'><strong>Badfet</strong></span> <span class='ocrx_word' id='word_1_870' title='bbox 2447 5348 2538 5422; x_wconf 67' lang='lat' dir='ltr'><strong>Er.</strong></span> <span class='ocrx_word' id='word_1_871' title='bbox 2572 5349 2874 5422; x_wconf 64' lang='lat' dir='ltr'><strong>intpergtm&#39;.</strong></span> <span class='ocrx_word' id='word_1_872' title='bbox 2916 5345 3031 5400; x_wconf 83' lang='lat' dir='ltr'><strong>Mox</strong></span> <span class='ocrx_word' id='word_1_873' title='bbox 3062 5345 3208 5422; x_wconf 76' lang='lat' dir='ltr'><strong>Lips.</strong></span> <span class='ocrx_word' id='word_1_874' title='bbox 3234 5354 3304 5422; x_wconf 66' lang='lat' dir='ltr'><strong>et</strong></span> <span class='ocrx_word' id='word_1_875' title='bbox 3331 5345 3452 5400; x_wconf 87' lang='lat' dir='ltr'><strong>Par.</strong></span> <span class='ocrx_word' id='word_1_876' title='bbox 3485 5361 3600 5422; x_wconf 76' lang='lat' dir='ltr'><strong>cunt</strong></span> 
     </span>
    </p>
   </div>
   <div class='ocr_carea' id='block_1_114' title="bbox 1993 5417 3598 5497">
    <p class='ocr_par' dir='ltr' id='par_1_114' title="bbox 1993 5417 3598 5497">
     <span class='ocr_line' id='line_1_115' title="bbox 1993 5417 3598 5497; baseline -0.006 -18"><span class='ocrx_word' id='word_1_877' title='bbox 1993 5417 2183 5497; x_wconf 79' lang='lat' dir='ltr'><strong>jussit,</strong></span> <span class='ocrx_word' id='word_1_878' title='bbox 2225 5438 2322 5497; x_wconf 80' lang='lat' dir='ltr'><strong>pro</strong></span> <span class='ocrx_word' id='word_1_879' title='bbox 2358 5437 2473 5474; x_wconf 88' lang='lat' dir='ltr'><strong>eum</strong></span> <span class='ocrx_word' id='word_1_880' title='bbox 2506 5419 2684 5497; x_wconf 71' lang='lat' dir='ltr'><strong>jussit.</strong></span> <span class='ocrx_word' id='word_1_881' title='bbox 2739 5418 2867 5497; x_wconf 59' lang='grc' dir='ltr'>Ριξξι</span> <span class='ocrx_word' id='word_1_882' title='bbox 2896 5418 3146 5497; x_wconf 69' lang='lat' dir='ltr'><strong>pancain</strong></span> <span class='ocrx_word' id='word_1_883' title='bbox 3170 5418 3353 5497; x_wconf 62' lang='lat' dir='ltr'><strong>tribus</strong></span> <span class='ocrx_word' id='word_1_884' title='bbox 3377 5431 3513 5497; x_wconf 73' lang='lat' dir='ltr'><strong>mss.</strong></span> <span class='ocrx_word' id='word_1_885' title='bbox 3545 5417 3598 5497; x_wconf 77' lang='lat' dir='ltr'><strong>in</strong></span> 
     </span>
    </p>
   </div>
   <div class='ocr_carea' id='block_1_115' title="bbox 2005 5487 3597 5562">
    <p class='ocr_par' dir='ltr' id='par_1_115' title="bbox 2005 5487 3597 5562">
     <span class='ocr_line' id='line_1_116' title="bbox 2005 5487 3597 5562; baseline -0.005 -12"><span class='ocrx_word' id='word_1_886' title='bbox 2005 5487 2345 5551; x_wconf 67' lang='lat' dir='ltr'><strong>ministerium</strong></span> <span class='ocrx_word' id='word_1_887' title='bbox 2372 5487 2738 5562; x_wconf 86' lang='lat' dir='ltr'><strong>apostolorum.</strong></span> <span class='ocrx_word' id='word_1_888' title='bbox 2796 5487 3018 5544; x_wconf 79' lang='lat' dir='ltr'><strong>Rectius</strong></span> <span class='ocrx_word' id='word_1_889' title='bbox 3045 5487 3137 5542; x_wconf 82' lang='lat' dir='ltr'><strong>alii</strong></span> <span class='ocrx_word' id='word_1_890' title='bbox 3170 5489 3289 5543; x_wconf 91' lang='lat' dir='ltr'><strong>libri</strong></span> <span class='ocrx_word' id='word_1_891' title='bbox 3321 5488 3597 5542; x_wconf 86' lang='lat' dir='ltr'><strong>ministerio</strong></span> 
     </span>
    </p>
   </div>
   <div class='ocr_carea' id='block_1_116' title="bbox 2005 5565 2424 5623">
    <p class='ocr_par' dir='ltr' id='par_1_116' title="bbox 2005 5565 2424 5623">
     <span class='ocr_line' id='line_1_117' title="bbox 2005 5565 2424 5623; baseline -0.019 0"><span class='ocrx_word' id='word_1_892' title='bbox 2005 5569 2060 5623; x_wconf 89' lang='lat' dir='ltr'><strong>in</strong></span> <span class='ocrx_word' id='word_1_893' title='bbox 2090 5565 2250 5621; x_wconf 87' lang='lat' dir='ltr'><strong>dandi</strong></span> <span class='ocrx_word' id='word_1_894' title='bbox 2277 5579 2424 5617; x_wconf 89' lang='lat' dir='ltr'><strong>casu.</strong></span> 
     </span>
    </p>
   </div>
   <div class='ocr_carea' id='block_1_117' title="bbox 2077 5629 3598 5708">
    <p class='ocr_par' dir='ltr' id='par_1_117' title="bbox 2077 5629 3598 5708">
     <span class='ocr_line' id='line_1_118' title="bbox 2077 5629 3598 5708; baseline -0.007 -17"><span class='ocrx_word' id='word_1_895' title='bbox 2077 5639 2142 5708; x_wconf 88' lang='lat' dir='ltr'><strong>(i)</strong></span> <span class='ocrx_word' id='word_1_896' title='bbox 2177 5635 2329 5706; x_wconf 89' lang='lat' dir='ltr'><strong>Apud</strong></span> <span class='ocrx_word' id='word_1_897' title='bbox 2360 5635 2486 5708; x_wconf 79' lang='lat' dir='ltr'><strong>Par.</strong></span> <span class='ocrx_word' id='word_1_898' title='bbox 2522 5633 2614 5708; x_wconf 80' lang='lat' dir='ltr'><strong>hic</strong></span> <span class='ocrx_word' id='word_1_899' title='bbox 2640 5631 2904 5708; x_wconf 81' lang='lat' dir='ltr'><strong>insertum</strong></span> <span class='ocrx_word' id='word_1_900' title='bbox 2935 5639 3047 5692; x_wconf 89' lang='lat' dir='ltr'><strong>est,</strong></span> <span class='ocrx_word' id='word_1_901' title='bbox 3087 5629 3598 5708; x_wconf 46' lang='lat' dir='ltr'><strong>curationesninsab-</strong></span> 
     </span>
    </p>
   </div>
   <div class='ocr_carea' id='block_1_118' title="bbox 2007 5698 3602 5776">
    <p class='ocr_par' dir='ltr' id='par_1_118' title="bbox 2007 5698 3602 5776">
     <span class='ocr_line' id='line_1_119' title="bbox 2007 5698 3602 5776; baseline -0.005 -12"><span class='ocrx_word' id='word_1_902' title='bbox 2007 5698 2240 5772; x_wconf 60' lang='lat' dir='ltr'><strong>bato&#39;et,</strong></span> <span class='ocrx_word' id='word_1_903' title='bbox 2277 5705 2422 5776; x_wconf 88' lang='lat' dir='ltr'><strong>quod</strong></span> <span class='ocrx_word' id='word_1_904' title='bbox 2463 5705 2623 5759; x_wconf 89' lang='lat' dir='ltr'><strong>etiam</strong></span> <span class='ocrx_word' id='word_1_905' title='bbox 2667 5714 2849 5776; x_wconf 72' lang='lat' dir='ltr'><strong>exstat</strong></span> <span class='ocrx_word' id='word_1_906' title='bbox 2875 5703 2930 5756; x_wconf 93' lang='lat' dir='ltr'><strong>in</strong></span> <span class='ocrx_word' id='word_1_907' title='bbox 2964 5717 3094 5776; x_wconf 83' lang='lat' dir='ltr'><strong>mss.</strong></span> <span class='ocrx_word' id='word_1_908' title='bbox 3128 5703 3316 5768; x_wconf 76' lang='lat' dir='ltr'><strong>Rom.,</strong></span> <span class='ocrx_word' id='word_1_909' title='bbox 3358 5698 3517 5757; x_wconf 79' lang='lat' dir='ltr'><strong>Colb.</strong></span> <span class='ocrx_word' id='word_1_910' title='bbox 3545 5708 3602 5758; x_wconf 84' lang='lat' dir='ltr'><strong>et</strong></span> 
     </span>
    </p>
   </div>
   <div class='ocr_carea' id='block_1_119' title="bbox 2008 5769 3237 5842">
    <p class='ocr_par' dir='ltr' id='par_1_119' title="bbox 2008 5769 3237 5842">
     <span class='ocr_line' id='line_1_120' title="bbox 2008 5769 3237 5842; baseline -0.009 -6"><span class='ocrx_word' id='word_1_911' title='bbox 2008 5780 2172 5838; x_wconf 77' lang='lat' dir='ltr'><strong>Carn.</strong></span> <span class='ocrx_word' id='word_1_912' title='bbox 2205 5769 2310 5838; x_wconf 59' lang='grc' dir='ltr'><strong>ιω·</strong></span> <span class='ocrx_word' id='word_1_913' title='bbox 2332 5775 2398 5834; x_wconf 81' lang='lat' dir='ltr'><strong>ad</strong></span> <span class='ocrx_word' id='word_1_914' title='bbox 2429 5790 2543 5832; x_wconf 88' lang='lat' dir='ltr'><strong>rem</strong></span> <span class='ocrx_word' id='word_1_915' title='bbox 2575 5790 2681 5836; x_wconf 87' lang='lat' dir='ltr'><strong>non</strong></span> <span class='ocrx_word' id='word_1_916' title='bbox 2714 5769 2922 5834; x_wconf 81' lang='lat' dir='ltr'><strong>videtur</strong></span> <span class='ocrx_word' id='word_1_917' title='bbox 2947 5775 3237 5842; x_wconf 73' lang='lat' dir='ltr'><strong>pertineret</strong></span> 
     </span>
    </p>
   </div>
  </div>
