4172 6188
516 277 618 333 987

1711 265 1956 328 SANCTI
1997 252 2253 321 HILARII
2285 255 2589 324 EPISCOPI

3703 267 3822 346 ess

522 401 637 446 sata
668 389 735 446 sit
762 403 867 445 non
896 403 1018 444 esse
1044 387 1372 442 confraclam
1392 428 1406 452 ,
1438 395 1490 442 et
1518 386 1684 441 linum
1717 386 1982 456 fumigans
2011 389 2114 436 non
2145 380 2192 441 Α
2221 379 2322 436 btts
2367 379 2767 463 respondebat,
2821 383 3189 458 responsionis
3235 386 3402 458 ipsius
3452 383 3821 456 conditionem

522 482 886 540 exstinctum:
926 480 976 536 id
1004 487 1109 543 est,
1142 478 1340 534 caduca
1373 488 1427 534 et
1455 485 1702 548 quassata
1733 477 1972 547 gentium
1996 485 2118 530 cor-

523 589 652 644 pora
685 587 792 627 non
823 572 986 627 fuisse
1017 572 1271 636 contrita,
1300 570 1394 625 sed
1419 571 1468 624 in
1489 569 1716 625 salutem
1742 570 1918 639 potius
1943 581 2116 621 reser-

519 673 674 719 vata:
729 677 902 734 neque
931 663 1280 733 exiguitatem
1327 663 1463 731 ignis
1508 669 1712 716 tantum
1754 660 1863 729 jam
1902 659 1955 713 in
2007 658 2118 712 lino

522 757 831 828 futnigantis
865 758 1182 812 exstinctam
1210 803 1223 817 ,
1283 756 1356 827 (a)
1405 755 1656 824 exiguum
1705 745 1865 807 Israel
1897 767 1964 806 ex
1989 749 2120 806 rell-

521 850 662 922 qufis
689 849 889 904 veteris
920 849 1105 918 gratia:
1137 848 1382 917 spiritum
1413 861 1516 900 non
1549 846 1817 907 ablatum:
1865 843 1985 913 quia
2035 855 2116 896 re-

520 941 768 996 sumendi
814 942 978 995 totius
1019 939 1238 994 luminis
1285 939 1335 993 in
1388 949 1630 1009 tempore
1681 935 2012 1006 pmnltentia:
2054 934 2123 988 sit

524 1035 769 1090 facultas.
814 1034 917 1090 Sed
963 1033 1105 1088 istud
1141 1035 1277 1088 intra
1305 1032 1441 1089 certi
1470 1031 1731 1100 temporis
1758 1037 1953 1084 statuta
1989 1043 2124 1096 prae-

523 1128 815 1192 scribitur,
865 1126 1024 1180 donec
1073 1142 1188 1179 cum
1230 1125 1406 1198 ejiciat
1449 1123 1713 1177 victoriam
1759 1121 1827 1174 ad
1866 1120 2125 1189 judicium

524 1209 858 1293 (Matthfxtt,
883 1215 998 1288 9.0).
1030 1217 1235 1271 sublata
1265 1217 1473 1272 scilicet
1495 1215 1682 1269 mortis
1704 1211 2127 1284 potestatejudi-

523 1313 663 1366 cium
697 1310 957 1365 claritatis
983 1323 1096 1364 suae
1124 1309 1295 1364 reditu
1329 1307 1655 1374 introdueat,
1690 1305 1741 1360 in
1772 1306 1989 1360 nomine
2008 1305 2126 1374 ejus

525 1420 620 1476 per
644 1404 802 1459 fidem
832 1404 1081 1474 gentibus
1102 1403 1407 1458 creditoris.

599 1500 685 1554 11.
720 1497 1039 1552 Dmmoniaci
1068 1497 1190 1551 ι’ωοὶ
1220 1505 1266 1549 et
1296 1495 1422 1548 muti
1442 1493 1664 1558 curatio,
1712 1491 1935 1564 gentium
1963 1492 2126 1545 salus.

525 1621 596 1634 -
623 1591 770 1645 Tunc
801 1588 996 1644 oblatus
1030 1598 1100 1642 est
1131 1589 1176 1642 ei
1224 1587 1376 1641 homo
1402 1585 1709 1638 duintonium
1749 1583 1937 1637 habent
1965 1597 2130 1636 caecus

528 1695 574 1742 et
598 1694 766 1740 mutus
795 1727 808 1749 ,
841 1693 897 1739 et
927 1683 1130 1752 reliqua
1164 1679 1326 1750 (Ibid.
1356 1679 1474 1750 2‘2).
1528 1678 1783 1750 Sequitur
1809 1675 2125 1730 daemoniaci

2220 475 2462 530 retorsit.
2520 473 2628 531 Lex
2658 477 2800 532 enim
2832 493 2860 531 a
2895 473 3004 532 Deo
3034 487 3139 544 est,
3167 487 3220 533 et
3247 480 3398 551 regni
3424 478 3584 535 Israel
3614 481 3826 552 pollici-

2223 567 2352 620 tatio
2380 581 2445 621 ex
2475 565 2592 638 lege
2623 577 2724 633 est,
2758 575 2812 624 et
2841 568 3038 625 Christi
3066 580 3217 625 ortus
3244 581 3298 625 et
3324 571 3587 628 adventus
3612 589 3676 628 ex
3705 574 3826 644 lege

2222 665 2324 712 est.
2351 656 2408 713 Si
2439 673 2660 728 regnum
2692 658 2826 732 legis
2852 670 3036 715 contra
3066 676 3125 717 se
3153 660 3428 728 dividitur,
3463 661 3534 734 (b)
3557 661 3825 719 dissolva-

2223 754 2309 800 tur
2337 763 2557 804 neccsse
2600 755 2700 804 est.
2754 750 2818 804 Et
2847 759 3082 819 potestas
3127 755 3304 807 omnis
3351 751 3617 810 divisione
3644 753 3828 808 detra-

2228 841 2374 896 hitur
2399 883 2412 905 ,
2464 851 2516 896 et
2546 841 2695 911 regni
2725 841 2894 897 virtus
2935 842 3220 900 adversum
3251 860 3308 900 se
3338 856 3582 914 separata
3627 862 3830 902 consuo

2227 933 2420 988 mitur:
2474 949 2536 988 ac
2580 935 2657 988 sic
2703 950 2927 1005 regnum
2960 933 3122 996 lsrael
3161 937 3340 993 amisit
3380 953 3446 992 ex
3489 938 3606 1010 iege
3631 939 3669 1006 ,'
3699 955 3826 1007 cunt

2226 1025 2442 1097 quando
2474 1026 2914 1097 adimpletionem
2967 1028 3102 1100 legis
3148 1030 3200 1084 in
3240 1027 3457 1084 Christo
3498 1025 3646 1104 plebs
3690 1029 3830 1104 legis

2229 1118 2524 1189 impugnet.

2302 1213 2388 1267 Η.
2423 1209 2715 1268 Jerusalem
2733 1215 3011 1269 excidium.
3043 1246 3114 1256 —
3143 1215 3247 1274 Sed
3279 1225 3326 1272 et
3357 1219 3536 1272 civitas
3567 1228 3614 1272 et
3644 1216 3831 1274 domus

2229 1303 2391 1360 divisa
2418 1317 2594 1362 contra
2619 1323 2692 1371 se,
2726 1323 2827 1361 non
2857 1307 3006 1362 stabit
3036 1308 3055 1380 (
3081 1307 3277 1363 Ibidem
3301 1309 3337 1378 ).
3381 1307 3584 1364 Domus
3613 1325 3831 1380 qttoque

2230 1403 2286 1450 et
2309 1397 2538 1452 civitatis
2566 1397 2750 1452 eadem
2791 1409 2872 1453 est
2902 1400 3039 1453 ratio
3062 1442 3077 1468 ,
3118 1416 3238 1471 qua:
3266 1403 3436 1470 regni.
3493 1401 3598 1457 Sed
3629 1401 3822 1457 civitas

2231 1488 2321 1545 hic
2346 1489 2642 1546 Jerusalem
2671 1489 2742 1561 (c)
2775 1490 3059 1558 indicatur,
3097 1495 3332 1563 gentium
3361 1508 3572 1564 semper
3592 1494 3829 1566 gloriosa

2232 1581 2532 1636 dominatu.
2568 1581 2719 1636 Nunc
2751 1593 3098 1654 posteaquam
3131 1586 3181 1638 in
3237 1585 3518 1644 Dominum
3547 1603 3698 1642 sumn
3747 1589 3835 1645 fu-

2237 1692 2361 1732 rore
2395 1676 2564 1747 plebis
2594 1678 2813 1742 exarsit,
2843 1685 2898 1733 et
2917 1679 3191 1750 apostolos
3212 1680 3328 1752 ejus
3350 1695 3468 1736 cum
3491 1681 3827 1738 credentium

527 1788 584 1836 et
623 1779 750 1834 (ξιιιοί
781 1788 834 1832 et
861 1777 992 1830 mutl
1023 1784 1324 1844 opportuna
1369 1772 1598 1826 curatio.
1653 1769 1770 1824 Non
1818 1767 1961 1822 enim
2011 1767 2127 1822 sine
2156 1767 2204 1831 B
2235 1769 2402 1824 turbis
2431 1768 2702 1838 ellugavit,
2731 1769 3118 1832 discedentiutn
3144 1770 3288 1826 illinc
3310 1769 3570 1826 divisione
3593 1790 3696 1828 non
3717 1786 3832 1828 sta-

532 1872 761 1933 ratione,
791 1883 912 1922 cum
933 1867 1118 1921 turbas
1144 1879 1336 1919 omnes
1353 1871 1566 1918 curatas
1584 1863 1635 1916 in
1654 1875 1942 1916 commune
1961 1859 2129 1914 dixis-

533 1971 639 2028 set,
691 1975 832 2015 nunc
871 1961 1208 2015 extrinsecus
1235 1956 1562 2011 daemonium
1618 1953 1820 2008 habens
1849 1967 2028 2008 Cll‘CIlS
2073 1959 2128 2006 et

531 2064 714 2112 mutus
739 2052 994 2108 offertur:
1044 2061 1102 2105 ut
1132 2051 1249 2104 sine
1280 2048 1628 2116 ambiguitate
1660 2047 1835 2116 aliqua
1866 2045 2006 2099 idem
2051 2045 2130 2100 in-

533 2148 844 2218 telligentia:
875 2143 1012 2199 ordo
1043 2153 1381 2212 sequeretur.
1436 2140 1624 2211 Spicas
1653 2138 1855 2194 vellere
1881 2181 1894 2205 ,
1930 2137 1981 2191 id
2013 2145 2126 2202 est,

535 2240 781 2296 homines
825 2237 1009 2292 smcuii
1056 2247 1392 2305 pnecerpere
1416 2277 1428 2299 ,
1454 2233 1732 2301 apostolos
1762 2230 2019 2287 Pharisaei
2047 2247 2133 2286 ar-

534 2331 798 2404 guebant,
845 2327 1216 2383 misericordia
1260 2323 1424 2398 729
1452 2339 1614 2394 super
1644 2323 1966 2378 sacrificium
1999 2338 2135 2392 pra”-

536 2425 820 2482 dicabatur
848 2465 862 2489 ,
913 2437 1104 2476 manus
1133 2420 1297 2474 arida:
1325 2419 1488 2472 homo
1518 2417 1730 2472 oblatus
1783 2419 1833 2470 itt
1866 2431 2134 2488 synagoga

537 2520 864 2576 curabatur:
915 2525 1074 2583 atque
1117 2512 1234 2567 inec
1276 2511 1342 2566 ad
1374 2509 1800 2566 convertendum
1833 2508 1994 2563 Israel
2028 2525 2134 2564 non

540 2615 713 2669 Solum
743 2609 876 2664 nihil
907 2604 1193 2678 proficiunt
1220 2647 1234 2666 .
1263 2621 1449 2659 verum
1485 2607 1644 2658 etiam
1675 2601 1934 2658 Pharisa'i
1960 2604 2137 2658 consié

541 2707 672 2762 iintn
702 2704 849 2758 necis
876 2701 1086 2755 ineunt.
1134 2697 1432 2768 Oportebat
1461 2695 1620 2765 igitur
1645 2736 1658 2759 ,
1707 2701 1762 2748 ut
1794 2703 1913 2764 post
1943 2693 2059 2749 hmc
2086 2694 2140 2749 in

543 2796 702 2854 unius
733 2795 892 2863 hujus
925 2791 1094 2846 forma
1123 2789 1365 2860 gentium
1396 2787 1540 2842 salus
1568 2787 1750 2840 fieret:
1799 2792 1854 2839 ttt
1904 2787 1993 2856 qui
2025 2795 2143 2840 erat

545 2891 804 2946 habltatio
829 2884 1094 2942 daemonis
1136 2893 1192 2938 et
1227 2897 1403 2937 caecus
1450 2891 1504 2936 et
1550 2888 1767 2944 mutus,
1819 2878 1929 2934 Deo
1974 2893 2143 2949 capax

544 2991 850 3056 pararetur,
878 2987 932 3033 et
961 2978 1128 3032 Deum
1155 2981 1504 3031 contueretur
1532 2973 1585 3027 in
1613 2969 1830 3026 Christo
1854 3010 1869 3036 ,
1908 2979 1960 3024 et
1987 2968 2144 3039 Chri-

545 3076 612 3132 sti
643 3087 807 3145 opera
838 3071 933 3128 Dei
963 3067 1306 3125 confessione
1347 3063 1610 3119 laudaret.
1660 3062 1995 3132 Stupueruut
2020 3059 2144 3116 facti

547 3167 699 3222 istius
731 3179 866 3234 opus
895 3161 1102 3226 turbze;
1147 3158 1243 3214 sed
1274 3157 1670 3213 Pharisarorum
1714 3153 2040 3225 ingravescit
2067 3154 2148 3207 in-
2176 3149 2222 3214 C

548 3258 710 3314 vidia.
743 3254 873 3310 Nam
892 3253 1012 3323 quia
1035 3255 1322 3305 humanam
1344 3249 1710 3302 infirmitatem
1736 3246 1850 3300 haec
1870 3254 2012 3300 tanta
2032 3245 2148 3314 ejus

549 3365 714 3420 Opera
753 3347 1098 3407 excederent,
1129 3342 1385 3412 pudorem
1419 3339 1776 3394 confessionis
1805 3354 1914 3393 sua:
1946 3340 2151 3407 majore

553 3441 789 3515 perﬁdia:
831 3438 1042 3493 scelere
1069 3435 1372 3490 declinant:
1425 3441 1484 3486 ttt
1527 3434 1648 3502 quia
1692 3430 1807 3485 haac
1835 3439 1997 3500 Opera
2029 3445 2153 3486 esse

552 3535 860 3591 existimare
892 3528 1124 3590 hominis
1157 3541 1261 3580 non
1310 3535 1566 3595 possent,
1620 3523 1866 3577 confiteri
1899 3523 1990 3576 Dei
2040 3522 2156 3576 nol-

554 3629 707 3691 ient,
753 3635 1079 3691 omnemque
1124 3618 1267 3672 hanc
1310 3617 1429 3686 ejus
1458 3632 1523 3670 ex
1553 3613 1857 3669 Beelzebub
1912 3613 2154 3684 principe

555 3719 861 3775 dmmonum
915 3727 1037 3769 esse
1090 3710 1336 3766 dicerent
1393 3709 1446 3764 in
1511 3708 2154 3778 dmmonas'potestatcm

561 3806 873 3880 (tud.2ty

633 3900 723 3955 12.
775 3899 957 3953 Sermo
999 3897 1097 3952 Dei
1125 3909 1277 3966 quam
1306 3894 1464 3948 dives.
1495 3923 1564 3933 —
1592 3890 1747 3947 Jesus
1783 3902 1951 3947 autem
1995 3895 2160 3950 sciens

561 3994 892 4067 cogitationes
921 4006 1096 4046 eorum
1135 3991 1267 4044 dixit
1293 3989 1397 4043 illis
1435 4002 1453 4042 :
1484 3987 1646 4042 Omne
1681 4003 1892 4060 regnum
1943 3987 2161 4042 divisum

565 4097 744 4141 contra
772 4103 824 4140 se
844 4085 1160 4140 desolabitur
1182 4081 1343 4156 (Ibid.
1369 4080 1488 4152 25).
1530 4081 1720 4136 Sermo
1753 4080 1845 4135 Dei
1875 4078 2026 4135 dives
2055 4089 2157 4146 est,

567 4189 620 4234 et
652 4178 717 4232 ad
744 4189 1119 4248 argumentum
1162 4175 1366 4244 positus
1414 4172 1782 4240 intelligentiae
1809 4214 1824 4237 ,
1878 4171 2162 4246 plurimam

567 4270 636 4326 de
665 4284 724 4324 se
749 4269 1120 4339 exemplorum
1145 4267 1356 4336 copiam
1383 4265 1582 4334 prathet
1609 4282 1620 4317 :
1651 4273 1704 4319 et
1733 4265 1812 4318 vel
1845 4263 2164 4334 simpliciter

568 4361 894 4424 intellectus,
928 4361 1013 4416 vel
1049 4361 1324 4429 inspectus
1353 4359 1597 4423 interius,
1627 4358 1690 4410 ad
1712 4371 1928 4413 omnem
1955 4358 2164 4428 profec-

569 4463 678 4509 tum
705 4462 788 4508 est
815 4453 1172 4508 necessarius.
1203 4450 1308 4506 Sed
1335 4449 1536 4504 relictis
1559 4449 1664 4514 his,
1693 4465 1812 4521 qum
1833 4449 1898 4504 ad
1917 4463 2162 4504 commu-

2235 1861 2345 1915 hit:
2394 1871 2553 1932 atque
2581 1862 2651 1915 ita
2678 1902 2692 1924 ,
2739 1861 2881 1932 quod
2912 1879 3034 1916 mox
3065 1873 3410 1918 consecutum
3443 1873 3524 1917 est
3554 1879 3648 1934 per
3681 1869 3821 1920 hanc

2233 1950 2574 2015 divisionem,
2606 1951 2841 2006 civitatis
2876 1952 3021 2006 illius
3047 1953 3397 2008 denuntiatur
3419 1954 3707 2009 excidium.

2309 2044 2397 2100 15.
2440 2042 2635 2097 Virtute
2661 2043 2834 2098 divina
2865 2043 3122 2100 Christum
3153 2049 3335 2118 ejicere
3371 2049 3646 2110 daemonia.
3674 2080 3745 2090 —
3778 2050 3843 2114 Si

2235 2137 2367 2191 enim
2407 2146 2615 2189 satanas
2659 2146 2893 2190 satanam
2933 2138 3071 2209 ejicit
3097 2181 3111 2203 ,
3153 2140 3396 2195 adversus
3435 2158 3488 2196 se
3528 2141 3722 2198 divisus
3767 2147 3842 2196 est

2237 2229 2400 2300 (Ibid.
2432 2227 2546 2299 26).
2582 2229 2716 2284 Dicti
2749 2229 3047 2297 sUperioris
3074 2231 3532 2298 malevolentiam,
3563 2252 3669 2304 quo
3712 2253 3841 2292 cum

2238 2323 2292 2379 in
2319 2322 2622 2378 Beelzebub
2683 2324 2796 2379 haec
2826 2340 2985 2396 agere
3037 2325 3396 2396 loquebantur
3421 2369 3436 2395 ,
3485 2344 3549 2383 eo
3591 2331 3706 2402 ipso
3735 2347 3844 2402 quo

2239 2417 2400 2471 locuti
2451 2425 2575 2471 sunt
2621 2431 2821 2486 genere
2869 2417 3264 2474 condemnant:
3315 2437 3420 2484 non
3472 2421 3843 2494 intelligentcs

2240 2510 2516 2564 confessos
2543 2526 2600 2564 se
2632 2511 2819 2578 fuisse,
2849 2511 3152 2568 Beelzebub
3193 2529 3313 2570 esse
3341 2511 3570 2570 divisum
3595 2536 3606 2569 :
3637 2519 3753 2572 etsi
3778 2516 3845 2573 ad

2241 2599 2562 2658 divisionem
2594 2617 2745 2656 suam
2779 2611 2998 2658 coactus
3035 2612 3154 2672 est,
3201 2617 3256 2660 ut
3303 2606 3516 2662 dzemon
3563 2609 3840 2666 dminoues

2247 2695 2591 2764 proturbaret
2615 2735 2630 2760 ,
2663 2706 2715 2749 et
2746 2694 3006 2750 adversus
3034 2713 3094 2752 se
3120 2697 3314 2752 divisio
3340 2696 3451 2769 ipsa
3484 2699 3847 2766 consisteret;

2253 2787 2378 2841 hinc
2401 2801 2616 2856 quoque
2644 2787 3060 2842 existimandum
3093 2804 3235 2850 esse.
3267 2789 3388 2858 plus
3416 2791 3467 2844 in
3500 2806 3566 2846 eo
3595 2793 3683 2863 qui
3713 2793 3850 2847 divi-

2246 2882 2399 2952 serit,
2433 2879 2597 2954 730
2619 2897 2774 2950 quam
2801 2882 2851 2934 in
2883 2883 2965 2936 his
2993 2883 3084 2954 qui
3115 2879 3274 2938 divisi
3307 2884 3434 2948 sint,
3465 2885 3640 2940 inesse
3681 2884 3856 2939 virtu-

2250 2973 2338 3028 tis.
2395 2974 2539 3043 Ergo
2561 2973 2672 3044 jam
2706 2973 2912 3028 divisus
2939 2985 3020 3029 est
3051 3017 3065 3042 ,
3116 2985 3168 3029 et
3212 2975 3498 3034 adversum
3543 2992 3602 3031 se
3631 2988 3857 3031 coactus

2251 3075 2335 3122 est
2363 3110 2375 3133 ,
2426 3081 2758 3137 regnumque
2791 3066 2908 3136 ejus
2949 3063 3212 3123 divisione
3244 3069 3336 3126 tali
3381 3077 3464 3124 est
3503 3069 3850 3126 dissolutum.

2253 3157 2405 3226 Quod
2448 3157 2490 3210 si
2519 3158 2568 3210 in
2603 3158 2800 3211 virtute
2847 3158 3148 3213 Beelzebth
3175 3159 3421 3214 Christus
3450 3159 3726 3215 daemones
3754 3163 3853 3228 eji-

2254 3247 2348 3312 cil,
2380 3245 2473 3300 filii
2506 3257 2714 3311 eorum,
2749 3247 2799 3300 iti
2838 3255 2918 3301 est
2947 3250 3173 3318 apostoli
3202 3292 3215 3315 ,
3251 3250 3301 3303 in
3331 3251 3483 3321 cujus
3511 3252 3727 3306 nomine
3751 3254 3855 3322 eji-

2253 3340 2401 3394 ciunt
2425 3338 2586 3410 (Ibid.
2610 3339 2744 3406 9.7)?
2769 3341 2941 3410 Atque
2971 3341 3172 3396 idcirco
3207 3341 3367 3413 digne
3401 3353 3523 3398 sunt
3564 3343 3618 3397 in
3652 3360 3748 3398 eos
3773 3345 3861 3414 ju-

2256 3431 2405 3485 dices
2435 3432 2735 3495 constituti,
2769 3432 2966 3502 quibus
2999 3432 3049 3487 id
3078 3433 3293 3489 dedisse
3322 3435 3569 3490 Christus
3597 3435 3862 3492 adversus

2257 3522 2531 3578 dmmoncs
2559 3525 2842 3594 potestatis
2873 3526 3196 3594 reperietur,
3226 3526 3366 3597 quod
3398 3528 3512 3597 ipse
3543 3529 3860 3599 sitnegattts

2259 3615 2528 3671 habuisse.
2582 3617 2723 3686 Ergo
2751 3616 2793 3670 si
2817 3617 3077 3687 discipuli
3105 3627 3399 3689 operantur
3429 3621 3480 3674 in
3507 3618 3757 3686 Christo,
3808 3627 3863 3678 et

2259 3723 2323 3764 ex
2355 3708 2436 3779 (d)
2465 3709 2665 3778 Spiritu
2695 3709 2788 3764 Dei
2821 3708 3068 3765 Christus
3097 3723 3382 3780 operatur:
3418 3713 3572 3767 adest
3601 3715 3691 3768 Dei
3733 3730 3860 3786 reg-

2261 3817 2412 3864 num,
2435 3802 2542 3871 jam
2567 3803 2620 3856 in
2650 3803 2938 3872 Apostolos
2960 3803 3274 3859 mediatoris
3295 3803 3477 3861 officio
3501 3805 3857 3862 transfusum.

2263 3893 2370 3949 Sed
2415 3909 2534 3948 cum
2585 3908 2680 3964 per
2729 3894 3030 3949 Beelzebub
3077 3911 3234 3966 posse
3286 3895 3533 3952 Clll‘lslIIS
3583 3900 3858 3968 arguitur,

2266 3985 2406 4041 Deus
2450 3986 2854 4056 blasphematur
2882 3987 2934 4040 in
2966 3984 3215 4042 Christo:
3261 3996 3422 4058 atque
3467 3987 3535 4044 ita
3591 3991 3642 4042 in
3692 3989 3863 4044 Deum

2266 4077 2604 4148 inexpiabilis
2653 4079 2880 4133 convicii
2931 4079 3255 4134 contumelia
3307 4095 3404 4150 per
3449 4077 3750 4135 Pharismos
3803 4081 3861 4144 in

2267 4171 2567 4226 Beelzebub
2591 4172 2805 4227 nomine
2822 4181 3185 4243 comparatur.

2339 4263 2428 4318 16.
2465 4264 2732 4328 Quomodo
2757 4275 2918 4338 potest
2942 4267 3134 4319 intrare
3159 4269 3273 4338 quis
3303 4267 3355 4321 in
3380 4267 3584 4322 domum
3616 4267 3786 4342 fortis,
3818 4275 3870 4324 et

2267 4371 2386 4410 vasa
2419 4361 2529 4429 ejus
2556 4357 2823 4428 diripere?
2861 4367 2908 4412 ct
2939 4359 3141 4428 reliqua
3171 4357 3338 4428 (Ibid.
3362 4358 3477 4430 ἓν).
3509 4357 3804 4414 Cuntusam
3839 4375 3870 4414 a

2266 4466 2326 4507 se
2356 4452 2408 4506 in
2443 4451 2735 4507 tentatiouc
2763 4453 2932 4523 prima
2962 4467 3174 4506 omnem
3231 4451 3432 4508 diaboli
3484 4452 3681 4509 indicat
3712 4463 3871 4523 pute-

570 4561 692 4604 nem
720 4544 1127 4616 intelligentiam
1159 4551 1364 4614 patent,
1393 4541 1574 4598 causis
1606 4541 1948 4597 interioribus
1974 4524 2166 4598 immo-
2191 4539 2246 4599 D
2273 4553 2466 4598 statem
2493 4587 2507 4610 ,
2560 4544 2683 4615 quia
2723 4557 2882 4598 nemo
2928 4543 3144 4598 domum
3180 4543 3336 4599 fortis
3369 4545 3599 4602 introeat
3644 4547 3873 4615 ejusque

569 4654 772 4695 remur.

643 4732 728 4787 15.
767 4729 1074 4786 Prwdicitur
1102 4729 1247 4802 regni
1290 4726 1458 4782 Israel
1489 4731 1720 4802 jactura.
1753 4760 1821 4769 -—
1851 4728 2011 4785 Omne
2048 4746 2165 4804 reg-

575 4839 698 4878 num
738 4823 959 4876 divisum
991 4831 1168 4876 contra
1197 4837 1251 4876 se
1293 4820 1624 4876 desolabitur.
1670 4822 2050 4891 Responsurus
2099 4823 2163 4878 ad

573 4914 624 4969 id
653 4913 794 4987 quod
822 4914 889 4970 de
918 4913 1221 4970 Beelzebub
1246 4923 1363 4969 erat
1387 4913 1611 4980 dictum,
1642 4914 1694 4968 in
1726 4928 1819 4970 eos
1843 4916 2010 4985 ipsos,
2043 4916 2164 4986 qui~

649 5117 728 5191 (a)
761 5117 902 5172 Etliti
921 5160 935 5185 ,
964 5136 1026 5174 ea:
1052 5121 1178 5175 Sion
1208 5119 1376 5174 Israel
1399 5129 1445 5174 et
1469 5135 1534 5174 ea:
1553 5120 1815 5191 reliquiis;
1845 5121 2176 5191 castigantur

577 5207 644 5248 ex
670 5198 900 5261 quatuor
945 5205 1074 5244 mss.
1123 5193 1212 5246 ubi
1246 5192 1595 5260 exiguitatem
1628 5193 1767 5261 ignis
1799 5208 1906 5246 non
1936 5194 2175 5246 exstinc-

579 5275 685 5318 tam
729 5260 965 5336 liilarius
984 5263 1380 5336 interpretatur
1408 5260 1666 5334 exiguum
1703 5264 1890 5334 gratim
1921 5263 2173 5336 spiritum

578 5333 741 5390 Israel
773 5348 876 5384 non
909 5332 1170 5387 ablatum.

655 5403 728 5476 (ὁ)
770 5402 1026 5476 Potior-es
1057 5420 1187 5458 mss.
1221 5405 1538 5476 desotabitur
1567 5421 1766 5460 necesse
1793 5415 1900 5460 est:
1928 5404 2178 5476 forsitan

581 5474 868 5546 sincerius.
921 5474 1088 5544 Iiujus
1111 5475 1253 5528 modi
1282 5478 1553 5531 locutione
1593 5477 1704 5546 jam
1734 5478 1786 5531 in
1822 5475 1960 5530 Psal.
1992 5490 2176 5540 cxvttt,

587 5566 640 5602 n.
672 5548 703 5599 7
733 5586 747 5608 ,
805 5545 1034 5614 legimtts
1059 5587 1072 5609 ,
1119 5562 1319 5600 necesse
1353 5557 1424 5600 est
1474 5545 1727 5602 credenda
1769 5557 1874 5602 est:
1925 5555 1979 5601 et
2005 5546 2091 5599 tthi
2125 5547 2179 5598 in

594 5617 737 5674 Psal.
760 5630 907 5675 cxxt,
933 5632 988 5670 n.
1016 5618 1068 5682 1,
1099 5626 1278 5673 exstat
1301 5620 1609 5688 proclamari
1632 5635 1833 5675 necesse
1853 5629 1945 5686 est,
1968 5619 2023 5673 in
2049 5631 2179 5688 mss,

605 5689 834 5758 habetur
861 5689 1194 5758 proclamabit
1215 5707 1414 5746 necesse
1439 5701 1545 5744 est..

680 5755 752 5828 (c)
803 5755 870 5810 ιη’
911 5759 1117 5832 aliquot
1158 5777 1289 5818 mss.
1337 5763 1540 5817 dicitur.
1593 5761 1714 5818 Mox
1760 5761 1814 5818 in
1854 5758 2112 5818 Beccensi
2133 5766 2189 5816 et

2274 4649 2397 4690 vasa
2432 4634 2673 4705 diripiat,
2705 4633 2804 4688 nisi
2837 4633 3025 4688 fortem
3057 4634 3373 4705 alligaverit,
3403 4647 3456 4691 et
3482 4647 3608 4692 tunc
3646 4636 3872 4692 domum

2273 4727 2389 4798 ejus
2415 4725 2666 4796 diripict:
2701 4736 2754 4779 et
2780 4740 3002 4780 necesse
3031 4735 3114 4781 est
3143 4726 3259 4782 inec
3289 4743 3454 4797 agens
3483 4729 3574 4782 illo
3615 4727 3756 4782 forte
3803 4731 3876 4784 sit

2274 4820 2485 4876 fortior.
2519 4819 2739 4889 Ligatus
2767 4827 2850 4874 est
2875 4833 3003 4890 ergo
3034 4830 3167 4886 tum,
3191 4835 3312 4875 eum
3341 4830 3556 4874 satanas
3585 4835 3612 4873 a
3641 4821 3879 4877 Domino

2271 4921 2611 4984 nuncupatus
2635 4955 2650 4981 ,
2707 4912 2823 4984 Ipsa
2864 4913 3118 4984 nequitim
3163 4928 3275 4968 sua:
3315 4902 3713 4983 nuncupatione
3741 4927 3878 4969 con-

2279 5119 2437 5193 Rom.
2486 5121 2626 5193 plebs
2672 5120 2886 5176 exarsit.
2937 5116 3178 5174 Verbum
3227 5114 3419 5169 exarsit
3461 5114 3527 5168 ad
3566 5113 3879 5170 Jerusalem

2279 5191 2624 5247 referendum
2659 5200 2762 5245 est.

2355 5261 2432 5335 (d)
2460 5263 2791 5335 Vocabulum
2827 5259 3056 5335 Spiritus
3091 5264 3336 5312 naturam
3364 5256 3602 5335 divinam
3627 5272 3794 5335 ,_qt_tag
3825 5257 3880 5314 in

2281 5328 2502 5390 Christo
2533 5333 2793 5405 operibus
2820 5328 3230 5405 mani‘festetur,
3264 5344 3368 5405 non
3399 5328 3884 5405 t_crtiam__'l‘_rinita-

2286 5405 2352 5463 tis
2372 5398 2655 5473 personam
2680 5405 2919 5460 denorat.
2951 5401 3039 5457 Sic
3061 5402 3202 5456 enim
3230 5400 3584 5473 ratiocinator
3610 5398 3881 5473 llilarius:

2289 5477 2343 5532 Si
2371 5470 2511 5531 Deus
2539 5487 2619 5530 est
2644 5477 2694 5529 in
2722 5473 2962 5536 Christo,
2994 5480 3048 5526 ut
3073 5473 3325 5527 evincunt
3357 5470 3535 5524 divina
3566 5471 3735 5540 ipsius
3757 5485 3884 5539 ope-

2291 5565 2374 5612 ra,
2403 5547 2650 5604 Christus
2672 5556 2851 5600 autem
2884 5547 2937 5616 in
2971 5542 3457 5616 apostolisvirtute
3480 5542 3620 5616 illius
3651 5555 3885 5610 Operati-

2295 5611 2469 5684 tibus;
2515 5619 2633 5690 jam
2659 5618 2711 5673 in
2753 5630 2847 5672 eos
2881 5611 3098 5671 Christo
3127 5613 3400 5670 mediante
3433 5611 3761 5669 transfusum
3801 5620 3885 5668 est

2293 5689 2526 5763 regnum
2546 5689 2661 5747 Dei.
