4172 6188
303 273 419 330 98)

1213 267 1756 326 COMMENTARIUS
1797 268 1861 325 IN
1902 269 2332 329 ΜΑΤΤΙΙιΕυΜ.
2375 272 2526 330 CAP.
2568 273 2682 330 XII.

3501 283 3606 338 990

308 387 536 442 strictus
563 393 648 440 est
675 384 693 458 (
721 384 915 440 Matth.
953 401 1000 441 iv
1025 428 1039 452 ,
1071 386 1181 457 10)
1210 405 1224 440 :
1270 387 1356 442 cui
1401 389 1472 442 ita
1508 388 1690 444 vincto
1732 388 1904 458 spolia
1934 389 1988 453 Α
2017 389 2229 464 (Matth.
2265 407 2362 459 xu,
2393 391 2507 466 33).
2540 393 2732 450 Sermo
2760 408 2818 450 se
2841 403 2893 450 et
2918 395 2971 449 in
3010 411 3250 466 przrsons
3278 399 3476 453 exserit
3503 443 3516 466 ,
3551 407 3607 457 et

311 480 584 547 detraxit,
616 487 673 534 et
702 479 917 534 domum
948 480 1209 550 abstulit,
1246 487 1346 535 nos
1382 481 1592 537 scilicet
1632 483 1903 553 quondatn

306 589 458 630 arma
488 573 607 643 ejus
636 613 651 638 ,
682 575 943 644 regnique
984 573 1231 628 militiam
1266 575 1319 628 in
1351 574 1440 644 jus
1469 585 1623 631 suum
1653 577 1863 647 redegit
1885 620 1900 643 ,

307 668 563 738 victoque
592 676 753 738 atque
784 667 964 722 vincto
992 666 1211 722 domum
1252 667 1355 723 sibi
1397 683 1464 724 ex
1497 669 1653 723 nobis
1679 677 1902 724 Vacuam

308 769 366 817 et
389 761 572 815 utilem
596 759 950 828 cornparavit.
981 757 1166 828 Longe
1187 767 1368 813 autem
1399 773 1428 814 a
1455 772 1516 814 se
1537 773 1682 826 esse,
1725 769 1781 815 ut
1807 760 1906 814 sli-

307 854 438 927 quid
477 854 549 909 ab
593 867 660 909 eo
686 859 961 908 mutuatus
987 852 1056 907 sit
1084 852 1367 922 potestatis
1394 852 1662 909 ostendit:
1692 853 1905 924 quando

305 952 398 1021 qui
425 965 609 1006 secum
641 965 751 1006 non
776 957 860 1006 est
887 991 902 1014 ,
949 949 1236 1006 adversum
1276 965 1338 1007 se
1365 951 1466 1016 sit;
1517 962 1571 1005 et
1598 951 1690 1022 qui
1721 965 1902 1006 secum

309 1058 417 1098 non
444 1051 755 1113 congregat,
788 1041 1067 1112 dispergat
1097 1041 1115 1113 (
1142 1040 1330 1096 Matth.
1363 1056 1472 1110 xtl,
1501 1042 1572 1097 50
1595 1040 1635 1112 ).
1686 1041 1762 1096 Ex
1791 1057 1900 1113 quo

308 1134 540 1205 ingentis
567 1133 787 1202 periculi
818 1149 904 1188 res
937 1132 1272 1204 intelligitur,
1307 1133 1445 1188 male
1472 1133 1540 1188 de
1566 1148 1632 1188 eo
1665 1134 1900 1203 opinari,

307 1243 432 1284 cum
454 1238 561 1299 quo
587 1244 695 1282 non
719 1242 864 1295 esse,
901 1227 1130 1297 tdipsum
1181 1236 1264 1282 est
1292 1226 1433 1298 quod
1458 1237 1644 1283 contra
1665 1241 1821 1284 esse:
1850 1235 1904 1284 et

304 1335 419 1377 non
449 1335 798 1391 congregare,
827 1320 1138 1390 dispergere
1166 1319 1255 1373 sit.

382 1414 472 1468 Π.
501 1411 829 1477 Blaspltemia
852 1411 1108 1480 Spiritus,
1132 1425 1317 1483 negare
1339 1409 1540 1466 Christo
1562 1411 1898 1479 divinitatem,

301 1521 462 1570 quam
490 1503 727 1573 operibus
767 1502 958 1572 prodit.
997 1532 1068 1543 —
1097 1500 1260 1557 Omne
1292 1513 1557 1574 peceatum
1593 1513 1639 1556 et
1663 1502 1901 1568 blasphe-

304 1598 413 1651 mia
443 1597 728 1650 remittetur
747 1595 1071 1661 hominibus;
1100 1594 1330 1666 Spiritus
1357 1605 1527 1648 autem
1555 1597 1634 1666 (a)
1666 1595 1903 1666 blasphe-

303 1690 408 1744 mia
429 1705 530 1743 non
549 1689 836 1743 remittetur
865 1685 1029 1760 (Ibid.
1063 1685 1176 1759 5i).
1234 1687 1626 1742 Pharismorutn
1679 1696 1901 1743 senten-

2009 483 2165 541 eli'ert
2192 484 2243 540 in
2279 486 2540 543 futurum.
2587 487 2720 541 Nam
2754 487 2805 541 in
2841 501 3077 557 prmsens
3105 488 3320 544 intimos
3367 491 3606 561 refellit,

2011 576 2100 646 qui
2132 589 2254 632 cum
2298 578 2658 649 intelligerent
2691 579 2886 634 Christi
2916 595 3077 650 opera
3128 582 3264 636 ultra
3313 583 3600 641 humanam

2011 683 2132 725 esse
2160 671 2438 738 virtutem,
2469 672 2673 727 nollent
2708 682 2883 728 tamen
2912 676 3050 743 quod
3085 675 3174 729 Dei
3199 676 3301 729 sint
3331 674 3597 734 conﬁteri.

2010 761 2066 817 in
2098 761 2334 818 futurum
2364 778 2496 818 vero
2525 777 2738 819 omnem
2768 766 2886 820 ﬁdei
2910 767 3312 836 perversitatem
3335 772 3598 840 coarguit,

2007 868 2194 910 eorum
2223 856 2452 920 scilicet,
2485 856 2574 927 qui
2607 855 2684 928 (ά)
2711 855 3042 912 divinitatem
3086 868 3140 912 et
3166 861 3598 916 communionem

2010 957 2248 1019 pateram
2281 948 2594 1004 substantiae
2627 949 2853 1004 Domino
2883 949 3229 1005 detrahentes
3258 991 3272 1013 ,
3306 949 3356 1004 in
3385 951 3596 1008 diversa

2008 1041 2280 1098 hmreseos
2305 1043 2484 1098 studia
2504 1043 2899 1099 eli'erbuerunt:
2927 1055 3172 1100 neutrum
3199 1044 3474 1112 facientes,
3501 1059 3599 1102 nec

2008 1138 2151 1194 inter
2174 1149 2363 1212 gentes
2391 1140 2492 1196 Sub
2514 1140 2668 1195 venia
2698 1141 3051 1212 lgnorationis
3073 1142 3392 1207 habitantes,
3423 1155 3521 1198 nec
3544 1142 3594 1197 iu

2006 1235 2247 1292 veritatis
2267 1235 2575 1304 cognitione
2595 1241 2895 1289 versantes.
2928 1233 3192 1290 Arborem
3217 1249 3272 1288 se
3297 1235 3348 1289 in
3371 1217 3599 1304 corpore

2009 1327 2243 1396 positum
2278 1325 2572 1395 significat:
2621 1327 2741 1396 quia
2771 1339 2866 1396 per
2892 1326 3200 1381 interioretn
3230 1325 3443 1380 virtutis
3487 1341 3597 1379 sure

2007 1419 2388 1476 fecunditatem
2437 1429 2594 1476 exeat
2623 1419 2839 1474 ubertas
2864 1419 3039 1473 omnis
3070 1419 3120 1474 in
3149 1417 3376 1474 fructus.
3433 1417 3599 1490 Igitur

2007 1522 2101 1568 aut
2130 1513 2293 1568 arbor
2336 1513 2474 1568 bona
2531 1512 2768 1567 iacienda
2798 1527 2918 1567 cum
2967 1511 3122 1566 bonis
3166 1510 3423 1566 fructibus
3471 1519 3552 1566 est
3582 1553 3596 1577 ,

2005 1615 2095 1659 aut
2124 1605 2262 1659 mala
2289 1605 2664 1675 constituenda
2696 1617 2815 1658 cum
2848 1604 3002 1659 malis
3033 1601 3324 1663 fructibus;
3376 1601 3499 1671 quia
3530 1617 3596 1656 ex

2006 1696 2270 1752 fructibus
2302 1694 2413 1751 suis
2442 1696 2508 1751 de
2527 1711 2588 1752 se
2615 1695 2778 1750 arbor
2812 1697 2922 1767 ipsa
2954 1694 3262 1750 testabitur:
3313 1707 3419 1748 non
3449 1697 3591 1764 quod

303 1783 435 1837 tiam
461 1822 476 1850 ,
514 1792 569 1837 et
603 1797 790 1836 eorum
819 1783 908 1852 qui
940 1783 1010 1835 ita
1041 1796 1161 1836 cum
1193 1781 1274 1837 his
1303 1783 1544 1839 sentiunt
1575 1785 1899 1854 perversita-

2009 1791 2299 1846 secundum
2331 1790 2583 1844 arborum
2619 1798 2862 1843 naturam
2894 1789 3055 1842 arbor
3086 1786 3219 1841 mala
3268 1787 3434 1856 possit
3460 1800 3593 1840 con-

303 1884 414 1931 tem
444 1876 787 1931 severissima
818 1874 1138 1930 deﬁnitione
1163 1875 1520 1943 condemnat;
1556 1886 1900 1947 peccatorum

299 1969 541 2024 omnium
573 1969 780 2024 veniam
807 1970 1133 2040 promittens
1157 2007 1171 2036 ,
1201 1979 1256 2024 et
1285 1969 1638 2041 blasphemiae
1671 1971 1904 2040 Spiritus

298 2061 688 2132 indulgentiam
717 2061 990 2133 abnegans
1019 2061 1183 2134 (Ibid.
1211 2062 1324 2135 52).
1379 2062 1512 2117 Nam
1553 2079 1674 2118 cum
1707 2072 1902 2120 carteta

294 2152 444 2208 dicta
469 2163 728 2224 gestaque
748 2152 956 2208 liberali
979 2155 1136 2209 venia
1156 2155 1486 2221 relaxentur,
1515 2165 1662 2210 caret
1685 2156 1900 2212 miseri-

295 2247 490 2303 cordia
517 2285 532 2313 ,
575 2247 622 2300 si
656 2246 795 2301 Deus
823 2256 1046 2318 negetur
1073 2247 1127 2301 in
1159 2247 1394 2303 Christo.
1453 2247 1522 2303 Et
1552 2249 1603 2303 in
1649 2263 1758 2320 quo
1783 2249 1903 2304 sine

297 2339 461 2394 venia
494 2338 570 2410 (ὸ)
603 2347 861 2408 peccator
885 2373 900 2402 ,
949 2339 1376 2395 benevolentiam
1417 2341 1623 2396 lteratm
1653 2341 1902 2396 admoni-

297 2433 465 2488 tionis
492 2431 782 2502 impendit:
833 2432 1056 2487 omnino
1103 2441 1323 2503 peccata
1373 2434 1632 2503 cujusque
1678 2435 1896 2504 generis

298 2527 645 2594 remittenda,
674 2525 1066 2598 blasphemiam
1097 2528 1148 2583 in
1182 2528 1440 2599 Spiritum
1465 2530 1624 2602 731
1653 2541 1897 2587 sanctum

299 2635 411 2676 non
444 2619 846 2675 remittendam.
879 2619 1016 2688 Quid
1049 2620 1189 2676 enim
1219 2631 1326 2676 tam
1359 2631 1507 2676 extra
1536 2623 1746 2678 veniam
1788 2632 1898 2690 est,

299 2727 466 2782 quam
499 2712 576 2781 (c)
627 2711 678 2765 in
707 2710 920 2766 Christo
948 2727 1142 2783 negare
1173 2713 1314 2783 quod
1347 2713 1488 2768 Deus
1531 2714 1640 2782 sit,
1684 2724 1738 2770 et
1767 2730 1900 2771 con-

300 2807 584 2861 sistentem
609 2806 662 2860 in
678 2819 742 2860 co
760 2807 967 2876 paterni
989 2806 1223 2876 Spiritus
1246 2806 1601 2862 substantiam
1623 2808 1862 2866 adimere
1885 2825 1898 2867 :

304 2915 428 2956 cum
463 2900 514 2955 in
545 2900 746 2970 Spiritu
777 2901 867 2955 Dei
895 2914 1028 2970 opus
1053 2915 1215 2956 omne
1257 2909 1598 2957 consummet
1623 2943 1637 2968 ,
1687 2911 1743 2958 et
1767 2904 1900 2980 .ipse

302 2991 379 3047 sit
407 3005 632 3062 regnum
662 2993 925 3047 caelorum
952 3025 966 3057 ,
1005 3000 1060 3046 et
1089 2991 1140 3046 in
1169 3006 1234 3046 eo
1268 2992 1414 3047 Deus
1439 2994 1506 3046 sit
1533 2993 1788 3047 mundum
1818 3011 1903 3050 re-

302 3084 604 3140 concilians
632 3084 734 3139 sibi
767 3083 830 3158 (ll
863 3083 982 3139 Cor.
1016 3097 1070 3150 v,
1106 3084 1240 3156 i9)?
1264 3085 1404 3156 Ergo
1431 3085 1687 3156 quidquid
1713 3095 1902 3142 ccutuo‘

2007 1885 2154 1939 stitui
2185 1898 2306 1954 quae
2338 1883 2476 1938 bona
2509 1885 2582 1938 sit
2610 1925 2623 1948 ,
2665 1890 2757 1937 aut
2787 1881 3111 1950 eademipsa
3143 1895 3262 1935 cum
3295 1881 3459 1933 ramis
3484 1881 3596 1933 suis

2006 1977 2145 2032 bona
2175 1990 2297 2031 esse
2322 1975 2366 2030 si
2395 1975 2535 2030 mala
2563 1975 2664 2041 sit;
2693 1975 2787 2029 sed
2822 1982 2874 2028 ut
2909 1987 3002 2043 per
3026 1974 3159 2027 hanc
3187 1971 3594 2042 signiﬁcantiam

2006 2065 2431 2137 intelligeremus
2458 2109 2473 2134 ,
2505 2065 2780 2121 Christum
2812 2072 2903 2118 aut
2928 2073 3194 2133 tamquam
3233 2063 3474 2118 inutilem
3504 2077 3592 2117 rc-

2006 2158 2398 2228 linquendum,
2449 2166 2543 2212 aut
2588 2166 2857 2226 tamquam
2911 2155 3105 2210 bonum
3150 2156 3410 2209 bonorum
3461 2155 3597 2209 fruc-

2007 2262 2154 2308 tuum
2206 2252 2438 2319 utilitate
2483 2251 2856 2307 retinendum:
2912 2251 3036 2321 quia
3090 2249 3371 2304 adversum
3428 2250 3591 2304 ﬁlimu

2004 2344 2242 2400 hominis
2267 2344 2406 2399 dicta
2439 2344 2539 2400 sub
2569 2343 2720 2398 venia
2752 2344 2880 2408 sint,
2912 2341 3237 2411 blasphemia
3267 2350 3444 2396 autem
3473 2341 3594 2412 Spi-
3689 2381 3702 2391 .

2000 2440 2142 2494 ritus
2182 2445 2366 2494 careat
2409 2436 2587 2492 venia.
2635 2435 2902 2491 Caeterum
2945 2435 3174 2489 medium
3211 2447 3269 2489 se
3297 2449 3494 2504 agere,
3541 2440 3596 2489 et

2004 2529 2220 2585 Christo
2247 2529 2426 2598 aliqua
2458 2519 2673 2583 deferre
2699 2569 2713 2594 ,
2759 2539 2958 2598 negare
2999 2539 3115 2598 qtae
3160 2526 3390 2579 maxima
3431 2521 3588 2592 sunt;

2004 2623 2252 2677 venerari
2274 2630 2549 2693 tamquam
2582 2621 2770 2685 Deutn,
2803 2617 2894 2675 Dei
2914 2619 3287 2675 communione
3317 2619 3590 2695 spoliare,

2004 2714 2122 2770 hinc
2147 2715 2485 2786 blasphemia
2512 2714 2739 2784 Spiritus
2778 2723 2888 2768 est:
2925 2722 2982 2768 ut
3016 2727 3133 2767 cum
3163 2726 3257 2781 per
3283 2711 3594 2766 admiratio-

2005 2823 2127 2863 nem
2157 2819 2382 2878 operum
2406 2815 2676 2860 tantorum
2713 2805 2804 2860 Dei
2837 2819 3030 2860 nomen
3061 2802 3345 2859 detrahere
3372 2819 3476 2857 non
3499 2819 3596 2857 au-

2005 2901 2164 2965 deas;
2197 2915 2291 2970 per
2312 2899 2744 2954 malevolentiam
2775 2898 2968 2952 tuentis
3003 2904 3057 2952 et
3081 2911 3293 2964 sensus,
3320 2897 3597 2966 generosi-

2007 3001 2168 3048 tatem
2195 2992 2312 3063 ejus
2339 3033 2353 3058 ,
2383 3007 2542 3062 quam
2570 2991 2814 3045 conﬁteri
2845 3007 2902 3045 es
2929 2999 3145 3044 coactus
3173 2990 3245 3062 (ε)
3278 2991 3328 3044 in
3357 2991 3593 3056 nomine,

2005 3084 2263 3155 almegata
2297 3095 2535 3154 pateram
2560 3083 2873 3138 substantiae
2901 3081 3277 3136 communione
3303 3081 3592 3152 decerpas.

306 3177 482 3232 melius
525 3177 794 3232 exstiterit
843 3177 897 3230 in
942 3175 1200 3242 Christo,
1255 3176 1306 3231 id
1359 3184 1520 3232 omne
1566 3179 1800 3233 exstabit
1849 3181 1900 3235 ln
1931 3171 1976 3234 C
2008 3181 2182 3250 Atque
2215 3179 2337 3234 ideo
2379 3177 2620 3234 etiamin
2655 3195 2718 3232 eo
2749 3179 3003 3232 Dominus
3032 3177 3283 3232 bonitatis
3324 3191 3435 3231 sua:
3479 3192 3597 3229 nnt-

307 3269 454 3325 Deo:
502 3269 624 3340 quia
670 3277 726 3324 et
760 3269 815 3323 in
857 3267 1076 3324 Christo
1110 3269 1249 3324 Dens
1276 3309 1290 3336 ,
1326 3278 1380 3325 et
1407 3266 1654 3325 Christus
1705 3271 1755 3326 in
1792 3272 1902 3328 Deo

383 3454 471 3510 18.
499 3453 687 3508 Contra
706 3453 920 3508 Iudices
949 3462 998 3507 et
1027 3453 1268 3508 Arianos.
1303 3453 1564 3509 Christum
1585 3455 1674 3527 qui
1703 3456 1896 3524 colunt,

304 3548 398 3604 sed
427 3546 593 3602 Deum
621 3556 826 3618 negant,
860 3550 1056 3620 pejores
1083 3558 1198 3602 sunt
1223 3563 1373 3618 quant
1406 3551 1496 3618 qui
1527 3549 1788 3621 ignorant.
1830 3579 1901 3592 α·-

305 3643 413 3696 Aut
440 3643 591 3713 facite
615 3641 842 3695 arborem
875 3641 1090 3709 bonam,
1131 3650 1179 3696 et
1207 3643 1404 3714 ﬂuctus
1441 3645 1552 3714 ejus
1583 3645 1772 3700 bonos:
1813 3655 1902 3699 aut

309 3735 472 3806 facite
497 3732 727 3787 arborem
755 3734 963 3801 malam,
983 3743 1030 3788 et
1052 3738 1251 3806 fructm
1275 3737 1386 3806 ejus
1407 3737 1592 3803 malos,
1621 3745 1677 3791 et
1699 3737 1899 3809 reliqua

387 3873 464 3946 (a)
513 3873 640 3930 Sola
687 3873 1019 3946 editio_l_’ar.
1065 3872 1394 3944 blasphemia:
1441 3891 1544 3938 non
1595 3875 1903 3940 remittetur,

312 3941 455 4001 Tum
483 3946 644 4000 etiam
677 3945 820 4010 alim,
857 3941 1239 3999 Pharisteorum
1261 3946 1541 4000 sententiae.

388 4016 465 4089 (tr)
499 4017 641 4085 Lips.
667 4026 724 4070 et
751 4016 870 4070 Par.
904 4025 1162 4089 peccatur.
1195 4018 1264 4089 At
1294 4016 1422 4070 Bad.
1451 4026 1505 4072 et
1528 4017 1616 4071 Er.
1644 4029 1768 4071 cum
1789 4031 1906 4072 oms

315 4088 477 4145 nibus
501 4102 628 4142 mss.
657 4096 910 4158 peccator,
941 4088 1133 4156 supple
1159 4088 1241 4141 sit.

390 4159 463 4240 (ς)
492 4158 586 4213 Ms.
603 4157 766 4218 (Jarn.
792 4157 995 4240 Christo
1022 4175 1228 4240 negare,
1254 4158 1371 4240 si‘ne
1391 4159 1464 4240 in.
1488 4157 1641 4240 Colb.
1667 4160 1904 4240 etaliom.

319 4227 579 4284 Christum
624 4243 830 4300 negare.
864 4228 1012 4300 ATllttl
1045 4227 1205 4282 li-licb.
1235 4271 1250 4295 ,
1292 4227 1452 4285 Vind.
1483 4272 1497 4295 ,
1537 4230 1672 4284 alter
1704 4230 1862 4300 Colb.
1890 4271 1905 4294 ,

318 4301 550 4367 Turon.,
584 4298 739 4354 Bccc.
774 4310 826 4355 et
855 4298 989 4354 Silv.
1021 4315 1142 4353 cum
1172 4300 1302 4353 Bad.
1333 4310 1387 4355 et
1419 4300 1509 4354 Er.
1540 4300 1674 4370 quod
1707 4299 1794 4354 Dei
1819 4301 1904 4354 sit;

316 4371 486 4440 Magis
516 4373 684 4440 placet
715 4386 838 4426 cum
868 4371 1078 4426 ueteris
1110 4371 1258 4424 libris
1283 4411 1297 4433 .
1331 4373 1469 4440 quod
1502 4369 1640 4424 Deus
1671 4373 1758 4425 sit.
1801 4369 1910 4428 Cur

315 4454 501 4502 autem
531 4442 806 4498 Christum
839 4444 1002 4501 Deum
1036 4457 1232 4510 negare
1259 4442 1378 4498 sine
1409 4441 1564 4498 venia
1593 4443 1661 4496 sit
1687 4483 1700 4510 ,
1741 4440 1911 4498 Atha-

317 4483 507 4568 nasius
534 4513 693 4582 epist.
744 4528 793 4566 tv
825 4514 889 4567 ad
921 4483 1274 4580 Sérapﬁmem
1306 4513 1396 4582 (ex
1428 4528 1529 4582 qua
1561 4483 1801 4569 divulsus
1829 4522 1913 4568 est

319 4593 583 4638 tractatus
615 4585 666 4635 in
699 4583 841 4638 hunc
865 4584 1112 4638 eumdem
1140 4583 1432 4654 locum,_ac
1458 4584 1681 4637 seorsim
1704 4583 1910 4654 positus

317 4669 441 4725 pag.
476 4654 601 4715 970,
634 4655 698 4707 'I‘.
731 4653 902 4725 redit.
936 4655 1054 4708 Par.
1084 4652 1370 4725 an.}621)
1401 4653 1539 4707 banc
1587 4653 1652 4708 ad
1703 4652 1905 4709 calcem

319 4723 587 4798 rationem
621 4726 828 4780 reddit:
863 4724 962 4789 Qui
987 4725 1120 4798 enim
1156 4723 1611 4798 iliumiabncgat,
1647 4742 1792 4794 quem
1823 4727 1907 4780 de-

321 4796 526 4867 precari
569 4806 767 4868 potest,
808 4807 862 4848 ut
903 4797 1324 4868 propitiationem
1348 4796 1609 4868 inveniat!
1643 4806 1732 4850 aut
1759 4813 1910 4865 quam

320 4865 480 4922 tritam
505 4876 590 4921 aut
618 4865 1040 4938 refocitlatiouem
1071 4865 1397 4936 exspectabit,
1431 4868 1517 4936 qui
1540 4883 1654 4920 eum
1673 4869 1912 4938 repudiat

318 4941 411 5010 qui
429 4941 503 4992 ita
531 4939 779 5011 loquitur,
813 4937 1063 5011 Egosum
1089 4939 1190 4990 vita
1203 4937 1240 5011 ΡΔ
1265 4938 1348 5011 Eo
1377 4939 1504 5011 ipso
1522 4938 1641 5011 loco
1669 4939 1908 4992 luculen-

323 5007 409 5065 ter
431 5009 666 5078 explicat
697 5007 1018 5063 Athanasius
1044 5047 1059 5072 ,
1101 5023 1199 5079 cur
1229 5007 1316 5062 hic
1339 5007 1669 5079 blasphemia
1704 5011 1754 5063 in
1787 5011 1909 5079 Spi-

322 5077 762 5136 ritum’sanctum
811 5077 1156 5148 intelligenda
1184 5079 1253 5132 sit
1281 5078 1610 5149 blasphemia
1651 5077 1910 5136 adversus

321 5151 523 5206 Christi
572 5152 929 5206 divinitatem.
1000 5149 1183 5222 Neque
1220 5165 1356 5222 vero
1399 5161 1489 5222 aut
1538 5150 1772 5204 liilarius
1819 5161 1912 5207 aut

323 5222 655 5278 Athanasius
679 5237 868 5277 carere
892 5220 1048 5277 venia
1093 5220 1330 5274 Sentium
1367 5220 1687 5290 quicumque
1713 5222 1914 5278 Christi

324 5296 648 5363 negaverint
676 5293 1034 5356 divinitatem,
1068 5291 1162 5345 sed
1194 5293 1284 5359 qui
1314 5292 1570 5363 operibus
1596 5292 1695 5346 sibi
1721 5295 1916 5361 proba-

325 5362 436 5420 tatu
470 5373 987 5436 atquecompertam
1021 5363 1351 5436 negaverint.
1386 5362 1545 5436 Nam,
1578 5364 1727 5436 utait
1751 5365 1917 5420 Atha-

325 5433 555 5508 nasius,
599 5433 688 5508 per
727 5435 838 5490 hinc
875 5435 1024 5508 verba
1065 5433 1916 5508 ostenditipsos_Pharis:eosnon

326 5523 421 5579 per
441 5503 804 5579 ignorantiam,
835 5506 924 5560 sed
945 5515 1120 5579 sponte
1133 5522 1186 5559 se
1206 5505 1258 5558 in
1281 5503 1419 5579 hanc
1440 5503 1753 5579 eluctabile»:
1781 5505 1913 5579 blas-

325 5575 584 5648 phemiam
610 5579 827 5650 inﬁgere
844 5619 877 5650 ,_
897 5575 988 5650 nec
1015 5576 1210 5648 pudore
1235 5577 1342 5632 ulla
1367 5577 1518 5641 duci,
1566 5592 1681 5650 curn
1728 5578 1917 5650 scirent

325 5645 474 5703 istius
498 5649 635 5702 modi
661 5645 816 5719 opera
844 5648 938 5702 Dei
959 5645 1081 5712 esse,
1113 5663 1269 5718 eaque
1298 5657 1353 5702 ut
1378 5655 1598 5700 carentes
1642 5645 1916 5702 Beelzebub

328 5721 706 5793 adscriberent,
740 5721 1058 5793 afﬁrmantes
1101 5737 1160 5774 ea
1190 5721 1554 5793 perhspiritum
1597 5719 1916 5793 immundum

274 5834 278 5835 ν
334 5793 470 5863 ﬁeri.
518 5790 616 5847 Cui
647 5790 993 5853 consentiens
1034 5790 1219 5850 noster
1257 5791 1493 5854 Hilarius
1541 5804 1638 5848 eos
1680 5791 1917 5860 afﬁrmat

1935 4698 1989 4759 D

2009 3288 2112 3328 nus
2142 3272 2414 3338 extendit,
2461 3271 2646 3326 dicens
2671 3279 2760 3324 aut
2787 3269 2980 3323 malam
3012 3269 3258 3323 arborem
3287 3281 3408 3321 cum
3441 3267 3598 3320 malis

2005 3365 2294 3431 fructibus,
2320 3374 2406 3419 aut
2435 3364 2628 3418 bonam
2655 3377 2774 3417 cum
2816 3361 2976 3433 732
3009 3361 3160 3415 bOnis
3192 3359 3450 3414 fructibus
3479 3373 3598 3414 esse

2005 3458 2302 3514 faciendam
2325 3475 2338 3511 :
2365 3458 2486 3528 quia
2520 3458 2571 3510 in
2602 3457 2752 3510 malm
2782 3457 2990 3508 arboris
3016 3453 3272 3522 opiniOne
3298 3454 3397 3506 sub
3419 3467 3599 3506 secre-

2004 3563 2061 3609 to
2107 3553 2177 3626 (f)
2211 3593 2225 3618 ,
2279 3550 2618 3620 indulgentiic
2675 3549 2764 3603 Del
2811 3546 3044 3617 reposita
3099 3547 3168 3599 sit
3220 3546 3406 3609 venia;
3452 3544 3596 3613 (quia

2004 3661 2164 3701 omne
2191 3642 2269 3716 (g)
2302 3653 2577 3712 peccatum
2602 3641 2670 3695 sit
2700 3635 3132 3706 remittendum);
3174 3635 3226 3689 iu
3269 3633 3425 3690 bene:
3465 3649 3598 3688 con-

2005 3737 2240 3792 fessione
2271 3734 2478 3790 fructus
2515 3743 2746 3788 aeternus
2789 3731 2858 3785 sit
2893 3744 2999 3784 :ne
3039 3726 3335 3783 incidentes
3361 3727 3422 3797 (f.
3449 3725 3598 3780 ince-

2006 3884 2158 3932 extra
2188 3873 2402 3932 veni-im
2443 3887 2599 3938 esse,
2650 3869 2790 3942 quod
2825 3879 3060 3942 paternae
3088 3874 3294 3942 natura:
3337 3866 3593 3942 substan-

2007 3945 2136 4010 tiant
2167 3944 2428 4010 adimant,
2457 3934 2616 3998 etiam
2643 3934 2758 3996 cum
2787 3934 2836 3994 in
2856 3939 3056 4011 Spiritu
3087 3935 3213 4004 Dei,
3260 3936 3362 3990 hoc
3393 3946 3477 3991 est
3501 3979 3513 4000 ,
3547 3934 3599 3990 iit

2008 4018 2123 4086 ipsa
2155 4017 2450 4070 divinitatis
2479 4017 2678 4088 virtute
2707 4021 2763 4088 et
2788 4022 3154 4088 natura,opus
3183 4023 3329 4088 omne
3358 4023 3598 4088 consum-

2009 4079 2128 4144 met.
2162 4088 2432 4142 Praeterea
2461 4086 2554 4160 qui
2592 4083 2746 4160 apud
2771 4083 3131 4160 Athanasium
3166 4079 3478 4160 testimonia
3529 4079 3598 4160 de

2008 4161 2281 4216 cotnmnui
2323 4151 2560 4214 essentia
2608 4157 2780 4212 Patris
2825 4166 2876 4208 et
2926 4151 3045 4206 Filii
3086 4158 3140 4205 et
3165 4151 3399 4219 Spiritus
3426 4151 3597 4203 sancti

2010 4231 2379 4302 concinnavit,
2404 4227 2790 4296 bIaSphemiatn
2835 4225 2886 4302 in
2917 4223 3177 4292 Spiritum
3211 4229 3590 4302 sanctumnnoit

2011 4301 2112 4356 alia
2135 4304 2341 4356 ratione
2361 4288 2772 4367 interpretatus,
2801 4288 3055 4348 observet
3085 4288 3596 4367 nonrdia‘isseCItri-

2009 4383 2145 4426 stum
2173 4363 2544 4441 blasphemanti
2581 4380 2625 4422 et
2661 4367 3006 4441 paenitentiam
3044 4366 3211 4441 agenti
3243 4363 3592 4441 remissionem

2013 4444 2240 4498 dandam
2273 4431 2374 4497 non
2405 4443 2512 4497 esis
2539 4482 2554 4502 .
2595 4431 2682 4495 sed
2709 4431 3097 4502 blasphemanti'
3114 4445 3159 4489 et
3188 4437 3240 4488 in
3277 4431 3597 4501 blasphemia

2013 4514 2254 4576 manenti.
2298 4513 2583 4575 Probabile
2609 4522 2691 4565 est
2719 4509 2876 4564 aliain
2904 4507 3102 4562 llilario
3133 4505 3457 4576 sententiain
3487 4518 3593 4576 n0n_

2013 4573 2197 4653 fuisse,
2233 4599 2351 4640 cum
2383 4573 2618 4654 legamus
2645 4582 2777 4635 infra
2799 4623 2813 4645 ,
2844 4594 2962 4649 cap.
2985 4576 3065 4655 Δ18
3092 4620 3105 4643 ,
3132 4592 3284 4655 num.
3315 4575 3422 4655 10.ἶ
3453 4573 3595 4655 quod

2012 4645 2239 4710 omnium
2264 4645 2469 4711 nomine
2498 4655 2845 4724 peccaminum
2883 4645 3092 4724 veniam.
3121 4647 3262 4724 Dens
3306 4645 3459 4724 nobis
3491 4646 3597 4697 lar-

2013 4729 2205 4799 giatur,
2231 4743 2292 4788 ac
2319 4716 2515 4799 reipsa
2549 4727 2622 4799 iis
2641 4725 2859 4799 largitus
2887 4723 2977 4786 sit,
3006 4721 3095 4790 qui
3125 4719 3394 4799 Christum
3429 4716 3592 4799 Deum

2016 4791 2120 4853 ῖιοη
2153 4791 2464 4868 negaverint
2503 4797 2683 4860 modo,
2718 4791 2809 4856 sed
2839 4801 2894 4868 et
2921 4791 3247 4868 necaverint,
3277 4797 3366 4842 aut
3408 4791 3596 4868 mortis

2012 4868 2183 4932 ipsius
2221 4858 2426 4925 iuerint
2456 4858 2740 4931 auctores;
2773 4864 2927 4919 venia
2972 4877 3078 4917 non
3120 4861 3283 4915 dilata
3314 4899 3329 4925 ,
3381 4858 3469 4911 ubi
3503 4871 3598 4925 per

2014 4939 2172 4994 iidem
2209 4942 2274 4994 ad
2302 4956 2424 4994 eum
2457 4940 2684 5010 rediere.
2720 5007 2751 5010 Α
2851 5007 2876 5010 η
2956 5007 2966 5010 _
3552 4999 3563 5010 .

2088 5011 2167 5082 (ιι)
2201 5012 2327 5066 Mss.
2360 5013 2522 5066 Carn.
2556 5023 2606 5082 et
2636 5007 2793 5063 Colb.
2825 5007 3163 5080 dignitatem;
3210 5011 3265 5057 et
3312 5015 3437 5055 mox
3480 5007 3594 5072 agi—

2011 5092 2196 5146 tantes,
2233 5085 2349 5136 loco
2376 5084 2526 5137 verbi
2554 5081 2854 5134 habitantes.

2088 5142 2314 5224 (e)'Sex
2361 5169 2492 5208 mss.
2536 5155 2589 5207 in
2634 5151 2871 5205 homine:
2913 5147 3070 5202 male.
3134 5145 3229 5199 llic
3274 5142 3598 5224 refelluntur

2018 5216 2200 5280 Ariani
2229 5223 2446 5280 Christo
2479 5226 2569 5280 Dei
2602 5234 2847 5277 naturam
2874 5229 3133 5289 negantes
3154 5258 3168 5283 ,
3201 5216 3356 5286 cujus
3399 5230 3595 5269 nomen

2018 5311 2082 5350 ac
2113 5297 2510 5349 venerationem
2541 5295 2591 5350 ei
2620 5293 2950 5347 deferebant.

2093 5366 2158 5435 (ι’)
2187 5366 2296 5420 lloc
2327 5377 2444 5432 est,
2472 5380 2630 5436 quam
2663 5364 2753 5418 diu
2785 5361 2939 5417 nobis
2983 5359 3190 5417 occulta
3223 5368 3277 5413 et
3320 5357 3489 5412 latens
3515 5360 3598 5408 est

2019 5437 2164 5508 illius
2194 5437 2423 5508 bonitas.
2879 5502 2908 5508 _
2950 5505 2979 5508 __
3396 5498 3431 5508 .,
3475 5497 3486 5508 .

2097 5507 2172 5580 (g)
2213 5507 2498 5580 Editi_cum
2531 5509 2688 5561 unico
2724 5520 2826 5580 ms.
2869 5502 3020 5580 Colb.
3055 5519 3153 5572 qua
3189 5515 3359 5580 omne:
3396 5496 3598 5579 Deinde

2024 5570 2328 5654 salireditio
2355 5578 2475 5654 Par.
2502 5591 2622 5654 cum
2649 5577 2836 5654 eodem
2869 5592 2969 5630 nis.
3002 5570 3204 5654 bona
3234 5570 3549 5654 confessimt‘e
3573 5584 3600 5627 .'..

2023 5651 2112 5705 ubi
2146 5650 2428 5704 Beccensis
2458 5649 2650 5715 codex,
2679 5651 2732 5702 in
2768 5650 2912 5703 bonae
2943 5649 3133 5703 scilicet
3170 5643 3364 5715 arboris
3399 5643 3591 5710 confes-

2024 5723 2167 5777 sione
2190 5763 2203 5784 ,
2237 5721 2379 5790 quod
2410 5721 2460 5774 in
2494 5713 2733 5791 margine
2759 5723 2823 5774 ad
2853 5729 3052 5775 textum
3092 5713 3461 5791 illustrandum
3491 5726 3603 5788 non

2021 5793 2163 5866 male
2194 5785 2366 5853 locum
2401 5785 2647 5861 haberet,
2675 5791 2894 5865 praeﬁxo
2919 5801 2963 5846 et
2993 5797 3116 5846 ante
3144 5788 3196 5842 in
3224 5785 3387 5841 bome.
3583 5793 3586 5798 ‘
