4172 6188
581 233 685 292 991

1793 225 2041 286 SANCTI
2081 225 2335 283 HILARII
2368 229 2676 288 EPISCOPI

3776 237 3885 296 992

581 347 814 422 dentes)
863 349 1092 404 mediam
1133 347 1273 404 inter
1300 355 1590 419 utrumque
1633 347 1959 403 sententiam
1985 390 2000 414 ,
2047 357 2170 402 cum
2198 345 2255 405 Α
2278 343 2344 400 Ει
2372 345 2589 416 quidem
2615 349 2871 406 Dominus
2901 350 3151 420 absolvit,
3176 353 3363 410 dicens
3393 371 3406 409 :
3432 353 3522 411 Sic
3550 356 3644 410 erit
3669 371 3888 428 genera-

582 445 912 500 constituere
938 442 1137 498 malum
1180 457 1286 498 non
1317 443 1644 508 audeamus;
1697 443 1942 499 conﬁteri
1973 445 2177 502 bonum

585 537 838 602 nolimus,
860 534 1215 592 indissolubili
1242 545 1509 607 corruptae
1525 536 1594 594 de
1611 552 1672 594 se
1691 537 1961 609 Opinionis
1975 539 2179 610 iudicio

585 629 980 701 relinquemur.
1153 704 1155 706 η

659 724 745 779 19.
778 722 1002 780 Omnem
1040 732 1221 780 autem
1261 725 1332 780 ita
1376 724 1646 781 sentiendi
1686 725 2083 795 corruptelam,
2115 739 2181 781 ex

586 825 794 873 natura:
824 816 951 871 vitio
978 817 1244 887 proﬁcisci
1277 817 1478 883 docuit,
1502 817 1688 872 dicens
1720 835 1735 871 :
1767 817 1844 872 De
1873 817 2017 872 malo
2059 816 2181 872 the-

586 926 752 968 sauro
782 927 888 967 non
919 913 1020 967 nisi
1050 928 1169 983 qua:
1197 913 1333 968 mala
1365 921 1492 967 sunt
1518 926 1678 982 posse
1707 910 1956 982 proferri,
1988 918 2044 966 et
2069 926 2186 966 om-

588 1005 674 1061 nis
701 1004 883 1072 otiosi,
909 1003 959 1059 id
988 1015 1091 1069 est,
1127 1006 1290 1074 inepti
1317 1016 1370 1060 et
1395 1004 1602 1059 inutilis
1627 1003 1754 1058 dicti
1783 1004 2048 1058 rationem
2073 1003 2184 1058 Deo

588 1104 712 1146 esse
733 1089 1058 1144 reddendam
1082 1090 1293 1162 (Matth.
1314 1107 1408 1152 xu.
1439 1088 1529 1162 55)
1562 1107 1574 1142 :
1599 1089 1722 1160 quia
1742 1089 1810 1144 de
1830 1087 2186 1144 confessionis

589 1189 788 1236 nostrae
803 1179 975 1234 verbis
989 1191 1079 1234 aut
1100 1179 1490 1236 condemnandi
1510 1179 1696 1246 simus,
1717 1187 1810 1234 aut
1824 1177 2182 1247 iustiﬁcandi;

595 1273 760 1330 talem
807 1272 970 1328 futuri
1017 1274 1200 1342 iudicii
1249 1273 1684 1330 benevolentiam
1730 1273 2023 1342 recepturi,
2050 1286 2185 1342 qua-

592 1366 699 1422 lem
741 1365 810 1422 de
853 1366 1087 1423 caelestis
1126 1367 1311 1439 gloriae
1343 1366 1570 1422 Domino
1606 1365 1926 1422 sententiam
1959 1363 2189 1420 tenueri-

597 1475 738 1519 mus.

665 1554 755 1610 20.
788 1553 921 1608 Fide
954 1555 1173 1624 gentium
1200 1555 1435 1626 arguitur
1463 1554 1744 1624 inﬁdelitas
1771 1551 2096 1609 Judworum.
2119 1581 2190 1593 -—-

593 1648 820 1718 Signum
852 1647 1046 1704 deinde
1070 1656 1289 1718 rogatur
1316 1656 1370 1702 ut
1413 1656 1630 1718 prmstet
1649 1688 1664 1714 ,
1687 1647 1831 1718 quod
1861 1662 1920 1703 se
1946 1662 2012 1701 ex
2039 1645 2190 1701 Jonte

2285 441 2411 495 ήοηὶ
2432 441 2550 496 huic
2570 444 2803 513 pessima:
2824 443 2986 518 (Ibid.
3014 447 3130 518 45).

2353 534 2443 588 2‘2.
2489 533 2694 591 ludatis
2736 539 3004 607 superiora
3047 549 3312 609 aptantur.
3333 540 3549 597 Daemon
3576 552 3696 598 ante
3721 544 3886 615 legem

2285 623 2558 682 Israclitas
2603 629 2878 685 obtinebat.
2912 629 3046 702 Lege
3086 634 3329 703 expulsas
3357 643 3531 707 gentes
3572 635 3776 691 invasit.
3809 664 3887 678 —-

2287 723 2404 780 Non
2438 726 2598 797 igitur
2626 727 2903 798 ambigere
2937 743 3241 797 possumus,
3272 739 3442 785 totum
3472 730 3574 786 hoc
3598 731 3664 785 ad
3695 747 3889 802 perso-

2287 832 2407 872 nam
2438 818 2622 888 populi
2647 819 2803 888 hujus
2830 834 2951 875 esse
2983 820 3323 877 referendum
3356 840 3368 874 :
3393 822 3488 878 sed
3516 823 3888 878 contuendum

2287 915 2370 963 est
2421 921 2687 980 quatenus
2741 912 3016 983 proposita
3080 915 3287 983 singula
3349 913 3572 985 singulis
3628 916 3888 986 tempori-

2287 1000 2386 1056 bus
2433 1002 2701 1073 rebusque
2727 1004 3040 1060 reddantur.
3092 1004 3394 1076 Superius,
3444 1006 3520 1079 (c)
3578 1022 3773 1078 nempe
3828 1007 3886 1062 in

2287 1091 2640 1149 Ninivitarum
2667 1104 2722 1150 et
2751 1097 2948 1166 regium
2971 1098 3153 1152 Austri
3177 1099 3416 1164 nomine,
3441 1098 3729 1168 iustiﬁcata
3752 1099 3890 1156 ﬁdes

2287 1186 2526 1256 gentium
2551 1197 2634 1241 est
2661 1204 2674 1240 :
2699 1187 2794 1242 sed
2819 1190 2974 1259 longe
2999 1198 3154 1244 antea
3177 1231 3192 1257 ,
3218 1199 3339 1260 post
3362 1191 3530 1245 multa
3560 1191 3610 1244 in
3636 1191 3802 1247 Deum
3830 1201 3892 1248 et

2289 1277 2471 1348 gravia
2495 1280 2947 1348 peccata,Juda:is
2974 1280 3095 1335 data
3118 1282 3201 1336 lex
3223 1292 3328 1336 est.
3348 1282 3413 1337 Et
3432 1290 3646 1351 peccata
3669 1284 3892 1354 quidem

2290 1384 2476 1425 eorum
2508 1370 2592 1441 (ἀ)
2625 1371 2776 1426 libris
2818 1371 2987 1443 Moysi
3030 1373 3395 1429 continentur.
3428 1373 3626 1428 Verum
3661 1384 3780 1444 post
3810 1383 3894 1430 tot

2292 1462 2488 1518 divinae
2511 1465 2728 1520 virtutis
2752 1464 3100 1534 documenta,
3133 1465 3184 1520 id
3210 1476 3293 1522 cst
3312 1510 3327 1533 ,
3354 1467 3542 1522 decem
3570 1467 3738 1538 plagis
3767 1483 3898 1538 per-

2291 1571 2502 1612 cassam
2548 1556 2866 1630 Egyptum,
2911 1567 2964 1614 et
3007 1559 3313 1614 columnam
3364 1560 3526 1615 nubis
3564 1574 3626 1615 ac
3670 1561 3899 1616 luminis

2296 1658 2452 1704 nocte
2473 1648 2668 1720 dieque
2692 1648 3074 1714 famulantem.
3115 1663 3170 1706 et
3211 1651 3264 1705 in
3299 1650 3562 1722 Erythreo
3608 1651 3743 1706 mari
3788 1652 3904 1706 iter

591 1742 748 1813 signo
777 1742 1025 1799 daturum
1051 1758 1172 1800 esse
1199 1744 1478 1814 reSpondit
1498 1743 1659 1814 (Ibid.
1683 1743 1776 1815 58)
1805 1750 1896 1798 :et
1923 1743 2063 1797 sicut
2095 1741 2188 1797 tri-
2217 1736 2263 1796 Β
2293 1741 2599 1808 prtcbitum,
2635 1746 2705 1797 'et
2745 1741 2922 1798 fontes
2965 1743 3136 1813 ruptis
3179 1742 3326 1798 saxis
3371 1741 3654 1797 eflluentes
3677 1781 3694 1809 ,
3722 1750 3780 1797 et
3817 1742 3904 1814 (ε)

593 1835 702 1891 duo
722 1845 777 1892 et
805 1836 1028 1891 totidem
1061 1838 1305 1893 noetihus
1331 1837 1497 1893 Jonas
1523 1837 1575 1892 iu
1598 1837 1702 1894 ceti
1730 1844 1916 1892 ventre
1943 1835 2194 1892 detentus

601 1927 696 1993 sit,
725 1927 794 1982 ita
828 1942 888 1984 se
918 1929 1052 1983 intra
1087 1929 1340 1985 interiora
1386 1938 1544 1984 terra:
1584 1929 1696 1997 pari
1734 1928 1993 1998 temporis
2020 1927 2194 1998 spatio

595 2017 1027 2074 demoraturum.
1060 2021 1162 2077 Sed
1191 2021 1452 2090 majorem
1480 2021 1711 2076 futuram
1756 2020 1998 2091 gentium
2033 2019 2194 2075 ﬁdem

594 2121 880 2166 monstrat.
917 2111 1162 2167 Ninivitae
1198 2113 1343 2168 enim
1372 2112 1508 2169 Jona
1551 2113 1878 2183 praedicante
1923 2113 2194 2184 pteniten-

599 2202 727 2258 tiam
759 2213 1004 2274 egerunt,
1027 2213 1080 2259 et
1099 2220 1127 2258 a
1158 2205 1272 2260 Deo
1299 2205 1510 2260 veniam
1537 2204 1834 2275 paenitendi
1853 2203 2196 2260 confessione

601 2286 941 2351 meruerunt.
965 2295 1071 2352 Sed
1102 2305 1155 2352 et
1195 2296 1379 2352 Austri
1407 2298 1588 2368 regina
1623 2311 1767 2352 nunc
1812 2297 1864 2351 in
1891 2297 2194 2366 exemplum

597 2387 856 2443 Ecclesia:
886 2396 1210 2458 praesumpta
1233 2430 1247 2455 ,
1279 2388 1600 2460 sapientiam
1649 2389 1912 2445 admirata
1954 2389 2197 2445 Salomo-

601 2481 708 2548 nis,
731 2497 796 2536 ex
830 2481 1032 2536 ultimis
1063 2490 1219 2538 terrae
1246 2483 1488 2552 partibus
1513 2483 1661 2538 venit
1681 2483 1869 2539 audire
1898 2497 2056 2553 quam
2080 2491 2197 2538 erat

604 2573 868 2642 admirata
892 2574 1207 2644 sapientiam
1242 2575 1507 2648 (Ibid..4l
1540 2586 1588 2629 et
1615 2575 1732 2649 42).
1764 2575 2014 2632 Cumulat
2035 2575 2197 2645 igitur

605 2665 859 2724 invidiam
887 2668 1246 2738 comparatio,
1280 2679 1334 2724 et
1360 2668 1578 2725 Judaeos
1609 2669 1726 2724 sine
1749 2670 2094 2726 excusatione
2119 2669 2197 2725 fa—

599 2761 676 2815 cit
702 2757 835 2815 ﬁdes
861 2761 1102 2831 gentium
1130 2779 1143 2817 :
1177 2770 1233 2818 ut
1260 2777 1380 2817 cum
1399 2762 1478 2817 illi
1507 2762 1805 2832 prophetis,
1839 2763 1889 2817 id
1919 2773 2022 2828 est,
2045 2763 2196 2820 Jonae

602 2848 992 2922 Salomonique
1032 2853 1359 2909 crediderint
1386 2895 1402 2920 ,
1439 2852 1657 2909 Christo
1695 2855 1782 2910 isti
1825 2871 1931 2910 non
1973 2856 2198 2912 credant

602 2945 740 3002 Jona
765 2945 1159 3018 Salomoneque
1179 2948 1394 3018 potiori.
1413 2948 1480 3002 Et
1497 2948 1698 3003 idcirco
1723 2948 1775 3002 in
1800 2949 2197 3005 resurrectione

608 3055 704 3096 eos
727 3040 1046 3111 iudicabunt
1067 3083 1083 3110 ,
1107 3047 1228 3114 quia
1251 3044 1304 3098 in
1332 3043 1414 3099 his
1437 3051 1683 3114 repertus
1710 3045 1868 3100 timor
1894 3045 1988 3100 Dei
2014 3045 2194 3116 fuerit,

2298 1833 2654 1889 ministratam
2677 1833 3038 1890 esurientibus
3064 1849 3315 1889 mannam
3342 1876 3358 1900 ,
3391 1844 3444 1889 et
3468 1833 3535 1888 ad
3563 1843 3902 1904 postremum
3976 1821 3986 1825 ’

2298 1927 2350 1980 in
2394 1927 2748 1997 quadraginta
2791 1942 3056 1982 annorum
3107 1937 3349 1996 tempore
3374 1927 3483 1981 vita
3518 1936 3680 1995 atque
3707 1925 3906 1981 habitu

2297 2017 2611 2095 angelorum
2640 2018 2892 2088 populum
2929 2017 3198 2074 viventem
3228 2033 3244 2077 ;
3277 2016 3343 2089 (Ῑ)
3366 2016 3648 2072 adoratum
3691 2015 3907 2086 suppli-

2297 2119 2584 2179 catumque
2608 2117 2792 2179 postea
2823 2109 3119 2176 pecudibus
3139 2117 3194 2163 et
3215 2108 3379 2174 saxis,
3399 2107 3592 2178 hisque
3615 2122 3739 2161 cum
3765 2107 3913 2162 cho—

2297 2203 2374 2258 ris
2401 2201 2734 2270 canticisque
2763 2201 3042 2268 saltatum,
3076 2208 3132 2255 et
3160 2198 3377 2254 metalla
3401 2198 3534 2254 deos
3566 2207 3906 2267 nuncupata.

2297 2293 2442 2365 Ergo
2492 2293 2816 2349 insidentem
2867 2292 3040 2363 plebis
3090 2292 3245 2346 istius
3295 2290 3604 2362 pectoribus
3649 2290 3908 2360 spiritum

2296 2384 2633 2441 immundum
2667 2385 2775 2450 lex,
2804 2400 2926 2455 qum
2948 2391 3135 2454 postea
3157 2383 3282 2439 data
3307 2392 3390 2438 est
3414 2424 3428 2448 ,
3461 2382 3772 2438 interventu
3799 2397 3911 2438 suo

2298 2481 2490 2552 eiecit,
2519 2488 2575 2536 et
2597 2480 2760 2534 veluti
2789 2478 3018 2551 quadam
3046 2477 3293 2534 custodia
3321 2477 3684 2547 circumiectae
3710 2486 3904 2548 potes-

2299 2574 2424 2629 tatis
2452 2573 2702 2630 exclusit.
2728 2573 2828 2640 Qui
2860 2572 3008 2627 illinc
3037 2572 3244 2638 exiens,
3269 2570 3472 2626 circum
3498 2577 3688 2641 gentes
3713 2568 3912 2624 deser-

2300 2676 2381 2723 tas
2405 2676 2566 2738 atque
2591 2665 2770 2722 aridas
2804 2665 3112 2733 oberravit,
3136 2664 3356 2720 domum
3388 2671 3627 2718 veterem
3665 2661 3913 2717 derelin-

2298 2776 2470 2831 quens
2502 2779 2513 2815 :
2541 2768 2599 2814 ιιι
2634 2760 2685 2814 in
2714 2759 2799 2813 his
2823 2773 2994 2830 usque
3042 2758 3093 2812 in
3135 2756 3277 2813 diem
3299 2754 3490 2827 iudicii
3533 2768 3645 2810 non
3693 2755 3913 2826 inquiec

2301 2862 2406 2909 tata
2437 2852 2770 2906 habitatione
2797 2852 3181 2922 requiesceret.

2369 2945 2462 3000 25.
2479 2944 2722 2998 Gentibus
2743 2943 2944 2998 indulta
2963 2943 3131 3017 gratia
3151 2942 3220 2997 ad
3239 2939 3450 2996 Iudaeos
3472 2940 3645 2995 rediit.
3663 2938 3771 2994 Cur
3789 2955 3916 3010 sep-

2298 3045 2400 3093 tem
2423 3052 2594 3091 secum
2619 3034 3055 3092 assumat.——Sed
3081 3049 3293 3089 rursum
3319 3033 3410 3088 Dei
3436 3033 3605 3103 gratia
3630 3031 3914 3103 impertita

606 3132 804 3202 quibus
831 3134 914 3188 lex
941 3149 1048 3190 non
1078 3144 1192 3191 erat
1221 3136 1506 3206 prmdicata
1534 3155 1545 3190 :
1571 3136 1673 3192 hoc
1695 3138 1863 3207 magis
1888 3136 2090 3208 indigni
2109 3153 2200 3194 ve-
2228 3130 2274 3194 C
2305 3132 2589 3203 genlibus.
2631 3141 2911 3202 postquam
2959 3130 3012 3186 in
3051 3144 3207 3198 aqua:
3253 3128 3469 3182 lavacro
3498 3125 3612 3180 Γοιιε
3641 3126 3804 3180 Vivus
3831 3124 3916 3180 εἶ·

604 3227 694 3279 nia
716 3225 795 3297 (a)
818 3227 909 3296 qui
938 3242 1005 3281 ex
1030 3228 1150 3298 lege
1179 3239 1303 3282 sunt
1329 3228 1600 3294 inﬁdeles,
1621 3245 1728 3300 quo
1751 3229 1869 3299 plus
1899 3229 2024 3286 ﬁdei
2045 3231 2100 3286 in
2120 3232 2201 3288 eis

603 3319 693 3388 qui
725 3317 898 3388 legem
932 3319 1312 3388 ignoraverunt
1340 3322 1409 3375 sit
1437 3333 1731 3390 repertum.

675 3409 765 3465 9.1.
786 3409 916 3464 Cum
945 3420 1116 3466 autem
1139 3412 1433 3466 immundus
1458 3414 1669 3485 spiritus
1690 3415 1868 3470 exierit
1889 3418 1952 3471 ab
1971 3416 2198 3483 homine,

603 3503 834 3560 ambulat
863 3522 956 3577 per
985 3505 1099 3559 loca
1128 3505 1297 3574 arida,
1330 3523 1562 3572 quwrens
1587 3510 1839 3578 requiem,
1863 3518 1911 3563 et
1939 3526 2039 3564 non
2066 3510 2203 3564 inre-

602 3602 739 3668 nict,
783 3608 840 3655 et
861 3599 1062 3670 reliqua
1099 3598 1262 3670 (Ibid.
1292 3599 1410 3670 45).
1441 3601 1738 3658 Continens
1767 3603 1926 3659 lectio
1965 3613 2079 3670 est,
2107 3613 2163 3659 et
2184 3647 2198 3670 ,

602 3706 668 3748 ex
699 3691 814 3759 ipso
841 3690 957 3745 initi
980 3691 1246 3745 sermonis
1268 3692 1490 3747 exordio
1509 3733 1524 3757 ,
1557 3692 1634 3764 (b)
1653 3709 1718 3749 ex
1738 3707 1900 3750 sensu
1923 3695 2202 3765 superiore

604 3780 875 3851 proﬁcisci
909 3780 1175 3835 indicatur
1202 3798 1216 3834 :
1249 3797 1312 3835 ex
1340 3781 1488 3837 verbi
1511 3782 1653 3838 enim
1685 3785 2064 3854 conjunctione
2087 3799 2201 3840 coe-

540 3869 546 3875 ’
605 3871 706 3942 pit.
745 3871 852 3926 Sed
901 3871 1064 3926 totius
1101 3873 1387 3942 propositae
1428 3876 1841 3944 comparationis
1880 3877 2018 3932 ratio
2062 3887 2202 3933 trac-

608 3963 769 4020 tanda
817 3971 918 4020 est.
972 3964 1173 4020 Exiens
1216 3965 1284 4019 ab
1337 3966 1553 4024 homine
1599 3969 1908 4026 immundus
1955 3971 2197 4042 'spiritus,

606 4056 756 4112 arida
785 4067 840 4112 et
867 4059 1124 4129 inaquosa
1156 4059 1272 4112 loca
1303 4059 1526 4127 circuit,
1563 4060 1612 4114 iu
1640 4060 1836 4131 quibus
1875 4061 2053 4116 nullus
2082 4061 2202 4119 fons

607 4150 732 4206 vita:
760 4149 1031 4207 efﬁuebat.
1059 4150 1266 4205 Etcum
1297 4152 1532 4222 requiem
1561 4167 1667 4206 non
1695 4152 1952 4219 inveniet,
1979 4163 2089 4209 tum
2117 4155 2200 4210 in-

609 4253 687 4298 tra
716 4258 775 4299 se
805 4245 1075 4315 loquetur,
1101 4258 1395 4314 congruum
1424 4244 1526 4299 sibi
1547 4259 1686 4310 esse,
1707 4244 1774 4300 ad
1798 4245 2018 4301 domum
2045 4263 2199 4302 snam

504 4397 510 4402 Α
609 4336 752 4392 unde
777 4337 950 4392 exivit
973 4337 1200 4402 reverti;
1234 4351 1392 4407 qnam
1420 4337 1653 4393 inveniet
1679 4347 1992 4405 vacantem,
2023 4342 2200 4411 scopis

608 4428 918 4484 mundatam
943 4437 996 4483 et
1027 4437 1269 4483 ornatam
1287 4445 1301 4494 ;
1321 4415 1661 4500 assnmetque
1687 4444 1870 4486 secum
1893 4431 2052 4502 733
2078 4413 2201 4504 sep-

2305 3225 2479 3288 ﬂuxit,
2513 3222 2785 3278 habitandi
2808 3235 2932 3277 cum
2956 3221 3037 3276 his
3060 3221 3210 3276 locus
3235 3221 3416 3274 nullus
3437 3228 3519 3274 est
3542 3237 3554 3272 :
3580 3226 3775 3274 etcum
3794 3217 3912 3288 iam

2305 3316 2359 3372 in
2392 3315 2478 3371 his
2499 3314 2739 3386 requiem
2772 3329 2877 3368 non
2907 3313 3167 3379 haberet,
3203 3312 3342 3366 intra
3371 3326 3432 3366 se
3456 3320 3740 3379 reputans,
3765 3312 3915 3381 opti-

2305 3424 2452 3466 mum
2481 3409 2654 3465 credit
2682 3391 2895 3479 regredi
2923 3406 2978 3464 in
3003 3421 3121 3461 eam
3154 3421 3219 3462 ex
3245 3421 3348 3477 qua
3394 3404 3668 3476 profectus
3697 3413 3784 3460 est
3811 3405 3912 3460 do-

2305 3519 2472 3560 mum.
2499 3503 2626 3558 Hacc
2646 3486 2932 3557 emundata
2964 3515 3059 3571 per
3101 3501 3292 3570 legem,
3316 3507 3371 3555 et
3398 3498 3789 3570 prephetarutn
3817 3515 3914 3554 or-

2305 3608 2429 3651 nata
2455 3595 2760 3666 praeconiis,
2780 3605 2834 3649 et
2854 3593 3052 3650 Christi
3093 3592 3326 3649 adventu
3369 3603 3671 3664 praeparata
3695 3636 3709 3658 ,
3732 3609 3910 3650 vacua

2305 3690 2573 3746 invenitur
2605 3708 2617 3743 :
2651 3704 2680 3743 a
2702 3705 2807 3761 qua
2838 3697 2893 3744 et
2919 3687 3163 3744 custodia
3211 3688 3345 3758 legis
3385 3687 3714 3742 abscesserit
3757 3687 3910 3758 (quia

2305 3782 2481 3838 omnis
2510 3783 2596 3837 lex
2625 3797 2796 3852 usque
2822 3781 2891 3836 ad
2918 3781 3179 3836 Joannem
3211 3781 3334 3850 est(
3359 3779 3546 3835 Matth.
3576 3795 3646 3845 tt,
3677 3780 3782 3854 15)
3809 3823 3826 3847 ,
3855 3791 3912 3837 et

2305 3877 2372 3932 ad
2403 3877 2751 3932 habitandum
2791 3891 2897 3931 non
2938 3885 3189 3948 receptus
3229 3874 3300 3933 sit
3327 3873 3600 3931 Christus.
3623 3874 3806 3947 Atque
3835 3879 3910 3931 its

2303 3980 2358 4026 et
2387 3969 2691 4025 habitatore
2717 3984 2880 4025 vacua
2907 3978 2990 4024 est
3011 4011 3026 4035 ,
3054 3979 3109 4024 et
3147 3968 3360 4026 deserta
3393 3968 3711 4024 custodibus
3743 3987 3757 4022 :
3781 3984 3909 4024 cum

2307 4072 2482 4119 tamen
2515 4063 2593 4134 (ῃ)
2625 4063 2876 4118 veniente
2903 4062 3225 4128 habitatore,
3261 4063 3617 4132 praeeuntium
3648 4063 3914 4118 sollicitu-

2305 4155 2452 4222 dine,
2475 4165 2528 4211 et
2552 4155 2803 4209 mundata
2832 4155 2902 4209 sit
2926 4163 2980 4208 et
2999 4165 3210 4209 ornata.
3242 4153 3462 4224 Septem
3489 4154 3657 4224 igitur
3682 4154 3912 4224 spiritus

2305 4249 2592 4319 nequiores
2619 4257 2993 4315 assumuntur;
3027 4247 3147 4317 quia
3176 4255 3254 4301 tot
3284 4255 3438 4303 erant
3465 4246 3762 4318 gratiarum
3788 4263 3914 4302 mu-

2305 4356 2432 4397 nera
2461 4341 2724 4396 destinata
2751 4340 2981 4412 (hicum
3009 4335 3258 4405 Christo,
3305 4352 3426 4408 qum
3456 4338 3509 4392 in
3540 4352 3608 4392 eo
3639 4337 3913 4393 multifor-

2305 4435 2408 4491 mis
2434 4434 2520 4488 illa
2549 4433 2639 4488 Dei
2665 4432 2924 4503 sapientia
2963 4431 3266 4501 septiformi‘
3287 4431 3457 4500 gloria
3488 4429 3776 4485 collocavit
3803 4448 3817 4482 :
3852 4440 3914 4485 ut

608 4531 716 4578 tem
749 4521 971 4592 Spiritus
995 4536 1053 4576 se
1082 4511 1392 4591 nequiores,
1420 4512 1859 4592 introeuntesque
1889 4523 2204 4579 habitabunt
2230 4531 2280 4592 1)
2309 4535 2454 4583 tanta
2478 4526 2776 4597 iniquitatis
2801 4525 2952 4579 ﬁeret
2979 4524 3273 4593 possessio,
3301 4531 3498 4592 quanta
3523 4522 3702 4577 futura
3736 4523 3912 4579 fuerat

604 4614 701 4682 ibi,
729 4623 784 4670 et
823 4614 1110 4670 novissima
1143 4614 1378 4668 hominis
1422 4614 1564 4669 illius
1593 4615 1777 4684 primis
1804 4615 1987 4685 peiora
2019 4627 2198 4672 erunt.

683 4750 761 4823 (a)
792 4751 846 4805 lu
878 4749 1128 4823 vulgatis,
1156 4750 1296 4819 quin.
1326 4749 1544 4823 Rectius
1566 4750 1618 4804 in
1651 4765 1781 4806 mss.
1805 4752 1934 4821 qui;
1961 4750 2063 4807 hoc
2088 4761 2192 4816 est.

610 4820 793 4892 populi
826 4823 991 4892 legis,
1022 4822 1112 4892 qui
1157 4829 1284 4875 sunt
1338 4820 1586 4876 inﬁdeles
1608 4862 1624 4886 ,
1653 4836 1720 4877 eo
1769 4820 1939 4893 magis
1991 4823 2196 4895 indigni

610 4905 736 4948 sunt
764 4895 940 4948 venia.

686 4965 757 5034 (b)
784 4965 959 5028 Editi,
993 4973 1039 5016 et
1067 4977 1220 5018 sensu
1261 4980 1279 5018 :
1305 4963 1648 5034 corriguntur
1674 4979 1740 5018 ex
1770 4979 1900 5017 mss.
1934 4963 2046 5019 Hoc
2073 4975 2153 5020 est
2180 5008 2194 5030 ,

612 5035 785 5104 ipsum
844 5035 1109 5090 sermonis
1156 5035 1434 5106 exordium
1469 5055 1480 5087 :
1514 5033 1641 5089 Cum
1685 5045 1851 5088 autem
1877 5035 2197 5103 immundus,

614 5116 745 5169 etc.,
777 5105 977 5160 indicat
1006 5121 1124 5161 eam
1153 5105 1442 5161 lecticuem
1471 5121 1537 5160 ex
1567 5120 1727 5160 sensu
1758 5107 2036 5176 superiore
2059 5149 2073 5173 ,
2105 5123 2197 5163 cu-

610 5176 701 5247 ius
722 5177 1059 5247 continuatio
1087 5186 1190 5241 est,
1223 5175 1513 5246 proﬁcisci.

685 5245 754 5319 (c)
786 5249 838 5302 In
861 5245 1243 5302 siucerioribus
1263 5263 1392 5302 mss.
1427 5265 1662 5319 memque,
1684 5264 1785 5304 vox
1807 5247 2006 5305 Hilario
2034 5249 2193 5305 fanti-

610 5317 758 5373 liaris
788 5334 884 5388 pro
906 5335 1103 5387 nempe.

687 5389 766 5463 _(d)
799 5389 958 5445 Solus
980 5405 1100 5463 _ms.
1153 5390 1356 5446 Turon.
1389 5407 1509 5447 cum
1548 5393 1780 5459 excusis,
1814 5392 1944 5446 libro
1999 5393 2190 5463 Moysi.

603 5461 752 5534 Infra
783 5477 904 5534 cap.
931 5461 1020 5524 14,
1047 5463 1212 5534 n.ll,_
1232 5463 1352 5517 libri
1383 5463 1512 5533 legis
1538 5465 1771 5534 quinque
1802 5461 2192 5520 memorantur.

686 5531 761 5614 (ε)
787 5533 1074 5614 vaticauus
1115 5532 1286 5588 codex
1332 5531 1790 5614 apudnLatiuiutrt
1809 5576 1822 5600 ,
1852 5537 2194 5614 ministratum

613 5605 951 5676 esurientibus
995 5620 1184 5676 manna
1227 5606 1417 5676 :hnnllo
1445 5607 1549 5660 alio
1597 5607 1648 5661 ei
1677 5606 2029 5676 suffragante.
2083 5606 2196 5661 Mo-

613 5674 851 5746 quimus,
887 5684 1000 5729 not.
1025 5675 1066 5746 ,ά
1100 5674 1206 5743 col.
1242 5672 1344 5738 757
1373 5676 1528 5746 huius
1557 5672 1912 5744 editionis,in
1942 5693 2074 5735 mss.
2099 5677 2196 5734 ha-

619 5732 731 5798 heri
759 5732 998 5800 maintain
1025 5733 1302 5800 'wternnni.

2312 4619 2629 4691 gratiarum.
2658 4620 2834 4687 Atque
2856 4616 2927 4671 ita
2961 4617 3250 4671 novissima
3278 4615 3513 4683 hominis
3543 4615 3690 4671 illius
3720 4617 3912 4687 peiora

2377 4755 2444 4826 (ι’)
2505 4754 2560 4808 In
2606 4770 2709 4808 ms.
2761 4751 2941 4826 Colb,
2967 4755 3264 4826 adorantem
3312 4761 3491 4826 postea
3533 4753 3758 4826 pecudes
3788 4770 3911 4826 cum

2302 4823 2442 4883 saxis
2461 4868 2475 4892 ,
2506 4823 2880 4880 consentiente
2905 4825 3130 4879 Carnut.
3165 4825 3266 4880 nisi
3297 4823 3439 4894 quod
3471 4824 3776 4878 adorantem
3803 4825 3907 4878 ha-

2300 4899 2394 4955 bet
2417 4905 2622 4951 tantum
2646 4895 2901 4951 secundis
2941 4895 3106 4950 euris.
3155 4895 3212 4950 ln
3235 4894 3354 4949 aliis
3382 4896 3545 4950 etiam
3572 4910 3706 4950 mss.
3741 4895 3908 4950 abest

2302 4968 2751 5041 supplicatumque
2778 4966 2967 5041 :_quod
3014 4967 3218 5041 absque
3256 4965 3580 5041 auctoritate
3625 4965 3903 5041 adiectum

2303 5036 2673 5107 suspicamur,
2687 5037 2922 5093 maxime
2944 5053 3064 5092 cum
3090 5038 3314 5093 verbum
3334 5037 3494 5090 adoro
3517 5036 3570 5090 in
3594 5037 3716 5091 aliis
3738 5038 3905 5091 etiam

2305 5110 2489 5164 Hilarii
2523 5110 2654 5165 locis
2679 5125 2798 5164 cum
2829 5118 3022 5178 quarto
3047 5123 3174 5163 casn
3196 5109 3441 5176 iunctum
3474 5107 3900 5162 adverterimns.

2301 5180 2458 5249 Apud
2487 5180 2612 5235 Par.
2645 5181 2943 5233 adorantem
2965 5179 3566 5249 supplicatumquectc.
3601 5178 3750 5233 Ante
3774 5180 3906 5232 ado-

2299 5247 2497 5318 ratum,
2526 5251 2834 5321 intelligere
2862 5261 2944 5306 est
2972 5252 3231 5305 continent
3251 5249 3370 5303 libri
3399 5247 3590 5319 Moysi.

2377 5365 2453 5447 (9)
2485 5364 2544 5447 in
2571 5364 2824 5434 vulgatis,
2856 5363 3072 5447 venienti
3091 5363 3382 5447 habitatori.
3405 5361 3900 5447 Dirmierimtt‘smum

2304 5433 2603 5508 potierihus
2631 5448 2763 5508 mss.
2790 5436 3018 5508 veniente
3048 5435 3334 5508 habitatore
3355 5477 3370 5499 ,
3399 5433 3853 5508 diabolo_scilicet
3873 5474 3889 5492 .

2301 5504 2386 5562 cui
2429 5522 2604 5577 neque
2645 5506 2730 5560 lex
2757 5506 2986 5561 sollicita
3023 5507 3336 5577 prospexit,
3367 5519 3468 5562 nec
3495 5504 3805 5576 prapltetzc,
3833 5513 3895 5560 ut

2303 5594 2414 5651 pm
2452 5576 2642 5634 se’fert
2663 5578 2809 5647 prior
2838 5577 3019 5633 lectio.

2374 5683 2459 5755 (It)
2487 5684 2578 5742 Sic
2607 5695 2738 5742 mss.
2767 5684 2836 5741 At
2863 5681 3032 5753 editi,
3063 5677 3119 5739 in
3146 5676 3372 5739 Christo}
