4172 6188
294 259 403 317 995

1186 262 1733 322 COMMENTARIUS
1769 264 1836 322 IN
1875 264 2320 328 MATTIUEUM.
2363 271 2518 330 CAP.
2560 276 2698 334 XIII.

3487 289 3594 346 994

294 383 453 430 erunt
483 373 754 447 prioribus
783 373 950 449 :°quia
973 377 1050 451 (α)
1081 392 1148 435 ex
1170 380 1372 437 Iudaeis
1397 383 1707 438 immundus
1733 382 1891 454 spiri-
1915 383 1971 444 Α
1993 383 2062 440 ab
2082 387 2179 441 eis.
2209 387 2472 446 Damnum
2523 393 2727 449 scilécet
2759 394 2892 466 legis
2916 366 3002 451 ex
3050 397 3174 455 fidei
3206 399 3384 470 inepia
3411 402 3594 458 decla-

294 479 378 525 tus
430 480 577 526 metu
628 471 792 544 734
843 473 973 544 legis
1023 486 1356 540 excesserat,
1411 492 1554 533 nunc
1609 486 1788 533 autem
1835 477 1887 532 in

291 576 387 618 eos
441 578 564 619 cum
620 565 824 620 ultione
872 566 1167 636 repudiatae
1219 567 1289 623 ab
1341 568 1420 624 eis
1465 569 1652 639 gratiae
1708 583 1890 624 rever-

290 661 452 710 tetur.

359 746 453 802 24.
479 746 930 820 Pr0pinquitatum
948 751 1040 822 jus
1052 753 1166 824 jam
1194 753 1332 808 unde
1357 754 1680 808 sumendum.
1701 752 1890 808 Christi

289 841 565 914 propinqui
603 844 731 913 foris
770 837 994 913 stantes,
1036 847 1337 919 Synagoga.
1366 878 1440 890 -—
1463 848 1530 904 Et
1566 850 1690 919 quia
1721 855 1888 904 totum

287 933 429 989 istud
457 935 510 990 in
540 945 780 1006 paternae
816 938 1114 1009 majestatis
1147 941 1349 996 virtute
1375 925 1726 1010 loqueretur;
1753 957 1890 996 nun-

289 1027 442 1081 tianti
457 1027 562 1083 sibi
580 1028 722 1099 quod
743 1029 873 1085 foris
893 1045 924 1084 a
953 1039 1124 1088 matre
1145 1041 1306 1102 atque
1331 1047 1362 1087 a
1393 1032 1646 1089 fratribus
1666 1048 1890 1104 exspec-

286 1131 512 1192 taretur,
539 1139 756 1179 manum
790 1125 842 1180 in
867 1125 1164 1193 discipulos
1187 1127 1504 1195 extendens,
1530 1143 1625 1184 eos
1650 1127 1753 1182 sibi
1781 1128 1890 1183 fra-

289 1223 398 1271 tres
427 1231 549 1271 esse
575 1227 912 1288 matremque
941 1219 1256 1288 respondit;
1280 1228 1335 1275 et
1353 1221 1675 1290 quicumque
1697 1220 1889 1277 volun-

286 1306 382 1361 tati
408 1314 646 1376 paternae
670 1308 959 1364 obsecutus
977 1320 1142 1378 esset,
1170 1326 1294 1366 eum
1322 1326 1446 1368 esse
1482 1321 1536 1367 et
1577 1310 1796 1368 fratrem
1833 1323 1889 1368 et

286 1415 533 1456 sororem
579 1411 632 1457 et
677 1411 904 1458 matrem
957 1420 970 1455 :
1023 1404 1248 1458 fortnam
1297 1419 1357 1460 se
1402 1405 1575 1475 ipsum
1624 1405 1889 1460 universis

284 1491 483 1562 agendi
513 1491 888 1564 sentiendique
907 1495 1264 1562 constituens,
1292 1497 1749 1568 propinquitatum
1771 1511 1889 1552 om-

287 1584 436 1639 nium
463 1583 552 1654 jus
573 1591 736 1654 atque
767 1600 988 1651 nomen,
1018 1586 1123 1657 jam
1178 1603 1284 1641 non
1331 1587 1398 1642 de
1442 1588 1753 1644 conditione
1793 1605 1888 1643 na-

287 1677 498 1742 scendi,
537 1677 633 1732 sed
673 1678 740 1733 de
790 1679 1046 1734 Ecclesia:
1093 1679 1474 1735 communione
1522 1680 1884 1736 retinendum.

1993 486 2072 532 rat
2102 495 2115 533 :
2145 479 2228 552 (ά)
2252 497 2408 550 quam
2443 483 2601 540 fidem
2623 484 2792 542 Judaei
2824 504 2928 543 non
2956 489 3238 556 habentes,
3264 493 3435 565 legem
3465 511 3599 566 quo-

1992 582 2095 659 que
2115 586 2286 659 quam
2306 573 2468 648 735
2493 577 2791 633 habuerant
2824 581 3193 649 perdiderunt.
3231 585 3301 641 Et
3330 586 3453 643 ideo
3475 604 3598 659 per-

1990 651 2188 709 fectura
2221 656 2352 712 fides
2373 662 2680 731 evangelica
2708 662 2870 719 habet
2897 665 3097 721 donum
3125 684 3138 733 ;
3173 671 3297 739 quia
3349 651 3598 744 suscepta

1993 745 2144 800 novis
2193 747 2454 805 fructibus
2495 751 2664 820 ditat,
2713 755 2988 826 repudiata
3035 774 3166 815 vero
3194 761 3353 816 etiam
3395 765 3596 820 veteris

1990 836 2311 894 substantiae
2341 855 2472 914 opes
2500 843 2756 900 detrahit.

2061 931 2117 986 5.
2157 931 2330 989 Vestri
2358 947 2526 992 autem
2556 938 2691 994 beati
2716 943 2852 997 oculi
2880 945 2968 1014 qui
2999 946 3168 1002 vident
3187 989 3203 1017 ,
3230 958 3275 1004 et
3311 965 3462 1008 aures
3484 968 3598 1023 qua!

1989 1021 2206 1077 audiunt
2229 1023 2393 1095 (Ibid.
2427 1029 2539 1102 l6).
2562 1031 2876 1102 Apostoloci
2904 1039 3162 1109 temporis
3206 1021 3592 1101 beatitudinem

1990 1112 2168 1207 docet,
2201 1132 2428 1187 quorum
2461 1123 2634 1178 oculis
2670 1135 2832 1196 atque
2861 1131 3079 1187 auribus
3119 1135 3345 1207 contigit
3373 1137 3462 1192 Dei
3498 1137 3596 1194 Sa-

1991 1205 2166 1263 Itttare
2192 1209 2370 1267 visere
2405 1222 2458 1268 et
2500 1215 2732 1273 audire:
2770 1221 3044 1290 prophetis
3087 1233 3248 1296 atque
3276 1205 3454 1296 vjustis
3503 1245 3597 1286 ett-

1993 1295 2264 1366 pientibus
2293 1301 2476 1360 videre
2515 1314 2571 1360 et
2613 1307 2800 1365 audire
2843 1311 2895 1365 in
2945 1295 3330 1381 plenitudinem
3389 1332 3596 1391 tempo-

1990 1403 2107 1443 rum
2135 1390 2208 1464 (e)
2239 1392 2654 1466 destinatorum,
2691 1411 2742 1455 et
2793 1406 3210 1472 exspectationis
3263 1411 3416 1466 istius
3463 1390 3597 1483 gau-

1993 1481 2138 1538 dium
2171 1485 2448 1555 Apostolis
2473 1503 2830 1550 reservatum.

2060 1573 2117 1627 4.
2174 1575 2409 1633 Granum
2454 1583 2650 1654 sinapis
2702 1585 2972 1644 Dominus.
3031 1590 3186 1646 Olera
3235 1595 3598 1665 praphetarum

1989 1665 2161 1721 verba.
2207 1670 2443 1738 Apostoli
2467 1676 2721 1743 quomodo
2753 1682 2903 1735 rami.
2933 1711 3004 1721 —
3039 1683 3222 1738 Simile
3267 1696 3341 1741 est
3384 1706 3595 1760 regnum

284 1769 556 1826 Caeterum
582 1785 686 1825 non
716 1769 994 1825 fastidiose
1019 1771 1086 1825 de
1112 1781 1286 1826 matre
1313 1787 1406 1826 sua
1439 1771 1675 1826 sensisse
1702 1771 1886 1827 existi-

1995 1758 2235 1814 coelorum
2263 1778 2428 1832 grano
2476 1767 2694 1837 sinapis,
2736 1780 2790 1824 et
2818 1773 3024 1843 reliqua
3071 1774 3231 1847 (Ibid.
3263 1779 3379 1849 51).
3413 1758 3595 1840 Crano

286 1860 516 1916 mandas
547 1871 654 1928 est,
687 1862 776 1917 cui
806 1865 858 1916 in
889 1862 1140 1931 passione
1181 1863 1385 1932 positus
1415 1863 1663 1918 maximae
1688 1863 1889 1920 sollici-

284 1952 490 2009 tudinis
524 1952 777 2009 tribuerit
799 1954 1046 2009 allectum
1079 1953 1273 2026 (Joan.
1302 1970 1398 2009 xtx
1420 1996 1434 2022 ,
1469 1953 1541 2009 26
1567 1964 1613 2008 et
1634 1952 1760 2026 '27).
1790 1955 1888 2011 Est

285 2057 468 2103 autem
497 2047 657 2103 etiam
691 2048 743 2102 in
776 2063 842 2104 eo
862 2049 1038 2120 typica
1061 2049 1199 2104 ratio
1229 2059 1462 2116 servata,
1489 2061 1544 2104 ut
1574 2058 1746 2105 mater
1771 2050 1888 2119 ejus

287 2150 346 2197 et
379 2142 576 2198 fratres
617 2141 745 2196 foris
774 2148 1003 2209 starent,
1036 2157 1158 2199 cum
1213 2143 1397 2213 utuiqe
1437 2142 1775 2212 ingrediendi
1822 2141 1888 2197 ad

285 2248 412 2290 eum
436 2232 696 2290 haberent
725 2243 782 2288 ut
820 2233 1002 2289 caeteri
1033 2242 1374 2302 potestatem.
1403 2234 1508 2290 Sed
1539 2233 1662 2306 quia
1696 2235 1747 2289 in
1792 2249 1888 2290 sua

286 2326 457 2392 venit,
481 2335 537 2381 et
565 2326 644 2380 sui
667 2340 788 2380 eum
819 2325 901 2396 (b)
930 2341 1036 2380 non
1077 2333 1435 2396 receperunt;
1470 2326 1521 2380 in
1558 2333 1730 2381 matre
1775 2325 1892 2396 ejus

288 2433 356 2473 ac
376 2417 630 2473 fratribus
655 2417 935 2488 Syuagoga
961 2425 1016 2472 et
1035 2417 1293 2472 lsraelitae
1337 2417 1779 2489 praefigurantur,
1810 2417 1893 2472 itt-

290 2528 480 2584 gressu
502 2513 618 2584 ejus
638 2522 800 2584 atque
831 2512 978 2568 aditu
1002 2511 1362 2568 abstinentes.

890 2647 1118 2705 CAPUT
1160 2648 1298 2704 XIII.

297 2766 496 2824 Sedens
532 2767 586 2822 in
611 2765 845 2822 navicula
893 2763 1045 2819 Iesus
1075 2765 1242 2818 turbis
1269 2764 1541 2831 parabolas
1579 2765 1804 2834 loquitur
1833 2763 1895 2818 de

371 2865 648 2920 seminante
692 2866 880 2919 bonum
931 2879 1133 2929 semen,
1165 2861 1228 2917 de
1255 2862 1456 2916 zizania
1509 2870 1556 2915 et
1611 2859 1804 2926 tritico,
1833 2857 1897 2912 de

368 2972 531 3028 grano
554 2957 771 3028 sinapis,
795 2956 858 3010 de
887 2956 1134 3025 fermento
1156 2955 1402 3009 absconso
1432 2954 1483 3008 in
1511 2954 1704 3024 farina,
1734 2963 1781 3007 et
1803 2969 1894 3006 ca:-

368 3052 554 3121 positio
578 3051 814 3115 zizanite,
840 3050 904 3103 de
923 3048 1158 3104 thesauro
1181 3049 1235 3103 in
1264 3065 1388 3120 agro
1411 3089 1424 3113 ,
1448 3046 1512 3102 de
1539 3047 1670 3102 bona
1690 3063 1896 3117 marga-

370 3143 487 3210 rita,
510 3144 574 3197 de
595 3144 688 3197 reti
718 3141 875 3196 misso
896 3141 950 3196 in
971 3157 1129 3195 mare.

372 3256 425 3309 1.
476 3255 700 3310 Verbum
743 3251 842 3308 Dei
881 3271 982 3308 non
1022 3250 1230 3325 capiunt
1257 3269 1318 3308 ab
1346 3252 1578 3307 Ecclesia
1616 3251 1793 3306 alieni.
1827 3280 1896 3292 --

294 3349 366 3404 In
391 3348 485 3404 illa
508 3348 590 3403 die
615 3349 738 3403 exiit
759 3347 790 3401 J
799 3365 914 3403 esus
940 3389 954 3414 ,
987 3357 1034 3400 et
1059 3346 1262 3400 sedebat
1290 3362 1439 3400 secus
1464 3361 1606 3399 mare
1645 3362 1662 3398 :
1701 3355 1746 3400 et
1775 3361 1898 3399 con-

306 3451 532 3514 gregatae
553 3451 670 3496 sunt
694 3440 762 3494 ad
783 3458 893 3495 eum
913 3440 1091 3503 turbat,
1109 3440 1180 3493 ita
1195 3447 1250 3492 ut
1270 3441 1322 3492 in
1342 3438 1635 3492 naviculam
1658 3437 1899 3492 ascende-

294 3543 374 3589 ret
403 3532 632 3604 (Matth.
663 3549 775 3595 xttt,
810 3532 835 3586 1
871 3540 919 3584 et
945 3530 1004 3602 2)
1039 3548 1052 3586 :
1085 3529 1306 3586 Sedisse
1339 3529 1625 3583 Dominum
1655 3532 1706 3583 in
1741 3528 1896 3593 navi,

295 3635 354 3682 et
381 3626 571 3680 turbas
605 3624 734 3678 foris
755 3624 1005 3689 stetisse,
1045 3637 1110 3676 ex
1140 3620 1396 3690 subjectis
1437 3619 1599 3675 rebus
1626 3626 1710 3672 est
1738 3619 1896 3673 ratio.

296 3717 358 3772 In
386 3715 654 3786 parabolis
686 3717 828 3771 enim
855 3723 972 3770 erat
1015 3713 1292 3768 locuturus
1323 3730 1337 3766 :
1372 3721 1427 3767 et
1465 3711 1590 3766 facti
1623 3711 1778 3765 istius
1807 3725 1899 3780 ge-

297 3823 430 3864 nere
468 3806 736 3878 significat
762 3822 888 3873 eos,
931 3805 1022 3875 qui
1052 3814 1204 3860 extra
1238 3802 1532 3858 Ecclesiam
1564 3801 1722 3873 positi
1752 3811 1896 3868 sunt,

300 3900 507 3956 nullam
535 3899 708 3955 divini
743 3899 1011 3954 sermonis
1039 3911 1236 3967 capere
1272 3910 1430 3966 posse
1471 3895 1897 3966 intelligentiam.

299 3992 464 4049 Navis
493 3993 638 4049 enim
660 3989 923 4046 Ecclesiae
946 3999 1128 4062 typum
1159 3989 1375 4059 praefert
1401 3989 1574 4044 :intra
1595 4003 1754 4058 quam
1781 4003 1902 4042 ver-

297 4087 428 4143 bum
459 4085 582 4142 vitae
609 4086 841 4155 positum
871 4094 926 4139 ct
953 4084 1303 4155 praedicatum
1334 4083 1409 4152 lti,
1441 4083 1535 4154 qui
1575 4093 1728 4139 extra
1753 4092 1898 4153 sunt,

301 4187 358 4234 et
383 4194 561 4233 arenae
583 4177 746 4233 modo
775 4177 992 4232 steriles
1016 4187 1177 4247 atque
1207 4176 1427 4230 inutiles
1447 4175 1717 4244 adjacent,
1741 4175 1901 4232 intel-

302 4271 472 4343 ligere
493 4286 600 4326 non
625 4278 870 4340 possunt.
895 4270 970 4325 De
993 4267 1261 4338 parabolis
1282 4275 1458 4323 autem
1484 4267 1597 4338 jam
1617 4283 1647 4322 a
1674 4268 1901 4323 Domino

283 4361 564 4418 absolutis
584 4359 655 4433 (ο)
683 4362 826 4432 loqui
865 4361 1098 4416 Otiosum
1122 4369 1225 4417 est.

371 4455 428 4509 2.
454 4453 740 4528 Legemob
783 4454 1013 4525 inopiam
1055 4453 1186 4522 ﬁdei
1234 4453 1568 4523 perdiderunt
1605 4451 1800 4507 Judaei.
1829 4482 1904 4496 —

1991 1851 2194 1922 sinapis
2223 1871 2284 1910 se
2315 1857 2490 1926 ipsum
2526 1860 2785 1918 Dominus
2815 1869 3167 1936 comparavit,
3197 1873 3308 1926 acri
3333 1875 3587 1944 maxime,

1990 1952 2044 1998 et
2063 1947 2304 2002 omnium
2327 1951 2596 2007 seminum
2622 1954 2864 2022 minimo,
2894 1961 3050 2028 cujus
3075 1961 3245 2018 virtus
3271 1979 3334 2020 ac
3357 1977 3595 2035 potestas

1993 2037 2430 2096 tribulationibus
2461 2053 2514 2099 et
2547 2050 2818 2114 pressuris
2848 2052 3182 2110 accenditur.
3215 2055 3454 2113 Granum
3489 2060 3594 2118 hoc

1993 2128 2154 2196 igitur
2185 2140 2467 2203 postquam
2496 2135 2547 2191 in
2578 2153 2711 2208 agro
2751 2151 2924 2196 satum
2961 2142 3141 2210 fuerit,
3186 2146 3240 2201 id
3281 2157 3384 2216 est,
3417 2151 3509 2206 ubi
3560 2167 3592 2208 a

1996 2221 2192 2291 pepqu
2223 2225 2650 2293 comprehensus
2671 2237 2726 2285 et
2751 2231 2977 2288 traditus
2998 2235 3168 2291 "morti
3188 2277 3204 2305 ,
3239 2247 3506 2310 tamquam
3537 2243 3591 2299 in

1993 2325 2152 2381 agro,
2187 2313 2396 2370 satione
2423 2318 2654 2388 quadam
2683 2320 2780 2376 fuit
2810 2327 3057 2395 corporis
3095 2332 3476 2401 consepultus;
3511 2335 3594 2390 ul-

1996 2413 2077 2459 tra
2106 2420 2415 2464 mensuram
2438 2412 2676 2468 omnium
2716 2415 2922 2472 olerum
2965 2423 3263 2491 excrescit,
3294 2435 3347 2482 et
3377 2427 3593 2484 univer-

1995 2513 2108 2556 sam
2135 2503 2518 2574 prophetarum
2541 2509 2767 2579 gloriam
2802 2513 3036 2572 excedit.
3062 2516 3239 2574 Oleris
3265 2521 3409 2576 enim
3449 2523 3587 2592 vice,

1997 2603 2266 2666 tamquam
2285 2609 2508 2669 aegroto,
2537 2603 2719 2659 Israeli
2748 2605 2870 2663 data
2898 2619 2981 2664 est
3008 2611 3320 2680 praedicatio
3358 2617 3593 2687 prophe-

2006 2695 2201 2742 tarum.
2231 2688 2335 2744 Sed
2363 2691 2472 2760 jam
2508 2709 2572 2749 ex
2606 2697 2768 2752 ramis
2794 2698 3010 2756 arboris
3035 2717 3102 2758 ex
3131 2699 3248 2760 solo
3284 2707 3334 2761 in
3363 2708 3594 2766 sublime

1998 2781 2243 2852 prolatae,
2269 2785 2392 2841 caeli
2421 2787 2669 2845 volucres
2698 2791 3018 2849 inhabitant.
3045 2795 3334 2868 Apostolus
3360 2802 3592 2870 scilicet,

1997 2882 2053 2928 et
2118 2873 2318 2931 Christi
2389 2879 2590 2937 virtute
2655 2893 2963 2956 protensos,
3011 2899 3064 2945 et
3114 2893 3371 2949 mundum
3418 2897 3594 2952 inum-

2000 2966 2215 3023 brantcs
2239 3011 2254 3037 ,
2285 2971 2337 3024 in
2370 2974 2536 3028 ramis
2568 2975 2930 3049 intelligemus
2964 3000 2975 3035 :
3022 2984 3074 3038 in
3122 3001 3258 3056 quos
3305 2999 3493 3059 gentes
3517 2991 3594 3062 fin

2000 3073 2150 3130 Spem
2178 3063 2301 3118 vitae
2323 3065 2648 3122 advolabunt
2669 3111 2681 3134 ,
2713 3081 2768 3125 et
2798 3085 3048 3129 aurarum
3083 3077 3295 3135 turbine
3320 3121 3334 3144 ,
3383 3080 3435 3136 id
3466 3090 3552 3138 est
3576 3123 3592 3150 ,

1919 3154 1965 3217 C
1999 3153 2196 3210 diaboli
2230 3157 2424 3227 spiritu
2451 3158 2689 3233 flatuque
2735 3174 2958 3234 vexatas,
3019 3178 3288 3242 tamquam
3335 3174 3387 3229 in
3430 3176 3596 3233 ramis

1998 3248 2209 3304 arboris
2238 3251 2606 3321 acquiescent.

2071 3341 2125 3397 5.
2159 3341 2392 3400 Christus
2420 3346 2473 3400 in
2502 3347 2629 3419 lege,
2656 3351 2917 3422 praphetis
2948 3364 2994 3408 et
3017 3359 3596 3430 cvangeliis.—-Simile

2000 3444 2073 3490 est
2095 3452 2306 3508 regnum
2326 3439 2572 3494 caelorum
2593 3446 2871 3512 fermento,
2917 3448 3056 3516 quod
3097 3461 3363 3522 acceptum
3408 3457 3596 3511 mulier

1999 3528 2264 3582 abscondit
2283 3532 2333 3583 in
2356 3531 2541 3600 farina:
2562 3536 2811 3588 mensuris
2838 3536 3020 3603 tribus,
3048 3539 3210 3594 donec
3234 3542 3594 3610 fermentatum

2001 3629 2075 3673 est
2096 3630 2252 3673 totum
2287 3619 2450 3688 (Ibid.
2483 3622 2594 3693 53).
2633 3623 2974 3682 Fermentuut
2999 3628 3065 3684 de
3095 3631 3264 3696 farina
3294 3645 3412 3705 est,
3449 3638 3595 3708 quod

2001 3713 2253 3766 virtutem
2297 3723 2572 3785 acceptam
2623 3731 2818 3773 acervo
2851 3722 3064 3790 generis
3090 3723 3173 3779 sui
3215 3727 3410 3784 reddit.
3461 3729 3600 3788 Huic

2002 3820 2062 3861 se
2091 3806 2347 3862 Dominus
2367 3810 2731 3879 comparavit,
2766 3813 2906 3883 quod
2931 3826 3210 3888 acceptum
3250 3821 3468 3890 mulier,
3500 3839 3598 3896 sy-

2003 3913 2206 3970 nagoga
2238 3899 2480 3969 scilicet,
2515 3917 2610 3972 per
2644 3903 2905 3974 judicium
2934 3912 3124 3964 mortis
3149 3911 3470 3981 abscondit,
3505 3932 3593 3972 ar-

2001 4005 2172 4061 guens
2203 3991 2376 4062 legem
2405 4003 2455 4049 et
2485 3996 2771 4066 prophetas
2799 3998 2866 4069 (f)
2890 4003 3182 4072 evangeliis
3203 4005 3444 4061 dissolvi.
3485 4009 3596 4067 lloc

2002 4091 2182 4137 autem
2213 4082 2400 4140 farinae
2432 4089 2696 4143 mensuris
2726 4089 2917 4156 tribus,
2952 4091 3006 4146 id
3036 4101 3138 4158 est,
3166 4094 3300 4166 legis
3320 4140 3335 4164 ,
3362 4101 3595 4170 prepbe-

2005 4183 2218 4240 tarum,
2251 4177 2648 4246 evangeliorum
2687 4180 2996 4250 aequalitate
3040 4196 3386 4257 coopertum,
3416 4194 3598 4251 omnia

2005 4282 2168 4322 unum
2192 4267 2320 4323 facit
2345 4286 2357 4321 :
2382 4279 2438 4323 ut
2469 4270 2610 4340 quod
2639 4271 2724 4326 lex
2746 4275 3046 4343 constituit,
3079 4278 3355 4350 propheta:
3387 4284 3600 4341 nuntia-

2005 4369 2239 4424 verunt,
2284 4359 2336 4414 id
2374 4360 2547 4431 ipsum
2586 4364 2988 4434 evangeliorum
3018 4369 3351 4438 profectibus
3380 4375 3599 4446 explea-

2007 4459 2113 4505 tur.
2167 4449 2436 4522 Fiuntquc
2465 4453 2646 4509 omnia
2678 4470 2777 4525 per
2820 4456 2916 4512 Dei
2965 4459 3223 4530 Spiritum
3252 4463 3492 4533 ejusdem
3546 4475 3601 4524 et

303 4551 406 4620 Qui
437 4551 570 4604 enim
595 4549 780 4617 habet,
813 4549 1017 4603 dabitur
1054 4549 1137 4616 ei,
1175 4557 1224 4602 et
1257 4547 1532 4602 abundabit
1571 4563 1590 4602 :
1615 4549 1703 4619 qui
1731 4559 1900 4601 autem
1925 4539 1981 4600 D
2008 4545 2221 4601 virtutis
2264 4555 2318 4602 et
2347 4562 2537 4604 sensus
2571 4566 2589 4603 :
2620 4551 2861 4622 nihilque
2903 4554 3046 4610 aliud
3081 4556 3149 4612 ab
3193 4558 3300 4615 alio
3329 4563 3600 4620 mensuris

301 4661 405 4699 non
435 4642 604 4707 habet,
633 4654 679 4697 et
725 4643 863 4713 quod
891 4641 1054 4709 ;habet
1081 4646 1343 4714 auferetur
1372 4640 1434 4694 ab
1464 4657 1523 4695 eo
1566 4639 1741 4713 (Ibid.
1771 4637 1898 4712 12).

305 4736 476 4807 Regni
507 4734 766 4807 mysteria
801 4734 933 4788 ﬁdes
973 4732 1222 4802 percipit.
1250 4732 1375 4786 Haec
1424 4732 1477 4786 in
1520 4732 1712 4802 quibus
1751 4732 1911 4788 fuerit

305 4825 572 4901 preficiet,
604 4838 659 4884 et
687 4828 1034 4885 incrementis
1063 4825 1335 4896 profectus
1365 4825 1446 4880 sui
1487 4824 1780 4881 abundabit
1812 4843 1826 4879 :
1854 4826 1907 4880 in

2010 4639 2306 4708 aequalibus
2336 4639 2716 4698 fermentatum
2743 4645 3066 4704 dissentiens
3097 4652 3416 4721 reperietur.

2086 4732 2138 4786 6.
2169 4732 2251 4785 Ad
2279 4731 2544 4790 Trinitatis
2586 4737 2834 4791 unitatem
2875 4748 2967 4792 aut
2994 4741 3152 4795 trium
3192 4746 3421 4814 gentium
3449 4765 3604 4806 voca-

2013 4824 2204 4878 tionem
2230 4824 2478 4895 prtedicta
2508 4841 2608 4880 non
2648 4837 2780 4882 recte
2817 4832 3126 4892 referuntur.
3166 4863 3239 4874 —
3261 4835 3600 4910 Quamquam

304 4922 502 4992 quibus
525 4937 652 4978 vero
685 4937 790 4976 non
828 4919 1010 4986 fuerit,
1039 4918 1204 4974 etiam
1233 4916 1376 4989 quod
1408 4916 1605 4972 habent
1633 4917 1906 4974 auferetur
1945 4958 1950 4962 ι
2013 4918 2080 4972 ad
2111 4917 2234 4975 fidei
2283 4918 2360 4990 (g)
2401 4929 2798 4977 sacramentum
2821 4964 2835 4990 ,
2869 4922 2921 4978 id
2953 4932 3067 4993 est,
3098 4925 3166 4982 ad
3186 4927 3361 4986 Patris
3399 4941 3456 4989 et
3481 4933 3603 4994 Filii

381 5102 456 5174 (α)
485 5103 545 5159 In
570 5117 700 5158 mss.
723 5101 874 5157 Colb.
902 5110 955 5156 et
977 5099 1137 5155 Carn.
1158 5113 1221 5153 ea:
1241 5113 1297 5152 eo
1321 5111 1340 5150 :
1371 5097 1423 5151 in
1445 5095 1678 5165 caeteris,
1709 5114 1772 5152 ea:
1798 5100 1888 5154 eis.

387 5173 462 5244 (b7)
496 5177 611 5244 Duo
641 5188 779 5244 mss.
805 5189 908 5226 non
936 5179 1300 5244 cognoverunt.

387 5179 440 5244 (b
496 5179 611 5228 Duo
641 5188 772 5228 mss.
805 5189 908 5226 non
936 5179 1300 5242 cognoverunt.

385 5179 462 5316 te;
487 5243 955 5316 Cujusmndisdnt
984 5242 1271 5311 prOpnsitae
1294 5238 1646 5316 inter_titu_los
1672 5240 1898 5316 parabo-

303 5314 372 5371 Ia'
398 5309 470 5369 de
494 5309 773 5370 seminante
801 5309 997 5367 bonum
1018 5309 1207 5376 semen,
1237 5317 1292 5363 et
1319 5309 1381 5362 de
1407 5310 1607 5363 zizania
1630 5321 1678 5363 et
1707 5313 1894 5370 tritico.

305 5385 446 5442 IIinc
473 5401 633 5442 nemo
654 5400 758 5440 non
783 5384 927 5439 videt
955 5381 1133 5437 titulos
1157 5381 1277 5436 illos
1307 5395 1410 5433 non
1435 5379 1629 5434 frustra
1651 5383 1898 5450 superius

306 5457 486 5512 locum
518 5472 672 5512 suum
695 5455 961 5521 obtinere,
987 5453 1232 5523 quamvis
1260 5452 1339 5507 eis
1370 5450 1602 5506 Hilarius
1627 5459 1736 5506 tam
1764 5467 1900 5523 pau-

304 5528 388 5585 cis
415 5527 732 5582 satisfaciat.

382 5597 468 5669 (d)
503 5599 558 5654 ltt
585 5600 791 5669 aliquot
812 5611 941 5652 mss.
973 5595 1095 5667 quia
1124 5593 1298 5663 ﬁdem.

386 5692 465 5764 (e)
492 5692 820 5748 Turonensis
843 5707 944 5746 ms.
975 5690 1045 5764 ab
1071 5689 1286 5764 antiqua
1306 5703 1479 5764 manu
1519 5686 1776 5750 secunda,
1809 5688 1901 5744 de-

309 5759 595 5830 stinatum;
625 5765 768 5836 quod
819 5764 978 5819 etiam
1032 5759 1234 5817 habent
1271 5759 1362 5814 alii
1391 5760 1628 5831 quinque
1653 5802 1669 5830 ,
1713 5770 1766 5817 et
1796 5773 1902 5817 non

2001 5101 2142 5174 male
2163 5108 2341 5172 potest
2370 5099 2557 5156 referri
2580 5101 2646 5156 ad
2670 5101 2932 5158 Salutare.
2969 5103 3086 5162 Non
3109 5117 3388 5169 mutamus
3419 5124 3598 5174 tamen

1997 5171 2284 5228 lectionem
2309 5180 2605 5243 receptam,
2637 5188 2795 5242 quam
2826 5174 3150 5234 confirmant
3178 5197 3308 5237 mss.
3358 5201 3466 5241 non
3498 5171 3598 5243 mi;

2001 5241 2604 5328 ntts.‘s.ineeri..Lips‘ius
2633 5241 2920 5328 autemnde
2948 5261 3047 5303 suo
3085 5265 3424 5321 expunxerat
3461 5241 3601 5328 prae-

2003 5315 2332 5385 positionem
2357 5315 2408 5385 in
2439 5323 2564 5368 ante
2595 5315 2982 5383 plenitudinem.

2076 5384 2141 5455 (Ῑ)
2179 5384 2302 5440 Sola
2326 5384 2491 5458 editio
2515 5385 2636 5458 Par.
2661 5401 2722 5439 ea:
2743 5385 3039 5458 Evangeliis
3063 5406 3082 5445 .°
3106 5401 3215 5449 tum
3239 5407 3450 5453 caetera:
3475 5414 3597 5458 cum

2007 5456 2215 5527 aliquot
2237 5469 2365 5508 mss.
2403 5455 2699 5510 dissolutos.
2892 5455 2909 5458 ⁷
3366 5489 3370 5496 -

2079 5547 2171 5625 .(0)_
2193 5545 2381 5601 Obiter
2407 5547 2849 5625 observarelicet
2883 5557 3196 5625 mysterium
3224 5557 3501 5618 Trinitatis
3529 5564 3599 5621 ab

2006 5615 2612 5698 Hilariosa‘cramentum
2638 5620 2779 5698 fidei
2795 5615 3090 5698 nuncupari
3125 5646 3138 5681 :
3164 5637 3222 5682 ut
3247 5644 3384 5698 quos
3404 5615 3601 5692 de‘ltoe

2004 5689 2263 5766 mysterio
2293 5688 2454 5766 libros
2484 5688 3060 5766 conscripsit,aliis'de
3078 5698 3204 5766 ﬁde,
3235 5688 3361 5756 a'liis
3383 5703 3446 5759 de
3472 5704 3516 5764 Τ
3519 5688 3597 5762 ri;

2007 5759 2164 5815 nitate
2186 5759 2480 5818 inscribere
2504 5775 2630 5818 vere
2657 5759 2890 5823 licuerit.
