4172 6188
349 225 454 286 997

1236 229 1786 321 COMMENTANUS
1825 229 1892 305 1N
1933 215 2366 306 “stramen.
2409 229 2561 302 cap.
2603 221 2746 292 xw.

3534 235 3640 302 908

348 341 632 402 formantis
681 342 734 399 in
771 358 932 404 omne
967 360 1103 417 opus
1147 348 1390 405 utilitatis
1422 349 1674 418 humanae
1709 366 1720 403 :
1754 347 1832 424 (α)
1863 348 1946 404 in-
1973 361 2022 430 Α
2054 346 2136 402 lus
2181 346 2282 413 fuit
2306 363 2320 402 :
2345 354 2398 402 et
2449 347 2603 413 navis
2646 345 2784 413 mari
2823 343 3034 414 medio,
3067 353 3227 412 vento
3280 345 3636 414 adversante,

355 432 587 488 formem
635 436 838 500 scilicet
881 453 1167 510 corporum
1211 451 1520 496 nostrorum
1567 441 1846 494 materiem
1890 441 1942 493 in
1979 427 1984 432 ’

353 528 567 584 diversa
600 514 968 584 membrorum
999 531 1321 600 ministeria,
1352 542 1406 586 et
1427 532 1492 587 ad
1521 531 1698 586 onmia
1727 543 1946 585 aeterna:

349 620 475 674 vitae
498 635 662 690 opera
692 619 960 689 ﬁngentis.
1019 621 1077 676 In
1107 623 1191 678 his
1237 623 1397 693 igitur
1445 623 1946 680 scandalizabantur

350 727 540 767 omnes
586 728 599 764 :
627 720 683 766 et
709 711 848 767 inter
880 721 958 767 tot
985 712 1056 785 (b)
1088 722 1308 785 tamque
1336 715 1617 786 magniﬁca
1647 729 1766 790 quae
1792 729 1946 786 gere-

348 804 478 871 bat,
524 803 771 873 corporis
802 803 919 872 eius
946 805 1400 876 contemplatione
1444 805 1941 860 commovebantur.

349 896 560 966 Quibus
587 897 841 961 Dominus
870 897 1294 954 inhonorabilem
1324 899 1374 955 in
1403 900 1569 970 patria
1599 914 1689 953 sua
1716 898 1946 974 prophe-

352 998 460 1045 tam
509 1005 629 1046 esse
657 990 933 1060 respondit
961 990 1178 1065 (Matth.
1213 1009 1327 1059 xm,
1369 990 1484 1064 57),
1527 992 1647 1066 quia
1681 993 1731 1046 in
1761 991 1946 1048 Judaea

348 1092 493 1139 esset
521 1099 688 1155 usque
717 1083 784 1140 ad
830 1084 1010 1140 crucis
1036 1086 1359 1142 sententiam
1399 1085 1848 1141 contemnendus.
1882 1087 1947 1140 Et

349 1177 472 1248 quia
496 1193 663 1247 penes
685 1179 833 1233 solos
855 1178 1018 1258 738
1047 1178 1232 1234 ﬁdeles
1257 1181 1351 1234 Dei
1377 1179 1547 1236 virtus
1574 1191 1655 1236 est
1674 1223 1688 1248 ,
1724 1188 1944 1256 propter

350 1286 538 1334 eorum
565 1271 1006 1328 incredulitatem
1036 1273 1288 1329 omnibus
1314 1274 1509 1331 divina:
1553 1275 1806 1360 operibus
1835 1275 1946 1342 vir-

349 1365 480 1420 tutis
503 1364 777 1419 abstinuit.

421 1459 477 1512 ’5.
517 1456 908 1528 Evangeliiaeat
944 1469 989 1512 et
1036 1460 1246 1514 interior
1270 1477 1470 1516 sensus.
1505 1492 1575 1501 —
1602 1459 1666 1516 In
1690 1462 1784 1516 illo
1823 1471 1949 1528 teni?

352 1565 477 1621 pore
507 1549 700 1603 audivit
728 1548 960 1605 Herodes
989 1552 1240 1606 tetrarclia
1263 1555 1456 1624 famam
1475 1552 1626 1622 Iesu,
1660 1565 1704 1609 et
1732 1555 1803 1608 ait
1826 1571 1949 1626 pue-

352 1643 424 1695 ris
451 1643 558 1698 suis
586 1683 600 1708 ,
633 1650 687 1705 et
714 1643 919 1714 reliqua
953 1642 1166 1716 (Matth.
1199 1661 1290 1700 xw
1313 1686 1328 1712 ,
1375 1646 1425 1710 1,
1475 1646 1557 1716 ‘2).
1618 1645 1950 1724 Frequenter

2048 431 2644 512 ﬁuctibusijaetabatnr.
2679 441 2746 496 Et
2773 442 2962 512 quarta
2995 443 3169 514 vigilia
3203 443 3462 498 Dominus
3494 442 3643 495 venit

2047 547 2209 604 super
2241 549 2388 590 mare
2415 534 2694 593 ambulans
2725 551 2738 588 :
2769 534 3119 608 videntesque
3149 535 3346 590 turbati
3373 543 3539 601 sunt,
3592 541 3646 598 et

2047 625 2222 679 inanis
2247 626 2392 680 visus
2417 626 2735 696 phantasma
2765 627 3070 695 credentes,
3117 628 3486 690 clamaverunt
3535 641 3645 700 prte

2047 719 2262 784 timore.
2295 717 2499 794 Quibus
2527 735 2649 776 mox
2687 720 2946 782 Dominus
2997 719 3208 782 locutus
3234 731 3317 780 est
3343 763 3358 789 ,
3407 729 3462 776 et
3517 734 3646 776 coo-

2049 799 2252 864 stantes
2275 825 2395 866 esse
2439 809 2622 879 jussit.
2675 811 2741 867 Et
2787 827 2850 867 ex
2896 811 3144 882 plurimis
3178 813 3370 870 Petrus
3421 827 3648 882 respon-

2049 898 2203 967 dens,
2231 901 2519 973 Postulavit
2544 902 2618 956 uti
2645 900 2710 955 ad
2737 901 3018 958 Dominum
3045 919 3209 973 super
3229 918 3391 974 aquas
3413 903 3644 962 veniret.

2048 989 2147 1058 Qui
2181 991 2247 1058 de
2271 992 2514 1054 navicula
2547 992 2907 1062 descendens,
2952 1003 3007 1048 et
3050 1009 3371 1066 progressus
3403 994 3648 1065 aliquan-

2049 1084 2242 1151 tulum,
2281 1093 2443 1139 vento
2475 1085 2842 1152 invalescente
2865 1093 2920 1140 et
2953 1086 3143 1141 timere
3178 1088 3340 1156 coepit
3372 1094 3428 1141 et
3455 1086 3642 1156 mergi.

2049 1178 2222 1244 Quem
2269 1179 2682 1250 apprehendens
2735 1179 3021 1246 Dominus,
3069 1179 3372 1254 obiurgavit
3398 1195 3494 1234 cur
3525 1178 3646 1234 fidei

2051 1269 2279 1336 modica:
2306 1271 2377 1326 sit
2425 1288 2437 1323 ε
2494 1273 2878 1344 ingressuSque
2934 1287 3125 1327 navem
3153 1313 3168 1338 ,
3206 1270 3644 1343 tranquillitatem

2051 1373 2212 1432 venio
2239 1371 2293 1417 et
2318 1365 2451 1424 mari
2477 1364 2790 1434 quiescente
2821 1364 3089 1426 revocavit
3122 1362 3284 1438 (Ibid.
3316 1365 3536 1433 22-52).

2123 1455 2175 1509 6.
2211 1454 2377 1533 Igitur
2425 1455 2538 1522 haec
2598 1465 2653 1520 ut
2701 1457 3242 1522 commemoravimus
3284 1463 3434 1527 gesta
3475 1464 3645 1518 sunt:

2051 1547 2144 1600 sed
2173 1546 2257 1606 his
2286 1548 2537 1614 omnibus
2559 1551 2828 1624 personis,
2853 1549 3154 1615 effectibus,
3180 1551 3379 1618 causis,
3410 1546 3648 1618 numeris

2053 1638 2245 1691 modus
2278 1639 2517 1720 adiacet,
2567 1653 2624 1708 ui
2669 1658 2785 1714 qua:
2837 1653 3156 1714 gesserunt,
3199 1654 3398 1714 praeter
3427 1641 3647 1714 gerendi

352 1737 659 1796 monuimus
685 1777 700 1803 ,
745 1751 960 1792 onmem
993 1737 1325 1808 diligentiam
1370 1737 1784 1809 Evangeliortnn
1842 1739 1946 1802 lec-
1979 1754 2026 1814 Β
2055 1747 2248 1799 manus
2282 1732 2738 1812 instincmmque.
2769 1750 2928 1806 quem
2959 1736 3328 1808 unusquisque
3357 1751 3425 1792 ΘΧ
3455 1747 3647 1801 natura

352 1830 481 1892 tioui
512 1828 757 1885 adhiberi
793 1839 1047 1902 eportcre
1078 1848 1089 1882 :
1125 1831 1244 1906 quia
1271 1832 1320 1886 in
1357 1830 1470 1902 his,
1498 1847 1616 1900 (inte
1648 1839 1798 1901 gesta
1825 1847 1949 1890 nar-

350 1928 581 1989 rantur,
615 1921 840 1976 subesse
877 1923 1150 1978 interioris
1196 1923 1567 1994 intelligentiae
1595 1924 1734 1979 ratio
1783 1940 1944 1998 repe-

350 2012 541 2067 riatur.
578 2012 748 2068 llabet
774 2016 918 2068 enim
962 2017 1202 2068 Omnium
1247 2030 1472 2086 operum
1523 2015 1760 2070 narratio
1791 2031 1948 2071 suum

351 2105 598 2162 ordinem
629 2107 759 2162 :sed
781 2116 1053 2178 gestorum
1087 2106 1366 2162 eﬁcctibus
1409 2122 1588 2162 causae
1616 2107 1950 2176 subiacentis

352 2192 986 2276 speciesprtefurmatnr,
1013 2208 1071 2258 ut
1113 2200 1166 2270 in
1202 2200 1414 2256 Herode
1458 2216 1519 2258 ac
1558 2199 1765 2256 Joanne
1796 2199 1952 2255 intel—

352 2290 553 2362 ligitur.
578 2290 710 2345 Nam
740 2301 792 2346 et
825 2290 1066 2346 llerodes
1097 2292 1347 2364 princeps
1375 2300 1492 2346 erat
1514 2290 1693 2362 pepuli
1717 2333 1732 2362 ,
1763 2298 1820 2346 et
1841 2290 1950 2346 He-

353 2382 635 2438 rodiadem
683 2400 906 2438 uxorem
958 2384 1187 2455 Philippi
1243 2383 1424 2439 fratris
1469 2386 1550 2439 sui
1584 2385 1635 2438 in
1678 2384 1954 2439 matrimo-

351 2476 501 2530 nium
521 2492 676 2530 suum
703 2476 824 2546 jure
852 2477 1134 2548 potestatis
1161 2487 1547 2550 assuinpserat.
1578 2479 1645 2535 Et
1683 2478 1808 2533 huic
1847 2479 1953 2546 ilc-

354 2567 560 2623 rodiadi
589 2577 704 2623 erat
734 2570 839 2624 ﬁlia
873 2586 885 2622 :
917 2585 1038 2640 qum
1072 2572 1234 2625 natali
1269 2571 1356 2627 die
1380 2612 1394 2638 ,
1442 2587 1563 2628 cum
1612 2571 1817 2626 saltans
1845 2573 1956 2644 pla-

353 2670 534 2726 ceret,
569 2670 894 2732 potestatem
937 2664 1093 2733 cujus
1122 2663 1285 2718 vellet
1325 2664 1568 2736 praemii,
1612 2674 1954 2720 sacramento

349 2751 581 2832 iurantis
612 2756 854 2825 accepit:
888 2764 941 2810 et
965 2754 1192 2811 Joannis
1235 2766 1397 2828 caput
1426 2756 1497 2830 (c)
1529 2758 1581 2812 in
1612 2773 1829 2813 carcere
1862 2759 1953 2826 diu

356 2846 558 2911 habiti,
607 2848 779 2926 puella
828 2857 997 2904 matre
1048 2850 1371 2907 admonente
1419 2851 1570 2906 disco
1611 2852 1713 2908 sibi
1770 2852 1954 2920 inferri

357 2951 572 3008 precata
600 2952 702 2994 est.
739 2942 804 2995 Et
833 2941 1076 2997 Herodes
1105 2984 1118 3009 ,
1171 2943 1335 2998 tristis
1393 2942 1554 3011 licet,
1618 2955 1956 3000 sacramento

369 3031 527 3086 fidem
561 3032 824 3100 reddidit,
850 3042 903 3088 et
949 3035 1104 3088 matri
1148 3034 1324 3104 puella
1357 3019 1550 3089 munus
1578 3035 1822 3089 exhibuit
1852 3053 1865 3090 :
1903 3045 1959 3107 et

2053 1837 2146 1875 sua
2177 1823 2441 1898 sumpsit,
2474 1823 2817 1878 extrinsecus
2849 1827 3030 1883 omnia
3060 1825 3332 1894 gesserint
3376 1826 3427 1891 in
3468 1839 3651 1890 exem-

2055 1913 2200 1994 plum
2237 1931 2249 1966 :
2283 1913 2385 1970 hoc
2413 1915 2577 1994 739
2604 1914 2808 1985 majore
2840 1915 2910 1970 ita
2942 1915 3197 1986 epinandi
3230 1918 3530 1984 reverentia
3558 1957 3573 1984 ,
3605 1917 3651 1978 si

2057 2019 2166 2063 tam
2194 2008 2528 2064 diversarum
2559 2025 2842 2066 causarum
2867 2009 3212 2078 efficieniiam
3240 2025 3342 2066 una
3374 2021 3535 2080 atque
3562 2024 3654 2074 ea-

2055 2101 2177 2170 dem
2218 2100 2573 2180 intelligentia
2605 2111 2989 2182 consequatur.
3036 2101 3228 2170 Sermo
3254 2102 3410 2172 igitur
3449 2101 3513 2156 ad
3543 2101 3652 2155 ori-

2055 2193 2232 2264 ginem
2260 2193 2642 2266 propositionis
2664 2193 2983 2260 referendus
3006 2205 3108 2260 est.

2059 2269 2062 2273 I
2131 2287 2184 2341 7.
2217 2283 2464 2354 Joannes,
2512 2286 2613 2344 lex.
2648 2286 2880 2357 Herodes
2910 2297 2956 2341 et
2985 2292 3165 2359 frater,
3195 2287 3372 2352 Judaei
3393 2297 3436 2342 et
3459 2295 3651 2360 gentes.

2059 2377 2300 2442 Gentium
2325 2396 2456 2436 uxor
2480 2420 2495 2446 ,
2533 2382 2835 2450 inﬁdelitas.
2870 2380 3047 2452 Filia,
3077 2382 3333 2454 voluptas.
3381 2411 3450 2420 —
3492 2380 3656 2452 Joan-

2061 2489 2196 2544 nes,
2234 2485 2290 2534 ut
2321 2475 2632 2547 frequenter
2681 2476 3100 2550 admonuimus,
3150 2476 3376 2540 formam
3424 2474 3658 2545 praetulit

2060 2565 2194 2644 legis
2226 2568 2385 2638 :quia
2431 2569 2516 2623 lex
2560 2565 2835 2630 Christum
2893 2566 3201 2641 praedicavit
3229 2608 3242 2634 ,
3308 2575 3363 2624 et
3421 2565 3658 2634 Joannes

2062 2660 2336 2731 profectus
2360 2677 2424 2716 ex
2458 2663 2574 2734 lege
2601 2670 2704 2725 est,
2731 2661 3000 2716 Christum
3024 2676 3089 2726 ex
3121 2660 3236 2732 lege
3260 2660 3653 2729 praenominis.

2062 2752 2309 2808 Herodes
2349 2769 2478 2822 vero
2512 2754 2760 2826 princeps
2808 2760 2892 2808 est
2921 2752 3101 2824 populi
3135 2770 3148 2818 _:
3182 2763 3236 2808 et
3279 2752 3461 2825 populi
3506 2752 3656 2823 prin.-

2062 2862 2214 2926 ceps,
2264 2847 2519 2918 subiectae
2565 2847 2665 2917 sibi
2703 2847 3070 2909 univcrsitatis
3103 2861 3297 2908 nomen
3329 2859 3659 2915 causamque

2063 2938 2465 3009 complectitur.
2507 2938 2742 3008 Joannes
2790 2953 2918 3010 ergo
2970 2937 3241 3007 Herodem
3272 2937 3555 3006 monebat,
3592 2952 3660 2992 ne

2062 3030 2246 3098 fratris
2276 3030 2360 3086 sui
2393 3046 2614 3102 uxorem
2645 3031 2746 3085 sibi
2768 3031 3021 3106 iungeret
3051 3029 3214 3100 (Ibid.
3248 3029 3327 3103 4).
3357 3030 3493 3093 Sunt
3516 3029 3659 3096 enim

357 3124 572 3193 sepulto
610 3139 677 3179 eo
706 3124 952 3196 discipuli
994 3125 1110 3197 ejus
1153 3111 1228 3180 ad
1285 3126 1574 3192 Dominum
1626 3128 1956 3184 transierunt
1983 3139 2028 3208 ς
2065 3134 2226 3200 atque
2256 3134 2410 3196 erant
2439 3123 2545 3192 duo
2575 3124 2753 3194 populi
2777 3166 2791 3190 ,
2836 3123 3267 3188 circumcisionis
3306 3133 3361 3179 et
3397 3125 3657 3195 gentium.

361 3215 524 3288 (Ibid.
554 3215 733 3290 6-H).

431 3311 830 3382 4.Atiditisque
879 3312 960 3366 his
991 3312 1244 3378 Dominus
1294 3313 1343 3366 in
1391 3312 1692 3370 naviculam
1740 3314 1790 3368 in
1841 3313 1957 3386 loca

360 3403 576 3472 deserta
617 3405 879 3471 secessit,
911 3414 966 3477 et
995 3406 1332 3476 sequentium
1381 3421 1440 3474 se
1487 3407 1762 3462 turbarum
1796 3424 1960 3463 vexa-

363 3495 562 3550 tionem
609 3494 862 3552 misertus
912 3505 1032 3561 est,
1066 3506 1119 3551 et
1143 3496 1339 3551 dimitti
1387 3512 1478 3560 eas
1529 3496 1583 3551 in
1626 3499 1845 3556 castella
1892 3498 1960 3566 ad

363 3586 692 3642 coemendos
733 3588 882 3642 cibos
936 3589 1175 3658 Apostoli
1210 3587 1524 3644 admonent.
1575 3590 1637 3644 Et
1701 3591 1962 3646 Dominus

363 3680 689 3752 respondet,
719 3682 1092 3742 necessitatem
1125 3699 1191 3738 eo
1214 3681 1522 3738 revertendi
1556 3683 1698 3752 ipsas
1729 3697 1834 3748 non
1869 3685 1962 3736 lia-

363 3775 518 3842 bere,
548 3775 767 3846 darique
794 3775 875 3829 his
905 3775 1086 3830 cibum
1135 3777 1398 3848 praecipit.
1432 3773 1502 3828 Et
1527 3774 1673 3828 solos
1700 3789 1760 3830 se
1806 3774 1962 3844 quin:

366 3880 472 3936 que
500 3880 667 3938 panes
713 3875 764 3920 et
807 3865 943 3920 duos
972 3866 1146 3935 pisces
1177 3865 1374 3920 habere
1401 3873 1710 3934 causentur.
1762 3865 1829 3920 Et
1877 3864 1961 3919 of—

366 3956 496 4012 ferri
521 3958 623 4013 sibi
660 3973 753 4012 eos
777 3941 967 4034 jussit,
999 3958 1321 4026 turbamque
1359 3956 1460 4012 sub
1488 3964 1657 4020 strato
1688 3955 1831 4011 foeno
1873 3972 1964 4011 ac-

365 4048 643 4104 cumbere.
679 4049 743 4102 Et
769 4048 946 4102 oblata
971 4048 1268 4114 benedixit,
1301 4055 1356 4104 et
1385 4047 1555 4103 turbae
1584 4047 1957 4104 manducanda

369 4142 686 4212 cpnmiinuit
706 4184 720 4208 ,
744 4151 797 4196 et
827 4141 972 4196 dedit
1004 4140 1282 4212 discipulis
1310 4150 1366 4194 ut
1398 4140 1656 4196 oﬁ‘errent
1685 4157 1697 4192 :
1729 4151 1784 4195 et
1808 4149 1958 4194 satu-

369 4238 500 4292 ratis
545 4237 796 4308 omnibus
844 4236 1219 4306 supplementa
1275 4233 1627 4314 cephinorum
1675 4231 1964 4306 duodecim

370 4331 775 4403 superfuerunt,
804 4345 926 4384 cum
952 4315 1128 4384 tamen
1151 4336 1301 4384 extra
1327 4328 1607 4392 mulierum
1640 4343 1965 4396 puerorum—

372 4439 476 4496 que
518 4438 839 4502 numerum,
874 4421 1108 4492 quinque
1156 4419 1323 4474 millia
1367 4418 1601 4488 virorum
1636 4419 1852 4488 expleta
1880 4432 1968 4471 es-

374 4523 499 4570 sent
527 4513 690 4584 (Ibid.
725 4512 936 4582 13-21).

447 4607 502 4661 5.
539 4583 618 4661 Et
644 4604 938 4674 discipulos
968 4603 1274 4666 naviculam
1300 4601 1665 4664 conscendere
1694 4644 1708 4670 ,
1737 4611 1790 4668 et
1819 4583 1966 4660 trans

374 4698 573 4754 fretum
626 4696 930 4767 praecedere
968 4696 1150 4767 jubet,
1181 4697 1510 4766 dimissaque
1552 4697 1666 4766 ipse
1715 4696 1866 4754 turba
1912 4696 1968 4752 in

377 4802 613 4847 montem
667 4805 824 4846 orare
863 4789 1008 4846 solus
1051 4788 1294 4844 ascendit
1324 4807 1337 4844 :
1368 4789 1617 4864 factoque
1639 4804 1862 4860 vespere
1888 4803 1976 4845 so-

291 5011 300 5020 '
379 5007 547 5064 tioch.
571 5010 622 5064 in
654 5009 837 5065 Matth.
869 5011 1069 5066 docens
1091 5011 1155 5070 iis
1197 5011 1517 5079 evangelicis
1543 5011 1720 5079 verbis
1751 5011 1972 5074 indicari

383 5027 547 5064 tiucn.
571 5027 622 5064 in
654 5027 837 5065 mann.
869 5027 1069 5066 docens
1091 5027 1155 5070 iis
1197 5027 1329 5065 evan
1367 5027 1517 5075 elicis
1543 5027 1720 5079 verbis
1751 5027 1968 5074 indicari

383 5082 550 5155 Deum
587 5083 986 5155 pati-currigidn
1034 5081 1274 5155 mentium
1320 5027 1549 5155 gpiritus
1580 5082 1694 5155 igne
1739 5083 1968 5155 mollire.

289 5206 302 5218 ,
378 5149 660 5206 Consumit
694 5161 746 5206 et
787 5149 1100 5220 Ambrosius
1133 5153 1183 5206 iii
1214 5151 1342 5219 Luc.
1368 5149 1413 5205 il.
1451 5168 1539 5220 in,
1573 5149 1624 5205 n'.
1652 5153 1686 5204 ‘2
1709 5193 1724 5219 ,
1764 5154 1850 5208 ubi
1894 5155 1966 5208 al-

382 5219 487 5275 lata
514 5215 798 5292 Theophili
845 5225 1004 5284 verba
1045 5217 1423 5292 exscribitaln
1458 5215 1719 5277 eamdem'
1753 5233 1975 5279 senten-

383 5292 511 5366 tiain
549 5287 818 5366 ahit'Beda
862 5294 913 5366 in
939 5293 1098 5366 Marc.
1135 5310 1184 5348 c.
1212 5309 1286 5366 vi.
1329 5291 1470 5362 Nihil
1514 5296 1692 5364 itaque
1721 5292 1839 5360 fuit,
1881 5310 1977 5366 cur

381 5362 655 5417 Scultetus
693 5364 828 5418 hanc
869 5364 1050 5418 Hilarii
1081 5363 1390 5433 opinionem
1436 5374 1491 5417 ut
1523 5362 1731 5424 merum
1764 5362 1978 5428 notaret

385 5434 528 5517 unde
557 5435 702 5517 nullo
730 5436 888 5517 modo
914 5437 1157 5516 excusari
1178 5435 1383 5517 possit.
1420 5433 1678 5502 Quamvis
1711 5437 1860 5517 enim
1883 5435 1973 5517 alii

383 5502 584 5575 Joseph
613 5507 819 5559 fabrum
853 5504 1134 5575 lignarium
1161 5502 1415 5568 dixerint,
1449 5521 1602 5574 aeque
1627 5516 1803 5566 tamen
1832 5506 1978 5572 licuit

388 5571 673 5647 ferrarium
733 5571 953 5647 dicere,
1009 5586 1258 5647 neutrum
1305 5571 1595 5647 Evangc'lio
1660 5576 1973 5647 deiinientc.

384 5645 499 5701 lmo
547 5660 725 5730 neque
758 5635 1036 5736 Aliillari‘us‘
1069 5645 1376 5736 lignari'umj
1418 5635 1605 5736 pagg.
1665 5635 1980 5736 Utrumque

379 5689 520 5776 iié'r'o
546 5689 725 5794 ἦιῗέὦῖ
748 5689 1227 5794 stratisve:
1243 5689 1980 5798 Elidaié?i7¥iuiii"v”ilii’€a

2066 3220 2172 3282 Sed
2204 3219 2454 3286 Ismelem
2487 3219 2571 3282 '93
2611 3218 2935 3280 ad'mmebat
2958 3263 2972 3287 ,
3009 3235 3076 3273 ne
3103 3234 3266 3292 opera
3297 3219 3539 3290 gentium
3582 3219 3662 3280 in.

2069 3312 2487 3380 ﬁdelitatemque
2516 3309 2619 3366 sibi
2645 3309 2916 3381 iungeret.
2951 3309 3204 3378 Gentium
3235 3313 3380 3367 enim
3409 3313 3554 3380 socia
3584 3313 3665 3375 in:-

2066 3401 2295 3466 ﬁdelitas
2341 3409 2456 3468 est,
2490 3417 2610 3473 quae
2638 3402 2768 3474 ipsis
2801 3413 3072 3472 tamquam
3105 3404 3318 3468 vinculo
3360 3404 3663 3478 coniugalis

2067 3493 2268 3547 amoris
2297 3508 2507 3548 annexa
2551 3500 2653 3548 est.
2710 3493 2772 3547 lli
2820 3493 2980 3568 igitur
3024 3492 3220 3556 fratres
3253 3511 3315 3562 ex
3345 3496 3536 3561 eodem
3567 3499 3665 3552 hu-

2068 3587 2213 3640 mani
2244 3586 2461 3655 generis
2502 3594 2627 3642 sunt
2670 3595 2913 3654 parente.
2943 3586 3023 3640 0b
3051 3585 3190 3650 hanc
3233 3587 3413 3657 itaque
3456 3604 3665 3659 asperae

2067 3677 2452 3746 admonitionis
2500 3678 2819 3742 veritatem,
2867 3676 3105 3744 Joannes
3160 3689 3427 3756 iamguam
3471 3680 3558 3752 ip;
3609 3682 3663 3748 in

2068 3785 2289 3825 carcere
2318 3770 2712 3824 continebatur.
2746 3771 2843 3826 Die
2872 3781 3050 3838 autem
3080 3773 3307 3841 natalis,
3339 3773 3390 3830 id
3426 3782 3510 3845 est
3532 3815 3546 3844 ,
3580 3790 3667 3834 re.-

2071 3881 2188 3930 rum
2238 3864 2600 3936 corporalium
2632 3864 2842 3936 gaudiis
2867 3907 2880 3931 ,
2914 3865 3236 3934 Herodiadis
3285 3867 3398 3940 ﬁlia
3446 3868 3669 3938 saltavit

2075 3955 2238 4027 (Ibid.
2287 3954 2344 4026 6)
2381 3973 2392 4009 :
2429 3955 2674 4025 voluptas
2719 3955 2862 4022 enim
2916 3966 3185 4030 tamquam
3239 3975 3306 4016 ex
3356 3961 3670 4030 inﬁdelitate

2071 4060 2210 4114 orta,
2248 4062 2343 4117 per
2387 4049 2564 4112 omnia
2615 4045 2829 4104 Israelis
2858 4050 3052 4124 gaudia
3097 4051 3220 4105 totis
3249 4053 3519 4114 illecebrae
3557 4071 3669 4122 suae

2071 4139 2320 4194 cursibus
2342 4137 2684 4198 efferebatur.
2709 4139 2806 4195 Cui
2829 4157 2887 4196 se
2910 4157 3124 4208 omnem
3144 4140 3304 4204 etiam
3330 4160 3670 4216 sacramento

2074 4231 2319 4286 venalem
2366 4231 2600 4308 populus
2629 4231 2832 4288 addixit
2864 4251 2876 4287 :
2907 4235 3006 4304 sub
3051 4238 3283 4308 peccatis
3310 4239 3456 4308 enim
3483 4250 3538 4296 et
3566 4257 3671 4296 sa:-

2074 4327 2181 4381 cnli
2225 4327 2634 4399 voluptatibus,
2703 4327 2962 4394 Israelita:
3012 4333 3134 4388 vitae
3181 4342 3397 4402 teternce
3448 4351 3671 4406 munera

2074 4419 2454 4488 vendiderunt.
2511 4417 2636 4474 llaec
2678 4421 2864 4488 matris
2909 4436 3021 4486 sum.
3049 4464 3062 4492 ,
3091 4425 3143 4480 id
3174 4435 3292 4493 est,
3340 4427 3674 4492 inﬁdelitatis

1993 4517 2048 4576 1)
2077 4510 2332 4564 instinctu
2361 4551 2374 4574 ,
2407 4508 2608 4564 deferri
2663 4511 2764 4565 sibi
2809 4510 3032 4568 Joannis
3062 4525 3221 4585 caput
3247 4557 3261 4582 ,
3311 4517 3359 4571 id
3394 4528 3507 4586 est,
3556 4521 3673 4590 glo-

2077 4602 2210 4657 riam
2238 4603 2369 4673 legis
2402 4602 2578 4658 oravit
2601 4603 2760 4671 (Ibid.
2791 4604 2846 4674 8)
2887 4621 2899 4659 :
2937 4606 3058 4674 quia
3089 4607 3171 4666 lex
3205 4610 3566 4667 incestuosum
3599 4613 3675 4668 ls—

2077 4695 2278 4750 raclem
2323 4695 2647 4750 auctoritate
2695 4695 3000 4751 divinorum
3046 4709 3438 4782 praeceptorum
3484 4719 3675 4776 argue-

2077 4788 2188 4844 bat.

2079 5018 2262 5103 opinio
2288 5020 2514 5103 _._losepli
2544 5031 2716 5103 artem
2763 5023 3050 5103 [ignaviam
3074 5031 3415 5103 exercuisse,
3449 5033 3521 5090 ita
3569 5035 3676 5092 alte

2079 5088 2298 5174 Selllfejj
2351 5088 2532 5174 {mimo
2575 5088 3312 5174 inhaeseranntfacilegsihi
3349 5088 3680 5174 per—suaserit

2079 5161 2222 5247 quod
2251 5163 2524 5247 Scriptura
2567 5166 2804 5236 lignariw
2831 5161 3136 5228 mentionem
3177 5161 3366 5241 faciat;
3395 5161 3678 5247 eiqueﬂ'i;

2082 5229 2249 5296 larius
2273 5229 2611 5298 adversetur.

2158 5299 2233 5385 (ᾳ)
2268 5304 2431 5370 BatI.,
2470 5307 2596 5370 Er.,
2633 5306 2778 5377 Lips.
2811 5316 2867 5364 et
2907 5323 3002 5385 se;
3053 5327 3185 5374 mss.
3223 5316 3444 5385 formam
3489 5317 3678 5376 scilicet

2088 5383 2380 5448 nostrarum
2412 5393 2687 5448 corporum
2712 5389 2758 5433 et
2787 5381 3066 5438 materiem.

2159 5443 2232 5525 (bi
2261 5443 2600 5525 §iiieeridres
2628 5464 2756 5504 mss.
2789 5460 3030 5525 tantaque
3055 5457 3354 5525 magniﬁca:

2160 5515 2230 5594 (ς)
2261 5515 2317 5594 in
2347 5518 2554 5589 aliquot
2577 5534 2706 5594 mss.
2737 5522 2902 5590 quiin
2928 5515 3244 5585 ém'cerevdw"
3267 5529 3532 5594 (militauit.
3566 5530 3678 5590 Hoc

2087 5585 2371 5722 Roltligﬁailta
2420 5585 2890 5649 vertendum—erat
2931 5598 3060 5666 :qui
3107 5597 3158 5659 in
3195 5585 3422 5658 arma
3443 5585 3556 5670 iam
3576 5585 3679 5659 diu

2135 5674 2142 5684 ·
2333 5674 2416 5714 ur.

2135 5674 2416 5714 aueuatur.
