4172 6188
525 251 633 310 999

1701 245 1944 305 SANCTI
1982 244 2244 304 IIILARII
2291 247 2601 307 EPISCOPI

3694 249 3838 309 I000

607 365 662 422 8.
692 364 801 421 Lex
831 364 1135 435 inﬁdelitate
1155 377 1216 418 ac
1236 362 1493 434 voluptate
1522 361 1817 418 interiit.—~
1846 363 1950 418 Sed
1975 377 2137 433 supe-
2168 365 2214 426 A
2237 364 2495 438 jubetque
2543 367 2806 437 apostolis
2844 376 2898 424 ut
2946 368 3028 424 eis
3078 381 3258 424 escam
3303 367 3514 426 darent.
3560 368 3838 440 Numquid

535 458 649 512 rius
675 456 914 511 Herodes
944 455 1272 525 signiﬁcatus
1295 462 1379 510 cst
1403 453 1664 508 Joannem
1693 453 1834 510 velle
1861 453 2129 518 occidere,

532 558 589 605 et
618 558 758 604 metu
792 548 978 618 populi
1011 547 1281 604 demorari
1308 589 1322 614 ,
1355 547 1481 620 quia
1507 549 1646 603 sicut
1674 546 1936 618 propheta
1963 546 2131 600 liabe-

533 641 691 698 balur
722 639 936 712 (Matth.
972 656 1082 707 xiv,
1117 639 1195 712 5).
1225 639 1376 696 Nunc
1401 654 1529 696 vero
1551 641 1715 710 petita
1747 640 1914 710 ipsius
1958 652 2089 694 nece
2113 678 2127 702 ,

537 750 660 792 cum
714 734 1013 806 praesertim
1070 734 1330 805 religione
1379 732 1706 788 sacramenti
1765 732 2131 795 detineretur,

538 825 814 896 quomodo
841 825 1013 881 tristis
1035 824 1268 880 cllicitur
1298 822 1461 894 (Ibid.
1493 823 1586 894 9)?
1613 822 1959 878 Contrarium
1985 821 2135 875 vide-

535 919 662 976 licet
683 928 766 975 cst
789 959 804 985 ,
837 928 962 974 tunc
991 933 1112 974 eum
1140 918 1398 984 voluisse,
1422 932 1566 972 nunc
1596 917 1740 971 nolle
1769 934 1784 971 :
1813 925 1867 971 et
1897 929 2134 986 praesens

536 1013 788 1070 molestia
818 1007 1074 1069 anteriori
1107 1029 1214 1067 non
1245 1011 1499 1068 convenit
1530 1009 1814 1066 voluntati.
1849 1008 2046 1065 Verum
2079 1008 2133 1060 in

535 1107 906 1178 superioribus
933 1116 1100 1178 gestzc
1148 1107 1223 1163 rei
1252 1106 1386 1162 ordo
1409 1115 1527 1172 est,
1558 1107 1612 1161 in
1656 1105 1738 1160 liis
1779 1112 1958 1159 autem
1991 1116 2136 1157 nunc

539 1203 750 1269 species
776 1213 956 1255 causae
983 1198 1368 1266 consequentis
1390 1199 1699 1268 exponitur.
1729 1196 1967 1253 Gloriam
2001 1195 2136 1266 legis

537 1293 792 1364 voluptas
819 1307 884 1348 ex
919 1292 1238 1348 inﬁdelitate
1268 1302 1385 1347 orta
1415 1291 1720 1361 occupavit.
1765 1289 1870 1346 Sed
1908 1289 2137 1358 populus

541 1384 668 1441 boni
696 1385 812 1456 ejus
843 1384 989 1455 quod
1033 1385 1086 1439 in
1117 1385 1233 1456 lege
1269 1394 1386 1439 erat
1415 1383 1688 1448 conscius,
1734 1380 1811 1452 (a)
1847 1379 2138 1450 voluptatis

541 1479 942 1535 conditionibus
972 1494 1077 1533 non
1114 1479 1232 1534 sine
1255 1477 1436 1548 aliquo
1465 1477 1599 1532 certi
1649 1475 1873 1546 periculi
1915 1474 1997 1528 sui
2041 1471 2140 1527 do-

542 1571 660 1628 lore
693 1570 769 1644 (ὁ)
796 1572 1066 1627 connivet.
1118 1571 1339 1640 Scitquc
1375 1584 1436 1625 se
1486 1568 1558 1640 (c)
1612 1567 1702 1622 tali
1744 1573 2138 1638 praeceptorum

541 1664 714 1735 gloria
745 1679 851 1718 non
889 1665 1196 1734 oportuisse
1224 1660 1528 1718 concedere
1568 1679 1580 1714 :
1610 1659 1706 1716 sed
1738 1659 1971 1730 peccatis
2005 1668 2141 1711 tam-

2235 458 2550 529 ignorabat,
2573 475 2678 516 non
2709 475 2830 516 esse
2853 461 2996 532 quod
3017 461 3134 517 dari
3156 471 3372 532 posset;
3397 471 3452 518 et
3475 461 3836 516 humanarum

2233 553 2494 608 mentium
2524 554 2735 610 interna
2757 556 3130 626 conspiciens,
3157 555 3379 611 modum
3408 557 3632 627 repositi
3664 568 3841 626 penes

2234 646 2511 716 apostolos
2537 647 2644 703 cibi
2673 649 2987 706 nesciebat?
3017 647 3124 706 Sed
3152 657 3270 706 erat
3286 649 3462 706 omnis
3488 653 3664 721 ty‘pica
3697 651 3841 704 ratio

2235 739 2578 809 explicanda.
2603 741 2849 798 Nondum
2875 743 3019 798 enim
3041 757 3366 798 concessum
3398 741 3663 812 apostolis
3694 750 3839 809 erat,

2235 829 2300 885 ad
2324 832 2447 887 vitae
2469 842 2684 889 aeternae
2703 835 2882 891 cibum
2905 876 2920 900 ,
2953 835 3235 892 caelestem
3264 849 3459 905 panem
3481 835 3745 904 perﬁcere
3771 848 3842 888 ac

2238 924 2568 981 ministrare.
2603 926 2842 994 Quorum
2882 927 3169 997 responsio
3216 928 3283 983 ad
3330 925 3592 997 spiritalis
3634 924 3843 981 intelli-

2237 1016 2430 1084 gentiae
2458 1015 2704 1072 ordinem
2729 1017 2918 1073 tendit.
2951 1016 3110 1074 Solos
3134 1017 3275 1073 enim
3317 1033 3376 1074 se
3405 1018 3641 1088 quinque
3667 1031 3844 1087 panes

2237 1115 2291 1160 et
2321 1105 2456 1160 duos
2481 1106 2657 1177 pisces
2692 1109 3090 1178 responderunt
3122 1110 3322 1166 habere
3349 1109 3514 1183 (Ibid.
3551 1108 3638 1180 17)
3665 1127 3680 1164 ;
3711 1110 3844 1178 quia

2237 1197 2415 1254 adhuc
2438 1199 2539 1253 sub
2567 1200 2803 1271 quinque
2836 1203 3083 1272 panibus,
3115 1203 3207 1273 (ε),
3240 1202 3292 1258 id
3321 1213 3402 1257 cst
3423 1245 3438 1267 ,
3491 1202 3728 1273 quinque
3774 1202 3845 1256 li-

2238 1290 2350 1346 bris
2382 1292 2514 1362 legis
2534 1294 2972 1360 contincbantur,
3001 1305 3053 1349 ct
3079 1295 3306 1366 piscium
3336 1295 3564 1348 duorum
3586 1334 3601 1357 ,
3631 1293 3681 1348 id
3712 1303 3800 1348 est
3823 1335 3841 1359 ,

2241 1383 2624 1454 prophetarum
2661 1394 2715 1440 et
2755 1386 2980 1442 Joannis
3027 1386 3498 1457 prmdicationibus
3526 1385 3841 1441 alebantur.

2241 1475 2298 1530 In
2325 1477 2578 1547 operibus
2599 1478 2741 1532 enim
2761 1479 2894 1549 legis
2915 1521 2928 1544 ,
2955 1489 3227 1550 tamquam
3252 1493 3316 1535 ex
3342 1494 3480 1549 pane
3519 1486 3638 1534 erat
3678 1479 3786 1532 vita
3826 1495 3841 1530 :

2242 1571 2554 1639 praedicatio
2574 1585 2753 1628 autem
2784 1572 3007 1628 Joannis
3055 1583 3111 1628 ct
3165 1575 3581 1644 pr0pbctarum,
3611 1573 3666 1627 in
3721 1571 3843 1626 vir-

2242 1669 2355 1717 tute
2384 1677 2577 1733 aquae,
2609 1663 2734 1719 vita:
2787 1665 3040 1720 humanae
3092 1681 3245 1735 spem
3303 1663 3652 1721 confovebat.
3709 1664 3848 1719 Ilmc

543 1770 705 1824 quam
735 1764 1081 1811 sacramento
1105 1767 1348 1818 coactus,
1373 1763 1427 1808 et
1453 1753 1754 1823 principum
1779 1749 2138 1821 adjacentium
2167 1755 2218 1816 B
2245 1751 2406 1824 igitur
2430 1755 2658 1824 primum
2683 1798 2696 1821 ,
2723 1757 2846 1826 quia
2868 1758 2919 1812 in
2949 1757 3032 1812 his
3053 1757 3230 1812 adhuc
3253 1766 3409 1813 erant
3433 1799 3448 1824 ,
3479 1757 3714 1827 apostoli
3743 1757 3850 1813 ob-

546 1855 694 1904 metu
748 1857 912 1918 atque
965 1839 1583 1919 exemplo°depravatus
1613 1856 1666 1902 et
1695 1845 1868 1900 victus
1893 1885 1908 1910 ,
1963 1843 2144 1898 illece-

540 1938 654 1995 bris
682 1939 977 2010 voluptatis
1016 1942 1179 1996 etiam
1207 1947 1434 1994 maestus
1473 1937 1830 2008 obtemperat.
1864 1935 2032 2006 Igitur
2059 1935 2141 1989 in-

547 2039 629 2087 ter
655 2031 860 2102 reliqua
894 2031 1141 2087 dissoluti
1168 2031 1350 2103 populi
1378 2030 1595 2101 gaudia,
1635 2031 1688 2084 in
1711 2029 1865 2085 disco
1917 2029 2143 2084 Joannis

545 2134 710 2195 caput
756 2125 980 2180 aliertur
1009 2122 1172 2196 (Ibid.
1207 2123 1298 2194 ll)
1340 2140 1355 2187 ;
1388 2123 1590 2178 damno
1631 2122 1840 2178 scilicet
1888 2121 2022 2192 legis
2050 2134 2145 2176 vo-

545 2215 725 2287 luptas
747 2231 1035 2286 corporum
1077 2225 1132 2271 et
1161 2215 1441 2270 stecularis
1480 2215 1636 2269 luxus
1681 2223 1908 2284 augetur
1939 2229 1953 2264 :
1986 2220 2040 2267 et
2070 2214 2142 2266 ita

547 2323 646 2379 per
684 2308 916 2379 puellam
965 2308 1034 2363 ad
1075 2317 1304 2363 matrem
1335 2306 1597 2362 defertur.
1629 2308 1710 2361 Ac
1739 2305 1818 2360 sic
1849 2305 2145 2374 probrosus

549 2397 714 2454 Israel
747 2409 801 2454 et
827 2399 1090 2468 voluptati
1119 2407 1174 2454 et
1203 2396 1507 2454 inlldelitati
1534 2412 1646 2451 sua:
1677 2396 1914 2464 familiae,
1940 2394 2146 2450 scilicet

545 2502 700 2548 antea
732 2492 972 2563 gentium
994 2532 1008 2558 ,
1039 2490 1268 2562 gloriam
1304 2492 1437 2561 legis
1479 2490 1705 2545 addixit.
1737 2487 1934 2544 Finitis
1979 2488 2145 2558 igitur

545 2582 681 2654 legis
707 2583 1072 2653 temporibus,
1101 2591 1155 2638 et
1197 2597 1320 2638 cum
1365 2581 1572 2638 Joanne
1600 2581 1952 2650 consepultis,
1982 2579 2145 2634 disci-

545 2676 658 2748 puli
688 2676 807 2747 ejus
839 2690 926 2731 res
955 2677 1031 2730 ita
1059 2658 1237 2746 gestas
1269 2674 1498 2730 Domino
1530 2673 1813 2738 nuntiant,
1850 2672 1918 2727 ad
1961 2671 2143 2726 Evan-

545 2770 685 2842 gelia
717 2770 922 2826 scilicet
941 2787 1008 2826 ex
1030 2769 1151 2841 lege
1179 2770 1461 2826 venientes
1489 2768 1654 2838 (Ibid.
1686 2767 1802 2840 12).

615 2865 668 2922 9.
704 2865 876 2938 740
902 2865 1055 2935 Legis
1093 2866 1234 2936 ﬁnis,
1270 2865 1514 2921 Ecclesia:
1542 2865 1766 2920 initium.
1791 2893 1860 2904 —
1885 2862 2029 2934 Ergo
2048 2861 2142 2918 Dei

521 3016 530 3021 _
547 2955 783 3012 Verbum
799 2957 916 3028 lege
932 2958 1078 3013 ﬁnita
1093 2972 1281 3014 navem
1296 2956 1670 3013 conscendens
1685 2955 1987 3011 Ecclesiam
2010 2953 2142 3020 adit,

544 3059 601 3108 et
623 3050 676 3106 in
699 3051 972 3108 desertum
997 3051 1247 3108 concedit
1282 3051 1447 3125 (Ibid.
1508 3050 1600 3123 15)
1649 3067 1662 3104 :
1708 3048 1898 3105 relicta
1947 3049 2145 3119 quippe

2247 1849 2483 1904 tulerunt
2514 1848 2664 1904 :sed
2715 1863 2782 1905 cx
2827 1848 2912 1906 liis
2963 1849 3365 1921 evangeliorum
3413 1849 3724 1920 prtedicatio
3771 1849 3849 1919 (ί)

2247 1940 2486 2012 profecta
2518 1949 2872 2010 monstratur,
2922 1952 2977 1998 et
3026 1941 3109 1996 bis
3157 1941 3455 2012 originibus
3505 1940 3738 1996 deducta
3784 1940 3849 1995 in

2245 2032 2744 2107 majoremyirtutis
2772 2048 2886 2088 sua:
2915 2031 3300 2087 abundantiam
3330 2033 3550 2088 crescit.

2319 2127 2407 2182 Η.
2431 2126 2664 2182 Christus
2689 2129 2742 2182 in
2784 2127 2953 2181 cibum
2997 2144 3192 2181 uersus.
3222 2123 3328 2181 Cur
3376 2125 3562 2181 dentur
3593 2125 3850 2195 apostolis

2249 2238 2425 2292 panes,
2471 2221 2507 2290 ᾗ
2534 2261 2546 2275 .
2564 2221 2658 2275 20.
2678 2219 2782 2275 Cur
2802 2223 3025 2292 quinque
3048 2221 3211 2274 millia
3234 2220 3354 2274 inde
3377 2228 3671 2274 saturentur
3700 2235 3719 2273 :
3751 2235 3851 2273 cur

2244 2313 2514 2368 duodecim
2537 2314 2744 2384 cap/riui
2772 2323 3104 2369 reserventur.
3133 2343 3205 2354 -
3233 2312 3483 2383 Acceptis
3529 2313 3692 2383 igitur
3753 2327 3852 2382 pa-

2247 2407 2403 2462 nibus
2416 2415 2578 2477 atque
2593 2405 2852 2477 piscibus,
2877 2405 3135 2461 Dominus
3160 2406 3398 2477 respexit
3418 2404 3484 2460 ad
3511 2405 3731 2469 cmlum,
3751 2405 3850 2460 lic-

2246 2499 2454 2555 nedixit
2469 2509 2523 2556 et
2541 2499 2720 2570 fregit,
2740 2499 2888 2554 Patri
2911 2515 3075 2570 agens
3091 2500 3289 2569 gratias
3312 2508 3434 2571 post
3456 2510 3692 2569 tempora
3708 2496 3851 2570 legis

2244 2607 2308 2649 ac
2339 2592 2721 2664 prophetarum
2748 2607 2806 2649 se
2862 2594 2914 2648 in
2941 2592 3311 2664 evangelicum
3338 2594 3518 2648 cibum
3545 2594 3680 2648 verti
3733 2594 3836 2665 (g).

2245 2685 2583 2741 Accutnbere
2621 2699 2742 2756 posz
2799 2689 2914 2740 haec
2966 2701 3128 2756 supra
3179 2685 3384 2741 fmnum
3430 2685 3656 2754 populus
3686 2683 3850 2756 jube-

2248 2787 2368 2842 tur;
2401 2791 2506 2832 non
2529 2776 2640 2846 jam
2673 2777 2725 2831 in
2757 2785 2896 2832 terra
2919 2777 3108 2846 jacens
3127 2819 3143 2844 ,
3167 2777 3264 2833 sed
3288 2777 3408 2848 lege
3434 2777 3689 2833 sulI'ultus
3746 2796 3760 2830 :
3789 2785 3850 2833 et

2247 2878 2498 2940 tanquam
2547 2877 2702 2923 terra:
2756 2866 2939 2934 foeno,
2999 2867 3261 2924 fructibus
3311 2868 3493 2939 operis
3545 2870 3630 2924 sui
3673 2883 3849 2924 unus-

2245 2960 2475 3030 quisque
2534 2959 2917 3016 subslernitur.
2955 2959 3035 3032 (Ii)
3068 2960 3270 3016 Dantur
3318 2977 3533 3032 quoque
3583 2962 3850 3031 aposwlis

2245 3068 2411 3124 panes
2431 3094 2445 3118 ,
2477 3053 2601 3122 quia
2633 3067 2728 3122 per
2747 3067 2842 3108 cos
2861 3061 3017 3108 erant
3039 3053 3237 3109 divina:
3284 3052 3474 3124 gratia:
3525 3052 3666 3108 dona
3717 3052 3849 3109 red-

545 3143 957 3201 conversatione
986 3144 1180 3209 Israel,
1238 3143 1291 3198 in
1338 3159 1508 3200 vacua
1559 3143 1758 3198 divina:
1817 3140 2145 3210 cognitionis
2170 3138 2216 3202 C
2248 3137 2442 3194 denda.
2473 3137 2632 3194 Plebs
2656 3137 2854 3194 deinde
2883 3139 3120 3210 quinque
3146 3129 3372 3208 panibus
3394 3147 3450 3194 et
3473 3138 3682 3194 duobus
3735 3141 3852 3210 pis-

549 3243 772 3307 pectora
806 3236 1151 3290 transiturus.
1187 3235 1366 3291 Turba
1399 3238 1514 3291 hinc
1561 3234 1819 3302 audiens,
1852 3233 2142 3290 Dominum

545 3326 616 3383 de
643 3327 860 3383 civitate
889 3326 1054 3398 pedes
1085 3327 1330 3397 sequitur
1359 3327 1411 3380 in
1435 3326 1714 3382 desertum
1749 3342 1764 3382 :
1798 3325 1865 3380 de
1895 3326 2145 3396 Synago-

544 3434 610 3491 ga
633 3418 882 3475 videlicet
903 3420 969 3474 ad
996 3419 1293 3474 Ecclesium
1316 3417 1588 3473 concedit.
1615 3417 1786 3486 Quam
1814 3416 2005 3472 videns
2043 3415 2144 3470 mi-

545 3524 724 3570 sertus
739 3524 858 3580 est,
886 3523 941 3570 et
969 3528 1184 3569 omnem
1222 3513 1535 3584 languorem
1581 3513 1700 3582 ejus
1743 3510 2142 3566 inﬁrmitatem-

546 3624 652 3681 que
674 3618 828 3665 curat
854 3606 1019 3679 (Ibid.
1071 3607 1164 3679 14)
1213 3625 1226 3663 :
1271 3607 1522 3663 obsessas
1569 3607 1776 3662 scilicet
1823 3614 2032 3662 mentes
2089 3613 2144 3661 et

543 3716 773 3772 corpora
797 3701 1132 3757 inﬁdelitatis
1162 3709 1387 3756 veterno
1411 3699 1480 3755 ad
1522 3699 1935 3770 intelligentiam
1987 3713 2142 3755 novae

545 3790 948 3866 praedicationis
974 3790 1248 3846 emundat.

623 3885 709 3940 '10.
726 3883 935 3956 Legatis
955 3884 1201 3939 doctrina:
1212 3885 1371 3940 cibus.
1404 3883 1639 3956 Quinque
1661 3900 1815 3956 panes
1837 3893 1887 3940 et
1911 3884 2014 3939 duo
2037 3885 2144 3957 pis-

547 3993 628 4033 ces
649 3976 774 4048 quid
801 3978 1107 4049 signiﬁcent.
1141 4007 1212 4018 —
1235 3976 1301 4032 Et
1323 3992 1444 4033 cum
1494 3977 1744 4048 discipuli
1788 3977 1985 4033 dimitti
2030 3986 2144 4033 tur-

548 4070 647 4127 bas
679 4070 733 4125 in
760 4069 982 4125 castella
1033 4069 1276 4139 proxima
1299 4069 1366 4124 ad
1396 4068 1724 4134 coemendos
1765 4069 1916 4126 cibos
1956 4069 2143 4126 admo-

549 4173 744 4220 nerent
794 4163 979 4234 (Ibid.
1014 4162 1141 4235 15);
1184 4164 1466 4236 respondit
1497 4183 1511 4218 :
1542 4165 1665 4226 Non
1706 4163 1890 4220 habent
1945 4180 2145 4220 necesse

544 4256 620 4310 ire
662 4255 824 4328 (Ibid.
883 4255 977 4327 16)
1011 4274 1024 4311 :
1056 4255 1349 4312 ostendens
1394 4272 1524 4326 eos,
1557 4257 1752 4329 quibus
1801 4256 2143 4323 mederetur,

549 4347 630 4421 (d)
656 4348 840 4420 legalis
871 4347 1132 4403 doctrinae
1161 4348 1284 4403 cibo
1306 4363 1412 4403 non
1458 4363 1652 4419 egere,
1686 4363 1862 4420 neque
1907 4349 2146 4404 necessi-

549 4447 719 4495 tatem
741 4438 1175 4520 liabereregredi
1197 4438 1264 4494 ad
1289 4439 1532 4495 Judaeam
1555 4441 1844 4512 cibumque
1868 4443 2096 4497 mercari
2121 4459 2136 4508 ;

623 4599 699 4674 (α)
730 4599 884 4674 Bad.,
916 4598 1011 4654 Er.
1039 4609 1095 4655 et
1114 4599 1263 4674 Lips.
1292 4597 1571 4674 voluntatis
1603 4614 1621 4651 :
1653 4599 1812 4655 male.

623 4670 698 4744 (b)
728 4671 1126 4744 Edit.ie1tgce_pto
1155 4670 1278 4744 Par.
1317 4684 1440 4744 cum
1469 4670 1674 4738 aliquot
1726 4685 1855 4726 mss.
1889 4670 2138 4744 concedit.

551 4740 772 4802 Rectius
804 4743 896 4797 alii
923 4741 1082 4809 libri,
1112 4741 1344 4797 connivet
1378 4782 1393 4807 ,
1426 4740 1527 4795 hoc
1581 4749 1697 4808 cst,
1750 4742 1994 4812 quamvis
2032 4756 2138 4796 non

554 4823 766 4888 sponte,
798 4813 1066 4869 cbnsentit
1091 4824 1138 4868 ta
1149 4827 1292 4888 men.

624 4885 697 4958 (c)
726 4887 780 4941 In
808 4900 900 4940 sex
925 4884 1260 4958 mss.__talem
1287 4891 1661 4958 prwceptorunt
1683 4883 1902 4958 gloriam
1929 4883 2138 4958 :Aleclio

553 4954 1003 5028 non'probanda.
1060 4955 1157 5010 Hic
1207 4957 1431 5028 verbum
1475 4955 1748 5028 concedere
1775 4954 2134 5010 desertionem

555 5026 731 5092 sonat,
755 5037 914 5097 atque
942 5027 1082 5097 idem
1129 5034 1213 5080 est
1264 5026 1406 5096 quod
1431 5026 1700 5090 recedere;
1750 5033 1905 5080 antea
1955 5034 2134 5080 autem

552 5096 838 5169 oportuisse
863 5096 1107 5169 eamdem
1141 5097 1248 5169 vim
1277 5097 1439 5150 habet
1468 5111 1531 5150 ac
1561 5097 1810 5169 debuisse.

628 5168 712 5240 (d)
739 5169 796 5223 In
826 5168 1058 5240 vulgatis
1078 5177 1137 5240 et
1167 5165 1374 5240 aliquot
1399 5182 1549 5240 mss.
1580 5166 1790 5220 venialis
1843 5165 2136 5240 doctrinae:

549 5237 712 5297 lectio
739 5237 973 5308 speciem
1003 5239 1207 5308 habens
1238 5237 1497 5294 veritatis.
1528 5239 1597 5292 At
1651 5253 1770 5308 qua:
1823 5253 1963 5292 nunc
1989 5237 2140 5292 exhio

547 5313 708 5369 betur
735 5307 801 5365 es
831 5323 962 5363 mss.
991 5307 1154 5364 Carn.
1180 5309 1407 5364 ctColb.
1439 5309 1705 5367 sincerior
1750 5309 1865 5362 visa
1911 5315 2023 5372 est,
2082 5319 2140 5363 ut

548 5383 615 5438 iis
639 5382 818 5438 minus
837 5379 1026 5444 obvia,
1057 5381 1147 5451 qui
1194 5380 1362 5435 libros
1408 5390 1619 5436 veteres
1658 5381 1878 5450 proprio
1923 5380 2140 5448 ingenio

549 5464 642 5508 aut
664 5453 943 5523 corrigunt
969 5493 985 5516 ,
1022 5461 1116 5506 aut
1143 5460 1517 5523 corrumpunt.

621 5523 695 5594 (ε)
727 5521 865 5594 Εᾱίἰὶ
887 5565 904 5591 ,
931 5523 1154 5593 quinque
1195 5521 1410 5590 panibus
1456 5522 1678 5594 quinque
1707 5521 1824 5577 libri
1855 5522 2002 5594 legis,
2027 5532 2134 5578 etc.

551 5592 911 5652 emendantur
927 5592 1031 5662 upe
1057 5592 1190 5647 mss.

620 5668 690 5736 (Ι)
719 5665 777 5720 In
804 5680 938 5736 mss.
965 5661 1119 5719 Colb.
1159 5672 1210 5736 e_t
1237 5661 1398 5736 Carn.
1432 5665 1701 5736 propheta.
1748 5665 1828 5720 Ex
1879 5663 2136 5720 mendosa

553 5733 861 5806 bojiisntodi
888 5735 1122 5791 lectione
1146 5733 1378 5790 obtinuit
1431 5733 1572 5804 apud
1629 5736 1754 5792 Par.
1808 5736 2132 5806 prophetata.

2244 3231 2397 3288 cilius
2419 3233 2653 3303 pascitur
2681 3241 2738 3288 et
2762 3233 3008 3302 expletur
3041 3251 3052 3286 :
3079 3243 3133 3288 et
3155 3231 3452 3303 fragmenta
3469 3233 3623 3303 panis
3653 3241 3708 3288 et
3739 3233 3851 3302 pis-

2245 3324 2387 3380 cium
2411 3367 2425 3390 ,
2449 3327 2703 3380 saturatis
2731 3323 3178 3380 accumbentibus
3197 3367 3218 3391 ,
3246 3341 3417 3395 usque
3461 3325 3512 3379 in
3553 3323 3847 3380 duodecim

2251 3418 2607 3488 cophinorum
2638 3418 3032 3488 plenitudinem
3047 3417 3485 3483 abundaverunt,
3517 3416 3611 3474 Dei
3637 3417 3851 3472 scilicet

2251 3512 2408 3586 741
2439 3513 2604 3569 verbo
2643 3529 2709 3570 ex
2748 3509 2994 3570 doctrina
3019 3513 3152 3585 legis
3199 3513 3696 3584 proplietarumque
3755 3529 3849 3570 ve-

2251 3609 2433 3664 niente
2451 3649 2466 3674 ,
2490 3607 2778 3662 multitudo
2800 3609 3025 3663 satiatur
3053 3626 3067 3662 :
3101 3616 3154 3663 et
3172 3618 3442 3663 reservata
3467 3607 3703 3677 gentium
3727 3606 3848 3676 ple-

2248 3699 2299 3756 bi
2331 3699 2395 3774 (i)
2421 3716 2486 3756 ex
2509 3701 2697 3756 arterni
2722 3700 2826 3756 cibi
2859 3699 3185 3769 ministerio,
3235 3700 3287 3754 in
3313 3698 3600 3755 duodecim
3620 3708 3845 3769 aposto-

2245 3793 2420 3848 lorum
2454 3793 2845 3863 plenitudinem
2863 3834 2878 3860 ,
2911 3793 3068 3864 c0pia
3092 3792 3288 3848 divina:
3314 3791 3530 3847 virtutis
3556 3791 3842 3848 exuberat.

2246 3883 2393 3939 Idem
2415 3893 2596 3940 autem
2623 3884 2900 3940 edentium
2925 3901 3186 3941 numerus
3237 3885 3532 3949 invenitur,
3572 3884 3664 3954 qui
3695 3883 3846 3939 iutu-

2246 3992 2340 4033 rus
2369 3977 2540 4033 fuerat
2562 3977 2976 4034 crediturorum.
3011 3977 3142 4032 Nam
3169 3977 3308 4033 sicut
3335 3977 3474 4034 libro
3499 3977 3576 4049 (j)
3607 3976 3847 4032 Praxeos

2248 4069 2578 4136 continetur,
2608 4085 2675 4125 ex
2705 4069 2871 4126 Israel
2905 4070 3084 4140 populi
3109 4071 3403 4132 inﬁnitate.
3427 4070 3663 4125 virorum
3685 4069 3850 4140 quin-

2245 4180 2352 4236 que
2379 4164 2545 4220 millia
2567 4163 2914 4219 crediderunt
2946 4165 3082 4236 (Act.
3115 4181 3203 4232 iv,
3233 4165 3314 4236 4).
3352 4164 3553 4221 Rerum
3579 4164 3721 4221 enim
3764 4162 3847 4235 (Β)

2247 4256 2536 4312 admiratio
2557 4271 2728 4327 usque
2751 4256 2803 4310 in
2827 4270 3137 4313 mensuram
3168 4272 3347 4313 causae
3377 4256 3708 4328 subjacentis
3737 4271 3843 4310 cx-

2252 4349 2511 4406 tenditur.
2533 4347 2913 4419 Confractique
2939 4364 3063 4404 cum
3095 4349 3335 4420 piscibus
3363 4363 3533 4419 panes
3557 4390 3574 4415 ,
3599 4358 3848 4403 saturata

2249 4443 2480 4514 populo,
2511 4441 2564 4495 in
2581 4448 2792 4496 tantum
2823 4439 3080 4511 deinceps
3109 4440 3457 4496 cumulantur
3470 4448 3847 4510 augmentum,

2166 4601 2219 4662 Ι)
2279 4671 2290 4682 θ
2317 4597 2628 4682 (ςλεηυεξ
2652 4597 3013 4682 penitentibus
3041 4597 3296 4682 omnibus
3315 4611 3446 4682 mss.
3463 4596 3561 4682 .hic
3577 4595 3852 4682 adjiciunt

2245 4667 2567 4742 signiﬁcans.
2602 4670 2956 4742 Absqneihoc
2985 4670 3152 4724 verbo
3174 4668 3336 4724 lectio
3361 4668 3434 4724 ita
3461 4667 3674 4740 integra
3713 4679 3844 4725 est:

2245 4741 2440 4813 gratias
2463 4757 2622 4812 agens
2637 4757 2700 4813 se
2719 4741 2864 4806 uerti,
2889 4751 2993 4813 etc.

2320 4814 2398 4884 (Ιι)
2429 4809 2518 4884 Sic
2538 4812 2790 4884 antiquae_
2803 4812 3072 4884 editiones
3094 4826 3222 4884 cum
3247 4809 3492 4884 pluribus
3516 4825 3646 4884 mss.
3680 4811 3772 4866 Sic
3794 4820 3854 4867 et

2246 4881 2395 4938 nunt.
2429 4881 2516 4949 12,
2547 4884 2622 4936 uti
2651 4881 2685 4934 4
2712 4899 2724 4934 τ
2750 4881 2855 4935 Dat
2881 4881 3070 4937 deinde
3095 4883 3365 4952 discipulis
3394 4897 3575 4952 panes.
3606 4882 3676 4936 At
3703 4884 3850 4952 apud

2244 4955 2367 5009 Par.
2403 4951 2709 5025 Subduntur
2728 4969 2927 5022 quoque
2957 4955 3224 5025 apostolis.
3257 4952 3323 5025 Et
3345 4951 3401 5006 in
3427 4967 3562 5007 mss.
3593 4953 3758 5008 (iam.
3791 4962 3853 5008 et

2198 5046 2204 5051 ν
2241 5025 2392 5080 Coll).
2428 5024 2732 5079 Subduntur
2779 5024 3078 5092 quoque'ab
3101 5024 3366 5093 apostolis.

2317 5094 2542 5167 (i)Bad_.
2571 5104 2623 5149 et
2654 5095 2748 5149 Er.
2777 5111 2900 5167 cum
2955 5110 3086 5151 mss.
3119 5105 3166 5148 et
3195 5094 3394 5167 wterni.
3448 5094 3517 5148 At
3553 5094 3606 5148 in
3663 5093 3850 5167 Turo-

2243 5163 2397 5221 nenSi
2424 5165 2615 5220 codice
2642 5166 2896 5221 secundis
2923 5171 3102 5230 curis,
3145 5167 3239 5222 sed
3288 5163 3484 5219 eadem
3532 5181 3726 5230 manu,
3754 5165 3851 5221 hic

2241 5247 2512 5306 expuncto
2553 5246 2634 5301 et,
2665 5244 2822 5290 antea
2863 5238 3210 5292 substitutum
3259 5244 3344 5291 est
3388 5247 3674 5300 reservato,
3722 5236 3849 5291 loco

2241 5309 2391 5363 verbi
2418 5306 2882 5378 reservata:quod
2909 5324 3014 5362 non
3039 5307 3356 5363 mutandunt
3398 5314 3692 5376 putamus,
3740 5307 3847 5362 sed

2241 5379 2309 5433 ad
2331 5393 2519 5434 vocem
2545 5381 2696 5442 copia
2717 5378 3082 5434 referendum.

2315 5449 2544 5524 (j)_Er_.,
2569 5448 2717 5524 Lips.
2747 5457 2802 5503 et
2828 5450 2946 5504 l‘ar.
2972 5449 3100 5504 libro
3129 5449 3371 5504 Praxeon
3415 5464 3434 5502 :

2247 5519 2381 5577 cum
2405 5519 2537 5574 Bad.
2568 5519 2819 5575 omnibus
2848 5535 2980 5576 mss.

2318 5591 2394 5662 (k)
2427 5591 2584 5659 Saepe
2609 5590 2747 5660 apud
2776 5589 3068 5658 Hilarium,
3101 5591 3195 5648 sed
3219 5592 3272 5647 in
3302 5591 3405 5648 hoc
3431 5590 3667 5646 maxime
3699 5590 3848 5654 loco.

2248 5663 2566 5719 vocabulum
2613 5662 2891 5716 admiratio
2944 5678 3054 5720 non
3108 5672 3288 5719 aetum
3341 5662 3686 5723 admirandi.
3747 5662 3851 5716 sed

2247 5733 2563 5792 miraculum
2595 5732 2790 5804 ipsum,
2812 5749 2920 5805 quo
2945 5733 3232 5791 admiratio
3251 5734 3538 5801 excitatur,
3554 5733 3849 5807 signiﬁcat.

3483 5447 3854 5504 renitentibus
