4172 6188
438 246 569 305 1001

1342 244 1884 308 COMMENTARIUS
1917 245 1984 306 IN
2022 245 2452 310 MATTHA'IUM.
2498 249 2834 310 CAP..XIV.

3597 254 3738 315 1002

434 391 672 458 quantus
696 388 751 440 et
777 381 1054 441 credentis
1081 384 1298 455 pepuli,
1320 394 1376 442 et
1405 387 1796 459 explendorum
1845 389 2036 445 coeles-
2065 365 2120 427 Α
2147 385 2405 442 Dominus
2434 387 2582 442 venit
2611 404 2626 441 :
2657 394 2850 457 quarto
2873 385 3018 442 enim
3046 390 3156 442 tum
3185 385 3253 442 ad
3297 384 3599 444 Ecclesiam
3647 405 3741 445 va-

433 477 474 532 ti
506 476 678 547 gratia
705 475 1076 546 apostolorum
1131 493 1392 534 numerus
1436 481 1849 537 destinabatur:
1887 491 1943 537 ut
1983 489 2039 537 et

434 570 629 626 modus
660 584 910 639 numero,
929 554 985 624 et
1012 567 1268 626 numerus
1283 572 1442 628 modo
1455 573 1873 645 obtemperaret;
1899 575 2036 629 intra

433 664 570 720 lines
585 678 714 720 suos
725 662 865 719 ratio
877 663 1154 732 conclusa,
1171 665 1237 721 ad
1252 669 1638 738 consequentis
1654 667 1879 724 effectus
1908 683 2038 725 con—

431 754 692 811 ditionem
707 754 826 826 ipso
837 753 1034 810 divina:
1045 755 1258 812 virtutis
1269 757 1633 814 moderamine
1645 759 2033 816 contineretur.

507 848 597 904 i2.
630 847 735 903 Cur
761 849 1017 904 incretum
1038 851 1317 920 respexerit
1338 850 1592 906 Christus.
1645 851 1831 906 Mundi
1860 861 2037 908 auctor

432 941 528 996 hoc
549 943 686 1012 facto
712 941 1001 996 innotescit.
1027 969 1098 981 --
1120 940 1302 997 Vincit
1326 951 1508 998 autem
1532 943 1824 1000 humanam
1868 944 2035 999 intel-

435 1031 712 1104 ligentiam
745 1047 879 1103 opus
905 1031 1033 1087 facti
1059 1049 1072 1087 :
1100 1043 1296 1089 etcum
1322 1033 1634 1106 frequenter
1655 1035 1904 1108 quaedam
1926 1038 2038 1093 sint

433 1141 554 1196 qua:
577 1135 838 1196 concepta
863 1140 1058 1192 sensu,
1081 1140 1262 1182 sermo
1289 1143 1394 1182 non
1424 1129 1691 1198 explicet;
1726 1129 1780 1184 in
1820 1129 1905 1184 bis
1955 1138 2036 1185 ta-

435 1231 559 1272 men
594 1217 705 1288 ipsa
739 1216 815 1288 (ul
847 1233 1040 1273 sensus
1069 1218 1340 1274 subtilitas
1364 1221 1707 1292 ingravescit,
1746 1229 1803 1277 et
1839 1222 1906 1277 ad
1956 1224 2036 1279 rei
2081 1239 2086 1243 '

437 1311 944 1381 contemplationem
969 1328 1066 1382 pro
1093 1312 1414 1370 difﬁcultate
1463 1323 1568 1369 tam
1605 1313 1895 1370 invisibilis
1941 1331 2036 1371 ne-

436 1406 566 1476 gotii
594 1405 944 1476 obstupescit.
972 1405 1226 1476 Acceptis
1253 1407 1399 1462 enim
1434 1407 1664 1477 panibus
1689 1408 1953 1479 quinque,
1979 1409 2031 1463 in

437 1497 635 1552 caelum
667 1498 922 1554 Dominus
951 1500 1222 1566 respexit,
1248 1499 1509 1556 honorem
1531 1503 1649 1571 ejus
1669 1543 1684 1566 ,
1710 1515 1740 1553 a
1767 1516 1875 1571 quo
1895 1510 2031 1567 erat,

437 1592 552 1663 ipse
573 1592 856 1650 confessus
890 1612 903 1648 :
928 1610 1035 1651 non
1067 1595 1210 1666 quod
1237 1598 1549 1652 carnalibus
1576 1598 1747 1653 oculis
1784 1599 2035 1655 contueri

436 1687 654 1744 Patrem
683 1696 830 1744 esset
844 1704 1097 1756 necesse;
1129 1690 1224 1746 sed
1257 1691 1426 1760 utqui
1449 1691 1737 1756 adessent,
1766 1691 2036 1762 intellige-

433 1791 556 1837 rent
598 1797 628 1837 a
667 1798 773 1852 quo
798 1783 1012 1838 virtutis
1045 1791 1206 1838 tanta:
1265 1780 1566 1852 accepisset
1601 1783 1874 1839 effectum.
1934 1784 2035 1838 Dat

2143 493 2264 548 gam
2292 487 2347 533 et
2376 479 2692 550 naufragum
2732 488 3055 535 revertetur.
3089 480 3146 534 lu
3169 488 3361 551 quarta
3392 481 3535 535 enim
3565 483 3742 536 noctis

2139 570 2319 643 vigilia
2341 612 2358 638 ,
2387 571 2608 626 totidem
2639 572 3018 628 sollicitudinis
3044 573 3164 644 ejus
3185 587 3446 628 numerus
3470 574 3742 644 reperitur

2141 662 2335 736 (Ibid.,
2361 663 2479 736 25).
2512 665 2690 719 Prima
2720 664 2866 720 enim
2889 665 3069 736 vigilia
3127 665 3230 721 fuit
3285 666 3454 737 legis,
3503 667 3743 723 secunda

2142 756 2525 826 prephetarum
2547 798 2562 822 ,
2592 757 2750 813 tertia
2794 755 2867 828 (e)
2898 758 3196 828 corporalis
3225 758 3516 825 adventus,
3546 770 3742 831 quarta

2138 856 2316 903 autem
2345 849 2397 902 in
2427 848 2606 904 reditu
2628 849 2912 905 claritatis.
2972 849 3078 907 Sed
3126 850 3365 906 inveniet
3402 851 3597 907 fessam
3619 892 3633 916 ,
3688 861 3745 907 et

2139 940 2446 996 antichristi
2469 941 2661 1012 spiritu
2690 951 2745 998 et
2775 942 2940 998 totius
2970 943 3157 999 saeculi
3184 943 3420 1001 metibus
3443 945 3743 1002 circumac-

2139 1042 2266 1089 tam.
2300 1034 2492 1090 Veniet
2514 1036 2659 1091 enim
2681 1037 2915 1100 maxime
2943 1037 3116 1092 anxiis
3168 1045 3329 1108 atque
3374 1037 3606 1094 vexatis.
3662 1039 3735 1094 Et

2137 1126 2262 1198 quia
2283 1128 2350 1183 de
2371 1129 2687 1184 autechristi
2711 1131 3106 1186 consuetudine
3121 1131 3188 1185 ad
3217 1147 3434 1187 omnem
3483 1133 3742 1188 tentatio-

2141 1235 2265 1274 num
2288 1219 2339 1292 (f
2347 1218 2367 1290 )
2395 1221 2691 1277 novitatem
2714 1220 2933 1276 solliciti
2959 1231 3156 1288 erunt;
3186 1223 3348 1278 etiam
3398 1222 3466 1278 ad
3525 1223 3740 1279 Domini

2138 1313 2429 1369 adventum
2459 1323 2852 1384 expavescent,
2895 1314 3058 1370 falsas
3090 1332 3269 1370 rerum
3327 1314 3625 1386 imagines,
3683 1326 3740 1371 et

2137 1407 2482 1477 subrepentia
2514 1409 2684 1464 oculis
2717 1409 2971 1480 ﬁgmenta
3023 1417 3350 1466 metuentes.
3411 1410 3516 1465 Sed
3566 1411 3740 1466 bonus

2139 1500 2398 1558 Dominus
2426 1503 2607 1558 statim
2656 1503 2930 1572 loquetur,
2978 1505 3339 1575 timoremque
3379 1505 3606 1576 apellet,
3660 1505 3742 1560 di-

2137 1601 2330 1665 cetque
2361 1613 2373 1648 :
2407 1594 2521 1666 Ego
2549 1613 2664 1649 sum
2693 1595 2883 1667 (Ibid,
2914 1596 3032 1668 27),
3060 1597 3324 1652 adventus
3350 1599 3435 1653 sui
3487 1598 3594 1654 fide
3621 1614 3739 1656 me-

2140 1693 2251 1740 tum
2276 1687 2538 1757 naufragii
2562 1687 2892 1743 imminentis
2913 1688 3176 1758 apellens.

2214 1779 2302 1834 15.
2337 1777 2481 1833 Petri
2512 1785 2701 1851 fervor,
2733 1780 2940 1850 lapsus,
2974 1783 3287 1851 paenitentia.
3319 1813 3392 1824 —
3419 1783 3573 1850 Quod
3602 1799 3735 1840 vero

433 1873 633 1931 deinde
654 1875 932 1946 discipulis
955 1892 1140 1947 panes.
1172 1875 1289 1932 Non
1315 1878 1551 1950 quinque
1600 1877 2034 1946 multiplicantur

2138 1885 2202 1925 ex
2232 1869 2472 1926 omnium
2495 1871 2909 1926 consistentium
2949 1871 3002 1927 in
3041 1873 3165 1927 navi
3205 1889 3434 1930 numero
3459 1916 3473 1939 ,
3504 1890 3734 1945 respon-

438 1967 491 2020 iu
520 1968 720 2038 plures,
784 1967 878 2022 sed
901 1967 1216 2040 fragmentis
1247 1968 1545 2039 fragmenta
1596 1967 1930 2032 succedunt,
1982 1977 2037 2023 et

438 2059 629 2116 fallunt
643 2077 856 2132 semper
874 2060 948 2134 (b)
969 2061 1254 2132 praefracta
1269 2063 1597 2133 frangentes.
1614 2062 2036 2134 Crescit'deinde

435 2152 727 2208 materies:
755 2152 824 2224 (ε)
850 2153 1035 2209 nescio
1063 2161 1242 2208 utrum
1273 2155 1327 2208 in
1359 2168 1666 2210 mensarum
1696 2155 1817 2210 loco
1836 2197 1851 2219 ,
1881 2169 1947 2208 an
1981 2155 2034 2208 in

434 2245 682 2301 manibus
725 2247 1084 2312 sumentium,
1126 2261 1198 2301 an
1227 2245 1283 2300 iu
1337 2261 1432 2301 ore
1483 2244 1562 2317 (d)
1610 2245 1909 2300 edentium.
1958 2245 2035 2302 Ne

434 2339 632 2402 mirere
652 2337 829 2394 fontes
856 2336 1024 2394 fluere
1043 2379 1058 2404 ,
1088 2333 1269 2394 inesse
1296 2353 1430 2393 uvas
1458 2337 1659 2392 vitibus
1679 2378 1692 2404 ,
1719 2344 1774 2393 et
1803 2337 1923 2393 uvis
1951 2326 2040 2392 vi-

433 2446 502 2486 na
529 2429 784 2498 diffundi,
828 2439 884 2486 et
928 2446 1118 2486 omnes
1159 2429 1350 2486 mundi
1400 2445 1530 2500 opes
1570 2445 1754 2486 annuo
1798 2430 2033 2502 quodam

435 2530 616 2577 meatu
640 2521 1021 2592 indefessoque
1066 2521 1305 2577 deﬂuere
1339 2529 1652 2576 :anctorem
1703 2520 1849 2576 enim
1878 2521 2036 2591 hujus

431 2614 802 2671 universitatis
838 2623 1020 2677 tantus
1067 2629 1262 2684 panum
1295 2614 1570 2684 profectus
1617 2613 1891 2680 ostendit,
1937 2629 2037 2684 per

432 2722 598 2778 quem
630 2706 724 2761 tali
771 2706 1109 2763 incremento
1158 2706 1352 2762 modus
1398 2715 1743 2777 pertractata:
1795 2708 2036 2762 materia:

433 2801 741 2858 adderetur.
776 2802 967 2872 Agitur
991 2801 1136 2856 enim
1193 2801 1248 2855 in
1289 2815 1458 2871 opere
1510 2799 1711 2855 visibili
1751 2798 2036 2855 invisibilis

434 2894 771 2950 molitiozet
795 2908 1120 2949 arcanorum
1177 2891 1478 2949 cmlestium
1532 2892 1822 2959 Dominus,
1880 2906 2036 2946 arca-

349 3057 357 3063 ,
435 3003 563 3043 num
588 2987 784 3058 negotii
799 2988 1081 3058 praesentis
1094 2997 1370 3058 operatur.
1385 2985 1806 3055 Superatautem
1818 2999 2036 3040 omnem

434 3087 681 3134 naturam
705 3078 875 3133 virtus
891 3079 1186 3147 operantis,
1204 3076 1675 3147 etsupergreditur
1693 3076 1817 3131 facti
1839 3075 2039 3131 intelli-

434 3171 670 3242 gentiam
687 3173 824 3226 ratio
835 3169 1071 3237 virtutis,
1087 3169 1262 3226 etsola
1284 3169 1608 3240 relinquitur
1619 3168 1905 3224 admiratio
1933 3181 2034 3238 po-

2137 1962 2266 2018 dere
2296 1962 2490 2018 Petrus
2512 1963 2666 2018 solus
2688 1964 2885 2030 audet,
2911 1965 3161 2034 etjuberi
3179 1967 3281 2023 sibi
3307 1975 3367 2022 ut
3388 1983 3552 2039 super
3573 1984 3741 2040 aquas

2137 2055 2202 2109 ad
2239 2057 2520 2111 Dominum
2554 2057 3008 2128 vcniatprecatur
3044 2059 3230 2130 (Ibid,
3282 2062 3417 2134 28);
3471 2065 3739 2133 passionis

2139 2156 2382 2217 tempore
2407 2148 2703 2203 voluntatis
2732 2165 2842 2204 suae
2870 2150 3118 2221 designat
3146 2151 3397 2207 affectum
3423 2195 3440 2221 ,
3473 2163 3585 2209 tum
3613 2171 3738 2211 cum

2137 2239 2286 2294 solus
2315 2247 2464 2294 retro
2485 2240 2711 2296 veniens
2735 2283 2749 2306 ,
2796 2251 2850 2297 et
2870 2243 3112 2313 vestigiis
3171 2243 3388 2298 Domini
3433 2245 3738 2314 inhaerens,

2137 2335 2466 2405 contemptis
2495 2337 2715 2405 seaculi,
2751 2345 2809 2392 ut
2839 2339 3034 2403 maris,
3064 2339 3319 2402 motibus.
3365 2342 3481 2410 pari
3506 2343 3573 2397 ad
3604 2359 3739 2399 con-

2139 2425 2482 2481 temnendam
2513 2437 2747 2484 mortem
2780 2428 2980 2484 virtute
3001 2431 3291 2486 comitatus
3315 2441 3400 2488 est
3451 2450 3463 2486 :
3509 2434 3605 2489 sed
3655 2436 3739 2490 in-

2138 2516 2450 2572 firmitatem
2479 2517 2676 2575 futura:
2721 2521 3034 2576 tentationis
3067 2521 3324 2577 timiditas
3380 2522 3498 2594 ejus
3551 2535 3736 2582 osten-

2138 2610 2238 2665 dit.
2270 2610 2406 2666 Nam
2435 2613 2683 2683 quamvis
2708 2613 2964 2670 incedere
2989 2629 3154 2670 ausus
3179 2624 3358 2682 esset,
3389 2625 3569 2674 tamen
3612 2621 3743 2676 sub—

2139 2704 2486 2774 mergebatur
2517 2705 2708 2775 (lbid.,
2744 2706 2834 2777 50)
2865 2722 2877 2758 :
2900 2721 2996 2776 per
3025 2707 3429 2764 imbecilitatem
3446 2709 3592 2766 enim
3621 2728 3744 2768 car-

2140 2796 2224 2849 nis
2249 2805 2304 2850 et
2352 2806 2554 2851 metum
2589 2797 2810 2866 mortis,
2841 2798 3003 2852 etiam
3046 2813 3217 2870 usque
3259 2799 3326 2855 ad
3371 2802 3604 2873 negandi
3647 2819 3744 2860 ne-

2139 2887 2445 2944 cessitatem
2470 2899 2691 2944 coactus
2722 2898 2826 2945 est.
2875 2889 2982 2946 Sed
3025 2891 3357 2959 proclamat,
3411 2902 3466 2948 et
3510 2895 3737 2951 salutem

2141 2985 2260 3033 orat
2285 2995 2315 3034 a
2350 2980 2598 3035 Domino.
2624 2979 2844 3036 Clamor
2869 2983 2969 3037 iste
2991 3024 3005 3049 ,
3030 2983 3366 3053 paenitentia:
3388 2999 3500 3041 suae
3524 2988 3745 3056 genitus

2139 3080 2242 3126 est.
2271 3070 2520 3127 Nondum
2562 3072 2711 3128 enim
2743 3089 2903 3144 passo
2947 3075 3178 3130 Domino
3232 3076 3286 3131 in
3335 3078 3742 3136 confessionem

2141 3178 2396 3219 reversus
2422 3173 2505 3219 est
2525 3204 2538 3229 ,
2569 3175 2624 3220 et
2653 3165 2884 3236 negandi
2913 3167 3129 3223 veniam
3158 3167 3345 3223 habuit
3371 3169 3425 3223 in
3459 3178 3739 3242 tempore;

437 3237 667 3319 testatis.
685 3261 833 3318 Ordo
844 3262 1006 3318 etiam
1023 3275 1306 3316 causarum
1321 3237 1651 3330 operumque
1663 3237 2029 3330 consequitur.
2061 3237 2108 3302 Ο
2138 3256 2352 3311 Christo
2372 3266 2560 3327 postea
2576 3272 2673 3327 pro
2699 3257 3073 3313 universorum
3096 3259 3470 3328 redemptione
3490 3277 3739 3332 passuro.

508 3356 596 3412 15.
621 3353 792 3409 Israel
819 3352 1050 3423 reliquiis
1099 3353 1192 3406 erit
1228 3352 1392 3406 salus.
1431 3382 1503 3392 —
1533 3347 1884 3405 Conscendere
1926 3359 2039 3421 post

438 3451 546 3506 haec
566 3450 621 3503 in
645 3464 823 3504 navem
849 3447 1132 3517 discipulos
1159 3446 1436 3517 prazcepit,
1484 3444 1645 3498 donec
1702 3443 1876 3497 turbas
1929 3443 2038 3513 ipse

437 3542 715 3597 dimitteret
741 3557 759 3596 :
788 3548 836 3595 et
861 3541 1072 3594 dimissa
1089 3539 1234 3593 turba
1262 3547 1483 3592 montem
1514 3536 1808 3592 conscendit
1850 3552 1998 3591 orare
2018 3576 2034 3600 ,

439 3643 488 3688 et
517 3648 724 3702 uespere
748 3636 882 3702 facto
907 3631 1048 3686 solus
1073 3639 1183 3685 erat
1213 3629 1429 3700 (Matth.
1459 3644 1547 3684 xw
1566 3671 1581 3695 ,
1616 3629 1689 3682 22
1712 3637 1758 3683 et
1782 3629 1898 3699 25).
1933 3629 2040 3681 Ilo-

442 3740 565 3780 rum
593 3723 733 3780 ratio
758 3721 1144 3793 distinguenda
1175 3720 1508 3790 temporibus
1556 3717 1718 3790 742
1747 3728 1846 3775 est.
1882 3718 2037 3785 Quod

439 3833 668 3888 vespere
696 3815 846 3872 solus
869 3822 981 3881 est;
1013 3814 1364 3871 solitudinem
1392 3829 1546 3869 suam
1578 3816 1631 3867 in
1650 3825 1893 3884 tempore
1918 3828 2040 3883 pas-

441 3909 614 3966 sionis
641 3908 912 3974 ostendit,
943 3908 1158 3964 caeteris
1181 3907 1538 3978 trepidatione
1583 3905 1828 3976 dilapsis.
1879 3903 2037 3971 Quod

442 4011 622 4060 autem
649 4017 840 4058 navem
868 4000 1239 4058 conscendere
1289 3999 1585 4070 discipulos
1622 3998 1805 4068 jubet,
1859 4007 1912 4053 et
1958 3998 2038 4053 ire

447 4104 598 4152 trans
625 4095 847 4161 fretum,
875 4094 1005 4150 dum
1035 4093 1221 4149 turbas
1249 4091 1364 4163 ipse
1393 4090 1649 4156 dimittit,
1702 4100 1758 4146 et
1800 4089 2038 4146 dimissis

444 4187 617 4243 turbis
641 4185 883 4242 ascendit
911 4186 966 4240 in
989 4193 1227 4240 montem
1245 4225 1259 4251 ,
1283 4198 1404 4239 esse
1427 4182 1678 4255 (supple,
1723 4180 1855 4256 eos)
1898 4183 2039 4238 intra

443 4281 739 4337 Ecclesiam
759 4321 775 4348 ,
805 4289 862 4336 et
887 4295 982 4350 per
1013 4278 1208 4335 fretum
1233 4318 1250 4347 ,
1277 4277 1329 4333 id
1353 4285 1466 4344 est,
1492 4291 1587 4347 per
1615 4275 1871 4332 saeculum
1913 4276 2040 4331 ferri

441 4387 611 4442 usque
637 4372 690 4427 in
722 4371 772 4426 id
800 4371 1216 4441 tempusjubet,
1246 4383 1352 4440 quo
1373 4378 1654 4424 revertens
1687 4369 1738 4421 in
1775 4367 2039 4423 claritatis

439 4462 676 4519 adventu
693 4463 888 4533 populo
915 4462 1105 4527 omni,
1152 4461 1242 4530 qui
1287 4476 1354 4516 ex
1401 4460 1567 4515 Israel
1604 4460 1709 4514 erit
1754 4459 2035 4531 reliquus,

441 4555 668 4611 salutem
699 4554 889 4611 reddat
916 4554 1294 4624 ipse,cjusqne
1322 4562 1540 4623 peccata
1561 4551 1797 4608 dimittat
1818 4571 1830 4607 :
1850 4552 2038 4608 dimis-

439 4663 609 4718 soque
627 4688 642 4714 ,
673 4647 763 4702 vel
794 4647 848 4702 in
872 4647 1096 4703 cteleste
1123 4660 1349 4716 regnum
1373 4645 1551 4715 potius
1567 4643 1802 4698 admisso
1827 4685 1842 4709 ,
1875 4659 2038 4715 agens

441 4741 555 4796 Deo
574 4740 710 4813 patri
733 4740 951 4810 gratias,
967 4741 1018 4793 iu
1045 4739 1216 4809 gloria
1234 4739 1348 4808 ejus
1370 4730 1424 4793 et
1454 4737 1736 4808 majestate
1751 4737 2032 4792 consistat.

514 4837 604 4891 14.
634 4834 735 4889 Dei
755 4850 915 4905 supra
947 4834 1228 4888 Ecclesium
1253 4833 1443 4904 uigilia:
1467 4841 1706 4903 quatuor.
1735 4831 2038 4886 Antichristi

443 4939 625 4984 terror.
652 4957 724 4967 ——
742 4927 848 4982 Sed
872 4925 1014 4982 inter
1034 4926 1152 4980 hinc
1174 4926 1425 4995 discipuli
1447 4935 1609 4979 vento
1663 4941 1726 4979 ac
1767 4925 1902 4978 mari
1933 4923 2036 4978 dif-

441 5022 707 5087 feruntur,
735 5030 790 5076 et
815 5019 942 5075 totis
966 5019 1152 5074 saeculi
1201 5017 1435 5073 motibus
1458 5057 1472 5081 ,
1517 5015 1798 5070 immundo
1842 5015 2035 5085 spiritu

442 5112 1074 5182 adversante,jactantur
1101 5109 1289 5181 (lbid.,
1315 5105 1453 5177 24.).
1487 5107 1592 5163 Sed
1615 5116 1806 5177 quarta
1854 5107 2034 5178 vigilia

503 5248 592 5319 (a)
623 5248 701 5304 Ita
732 5247 913 5304 Codex
943 5248 1169 5304 Carnut.
1203 5259 1324 5300 cum
1347 5240 1501 5298 Colb.
1533 5239 1639 5295 Alii
1667 5255 1826 5309 vevo,
1858 5257 2034 5296 sensus

440 5321 752 5376 sublimitas.

516 5392 589 5464 (b)
611 5390 1144 5464 Antiquteeditiones
1168 5385 1517 5464 c_um_aliquot
1543 5397 1699 5464 “mss.
1736 5385 2031 5452 prmfracla.

441 5455 787 5530 Hu'c'Specta't
811 5461 944 5517 illud
977 5461 1069 5517 lib.
1095 5475 1153 5514 tu
1179 5459 1246 5513 de
1274 5455 1426 5511 Trin.
1460 5473 1514 5510 n.
1538 5455 1570 5510 6
1598 5474 1610 5509 :
1645 5455 1859 5530 semper
1902 5469 2036 5524 pra:-

442 5525 713 5605 fririgentis
766 5549 976 5605 manum
1024 5534 1314 5605 fragmenta
1362 5536 1614 5605 occupant
1643 5525 1874 5595 :fallunt
1926 5541 2035 5605 mo-

441 5595 612 5660 ntenvta
642 5605 826 5667 visum,
859 5604 983 5657 dum
1005 5595 1210 5671 plenam
1231 5595 1528 5671 fragmentis
1555 5613 1763 5671 manum
1793 5595 2036 5666 sequeris.

519 5676 592 5748 (e)
615 5675 739 5732 Mss.
773 5677 958 5742 liom.,
983 5668 1164 5740 Colb.,
1191 5668 1390 5726 VatJet
1418 5668 1580 5726 Caru.
1612 5668 1782 5723 nescio
1820 5677 1996 5722 utrum
2018 5709 2034 5733 ,

848 5768 1124 5830 Parnon.
1157 5763 1274 5825 IX.

2216 3351 2302 3405 16.
2337 3349 2440 3406 Cur
2465 3367 2568 3406 non
2601 3368 2632 3404 a
2661 3352 3000 3423 trepidatione
3047 3352 3313 3409 liberatus.
3346 3355 3578 3410 Christus
3626 3373 3738 3411 om—

2142 3441 2285 3495 nium
2312 3443 2614 3512 redemptio.
2644 3474 2716 3484 —
2735 3444 2889 3511 Quod
2913 3452 3090 3498 autem
3121 3445 3424 3514 trepidandi
3472 3446 3584 3511 illi,
3630 3462 3740 3503 non

2141 3537 2401 3590 virtutem
2433 3535 2780 3604 perveniendi
2809 3535 2876 3590 ad
2907 3550 2966 3590 se
3020 3535 3279 3590 Dominus
3324 3536 3580 3604 indulsit,
3641 3540 3740 3595 sed

2141 3643 2357 3682 manum
2382 3628 2657 3694 extendit,
2711 3628 3221 3700 apprehensumque
3274 3632 3566 3696 sustinuit;
3617 3631 3735 3688 haec

2141 3721 2280 3776 ratio
2299 3729 2404 3776 est.
2434 3719 2551 3775 Non
2581 3729 2699 3776 erat
2720 3721 2937 3792 quidem
2970 3721 3159 3776 Petrus
3209 3723 3422 3778 Domini
3470 3724 3552 3779 sui
3595 3723 3738 3780 iudi-

2141 3829 2278 3884 gnus
2307 3827 2531 3868 accessu
2555 3854 2568 3878 ,
2600 3828 2724 3868 nam
2753 3821 2808 3867 et
2836 3813 3065 3868 tentavit
3092 3814 3375 3881 accedere,
3434 3814 3528 3870 sed
3560 3826 3612 3870 et
3649 3825 3736 3888 ty-

2143 3909 2293 3978 picus
2318 3906 2372 3962 in
2398 3921 2464 3962 eo
2484 3904 2620 3961 ordo
2641 3914 2888 3961 servatus
2914 3913 3015 3961 est.
3047 3904 3165 3960 Non
3195 3906 3339 3961 enim
3366 3907 3595 3962 Domino
3636 3924 3739 3964 sa:-

2141 3997 2247 4055 e'uli
2276 4008 2454 4054 motus
2481 3995 3103 4068 tempestatesque753
3151 3997 3383 4052 calcanti
3405 4039 3418 4062 ,
3451 4001 3736 4071 quisquam

2145 4092 2413 4162 passionis
2438 4106 2559 4146 esse
2582 4090 2853 4162 particeps
2876 4098 3124 4160 p0terat;
3156 4089 3304 4144 solus
3354 4089 3499 4145 enim
3551 4107 3762 4164 passu-g

2143 4199 2234 4238 rus
2257 4199 2354 4252 pro
2374 4181 2624 4237 omnibus
2645 4181 2886 4236 omnium
2931 4190 3149 4250 peccata
3179 4181 3424 4237 solvebat
3456 4200 3468 4234 :
3500 4197 3602 4239 nec
3645 4198 3737 4239 so-

2141 4275 2284 4329 cium
2299 4273 2552 4340 admittit,
2567 4272 2825 4344 quidquid
2846 4273 3180 4328 universitati
3213 4283 3502 4343 praestatur
3514 4277 3582 4332 ab
3603 4292 3734 4333 uno.

2142 4367 2220 4423 Ita
2263 4383 2384 4424 cum
2436 4375 2582 4422 esset
2635 4366 2753 4436 ipse
2803 4365 3107 4436 redemptio
3155 4367 3573 4434 universorum,
3617 4378 3738 4424 erat

2143 4459 2305 4515 etiam
2332 4459 2528 4513 Petrus
2555 4464 2680 4513 ante
2702 4456 3054 4512 redimendus
3073 4498 3088 4524 ,
3117 4456 3184 4512 ad
3223 4457 3618 4528 redemptionis
3665 4460 3739 4514 is-

2145 4552 2249 4606 tius
2271 4549 2428 4605 fidem
2457 4548 2536 4622 (g)
2562 4557 2672 4604 tum
2696 4549 2748 4603 in
2771 4547 2969 4604 Christi
3005 4557 3297 4620 martyrem
3330 4561 3658 4608 reservatus.

2061 4627 2116 4687 D
2216 4643 2300 4696 17.
2336 4641 2522 4696 Petrus
2550 4641 2652 4710 ﬁde
2679 4650 2885 4696 caeteros
2914 4642 3112 4696 anteiit.
3149 4673 3223 4682 -—
3263 4641 3332 4696 Et
3361 4643 3542 4699 hocin
3575 4645 3737 4702 Petro

2144 4733 2596 4790 considerandum
2654 4743 2766 4799 est,
2837 4732 2943 4788 fide
2994 4749 3117 4789 eum
3172 4741 3399 4790 cmteros
3450 4738 3734 4795 anteisse:

2139 4843 2262 4881 nam
2295 4827 2665 4896 ignorantibus
2689 4827 2934 4893 caeteris,
2959 4827 3162 4896 primus
3212 4831 3524 4899 respondit:
3564 4832 3640 4887 Tu
3683 4852 3739 4891 es

2139 4919 2312 4975 Filius
2341 4918 2435 4973 Dei
2460 4920 2556 4973 viui
2605 4917 2816 4989 (Matth.
2863 4933 2980 4984 XVI,
3023 4919 3133 4990 17).
3161 4920 3372 4977 Primus
3397 4925 3734 4996 passionem,

2138 5012 2265 5067 dum
2288 5011 2486 5066 malum
2508 5019 2677 5082 putat,
2699 5011 2994 5066 detestatus
3016 5021 3092 5066 est
3113 5011 3300 5085 (lbid.,
3321 5014 3438 5088 22).
3454 5017 3663 5076 Primus
3684 5032 3741 5078 et

2138 5106 2460 5160 moriturum
2481 5120 2540 5160 se
2559 5146 2575 5173 ,
2606 5113 2662 5160 et
2691 5120 2797 5160 non
2823 5114 3136 5176 negaturum
3181 5109 3472 5180 spOpondit
3509 5112 3733 5185 (Matth.

2140 5258 2207 5297 an
2232 5241 2288 5295 in
2317 5256 2673 5295 mensurarum
2711 5241 2844 5296 loco.

2235 5313 2292 5382 ά)
2322 5311 2377 5391 l_n
2411 5327 2522 5391 uno
2568 5328 2672 5391 ms.
2942 5313 3254 5391 credentium
3297 5335 3317 5374 :
3372 5333 3479 5374 non
3539 5320 3736 5391 placet.

2137 5382 2318 5462 Habes
2341 5383 2458 5436 loco
2485 5383 2701 5462 laudato
2723 5383 2792 5437 de
2814 5382 2965 5462 Trin.
3013 5385 3417 5462 Prtefringentes
3457 5391 3510 5444 in
3541 5382 3734 5448 'minis-

2139 5455 2404 5526 teriosunt
2423 5453 2645 5518 ,edentes
2667 5455 2720 5506 in
2740 5457 2940 5526 negotio
2960 5468 3098 5523 sunt,
3114 5453 3387 5515 esurientes
3407 5464 3568 5514 saturi
3591 5475 3734 5520 sunt.

2213 5524 2287 5600 (e)
2303 5523 2544 5600 Quatuor
2563 5539 2666 5600 non
2683 5523 2956 5600 inferioris
2971 5539 3111 5585 nota:
3123 5545 3227 5586 ms.
3251 5533 3479 5600 corporis
3493 5532 3733 5591 adventu.

2215 5525 2266 5590 (e
2303 5524 2544 5591 Quatuor
2563 5539 2666 5578 non
2683 5524 2956 5582 inferioris
2971 5539 3080 5584 not:

2215 5597 2267 5665 (ι’
2324 5595 2610 5650 Beccensis
2631 5596 2804 5652 codex
2825 5640 2837 5658 ,
2865 5608 3080 5653 motum.

2215 5524 2294 5736 (gi
2327 5664 2502 5732 Editi,
2553 5683 2670 5721 cum
2710 5667 2764 5722 in
2795 5667 2986 5724 Christi
3037 5688 3080 5723 m

2214 5664 2294 5740 (g)
2327 5664 2502 5732 Editi,
2553 5683 2670 5721 cum
2710 5667 2764 5722 in
2795 5667 2986 5724 Christi
3037 5680 3307 5740 martyrem

3072 5762 3152 5825 32

3369 5687 3386 5730 .‘
3431 5689 3495 5730 ac
3539 5675 3740 5738 deinde
