4172 6188
479 282 620 358 lbos

1646 279 1890 351 ΒΑΝηῂ
1930 278 2184 351 tttLAttit
2226 286 2529 357 EPlSCOPl

3636 304 3779 365 1001

472 428 603 470 sm
623 456 638 482 ,
665 410 783 484 35).
815 410 1027 469 Prinius
1054 406 1220 467 lavari
1250 410 1350 469 sibi
1378 408 1543 482 pedes
1576 408 1854 482 prohibuit
1883 411 2071 487 (Joan.
2102 413 2158 474 Α
2180 414 2546 486 superioribus
2572 370 2754 473 sumit.
2779 414 3160 475 lnﬁdelitatem
3183 414 3329 474 enim
3351 417 3779 492 Pharisaeorum,

475 514 571 563 tun
592 548 606 573 ,
629 506 709 575 8).
740 503 987 560 Gladium
1016 519 1229 575 quoque
1256 505 1519 561 adversus
1573 518 1698 570 eos,
1747 506 1838 578 qui
1893 507 2077 563 Domi-

477 614 608 656 num
668 597 1230 667 comprehendebant,
1276 598 1461 655 eduxit
1503 599 1706 672 (Joan.
1763 612 1923 670 εγω,
1970 598 2076 675 l0).

552 691 638 748 18.
682 693 923 748 Ascensu
954 700 1132 750 autem
1159 693 1275 765 ejus
1303 694 1355 749 in
1384 696 1585 766 navim,
1622 704 1840 754 ventum
1860 706 1914 753 et
1931 710 2080 752 mare

477 796 602 843 esse
620 785 865 841 sedatum
889 805 903 842 :
935 796 1055 858 post
1076 787 1335 844 claritatis
1366 802 1477 845 suae
1499 790 1754 859 reditum,
1780 789 1856 865 (a)
1879 802 2080 846 :eterna

478 876 738 936 Ecclesia:
760 890 862 953 pax
892 887 945 936 et
976 876 1338 953 tranquillitas
1370 880 1658 939 indicatur.
1691 880 1759 939 Et
1806 883 1931 954 quia
1968 892 2080 937 tum

478 971 799 1028 manifestus
822 970 1096 1035 adveniet,
1117 980 1264 1029 recte
1286 971 1621 1031 admirantes
1656 972 1897 1030 uniVersi
1915 973 2082 1031 idcuti

477 1077 635 1121 sunt:
661 1059 789 1120 Vere
800 1065 939 1136 ﬁlius
955 1063 1052 1122 Dei
1067 1075 1142 1121 est
1155 1061 1367 1137 (Matth.
1385 1082 1474 1123 xtv
1486 1110 1500 1135 ,
1516 1064 1923 1131 '53).Confessio
1937 1065 2080 1121 enim

480 1158 858 1214 universorum
880 1167 990 1213 tum
1006 1165 1060 1213 et
1081 1156 1327 1214 absoluta
1348 1166 1403 1215 et
1426 1159 1635 1230 publica
1654 1158 1778 1225 erit,
1800 1156 1892 1214 Dei
1913 1152 2080 1213 [illum

484 1254 593 1306 non
612 1250 724 1321 iam
756 1251 809 1306 in
832 1249 1135 1307 humilitate
1159 1260 1442 1322 carperea,
1475 1249 1570 1307 sed
1593 1251 1648 1307 in
1674 1248 1847 1323 gloria
1873 1249 2081 1307 cmiesti

480 1352 670 1413 pacem
702 1340 959 1397 Ecclesiae
999 1340 1073 1414 (b)
1106 1340 1428 1399 reddidisse.

564 1432 650 1490 19.
688 1433 770 1489 Ea:
799 1433 1005 1489 Christo
1032 1435 1204 1507 prodit
1230 1434 1581 1506 apostolorum
1630 1434 1813 1490 virtus.
1851 1466 1920 1477 —
1950 1433 2082 1489 Cum

486 1527 934 1599 transfretassent,
957 1537 1203 1582 venerunt
1228 1529 1280 1581 in
1300 1537 1488 1582 (errant
1520 1527 1785 1583 Gennesar
1818 1544 1836 1582 :
1869 1537 1916 1582 et
1964 1542 2079 1581 cum

483 1620 832 1690 cognovissent
866 1634 980 1674 eum
1003 1619 1099 1674 viri
1127 1620 1226 1675 loci
1251 1618 1427 1687 illius,
1460 1619 1747 1675 adorabunt
1775 1636 1888 1675 eum
1913 1617 2076 1692 (Ibid.

479 1712 552 1768 54
589 1723 634 1768 et
662 1712 777 1785 55).
836 1714 907 1785 (c)
954 1713 1115 1769 Multa
1147 1723 1201 1769 et
1226 1713 1404 1770 media
1434 1714 1775 1782 inciderunt,
1802 1728 1923 1786 qua:
1947 1726 2076 1778 nos,

2184 516 2238 561 et
2289 507 2358 580 (ε)
2401 507 2693 578 opprobrio
2743 524 3008 564 cmcorum
3050 509 3272 577 ducum,
3320 522 3375 568 et
3425 510 3786 571 humanarum

2183 600 2530 676 traditionum
2576 600 3050 671 superstitionibus
3093 602 3360 676 coarguit.
3397 603 3464 660 Et
3512 617 3634 676 post
3662 609 3783 664 haec

2185 691 2249 747 ad
2277 694 2527 766 regiones
2556 693 2684 766 Tyri
2712 703 2766 751 et
2792 693 3012 765 Sidonis
3042 696 3208 762 venit,
3241 706 3297 752 et
3320 686 3627 752 Cltananaza
3656 714 3686 753 a
3719 699 3784 754 li-

2183 786 2343 842 nibus
2392 786 2500 843 illis
2526 804 2742 859 egressa
2774 786 2975 844 clamat
3003 800 3163 861 atque
3211 799 3449 858 orat,.et
3495 790 3786 848 Dominum

2186 874 2355 935 David
2371 876 2538 937 ﬁlium
2557 882 2867 950 conﬁtetur,
2892 893 2948 940 et
2976 880 3096 939 ﬁliae
3126 899 3240 938 sua:
3269 899 3429 956 opem
3458 886 3650 955 poscit.
3679 886 3789 942 Do-

2184 972 2363 1030 minus
2390 973 2534 1042 silet,
2565 974 2813 1047 discipuli
2857 992 2956 1048 pro
2988 992 3052 1033 ea
3080 986 3274 1047 rogant
3299 994 3311 1030 :
3336 968 3532 1049 quibus
3562 994 3621 1035 se
3653 993 3786 1050 per-

2134 1105 2141 1109 .
2185 1062 2309 1121 ditis
2353 1062 2542 1123 ovibus
2579 1067 2776 1124 domus
2824 1066 2987 1125 lsrael
3034 1069 3259 1124 missum
3299 1075 3420 1126 esse
3465 1068 3784 1142 respondet.

2184 1154 2277 1215 Illa
2299 1164 2429 1215 vero
2450 1159 2706 1227 adorans,
2735 1151 2981 1232 adjuvari
3009 1176 3067 1217 se
3095 1158 3371 1233 postulat:
3404 1161 3490 1217 cui
3521 1162 3782 1220 Dominus

2185 1254 2281 1320 ait,
2308 1251 2551 1308 illicitum
2571 1268 2691 1309 esse
2716 1269 2906 1324 panem
2931 1248 3160 1309 ﬁliorum
3191 1254 3416 1310 canibus
3440 1254 3660 1313 offerre.
3686 1256 3789 1313 Vi-

2183 1345 2477 1416 cissimque
2505 1344 2593 1401 illa
2621 1345 2929 1415 respondet,
2958 1343 3331 1401 decidentibus
3365 1346 3433 1402 de
3462 1356 3647 1402 mensa
3680 1345 3785 1402 do-

2184 1438 2454 1493 minorum
2485 1436 2638 1493 ‘micis
2673 1436 2743 1493 ali
2783 1437 3005 1494 catellas
3051 1436 3249 1494 solere.
3287 1434 3416 1494 Post
3463 1455 3582 1510 quas
3624 1437 3788 1494 ﬁdem

2184 1528 2301 1599 ejus
2332 1528 2590 1584 Daminus
2626 1526 2919 1597 collaudat,
2964 1540 3017 1585 et
3059 1528 3113 1584 in
3151 1540 3395 1601 tempore
3425 1528 3543 1601 ipso
3587 1526 3786 1603 puella

2185 1621 2387 1677 sanitas
2422 1615 2630 1676 reddita
2653 1631 2735 1676 eet
2760 1619 2924 1693 (Ibid.
2947 1663 2962 1686 ,
2991 1620 3215 1693 23-28).

2255 1708 2310 1767 5.
2344 1709 2636 1767 Chananwa
2658 1712 3029 1784 proselylorum
3059 1714 3249 1787 ﬁgura.
3285 1710 3560 1769 Chananazi
3589 1714 3692 1785 qui.
3715 1745 3788 1755 —

480 1813 603 1875 post
650 1805 887 1876 quinque
916 1804 1142 1881 millium
1166 1806 1403 1862 virorum
1455 1819 1503 1862 et
1536 1808 2003 1878 congregationem
2030 1814 2085 1860 et
2111 1811 2160 1872 Β
2192 1803 2259 1863 Ut
2280 1807 2439 1877 igitur
2467 1806 2579 1872 illa,
2606 1818 2724 1875 qua:
2743 1812 2894 1878 gesta
2924 1811 3072 1874 sunt,
3101 1816 3163 1863 ea
3196 1812 3314 1877 quse'
3342 1808 3567 1863 interior
3586 1818 3673 1865 est
3701 1824 3793 1864 ra-

478 1895 783 1950 satietatem
806 1936 822 1961 ,
846 1895 1136 1951 reddendae
1156 1894 1384 1951 rationis
1409 1896 1590 1952 studio
1614 1896 2077 1952 ὐθιιιοιηειιιιοειιηιε

480 2002 678 2045 sensus
698 1998 877 2043 autem
908 1996 1079 2058 usque
1101 1988 1157 2045 in
1188 1989 1330 2046 hunc
1360 1988 1536 2045 locum
1567 1989 1709 2046 idem
1742 2001 1844 2046 est.
1891 1986 2083 2045 Finitis

479 2083 626 2136 enim
650 2082 784 2149 legis
815 2082 1153 2150 temporibus
1178 2123 1192 2148 ,
1219 2089 1276 2135 et
1296 2092 1362 2137 ex
1388 2078 1551 2136 lsrael
1580 2082 1817 2154 quinque
1843 2080 2083 2136 millibus

477 2174 717 2228 virorum
741 2174 881 2227 intra
913 2172 1215 2228 Ecclesiam
1242 2173 1556 2241 collocatis,
1586 2174 1696 2244 jam
1744 2170 2083 2231 credentium

479 2264 925 2340 (lsraelitarum)
958 2265 1190 2335 pepulus
1214 2267 1455 2321 occurrit
1501 2280 1517 2319 :
1538 2264 1649 2336 jam
1683 2267 1799 2336 ipse
1848 2282 1915 2322 ex
1964 2265 2084 2336 lege

478 2372 580 2429 per
606 2359 767 2413 ﬁdem
788 2358 1002 2425 salvus,
1028 2356 1264 2427 reliquos
1290 2368 1356 2413 ex
1383 2357 1497 2412 suis
1541 2356 1789 2413 inﬁrmos
1816 2366 2083 2429 aegrotos-

480 2465 588 2522 que
617 2449 850 2505 allerens
873 2450 1135 2516 Domino,
1168 2449 1446 2520 oblatique
1498 2449 1736 2505 ﬁmbrias
1782 2447 2079 2505 vestimen-

484 2551 661 2600 torum
694 2540 1008 2613 contingere
1036 2541 1332 2612 optabant,
1362 2542 1480 2598 sani
1531 2556 1630 2613 per
1679 2539 1841 2599 ﬁdem
1894 2542 2081 2599 futuri.

480 2633 588 2691 Sed
611 2644 671 2689 ut
695 2647 763 2689 ex
794 2642 945 2690 reste
975 2641 1094 2688 tota
1138 2632 1367 2688 ﬁmbrias
1387 2676 1401 2698 ,
1424 2633 1497 2688 ita
1525 2640 1592 2689 ex
1622 2629 1851 2691 Domino
1899 2638 2085 2691 nostro

482 2721 618 2782 Jesu
638 2723 854 2781 Christo
874 2726 1045 2780 sancti
1061 2726 1292 2795 Spiritus
1312 2726 1479 2780 virtus
1492 2724 1622 2781 exiit
1638 2745 1652 2781 :
1668 2740 1791 2798 qua:
1826 2727 2086 2798 apestolis

478 2819 627 2886 data,
647 2818 777 2887 ipsis
791 2831 1003 2887 quoque
1027 2825 1296 2884 tamquam
1311 2832 1377 2872 ex
1390 2817 1578 2873 eodem
1593 2833 1819 2889 corpore
1830 2819 2088 2875 ’exeunti-

481 2909 606 2978 bos,
646 2910 875 2964 salutem
891 2908 1078 2980 bisqui
1097 2907 1411 2978 contingere
1436 2910 1676 2980 cupiunt,
1692 2909 2082 2968 subministrat.

1099 3001 1328 3060 CAPUT
1369 3001 1484 3058 XV.

485 3094 567 3151 De
592 3094 829 3150 lavandis
848 3094 1085 3150 manibus
1105 3136 1119 3161 ,
1148 3104 1194 3150 et
1217 3112 1320 3150 non
1345 3109 1404 3149 ea
1426 3109 1542 3166 qua:
1568 3096 1626 3150 in
1653 3112 1710 3150 os
1736 3096 1964 3165 intrant,
1994 3097 2086 3151 sed

2187 1899 2263 1955 tio
2309 1909 2710 1971 consequatur;
2760 1914 2881 1971 quae
2926 1896 3251 1956 Cliananzeae
3290 1905 3519 1972 persona
3559 1902 3659 1970 sit,
3715 1918 3788 1957 ex

2188 1990 2319 2063 ipsis
2365 1990 2650 2049 verborum
2688 1992 2976 2049 Virtutibus
3023 1994 3387 2049 'conluendutn
3427 2000 3530 2050 est.
3568 1990 3787 2064 Fuisse,

2187 2096 2349 2160 at'qite
2378 2089 2539 2144 etiam
2573 2102 2695 2146 esse
2726 2098 2892 2161 penes
2922 2080 3088 2145 Israel
3121 2086 3517 2161 proselytorum
3541 2088 3787 2163 plebem,

2194 2176 2329 2237 ﬁdes
2373 2188 2521 2237 certa
2560 2193 2682 2238 est:
2718 2190 2839 2253 qua:
2871 2180 3007 2255 (scil.
3052 2178 3451 2256 proselytorum
3498 2178 3677 2257 plebs)
3721 2178 3794 2241 de

2187 2273 2436 2347 gentibus
2455 2270 2510 2329 in
2549 2270 2683 2347 legis
2710 2282 2875 2345 opera
2901 2274 3252 2343 transcendit,
3292 2287 3350 2332 et
3376 2277 3501 2333 vita:
3549 2278 3794 2333 anterio—

2188 2367 2264 2422 ris
2293 2376 2509 2439 egressa
2536 2369 2834 2439 regionem,
2870 2368 3169 2441 peregrina:
3199 2370 3632 2440 dominantisque
3652 2366 3794 2441 legis
3842 2367 3857 2371 ’

2190 2469 2467 2534 tamquam
2504 2449 2666 2517 domo
2694 2462 3089 2519 continebatur.
3135 2460 3425 2519 Chananmi
3462 2472 3641 2518 autem
3674 2463 3794 2519 lue-

2189 2564 2315 2612 runt
2361 2559 2551 2623 lerras,
2593 2557 2647 2611 in
2675 2556 2868 2629 quibus
2909 2573 3051 2613 nunc
3077 2554 3263 2613 Judzea
3302 2565 3405 2625 est,
3439 2556 3741 2613 incolentes
3774 2575 3791 2612 :

2190 2649 2281 2722 qui
2308 2646 2391 2706 vel
2416 2647 2559 2707 bello
2603 2648 2928 2722 cnnsumpti,
2958 2646 3044 2707 vel
3084 2652 3137 2706 in
3163 2651 3282 2707 loca
3320 2650 3491 2707 vicina
3520 2638 3778 2720 dispersi,

2191 2744 2273 2800 vel
2297 2742 2352 2799 in
2381 2742 2698 2800 servitutem
2724 2740 3061 2801 devictorum
3085 2744 3393 2801 conditione
3412 2743 3665 2814 subjecti,
3689 2759 3792 2799 no-

2192 2840 2318 2896 men
2370 2847 2578 2895 tantum
2620 2836 2737 2896 sine
2775 2841 2951 2914 patria
2991 2840 3120 2897 sede
3172 2840 3580 2897 circumierunt.
3629 2832 3796 2896 Plebs

2190 2930 2352 3001 igitur
2382 2930 2498 2986 bare
2538 2934 2659 2986 cum
2692 2931 2894 2989 Judreis
2925 2926 3160 2989 admixta
3200 2932 3268 2991 de
3296 2933 3547 3006 gentibus
3590 2940 3691 2988 cst.
3723 2932 3797 2987 Et

2191 3022 2316 3093 quia
2357 3038 2464 3079 non
2506 3033 2590 3078 est
2616 3020 2945 3097 ambiguum,
2989 3025 3043 3081 in
3077 3036 3143 3082 'ea
3174 3020 3325 3081 turba
3369 3032 3488 3098 qua:
3537 3022 3792 3092 credidit,

2191 3115 2399 3185 partem
2433 3116 2751 3175 nonnullam
2784 3120 3179 3195 proselytorum
3208 3119 3406 3187 fuisse,
3452 3120 3648 3175 merito
3675 3119 3796 3175 hac

554 3203 621 3242 ea
643 3200 759 3258 qam
794 3200 855 3257 ea;
875 3203 963 3241 ore
996 3199 1180 3241 exertat
1205 3189 1507 3259 inquinare,
1540 3191 1604 3243 de
1633 3190 1745 3261 ﬁlia
1775 3189 2083 3247 Chananwte

2189 3204 2521 3276 Chananwa,
2554 3208 2952 3284 proselytorum
3000 3211 3234 3267 formam
3260 3213 3573 3282 praeferens,
3605 3210 3800 3265 existi-

563 3280 824 3345 mttlieris,
857 3277 922 3331 de
949 3287 1141 3347 septem
1167 3281 1387 3348 panibus
1415 3290 1460 3334 et
1490 3283 1669 3350 paucis
1696 3283 1940 3352 piscibus.

560 3372 614 3426 1.
640 3369 719 3441 (d)
742 3365 885 3423 Tum:
896 3380 1215 3425 accesserunt
1240 3372 1308 3424 ad
1324 3386 1439 3425 eam
1464 3371 1661 3427 Scriba
1681 3380 1729 3427 et
1759 3371 2012 3429 Pharistei
2028 3376 2090 3429 ab

484 3463 826 3535 Jerosolymis
846 3504 860 3530 ,
892 3462 1114 3517 dicentes
1135 3504 1150 3531 ,
1183 3469 1286 3518 etc.
1318 3462 1537 3538 (Matth.
1569 3478 1659 3532 xv,
1706 3465 1786 3538 l).
1830 3465 2092 3525 Absoluta

485 3565 543 3612 et
565 3555 838 3611 dictorum
865 3563 922 3609 et
945 3561 1220 3623 gestorum
1244 3555 1296 3609 in
1320 3556 1783 3627 consequentibus
1811 3559 1952 3615 ratio
1974 3571 2089 3617 est:

492 3660 619 3702 nam
649 3645 771 3713 his,
798 3660 921 3717 qua:
946 3644 1112 3718 7M
1131 3646 1406 3716 proposita
1438 3646 1680 3721 fuerant,
1716 3650 1832 3720 ipse
1860 3664 2091 3721 reSpon-

486 3738 602 3805 dit,
643 3753 866 3794 onmem
921 3739 1346 3808 plantationem,
1395 3750 1516 3811 qua:
1562 3754 1669 3796 non
1725 3756 1755 3797 a
1801 3742 1960 3799 Patre
1988 3746 2089 3812 sit,

491 3828 875 3886 eradicandam
900 3828 1087 3883 dicens
1117 3827 1320 3899 (Ibid.,
1351 3829 1465 3902 15),
1500 3831 1552 3885 id
1601 3840 1719 3899 est,
1744 3833 2091 3891 traditionem

493 3919 774 3975 hominum
816 3918 1113 3976 eruendam
1144 3942 1158 3986 -,
1200 3922 1355 3991 cujus
1400 3922 1617 3990 favore,
1655 3925 1790 3996 legis
1827 3938 2093 3998 pnecepta

490 4012 816 4082 transgressi
837 4022 960 4067 sunt
989 4029 1001 4065 :
1029 4021 1083 4067 et
1110 4010 1231 4069 ideo
1262 4026 1384 4069 esse
1415 4027 1511 4070 eos
1537 4015 1703 4073 duces
1728 4032 1934 4087 caecos,
1969 4023 2093 4078 vitae

492 4115 714 4162 teter-nte
750 4107 856 4161 iter
892 4105 1035 4175 quod
1061 4120 1170 4161 non
1203 4105 1422 4162 videant
1452 4109 1789 4178 pollicentes,
1820 4115 2090 4186 caecisque

491 4201 626 4271 ipsis
652 4210 709 4255 et
727 4198 955 4254 ducibus
977 4212 1243 4254 ezecorum
1270 4212 1456 4255 casum
1480 4201 1533 4256 in
1565 4202 1770 4259 foveam
1801 4217 1925 4263 esse
1942 4221 2096 4263 eom-

427 4296 432 4302 ’
495 4306 736 4348 munem.

565 4386 622 4441 2.
664 4385 762 4458 (al.
795 4382 1027 4440 CANON
1052 4386 1144 4455 xv)
1171 4381 1241 4437 Et
1252 4398 1483 4455 egressus
1503 4386 1623 4442 inde
1648 4387 1801 4444 Jesus
1826 4394 2026 4447 secessit
2040 4395 2096 4448 in

496 4490 667 4555 partes
691 4478 819 4552 Tyri
842 4490 889 4533 et
918 4480 1151 4536 Sidonis.
1187 4476 1256 4531 Et
1284 4494 1396 4533 ecce
1424 4480 1610 4536 mulier
1638 4480 1932 4539 Chananwo
1963 4503 1993 4539 a
2024 4487 2091 4554 ﬁ-

495 4574 650 4630 nibus
670 4574 780 4626 illis
800 4585 1027 4643 egresso,
1054 4570 1316 4630 clamavit.
1334 4579 1391 4626 et
1412 4572 1618 4642 reliqua
1635 4574 1653 4643 ζ
1662 4573 1685 4626 Ι
1693 4572 1797 4628 bid.
1820 4574 1886 4630 2i
1913 4576 2064 4649 e122)
2078 4617 2090 4632 .

498 4668 723 4723 Diversa
746 4664 1084 4720 curationum
1121 4679 1320 4735 genera
1349 4664 1591 4722 diversos
1614 4680 1898 4725 causarum
1944 4686 2094 4728 com-

496 4761 813 4832 plectuntur
840 4756 1062 4813 euectus
1090 4774 1102 4809 :
1128 4755 1225 4812 sed
1253 4768 1341 4811 res
1361 4765 1519 4829 atque
1546 4774 1726 4817 sermo
1752 4761 1999 4820 ordinem
2022 4781 2090 4822 ex

501 4937 670 4996 iidem
688 4944 917 5006 excepto
929 4933 1061 4989 Bad.
1081 4942 1386 4989 reservatur.
1401 4933 1757 5009 Corriguntur
1774 4943 2094 5002 auctoritate

500 5025 635 5066 mss.

680 5060 836 5153 Ball,
860 5068 954 5132 Er.
982 5085 1038 5132 et
1058 5092 1189 5153 m_ss.
1228 5086 1440 5153 interna:
1489 5078 1755 5135 Ecclesiw.
1801 5083 2094 5153 Superiora

501 5149 871 5221 sic'v‘erteuda
897 5159 1018 5204 sunt
1045 5167 1057 5202 :
1091 5149 1238 5214 Quod
1256 5161 1424 5204 autem
1453 5168 1591 5203 mare
1605 5156 1835 5207 sedatum
1860 5149 1954 5221 est,
1985 5168 2091 5213 etc.

576 5224 651 5292 (lt)
678 5220 830 5285 Apud
855 5220 977 5274 Par.
998 5228 1060 5292 ut
1081 5223 1132 5273 in
1163 5235 1291 5292 tnss.
1341 5221 1521 5292 Coll),
1542 5231 1597 5277 et
1643 5222 1808 5278 Caro.
1851 5229 2044 5283 redisse
2076 5246 2096 5283 :

544 5291 679 5368 otes't
702 5300 769 5368 et
794 5306 858 5346 ea
885 5291 1046 5368 lectio
1076 5291 1327 5368 retineri,
1357 5310 1460 5363 qua
1484 5291 1685 5368 Clll‘lSil
1704 5338 1719 5358 ,
1748 5298 1838 5366 qui
1867 5308 1952 5351 est
1991 5314 2093 5368 pax

553 5364 800 5428 celesiut,
851 5364 1115 5429 gloriosus
1163 5361 1780 5434 redittts‘prmtitcetur'
1812 5361 2092 5426 Deis-dein

502 5434 691 5490 iisdem
734 5444 1008 5504 mss.cum
1051 5432 1451 5504 lruttsfrelassel.
1492 5434 1610 5489 Mox
1657 5439 1969 5504 reponimus
2025 5458 2093 5498 ex

502 5521 609 5562 ms.
638 5503 804 5581 Mic‘n.
832 5502 1113 5581 Centiesar,
1143 5503 1286 5581 quod
1296 5506 1558 5581 proprius
1581 5502 1793 5563 accedit
1829 5512 1895 5565 ad
1922 5528 2087 5581 grate.

501 5576 809 5650 raooee'apée
834 5615 849 5641 ,
885 5572 975 5627 ubi
1004 5575 1070 5650 in_
1086 5574 1360 5650 nonnullis
1386 5572 1719 5650 ,Cehttasar,
1761 5581 1904 5650 apud
1925 5572 2088 5637 "Ball.

503 5659 558 5723 et
582 5648 675 5701 Er.
708 5644 1022 5699 Gennassar.
1051 5644 1107 5699 In
1135 5646 1350 5699 caeteris
1366 5645 1647 5703 codicibus
1672 5662 1731 5705 ut
1761 5644 1812 5707 in
1844 5652 2090 5723 Vulgata,

506 5714 753 5769 Genesar.

577 5785 646 5854 (c)
678 5784 897 5853 Aliquot
924 5800 1056 5841 mss.
1089 5784 1252 5839 mlta
1280 5801 1306 5840 e
1334 5785 1520 5841 medio.

2193 3292 2428 3355 mabitur
2469 3300 2605 3357 lines
2644 3309 2774 3358 suos
2821 3319 3062 3375 egressa,
3094 3320 3162 3359 ex
3195 3304 3449 3376 gentibus
3492 3301 3701 3358 scilicet
3739 3300 3796 3357 in

2194 3390 2375 3462 populi
2399 3384 2626 3448 alterius
2650 3410 2848 3450 nomen
2879 3386 3151 3463 excedens
3175 3414 3186 3449 :
3213 3409 3332 3467 qua:
3355 3411 3454 3467 pro
3483 3393 3609 3461 lilia,
3647 3393 3802 3450 vide-

2194 3480 2320 3539 licet
2350 3487 2590 3555 gentium
2625 3487 2805 3557 plebe,
2834 3498 2974 3543 orat.
3006 3487 3075 3545 Et
3104 3490 3228 3561 quia
3258 3489 3545 3544 Dominum
3593 3502 3800 3556 cogno-

2195 3576 2271 3628 vit
2311 3591 2376 3630 ex
2420 3573 2562 3648 lege,
2603 3576 2770 3634 David
2813 3578 2981 3635 ﬁlium
3038 3589 3332 3651 nuncupat.
3381 3568 3442 3635 in
3489 3579 3607 3649 lege
3648 3580 3798 3634 enim

2194 3672 2342 3741 virga
2393 3664 2460 3727 de
2500 3662 2683 3729 radice
2721 3664 3073 3749 Jesse(Esai.
3104 3693 3180 3743 ιι,
3206 3678 3286 3749 l),
3334 3684 3394 3732 et
3438 3672 3606 3731 David
3646 3675 3797 3730 ﬁlius

2195 3762 2384 3817 aeterni
2408 3772 2462 3817 et
2481 3764 2721 3821 c‘trlesiis
2747 3768 2897 3838 regni
2927 3784 3019 3822 rex
3049 3768 3358 3823 continetur
3378 3765 3518 3839 (λεν.
3540 3781 3690 3832 xxttt,
3711 3765 3798 3838 5).

2268 3852 2325 3907 4.
2360 3850 2668 3910 Chanamew
2694 3857 2808 3926 ﬁlia
2839 3867 3022 3931 typum
3042 3861 3175 3930 gerit
3199 3858 3467 3914 Ecclesiw.
3505 3857 3659 3913 Fidei
3690 3858 3805 3921 pri-

2197 3945 2357 4000 mitia:
2395 3964 2459 4001 ea;
2484 3945 2670 4003 Israel.
2699 3980 2773 3991 —
2802 3951 2921 4024 Ipsa
2958 3953 3176 4023 quidem
3224 3954 3503 4009 curatione
3527 3953 3637 4023 jam
3686 3966 3804 4008 non

2198 4047 2339 4109 eget,
2384 4054 2505 4110 qua:
2543 4038 2815 4098 Christum
2863 4053 2919 4100 et
2978 4045 3264 4102 Dominum
3311 4057 3366 4103 et
3420 4045 3588 4100 David
3627 4043 3806 4100 ﬁlium

2198 4128 2523 4186 conﬁtetur:
2551 4132 2646 4189 sed
2690 4130 2811 4190 lilia:
2849 4144 2983 4203 sum,
3036 4137 3181 4209 plebi
3223 4138 3476 4194 videlicet
3516 4136 3791 4208 gentium,

2193 4212 2360 4295 7E5
2392 4222 2669 4282 dominatu
2712 4229 3113 4286 immundorum
3160 4231 3445 4298 Spit-ituum
3490 4245 3796 4301 occupatae,

2199 4330 2357 4385 OpelIl
2403 4322 2595 4387 poscit.
2648 4320 2906 4378 Dominus
2947 4332 3125 4392 tacet,
3162 4322 3235 4398 (θ’)
3286 4322 3486 4380 silentii
3540 4325 3805 4394 patientia

2198 4400 2363 4464 Israel
2398 4404 2733 4484 privilegium
2779 4416 2971 4483 salutis
3011 4434 3323 4473 reservans.
3359 4418 3427 4474 Et
3474 4420 3802 4475 miserantes

2205 4500 2455 4572 discipuli
2488 4521 2674 4574 preces
2695 4507 2967 4579 jungunt:
2999 4511 3095 4567 sed
3143 4527 3399 4569 arcattum
3439 4510 3535 4568 ille
3562 4522 3808 4582 paterna

2123 4590 2178 4651 Ι)
2205 4592 2494 4651 voluntatis
2530 4600 2835 4668 continens,
2871 4604 3064 4659 ovibus
3092 4619 3153 4659 se
3193 4605 3415 4674 perditis
3455 4605 3625 4661 lsrael
3668 4605 3806 4661 mis-

2202 4697 2320 4739 sum
2345 4702 2466 4742 esse
2496 4691 2774 4761 respondit
2802 4711 2814 4747 :
2842 4702 2901 4750 ut
2926 4696 3172 4752 absolute
3205 4698 3454 4768 liqueret,
3483 4710 3668 4771 typum
3701 4694 3807 4755 Eo-

2195 4775 2378 4834 clesia:
2416 4776 2739 4839 Chananaea:
2768 4784 2933 4842 ﬁliam
2954 4790 3268 4857 continere;
3291 4806 3413 4845 cum
3435 4790 3526 4845 illa
3551 4799 3804 4861 posceret

2272 4951 2353 5039 ζα)
2378 4953 2520 5039 Edit-i
2552 4957 2655 5013 ltoc
2684 4977 2747 5015 xv
2777 4973 2938 5033 caput
2968 4981 2999 5019 a
3027 4968 3206 5023 verbis
3233 4984 3383 5023 num.
3416 4969 3804 5039 2,0rdiuntnr,

2196 5022 2601 5111 refragantibus,
2627 5044 2758 5111 mss.
2795 5022 3003 5111 necnon
3043 5022 3199 5092 Sacro
3232 5022 3379 5111 textu

2199 5108 2320 5178 cum
2353 5106 2615 5178 praeterea
2645 5104 2816 5178 prima
2845 5108 3126 5164 titulorum
3159 5125 3281 5178 pars
3302 5110 3368 5164 de
3394 5112 3629 5166 lavandis
3688 5104 3805 5168 ora;

2199 5166 2365 5290 alim,
2393 5177 2527 5235 ctc.,
2551 5172 2617 5225 ad
2642 5166 2873 5243 primum
2896 5166 3483 5238 dumtaxatnumerum
3498 5184 3690 5239 referri
3713 5166 3809 5239 va-

2272 5327 2342 5399 (ε)
2374 5330 2430 5385 In
2478 5334 2730 5410 vulgatis,
2756 5349 2803 5392 et
2844 5342 3199 5410 opprobrium.
3232 5344 3449 5399 Rectius
3481 5346 3533 5400 in
3567 5344 3812 5400 meliori-

2198 5398 2299 5454 bus
2322 5416 2453 5455 mss.
2482 5398 2778 5472 approbrio,
2805 5398 2925 5466 scil:
2956 5398 3195 5472 coarguit
3229 5432 3291 5468 ac
3314 5398 3533 5470 damna‘l
3570 5398 3809 5472 inﬁdeli-

2201 5480 2364 5557 tatem
2398 5457 2815 5557 Pilia-ri'szco'run‘t.
2862 5483 3062 5557 Deinde

2199 5554 2314 5594 rum
2341 5544 3113 5626 traditionumsuperstitiones.
3144 5557 3294 5626 Lips.
3329 5562 3384 5613 ct
3415 5544 3567 5623 Pan,
3602 5577 3666 5614 ea:
3706 5560 3809 5613 lm-

2199 5625 2498 5698 t‘rtanarunt,
2679 5619 2750 5698 in
2790 5638 2892 5677 ins.
2926 5620 3130 5681 Ttrron.
3168 5619 3491 5698 ti'secund’a
3535 5619 3716 5698 oratiu,
3754 5641 3808 5684 et

2202 5684 2544 5741 humanarum
2570 5688 2911 5748 traditionum
2941 5696 3340 5768 superstitionis.

2278 5801 2350 5872 (ι’)
2384 5801 2549 5872 Editi,
2583 5808 2773 5864 silentii
2812 5814 3106 5884 paenitentia
3133 5833 3152 5870 :
3173 5819 3533 5877 emendantur
3566 5835 3633 5876 ex
3666 5834 3803 5877 mss.
