4172 6188
423 290 563 346 1005

1323 284 1871 349 COMMENTARIUS
1910 288 1976 344 1N
2010 288 2425 348 MATTHEUM
2468 290 2623 349 CAP.
2667 290 2780 349 XV.

3575 296 3714 366 ioco

415 403 561 474 quod
593 403 710 460 aliis
732 399 812 479 (a)
849 402 1211 480 deferebatur,
1245 421 1353 461 non
1378 405 1519 485 quod
1546 420 1655 461 non
1682 410 1736 461 et
1760 404 2014 476 gentibus
2038 406 2087 471 Α
2119 418 2416 475 eorumque
2452 407 2681 477 piscium
2717 409 2943 480 explent
2971 411 3211 467 virorum
3250 422 3480 485 quatuor
3508 420 3710 477 milliae

413 496 774 566 impertienda
798 496 943 552 salus
973 507 1117 554 esset
1147 514 1159 551 :
1194 497 1288 553 sed
1318 484 1430 553 suis
1464 498 1724 553 Dominus
1763 506 1922 569 atque
1954 499 2007 553 in

412 603 510 644 sua
552 595 805 656 venerat,
851 589 1111 659 primitias
1144 588 1217 662 (ὁ)
1259 598 1389 660 ergo
1429 587 1553 644 fidei
1580 589 1648 644 ab
1692 587 1778 644 his
1813 588 2009 658 quibus

412 689 530 736 erat
574 690 723 736 ortus
754 677 827 755 (c)
866 690 1208 752 exspectans,
1241 684 1453 738 caeteris
1483 680 1737 752 deinceps
1775 681 2003 753 Aposm-

412 768 590 829 lorum
626 771 1009 845 prmdicatione
1050 773 1345 829 salvandis.
1380 774 1555 843 Atque
1588 772 1709 828 ideo
1741 773 1850 828 ait:
1887 770 2007 828 Non

412 865 528 921 licet
542 869 774 937 accipere
790 880 974 937 panem
991 865 1239 935 ﬁliorum,
1261 876 1309 921 et
1322 863 1447 921 dare
1460 862 1668 921 canibus
1680 862 1728 937 (1
1738 862 1823 918 bid
1835 907 1842 917 .
1856 905 1870 930 ,
1885 860 2001 933 26).

409 949 631 1016 Delatus
662 959 826 1017 lsrael
876 960 1071 1025 honor,
1119 956 1425 1017 affectusin
1467 972 1590 1015 cum
1625 957 1720 1012 Dei
1762 958 2005 1014 cumulat

410 1054 666 1111 invidiam
695 1071 708 1109 :
733 1056 884 1125 juxta
918 1053 999 1128 (ἀ)
1029 1062 1190 1126 quem
1228 1054 1383 1126 plebs
1413 1053 1652 1125 gentium
1683 1052 1889 1123 accepit
1916 1066 2005 1106 ca-

411 1165 541 1205 num
565 1165 784 1205 nomen.
809 1144 914 1204 Sed
929 1147 1231 1203 Cltattanma
1251 1148 1357 1218 jam
1388 1149 1501 1218 ipsa
1524 1161 1620 1217 per
1648 1143 1807 1201 fidem
1832 1144 2001 1212 salva,

408 1255 464 1300 et
492 1241 766 1298 interioris
789 1249 934 1298 certa
971 1241 1228 1313 mysterii,
1266 1239 1543 1311 respondit
1572 1239 1749 1304 micis,
1788 1252 1908 1308 qum
1936 1236 2006 1293 de

411 1354 594 1396 mensa
637 1336 959 1402 exciderint,
988 1334 1134 1406 pasci
1172 1332 1418 1401 catellos,
1464 1344 1657 1389 canum
1710 1328 2003 1403 opprobrio

405 1431 518 1503 jam
570 1423 670 1486 sub
706 1420 1079 1485 blandimento
1119 1426 1420 1481 ditninutivi
1449 1422 1686 1480 nominis
1729 1425 1999 1495 mitigato.

481 1515 534 1579 5.
578 1514 708 1577 Tum
749 1518 931 1577 deinde
971 1520 1038 1575 ad
1065 1516 1222 1590 ﬁdem
1260 1527 1510 1574 vocantur
1542 1522 1732 1589 gentes.
1757 1546 1829 1558 —
1858 1512 1921 1570 Et
1946 1522 2005 1570 ut

407 1618 682 1675 silentium
720 1614 931 1671 Domini
976 1612 1399 1685 intelligeremus
1430 1626 1494 1668 ex
1528 1612 1738 1667 ratione
1793 1616 2002 1678 tempo-

408 1712 507 1777 ris,
536 1725 643 1767 non
670 1725 735 1766 ex
768 1706 1059 1763 voluntatis
1081 1704 1396 1762 difﬁcultate
1428 1700 1725 1775 proficisci,
1756 1700 1955 1772 adjecit
1987 1717 2001 1756 :

2114 497 2186 552 ita
2213 506 2390 554 tamen
2429 541 2443 565 ,
2480 500 2623 571 quod
2648 500 2924 572 replendis
2946 514 3152 576 septem
3181 511 3378 578 sportis
3399 513 3714 581 praefractus

2110 592 2285 661 panis,
2328 595 2585 649 saturatis
2610 594 2882 662 omnibus,
2910 598 3196 653 abundavit
3232 600 3422 672 (Ibid,
3450 605 3565 676 57).

2181 685 2235 739 7.
2273 683 2453 758 Supra
2483 686 2862 757 lsraelitarum,
2894 700 3031 745 nunc
3052 695 3278 764 gentium
3309 696 3436 765 ﬁdes
3467 701 3713 768 exprimi-

2108 786 2215 833 tur.
2246 779 2407 835 —Et
2452 792 2743 839 occurrunt
2784 785 3000 856 quidem
3038 789 3205 844 multa
3246 804 3369 863 qua:
3415 802 3553 851 nova
3582 808 3709 855 sunt

2108 869 2323 939 (collata
2351 886 2467 928 cum
2509 891 2565 930 eo
2594 877 2734 941 quod
2770 874 2960 933 Matth.
2994 896 3105 948 x1v,
3133 896 3223 950 xv,
3266 893 3385 955 etc.,
3408 901 3709 947 enarratum

2109 962 2227 1031 est).
2259 965 2516 1037 Discipuli
2536 971 2698 1026 nnius
2732 968 2839 1027 diei
2863 968 3129 1043 jejunium
3154 977 3502 1048 miserantes;
3545 987 3706 1055 quin-

2106 1070 2213 1127 que
2246 1059 2417 1114 millia
2464 1058 2700 1119 virorum
2741 1062 2808 1119 ad
2850 1066 3177 1124 caemendos
3219 1070 3367 1128 cibos
3408 1078 3607 1133 remitti
3655 1080 3709 1135 in

2107 1144 2329 1205 castella
2354 1152 2649 1209 voluerunt
2677 1172 2690 1210 :
2716 1170 2857 1212 nunc
2889 1164 3001 1215 toto
3026 1154 3208 1216 triduo
3230 1171 3427 1220 iacent.
3455 1165 3521 1222 Et
3551 1167 3709 1225 dein-

2102 1252 2236 1310 ceps
2264 1242 2408 1297 tirno
2435 1247 2680 1314 superior
2711 1244 2863 1302 turba
2898 1246 3260 1308 substernitur
3289 1273 3302 1311 :
3335 1253 3451 1312 haec
3497 1270 3708 1315 accum-

2107 1330 2185 1387 bit
2207 1335 2260 1389 in
2291 1340 2456 1391 terra.
2492 1334 2616 1394 Illic
2643 1340 2884 1411 quinique
2905 1348 3094 1414 panes,
3129 1344 3215 1401 hic
3241 1358 3446 1419 septem
3476 1348 3711 1410 oderun-

2103 1428 2233 1480 tur:
2268 1422 2378 1482 illic
2405 1426 2512 1483 duo
2539 1424 2742 1500 pisces,
2784 1428 2873 1488 hic
2912 1432 3247 1501 indeiittitus.
3296 1442 3395 1496 sub
3423 1446 3710 1515 paucitatis

2104 1520 2286 1607 tamen
2318 1518 2733 1590 significatione,
2756 1536 3015 1582 numerus
3038 1537 3144 1584 est.
3176 1528 3294 1585 lllic
3324 1533 3560 1607 quinque
3587 1534 3708 1594 mil-

2105 1604 2174 1701 lia
2218 1610 2476 1680 virorum,
2522 1613 2611 1669 hic
2660 1625 2936 1687 quatuor:
2969 1615 3079 1676 illic
3136 1620 3421 1682 duodecim
3464 1604 3700 1701 cephini,

2108 1696 2196 1754 hic
2222 1708 2430 1770 septem
2462 1714 2665 1772 sporta:
2689 1709 2930 1776 repletae.
2968 1708 3035 1765 Et
3074 1715 3447 1783 superioribus
3485 1696 3705 1790 quidem

413 1796 459 1859 υ
493 1804 698 1869 mittier,
753 1818 939 1875 magna
989 1811 1061 1856 est
1092 1796 1217 1871 fides
1247 1808 1335 1855 tua
1366 1794 1528 1872 (Ibid.
1549 1841 1564 1866 ,
1606 1798 1700 1870 '28)
1732 1813 1743 1851 :
1779 1794 2002 1870 (supple,
2037 1790 2085 1860 Β
2110 1800 2244 1860 puto
2270 1798 2397 1848 esse
2438 1802 2781 1865 reSponsum,
2811 1806 2868 1854 et
2898 1800 3077 1856 omnia
3105 1805 3257 1871 juxta
3290 1813 3581 1876 personam
3610 1827 3711 1883 po.

407 1895 489 1969 ut)
512 1888 700 1952 salutis
722 1908 834 1950 suae
855 1895 1059 1949 scilicet
1088 1894 1201 1964 ipsa
1227 1888 1337 1962 jam
1369 1902 1539 1959 certa,
1576 1891 1703 1961 quin
1737 1893 1898 1944 etiam
1934 1886 2004 1942 de

409 1991 650 2062 gentium
679 1986 1099 2059 ccttgregatione
1135 1984 1365 2039 confidat
1394 1994 1529 2053 :quo
1566 1980 1618 2035 in
1655 1986 1900 2049 tempore
1930 1978 2005 2032 ita

410 2086 717 2151 credentes,
746 2101 866 2139 mox
890 2093 944 2137 ut
974 2080 1169 2153 puclla,
1199 2076 1266 2134 ab
1290 2078 1433 2133 omni
1462 2074 1737 2132 dominatu
1768 2072 2006 2130 immun-

409 2181 604 2237 dorum
658 2179 944 2249 Spirituutn
977 2172 1369 2229 liberabuntur.
1407 2169 1475 2225 Et
1504 2169 1761 2225 continuo
1791 2164 1913 2221 facti
1942 2164 2005 2218 fi-

409 2272 508 2329 des
536 2271 795 2342 sequitur.
830 2262 960 2322 Nam
996 2275 1117 2337 post
1158 2264 1552 2335 prmliguratam
1591 2260 1645 2316 in
1685 2256 2007 2315 Chananzea:

410 2362 518 2421 lilia
550 2363 788 2437 gentium
811 2360 1045 2434 plebem,
1084 2357 1340 2415 continuo
1371 2357 1423 2411 in
1464 2364 1647 2410 monte
1674 2351 1888 2408 obsessi
1915 2360 2006 2407 va-

411 2462 499 2519 rio
545 2474 745 2531 genere
782 2455 1094 2513 morborum
1139 2469 1168 2507 a
1215 2451 1386 2509 turbis
1429 2448 1658 2505 Domino
1703 2444 2004 2504 offeruntur

408 2550 609 2624 (lbid.,
658 2542 729 2606 29
760 2560 807 2602 et
859 2542 975 2617 50),
1012 2538 1064 2600 id
1116 2552 1219 2609 est,
1276 2557 1307 2597 a
1360 2538 1703 2597 credentibus
1763 2538 2007 2595 infideles

409 2643 704 2716 mgrotiqtte
761 2648 818 2696 ut
878 2636 1107 2694 adorent
1163 2646 1217 2692 et
1271 2633 1549 2705 procidant
1601 2635 1935 2689 instruuntur
1990 2649 2003 2685 :

408 2734 710 2808 quibusque
773 2728 919 2787 salus
964 2726 1229 2796 redditur,
1281 2738 1441 2799 atque
1497 2726 1564 2781 ad
1627 2721 2002 2791 sentiendum,

411 2830 809 2895 contuendum,
860 2820 1218 2893 laudandum,
1265 2821 1740 2894 comitandumque
1798 2821 2003 2887 Deum,

407 2922 591 2979 omnia
621 2932 675 2977 et
701 2918 898 2976 memis
923 2928 978 2975 et
1000 2918 1245 2989 corporis
1276 2916 1573 2971 ministeria
1612 2912 2003 2971 reformantur.

481 3019 536 3073 6.
559 3017 713 3072 Iesus
756 3026 924 3071 autem
965 3013 1253 3069 convocatis
1302 3010 1572 3079 discipulis
1612 3009 1731 3062 ait:
1755 3004 2004 3062 Misereor

407 3112 572 3167 turba:
601 3111 755 3177 huic;
803 3109 923 3180 quia
946 3106 1169 3161 triduum
1192 3114 1265 3160 est
1279 3105 1395 3175 jam
1424 3101 1558 3174 quod
1587 3110 1870 3175 perseverat
1902 3115 2007 3152 me-

2108 1884 2222 1954 puli
2245 1898 2613 1957 congruenter
2634 1903 2757 1947 esse
2783 1891 3044 1963 subjecta.
3072 1890 3225 1955 Nunc
3247 1912 3462 1974 qucque
3487 1918 3707 1977 eompe-

2109 1984 2311 2033 tentem
2343 1981 2421 2036 rei
2452 1990 2616 2050 atque
2644 1992 2825 2041 eausa:
2861 1990 3128 2044 rationem
3161 1988 3360 2050 afferre
3394 2008 3662 2057 tentemus
3692 2021 3704 2057 :

2107 2075 2168 2122 ut
2218 2069 2672 2139 quemadmodum
2736 2075 2827 2130 illa
2869 2075 3109 2136 Judaicte
3169 2082 3507 2146 credentium
3571 2104 3708 2150 con--

2106 2168 2305 2232 grutmt
2334 2163 2496 2233 plebi,
2529 2164 2601 2221 ita
2631 2164 2747 2223 haec
2790 2170 2987 2239 popqu
3016 2174 3256 2242 gentium
3300 2188 3704 2251 comparentur.

2179 2252 2233 2310 8.
2266 2253 2711 2323 Baptizandorum
2740 2259 2863 2331 ﬁdei
2904 2265 3177 2336 professio.
3213 2266 3478 2343 Jejunium
3503 2277 3708 2345 passio-

2108 2348 2192 2402 nis
2230 2348 2507 2405 dominicas
2552 2361 2797 2422 tenipore.
2826 2355 3063 2412 ——0rdo
3092 2360 3256 2430 igitur
3298 2360 3439 2420 idem
3490 2366 3546 2424 in
3592 2378 3710 2427 ser-

2109 2452 2273 2497 mone
2303 2440 2516 2498 Domini
2542 2452 2647 2509 est,
2676 2444 2766 2513 qui
2792 2446 2848 2502 in
2891 2453 3478 2528 consequenda‘gratia
3504 2466 3707 2518 manet.

2112 2531 2337 2589 Venturi
2364 2535 2509 2590 enim
2540 2536 2606 2591 ad
2651 2536 2999 2608 baptismum,
3031 2544 3181 2613 prius
3227 2547 3557 2606 conﬁtentur
3585 2556 3710 2610 cre-

2109 2623 2240 2681 dere
2287 2641 2347 2682 se
2386 2626 2440 2681 in
2472 2628 2563 2683 Dei
2596 2628 2709 2683 lilio
2738 2631 2869 2685 etin
2903 2634 3154 2701 passione
3194 2651 3258 2693 ac
3303 2644 3709 2701 resurrectione

2109 2716 2227 2785 ejus
2254 2726 2340 2772 :et
2368 2717 2495 2773 huic
2523 2719 2882 2789 professionis
2909 2736 3251 2782 sacramento
3279 2729 3413 2785 ﬁdes
3441 2733 3705 2791 redditur.

2110 2810 2288 2915 fitque
2314 2820 2371 2866 ut
2398 2812 2538 2869 hanc
2558 2813 2844 2870 verborum
2875 2818 3222 2887 sponsionem
3250 2822 3495 2893 quaedam
3524 2841 3705 2883 rerum

2111 2906 2350 2973 ipsarum
2376 2906 2579 2961 veritas
2607 2916 2993 2978 consequatur,
3033 2919 3148 2966 toto
3172 2913 3226 2967 in
3249 2913 3469 2985 jejuniis
3497 2920 3707 2988 passio-

2112 2997 2194 3050 nis
2222 2996 2508 3053 dominicae
2540 3006 2782 3069 tempore
2815 3000 3185 3072 demorantes,
3218 3010 3450 3078 quadam
3478 3011 3706 3070 Domino

2109 3092 2500 3160 compassionis
2535 3092 2793 3148 societate
2818 3093 3136 3165 junguntur.
3173 3097 3337 3170 igitur
3379 3104 3495 3161 sive
3538 3121 3703 3177 spon-

406 3222 546 3271 cum,
566 3213 621 3259 ει
640 3203 841 3273 reliqua
859 3199 1047 3275 (ιωάη
1077 3192 1188 3269 δέ),
1215 3188 1386 3251 Tenet
1409 3194 1652 3251 ordinem
1675 3206 1864 3248 cursus
1878 3202 2004 3261 ope.
2028 3184 2075 3248 ο
2111 3182 2283 3237 sionis
2305 3191 2668 3250 sacramento,
2702 3184 2817 3241 sive
2838 3187 3064 3258 jejunio,
3090 3194 3256 3249 nume
3281 3193 3411 3250 illud
3432 3199 3707 3267 passionis

405 3297 585 3365 randi,
626 3296 720 3352 sed
760 3305 815 3349 et
852 3273 1112 3363 operibus
1158 3288 1349 3344 iisdem
1393 3301 1704 3342 sermonum
1735 3300 1832 3355 par
1871 3283 2009 3339 ratio
2111 3273 2400 3365 άοφίηίεπ
2432 3288 2555 3330 cum
2588 3274 2820 3331 θοητίηο
2849 3288 3014 3350 ειεωιι
3046 3286 3276 3353 “imitus-

412 3388 676 3446 succedit.
702 3374 763 3442 in
791 3386 901 3440 lilia
938 3384 1081 3440 enim
1123 3375 1743 3445 Chananaazc,Ecclesite
1776 3374 2005 3431 formam

409 3484 758 3541 consututam
792 3477 1134 3533 meminimus
1164 3493 1177 3527 :
1213 3486 1267 3530 et
1292 3471 1673 3542 consequentis
1704 3469 1883 3539 pepuli
1907 3480 2004 3524 cu—

406 3576 693 3638 rationem,
723 3584 1045 3629 concursum
1076 3577 1396 3639 mgrotarum
1419 3563 1658 3635 gentium
1687 3577 1808 3618 esse
1841 3562 2005 3616 tradi-

350 3671 361 3676 ’
408 3668 608 3724 dimus.
636 3665 785 3720 Nunc
814 3679 944 3734 ergo
969 3662 1255 3733 diligenter
1281 3667 1336 3714 et
1365 3656 1510 3714 dicta
1531 3652 1743 3711 Domini
1785 3656 1840 3709 et
1866 3653 2001 3707 facta

409 3761 687 3820 tractanda
717 3771 882 3815 sunt:
916 3767 972 3812 ut
1001 3755 1279 3811 videamus
1299 3752 1372 3824 (ε)
1411 3767 1478 3804 an
1507 3748 1754 3818 superior
1796 3760 1882 3801 res
1917 3753 2000 3798 at-

403 3873 510 3930 que
532 3869 709 3912 sermo
736 3855 829 3917 ita,
862 3861 920 3907 ut
948 3867 975 3905 a
1008 3847 1165 3905 nobis
1197 3844 1421 3916 intelligi
1455 3836 1812 3927 traditusﬂest,
1834 3840 1997 3905 etiam

404 3968 470 4008 ex
525 3936 985 4020 consequentibus
1044 3941 1286 4015 ejusdem
1337 3937 1709 4011 intelligentia:
1768 3936 1999 4003 accipiat

400 4043 803 4099 auctoritatettt.
830 4032 1114 4094 Miseretur
1145 4034 1316 4091 turba:
1340 4031 1616 4095 Dominus,
1653 4026 1794 4099 quod
1820 4026 1998 4082 triduo

400 4151 587 4193 secum
614 4143 830 4190 maneat
858 4149 869 4186 :
895 4147 1054 4203 quam
1078 4124 1608 4195 dimittercjejttnam
1641 4137 1745 4177 non
1769 4118 1905 4187 vult,
1932 4134 1999 4175 ne

402 4230 460 4286 in
489 4230 573 4283 via
602 4242 711 4298 pm
735 4224 912 4281 inedia
941 4222 1174 4278 deliciat.
1210 4216 1515 4275 Causantur
1547 4210 1801 4285 discipuli
1832 4226 1997 4283 panes

406 4337 516 4378 non
556 4335 675 4376 esse
711 4328 910 4383 tantos,
944 4314 1137 4386 quibus
1179 4308 1392 4380 expleri
1444 4306 1780 4376 saturat-ique
1829 4301 1999 4374 possit

403 4413 593 4486 (Ibid.,
626 4402 739 4481 53).
774 4410 1127 4463 Percontatus
1159 4392 1432 4476 est
1454 4396 1710 4455 Dominus
1736 4408 1866 4458 nunt
1895 4409 1992 4466 pa-

397 4520 499 4561 nes
532 4505 813 4559 haberent.
845 4496 1261 4569 Responderunt
1291 4495 1388 4560 illi,
1418 4503 1624 4563 septem
1654 4504 1816 4562 panes
1844 4502 1987 4553 esse,

2184 3360 2238 3423 9.
2295 3368 2662 3438 Apostolorum
2697 3371 2760 3425 de
2793 3371 2956 3426 salute
2990 3371 3161 3429 Israel
3202 3372 3519 3434 sollicitudo.
3544 3411 3614 3422 —-
3640 3380 3709 3439 Et

2108 3454 2270 3532 hujus
2317 3462 2434 3530 spei
2476 3472 2641 3532 atque
2694 3464 2984 3520 comitatus
3033 3468 3290 3522 Dominus
3322 3473 3600 3540 misertus,
3631 3476 3709 3533 ait

2110 3551 2292 3607 triduo
2313 3564 2499 3609 secum
2527 3562 2671 3609 esse.
2701 3555 2847 3621 Quos
2878 3568 2948 3610 ne
2971 3558 3023 3610 itt
3057 3558 3180 3612 vitae
3209 3560 3484 3620 saecularis
3515 3580 3701 3634 cursu,

2106 3645 2160 3701 id
2187 3650 2292 3714 est,
2326 3646 2381 3702 in
2426 3647 2525 3703 viae
2559 3660 2726 3718 opere
2756 3648 2991 3706 defectio
3017 3652 3408 3722 labefactaret,
3440 3660 3553 3715 vult
3576 3661 3702 3718 cibo

2106 3757 2205 3798 suo
2233 3743 2399 3811 alere,
2432 3752 2593 3814 atque
2620 3744 2683 3798 ad
2716 3746 3079 3816 peragendam
3108 3749 3272 3804 tctius
3306 3752 3517 3809 itineris
3545 3754 3703 3812 forti-

2106 3832 2348 3891 tudinem
2383 3835 2537 3905 panis
2569 3835 2652 3891 sui
2704 3837 2899 3892 virtute
2943 3837 3161 3896 fit-mare
3193 3857 3206 3894 :
3238 3847 3700 3915 conquerentibus

2104 3924 2408 3997 discipulis,
2431 3944 2596 3999 panes
2620 3930 2670 3983 in
2697 3928 2915 3985 deserto
2938 3932 3117 3987 nullos
3145 3948 3286 3990 esse.
3319 3939 3517 4007 Atquin
3542 3942 3592 3997 in
3615 3954 3704 3999 su~

2102 4019 2406 4090 perloribus
2437 4020 2740 4091 exemplum
2782 4032 3146 4093 sumpserant,
3182 4025 3318 4083 nihil
3362 4030 3696 4101 impassibiie

2104 4114 2216 4171 Deo
2259 4122 2400 4172 esse.
2434 4114 2542 4173 Sed
2585 4123 2858 4184 gestorum
2890 4124 3069 4175 causae
3113 4122 3377 4179 rationem
3422 4125 3697 4186 interioris

2101 4206 2471 4278 intelligentiae
2503 4208 2815 4265 moliuntur.
2862 4210 3106 4278 Quantus
3133 4215 3276 4270 enini
3320 4198 3691 4288 apostolorum

2102 4302 2156 4357 in
2186 4300 2447 4357 salvando
2468 4300 2634 4357 Israel
2659 4301 2809 4357 favor
2839 4300 3023 4369 fuerit,
3059 4305 3358 4364 beatissimi
3395 4308 3548 4367 Pauli
3580 4315 3694 4384 epi-

2100 4395 2252 4451 stola:
2275 4394 2474 4452 docent
2505 4394 2683 4467 (Rom.
2715 4411 2797 4462 ix,
2824 4388 2885 4467 3)
2917 4415 2929 4449 :
2962 4405 3122 4468 atque
3144 4400 3267 4454 ideo
3286 4400 3476 4457 eodem
3504 4404 3690 4463 dento-

2100 4500 2277 4557 rante,
2310 4505 2452 4559 nunc
2486 4489 2537 4543 in
2570 4496 2838 4544 concursu
2864 4490 3104 4561 gentium
3134 4488 3188 4545 et
3231 4489 3298 4551 de
3328 4509 3465 4564 pane
3494 4500 3687 4554 causa-

397 4608 455 4655 et
483 4612 679 4668 paucos
702 4595 893 4665 pisces.
940 4590 1137 4646 Turbis
1157 4589 1375 4659 jubetur
1405 4588 1456 4641 in
1493 4595 1693 4640 terram
1749 4582 1989 4636 discum-
2017 4564 2070 4637 Β
2097 4581 2192 4649 tio,
2215 4590 2269 4638 et
2294 4583 2362 4638 de
2382 4582 2589 4654 jejunio
2614 4584 2888 4639 silentium
2924 4580 3300 4641 introducitur.

395 4691 567 4749 bere:
599 4699 653 4745 et
699 4687 957 4743 Dominus
988 4697 1153 4755 panes
1181 4698 1243 4736 ac
1285 4680 1457 4752 pisces
1489 4678 1761 4748 accipiens
1788 4674 1988 4742 gratias

395 4785 529 4855 egit,
559 4798 622 4838 ac
651 4780 826 4851 fregit,
852 4789 904 4832 et
927 4775 1204 4846 discipulis
1229 4770 1504 4844 praefracta
1531 4781 1588 4826 ut
1612 4766 1866 4825 oil'errent
1892 4766 1991 4822 de-

396 4876 475 4934 dit
501 4863 691 4948 (lbid.,
716 4872 786 4930 ’54
818 4864 935 4943 '56).
961 4871 1066 4928 Sed
1087 4867 1385 4954 fragmenta
1404 4881 1599 4938 panum
1626 4872 1829 4936 septeni
1863 4877 1995 4933 pau-

469 5059 545 5132 (ᾳ)
574 5060 696 5115 Par.
718 5072 861 5132 _cum
904 5055 1081 5132 tribus
1119 5044 1635 5132 mss_._.di113rebatur.
1664 5038 1855 5101 Verius
1876 5041 1985 5132 ‘alii

386 5112 881 5198 ititi’i’dé‘iér’ebatur,
909 5120 1333 5198 put‘alsraelitis.
1358 5116 1621 5186 Quocirca
1658 5128 1784 5172 mox
1809 5112 1982 5184 subji-

393 5206 556 5267 citur,
594 5196 806 5256 Delutus
838 5197 1005 5252 Israel
1032 5196 1214 5249 honor.

467 5256 830 5346 (b)'Particula
854 5282 974 5341 ergo
995 5267 1148 5323 abest
1182 5278 1209 5317 a
1237 5260 1393 5329 Bad.,
1424 5259 1541 5325 Er.,
1566 5256 1714 5329 Lips.
1747 5269 1799 5313 et
1820 5256 1987 5330 pluri-

471 5360 495 5399 s
524 5352 655 5399 ιηεε.

386 5334 1005 5508 Duzcrésiittlttcitt._ms.
1054 5420 1410 5508 eyplicaudu-s.
1443 5416 1687 5508 Quinque
1728 5420 1819 5508 alii
1865 5433 1986 5473 cum

390 5492 537 5566 Βιιῦί
561 5506 842 5575 explicans.
872 5500 966 5575 Er.
1000 5509 1054 5557 et
1076 5492 1213 5567 Lips.
1253 5498 1490 5575 capticat.
1516 5492 1748 5549 Vetbutn
1782 5505 1989 5559 exspec-

394 5590 511 5636 tans
537 5570 679 5647 quod
712 5576 907 5631 habent
933 5573 1051 5627 Par.
1084 5574 1139 5647 et
1170 5570 1402 5647 melioris
1428 5578 1566 5620 nota:
1589 5578 1720 5619 mss.
1749 5576 1987 5647 cuanu—

392 5630 693 5723 periei-ibus
719 5647 887 5718 magis
907 5644 1174 5715 cettgruit.
1206 5641 1439 5696 maxime
1470 5648 1651 5692 autem
1680 5644 1802 5689 eum
1824 5630 1978 5686 silen-

391 5731 453 5779 m
471 5731 871 5870 (ginem
890 5782 972 5844 vel
992 5780 1058 5842 ad
1080 5783 1328 5843 allectum
1349 5780 1434 5840 vel
1454 5776 1520 5836 ad
1536 5775 1704 5835 Israel
1731 5772 1978 5833 refertur.

2174 4670 2260 4730 10.
2296 4674 2466 4730 Panes
2494 4686 2683 4744 septem
2712 4674 2942 4745 Spiritus
2973 4678 3140 4730 sancti
3166 4689 3355 4747 septem
3384 4680 3539 4738 dona.
3571 4678 3691 4743 Pis-

2096 4784 2177 4822 ces
2207 4767 2483 4838 inde/initi,
2517 4767 2718 4821 diversa
2763 4765 3096 4821 charismata.
3144 4766 3331 4823 Gentes
3373 4787 3436 4826 ex
3463 4787 3689 4845 quatuor

2097 4861 2232 4917 orbis
2272 4861 2500 4935 partibus
2543 4860 2801 4915 vocandae.
2830 4888 2900 4901 --
2930 4854 3104 4915 Panes
3128 4859 3289 4932 igitur
3316 4858 3522 4934 septem
3547 4868 3681 4927 offe-

2091 5034 2230 5095 ninc
2273 5054 2381 5094 non
2425 5036 2596 5108 placet
2627 5046 2749 5090 cum
2790 5044 2895 5088 uno
2927 5040 3028 5088 ms.
3052 5031 3211 5103 juxta
3253 5036 3414 5106 quod,
3447 5048 3538 5095 aut
3565 5054 3687 5100 cum

2092 5110 2301 5167 duobus
2329 5110 2452 5166 aliis
2473 5112 2629 5180 juxta
2655 5121 2828 5178 quam.
3432 5116 3440 5123 ·

2170 5206 2239 5283 (e)
2272 5204 2428 5283 Editi,
2458 5220 2524 5257 an
2553 5199 2832 5283 superioris
2855 5206 3102 5283 tractatus
3133 5206 3284 5279 atque
3312 5198 3465 5283 hujus
3485 5220 3684 5261 sermo:

2094 5267 2459 5332 ohni'tentibus
2485 5267 2734 5327 omnibus
2756 5284 2884 5323 mss.
2915 5267 3115 5323 Eadem
3141 5273 3346 5323 ratione
3372 5267 3521 5327 initio
3555 5290 3609 5328 tt.
3644 5276 3679 5329 2

2094 5350 2390 5402 habemus:
2417 5344 2521 5399 Sed
2538 5360 2616 5397 res
2645 5352 2794 5410 atque
2814 5352 2976 5392 sermo
2998 5340 3230 5393 ordinem
3254 5357 3315 5394 ea:
3332 5345 3676 5411 superioribus

2095 5418 2271 5473 sumit.
2307 5417 2400 5471 His
2428 5423 2605 5470 autem
2637 5411 2818 5465 verbis
2848 5410 2965 5465 licet
2987 5412 3230 5465 videatur
3253 5410 3468 5466 indicari
3500 5415 3675 5473 simile

2096 5490 2411 5544 miraculum
2460 5484 2721 5554 superiori
2760 5484 2934 5554 capite
2971 5491 3297 5554 enarratum,
3335 5484 3670 5551 potissimum

2090 5572 2266 5615 tamen
2317 5552 2680 5629 signiﬁcantur
2733 5553 3010 5629 superiora
3067 5552 3274 5606 Dotttitti
3319 5553 3462 5607 dicta
3506 5562 3668 5626 atque

2086 5629 2250 5696 facta,
2282 5625 2381 5685 hoc
2401 5625 2521 5699 ipso
2552 5628 2731 5695 capite
2773 5626 3036 5699 expo‘sita,
3074 5630 3299 5694 quorum
3328 5632 3450 5678 eum
3482 5625 3672 5686 subse-

2085 5703 2374 5775 quentibus
2400 5697 2666 5756 connexio
2692 5697 3039 5766 expendatur.
