4172 6188
499 275 638 330 1007

1699 266 1944 324 8ΑΝΟΤ1
1984 264 2243 322 HILARII
2283 263 2588 324 EPISCOPI

3652 265 3797 323 1008

503 401 714 446 runtur.
747 389 902 445 Nulla
929 390 1072 444 enim
1105 403 1169 444 ex
1199 388 1322 460 lege
1351 398 1408 445 et
1432 389 1712 458 prOphctis
1741 388 1988 458 gentibus
2017 401 2096 440 sa-
2121 385 2175 445 Α
2201 401 2276 440 rze
2300 385 2570 455 passionis
2609 383 2862 440 ell'cctum
2893 382 2948 439 in
2980 383 3423 454 praedicationem
3461 384 3796 454 poenitentia:

507 483 590 540 lus
621 486 868 549 sumitur,
916 483 1012 538 sed
1041 498 1138 554 per
1166 485 1394 553 gratiam
1425 483 1658 554 Spiritus
1699 482 1908 546 vivunt,
1942 480 2096 552 cujus

509 565 857 645 septiforme,‘
911 582 970 628 ut
997 589 1094 644 per
1150 573 1369 629 Esaiam
1422 571 1688 639 traditur,
1746 587 1941 627 munus
1988 580 2093 635 est,

507 669 648 737 Ergo
683 666 782 737 (a)
844 666 1082 735 Spiritus
1133 681 1231 736 per
1289 664 1449 720 ﬁdem
1509 666 1656 720 salus
1707 665 1956 735 gentibus
2013 670 2097 718 est

505 759 679 833 (Esai.
709 757 883 828 31,2).
915 759 1046 826 Qum
1076 759 1131 812 in
1158 768 1360 813 terram
1377 757 1699 814 recumbunt
1726 773 1740 822 ;
1767 756 1930 810 nullis
1950 755 2095 810 enim

503 851 638 922 legis
666 850 920 921 operibus
952 849 1162 904 fuerant
1199 859 1323 905 ante
1349 850 1638 905 substrata:
1669 866 1682 902 :
1715 849 1808 904 sed
1841 856 2095 918 peccato-

509 959 630 999 rum
663 953 718 997 ct
744 958 1034 1014 corporum
1063 958 1283 998 suorum
1311 943 1504 1013 origini
1532 942 1878 1007 inhaerentes,
1912 940 1979 995 ad
1998 939 2097 994 do-

437 1054 482 1079 κ
505 1049 634 1090 num
662 1034 892 1105 Spiritus
916 1034 1246 1104 septiformis
1277 1043 1556 1090 vocantur.
1596 1032 1760 1105 747
1783 1032 2097 1088 lndelinitus

501 1128 729 1198 piscium
756 1141 1034 1192 numerus,
1058 1126 1396 1183 diversorum
1422 1126 1687 1182 donorum
1711 1135 1765 1180 et
1794 1123 2093 1180 charisma-

503 1229 618 1273 tum
673 1219 751 1288 (b)
808 1217 1126 1287 partitiones
1177 1217 1708 1284 ministrationesque
1764 1212 2031 1285 signiﬁcat
2076 1230 2090 1268 :

502 1312 696 1382 quibus
729 1310 863 1366 ﬁdes
888 1311 1126 1382 gentium
1171 1311 1465 1382 gratiarum
1493 1308 1808 1365 diversitate
1839 1308 2089 1362 satiatur.

505 1405 612 1461 Sed
661 1405 806 1476 quod
850 1414 1056 1475 septem
1094 1413 1294 1474 sporta:
1341 1404 1656 1474 replentur;
1686 1401 1994 1458 redundans
2040 1407 2094 1456 et

504 1499 858 1568 multiplicata
883 1499 1212 1569 septiformis
1240 1497 1475 1567 Spiritus
1505 1497 1658 1566 copia
1690 1496 1977 1560 indicatur,
2007 1494 2092 1549 cui

499 1591 643 1660 quod
668 1591 925 1661 largiatur
945 1590 1208 1646 exuberet
1235 1609 1249 1645 :
1277 1589 1442 1660 ﬁtque
1462 1590 1722 1644 saturatis
1751 1589 1905 1644 nobis
1927 1587 2093 1642 ditior

500 1696 719 1752 semper
756 1690 811 1736 et
851 1682 1082 1751 plenior.
1115 1679 1267 1747 Quod
1312 1695 1441 1734 vero
1476 1687 1706 1749 quatuor
1754 1677 1920 1732 millia
1947 1677 2092 1732 viro-

2199 479 2267 533 ad
2303 478 2566 534 Ninivitas
2595 478 2713 548 pari
2756 480 2940 548 specie
2971 479 3329 549 praemiserat.
3361 477 3605 548 Namque
3631 477 3799 532 Jonas

2201 571 2374 626 ventis
2402 571 2818 626 desmvientibus
2844 570 3118 641 projectus
3137 585 3169 626 e
3201 569 3322 624 navi
3346 578 3450 638 est,
3484 577 3540 625 et
3567 568 3802 624 devora-

2165 665 2168 670 '
2202 670 2287 716 tus
2325 675 2356 715 a
2383 671 2525 728 ceto,
2555 669 2611 717 et
2639 668 2765 731 post
2795 662 3032 716 triduum
3072 661 3228 716 vivus
3270 659 3522 725 emissus,
3554 675 3661 716 non
3710 675 3801 715 re-

2202 761 2382 808 tentus
2405 769 2432 805 a
2461 761 2730 818 monstro,
2759 769 2870 808 non
2901 753 3004 808 cibi
3027 752 3342 809 conditione
3368 753 3648 810 confectus
3669 752 3802 809 :scd

2199 855 2388 903 contra
2431 847 2654 902 humani
2683 848 2928 918 corporis
2971 855 3215 902 naturam
3264 847 3471 916 integer
3497 856 3552 902 et
3594 845 3802 902 illzesus

2200 939 2253 995 in
2292 955 2455 996 auras
2502 955 2728 1010 superas
2751 939 2949 995 virtute
2979 938 3267 994 dominica:
3297 937 3376 1011 (d)
3411 939 3804 1009 przeﬁguratio-

2199 1035 2283 1089 nis
2308 1033 2504 1089 evadit.
2536 1033 2650 1089 Hoc
2676 1048 2806 1105 ergo
2827 1033 3111 1104 potestatis
3145 1047 3259 1088 sua:
3284 1033 3495 1104 signum
3522 1033 3796 1088 constituo

2199 1134 2310 1181 tum
2351 1125 2516 1198 748
2573 1141 2695 1181 esse
2738 1127 3104 1193 demonstrat,
3143 1126 3216 1199 (ε)
3258 1125 3375 1196 ipse
3418 1125 3800 1182 remissionem

2198 1228 2542 1286 peccatorum
2573 1232 2670 1287 per
2712 1217 3083 1288 paenitentiam
3114 1216 3439 1287 praedicans,
3478 1216 3548 1271 de
3577 1216 3796 1273 Jerusa-

2200 1311 2305 1365 lem
2330 1310 2413 1365 vel
2435 1310 2716 1381 Synagoga
2741 1310 3143 1366 immnudorum
3173 1309 3456 1379 spirituum
3481 1309 3801 1366 dominante

2197 1401 2326 1456 ﬂatu
2353 1402 2673 1472 ejiciendus,
2705 1412 2760 1459 et
2787 1404 2942 1458 Pilati
2974 1402 3248 1475 potestati,
3282 1403 3336 1460 id
3363 1412 3469 1470 est,
3498 1404 3689 1460 steculi
3711 1403 3802 1474 ju-

2196 1496 2337 1552 dicio
2355 1497 2671 1552 tradendus:
2691 1507 2744 1552 et
2760 1512 2788 1552 a
2810 1507 2984 1554 morte
2997 1506 3266 1568 tamquam
3285 1481 3534 1553 elementi
3550 1497 3798 1569 ejusdem

2196 1599 2439 1644 monstro
2468 1588 2776 1660 glutiendus
2829 1606 2841 1642 :
2898 1599 2952 1644 et
2980 1597 3100 1660 post
3125 1590 3363 1645 triduum
3390 1604 3455 1645 ex
3485 1605 3571 1657 ea,
3599 1601 3796 1645 contra

2194 1679 2557 1736 conditionem
2591 1680 2825 1737 hominis
2855 1697 3016 1752 quem
3061 1690 3432 1752 assumpserat
3478 1698 3584 1737 non
3614 1691 3798 1738 reten-

496 1791 614 1829 rum
662 1782 1082 1844 congregantur,
1127 1771 1434 1836 multitudo,
1493 1770 1968 1825 innumerabilium
2017 1785 2085 1824 ex
2116 1766 2164 1826 B
2194 1781 2299 1837 tus,
2330 1775 2482 1829 vivus
2521 1783 2683 1846 atque
2738 1775 3079 1846 incorruptus
3126 1789 3431 1846 emergens.
3479 1775 3552 1830 Ea
3612 1776 3797 1847 igitur,

497 1874 728 1936 quatuor
753 1865 899 1920 orbis
937 1865 1179 1934 partibus
1207 1863 1541 1932 intelligitur.
1573 1862 1653 1916 Ad
1683 1863 1906 1916 formam
1941 1861 2088 1916 enim

501 1961 666 2014 futuri
707 1960 760 2014 in
810 1968 886 2014 tot
911 1959 1142 2028 partium
1176 1957 1342 2011 millia
1384 1956 1535 2026 plebs
1565 1955 1904 2010 dinumerata
1930 1954 2092 2008 satia-

499 2063 607 2116 tur,
632 2050 910 2122 quotidem
955 2049 1025 2104 de
1055 2049 1295 2118 partibus
1345 2047 1411 2102 ad
1446 2047 1692 2104 caelestis
1734 2047 1839 2103 cibi
1885 2047 2088 2102 donum

493 2157 826 2199 coucursura
849 2151 1032 2196 essent
1061 2140 1226 2194 millia
1253 2139 1677 2194 crediturorum.
1720 2139 1898 2194 'l‘urba
1930 2140 2092 2212 igitur

495 2235 780 2290 dimittitur
808 2224 998 2288 satiata
1025 2242 1080 2288 et
1102 2233 1335 2303 esplcta.
1385 2233 1450 2288 Et
1472 2233 1593 2303 quia
1618 2233 1872 2288 omnibus
1896 2233 2090 2290 diebus

492 2326 618 2382 vitm
661 2335 861 2380 nostrae
903 2325 1182 2380 nobiscum
1222 2325 1481 2380 Dominus
1525 2334 1729 2392 manet,
1778 2341 1994 2394 navem,
2036 2325 2088 2380 id

491 2429 576 2477 est
617 2421 940 2488 Ecclesium,
990 2419 1329 2476 credentium
1373 2419 1532 2489 plebe
1577 2419 1867 2476 comitatus
1906 2420 2088 2503 ingre-

490 2513 654 2569 ditur.

1079 2624 1309 2684 CAPUT
1349 2624 1491 2682 XVI.

491 2742 573 2799 De
605 2741 757 2799 Iona:
798 2743 1061 2816 prmi/tela:
1102 2744 1270 2815 signo,
1315 2752 1362 2796 et
1405 2742 1468 2796 de
1498 2743 1746 2812 fermento
1794 2740 2088 2796 Pharist-

561 2853 699 2902 runt,
723 2837 786 2890 de
810 2838 1126 2906 confessione
1158 2834 1302 2889 Petri
1329 2844 1375 2888 et
1405 2834 1756 2889 benedictione
1785 2834 2013 2902 Domini,
2041 2843 2089 2888 et

562 2929 626 2982 de
657 2945 712 2982 se
737 2927 1036 2998 abnegando
1058 2927 1146 2997 qui
1179 2925 1441 2982 Christum
1465 2927 1608 2997 sequi
1637 2925 1870 2980 voluerit.

563 3065 614 3119 i.
651 3063 844 3122 Christi
865 3066 1198 3137 dignoseendi
1222 3076 1362 3132 nota,
1381 3083 1593 3138 aperitin
1621 3067 1800 3123 virtus.
1824 3098 1884 3108 —
1917 3065 1984 3122 Et
2004 3084 2090 3122 ac-

2193 1881 2314 1936 qua:
2341 1866 2392 1920 in
2413 1865 2628 1921 homine
2645 1866 2713 1922 de
2731 1875 2993 1936 conceptu
3011 1866 3227 1936 virginis
3249 1874 3464 1937 sumpto
3485 1865 3796 1922 divinarum

2193 1965 2349 2012 erant
2376 1958 2529 2026 plena
2561 1956 2842 2024 virtutum,
2900 1958 3150 2028 cognosci
3180 1965 3343 2029 atque
3379 1958 3601 2029 intelligi
3633 1956 3700 2014 de
3736 1973 3801 2014 se

2193 2049 2364 2104 voluit
2389 2060 2442 2105 et
2475 2051 2752 2121 prophetae
2792 2052 2947 2122 signo
2975 2061 3029 2106 et
3060 2051 3291 2106 hominis
3322 2053 3589 2122 exemplo.

2263 2143 2318 2196 5.
2347 2141 2414 2194 1η
2443 2142 2567 2213 legis
2588 2143 2826 2213 operibus
2849 2158 2962 2214 spes
2989 2143 3154 2210 nulla,
3191 2143 3274 2197 ubi
3322 2144 3506 2204 veritas
3557 2145 3795 2216 contigit.

2191 2264 2263 2274 —
2290 2233 2359 2287 Et
2404 2234 2592 2288 relictis
2623 2235 2730 2289 illis
2777 2235 2903 2288 abiit
2947 2234 3138 2305 (Ibid,
3182 2235 3259 2306 4).
3308 2235 3425 2291 Non
3476 2236 3616 2292 sicut
3659 2237 3799 2292 locis

2192 2328 2313 2384 aliis
2345 2329 2560 2399 legitur,
2583 2329 2819 2384 dimissis
2860 2329 3032 2384 turbis
3060 2327 3231 2382 abiit:
3283 2329 3379 2383 sed
3426 2329 3549 2399 quia
3597 2329 3794 2385 inﬁde-

2191 2422 2358 2477 litatis
2403 2439 2561 2477 error
2605 2422 2953 2478 insolentium
2995 2421 3203 2477 animos
3232 2421 3532 2491 obtinebat,
3567 2438 3675 2479 non
3705 2422 3796 2478 di-

2193 2515 2408 2570 misisse
2434 2529 2529 2570 eos
2558 2513 2836 2581 scribitur,
2884 2515 2979 2570 sed
3014 2515 3316 2586 reliquisse.
3348 2513 3415 2569 Et
3456 2533 3575 2572 cum
3620 2517 3789 2572 venis-

2191 2615 2264 2661 set
2295 2616 2437 2661 trans
2465 2611 2651 2676 [return
2670 2647 2684 2674 ,
2714 2608 2859 2662 obliti
2909 2617 3025 2662 sunt
3057 2607 3299 2679 discipuli
3321 2611 3431 2681 ejus
3471 2626 3629 2680 panes
3657 2612 3800 2666 acci-

2192 2714 2328 2768 pere.
2358 2697 2512 2753 Jasus
2543 2709 2710 2754 autem
2758 2698 2888 2752 dixit
2942 2699 3050 2754 illis
3082 2700 3384 2755 :Attendite
3429 2683 3567 2756 vobis
3610 2720 3644 2756 a
3687 2705 3797 2774 {er-

2192 2798 2360 2843 mento
2394 2787 2779 2844 Pltarisworum
2827 2799 2871 2844 et
2916 2789 3324 2846 Sadducworum
3373 2790 3571 2864 (Ibid.,
3621 2794 3674 2858 5,
3706 2794 3792 2864 6).

2193 2883 2451 2937 Absoluta
2498 2883 2677 2938 omnis
2719 2881 2786 2938 de
2815 2882 3080 2938 fermento
3107 2882 3506 2939 Pharisaeorum
3553 2894 3609 2940 et
3653 2884 3796 2942 Sad-

2191 2975 2501 3031 duczeorum
2547 2974 2847 3030 obscuritas
2884 2984 2986 3030 est.
3025 2974 3179 3043 Quod
3207 2983 3386 3030 autem
3418 2976 3694 3032 abstinere
3724 2991 3789 3034 se

2192 3081 2258 3122 eo
2283 3066 2509 3136 apostoli
2534 3065 2812 3135 jubentur,
2852 3081 2958 3120 non
2986 3065 3273 3120 admisceri
3291 3065 3550 3122 doctrina:
3577 3065 3793 3122 Judaeo-

489 3169 748 3212 cesserunt
776 3159 844 3212 ad
875 3173 992 3212 eum
1023 3157 1283 3214 Phariswi
1331 3169 1377 3214 et
1409 3159 1688 3214 Sadduaei
1719 3169 1987 3226 tentantes,
2039 3157 2160 3220 etC
2191 3176 2310 3214 rum
2361 3167 2679 3224 monentur;
2731 3159 2856 3230 quia
2901 3160 3032 3228 legis
3057 3174 3222 3230 opera
3271 3159 3324 3214 in
3365 3160 3612 3216 ellectum
3662 3160 3795 3218 ﬁdei

486 3259 794 3319 rogaverunt
815 3265 950 3312 eum,
981 3259 1036 3302 ut
1057 3249 1262 3318 signum
1307 3251 1371 3303 de
1399 3252 1523 3304 caelo
1552 3251 1656 3304 illis
1686 3253 1992 3320 ostenderet,
2029 3262 2086 3309 et

491 3341 693 3411 reliqua
720 3340 939 3408 (Matth.
976 3356 1092 3408 xvi,
1129 3339 1202 3413 1).
1245 3341 1455 3396 Adsunt
1481 3342 1741 3398 Pharisaei
1780 3355 1834 3398 et
1869 3345 2082 3400 Saddu-

488 3433 586 3488 cari
628 3432 761 3504 legis
821 3433 1014 3489 ﬁducia
1069 3432 1367 3488 insolentes
1415 3433 1874 3506 dedignantesque
1919 3451 2084 3507 opera

487 3528 750 3581 virtutum
780 3526 925 3594 ﬁdei,
961 3527 1170 3597 signum
1201 3526 1410 3582 ostendi
1439 3527 1541 3582 sibi
1572 3527 1639 3582 de
1685 3527 1827 3583 cmlo
1860 3543 2086 3598 prccan-

489 3627 595 3676 tur.
628 3617 993 3673 Humilitatem
1030 3618 1080 3671 in
1121 3615 1342 3672 Christo
1385 3617 1564 3672 carnis
1596 3626 1650 3673 et
1673 3619 1918 3688 corporis
1947 3635 2084 3674 con-

489 3719 725 3777 tuentes,
756 3711 1060 3766 doctrinam
1107 3725 1175 3763 ex
1217 3709 1300 3764 his
1331 3725 1450 3779 qua:
1489 3711 1590 3764 sub
1635 3711 1868 3766 hominis
1899 3711 2085 3768 habitu

487 3801 716 3872 gerebat
757 3800 1116 3871 dedignantur
1145 3801 1416 3870 accipere.
1458 3801 1693 3869 Quorum
1747 3803 2082 3860 insolentiam

490 3903 546 3948 et
578 3893 892 3947 inanitatem
913 3892 1162 3959 irridens,
1197 3893 1364 3946 multa
1387 3907 1482 3947 eos
1504 3893 1572 3948 de
1597 3902 1785 3948 natura
1809 3896 1932 3950 cceli
1954 3911 2086 3952 con-

494 3986 668 4057 jicere
694 3985 872 4042 solere
899 3985 1200 4056 respondit,
1227 4000 1349 4040 cum
1393 3985 1688 4042 rubicundo
1715 3997 1809 4043 aut
1844 3997 1964 4044 ortu
1995 3999 2086 4045 aut

489 4093 719 4148 vespere
749 4092 999 4132 serenum
1037 4076 1414 4132 nimbosumve
1428 4079 1735 4147 pronutient
1763 4078 1952 4153 (Ibid.,
1980 4080 2036 4152 2)
2067 4100 2080 4135 :

489 4183 659 4240 porro
683 4177 862 4224 autem
890 4169 1135 4239 ignorare
1153 4184 1248 4224 eos
1267 4177 1566 4238 temporum
1607 4172 1758 4242 signa
1787 4171 1974 4244 (Ibid.,
2000 4171 2082 4245 4),

491 4276 615 4316 cum
640 4259 817 4315 omnis
852 4260 925 4330 (ε)
957 4259 1041 4315 lex
1071 4268 1126 4314 ct
1158 4261 1435 4330 pmpheta:
1477 4262 1740 4318 adventus
1775 4267 1856 4319 sui
1887 4265 2082 4322 indicia

493 4368 560 4407 cx
591 4366 814 4422 operum
859 4366 980 4421 qua:
1005 4360 1220 4421 gereret
1257 4352 1614 4409 admiratione
1650 4355 1954 4426 signiﬁcent
1983 4375 1994 4410 :
2027 4366 2085 4413 ut

487 4442 944 4514 quemadmodum
975 4441 1134 4498 ﬁdem
1176 4445 1513 4514 tempestatis
1554 4447 1677 4502 cteli
1707 4448 1788 4502 vel
1830 4433 2079 4506 matutini

2186 3263 2244 3326 et
2274 3254 2326 3308 in
2365 3253 2855 3324 prmformationcm
2899 3269 3077 3310 rerum
3107 3257 3554 3326 consequentium
3590 3255 3794 3311 consti-

2189 3356 2301 3403 tuta
2351 3347 2498 3402 sint:
2531 3345 2686 3418 ttt([)
2737 3347 2789 3402 in
2820 3362 3048 3417 quorum
3100 3356 3342 3418 tempora
3379 3356 3542 3419 atque
3572 3356 3794 3405 tetatem

2189 3439 2389 3494 veritas
2415 3439 2750 3509 contigisset,
2785 3438 2916 3494 nihil
2946 3438 3086 3493 ultra
3135 3440 3192 3494 in
3241 3440 3482 3496 veritatis
3528 3441 3783 3496 similitu-

2189 3529 2313 3585 dine
2343 3531 2456 3600 spei
2481 3534 2715 3600 positum
2753 3531 3179 3597 arbitrarentur;
3214 3547 3282 3588 uc
3311 3533 3554 3588 doctrina
3597 3533 3790 3590 Phari-

2190 3639 2421 3679 smorum
2449 3623 2722 3680 Christum
2770 3625 3040 3692 nesciens,
3073 3624 3296 3683 eﬁ‘ectus
3323 3627 3570 3684 veritatis
3615 3641 3785 3686 evan-

2188 3718 2375 3789 gelicae
2405 3728 2797 3788 corrumperet.

2260 3810 2314 3865 4.
2351 3810 2522 3865 Filius
2550 3821 2597 3865 et
2625 3811 2760 3868 Deus
2782 3823 3005 3870 azternus
3031 3825 3078 3871 et
3106 3823 3256 3872 natus
3284 3823 3379 3872 est.
3406 3848 3478 3859 —-
3511 3816 3662 3874 Venit
3683 3834 3786 3874 au-

2191 3910 2290 3956 tem
2316 3900 2470 3957 Jesus
2497 3904 2549 3956 in
2575 3916 2749 3972 partes
2769 3902 3017 3960 Cwsarea.’
3049 3907 3304 3980 Philippi,
3345 3919 3395 3965 et
3435 3912 3788 3980 interroqabat

2189 3997 2472 4070 discipulos
2518 4015 2664 4064 suos,
2713 4009 2769 4054 et
2799 4000 3006 4072 reliqua
3061 4002 3249 4074 (Ibid.,
3283 4004 3398 4073 15).
3443 4005 3498 4059 in
3527 4020 3791 4075 processu

2190 4089 2459 4144 sermonis
2486 4100 2649 4160 atque
2675 4092 2856 4162 operis
2887 4093 3187 4150 absolutius
3215 4095 3496 4168 discipulis
3515 4099 3786 4169 cognitio-

2192 4195 2314 4235 nem
2342 4196 2492 4235 suatu
2521 4181 2598 4251 (id
2625 4191 2721 4246 est,
2753 4182 2860 4254 sui)
2909 4194 3147 4254 praestat,
3190 4195 3245 4241 et
3272 4188 3558 4257 quamdam
3591 4189 3790 4244 intelli-

2187 4271 2345 4342 gendi
2370 4287 2429 4328 se
2463 4272 2688 4329 formam
2717 4274 3091 4346 rationemque
3116 4279 3419 4334 constituit.
3469 4279 3571 4337 Est
3601 4291 3786 4340 autem

2189 4361 2470 4416 bacc'vera
2505 4373 2560 4418 et
2611 4365 2936 4421 inviolabilis
2985 4368 3138 4435 ﬁdes,
3192 4385 3260 4425 ex
3310 4370 3422 4427 Deo
3467 4373 3786 4432 aiternitatis

2191 4453 2298 4524 (cui
2329 4453 2404 4508 ob
2431 4453 2482 4508 id
2511 4455 2654 4525 quod
2683 4471 2898 4527 semper
2925 4457 3064 4514 ﬁlius
3113 4459 3297 4528 fuerit,
3344 4477 3561 4535 semper
3603 4474 3657 4520 et
3692 4465 3786 4535 jus

488 4535 576 4590 vel
606 4535 845 4604 vesperis
869 4533 1034 4588 rubor
1058 4534 1343 4600 redderet;
1378 4535 1450 4591 ita
1493 4539 1832 4595 manifestam
1864 4548 2077 4612 tempo-
2105 4545 2160 4605 D
2188 4548 2355 4618 patris
2389 4557 2443 4602 et
2465 4563 2665 4604 nomen
2697 4550 2799 4615 sit;
2857 4567 2925 4606 ne
2953 4552 2999 4607 si
3045 4567 3154 4608 non
3196 4569 3412 4626 semper
3461 4533 3619 4623 ﬁlius,
3672 4533 3787 4615 non

489 4643 611 4684 rum
659 4626 1021 4697 cognitionem
1074 4628 1334 4684 virtutum
1388 4639 1551 4700 atque
1605 4647 1828 4704 operum
1884 4635 2076 4692 indicia

487 4727 748 4790 praestare
769 4716 1051 4772 deberent.

561 4814 616 4865 2.
645 4809 809 4865 Jonas
838 4808 1028 4864 Christi
1050 4810 1237 4882 ﬁgura.
1261 4841 1330 4852 —-
1348 4810 1453 4868 Sed
1473 4823 1622 4869 ortus
1644 4830 1674 4870 e
1696 4817 1836 4872 caelo
1862 4816 2073 4888 signum

487 4903 574 4957 liis
613 4911 869 4958 terrestre
911 4904 1209 4969 constituit,
1254 4913 1312 4957 ut
1356 4919 1453 4958 eos
1500 4904 1638 4960 intra
1677 4908 2071 4965 confessionem

491 4995 1099 5064 humilitatiscorporeze
1125 4996 1450 5063 contineret,
1474 4998 1708 5054 dandum
1730 5001 1917 5057 dicens
1940 5003 2076 5060 Jona

485 5091 697 5160 signum
727 5106 740 5144 :
773 5088 904 5145 Huic
925 5102 984 5143 se
1017 5089 1272 5144 Dominus
1298 5102 1594 5160 comparat,
1627 5109 1785 5162 quem
1833 5095 1901 5150 ad
1934 5094 2077 5153 futu-

583 5245 636 5318 α)
663 5244 1016 5318 Carnutensis
1042 5244 1211 5301 codex
1238 5261 1361 5301 cum
1392 5245 1546 5302 Colb.
1581 5246 1804 5318 Spiritu.

579 5317 633 5387 b)
655 5318 712 5372 In
749 5331 849 5372 ms.
883 5317 1038 5372 Rom.
1068 5319 1502 5387 participationes.

576 5387 625 5461 ε)
657 5388 811 5458 Apud
838 5387 960 5461 Per.
994 5405 1110 5441 cum
1139 5390 1367 5461 omnibus
1398 5390 1499 5442 lex.
1533 5387 1752 5446 Rectius
1774 5393 1825 5447 in
1858 5394 1979 5450 aliis
2005 5396 2072 5450 li-

477 5457 614 5538 bris,
641 5457 825 5514 omnis.
860 5457 948 5514 Sic
973 5468 1028 5514 et
1052 5473 1170 5528 cap.
1199 5459 1288 5525 12,
1319 5476 1374 5512 n.
1398 5461 1453 5526 2,
1478 5463 1597 5529 quia
1623 5464 1786 5517 ontnis
1808 5464 1892 5519 lex
1916 5483 2074 5538 usque

433 5575 442 5580 .
479 5535 548 5587 ad
571 5530 846 5585 Joannem.

554 5603 635 5674 (ά)
660 5600 900 5656 Latinius
919 5615 986 5655 ex
1011 5597 1134 5654 Vat.
1157 5599 1278 5655 cod.
1303 5601 1706 5673 incarnationis;
1732 5622 1837 5662 non
1861 5617 1943 5662 est
1971 5623 2070 5664 au-

476 5674 723 5728 tlicndus.

549 5745 620 5814 (e)
651 5746 756 5798 Sex
785 5756 914 5796 mss.
947 5743 999 5796 in
1027 5757 1081 5797 se
1103 5739 1472 5815 remissionem,
1501 5762 1606 5804 non
1637 5749 1766 5820 ipse.

2189 4653 2407 4710 semper
2420 4649 2473 4695 et
2490 4652 2640 4709 pater
2656 4641 2746 4713 sit)
2769 4641 2935 4696 Deum
2956 4642 3123 4698 ﬁlium
3148 4644 3448 4714 profectum
3480 4645 3673 4714 fuisse,
3697 4648 3787 4705 cui

2187 4732 2256 4788 sit
2275 4749 2344 4789 ex
2370 4734 2669 4789 :cternitate
2693 4735 2928 4804 parentis
2958 4738 3251 4793 aeternitas.
3286 4738 3440 4796 Nasci
3461 4751 3638 4797 autem
3657 4757 3786 4799 eum

2187 4823 2435 4878 voluntas
2465 4823 2584 4893 ejus
2611 4824 2708 4879 fuit
2737 4825 2832 4898 (V.
2855 4826 2967 4883 l.ut
2998 4828 3061 4884 de
3089 4828 3261 4895 Trin.,
3301 4848 3356 4885 η.
3387 4833 3492 4902 ι),
3535 4831 3690 4902 cujus
3725 4834 3785 4891 in

2185 4916 2380 4971 virtute
2394 4931 2456 4988 ac
2472 4925 2736 4986 potestate
2754 4919 2995 4975 ineratut
3018 4932 3352 4978 nasceretur.
3371 4924 3468 4980 Est
3487 4940 3617 4996 ergo
3635 4926 3780 4983 ﬁlius

2189 5009 2281 5064 Dei
2327 5025 2395 5064 ex
2450 5009 2561 5065 Deo
2603 5011 2768 5076 Deus,
2817 5027 2956 5068 unus
2986 5013 3037 5068 in
3069 5021 3342 5086 utroque:
3376 5016 3452 5091 (g)
3485 5017 3784 5077 theotetam

2186 5101 2350 5168 enim,
2379 5115 2539 5171 quam
2565 5100 2824 5158 deitatem
2854 5103 3029 5160 Latini
3060 5117 3398 5178 nuncupant,
3425 5110 3787 5184 aeternam

2251 5255 2332 5329 (ι’)
2368 5257 2467 5312 Ms.
2497 5257 2658 5312 Rom.
2707 5259 2761 5314 in
2786 5276 3002 5336 quorum
3029 5271 3259 5336 tempore
3293 5274 3446 5336 atque
3468 5274 3637 5333 (etate,
3669 5281 3783 5326 non

2181 5328 2290 5408 alio
2348 5343 2514 5408 sensu
2545 5345 2558 5380 :
2594 5339 2704 5408 tum
2751 5333 2936 5408 veritas
2981 5328 3297 5408 contieescit,
3350 5328 3783 5408 suifragantibus

2178 5398 2326 5472 βου).
2362 5409 2416 5455 et
2443 5399 2604 5455 Caro.
2636 5400 2689 5454 in
2738 5403 2933 5472 quibus
2980 5404 3174 5471 legitur
3221 5398 3570 5464 conticescet?
3610 5409 3778 5466 male.

2179 5468 2400 5543 Legem,
2434 5478 2643 5543 utpote
2688 5468 2910 5542 ﬁguram
2966 5468 3327 5543 et‘ttmbram,
3379 5480 3631 5537 veniente
3681 5495 3783 5536 ve-

2177 5541 2358 5606 ritate,
2386 5542 2583 5598 nullam
2615 5541 2744 5597 esse
2766 5543 2852 5597 hic
2877 5545 3201 5602 declaratur.

2247 5611 2324 5683 (g)
2370 5611 2534 5682 Magis
2559 5613 2823 5684 arrideret
2849 5629 3024 5684 graeca
3052 5633 3155 5673 vox
3177 5619 3398 5679 θεοτῆτα
3421 5619 3526 5676 nisi
3555 5620 3773 5680 obnite-

2177 5685 2690 5764 terenturantiqua‘.
2732 5683 3000 5764 editiones
3027 5702 3165 5764 Δ(ιμηι
3215 5691 3466 5764 omnibus
3497 5707 3628 5748 mss.
3665 5710 3773 5750 non

2176 5762 2379 5808 tantum
2434 5753 2540 5820 hic,
2587 5753 2689 5812 sed
2734 5757 2899 5812 etiam
2927 5774 2977 5814 c.
3023 5757 3117 5826 26,
3148 5775 3204 5816 n.
3238 5761 3294 5828 5,
3352 5762 3441 5818 ubi
3495 5764 3773 5821 theotetam.
