4172 6188
443 263 468 316 1
480 262 582 317 009

1348 267 1893 325 COMMENTARIUS
1930 267 2000 324 IN
2027 268 2437 327 MATTIl/EUM
2473 271 2626 328 CAP.
2671 274 2812 330 XVI.

3600 283 3740 340 1010

436 377 557 448 ejus
587 385 846 449 parentis,
880 398 951 440 ex
982 399 1088 456 quo
1119 383 1392 440 nascendo
1422 392 1505 440 est
1535 382 1829 453 profectus,
1875 397 2033 438 acce-
2063 388 2117 447 Α
2143 385 2270 440 lium
2305 387 2355 442 in
2384 386 2603 444 homine
2628 389 2874 458 vidisset.
2907 391 3209 449 Beatushic
3238 403 3341 460 est,
3371 396 3462 464 qui
3493 396 3628 451 ultra
3657 397 3737 471 (α)

437 471 540 540 pit.
595 473 818 543 Accepit
861 485 1040 531 autem
1093 477 1199 532 hoc
1244 476 1385 546 quod
1427 484 1542 532 erat
1571 492 1582 527 :
1614 484 1668 529 et
1715 483 1896 528 natum
1952 483 2036 530 est

439 561 678 617 Verbum
703 565 846 636 quod
879 566 974 622 fuit
999 582 1216 639 semper
1241 569 1293 623 in
1325 567 1507 622 Patre.
1557 566 1733 636 Atque
1768 566 1838 620 ita
1865 564 2034 620 Filius

434 662 489 708 et
521 663 760 710 aeternus
791 665 845 712 et
875 667 1032 714 natus
1056 670 1138 714 est
1167 679 1178 712 :
1212 660 1337 731 quia
1368 675 1474 714 non
1521 658 1664 713 aliud
1714 659 1766 712 in
1817 673 1882 714 eo
1933 673 2031 713 na-

434 754 547 801 tum
577 757 684 813 est,
709 764 870 820 quam
899 751 1040 822 quod
1071 761 1330 807 aeternum
1361 762 1462 806 est.

505 840 558 896 5.
593 840 761 896 Filius
807 842 905 898 Dei
944 854 1018 899 est
1045 855 1091 900 et
1121 847 1262 914 ﬁlius
1292 845 1533 899 hominis.
1565 873 1635 885 —-
1667 844 1819 899 llunc
1867 845 2030 915 igitur

435 933 799 1002 assumpsisse
828 949 1046 1005 corpus,
1082 945 1137 992 et
1165 936 1436 991 hominem
1473 935 1672 990 factum
1719 949 1861 999 esse,
1912 950 2032 1004 per-

432 1022 574 1080 fecta
603 1025 879 1083 confessio
908 1038 993 1084 est
1022 1047 1033 1083 :
1066 1030 1187 1101 quia
1213 1029 1354 1084 sicut
1374 1031 1647 1084 ceternitas
1676 1038 1880 1084 naturae
1909 1045 2033 1084 nos-

432 1127 531 1173 trae
574 1135 770 1190 corpus
797 1122 1040 1192 accepit;
1075 1123 1145 1178 ita
1177 1124 1609 1192 cognoscendum
1642 1132 1748 1188 est,
1783 1132 2028 1178 naturam

431 1212 677 1280 corporis
703 1212 872 1266 nostri
897 1214 1219 1270 aeternitatis
1247 1229 1525 1270 assumere
1568 1231 1726 1284 posse
1755 1217 2025 1270 virtutem.

430 1299 601 1372 Igitur
628 1303 752 1373 quia
782 1319 1053 1360 summum
1082 1307 1135 1361 in
1165 1305 1272 1362 fide
1303 1307 1403 1362 ista
1433 1307 1632 1361 bonum
1662 1318 1775 1372 est;
1808 1322 1838 1361 a
1863 1307 2028 1363 disci-

433 1396 578 1466 polis
634 1398 861 1467 requirit
907 1414 1068 1470 quem
1111 1413 1171 1456 se
1219 1401 1464 1456 homines
1506 1416 1629 1458 esse
1656 1400 1900 1457 dicerent
1930 1419 1944 1456 ε
1976 1411 2032 1458 et

431 1488 656 1558 adjecit,
696 1489 923 1545 hominis
952 1491 1141 1560 ﬁlium.
1193 1491 1317 1546 Haec
1362 1491 1503 1546 cnim
1551 1491 1910 1547 confessionis
1951 1502 2027 1548 te-

430 1581 608 1638 nenda
640 1585 776 1639 ratio
802 1591 907 1650 est,
964 1593 1020 1640 ut
1065 1585 1226 1641 sicut.
1260 1585 1354 1639 Dei
1403 1585 1596 1647 filium.
1649 1586 1720 1639 ita
1751 1595 1806 1640 et
1859 1585 2029 1641 tilium

428 1676 667 1731 hominis
708 1678 1116 1734 meminerimus
1160 1698 1171 1732 :
1227 1679 1353 1750 quia
1403 1679 1634 1735 alterum
1697 1679 1815 1734 sine
1859 1678 2029 1736 altero

430 1770 565 1826 nihil
596 1772 710 1839 spei
740 1772 927 1827 tribuit
956 1773 1020 1827 ad
1052 1775 1305 1830 salutem.

498 1864 552 1917 6.
598 1863 742 1918 Petri
759 1870 920 1939 juxta
952 1866 1140 1922 Christi
1170 1868 1414 1935 placitum
1443 1870 1719 1940 confessio.
1751 1898 1822 1908 --
1852 1867 2026 1924 Editis

426 1954 630 2026 itaque,
658 1972 780 2026 quso
809 1957 1040 2014 diversae
1067 1957 1133 2013 de
1158 1971 1225 2014 eo
1271 1967 1445 2026 erant,
1489 1958 1769 2014 hominum
1813 1960 2026 2028 opinio-

428 2046 612 2113 nibus,
643 2048 770 2118 quid
799 2048 867 2104 de
911 2064 970 2104 se
1009 2050 1108 2120 ipsi
1157 2050 1396 2105 sentiant
1445 2051 1657 2120 qumrit.
1705 2050 1898 2106 Petrus
1938 2065 2025 2105 re-

424 2139 645 2210 spondit
677 2140 796 2208 :_Tu
823 2158 875 2197 es
895 2140 1131 2197 Christus
1155 2143 1294 2212 ﬁlius
1317 2142 1412 2198 Dei
1441 2145 1537 2198 vivi
1565 2143 1754 2216 (lbid.,
1777 2144 1890 2215 17).
1917 2143 2024 2200 Sed

423 2231 620 2288 Petrus
658 2232 1026 2289 conditionem
1080 2236 1464 2306 propositionis
1511 2236 1860 2306 expenderat.
1912 2236 2024 2291 Do-

423 2326 605 2381 minus
628 2326 773 2381 enim
820 2326 1070 2382 dixerat:
1109 2328 1267 2395 Quem
1297 2345 1375 2382 me
1413 2330 1640 2385 homines
1671 2345 1778 2384 esse
1818 2331 2024 2396 dicunt,
2073 2328 2077 2332 ’

424 2419 592 2490 ﬁlium
621 2420 842 2474 hominis
861 2421 887 2474 Ρ
916 2420 984 2475 Ει
1013 2431 1160 2477 certe
1207 2422 1374 2476 filium
1406 2421 1641 2477 hominis
1690 2423 2023 2494 contempla-

426 2514 503 2568 tio
536 2515 778 2585 corporis
808 2517 1132 2586 praeferebat
1165 2535 1177 2571 :
1202 2517 1297 2572 sed
1342 2517 1610 2585 addendo,
1639 2534 1788 2588 quem
1819 2534 1898 2572 me
1918 2534 2024 2574 esse

423 2608 628 2675 dicunt,
661 2609 1007 2680 signiﬁcavit,
1041 2623 1236 2682 prmter
1279 2613 1331 2669 id
1362 2613 1507 2685 quod
1539 2614 1592 2669 in
1625 2629 1683 2669 se
1715 2614 2020 2681 videbatur,

422 2715 546 2757 esse
589 2701 736 2756 aliud
786 2704 1162 2772 sentiendum;
1213 2717 1329 2762 erat
1380 2706 1524 2762 enim
1578 2706 1812 2762 hominis
1854 2705 2017 2762 ﬁlius.

422 2792 580 2860 Quod
633 2795 795 2866 igitur
840 2796 908 2852 de
955 2813 1016 2854 se
1061 2800 1315 2868 apinandi
1352 2800 1612 2871 judicium
1643 2800 2022 2856 dcsiderabat‘t

422 2883 541 2939 Non
569 2886 696 2942 illud
728 2889 1077 2957 arbitramur,
1106 2891 1248 2962 quod
1273 2891 1341 2947 de
1367 2905 1425 2946 se
1450 2891 1565 2962 ipse
1587 2891 1870 2948 confessus
1895 2902 1979 2948 est
2004 2913 2020 2950 :

423 2980 518 3036 sed
547 2981 813 3038 occultum
862 2991 979 3039 erat
1009 2987 1076 3039 de
1118 2999 1226 3054 quo
1266 2985 1626 3055 quaerebatur,
1672 2984 1724 3039 in
1775 2984 1919 3056 quod
1959 3000 2020 3042 se

421 3072 758 3129 credentium
793 3074 928 3130 fides
954 3075 1186 3132 debebat
1211 3077 1524 3132 extendere.

2139 477 2404 534 humanos
2452 482 2639 535 oculos
2679 491 2734 536 et
2783 484 3081 541 intendisse
3129 496 3185 542 et
3243 487 3443 543 vidisse
3492 488 3739 546 laudatus

2139 582 2226 646 est
2256 593 2268 628 :
2305 590 2410 629 non
2466 576 2517 630 id
2569 577 2710 645 quod
2739 593 2808 634 ex
2867 595 3032 636 carne
3062 589 3116 636 et
3159 583 3422 652 sanguine
3460 593 3577 638 crat
3609 599 3746 639 con-

2136 677 2313 734 tuens,
2343 671 2436 725 sed
2456 671 2549 726 Dei
2582 671 2746 726 lilium
2776 673 3015 728 caelestis
3054 675 3222 744 patris
3245 675 3570 731 revelatione
3608 691 3741 732 con-

2135 761 2404 830 Spiciens;
2446 763 2761 838 dignusque
2787 765 3079 835 judicatus,
3113 767 3206 836 qui
3247 767 3387 837 quod
3429 769 3482 823 in
3520 768 3737 825 Christo

2137 854 2230 910 Dei
2258 865 2423 921 esset,
2476 859 2680 926 prinms
2743 871 3080 929 agnosceret.
3131 859 3176 915 Ο
3230 862 3282 915 in
3331 863 3734 933 nuncupatione

2133 949 2257 1002 novi
2287 950 2517 1005 nominis
2551 951 2676 1005 felix
2712 953 2968 1008 Ecclesiae
2993 952 3070 1024 (b)
3095 952 3522 1021 fundamentum,
3554 955 3742 1025 digna-

2135 1054 2240 1107 que
2267 1039 2623 1097 :rdilicatione
2655 1042 2802 1097 illius
2831 1053 3002 1112 petra,
3045 1060 3164 1114 qua:
3199 1043 3437 1099 infernas
3469 1045 3633 1115 leges,
3680 1055 3738 1102 et

2135 1133 2322 1187 tartari
2352 1144 2557 1201 portas,
2591 1144 2644 1189 et
2670 1135 2852 1190 omnia
2881 1136 3071 1190 mortis
3097 1135 3333 1190 claustra
3375 1136 3730 1192 dissolveret!

2133 1223 2179 1279 Ο
2209 1224 2396 1279 beatus
2439 1226 2564 1281 coeli
2600 1227 2823 1296 janitor,
2854 1227 3006 1296 cujus
3061 1227 3284 1283 arbitrio
3314 1229 3498 1284 claves
3542 1231 3739 1285 aeterni

2135 1316 2310 1370 aditus
2343 1317 2647 1384 traduntur,
2674 1320 2830 1388 cujus
2875 1328 3134 1374 terrestre
3179 1317 3439 1390 judicium
3485 1319 3740 1388 praejudi-

2133 1418 2252 1464 cata
2279 1409 2442 1482 750
2471 1412 2765 1465 auctoritas
2813 1411 2884 1466 sit
2924 1413 2974 1464 in
3019 1411 3161 1466 cmlo
3193 1427 3205 1465 :
3236 1420 3294 1464 ut
3322 1427 3442 1482 quzc
3474 1412 3525 1465 iu
3570 1411 3732 1468 terris

2135 1511 2226 1556 aut
2256 1502 2416 1571 ligata
2442 1503 2550 1556 sint
2574 1511 2665 1557 aut
2692 1505 2889 1569 soluta,
2938 1503 3126 1558 statuti
3175 1502 3417 1572 ejusdem
3466 1502 3735 1559 conditio-

2135 1609 2257 1649 nem
2285 1593 2564 1648 obtineant
2590 1604 2643 1648 et
2672 1594 2726 1649 in
2749 1596 2906 1650 cmlo.

2207 1685 2261 1740 8.
2310 1684 2550 1740 Divitatis
2593 1684 2786 1741 Christi
2816 1697 2964 1741 testes
3009 1689 3094 1742 lea:
3141 1698 3188 1742 et
3236 1692 3523 1759 prophetae,
3564 1706 3735 1744 resur-

2054 1776 2367 1846 Brectionis
2413 1777 2656 1842 apostoli.
2685 1776 2940 1832 -Jubet
2984 1779 3145 1832 etiam
3192 1779 3499 1849 discipulis,
3546 1782 3722 1835 necui

2129 1867 2418 1937 loquantur
2443 1867 2584 1937 quod
2617 1868 2732 1938 ipse
2781 1877 2864 1923 est
2911 1867 3158 1925 Christus
3208 1869 3398 1943 (lbid.,
3430 1871 3526 1943 20)
3553 1890 3566 1928 :
3592 1873 3731 1928 alios

2129 1963 2274 2015 enim
2305 1960 2377 2034 (ε)
2409 1961 2639 2030 Spiritus
2686 1963 2766 2016 sui
2821 1977 2942 2018 esse
2991 1972 3157 2019 testes
3203 1965 3506 2034 oportebat,
3556 1967 3730 2038 legem

2127 2052 2384 2107 videlicet
2411 2062 2466 2107 et
2497 2055 2810 2123 prophetas.
2845 2054 3113 2110 Cmterum
3156 2057 3572 2113 resurrectionis
3623 2068 3736 2115 tes-

2129 2145 2411 2199 timonium
2445 2146 2722 2215 propriutn
2754 2154 2839 2201 est
2864 2147 3255 2216 apostolorum.
3293 2149 3358 2203 Et
3397 2150 3520 2219 quia
3552 2149 3731 2206 scien-

2125 2233 2260 2293 tiunt
2290 2238 2344 2293 in
2375 2238 2581 2310 Spiritu
2625 2239 2899 2294 Christum
2945 2241 3224 2296 beatitudo
3270 2251 3569 2297 monstrata
3611 2253 3729 2309 est;

2127 2344 2339 2404 negatae
2370 2349 2586 2388 rursum
2615 2333 2933 2389 humilitatis
2961 2342 3015 2390 et
3059 2335 3326 2406 passionis
3367 2336 3484 2406 ejus
3515 2337 3732 2407 perit-u-

2128 2428 2238 2483 lum
2270 2428 2598 2490 declaratur.

2198 2520 2251 2576 9.
2283 2519 2516 2575 Christus
2545 2519 2685 2574 Deus
2733 2530 2778 2574 et
2805 2521 2956 2574 homo
2983 2519 3325 2591 confitendus.
3355 2551 3425 2561 —
3446 2520 3578 2576 Nam
3605 2537 3731 2578 cum

2126 2611 2422 2682 praedicare
2469 2610 2749 2680 ccepisset,
2791 2620 3046 2681 oportere
3089 2626 3149 2666 se
3189 2611 3579 2684 Jerosolymam
3625 2614 3731 2683 ire,

2123 2705 2234 2776 pati
2265 2703 2461 2759 deinde
2486 2703 2640 2774 plura
2662 2718 2692 2757 a
2720 2702 3024 2758 senioribus
3046 2702 3243 2774 plebis,
3278 2712 3334 2760 et
3357 2718 3386 2758 a
3430 2704 3641 2760 Scribis
3671 2715 3728 2762 et

2125 2797 2457 2868 principibus
2481 2797 2848 2863 sacerdotum,
2882 2798 3056 2854 occidi
3085 2798 3272 2866 etiam,
3313 2810 3367 2854 et
3414 2809 3537 2870 post
3579 2800 3724 2856 diem

2124 2892 2340 2947 tertium
2410 2906 2694 2962 resurgere
2752 2889 2940 2962 (Ibid.,
2977 2890 3100 2963 21),
3131 2893 3543 2963 apprehendens
3597 2908 3725 2949 eum

2123 2985 2335 3052 Petrus,
2365 2985 2437 3038 ait
2471 3003 2482 3038 :
2516 2984 2656 3038 Absit
2685 3003 2717 3038 a
2745 2994 2812 3052 te,
2842 2982 3086 3052 Domine,
3119 2985 3197 3056 (ά)
3229 3003 3332 3040 non
3359 2987 3452 3040 erit
3481 2987 3636 3040 istud.
3658 2985 3724 3039 At

2123 3079 2231 3150 ipse
2256 3094 2546 3143 conversus,
2588 3077 2746 3132 Petro
2773 3079 2949 3132 dixit:
2987 3077 3131 3133 Vade
3161 3090 3297 3134 retro
3337 3091 3450 3150 post
3490 3098 3591 3145 me,
3637 3097 3723 3134 sa-

495 3167 548 3220 7.
602 3166 950 3240 Confessionis
994 3185 1206 3225 merces.
1230 3200 1300 3210 —-
1326 3170 1392 3225 Et
1439 3170 1657 3240 dignum
1689 3171 1843 3239 plane
1881 3185 2012 3225 con-
2043 3182 2089 3246 ρ
2121 3181 2265 3238 tuna,
2295 3171 2596 3226 scandalum
2626 3173 2748 3226 mihi
2776 3189 2826 3226 es
2853 3172 3043 3243 (Ibid,
3065 3172 3160 3240 22,
3207 3173 3320 3245 25).
3347 3173 3418 3229 Ut
3467 3175 3561 3230 Dei
3603 3190 3723 3229 tnu-

423 3259 590 3316 fessio
638 3261 783 3317 Petri
829 3261 1112 3333 praemium
1159 3273 1451 3318 consecuta
1489 3273 1591 3332 est,
1642 3265 1767 3336 quia
1814 3263 1910 3320 Dei
1953 3265 2018 3319 li-

422 3420 637 3477 [linum
668 3405 846 3477 legere
874 3421 977 3462 eSr.
1008 3406 1162 3463 Unde
1184 3407 1443 3462 Erasmus
1475 3406 1565 3462 hic
1583 3407 1648 3461 ad
1672 3407 1967 3473 marginem
1996 3425 2011 3463 :

424 3475 616 3530 Nescio
640 3495 707 3531 an
726 3475 1009 3532 'theotetam
1031 3477 1238 3544 dixerit,
1267 3479 1690 3546 quemadmoduut
1717 3478 1840 3532 alibi
1860 3479 2012 3548 dixit,

420 3548 708 3610 rheumam,
736 3549 1095 3618 diapsalmam,
1141 3560 1187 3604 et
1213 3567 1472 3604 manuum.

499 3620 578 3688 (a)
607 3618 698 3674 Sic
734 3634 864 3674 mss.
906 3635 967 3675 ea
999 3622 1115 3674 scil.
1149 3624 1358 3675 ratione
1379 3637 1482 3689 qua
1515 3620 1608 3675 lib.
1645 3635 1696 3672 v1
1736 3620 1804 3675 de
1831 3619 2010 3684 Trin.,

426 3706 483 3764 ῃ.
519 3689 588 3745 52
620 3708 631 3742 :
667 3689 818 3764 Ultra
845 3690 1129 3764 humanam
1149 3693 1536 3764 intelligentiam
1557 3708 1610 3744 se
1632 3691 1759 3760 ﬁdes
1804 3701 2012 3761 aposto-

422 3762 524 3816 lica
555 3763 830 3829 protendit.
859 3764 927 3817 At
951 3763 1157 3827 excusi,
1189 3762 1330 3816 ultra
1352 3762 1656 3815 humanum.

497 3831 571 3904 (ὁ)
603 3832 923 3904 lnimargine
976 3833 1236 3889 hactenus
1282 3835 1584 3904 obtinuerat
1637 3835 1752 3888 haec
1804 3831 2015 3901 Erasmi

421 3912 547 3958 nota
583 3923 595 3957 :
633 3903 876 3976 Ecclesia!
920 3906 1312 3976 fundamentum
1340 3906 1487 3975 ﬁdes.
1522 3903 1590 3976 At
1616 3905 1746 3958 nihil
1794 3903 2012 3976 esthic,

421 3989 521 4028 cur
578 3990 683 4028 non
735 3974 1025 4043 ipsummct
1077 3977 1294 4031 Petrum
1343 3974 1456 4029 hoc
1501 3975 1675 4044 elegio
1713 3976 1779 4029 ab
1810 3974 2014 4029 Hilario

423 4045 856 4101 commendatum
889 4047 1232 4102 arbitremur.
1281 4047 1486 4100 Erasmi
1539 4061 1776 4102 errorem
1810 4046 2012 4100 Bellar-

425 4117 603 4171 minus
625 4117 757 4170 vidit
787 4133 850 4172 ac
875 4118 1017 4186 juste
1048 4117 1413 4186 reprehendit,
1449 4117 1627 4186 inique
1669 4126 1846 4170 autem
1896 4132 2011 4170 om-

422 4191 548 4241 nino
580 4203 642 4242 ac
669 4189 804 4243 tnala
841 4190 944 4244 fide
974 4189 1110 4243 tueri
1137 4197 1362 4242 conatur
1391 4188 1682 4253 Scultetns,
1718 4202 1838 4257 pag.
1868 4186 1975 4242 405
1995 4229 2010 4251 .

421 4274 582 4326 quem
615 4274 733 4314 cum
763 4276 908 4315 vera:
940 4259 1123 4313 llilarii
1163 4259 1447 4314 sententiae
1475 4260 1524 4313 id
1568 4260 1890 4313 convincere
1920 4258 2014 4312 de-

422 4329 650 4392 buisset,
695 4331 836 4400 quod
888 4331 957 4386 ab
1009 4332 1125 4400 ipso
1172 4347 1380 4385 rursum
1415 4332 1465 4384 in
1519 4345 1601 4398 ps.
1654 4344 1835 4386 cxxxt.
1866 4345 1921 4382 η.
1954 4327 2008 4394 4,

424 4401 526 4453 and
537 4401 596 4454 iit
630 4399 863 4466 Petrum,
904 4403 986 4455 cui
1032 4399 1263 4465 superius
1291 4403 1456 4455 claves
1484 4402 1628 4470 regni
1655 4399 1898 4454 cmlornm
1927 4399 2014 4470 de-

424 4472 590 4540 derat,
621 4490 775 4537 super
815 4490 961 4543 quem
991 4472 1273 4526 Ecclesium
1302 4469 1648 4543 wdiﬁcatujus
1678 4480 1879 4524 erat....
1912 4469 2014 4523 Pe-

425 4552 559 4596 trum
606 4540 835 4613 primum
878 4543 973 4613 ﬁlii
1004 4543 1099 4597 Dei
1139 4540 1500 4610 confessorem,
1533 4540 1777 4595 Ecclesia:

427 4612 676 4681 mentum,
737 4612 952 4668 caelestis
1003 4617 1145 4683 regni
1185 4616 1504 4685 jauitorem;
1560 4630 1624 4667 ex
1657 4613 1758 4665 hoc
1789 4612 1906 4666 loco
1956 4613 2009 4667 id

429 4693 633 4740 tantum
680 4698 963 4751 memorat,
996 4703 1100 4754 quo
1132 4687 1324 4755 primus
1369 4686 1492 4755 ﬁdei
1519 4687 1778 4754 confessor
1808 4698 2012 4755 nuncu-

427 4767 600 4824 patur,
661 4771 723 4810 ac
768 4765 962 4810 caetera
1016 4754 1377 4810 dissimulans
1418 4771 1634 4826 pravam
1688 4754 2010 4826 sententiam

425 4826 708 4896 przefracte
739 4836 934 4882 tuetur.
963 4827 1183 4881 Frustra
1216 4837 1394 4881 autem
1420 4825 1717 4881 contendit
1763 4825 2010 4896 turpissi-

422 4895 563 4952 mam
617 4898 1054 4953 contradictionis
1093 4899 1356 4952 maculam
1402 4897 1757 4952 celeberrimo
1805 4895 2011 4949 doctori

424 4970 878 5038 adspergendam,
927 4970 970 5022 si
1002 4969 1217 5023 Petrum
1254 4969 1495 5022 Ecclesia:
1529 4972 1916 5038 fundamentum
1944 4966 2014 5021 ab

421 5057 489 5094 eo
530 5037 833 5109 nuncupari
879 5040 1193 5102 dixerimus,
1226 5054 1348 5093 cum
1373 5039 1466 5094 lib.
1515 5054 1570 5092 vr
1600 5038 1667 5092 de
1696 5037 1869 5104 Trin.,
1925 5039 2007 5092 in-

421 5113 560 5181 quit,
620 5112 808 5166 eadcnt
854 5111 1014 5164 verba
1064 5112 1129 5164 ad
1160 5110 1305 5164 Petri
1333 5109 1733 5181 confessionem
1786 5111 2002 5166 referat.

421 5179 605 5237 Primo
651 5182 792 5236 enim
848 5197 1044 5236 vanum
1091 5191 1174 5235 est
1215 5180 1342 5234 illud
1374 5180 1438 5243 si,
1471 5179 1559 5234 ubi
1590 5191 1822 5234 mentem
1855 5195 2007 5233 suam

419 5255 624 5324 apertis
655 5252 834 5308 verbis
865 5253 1182 5308 declaravit.
1214 5251 1416 5324 Deinde
1439 5265 1580 5324 aqua:
1629 5249 2010 5324 contradictio-

420 5322 504 5382 nis
535 5323 762 5392 macula,
793 5324 839 5377 si
871 5325 1128 5393 elogium,
1158 5322 1300 5392 quod
1329 5324 1398 5376 ob
1429 5323 1589 5393 iidem
1611 5333 1686 5393 et
1717 5322 2011 5393 confessio-

422 5413 546 5452 nem
578 5391 753 5450 snam'
786 5391 983 5449 meruit
1031 5391 1241 5458 Petrus,
1285 5393 1445 5447 modo
1492 5392 1558 5448 ad
1606 5392 1801 5462 ipsum,
1848 5391 2011 5447 modo

422 5468 491 5522 ad
549 5467 706 5520 fidem
759 5465 901 5520 illius
947 5466 1231 5520 referatur.
1272 5465 1439 5519 Paulo
1467 5465 1625 5518 etiam
1652 5463 2012 5517 confidentius

426 5537 623 5593 asserit
649 5536 929 5593 Scultetus
954 5536 1212 5591 Hilarium
1249 5537 1330 5591 his
1357 5537 1534 5589 verbis
1561 5553 1574 5589 :
1604 5531 1671 5586 Et
1701 5551 1853 5600 super
1881 5533 2014 5587 hanc

427 5620 649 5678 petram,
701 5615 830 5676 etc.,
885 5616 1040 5679 petrae
1091 5607 1308 5662 nomine
1359 5605 1632 5661 Christum
1695 5615 2014 5679 constanter

429 5675 764 5737 intellexisse
794 5675 956 5734 :chm
997 5693 1064 5733 ne
1103 5679 1186 5733 vel
1233 5679 1398 5733 semel
1429 5692 1552 5732 eum
1597 5675 1758 5732 verba
1807 5677 1893 5731 illa
1942 5675 2016 5732 ita

432 5754 844 5822 interpretatum
895 5763 1018 5808 esse
1069 5749 1337 5807 ostendat.
1389 5748 1522 5804 Nam
1577 5747 1720 5820 quod
1766 5745 1922 5804 aiiert
1949 5762 2016 5803 ex

2128 3281 2230 3322 nus
2269 3273 2374 3332 est,
2424 3263 2701 3321 Christum
2731 3262 2804 3338 (e)
2858 3266 2912 3322 in
2959 3264 3162 3336 Spiritu
3210 3267 3377 3321 Deum
3408 3283 3598 3334 nosse;
3645 3267 3722 3323 ita

2126 3407 2224 3462 lib.
2259 3407 2421 3481 vr_de
2464 3408 2616 3464 Trin.
2648 3426 2702 3462 η.
2734 3407 2841 3464 '52:
2877 3409 3050 3481 Super
3078 3409 3210 3462 hanc
3249 3411 3583 3477 confessionis
3627 3431 3718 3481 pe—

2125 3477 2544 3550 tramiEcclesia
2580 3481 2795 3550 fundata
2832 3489 2925 3550 est,
2958 3477 3057 3532 'ibi
3105 3489 3310 3548 petram
3348 3481 3498 3534 Petri
3524 3477 3710 3548 ﬁdem,

2123 3565 2230 3604 non
2261 3549 2558 3608 Christum.
2582 3549 2886 3618 nuncupari
2916 3549 3118 3602 clarum
3151 3559 3324 3604 estex
3359 3551 3515 3605 initio
3558 3568 3710 3609 num.

2123 3621 2192 3674 '55
2220 3637 2232 3672 :
2268 3618 2394 3672 Hcce
2424 3620 2573 3687 ﬁdes,
2605 3619 2852 3674 Ecclesia:
2894 3619 3285 3690 fundamentum
3313 3629 3426 3674 est:
3456 3638 3544 3688 per
3579 3623 3718 3678 hanc

2123 3690 2278 3761 ﬁdem
2307 3691 2544 3761 inﬁrmes
2588 3690 2830 3744 adversus
2875 3707 2984 3761 eam
3031 3699 3147 3744 sunt
3191 3699 3352 3760 porta:
3379 3691 3713 3761 inferorum:

2121 3759 2230 3834 han:
2279 3760 2406 3834 ﬁdes
2438 3762 2581 3834 regni
2609 3762 2851 3834 cazlorum
2876 3760 3026 3834 habet
3064 3759 3247 3828 claves,
3275 3771 3400 3834 etc.
3439 3759 3626 3817 ilmmo
3655 3766 3710 3820 in

2118 3831 2310 3886 eodem
2340 3831 2434 3885 illo
2466 3831 2601 3887 libro
2630 3849 2702 3896 vi,
2737 3833 2930 3886 Petrus
2963 3833 3032 3885 ob
3080 3847 3231 3886 suam
3263 3832 3422 3888 fidem
3452 3835 3708 3889 Ecclesia:

2119 3903 2523 3957 fundamentum
2551 3918 2672 3957 esse
2699 3903 3048 3972 significatur.
3083 3902 3220 3970 Quid
3249 3904 3392 3957 enim
3425 3905 3569 3960 aliud
3600 3906 3705 3961 sibi

2117 3975 2232 4027 Vult
2263 3973 2414 4036 illud,
2446 3989 2501 4028 η.
2535 3974 2603 4028 16
2631 3992 2642 4027 :
2677 3972 2805 4027 Post
2832 3975 3139 4027 sacramenti
3169 3978 3533 4043 confessionem
3582 3977 3705 4030 bea-

2117 4056 2204 4098 tus
2248 4043 2433 4099 Simon
2478 4045 2808 4114 a’diﬁcationi
2857 4045 3080 4114 ecclesiae
3122 4045 3408 4113 subjacens,
3453 4055 3501 4100 et
3545 4048 3710 4102 claves

2116 4116 2261 4185 regni
2310 4116 2521 4170 caelestis
2571 4113 2864 4183 accipiens?
2887 4113 3126 4182 Namque
3152 4116 3489 4173 :ediiicationi
3522 4117 3710 4172 Eccle-

2117 4189 2212 4239 size
2240 4200 2344 4251 qua
2369 4187 2598 4252 ratione,
2631 4201 2834 4253 quaeso,
2866 4187 2967 4240 nisi
3011 4195 3066 4238 ut
3113 4185 3541 4252 fundamentum,
3574 4189 3708 4243 sub-

2116 4257 2294 4325 jacet?
2323 4256 2664 4328 Demumqui
2697 4257 2884 4322 verba,
2920 4273 2973 4310 η.
3008 4257 3097 4328 55,
3132 4257 3468 4325 expenderit,
3516 4274 3710 4328 qnam-

2118 4329 2241 4382 dam
2275 4329 2327 4381 in
2361 4327 2661 4397 apostolatu
2691 4342 2752 4381 ac
2784 4327 3086 4398 sacerdotio
3116 4328 3258 4382 Petri
3291 4327 3704 4398 prterogativam

2120 4399 2190 4454 ibi
2217 4398 2585 4452 commendari
2617 4414 2721 4452 non
2750 4397 3092 4453 inlicia‘bitur.
3133 4398 3312 4464 Neque
3352 4397 3496 4453 aliud
3526 4409 3701 4464 sonat,

2119 4469 2260 4539 quod
2294 4469 2342 4522 in
2375 4468 2476 4523 hoc
2506 4469 2621 4534 ipso
2678 4471 3089 4531 commentario,
3122 4484 3172 4524 c.
3218 4467 3306 4537 14,
3333 4485 3384 4523 n.
3420 4471 3508 4531 17.
3543 4470 3706 4525 toties

1824 4544 2015 4611 funda-
2037 4537 2092 4598 D
2121 4537 2380 4607 primatus
2407 4540 2576 4610 ipsius
2623 4541 2946 4595 celebratur.
2979 4540 3182 4608 Quibus
3212 4541 3264 4594 in
3306 4539 3439 4595 locis
3468 4541 3703 4608 Hilarius

2121 4611 2286 4666 Leoni
2335 4620 2520 4680 aperte
2570 4612 2810 4679 prmlusit
2853 4611 3065 4666 docenti
3111 4611 3268 4680 epist.
3303 4625 3360 4674 ν,
3400 4626 3446 4664 c.
3482 4611 3537 4675 2,
3569 4612 3702 4666 edit.

2118 4683 2375 4748 Quesnel.
2406 4700 2419 4734 :
2454 4680 2706 4735 Dominus
2751 4683 3046 4751 apostolica:
3103 4681 3369 4750 dignitatis
3414 4682 3702 4736 beatissimo

2120 4753 2350 4826 apostolo
2400 4752 2555 4826 Petro
2605 4754 2907 4826 primatum,
2957 4753 3076 4821 fidei
3104 4767 3226 4826 sua:
3274 4754 3702 4826 remuneratione,

2122 4822 2393 4889 commisit,
2424 4822 2760 4877 uniuersalem
2785 4823 3064 4895 Ecclesium
3098 4823 3149 4876 in
3181 4822 3498 4895 fundamenti
3541 4825 3708 4895 ipsius

2121 4897 2378 4949 soliditate
2422 4896 2752 4948 constituens.
2795 4894 2924 4948 [iam
2970 4894 3108 4949 dicta
3149 4893 3256 4948 sint
3302 4909 3369 4948 ex
3418 4893 3705 4950 occasione

2123 4965 2366 5028 Sculteti,
2399 4965 2551 5035 cujus
2579 4965 2723 5018 falsae
2753 4964 3120 5034 intelligentia:
3173 4964 3317 5018 ultro
3339 4965 3702 5035 pepercisse-

2112 5053 2253 5102 mus,
2285 5037 2385 5091 nisi
2417 5034 2700 5091 manifeste
2726 5037 3046 5091 accessisset
3072 5045 3125 5091 et
3155 5035 3296 5089 mala
3327 5034 3481 5090 ﬁdes.

2188 5107 2260 5179 (ο)
2315 5107 2368 5162 Id
2417 5117 2521 5179 est_.
2568 5106 2872 5179 divinitatis
2923 5124 2938 5160 :
2992 5121 3095 5179 qua
3166 5105 3517 5179 intelligentia
3574 5122 3700 5163 mox

2113 5176 2377 5233 scientiam
2402 5180 2455 5231 in
2482 5177 2684 5250 Spiritu
2724 5176 3003 5242 Christum,
3045 5176 3098 5231 id
3127 5186 3232 5245 est,
3263 5177 3548 5234 scientiam
3574 5193 3698 5233 eum

2113 5264 2240 5305 esse
2263 5250 2312 5302 in
2343 5248 2534 5302 natura
2560 5248 2759 5303 divina.

2186 5318 2267 5392 (ά)
2298 5319 2666 5392 Michaeljnus
2698 5318 3025 5392 codex,_non
3056 5319 3161 5392 erit
3201 5319 3290 5372 tibi
3326 5319 3465 5372 istud
3505 5335 3523 5371 :
3563 5331 3698 5392 con-

2113 5381 2470 5445 sentientibus
2509 5381 2702 5461 grzecis
2726 5404 2788 5444 ac
2818 5381 2999 5461 latinis
3046 5390 3337 5461 Scriptum
3363 5389 3694 5461 exemplari-

2115 5461 2234 5515 bus.
2260 5461 2388 5532 }.ib.
2440 5457 2610 5514 v1'de
2655 5460 2804 5514 Trin.
2836 5476 2891 5514 n.
2934 5459 3024 5525 54,
3073 5457 3252 5532 legere
3278 5469 3382 5527 est,
3433 5457 3699 5530 Propitius

2114 5533 2224 5598 tibi,
2249 5530 2486 5595 Domine,
2516 5547 2617 5586 non
2645 5533 2737 5585 erit
2771 5533 2931 5586 istud.

2191 5603 2266 5676 (e)
2291 5603 2394 5658 Sex
2413 5615 2558 5676 imss.
2591 5603 2645 5655 in
2667 5604 2855 5673 spiritu
2881 5602 2974 5676 Dei
2995 5619 3162 5676 nosse,
3211 5603 3388 5676 minus
3407 5603 3694 5676 concinne,

2118 5671 2213 5731 sed
2241 5671 2347 5730 non
2376 5674 2484 5728 alio
2513 5671 2710 5740 sensu;
2739 5690 2858 5729 cum
2906 5674 2959 5728 in
2990 5674 3190 5744 Spiritu
3211 5671 3308 5729 Dei
3329 5687 3437 5727 esse
3478 5671 3702 5743 perinde

2121 5747 2324 5803 Ililario
2351 5746 2419 5804 sit
2443 5759 2504 5801 ac
2526 5745 2581 5801 in
2612 5744 2799 5801 deitate
2832 5745 3004 5800 Patris
3031 5760 3158 5799 esse.
