4172 6188
429 258 568 322 1015

1621 260 1865 319 SANCTI
1902 259 2158 319 HILARII
2195 261 2500 321 EPISCOPl

3578 261 3719 320 1016

427 381 664 440 elevavit
701 401 716 440 :
758 383 840 457 (a)
878 392 935 440 et
973 382 1145 438 solum
1185 347 1544 448 contuentur,
1587 394 1746 451 quem
1787 379 2022 436 medium
2047 379 2104 441 Α
2128 378 2234 435 ﬁde
2289 389 2557 450 tamquam
2613 378 2693 454 (ά)
2753 380 2976 436 Domino
3026 379 3253 436 absente
3305 379 3662 435 decesserint.
3739 427 3742 430 .

422 480 736 537 constitisse
775 477 916 532 inter
940 475 1161 547 Moysen
1188 483 1242 530 et
1264 473 1435 529 Eliam
1463 472 1731 528 viderant.
1757 471 1836 526 Ad
1857 470 2020 526 futuri

424 574 572 630 enim
599 572 849 637 formam,
881 578 1042 639 atque
1068 569 1134 624 ad
1165 567 1291 624 facti
1322 567 1482 623 ﬁdem
1509 609 1523 632 ,
1554 566 1767 638 Moyses
1793 575 1845 622 et
1876 565 2020 621 Elias

423 667 483 721 in
512 673 696 719 monte
716 662 1092 718 constiterant.
1122 659 1404 716 Silentium
1435 659 1580 713 enim
1619 672 1802 713 rerum
1842 667 2020 727 gesta-

423 772 543 814 rum
579 771 713 826 quas
748 755 1000 811 viderant
1048 754 1312 822 imperat,
1351 751 1525 807 donec
1566 767 1687 806 cum
1733 766 1765 805 a
1793 751 2020 806 mortuis

420 857 732 920 resurgeret
757 845 809 919 (1
817 846 947 911 bid.,
967 844 1056 917 9);
1082 845 1209 918 (hoc
1236 844 1311 916 (b)
1329 843 1471 899 enim
1495 843 1616 899 ﬁdei
1632 843 1911 912 praemium
1935 857 2022 898 re-

422 939 740 996 servabatur
761 980 775 1005 ,
802 946 863 993 ut
893 937 1066 992 honor
1094 936 1410 992 redderetur
1449 935 1516 990 iis
1539 976 1554 1001 ,
1583 934 1724 1004 apud
1747 949 1882 1004 quos
1912 950 2021 989 non

420 1032 558 1087 levis
588 1031 701 1086 sola
735 1039 1134 1100 praeceptorum
1177 1027 1476 1082 auctoritas
1516 1024 1906 1096 reperiretur);
1938 1025 2020 1080 in-

417 1123 608 1178 ﬁrmos
633 1122 776 1178 enim
807 1119 880 1194 (c)
919 1129 1169 1177 senserat
1209 1119 1276 1174 ad
1309 1119 1458 1174 vocis
1494 1118 1732 1174 auditum
1765 1135 1777 1170 :
1812 1127 1869 1172 ut
1897 1133 2019 1172 cum

421 1223 608 1270 essent
636 1214 838 1283 Spiritu
868 1222 1056 1268 sancto
1080 1211 1298 1283 repleti,
1330 1220 1456 1267 tunc
1492 1218 1770 1282 gestorum
1801 1208 2018 1280 spirita-

418 1307 552 1363 lium
583 1316 750 1363 testes
780 1317 979 1361 essent.

490 1401 545 1455 4.
593 1400 823 1456 Solliciti
869 1400 1030 1454 etiam
1072 1399 1140 1454 de
1178 1397 1515 1469 temporibus
1554 1396 1684 1451 Eliae
1737 1395 2021 1465 requirunt

423 1493 617 1566 (Ibid.,
649 1491 762 1563 l0).
804 1491 1008 1559 Quibus
1036 1489 1333 1560 respondet
1362 1490 1533 1544 Eliam
1560 1503 1682 1544 esse
1697 1496 1980 1542 venturum
2003 1529 2017 1551 ,

419 1596 477 1644 et
522 1587 812 1643 restituere
841 1588 1091 1641 universa
1125 1583 1314 1658 (Ibid.,
1358 1583 1470 1655 ll).
1503 1583 1552 1638 id
1585 1593 1668 1639 est
1709 1583 2016 1651 reliquum,

416 1678 560 1749 quod
586 1677 1010 1748 deprehenderit
1028 1693 1093 1732 ex
1115 1677 1302 1744 Israel,
1331 1679 1398 1731 ad
1425 1676 1784 1745 cognitionem
1814 1675 1907 1730 Dei
1933 1691 2018 1731 re-

417 1781 756 1827 vocaturum.
791 1771 897 1827 Sed
942 1772 995 1825 in
1026 1772 1226 1825 virtute
1255 1785 1319 1825 ac
1348 1770 1537 1840 spiritu
1566 1769 1698 1823 Elia:
1730 1767 1894 1842 754
1918 1769 2015 1824 .lo-
2045 1774 2094 1833 B

415 1861 653 1916 hannem
682 1861 899 1916 venisse
930 1860 1216 1931 _significat
1241 1902 1254 1925 ,
1295 1860 1348 1913 in
1389 1874 1496 1930 quo
1535 1859 1610 1931 (in
1636 1857 1806 1931 quem)
1834 1861 2015 1930 gravia

415 1969 644 2025 qumque
663 1963 828 2024 atque
853 1969 1046 2024 aspera
1067 1954 1441 2011 exercuissent
1470 1973 1482 2006 :
1508 1964 1567 2009 ut
1587 1954 1797 2009 Domini
1819 1955 2018 2011 adven-

415 2055 529 2101 tum
563 2049 954 2116 praenuntians,
991 2046 1295 2116 passionem
1327 2061 1544 2118 quoque
1574 2057 1934 2117 praecurreret
1963 2057 2018 2103 et

417 2139 628 2210 injuriae
664 2148 719 2194 et
747 2139 1049 2194 vexationis
1077 2140 1347 2208 exemplo.

486 2233 542 2288 5.
572 2233 640 2288 Et
664 2250 782 2288 cum
803 2233 1019 2287 venisset
1045 2233 1114 2286 ad
1137 2233 1361 2297 turbam,
1385 2234 1598 2287 accessit
1627 2233 1696 2286 ad
1721 2249 1836 2288 eum
1867 2233 2016 2288 homo

416 2325 628 2395 genibus
668 2327 970 2397 provolutus
995 2366 1010 2390 ,
1051 2326 1224 2381 dicens
1269 2323 1534 2381 :Domine
1559 2367 1573 2391 ,
1623 2327 1861 2380 miserere
1908 2326 2016 2396 [ilio

415 2434 529 2473 meo
550 2416 738 2490 (Ibid.,
771 2416 884 2489 14).
922 2417 1160 2473 Reverso
1186 2417 1252 2472 ad
1284 2417 1468 2473 turbas
1502 2419 1730 2474 Domino
1753 2461 1767 2485 ,
1801 2435 1829 2472 a
1864 2430 2017 2490 patre

415 2510 645 2581 genibus
667 2509 924 2566 advoluto
952 2526 1083 2578 puer
1104 2509 1330 2566 offertur
1349 2509 1734 2575 daemoniacus,
1762 2510 2017 2580 frequen-

413 2613 498 2660 ter
521 2613 576 2659 et
598 2605 650 2659 in
678 2620 872 2676 aquam
897 2604 1155 2660 decidens
1180 2612 1234 2660 et
1262 2605 1314 2659 in
1343 2605 1542 2675 ignem,
1567 2605 1653 2659 cui
1680 2606 2012 2661 curationem

415 2695 611 2753 aﬁ’erre
637 2697 889 2768 discipuli
917 2712 1027 2752 non
1052 2697 1346 2766 potuerint.
1371 2695 1680 2768 Objurgatis
1708 2696 1811 2764 his,
1835 2706 1888 2753 et
1917 2698 2016 2753 in-

416 2796 637 2859 crepato
669 2788 940 2854 daamone,
971 2803 1136 2843 sanus
1163 2801 1296 2858 puer
1326 2787 1498 2844 factus
1521 2799 1623 2844 est.

483 2881 537 2934 6.
567 2881 931 2952 Apostolorum
956 2880 1084 2949 fides
1115 2881 1337 2952 primum
1367 2881 1687 2952 imperfecta.
1714 2909 1784 2920 —
1811 2878 2016 2936 Credi—

411 2975 608 3030 deram
631 2973 849 3044 quidem
879 2971 1124 3044 Apostoli
1158 2990 1170 3025 :
1208 2971 1444 3027 nondum
1493 2982 1672 3028 tamen
1703 2984 1857 3028 erant
1887 2990 2014 3044 pcr-

413 3067 568 3123 fectte
593 3052 739 3123 ﬁdei.
767 3067 901 3122 Nam
931 3066 1161 3122 Domino
1184 3066 1239 3122 in
1271 3075 1455 3122 monte
1482 3067 1818 3136 demorante,
1849 3077 1906 3124 et
1934 3069 2016 3139 ip-

2193 472 2247 526 7.
2286 470 2541 527 Diabolus
2571 473 2626 527 in
2664 473 2979 543 profundum
3006 473 3196 545 inferni
3221 488 3253 526 a
3287 471 3471 541 quibus
3507 472 3719 544 ejicien-

2121 564 2238 618 dus.
2269 593 2340 604 —-
2379 564 2619 635 Denique
2646 565 3017 634 quaerentibus
3054 579 3085 618 a
3114 579 3173 619 se
3200 606 3215 630 ,
3247 577 3345 619 cur
3391 562 3717 619 daemonium

2121 657 2319 726 ejicere
2350 673 2456 711 non
2505 657 2848 726 potuissent,
2901 655 3220 725 respondit,
3254 655 3322 710 de
3363 655 3540 722 inopia
3589 653 3716 709 ﬁdei

2122 748 2371 804 ellectum
2395 763 2519 810 esse
2544 763 2610 805 ne
2637 758 2858 818 possent
2889 747 3077 821 (Ibid.,
3112 749 3177 803 18
3202 757 3249 803 et
3283 747 3373 818 19)
3398 765 3410 799 :
3439 762 3560 818 qua:
3587 747 3631 800 si
3661 746 3714 800 in

2121 841 2227 897 illis
2255 852 2525 912 tamquam
2565 857 2788 910 granum
2816 843 3022 912 sinapis
3049 850 3192 896 esset
3217 884 3232 907 ,
3265 841 3436 895 monti
3455 839 3589 894 huic
3612 882 3627 907 ,
3656 850 3717 895 ut

2121 948 2153 987 a
2178 934 2292 988 loco
2337 933 2391 988 in
2432 932 2609 989 locum
2643 933 2936 999 transiret,
2967 948 3087 989 cum
3134 932 3400 988 efﬁciendi
3448 941 3718 1003 potestate

2122 1027 2500 1096 praeciperent.
2532 1026 2639 1082 Sed
2671 1027 2782 1096 jam
2808 1026 2875 1082 de
2905 1037 3088 1082 monte
3113 1026 3460 1093 decesserat,
3494 1035 3548 1081 et
3576 1026 3719 1082 inter

2123 1119 2311 1173 turbas
2339 1118 2455 1173 haec
2495 1117 2836 1188 loquebatur.
2872 1118 3056 1198 itaque
3080 1130 3134 1174 et
3164 1133 3225 1174 se
3246 1134 3472 1188 granum
3513 1118 3718 1190 sinapis

2121 1211 2450 1282 nuncupavit
2478 1211 2718 1266 omnium
2752 1211 3058 1278 minimum,
3091 1221 3146 1267 et
3172 1211 3444 1266 diabolum
3474 1220 3716 1267 montem

2120 1305 2525 1376 cognominavit
2556 1322 2569 1358 :
2599 1304 2723 1375 quia
2760 1305 2812 1358 in
2859 1305 2953 1359 illo
2993 1305 3267 1375 spiritales
3295 1304 3549 1374 nequitiae
3592 1314 3720 1359 sunt

2122 1397 2478 1468 caelestesque
2500 1397 2728 1452 virtutes
2750 1411 2847 1467 per
2879 1412 2974 1453 eos
3008 1397 3080 1470 (ε)
3108 1397 3412 1467 ejiciendae,
3441 1407 3495 1451 et
3517 1396 3571 1451 in
3599 1397 3722 1452 alti-

2125 1489 2364 1544 tudinem
2395 1489 2558 1545 maris
2589 1498 2860 1559 tamquam
2897 1485 2951 1542 in
2995 1487 3318 1558 profundum
3363 1486 3555 1543 inferni
3580 1487 3720 1557 abji-

2122 1582 2328 1638 ciendac
2351 1624 2365 1649 ,
2397 1597 2533 1653 quos
2578 1583 2633 1637 in
2663 1582 2805 1637 hanc
2835 1581 3128 1638 efﬁcaciam
3151 1583 3414 1652 jejunium
3454 1589 3502 1637 et
3544 1581 3717 1638 oratio

2125 1690 2538 1748 prosequentur.

2197 1770 2246 1824 8.
2277 1769 2640 1840 Apostolorum
2671 1770 2877 1824 nomine
2911 1768 3166 1825 Pltariswi
3193 1779 3238 1825 et
3271 1769 3469 1825 Scribte
3495 1759 3722 1826 tracta'n-

2124 1871 2225 1914 tur.
2253 1890 2325 1899 ——
2347 1861 2675 1917 Tenebimus
2718 1877 2932 1932 quoque
2973 1863 3134 1917 etiam
3177 1878 3298 1918 cum
3341 1864 3587 1918 ordinem
3617 1905 3631 1930 ,
3661 1873 3721 1919 ut

2120 1959 2224 2014 sub
2247 1960 2635 2029 discipulorum
2668 1961 2888 2016 nomine
2909 2001 2924 2026 ,
2969 1959 3370 2016 Pharisazorum
3406 1971 3462 2016 et
3504 1959 3723 2016 Scriba-

2119 2067 2236 2106 rum
2272 2066 2501 2122 persona
2533 2059 2812 2108 tractetur.
2842 2052 3048 2120 Quibus
3090 2053 3178 2108 lex
3207 2053 3504 2108 curandum
3533 2063 3589 2108 ut
3609 2051 3723 2109 dis-

2119 2143 2315 2214 cipulis
2343 2144 2623 2214 populum,
2658 2155 2930 2216 tamquam
2963 2153 3115 2215 pater
3148 2145 3316 2199 ﬁlium
3345 2186 3360 2211 ,
3384 2159 3508 2200 cum
3540 2145 3724 2200 Domi-

2121 2252 2222 2292 nus
2249 2237 2466 2293 abesset
2487 2279 2502 2303 ,
2548 2237 2823 2292 obtulerit.
2872 2238 2976 2305 Qui
3012 2237 3245 2306 peccatis
3270 2237 3677 2294 dominantibus
3701 2281 3718 2306 ,

2121 2346 2264 2386 nunc
2292 2331 2343 2386 in
2374 2330 2550 2402 ignem
2577 2330 2765 2400 judicii
2790 2330 3091 2396 decidebat,
3109 2345 3252 2385 nunc
3283 2332 3334 2385 in
3357 2345 3548 2402 aquam
3571 2331 3722 2386 diur-

2121 2437 2310 2477 narum
2361 2421 2428 2496 (Ι)
2468 2421 2706 2478 sordium
2756 2437 2973 2477 suarum
3023 2422 3412 2478 consuetudine
3443 2424 3722 2493 mergeba-

2123 2524 2227 2570 tur.
2279 2515 2344 2569 Hi
2388 2514 2549 2586 igitur
2601 2514 2737 2569 nihil
2793 2515 3252 2584 opisattulerunt
3300 2533 3312 2569 :
3358 2516 3480 2586 quia
3531 2516 3722 2571 demo-

2119 2617 2273 2664 rante
2319 2609 2393 2680 (g)
2427 2608 2609 2678 Moyse
2638 2623 2761 2664 cum
2800 2609 3028 2664 Domino
3056 2611 3109 2663 in
3150 2618 3333 2664 monte
3359 2651 3374 2675 ,
3415 2608 3594 2665 eﬁ'ecti
3642 2609 3722 2683 (Ir)

2121 2699 2334 2756 fuerant
2364 2701 2634 2755 infideles.
2663 2700 2730 2754 Et
2760 2709 2816 2754 ut
2844 2701 3020 2772 typica
3052 2701 3189 2755 ratio
3221 2701 3539 2771 impleretur
3563 2743 3578 2768 ,
3609 2700 3722 2756 dis-

2119 2793 2283 2863 cipuli
2320 2794 2583 2848 mirantur
2625 2808 2686 2848 se
2713 2792 2912 2862 ejicere
2940 2792 3243 2848 dmmonem
3289 2807 3399 2847 non
3430 2793 3670 2863 potuisse
3701 2811 3716 2848 :

2121 2884 2282 2958 755
2306 2900 2426 2939 cum
2455 2885 2632 2940 omnis
2671 2893 2911 2955 potestas
2948 2901 3056 2940 non
3095 2885 3272 2940 solum
3303 2884 3608 2940 daamonum
3636 2884 3724 2940 fu-

2118 2980 2415 3051 gandorum
2441 3020 2456 3046 ,
2489 2995 2675 3034 verum
2718 2979 2881 3034 etiam
2929 2987 3264 3035 mortuorum
3307 2979 3718 3036 excitandorum

2119 3081 2264 3127 esset
2290 3070 2512 3126 indulta.
2535 3070 2673 3138 Quia
2698 3086 2829 3126 vero
2855 3072 2992 3126 ultra
3021 3086 3144 3126 cum
3173 3071 3257 3127 his
3289 3073 3376 3128 lex
3402 3072 3580 3128 futura
3606 3090 3716 3129 non

411 3162 490 3216 sis
540 3175 663 3215 cum
706 3160 860 3214 turba
901 3159 1263 3214 residentibus
1287 3199 1303 3226 ,
1355 3159 1574 3230 quidam
1627 3173 1782 3232 tepor
1822 3176 2009 3217 eorum
2039 3163 2084 3227 C
2119 3175 2298 3232 esset,
2332 3165 2729 3235 ait:generatio
2758 3165 3068 3221 incredibilis
3091 3175 3138 3220 et
3165 3182 3398 3238 perversa
3451 3167 3715 3242 (nonuti-

413 3252 580 3307 ﬁdem
641 3251 1015 3314 relaxaverat;
1059 3261 1220 3320 atque
1283 3251 1486 3307 idcirco
1541 3254 1617 3307 ait
1661 3271 1672 3306 :
1741 3253 2009 3310 Generatio

413 3341 720 3415 (Ibid.,16)
756 3341 1072 3397 incredibilis
1119 3351 1165 3396 et
1194 3359 1430 3413 perversa
1453 3385 1468 3408 ,
1505 3360 1766 3414 quousque
1801 3363 1887 3401 ero
1926 3363 2015 3400 vo-

412 3435 610 3490 biscum
639 3436 658 3506 (
684 3433 747 3489 V.
782 3436 820 3488 ι.
849 3450 903 3489 vr
927 3434 991 3487 de
1025 3433 1200 3501 Trin.,
1232 3452 1286 3489 η.
1333 3434 1466 3505 25)?
1495 3436 1640 3504 quia,
1663 3436 1886 3492 absente
1925 3453 2013 3502 se,

411 3526 650 3597 antiquas
691 3524 1025 3580 inﬁdelitatis
1064 3525 1404 3581 consuetudo
1433 3527 1802 3597 subrepserat.
1844 3529 2013 3586 Docet

412 3619 614 3688 igitur,
655 3633 751 3674 eos
794 3618 925 3674 nihil
973 3618 1162 3675 salutis
1205 3618 1400 3674 afferre
1448 3633 1643 3689 posse,
1694 3623 1783 3691 qui
1833 3621 2012 3678 medio

410 3711 833 3782 Evangeliorum
883 3721 939 3767 et
980 3711 1164 3766 iterati
1211 3711 1476 3767 adventus
1518 3714 1598 3768 sui
1646 3722 1931 3784 tempore,
1980 3731 2010 3770 a

481 3825 556 3897 (a)
579 3824 654 3879 Ita
681 3825 918 3878 melioris
949 3832 1091 3879 notae
1118 3837 1247 3879 mss.
1282 3824 1387 3879 Alii
1425 3840 1549 3881 cum
1577 3828 1816 3897 excusis,
1847 3839 1903 3883 ut
1924 3846 2008 3886 so-

409 3898 516 3952 lum
542 3905 918 3949 contueremur.
1871 3958 1874 3962 I

480 3967 840 4044 (b)Partic_ula
869 3967 1124 4044 enimaut
1151 3966 1384 4044 refertur
1429 3966 1499 4020 ad
1542 3968 1804 4044 silentium
1844 3971 2004 4044 impe-

405 4037 532 4094 rat:
556 4039 697 4108 quod
738 4038 934 4092 factum
979 4037 1122 4091 dicat
1169 4037 1423 4101 Hilarius,
1465 4048 1521 4092 ut
1549 4038 1672 4094 ﬁdei
1723 4043 1872 4096 locus
1910 4037 2005 4096 da-

405 4121 578 4182 retur,
611 4119 666 4163 et
695 4110 868 4178 major
905 4108 1075 4178 gloria
1108 4109 1428 4182 redderetur
1456 4110 1542 4175 iis,
1584 4113 1723 4180 apud
1755 4128 1891 4182 quos
1916 4129 2004 4167 sa-

407 4181 476 4235 tis
505 4183 682 4251 gravis
718 4196 816 4250 per
861 4194 921 4234 se
973 4179 1306 4251 reperiretur
1345 4179 1734 4251 praeceptorum
1769 4179 2003 4239 auctori-

403 4249 621 4323 tas,‘ut,
653 4249 900 4323 exemplo
928 4249 1420 4323 transﬁgurationis
1450 4253 1670 4307 minime
1701 4257 1998 4323 proposito,

406 4323 474 4376 ad
500 4321 828 4376 credendum
872 4320 1295 4374 inducerentur:
1337 4331 1430 4375 aut
1466 4320 1878 4392 respicit'ver'ba
1909 4320 2003 4380 doé

402 4409 496 4446 nec
515 4409 631 4447 cum
674 4410 707 4446 a
731 4393 944 4447 mortuis
971 4402 1251 4462 resurgeret
1275 4408 1293 4445 :
1321 4402 1378 4446 ut
1408 4393 1664 4462 deinceps
1709 4411 1888 4450 sermo
1929 4398 2001 4452 sit

404 4463 475 4518 de
503 4465 783 4533 apostolis,
812 4465 1016 4528 majore
1051 4462 1354 4517 reverentia
1387 4471 1498 4518 tum
1539 4466 1841 4531 audiendis,
1876 4483 1996 4522 cum

2115 3274 2218 3327 que
2244 3257 2311 3326 ad
2355 3273 2448 3312 eos
2478 3273 2614 3327 quos
2642 3257 3076 3313 sanctiﬁcaverat
3095 3299 3110 3323 ,
3140 3258 3353 3328 videtur
3377 3258 3493 3315 haec
3517 3261 3712 3332 loqui),

2113 3367 2212 3420 quo
2251 3367 2428 3422 usque,
2457 3351 2650 3422 inqtm,
2681 3368 2764 3405 ero
2796 3351 3092 3406 vobiscum?
3134 3353 3270 3421 Quia
3301 3352 3459 3410 ﬁdem
3484 3369 3592 3410 non
3622 3360 3718 3411 ha-

2115 3440 2326 3507 bentes,
2363 3442 2532 3511 ipsam
2560 3441 2729 3509 illam,
2757 3458 2917 3513 quam
2942 3443 3248 3512 habebant,
3272 3446 3525 3502 amissuri
3554 3456 3710 3504 erant

2116 3533 2312 3604 legem.
2337 3535 2508 3603 Quam
2533 3534 2691 3590 ﬁdem
2719 3537 2766 3612 si
2800 3537 2850 3591 in
2882 3551 2941 3592 se
2972 3538 3307 3604 habuissent,
3339 3541 3465 3611 quia
3493 3540 3609 3612 ipse
3630 3557 3715 3599 εει

2114 3642 2341 3696 granum
2371 3628 2599 3698 sinapis,
2631 3609 2782 3685 verbi
2814 3630 3018 3686 virtute
3047 3631 3148 3686 hoc
3175 3609 3529 3702 peccatorum
3550 3648 3708 3702 onus,

2116 3726 2171 3774 et
2197 3733 2416 3790 gravem
2458 3720 2791 3777 inﬁdelitatis
2819 3722 3037 3789 molem,
3067 3723 3135 3779 ab
3164 3738 3231 3779 eo
3257 3725 3348 3796 qui
3386 3723 3714 3782 oﬂ'erebatur

2115 3836 2238 3902 quia
2266 3852 2320 3910 se
2347 3846 2526 3910 contra
2553 3835 2720 3892 Deum
2750 3839 2981 3894 exultans
3009 3851 3161 3910 atque
3178 3839 3415 3908 e/ferens.
3445 3843 3521 3899 uti
3548 3859 3706 3901 enar-

2061 3927 2065 3932 ν
2114 3917 2267 3960 ratur
2297 3909 2348 3960 in
2381 3909 2516 3974 psal.
2551 3924 2704 3974 LXIV,
2738 3925 2794 3963 n.
2828 3911 2883 3966 9.

2191 3977 2256 4052 (Γ)
2288 3977 2453 4045 Editi,
2482 3980 2821 4055 diutinarum.
2858 3983 2936 4055 At
2954 3997 3084 4055 mss.
3117 3983 3421 4038 diurnorum
3441 4001 3461 4040 :
3483 3987 3626 4055 quod
3657 3997 3711 4044 et

2113 4061 2234 4125 cum
2265 4064 2418 4125 aqua:
2459 4053 2860 4125 comparatione
2891 4054 3102 4125 videtur
3148 4056 3316 4124 magis
3360 4053 3661 4125 congruere
3690 4078 3703 4113 :

2075 4127 2084 4136 ‘
2111 4118 2234 4199 quia
2267 4118 2406 4174 sieut
2432 4118 2782 4199 aquqraquis,
2821 4125 2890 4178 ita
2919 4124 3126 4180 diurna:
3155 4118 3344 4199 sordes
3369 4118 3587 4199 semper
3605 4132 3706 4188 sibi

2112 4188 2340 4244 invicem
2369 4188 2687 4247 succedunt.
2724 4195 2950 4271 Diurnas
2973 4204 3150 4271 autem
3176 4197 3365 4253 sordes
3401 4188 3706 4271 intelligere

2111 4273 2420 4341 possumus,
2447 4277 2580 4341 quas
2605 4279 2672 4318 ex
2705 4267 2884 4341 saeculi
2917 4277 2972 4320 et
3003 4267 3182 4341 carnis
3213 4270 3466 4341 operibus
3490 4267 3706 4326 contra-

2111 4331 2307 4386 himus.
2338 4334 2411 4386 Ea
2448 4336 2562 4402 ipsa
2598 4349 2760 4402 Opera
2806 4339 2967 4391 aliam
3012 4339 3082 4391 ob
3127 4331 3346 4394 causam
3393 4340 3705 4399 ﬂuminibus

2108 4413 2488 4476 comparantur
2519 4407 2568 4458 in
2599 4405 2688 4461 Ps.
2719 4422 2940 4473 cxxxvt,
2983 4425 3036 4463 n.
3069 4408 3124 4473 6,
3157 4410 3282 4476 quia
3325 4413 3488 4468 videl.
3530 4416 3706 4469 omnia

2107 4475 2284 4527 saeculi
2314 4485 2362 4529 et
2380 4492 2655 4556 corporum
2682 4494 2860 4556 opera)
2891 4480 3043 4534 modo
3068 4475 3363 4550 ﬂuminum,
3391 4488 3502 4538 sine
3529 4485 3706 4556 aliqua

402 4534 546 4620 apud
565 4549 672 4620 eos
694 4533 1409 4620 praeceptorumiauctori‘tas
1437 4549 1542 4588 non
1567 4538 1714 4620 nuda
1743 4580 1756 4602 ,
1789 4538 1885 4592 sed
1914 4555 2000 4595 re-
2024 4550 2080 4616 Ι)
2106 4547 2390 4620 ειινλειςελδυί
2411 4533 2628 4602 statione
2652 4533 3002 4620 superﬂuunt.

403 4605 756 4660 surrectionis
779 4605 1027 4673 exemplo
1056 4605 1374 4658 conﬁrmata
1405 4607 1755 4676 reperiretur.

478 4695 552 4766 (c)
607 4695 764 4759 Bad.,
814 4695 933 4761 Er.,
991 4693 1138 4764 Lips.
1190 4709 1253 4748 ac
1297 4695 1480 4764 plures
1528 4712 1657 4752 mss.
1707 4712 1994 4754 sttnaverat.

400 4765 623 4820 Rectius
651 4768 890 4841 potiores
919 4781 1039 4820 cum
1073 4766 1191 4841 Par.
1228 4777 1453 4841 senserat
1479 4809 1492 4829 ,
1516 4770 1630 4841 hoc
1659 4782 1740 4822 est
1759 4812 1772 4832 ,
1806 4787 1868 4825 ex
1879 4791 1998 4841 per-

399 4846 489 4891 tus
519 4845 658 4892 erat.
703 4838 970 4906 Scriptum
999 4839 1196 4906 quippe
1219 4847 1302 4890 est
1341 4837 1376 4906 ᾖ
1397 4841 1430 4892 (ἱ
1465 4855 1476 4889 :
1508 4837 1574 4892 Et
1601 4837 1998 4896 audientes'dts-

399 4907 562 4975 cipuli
601 4909 889 4961 ceciderunt
935 4909 988 4960 in
1018 4909 1200 4976 faciem
1222 4924 1388 4972 suam,
1430 4919 1477 4962 et
1521 4911 1800 4965 timuerunt
1829 4915 1990 4967 valde.

397 4975 524 5032 ldeo
550 4978 821 5051 silentium
855 4975 1169 5049 imperatur,
1203 4979 1380 5035 donec
1425 4980 1656 5051 Spiritus
1686 4986 1859 5038 sancti
1890 4987 1995 5041 vir-

398 5055 516 5104 tute
546 5047 796 5104 fortiores
821 5047 1069 5104 evadant.

471 5139 734 5215 (d)_Apu_d
766 5139 889 5215 Par,
921 5140 1189 5215 aDontino
1217 5158 1236 5196 :
1260 5141 1418 5207 male,
1464 5157 1586 5198 cum
1618 5144 1732 5199 haec
1776 5147 1996 5215 perinde

398 5209 748 5286 intelligenda
776 5211 904 5286 sint,
935 5227 1008 5286 ac)
1027 5213 1069 5265 si
1099 5213 1330 5284 legeres,
1360 5226 1619 5286 tamquam
1643 5209 1869 5274 Domino
1905 5222 1996 5275 ab-

396 5291 556 5349 sente,
580 5299 612 5335 a
636 5282 739 5351 [ide
759 5283 1084 5337 decesserint.

471 5372 544 5444 (ε)
593 5374 651 5428 In
701 5374 982 5454 vu_lgatis,_
1020 5376 1312 5454 ejiciendus,
1373 5389 1427 5434 et
1474 5396 1601 5435 mox
1649 5383 1985 5454 abjiciendas,

397 5457 570 5524 eaque
593 5447 928 5524 superiorum
969 5446 1332 5524 interpunctio
1361 5459 1497 5524 erat,
1528 5468 1630 5522 qua
1661 5446 1990 5524 signiﬁcare;

398 5529 488 5569 tur
511 5515 802 5584 diabolum,
835 5516 958 5586 quia
989 5518 1040 5570 in
1074 5517 1166 5594 illo
1204 5515 1489 5594 spiritales
1511 5515 1763 5594 ncquitiZu
1792 5527 1992 5583 existe-

397 5595 542 5656 rent,
575 5597 810 5640 montem
865 5589 1234 5656 cognominari
1282 5607 1294 5642 :
1339 5607 1458 5645 cum
1493 5589 1658 5648 verba
1699 5597 1752 5650 in
1797 5597 1889 5651 illo
1918 5601 1987 5654 ad

401 5653 674 5736 Christum
705 5653 1029 5736 referantur,
1062 5659 1115 5713 in
1143 5661 1295 5736 cujus
1315 5663 1520 5736 virtute
1546 5665 1822 5732 ejiciendre
1860 5653 1986 5726 sunt

403 5728 657 5794 nequitiae
687 5728 977 5797 spiritales,
1005 5739 1110 5787 etc.
1143 5728 1398 5788 Diabolus
1427 5728 1602 5792 autem
1635 5738 1757 5808 idco
1803 5753 1981 5810 mons,

2183 4613 2259 4691 (g)
2289 4616 2557 4691 Par._curn
2585 4613 2820 4691 quatuor
2859 4622 3040 4691 probze
3068 4631 3210 4678 notae
3246 4639 3373 4680 mss.
3407 4626 3706 4684 demorante

2109 4687 2366 4740 modicum
2388 4687 2652 4770 Domino:
2682 4687 2976 4770 benefnisi
3007 4703 3149 4770 totus
3188 4695 3274 4770 hic
3322 4697 3474 4770 locus
3523 4700 3703 4770 typioe

2108 4769 2466 4836 exponeretur
2488 4761 2564 4836 de
2592 4759 2794 4836 _Scr_ibis
2820 4764 3101 4836 acipOpqu
3134 4765 3287 4836 legis.
3314 4759 3703 4835 Quocirca've-

2107 4828 2357 4907 r_i0r__vis_a
2385 4841 2465 4907 est
2487 4830 2647 4907 lectio
2677 4831 2834 4897 Bad.,
2873 4828 2991 4902 En,
3012 4835 3160 4902 Lips.
3184 4828 3236 4890 ét
3259 4828 3361 4892 se;
3385 4853 3517 4894 mss.
3543 4840 3703 4907 Quod

2105 4899 2172 4952 de
2203 4899 2481 4976 discipulis
2511 4902 2716 4976 dictum
2753 4913 2837 4958 est
2883 4920 2940 4957 n.
2973 4899 3046 4971 '6,
3081 4899 3329 4976 antiqua:
3362 4899 3703 4969 inﬁdelitatis

2103 4971 2546 5048 consuetudinem
2566 4977 2646 5028 eis
2668 4973 2891 5048 absente
2917 4977 3142 5048 Domino
3169 4971 3528 5048 subrepsisse,
3557 4999 3703 5040 nunc

2101 5039 2334 5120 refertur
2371 5043 2449 5120 ad
2479 5057 2607 5120 eos,
2663 5060 2800 5120 quos
2841 5045 3023 5120 Moyse
3066 5047 3122 5102 in
3165 5039 3346 5104 monte
3377 5039 3701 5110 demorante

2101 5111 2348 5194 inﬁdeles
2379 5112 2543 5194 fuisse
2586 5111 2811 5194 legimus
2842 5111 3007 5194 Exodi
3040 5135 3207 5182 xxxu,
3239 5124 3289 5194 l,
3330 5122 3574 5194 adeoque
3605 5136 3706 5180 su-i

2099 5183 2282 5266 perius
2310 5183 2609 5266 Scribarum
2625 5185 3079 5266 etPharisworum
3112 5183 3328 5266 nomine
3355 5183 3698 5266 intelligendi

2099 5263 2234 5336 surtu.
2253 5263 2491 5336 rectores
2515 5257 2721 5324 populi,
2750 5259 2817 5313 ad
2848 5273 2984 5329 quos
3011 5262 3318 5329 pertinebat
3346 5257 3607 5336 populdm
3635 5269 3694 5324 in

2093 5323 2272 5378 ofﬁcio
2298 5323 2596 5382 continere.
2710 5323 2713 5324 ⁷
2864 5323 2881 5329 ”
3012 5323 3028 5329 ’
3127 5355 3132 5360 ι

2103 5464 2114 5476 ⁸
2167 5394 2496 5480 (ΙελΕχοιλξῂ
2522 5397 2692 5480 effecti
2735 5405 2941 5471 fuerunt
2967 5402 3321 5480 inﬁdelesiut
3346 5409 3518 5480 typica
3558 5411 3694 5467 ratio

2095 5466 2359 5549 impletur.
2390 5468 2644 5549 Discipuli
2672 5487 2690 5524 :
2713 5466 2900 5549 coritra
2927 5466 3167 5549 mentem
3207 5466 3413 5543 Hilarii,
3459 5483 3550 5549 qui
3581 5466 3689 5537 non

2094 5538 2206 5619 vult
2235 5539 2508 5619 apostolos
2538 5538 2716 5619 fuisse
2753 5543 3024 5619 inﬁdeles,
3069 5555 3129 5599 ut
3169 5538 3560 5619 mystica’ra'tio
3588 5553 3692 5608 im-

2093 5607 2354 5676 pleretur,
2375 5610 2480 5690 sed
2510 5611 2578 5665 ob
2608 5614 2886 5684 mysticam
2914 5607 3193 5690 rationem
3225 5607 3532 5690 nequivisse
3578 5607 3691 5678 dre-

2086 5692 2307 5806 ἕιέἓιιὲεέηι
2335 5681 2558 5753 ejicere,
2588 5681 2708 5741 cuin
2738 5689 2886 5756 prius
2911 5686 3034 5744 data
3061 5689 3142 5746 eis
3169 5681 3363 5750 fuisset
3391 5695 3569 5753 omnis
3590 5709 3686 5767 po-
