4172 6188
342 276 491 334 1017

1191 271 1733 331 COMMENTARIUS
1768 272 1835 329 IN
1873 270 2311 331 MATTII/EUM.
2350 270 2506 330 CAP.
2542 272 2733 330 XVIII.

3500 280 3640 339 1018

342 390 544 464 populo
564 389 869 461 ejicientes,
894 398 1168 459 tamquam
1196 387 1251 444 in
1281 402 1431 444 mare
1455 395 1694 444 montem
1717 428 1733 453 ,
1755 374 1845 443 sic
1871 386 1940 443 ad
1966 388 2021 450 Α
2043 401 2102 444 se
2126 402 2191 444 ac
2220 387 2451 444 Domino
2500 388 2718 445 oﬂ'erre.
2750 387 3075 448 Didrachma
3104 390 3365 451 Dominus
3396 397 3637 465 postula-

339 483 808 543 eonversationem
840 480 918 556 (α)
956 482 1194 553 gentium
1224 491 1281 537 et
1306 481 1490 538 saeculi
1512 480 1934 537 transtulissent.

412 576 468 634 9.
502 576 644 648 Ipsis
674 584 850 631 autem
876 559 1288 630 conversantibus
1316 574 1371 629 in
1397 570 1619 629 Galilwa
1641 615 1658 642 ,
1690 573 1821 628 dixit
1848 570 1939 627 Je-

341 688 428 728 sus
457 687 476 726 :
504 668 765 724 Futurum
790 678 867 723 est
894 683 951 722 ut
978 668 1119 737 ﬁlius
1160 666 1379 722 hominis
1400 667 1639 721 tradatur
1674 667 1729 721 in
1758 681 1940 720 manus

339 762 609 819 hominum
637 759 826 834 (lbid.,
857 758 975 829 21).
1003 759 1259 829 Sequitur
1287 758 1544 815 maestitia
1575 758 1939 829 cognitionem

339 855 612 927 passionis
639 871 652 909 :
683 851 920 908 nondum
943 851 1091 908 enim
1115 860 1513 908 sacramentum
1545 850 1798 907 ineunda:
1819 865 1942 906 cru-

341 952 442 1019 cis,
476 948 895 1007 resurrectionis
923 947 1127 1003 virtute
1157 946 1331 1002 luerat
1356 945 1680 1002 revelatum.

415 1045 505 1102 10.
538 1041 842 1098 Didrachmi
867 1040 1057 1096 solutio
1082 1040 1191 1114 lege
1215 1040 1417 1095 sancito
1446 1038 1570 1110 quid
1592 1037 1942 1111 signiﬁcet.-

344 1136 555 1193 Etcum
584 1136 794 1191 venisset
819 1130 973 1188 Jesus
996 1130 1387 1205 Capharnaum,
1413 1137 1728 1187 accesserunt
1754 1130 1845 1199 qui
1865 1126 1940 1202 (b)

344 1229 647 1283 didrachma
671 1225 941 1301 exigebant
971 1225 1039 1279 ad
1072 1224 1286 1280 Petrum
1324 1222 1653 1298 (lbid.,23).
1684 1222 1943 1277 Dominus

341 1319 657 1377 didrachma
678 1319 891 1375 solvere
918 1317 1221 1387 postulatur
1255 1336 1269 1370 :
1301 1318 1403 1372 hoc
1432 1316 1577 1373 enim
1604 1315 1754 1370 omni
1780 1313 1942 1370 Israel

348 1413 443 1469 lex
470 1428 569 1483 pro
597 1411 970 1482 redemptione
999 1411 1195 1466 anima:
1216 1420 1271 1465 et
1308 1411 1554 1482 corporis
1593 1407 1945 1464 constituerat

347 1507 404 1563 in
425 1505 726 1562 ministerio
747 1503 832 1579 (c)
857 1503 1041 1574 templi
1062 1502 1408 1558 servientium
1436 1499 1631 1572 (Exod.
1656 1515 1795 1565 xxx,
1828 1499 1940 1569 12).

343 1599 455 1656 Sed
483 1598 596 1666 lex,
627 1610 686 1653 ut
715 1599 939 1663 scimus,
972 1595 1272 1651 futurorum
1303 1594 1494 1650 umbra
1524 1602 1622 1648 est.
1655 1592 1771 1648 Non
1798 1592 1942 1657 enim

343 1693 470 1752 teris
491 1692 741 1763 prtetium
774 1690 914 1746 Deus
934 1688 1279 1745 desiderabat
1310 1697 1409 1742 :ut
1441 1702 1536 1758 per
1559 1696 1665 1741 tam
1695 1684 1946 1755 exiguam

2043 488 2151 548 tur,
2178 480 2232 536 id
2254 488 2357 550 est,
2406 480 2659 537 denarios
2711 481 2882 552 duos;
2925 497 3023 539 cur
3075 494 3333 543 staterem
3386 486 3638 560 (quatuor

2040 572 2293 629 denarios
2350 575 2844 647 complectentem)
2899 577 3093 634 Petrus
3160 579 3361 636 oﬂ'ert?
3434 582 3639 641 Deinde

2041 681 2161 722 cum
2192 668 2426 739 primum
2472 668 2675 738 piscem
2727 668 3044 724 admonetur
3091 667 3397 741 inquirere,
3441 687 3637 730 ascen-

2042 759 2536 817 suriostenduntur
2564 770 2619 817 et
2666 760 2872 833 plures.
2919 760 3187 832 Numquid
3233 763 3395 819 etiam
3444 773 3636 821 natura

2042 851 2268 923 piscium
2293 851 2483 920 ferret,
2513 862 2570 908 ut
2599 853 2653 908 in
2689 852 2872 909 littore
2899 851 3122 909 fortuito
3162 865 3435 926 repertum
3464 866 3638 914 state-

2043 961 2159 1003 rem
2200 961 2296 1002 ore
2323 947 2503 1018 potius
2533 946 2858 1015 contineret,
2888 962 3000 1003 non
3028 939 3168 1003 intra
3194 948 3404 1004 viscera
3431 949 3632 1007 conde-

2044 1041 2167 1098 ret?
2213 1040 2409 1098 Subest
2449 1040 2610 1113 igitur
2635 1040 2937 1098 efﬁciendis
2979 1042 3334 1113 praesentibus
3360 1042 3521 1099 rebus
3550 1058 3639 1100 ra-

2048 1136 2120 1191 tio
2152 1136 2394 1192 interior.

2117 1229 2207 1286 15.
2248 1228 2554 1284 Destinatus
2593 1229 2738 1286 enim
2773 1228 2839 1283 ad
2870 1227 3303 1299 prredicationem
3333 1228 3548 1298 Petrus,
3582 1238 3639 1287 et

2046 1322 2282 1392 piscator
2321 1321 2601 1376 hominum
2634 1321 2826 1389 lactus,
2871 1321 3132 1378 doctrina:
3159 1321 3377 1378 hamum
3410 1322 3555 1378 misit
3584 1322 3641 1378 in

2045 1415 2268 1481 saeculo,
2318 1430 2426 1486 quo
2476 1416 2706 1486 appositi
2757 1414 2859 1470 sibi
2911 1414 3198 1471 dulcedine
3246 1429 3414 1488 vagos
3457 1430 3528 1472 ex
3572 1430 3640 1471 eo

2048 1505 2484 1578 ﬂuctuantesque
2504 1506 2864 1578 protraheret.
2901 1507 3035 1563 Huic
3058 1507 3287 1563 adhaesit
3327 1507 3517 1564 beatus
3550 1507 3645 1563 ille

2048 1599 2256 1669 primus
2277 1609 2477 1669 martyr
2506 1599 2582 1672 (g)
2605 1598 2788 1664 hamo,
2817 1600 2907 1671 qui
2940 1615 3035 1656 ore
3055 1614 3156 1657 suo
3176 1599 3643 1672 quadrigeminum

2050 1690 2331 1746 denarium
2363 1692 2717 1748 continebat:
2763 1693 2844 1765 (h)
2872 1692 2923 1748 id
2950 1702 3055 1760 est,
3096 1693 3395 1764 evangelici
3432 1694 3644 1750 numeri

342 1787 649 1858 impensam
674 1783 990 1841 criminibus
1012 1782 1260 1852 corporis
1285 1789 1447 1853 atque
1476 1780 1670 1834 anima:
1691 1777 1939 1849 quaedam
1972 1788 2021 1849 Β
2050 1783 2276 1847 unitate,
2311 1781 2406 1837 Dei
2429 1782 2656 1853 gloriam
2698 1783 3094 1852 Dominumque
3120 1781 3395 1840 Christum
3438 1785 3491 1839 in
3528 1799 3651 1853 pas-

339 1879 644 1950 redemptio
667 1877 1085 1934 concederetur.
1116 1874 1187 1932 Ut
1231 1874 1394 1946 igitur
1432 1872 1723 1942 inscriptos
1762 1885 1863 1926 nos
1888 1880 1944 1925 et

342 1971 618 2044 professos
643 1981 698 2028 et
739 1969 941 2026 Christi
974 1968 1191 2024 nomine
1236 1967 1585 2035 consignatos
1625 1964 1943 2021 ollerremus

338 2064 395 2120 in
424 2063 662 2130 Christo,
693 2061 774 2134 (d)
818 2063 909 2134 qui
936 2075 1122 2117 verum
1155 2060 1247 2115 Dei
1277 2057 1534 2128 templum
1565 2067 1668 2124 est,
1700 2071 1798 2127 pro
1834 2065 1945 2111 tes-

337 2157 569 2215 timonio
596 2155 692 2213 lilii
730 2157 823 2213 Dei
858 2154 1019 2228 hujus
1048 2154 1380 2211 didrachmas
1409 2151 1613 2208 oblatio
1649 2150 1945 2207 constituta

342 2263 450 2311 est.

413 2346 506 2401 11.
531 2344 766 2402 Christus
791 2344 1083 2415 redemptor
1107 2342 1465 2415 redemptionis
1496 2341 1659 2413 pretio
1686 2355 1787 2394 non
1811 2348 1942 2412 eget.

340 2469 414 2482 —
438 2440 627 2511 Itaque
649 2438 869 2495 Petrum
904 2449 1023 2509 post
1063 2437 1482 2494 conventionem
1524 2434 1774 2489 silentem
1802 2474 1819 2499 ,
1850 2432 1943 2487 tali

342 2551 469 2592 eum
509 2549 764 2592 sermone
808 2533 1071 2605 praevenit
1105 2552 1118 2587 :
1154 2533 1290 2599 Quid
1330 2532 1421 2586 tibi
1460 2530 1680 2598 videtur,
1723 2530 1947 2586 Simon?

344 2629 515 2702 Reges
564 2637 714 2683 terra:
775 2644 808 2681 a
858 2626 1040 2696 quibus
1069 2625 1328 2695 accipiunt
1365 2625 1611 2678 tributum
1672 2632 1762 2677 aut
1821 2639 1946 2677 cen-

341 2740 456 2778 sum
476 2723 502 2776 ?
528 2731 633 2779 etc.
669 2720 863 2793 (lbid.,
895 2718 1011 2793 54).
1043 2718 1312 2790 Numquid
1341 2718 1650 2789 ambigumu
1674 2726 1779 2781 est,
1808 2716 1949 2772 ﬁlios

340 2830 531 2888 regum
562 2813 777 2870 tributis
825 2812 1089 2868 obnoxios
1107 2827 1213 2867 non
1238 2826 1389 2876 esse;
1416 2818 1472 2865 et
1488 2810 1682 2881 quibus
1696 2809 1848 2880 regni
1871 2806 1944 2883 (ε)

344 2907 636 2964 htereditas
658 2915 762 2973 est,
786 2920 881 2961 eos
902 2919 1025 2961 esse
1048 2904 1246 2960 liberos
1267 2919 1295 2957 a
1321 2902 1617 2957 servitute?
1645 2901 1751 2957 Sed
1767 2916 1947 2957 sermo

342 3002 574 3064 interius
602 2999 849 3056 intendit.
881 2998 1261 3054 Postulabatur
1302 2995 1617 3051 didrachma
1650 3010 1681 3050 a
1723 2994 1942 3065 populo.

349 3094 461 3151 Lex
490 3094 638 3150 enim
669 3095 721 3148 in
749 3108 867 3148 eam
903 3092 1063 3147 (idem
1090 3132 1107 3158 ,
1139 3105 1261 3162 qua:
1289 3105 1387 3161 per
1411 3087 1683 3145 Christum
1716 3098 1834 3144 erat
1861 3086 1948 3144 re-

347 3187 573 3244 velanda
601 3228 617 3254 ,
645 3185 1010 3243 concluditur.
1045 3182 1187 3255 Ergo
1219 3183 1336 3238 haec
1365 3182 1554 3237 eadem
1584 3180 1897 3236 didrachma
1918 3210 1939 3245 ι,
1974 3170 2021 3234 C

345 3277 742 3335 consuetudine
771 3276 926 3346 legis,
964 3284 1236 3344 tamquam
1263 3273 1331 3329 ab
1374 3271 1591 3329 homine
1622 3272 1945 3343 poscebatur

344 3386 378 3427 a
407 3369 645 3427 Christo.
673 3369 780 3425 Sed
825 3365 1223 3424 ut'ostenderet
1245 3408 1265 3437 ,
1296 3366 1398 3436 legi
1430 3380 1490 3421 se
1517 3380 1623 3420 non
1664 3379 1790 3421 esse
1819 3365 1947 3420 sub-

341 3466 548 3537 jectum
575 3503 590 3528 ,
632 3471 686 3519 et
711 3471 771 3518 ut
802 3462 861 3517 in
887 3475 945 3516 se
986 3470 1226 3530 paternae
1251 3458 1524 3530 dignitatis
1547 3458 1773 3529 gloriam
1817 3472 1946 3514 con-

346 3565 662 3621 testaretur,
701 3553 901 3611 terreni
925 3552 1187 3625 privilegii
1215 3552 1392 3621 posuit
1411 3551 1718 3623 exemplum
1744 3566 1758 3605 :
1782 3565 1948 3606 censu

345 3660 445 3707 aut
484 3650 698 3705 tributis
740 3663 922 3720 regum
948 3646 1088 3702 ﬁlios
1111 3662 1217 3701 non
1246 3645 1411 3718 756
1442 3645 1631 3708 teneri,
1660 3645 1950 3713 petiusque

346 3758 409 3800 se
451 3741 851 3812 redemptorem
899 3738 1095 3795 animae
1136 3745 1339 3793 nostra:
1385 3736 1740 3807 corporisque
1785 3748 1947 3807 esse,

348 3849 512 3906 quam
559 3834 612 3888 in
659 3831 1083 3902 redemptionem
1130 3830 1212 3885 sui
1265 3828 1466 3899 aliquid
1533 3825 1945 3897 postulandum;

348 3927 473 3998 quia
519 3925 662 3996 regis
689 3922 860 3979 lilium
902 3929 1053 3979 extra
1080 3919 1519 3977 communionem
1548 3927 1799 3989 oportere
1828 3932 1952 3973 esse

285 4056 288 4063 ι
348 4020 683 4088 reliquorum
712 4018 791 4089 (ι’)
822 4015 1140 4071 scandalum
1173 4014 1335 4083 igitur
1374 4020 1599 4084 praestat
1633 4022 1693 4067 ut
1731 4012 1946 4078 solvat,

349 4123 606 4168 cmterum
634 4110 818 4166 debito
842 4109 978 4180 legis
1002 4116 1086 4163 est
1116 4107 1253 4162 liber
1281 4105 1471 4179 (lbid.,
1501 4106 1619 4177 26).
1704 4164 1707 4173 ,

422 4207 514 4261 12.
580 4204 782 4261 Deinde
825 4204 928 4260 sub
980 4219 1156 4259 rerum
1207 4204 1561 4272 prtesentium
1611 4202 1847 4269 effectu,
1898 4212 1954 4259 et

351 4298 765 4371 significandam
795 4299 951 4369 legis,
976 4305 1029 4352 et
1049 4296 1407 4352 constantiam
1439 4295 1768 4365 evangelicae
1790 4295 1955 4350 liber-

357 4392 485 4447 tatis
510 4391 760 4460 exposuit
807 4407 823 4445 :
870 4398 929 4443 ut
956 4388 1209 4459 cognosci
1259 4395 1565 4457 promptum
1611 4396 1777 4456 esset,
1825 4388 1954 4459 quid

354 4482 669 4539 didrachma
720 4481 1090 4553 praeliguraret
1132 4479 1185 4534 in
1224 4479 1361 4550 lege.
1408 4479 1491 4535 Ire
1518 4480 1953 4550 Petrusjubetur

2046 1878 2201 1933 sione
2225 1886 2489 1932 contuens
2530 1876 2875 1947 prtedicabat.
2922 1876 3226 1946 Stephanus
3257 1877 3418 1947 igitur
3441 1877 3648 1947 primus

2046 1969 2320 2036 ascendit,
2372 1969 2679 2039 Stephanus
2704 1978 2961 2024 staterem
2988 1984 3083 2025 ore
3110 1969 3418 2025 continuit:
3453 1970 3505 2024 in
3537 1983 3646 2041 quo
3721 1969 3725 1973 ’

2046 2063 2207 2117 etiam
2239 2061 2552 2116 didrachma
2582 2075 2736 2117 nova:
2776 2060 3193 2130 przedicationis,
3240 2070 3511 2131 tamquam
3538 2061 3649 2118 duo

2046 2155 2252 2213 denarii
2288 2155 2650 2211 habebantur.
2677 2155 2790 2211 lloc
2821 2156 2909 2210 lex
2938 2154 3336 2227 praefigurahat,
3372 2155 3532 2226 hujus
3554 2171 3651 2212 ve-

2046 2248 2224 2302 ritatis
2245 2247 2515 2314 umbram,
2551 2257 2820 2318 tamquam
2839 2248 3084 2318 corporis
3106 2247 3397 2318 imaginem
3416 2247 3652 2304 circum-

2047 2341 2280 2408 ferebat,
2305 2340 2424 2395 hcec
2452 2339 2758 2411 redemptio
2784 2341 2979 2396 animae
3006 2351 3061 2395 et
3105 2340 3352 2410 corporis
3401 2339 3653 2410 designa-

2049 2434 2208 2489 batur
2237 2451 2250 2486 :
2283 2432 2513 2505 ideoque
2542 2434 2656 2489 ait:
2689 2431 2774 2488 Da
2795 2450 2888 2503 pro
2910 2450 2989 2489 me
3014 2444 3060 2488 et
3090 2443 3136 2488 te
3177 2450 3196 2489 :
3230 2434 3353 2503 quia
3383 2434 3492 2504 jam
3522 2434 3646 2489 talis

2049 2543 2155 2583 non
2184 2527 2522 2595 didrachma,
2552 2528 2645 2584 sed
2669 2536 2861 2593 stater,
2892 2537 2946 2582 et
2972 2543 3069 2599 pro
3090 2526 3305 2586 Christo
3325 2536 3443 2585 erat
3468 2535 3524 2585 et
3547 2542 3649 2601 pro

2044 2621 2247 2678 Christi
2281 2621 2665 2693 prtedicatione
2689 2621 3008 2679 solvendus.

2624 2755 2854 2815 CAPUT
2894 2755 3072 2814 XVIiI.

2046 2881 2130 2938 De
2154 2883 2436 2956 infantibus
2456 2882 2705 2949 inhibitis,
2753 2893 2800 2937 et
2849 2882 2913 2938 de
2951 2881 3239 2937 humilitate
3279 2897 3451 2941 eorum
3497 2899 3649 2938 assu-

2120 2978 2328 3043 menda,
2358 2977 2423 3032 de
2447 2993 2604 3032 manu
2638 2986 2686 3032 et
2732 2977 2860 3047 pede
2905 2986 2953 3030 et
3000 2975 3151 3032 oculo
3195 2976 3442 3043 eruenda,
3472 2977 3537 3031 de
3560 2992 3650 3033 ove

2122 3073 2342 3145 perdita,
2391 3072 2455 3126 de
2495 3071 2833 3141 corripiendis
2878 3068 3126 3141 fratribus
3160 3080 3351 3125 secreto
3403 3072 3646 3142 primum,

2124 3173 2230 3218 tum
2274 3162 2473 3218 duobus
2525 3162 2754 3231 testibus,
2798 3170 3053 3234 postremo
3077 3158 3311 3215 Ecclesia
3371 3171 3639 3229 prazsente.

2122 3256 2339 3329 Semper
2366 3255 2749 3329 ignoscendum.
2777 3255 2878 3323 Qui
2904 3270 3223 3323 conservum,
3252 3254 3465 3310 remisso
3494 3253 3592 3310 sibi
3614 3272 3648 3310 a

2122 3346 2335 3401 domino
2355 3345 2546 3413 debito,
2564 3344 2809 3414 suﬂ’ocat.

2122 3465 2176 3520 1.
2220 3463 2383 3518 Pueri
2402 3463 2684 3518 credentes.
2727 3462 3018 3516 Puerorum
3062 3462 3282 3517 indoles.
3334 3460 3401 3516 In
3426 3462 3522 3516 illa
3567 3463 3652 3517 die

2048 3564 2369 3612 accesserunt
2407 3554 2649 3624 discipuli
2694 3554 2762 3606 ad
2802 3552 3004 3618 Iesum,
3050 3553 3271 3607 dicentes
3294 3570 3312 3607 :
3338 3552 3469 3621 Quis
3498 3562 3648 3624 putas

2049 3654 2219 3723 major
2238 3649 2381 3703 estin
2399 3664 2556 3721 regno
2577 3646 2854 3702 caelorum?
2881 3655 2936 3701 et
2960 3646 3167 3716 reliqua
3195 3645 3436 3719 (Matth,
3489 3661 3645 3715 xvm,

2050 3744 2129 3814 1).
2158 3742 2275 3798 Non
2311 3741 2411 3796 nisi
2459 3754 2707 3796 reversos
2751 3741 2803 3795 in
2831 3747 3077 3794 naturam
3103 3753 3389 3809 puerorum
3421 3737 3647 3793 introire

2050 3850 2273 3906 regnum
2300 3833 2562 3889 ctelorum
2608 3832 2767 3905 757
2807 3832 3065 3887 Dominus
3092 3832 3271 3898 docet,
3329 3832 3381 3886 ld
3429 3838 3536 3897 est,
3590 3830 3645 3888 in

2051 3927 2451 3999 simplicitatem
2503 3927 2769 3996 puerilem
2822 3925 2951 3980 vitia
3005 3939 3294 3994 corporum
3341 3931 3650 3979 nostrorum

2056 4019 2358 4089 animatque
2386 4017 2710 4074 revocanda.
2739 4018 2945 4073 Pueros
2972 4025 3178 4082 autem,
3223 4002 3508 4070 credentes
3536 4029 3655 4070 om-

2054 4126 2152 4166 nes
2180 4125 2274 4179 per
2299 4109 2587 4165 audientiae
2617 4108 2777 4164 [idem
2803 4108 3150 4178 nuncupavit.
3187 4107 3249 4161 lli
3271 4108 3414 4162 enim
3441 4115 3648 4177 patrem

2053 4211 2373 4274 sequuntur,
2426 4210 2652 4258 matrem
2702 4210 2907 4266 amant,
2956 4203 3201 4270 proximo
3258 4199 3399 4254 velle
3450 4199 3649 4253 malum

2055 4295 2324 4362 nesciunt,
2355 4310 2539 4351 curam
2584 4310 2747 4365 opum
2797 4294 3074 4365 negligunt
3106 4312 3120 4347 :
3155 4308 3260 4348 non
3292 4291 3648 4355 insolescnnt,

2054 4404 2162 4443 non
2190 4386 2446 4453 oderunt,
2474 4401 2580 4442 non
2606 4386 2964 4453 mentiuntur,
2988 4385 3147 4441 dictis
3165 4383 3414 4448 credunt,
3432 4392 3488 4437 et
3509 4381 3653 4454 quod

2055 4479 2280 4535 audiunt
2309 4493 2500 4535 verum
2527 4478 2747 4534 habent.
2778 4479 2845 4534 Et
2886 4477 3003 4533 haec
3029 4478 3268 4532 omnium
3308 4473 3652 4531 afl‘ectionum

353 4575 423 4631 ad
448 4590 616 4641 mare,
642 4574 968 4643 hamumque
995 4573 1207 4627 mittere
1227 4612 1243 4639 ,
1277 4582 1331 4627 et
1358 4571 1519 4641 primi
1566 4572 1729 4641 piscis
1766 4586 1955 4627 ascen—
1980 4553 2032 4612 Β
2057 4581 2334 4641 assumpta
2371 4573 2427 4627 in
2459 4571 2613 4626 nobis
2639 4580 2691 4626 et
2717 4572 3054 4626 consuetudo
3090 4578 3146 4624 et
3184 4569 3456 4631 voluntas,
3485 4565 3655 4623 etule-

353 4667 535 4724 dentis
565 4682 626 4723 os
653 4667 952 4738 requirere,
984 4675 1367 4736 repertumque
1400 4664 1455 4721 in
1485 4678 1551 4720 eo
1573 4672 1828 4721 staterem
1854 4679 1954 4736 pro

427 4855 508 4927 (α’,
537 4854 703 4927 Editi,
749 4852 819 4907 ad
865 4850 1244 4927 conversionem
1292 4850 1516 4922 gentium
1556 4867 1576 4927 ς
1613 4849 1959 4927 corriguntur

358 4921 590 4983 cx'mss.
623 4926 717 4978 llic
739 4938 904 4989 porro
929 4922 1070 4977 male
1091 4930 1247 4975 sonat
1273 4921 1700 4976 conversationis
1724 4923 1959 4975 voeabu-

357 5000 491 5055 lum.
521 4998 648 5052 Vult
668 4994 870 5066 quippe
887 4993 1124 5066 Hilarius
1151 4992 1518 5066 inﬁdelitatem
1543 4992 1726 5047 sa'culi
1752 5000 1807 5047 et
1828 5008 1960 5063 gen-

358 5073 530 5125 tilium
563 5062 830 5122 omnia
858 5107 874 5131 ,
906 5063 1212 5133 Judteisque
1255 5071 1315 5116 ut
1340 5062 1409 5133 ab
1437 5077 1623 5117 eorum
1668 5062 1957 5119 consuetu-

355 5142 485 5196 dine
505 5153 567 5194 se
592 5145 939 5209 segregarem
968 5135 1151 5189 datum
1181 5148 1324 5200 esse,
1358 5132 1447 5188 ubi
1492 5133 1678 5189 datum
1707 5143 1793 5190 est
1817 5135 1959 5191 unde

355 5212 424 5267 ad
455 5210 617 5265 ﬁdem
643 5205 703 5264 s'e
733 5205 1108 5263 transferrent.

433 5281 515 5353 (ὁ)
547 5280 663 5346 En,
687 5279 836 5349 Lips.
857 5283 915 5332 et
932 5275 1055 5332 Par.
1081 5275 1171 5353 hic
1195 5282 1250 5329 et
1272 5273 1546 5353 deinceps,
1574 5274 1954 5353 didrachmam.

356 5354 417 5409 In
445 5345 608 5407 'mss.
652 5345 996 5413 Con-stanter,
1057 5346 1347 5417 didragma.
1409 5345 1598 5402 Graece
1658 5347 1710 5401 in
1765 5347 1957 5419 plurali

355 5429 426 5483 τὰ
455 5423 748 5496 δίδραχμα.

431 5495 507 5567 (c)
534 5488 747 5567 Ῐῃῖῖὶεε.
779 5492 1028 5567 Turon.,_
1052 5488 1211 5544 Mich.
1243 5497 1298 5545 et
1318 5488 1484 5567 _Vind.
1508 5489 1696 5567 templo
1731 5490 1960 5567 servien-

359 5560 510 5622 tium.
570 5566 680 5621 Lex
732 5575 911 5620 autem
963 5562 1030 5616 ad
1078 5575 1204 5616 usus
1261 5560 1592 5616 tabernaculi
1643 5562 1955 5629 testimonii,

361 5655 474 5695 non
523 5638 589 5692 ad
640 5652 770 5690 usus
813 5633 1164 5691 servientium
1199 5630 1334 5686 hanc
1364 5633 1644 5702 pecuniam
1690 5633 1957 5702 exigebat.

439 5706 520 5835 (ét)
552 5707 721 5765 Abest
745 5708 835 5780 qui
863 5720 1037 5762 verum
1064 5702 1162 5759 Dei
1183 5701 1431 5775 templum
1460 5713 1534 5760 est
1563 5719 1594 5759 a
1623 5717 1756 5761 mss.
1790 5701 1963 5762 ’Colb.

492 5796 608 5835 arn.

366 5789 422 5839 ει
445 5789 608 5837 Carn.

2030 4658 2033 4661 ’
2055 4683 2175 4723 rum
2201 4667 2308 4724 iter
2330 4667 2574 4739 pervium
2604 4674 2843 4739 praestat.
2871 4663 3269 4721 Revertendum
3291 4662 3452 4734 igitur
3478 4668 3564 4718 est
3585 4658 3657 4715 ad

2133 4853 2209 4928 (ε)
2241 4852 2378 4928 Etliti
2419 4850 2948 4928 excepto__l_’ar.,cum
2979 4863 3073 4903 sex
3106 4862 3251 4928 mss.
3270 4847 3414 4917 regni
3436 4847 3658 4928 veritas:

2063 4917 2241 4980 minus
2266 4924 2427 4979 bene.
2458 4917 2590 4978 Nam
2635 4923 2756 4975 liliis
2787 4917 2972 4991 regum
3005 4929 3086 4976 est
3127 4918 3340 4989 quidem
3370 4917 3522 4990 regni
3547 4917 3659 4974 hae-

2063 4997 2284 5063 reditas,
2308 4994 2404 5050 sed
2428 4995 2663 5050 nondum
2687 4994 2907 5049 veritas.

2137 5087 2214 5213 μ’)
2256 5088 2416 5154 Editi,
2467 5087 2711 5142 seandalo
2758 5102 2776 5139 :
2820 5083 3173 5138 renitentibus
3222 5080 3475 5137 omnibus
3521 5095 3654 5136 mss.

2160 5168 2286 5213 vere
2306 5160 2616 5213 scandalum
2647 5172 2748 5213 pro
2776 5156 2962 5210 tollere
2982 5154 3204 5213 dicitur,
3233 5151 3357 5213 quia
3398 5150 3654 5209 solvendo

2061 5150 2286 5216 Solvere
2306 5150 2616 5215 scandalum
2647 5172 2748 5228 pro
2776 5156 2962 5210 tollere
2982 5154 3204 5220 dicitur,
3233 5151 3357 5224 quia
3398 5150 3659 5209 solvendo

2063 5229 2377 5287 didrachma
2410 5229 2761 5285 auferendum
2786 5236 2886 5282 est.

2132 5324 2210 5398 (g)
2249 5323 2307 5378 In
2340 5322 2593 5398 vulgatis,
2623 5338 2654 5375 a
2676 5318 2921 5374 Domino.
2953 5316 3122 5389 Magis
3143 5317 3323 5389 placet
3349 5330 3470 5372 cum
3493 5313 3660 5386 pluri-

2059 5394 2173 5452 bus
2194 5410 2328 5450 mss.
2358 5394 2534 5449 hamo.

2136 5485 2213 5562 (h)
2240 5486 2401 5543 Solus
2435 5501 2539 5562 ms.
2572 5483 2725 5538 Vind.
2752 5482 2823 5562 _id
2852 5492 2948 5562 est,
2977 5480 3276 5562 Evo_ng_elia_.
3325 5476 3510 5562 Plures
3546 5476 3659 5562 alii,

2062 5561 2119 5616 id
2139 5550 2232 5623 esi,
2264 5557 2539 5627 evangelici
2566 5557 2763 5609 numeri
2786 5556 3052 5608 unitatem.
3080 5553 3266 5607 Hilarii
3285 5550 3445 5605 verba
3476 5552 3661 5618 expla-

2067 5640 2160 5687 nat
2189 5627 2521 5699 Theophilus
2562 5627 2814 5699 Antioch.
2840 5627 3141 5699 declarans
3188 5630 3387 5699 statere
3431 5628 3662 5692 quatuor

2068 5691 2359 5828 (libi-achmlas'
2384 5700 2672 5769 contineri,
2703 5698 2889 5771 quibus
2914 5691 3249 5766 intelligenda
3284 5701 3402 5749 sunt
3443 5691 3663 5765 quatuor

2123 5788 2280 5828 vanae
2303 5789 2371 5826 ta.

2123 5788 2371 5845 vangetta.
