4172 6188
385 262 520 324 ιῡὲι
549 313 564 322 ,

1288 255 1825 322 COMMENTARWS
1867 254 1929 311 IN
1970 252 2393 316 MATTIIIEUM.
2435 253 2586 310 CAP.
2629 254 2815 312 XVIII.

3536 258 3675 324 1093

384 375 562 430 niiscit
585 382 638 428 et
669 373 838 439 dolet,
865 380 920 434 ut
949 388 1227 440 numerus,
1267 373 1356 448 qui
1413 389 1506 444 per
1542 372 1703 442 alpha
1753 369 1986 432 Abrahae
2015 378 2066 454 Α
2093 369 2207 441 pari
2233 370 2508 444 spiriluac
2532 371 2806 438 voluntate
2824 371 3031 434 collecti
3069 373 3194 440 sint,
3243 372 3311 434 ἰιιὶ
3343 388 3399 426 se
3445 376 3677 440 medium

381 468 596 534 additus
617 475 722 530 est.
760 475 814 532 et
840 467 928 538 qui
961 465 1040 536 (ιι)
1065 467 1117 521 in
1138 465 1298 536 alpha
1321 473 1728 530 consummatus
1758 463 1814 528 in
1849 462 1982 522 Sara

380 569 484 626 est,
517 562 581 616 ad
617 558 900 618 caelestem
920 559 1364 618 constitutionem
1395 560 1732 620 incremento
1752 553 1979 616 creden-

383 653 516 724 tium
548 651 861 721 impleatur.

453 745 506 798 7.
552 742 908 816 Correptionis
945 742 1075 798 ordo
1105 744 1160 798 in
1199 741 1412 804 Judwos
1441 759 1473 804 α
1504 740 1615 804 Deo.
1635 751 1882 804 servatus.
1915 766 1986 790 -_-

383 838 535 914 Quod
574 840 616 894 si
639 837 918 908 peccaverit
957 838 1082 900 inte
1119 841 1276 907 frater
1326 846 1466 908 tuus,
1515 835 1642 892 vade
1683 843 1726 908 et
1781 836 1982 911 corripe

381 947 512 1000 eum,
543 939 598 988 et
626 931 825 1002 reliqua
855 929 1044 1004 (Ibid,
1076 928 1190 1000 15).
1219 930 1351 985 Eum
1375 929 1618 986 ordinem
1644 927 1984 990 continenda:

386 1023 667 1088 charitatis
704 1023 859 1078 nobis
915 1022 1172 1086 Dominus
1227 1020 1503 1092 imposuit,
1560 1037 1717 1090 quem
1768 1021 1882 1092 ipse
1929 1021 1982 1082 in

386 1115 758 1180 conservando
791 1114 958 1176 Israel
991 1122 1237 1180 tenuerat
1272 1111 1414 1186 (Lev.
1463 1128 1576 1178 xtx,
1622 1109 1712 1181 18)
1770 1129 1782 1164 :
1829 1109 1986 1184 jubet

385 1209 530 1263 enim
554 1213 869 1288 peccantem
901 1205 1120 1268 fratrem
1151 1204 1218 1266 ab
1245 1219 1311 1260 eo
1342 1205 1478 1269 solo,
1512 1205 1566 1266 in
1598 1218 1755 1276 quem
1796 1217 1986 1274 porcae

385 1301 545 1366 verit,
576 1298 776 1370 corripi
799 1310 960 1371 atque
981 1297 1274 1374 obiurgari.
1331 1296 1452 1368 Ipse
1493 1298 1636 1352 enim
1675 1295 1986 1354 sacrifican-

385 1404 498 1452 tem
527 1393 628 1452 diis
649 1391 843 1450 alienis
889 1392 1151 1464 papulum
1197 1389 1502 1458 .Iudaicum,
1553 1387 1846 1460 majestatis
1872 1402 1985 1452 suae

383 1487 641 1550 adventu,
667 1495 719 1541 et
752 1494 863 1546 toto
906 1484 1186 1558 praesentis
1229 1483 1512 1555 potestatis
1571 1491 1779 1540 terrore
1819 1480 1986 1542 curri-

382 1579 615 1651 puit(b).
640 1579 706 1633 Et
730 1587 862 1640 tum,
891 1592 1012 1638 cum
1059 1576 1201 1642 idetn
1236 1576 1464 1650 populus
1513 1572 1585 1646 (c)
1629 1574 1718 1632 Dei
1765 1572 1986 1652 pr0pin-

382 1675 602 1745 quantis
622 1673 941 1734 adventum.
975 1682 1125 1736 extra
1152 1679 1392 1732 montem
1431 1668 1554 1734 licet
1584 1667 1809 1737 positus,
1841 1666 1984 1724 ferre

2086 479 2268 524 eorum
2295 464 2616 538 polliceatur
2644 465 2904 534 futurum.
2931 465 3050 538 Ipse
3076 466 3220 534 enim
3252 481 3350 542 pax
3371 476 3532 540 atque
3549 469 3682 534 ειιτιη

2084 556 2236 621 ritas,
2266 555 2448 610 sedent
2480 567 2638 626 alque
2662 557 2824 629 760
2854 557 3233 620 habitationottt
3257 559 3308 612 in
3335 558 3486 626 bonis
3508 570 3556 622 et
3586 576 3681 631 pas.

2085 649 2255 712 cilicis
2284 649 2648 706 t'uluntatibus
2674 650 2975 712 collocauit.

2159 739 2244 800 10,.
2281 737 2417 808 Deus
2447 741 2553 797 sine
2575 742 2726 806 modo
2756 742 2899 802 nobis
2924 743 3210 816 ignescens,
3243 744 3346 804 vult
3379 753 3426 808 et
3453 763 3546 808 nos
3574 747 3686 816 sine

2085 832 2235 892 modo
2259 833 2376 888 aliis
2402 834 2676 910 ignoscere.
2713 833 2772 894 1η
2798 832 2923 888 Cain
2959 835 3349 904 homicidarum,
3380 839 3432 891 in
3461 837 3684 908 Laeter];

2091 925 2414 990 Deicidqrttm
2461 941 2608 996 paena
2645 936 2717 982 est
2761 925 3466 994 aduntbrata.-——Quiut-emi
3492 931 3687 1000 deinde

2085 1017 2270 1086 Petro,
2301 1034 2366 1082 an
2401 1019 2639 1097 peccanti
2692 1021 2742 1084 in
2801 1035 2861 1078 se
2911 1019 3064 1079 fratri
3110 1021 3309 1092 septies
3350 1025 3684 1094 remitteret,

2086 1114 2402 1192 respondit;
2436 1114 2558 1176 Non
2582 1131 2742 1185 usque,
2778 1115 2981 1186 septies,
3027 1115 3116 1170 sed
3165 1132 3322 1186 usque
3374 1119 3686 1188 septuagiens-,-

2085 1211 2270 1282 tenues
2303 1207 2510 1284 (Ibid,
2543 1209 2606 1274 2|
2646 1220 2693 1270 et
2730 1208 2800 1268 ‘22
2923 1207 3078 1282 Omni
3136 1209 3294 1272 modo
3335 1209 3399 1266 ad
3439 1210 3687 1274 εὶιιιίιίιιιτ

2086 1302 2266 1366 dinem
2302 1319 2402 1366 nos
2430 1305 2748 1364 humilitatis
2779 1318 2842 1358 ac
2894 1303 3147 1368 bonitatis
3201 1318 3311 1359 sum
3354 1305 3589 1372 instruit,
3633 1314 3688 1368 et

2087 1396 2395 1451 molliendis
2443 1412 2505 1451 ac
2539 1397 2850 1466 frangendis
2895 1396 3224 1456 turbidorum
3278 1406 3517 1462 motuum
3563 1412 3689 1460 nos

2086 1495 2292 1542 trorum
2315 1488 2538 1552 aculeis,
2563 1489 2939 1558 placabilitatis
2964 1504 3074 1542 sine
3097 1488 3380 1562 confirmat
3400 1489 3681 1558 exemplo:

2085 1580 2283 1649 quippe
2314 1591 2656 1648 peccatorum
2704 1583 2946 1634 omnium
3001 1580 3212 1634 veniam
3253 1597 3348 1648 per
3380 1581 3536 1636 fidem
3587 1583 3685 1636 tri-

2084 1673 2277 1736 buetts.
2323 1673 2506 1743 Neque
2532 1674 2674 1728 enim
2716 1685 2923 1732 natura:
2967 1685 3170 1728 nostra}
3223 1674 3350 1728 vitia
3403 1674 3687 1740 indulgen-

381 1781 491 1834 non
527 1765 696 1838 potuit
723 1763 824 1836 (ά),
860 1763 1190 1826 inohedienti
1241 1763 1401 1826 etiam
1428 1776 1592 1827 unum
1646 1771 1806 1832 atque
1851 1758 1986 1818 duos
2016 1759 2062 1820 Β
2094 1768 2222 1822 tiam
2255 1767 2619 1822 merebantur.
2647 1767 2787 1837 Ergo
2821 1767 2972 1821 venia
3024 1769 3200 1822 omnis
3231 1784 3294 1822 ex
3327 1785 3391 1823 eo
3418 1777 3501 1823 est
3525 1787 3537 1822 :
3561 1783 3684 1822 cum

378 1860 540 1932 jussit
589 1861 860 1925 adhiberi,
889 1866 950 1916 ut
980 1859 1034 1918 in
1064 1873 1160 1924 ore
1187 1857 1353 1919 duum
1407 1858 1624 1918 testium
1670 1856 1803 1920 tides
1837 1856 1984 1910 vorbi

381 1969 446 2017 ac
466 1954 667 2018 veritas
709 1959 924 2008 maneat
957 1970 970 2006 :
1008 1951 1128 2021 quia
1180 1949 1435 2016 insolenti
1481 1947 1647 2009 Israel
1677 1949 1761 2012 lex
1785 1955 1840 2006 et
1863 1963 1984 2018 pro-

383 2051 561 2122 phetat
586 2059 643 2108 et
667 2048 904 2108 Joannes
928 2057 1011 2112 est
1038 2047 1258 2114 missus,
1283 2047 1620 2117 testibusque
1647 2047 1764 2106 istis
1788 2055 1844 2102 ut
1866 2060 1986 2116 poc-

383 2157 512 2204 eare
539 2142 815 2204 desineret
845 2149 1146 2198 conventus
1175 2150 1278 2204 est,
1314 2141 1474 2202 tertio
1497 2139 1615 2209 ipso
1648 2138 1856 2196 Domini
1892 2136 1985 2194 ad-

381 2243 569 2308 ventu,
601 2241 872 2308 tamquam
898 2241 1038 2296 coetu
1073 2233 1329 2294 Ecclesia:
1374 2230 1745 2301 inspectantis,
1797 2229 1986 2292 admo-

385 2328 534 2394 nitqs
558 2335 640 2396 est
693 2345 707 2380 :
768 2326 1079 2398 frustraque
1128 2326 1324 2394 habitis
1369 2325 1454 2386 his
1499 2323 1984 2398 objurgationibns,

385 2418 655 2496 publicani
685 2426 778 2474 aut
798 2417 993 2489 ethnici
1023 2418 1227 2482 vilitate
1255 2418 1562 2489 negligitur.

459 2511 512 2568 8.
559 2508 778 2584 Lignndi
807 2519 853 2566 et
903 2511 1134 2576 sotvendi
1170 2521 1391 2580 potestas
1426 2512 1678 2585 apostolis
1731 2510 1872 2578 data.
1907 2540 1976 2554 ——-

388 2602 470 2666 Ad
504 2612 762 2662 terrorem
795 2613 976 2664 autem
1024 2616 1202 2662 metus
1243 2603 1486 2675 maximi,
1528 2618 1634 2672 quo
1665 2603 1716 2656 in
1745 2617 1988 2675 praesens

389 2710 580 2753 omnes
620 2695 1053 2762 continerentur,
1108 2696 1383 2764 immobile
1415 2698 1721 2764 severitatis
1773 2706 1990 2769 aposto—

387 2787 510 2852 lica:
534 2787 794 2859 judicium
828 2789 1080 2858 praemisit
1117 2807 1130 2842 :
1161 2798 1218 2844 ιιι
1243 2803 1382 2860 quos
1422 2789 1473 2842 in
1504 2790 1663 2844 terris
1706 2790 1989 2861 ligaverint

390 2879 444 2940 id
467 2889 569 2951 est,
594 2889 936 2951 peccatorum
961 2881 1114 2946 nodis
1145 2883 1372 2946 innexos.
1397 2883 1728 2954 reliquerint,
1773 2896 1826 2948 et
1852 2900 1990 2957 quos

389 2974 668 3044 solverint,
702 2973 772 3048 (β)
801 2975 1146 3038 confessione
1188 2977 1438 3044 videlicet
1481 2980 1652 3045 veniae
1685 2981 1989 3050 receperint

391 3068 444 3124 in
473 3067 701 3136 salutem
748 3067 986 3140 (Mam,
1016 3086 1166 3137 xvttt,
1202 3070 1326 3142 l8);
1362 3070 1417 3128 hi
1449 3073 1759 3142 apostolicae
1802 3075 1987 3140 condi,

2085 1860 2247 1915 etiam
2296 1874 2357 1914 ea
2403 1876 2521 1928 qua:
2552 1860 2602 1912 in
2635 1875 2693 1913 se
2725 1860 2832 1913 sint
2858 1871 3098 1928 peccata,
3132 1868 3253 1928 post
3286 1860 3517 1915 reditum
3556 1876 3686 1914 con-

2087 1952 2338 2017 fessionis
2363 1951 2654 2024 indttlgeat.
2689 1951 2956 2020 Solvenda
2985 1952 3201 2023 quidem
3234 1968 3328 2022 per
3358 1951 3490 2014 Cain
3521 1966 3675 2021 praua

2085 2045 2138 2110 in
2167 2045 2471 2118 septnplttm
2500 2046 2786 2108 constituta
2813 2055 2893 2106 est
2915 2043 2936 2117 (
2958 2042 3088 2104 Gen.
3125 2061 3205 2114 tv,
3233 2045 3304 2109 ‘24
3340 2047 3357 2113 )
3392 2064 3404 2100 :
3439 2045 3532 2106 sed
3562 2060 3684 2115 pec-

2085 2147 2267 2207 catum
2307 2137 2439 2208 illud
2483 2136 2536 2202 in
2570 2137 2838 2196 hominem
2883 2144 2967 2204 est
2999 2152 3014 2205 ί
3046 2137 3098 2204 in
3125 2136 3260 2199 Abel
3289 2136 3433 2198 enim
3457 2135 3681 2200 fratrem

2085 2240 2368 2302 peceatum
2413 2244 2581 2299 usque
2610 2228 2674 2292 ad
2709 2243 2896 2295 necem,
2947 2226 3142 2293 fuerat.
3194 2227 3298 2292 Sed
3348 2225 3401 2290 in
3449 2227 3685 2290 Lamech

2087 2325 2406 2397 supplicium
2433 2339 2601 2396 usque
2631 2323 2696 2384 ad
2725 2324 3032 2394 Septuagies
3079 2332 3130 2389 ot
3167 2324 3366 2392 septies
3410 2331 3493 2386 est
3544 2337 3681 2378 con-

2088 2421 2334 2486 stitutum
2363 2436 2376 2484 ;
2409 2427 2459 2486 et
2484 2419 2536 2482 iu
2567 2433 2654 2487 eo,
2679 2402 2933 2492 quantum.
2967 2417 3360 2488 existimamus,
3390 2417 3682 2488 constituta

2093 2515 2144 2578 in
2168 2521 2416 2579 auctores
2443 2514 2730 2579 dominica:
2760 2513 3025 2584 passionis
3074 2520 3157 2577 est
3191 2527 3368 2582 ptena.
3416 2510 3520 2574 Sed
3583 2513 3687 2572 Do-

2090 2607 2269 2672 minus
2298 2623 2393 2677 per
2415 2606 2809 2670 confessionem
2858 2605 3190 2669 credentium
3242 2603 3400 2673 hujus
3440 2604 3682 2664 criminis

2090 2701 2305 2756 veniam
2356 2700 2598 2769 largitur,
2647 2698 2697 2752 id
2746 2708 2848 2764 est,
2900 2713 2993 2768 per
3037 2698 3286 2768 baptismi
3342 2713 3536 2756 manus
3586 2697 3682 2754 ob:

2096 2791 2474 2858 trectatoribus
2521 2806 2584 2849 ac
2631 2789 3068 2861 persecutoribus
3100 2789 3326 2860 gratiam
3369 2788 3559 2844 salutis
3603 2787 3686 2840 in-

2092 2887 2310 2958 dulget:
2340 2895 2540 2958 quanto
2585 2887 2757 2956 magis
2810 2894 3062 2955 oportere
3107 2883 3341 2944 ostendit
3371 2883 3488 2938 sine
3525 2880 3685 2936 modo

2091 2997 2154 3037 ac
2195 2997 2420 3042 numero
2468 2980 2678 3036 veniam
2726 2996 2753 3034 ιι
2807 2978 2960 3038 nobis
3007 2992 3128 3034 esse
3173 2975 3525 3042 reddendam,
3581 2991 3682 3033 nec

2093 3073 2436 3147 cogitandum
2468 3074 2716 3145 quotiens
2752 3073 3122 3137 remittamus;
3146 3069 3240 3126 sed
3264 3068 3498 3142 (supple,
3525 3083 3687 3138 opt-r-

391 3161 538 3224 tione
565 3162 849 3224 sententia:
871 3163 923 3228 in
950 3163 1104 3230 coelis
1131 3179 1350 3236 quoque
1396 3174 1488 3222 aut
1531 3165 1688 3234 soluti
1715 3168 1848 3233 sint
1894 3179 1987 3233 aut
2015 3165 2060 3240 G
2093 3177 2208 3232 tere
2239 3167 2258 3240 )
2311 3178 2367 3232 ut
2391 3167 2547 3232 irasci
2579 3166 2661 3228 his
2685 3165 2773 3237 qui
2805 3166 2856 3228 in
2885 3179 2982 3226 nos
3010 3171 3256 3234 peccant,
3278 3163 3526 3234 quotiens
3552 3162 3686 3216 iras-

390 3255 556 3327 ligati.

461 3347 514 3414 9,
561 3346 783 3410 Unitatis
822 3349 1002 3408 merito
1036 3349 1110 3416 ttt'l
1146 3361 1296 3422 negat
1346 3350 1506 3418 neua.
1559 3383 1631 3393 —
1677 3352 1730 3419 in
1779 3362 1986 3419 tantum

391 3440 551 3511 igitur
590 3440 836 3498 humana:
881 3443 1027 3511 pacis
1054 3443 1253 3507 studuit
1304 3446 1630 3510 concordizc,
1678 3457 1736 3504 ut
1767 3448 1986 3512 unitatis

393 3533 592 3587 merito
614 3533 812 3600 omnia,
851 3549 971 3603 qua:
1001 3549 1031 3590 a
1064 3534 1172 3601 Deo
1199 3536 1463 3604 precanda
1489 3537 1616 3600 sint,
1653 3539 1985 3610 impetranda

393 3639 520 3684 esse
547 3624 827 3690 confirmet
854 3624 1044 3696 (Ibid...
1070 3627 1136 3690 49.
1167 3627 1356 3698 H20);
1385 3642 1441 3688 et
1461 3629 1678 3696 ubiqu
1692 3641 1850 3701 atque
1878 3641 1985 3690 tres
2021 3690 2032 3695 ,

387 3787 517 3844 licti.
549 3787 759 3859 ecclesiis
784 3786 961 3859 gloria:
984 3789 1257 3842 multitudo
1285 3799 1378 3842 est.
1407 3789 1574 3844 Paulo
1610 3797 1734 3844 ante
1765 3792 1816 3844 in
1846 3805 1975 3846 mss.

385 3859 542 3932 Coll).
566 3869 620 3913 et
647 3858 836 3932 Carna,
867 3875 1018 3932 super
1039 3877 1150 3925 nos,
1181 3875 1284 3914 nOn
1317 3877 1407 3932 per
1436 3878 1546 3915 nos.
1582 3860 1636 3914 In
1664 3878 1772 3915 uno
1809 3861 1979 3916 Abra-

388 3930 513 3992 ham
543 3945 730 4001 omnes
762 3929 946 3983 fideles
974 3941 1100 3984 sunt
1145 3929 1416 4000 tamquam
1467 3933 1520 3990 in
1568 3933 1749 3988 radice
1794 3949 1857 3994 ac
1891 3948 1982 4001 pa-

387 4012 561 4056 rente.
590 3999 706 4066 Ipse
737 4009 817 4054 est
842 4001 1009 4068 enim,
1044 3999 1338 4058 secundum
1385 4005 1686 4071 apostolum
1712 4003 1870 4065 Rom,
1891 3999 1976 4071 ‘tv,

387 4073 448 4126 ii
491 4091 503 4125 :
549 4071 707 4126 Pater
739 4072 966 4137 omnium
1017 4072 1354 4138 credentium,
1405 4084 1458 4138 et
1499 4076 1793 4130 secundum
1831 4076 1978 4130 Hila-

385 4143 525 4226 rium
574 4152 816 4196 nostrum
851 4143 902 4196 in
961 4145 1076 4212 psal
1124 4160 1343 4210 cxxxrv,
1376 4162 1430 4198 ιι.
1484 4147 1536 4213 5.,
1588 4148 1821 4219 princeps
1851 4150 1981 4211 elec-

385 4225 557 4276 uanis.

461 4283 541 4356 (α)
582 4283 734 4352 Bad.,
768 4285 888 4354 Er.,
915 4285 1060 4353 Lips.
1091 4300 1213 4351 eum
1239 4300 1371 4350 mss.
1402 4285 1602 4348 Turon.
1638 4299 1693 4344 et
1718 4287 1880 4342 Carn.
1927 4289 1982 4350 in

384 4355 497 4411 rlto.
520 4355 775 4424 Plerique
803 4357 894 4420 alii
928 4372 1056 4421 mss.
1090 4356 1144 4426 in,
1187 4374 1266 4412 ra.
1306 4357 1475 4413 Nemo
1533 4375 1639 4414 non
1693 4360 1837 4414 videt
1895 4359 1984 4422 hic,

383 4427 584 4498 respici
617 4428 878 4498 rationem
911 4427 1226 4498 numerandi
1249 4429 1388 4498 apud
1434 4429 1652 4496 Graecos,
1699 4431 1975 4497 usitatam,

385 4497 526 4566 apud
559 4514 693 4567 quos
731 4497 889 4568 alpha
919 4497 1238 4569 principium
1280 4497 1363 4557 est
1406 4515 1751 4567 numerorum
1782 4512 1835 4566 et
1866 4504 1984 4565 uni:

388 4577 554 4629 tatem
581 4571 842 4638 designat.

462 4639 538 4711 (ᾧ)
573 4641 729 4702 Editi,
764 4641 1011 4705 corripuit
1031 4649 1162 4706 tum,
1187 4641 1382 4706 omissa
1413 4642 1671 4709 particula
1697 4653 1770 4708 et,
1813 4660 1973 4712 quant

386 4712 704 4782 Supplemus
725 4727 788 4768 ex
817 4728 907 4767 sex
930 4728 1058 4768 mss.
1094 4727 1264 4782 eaque
1305 4713 1608 4776 declaratur
1647 4715 1783 4770 alter
1817 4716 1972 4778 ordo,

386 4797 546 4863 quem
591 4783 644 4838 in
681 4781 990 4838 indecorum
1030 4785 1373 4863 correptione
1403 4785 1540 4863 Deus
1571 4786 1762 4863 tenuit.
1796 4785 1978 4842 Primo

386 4855 530 4926 enim
560 4869 652 4912 cus
702 4869 798 4922 per
827 4868 886 4908 se
919 4858 1142 4919 terruit,
1175 4870 1237 4916 ac
1267 4864 1376 4918 Iunt
1407 4857 1486 4908 sui
1520 4854 1861 4923 impatientes
1885 4872 1981 4926 per

387 4923 558 4994 legem
579 4935 636 4995 et
661 4926 950 4991 protihetas
972 4927 1252 4995 corripuit.
1276 4927 1780 4992 postretnuensdem
1797 4923 1982 4980 admo-

387 4997 501 5052 nuit
535 4995 583 5050 in
615 4994 851 5060 Christo,
885 4997 938 5056 in
965 5013 1071 5065 quo
1095 4994 1182 5064 per
1208 5007 1446 5060 naturam
1469 4999 1689 5061 suscepti
1728 5000 1980 5065 corporis,

388 5068 622 5140 quceduut
636 5069 853 5126 universi
874 5066 1304 5140 generis/mutaui
1325 5069 1950 5140 congregatioicoutinetut'
1967 5112 1982 5138 ,

387 5148 443 5193 ut
473 5138 696 5202 habetur
727 5152 844 5200 cap.
871 5141 924 5204 4,
951 5156 1004 5192 ιι.
1039 5138 1127 5193 12.

461 5208 533 5280 (c)
560 5210 613 5264 In
641 5225 743 5262 ms.
773 5205 1027 5266 Beccensi
1053 5251 1066 5273 ,
1103 5209 1201 5262 Dei
1232 5211 1550 5282 ntajestatent
1596 5211 1989 5280 propinquantis

388 5281 457 5333 ad
488 5291 708 5344 montem
730 5319 746 5346 ,
795 5291 939 5334 extra
967 5292 1186 5334 montem
1216 5281 1351 5342 licet,
1383 5293 1513 5346 etc.,
1541 5282 1806 5349 glossema
1838 5323 1854 5348 ,
1903 5282 1988 5339 cui

387 5351 551 5406 lecaio
575 5366 704 5421 mss.
729 5351 1106 5418 quorumdam,
1136 5352 1202 5406 ad
1231 5361 1448 5416 montem
1477 5352 1594 5412 luco
1625 5354 1772 5421 vocis
1797 5355 1985 5410 adven-

388 5434 495 5476 tum
523 5420 911 5488 exhihentintn,
946 5421 1124 5478 locum
1150 5421 1322 5480 dedit.

463 5493 544 5565 (d)_
564 5493 616 5548 ln
642 5492 890 5565 vulgatis,
915 5498 1046 5563 ferre
1063 5510 1165 5550 non
1190 5495 1350 5562 potuit
1367 5493 1782 5558 inobedientiam,
1806 5511 1963 5554 unum
1977 5537 1990 5561 ,

389 5562 497 5619 etc.
533 5562 873 5622 Prazl'erimus
907 5562 1028 5619 eum
1061 5579 1190 5630 mss.
1224 5566 1615 5633 sincerioribns
1635 5607 1647 5627 .
1682 5567 1994 5628 inobedienti

391 5635 571 5702 etiam,
620 5634 760 5706 quod
788 5635 1084 5706 respondet
1123 5637 1303 5698 verbis
1331 5635 1676 5706 euangelicis,
1723 5637 1787 5697 Si
1813 5647 1860 5696 te
1891 5654 1994 5704 non

399 5704 868 5782 audieritillujus
921 5704 1172 5764 lectionis
1222 5708 1338 5765 loco
1387 5704 1570 5775 caeteri
1615 5724 1748 5782 mss,
1797 5709 1997 5778 habent

387 5777 784 5844 gnaudientiam.

2004 4610 2057 4670 l)

2093 3263 2247 3326 condi
2272 3261 2569 3326 necessitas
2597 3261 2895 3327 exstiterit,
2930 3256 3282 3320 desinamus?
3334 3255 3466 3324 Quae
3505 3254 3686 3324 utique

2090 3355 2264 3420 veniae
2293 3355 2582 3416 assiduitas
2626 3352 2804 3417 ducet,
2851 3351 3055 3410 nullum
3112 3350 3333 3408 omnino
3395 3359 3556 3417 penes
3587 3362 3686 3402 nos

2091 3445 2185 3504 irae
2217 3455 2426 3515 tempus
2456 3460 2576 3500 esse
2599 3451 2848 3514 oportere
2875 3461 2888 3496 :
2934 3441 3147 3510 quando
3194 3440 3431 3496 omnium
3463 3437 3686 3494 omnino

2091 3539 2460 3610 peccaminum
2505 3537 2716 3599 veniam
2750 3537 2889 3597 Deus
2911 3533 3066 3600 nobis
3103 3548 3200 3594 suo
3231 3531 3408 3600 potius
3436 3545 3680 3594 munere,

2088 3647 2246 3703 quam
2273 3641 2459 3694 nostro
2499 3629 2690 3691 merito
2734 3627 3008 3698 largiatur.
3043 3624 3226 3694 Neque
3271 3624 3414 3678 enim
3458 3625 3535 3680 fas
3577 3632 3683 3687 est,

2158 3790 2227 3860 (e)
2258 3790 2508 3855 Dalla‘us,
2551 3790 2642 3844 lib.
2677 3806 2733 3845 tu
2773 3789 2838 3844 de
2863 3787 3125 3860 Conf.,ic.
3156 3787 3211 3852 9,
3246 3787 3332 3841 hic
3362 3790 3680 3842 concessione

2083 3865 2242 3916 veniw
2269 3862 2696 3916 substituendum
2721 3860 3015 3916 cmitendit.
3041 3859 3321 3914 Reclamat
3340 3869 3522 3914 c0ntra
3549 3877 3599 3912 ν.
3628 3875 3677 3914 c.

2086 3933 2339 3997 Iacobus.
2376 3934 2598 3992 Boileau
2628 3934 2755 3989 Hist.
2778 3932 2847 3988 de
2872 3933 3026 3985 Cont.
3053 3932 3219 3989 auric.
3239 3945 3287 3984 c.
3317 3931 3368 3994 8,
3408 3931 3536 3985 nihil
3560 3947 3680 3986 esse
3718 3957 3722 3961 ι

2085 4005 2512 4069 immutandum;
2545 4015 2634 4058 aut
2665 4006 2708 4058 si
2745 4003 2870 4072 quid
2919 4002 3228 4059 mutandum
3262 4001 3350 4064 sit,
3384 4003 3527 4072 venia
3558 4004 3675 4056 loco

2083 4079 2242 4138 uenire
2282 4077 2563 4143 legendum
2607 4091 2727 4130 esse
2748 4071 2773 4141 ;’
2798 4084 2852 4128 ut
2881 4073 3129 4130 nimirum
3160 4073 3428 4129 confessio
3464 4071 3674 4126 dicatur

2086 4149 2280 4211 venite,
2312 4148 2433 4216 quia
2463 4149 2629 4202 venite
2659 4148 2725 4200 sit
2756 4160 2938 4206 causa.
2967 4160 3028 4216 ea
3079 4144 3282 4198 ratione
3311 4158 3428 4216 qua
3454 4144 3504 4198 in
3538 4143 3672 4216 psal.

2085 4234 2267 4280 cxvnt.
2302 4213 2355 4276 ιι.
2410 4219 2496 4284 15,
2530 4217 2598 4276 de
2627 4217 2938 4286 pmnileutia
2981 4215 3182 4273 dictum
3216 4223 3298 4268 est
3327 4231 3339 4267 :
3381 4213 3504 4272 Htec
3530 4215 3675 4268 venia

2086 4293 2280 4359 peccati
2306 4301 2401 4353 est,
2433 4300 2535 4343 etc.
2575 4289 2773 4343 hall-mo
2801 4289 2980 4354 negari
3014 4286 3197 4354 nequit
3235 4286 3529 4359 clariorem
3558 4299 3678 4340 esse

2085 4355 2204 4420 eam
2253 4363 2534 4422 lectionem
2560 4403 2573 4425 ,
2626 4375 2783 4427 quam
2835 4359 3185 4412 inducendam
3214 4358 3394 4410 vellet.
3425 4355 3531 4410 Sed
3563 4371 3669 4424 quo

2085 4432 2281 4486 clarior
2307 4443 2410 4494 est,
2440 4448 2505 4484 eo
2531 4432 2705 4490 minus
2748 4430 3063 4486 mutationis
3089 4439 3331 4493 suspecta
3371 4435 3452 4482 est
3486 4429 3673 4483 altera.

2083 4502 2227 4559 Nihil
2257 4504 2400 4562 enim
2430 4511 2511 4560 est
2537 4518 2632 4556 cur
2676 4503 2816 4558 illam
2847 4502 3104 4554 attribuat
3140 4499 3434 4556 sciolorum
3462 4499 3678 4556 tetuleri-

2087 4576 2203 4640 tati,
2231 4589 2354 4632 cum
2385 4573 2438 4628 hi
2474 4582 2678 4632 tantum
2710 4581 2919 4627 n'tntare
2944 4573 3174 4636 soleant,
3207 4571 3347 4639 quod
3385 4585 3488 4624 non
3519 4567 3677 4623 intel-

2084 4647 2274 4711 ligunt,
2303 4655 2356 4701 et
2400 4647 2453 4700 in
2482 4646 2730 4700 obscuris
2757 4643 2888 4698 locis
2937 4643 3192 4696 clariores
3222 4641 3516 4695 sententias
3544 4641 3674 4694 sub-

2080 4717 2325 4776 stituere.
2348 4715 2527 4781 Longe
2556 4716 2733 4772 minus
2758 4715 3208 4785 typograpltorum
3231 4711 3489 4785 incuriam
3521 4711 3672 4765 inen-

2082 4802 2205 4846 Sare
2235 4789 2428 4850 valeat,
2458 4802 2580 4842 cum
2613 4783 2837 4841 fideliter
2857 4787 3240 4853 expresserim,
3271 4783 3412 4853 quod
3463 4785 3512 4835 in
3543 4799 3672 4835 mss.

2085 4859 2426 4916 invenerunt.
2458 4858 2573 4912 Non
2604 4860 2746 4915 etiint
2778 4866 2980 4913 tantum
3013 4858 3064 4910 in
3111 4856 3268 4910 editis
3309 4853 3558 4907 omnibus
3586 4869 3680 4906 ex-

2087 4939 2191 4984 stat
2213 4931 2562 4997 confessione,
2595 4930 2688 4984 sed
2715 4945 2779 4983 ex
2805 4928 3050 4983 undecim
3083 4941 3212 4986 mss.
3247 4941 3276 4979 a
3308 4925 3462 4997 nobis
3489 4939 3685 4997 excus-

2089 5003 2186 5067 sis,
2219 5018 2285 5056 ne
2310 4995 2366 5055 in
2392 5016 2498 5056 uno
2526 5001 2744 5073 quidem
2766 5000 2925 5073 aliter
2963 5001 3138 5073 legere
3168 5006 3271 5050 est.
3303 4996 3486 5064 Neque
3516 4995 3680 5073 etiam

2093 5073 2252 5128 aliter
2273 5067 2558 5142 legendum
2585 5067 2772 5127 suadet
2800 5069 2928 5124 illud
2957 5067 3097 5138 quod
3127 5077 3246 5136 post
3271 5082 3432 5142 pauca
3464 5067 3685 5142 subiici-

2095 5155 2179 5202 tur
2210 5162 2222 5197 :
2259 5137 2392 5215 Ιζιῇο
2414 5144 2560 5197 venia
2585 5144 2748 5196 omnis
2778 5158 2841 5196 ea:
2870 5159 2927 5195 eo
2949 5137 3042 5202 eat,
3072 5157 3185 5215 cunt
3214 5141 3367 5215 etiam
3399 5153 3456 5215 ea
3480 5153 3599 5215 qua:
3634 5137 3686 5190 in

2092 5232 2146 5270 se
2187 5217 2287 5271 sint
2330 5209 2580 5286 peccata,
2614 5223 2726 5286 post
2775 5215 2992 5266 reditum
3023 5211 3360 5280 confessioais
3400 5209 3686 5286 indulgent.

2094 5287 2228 5340 Cum
2262 5283 2439 5354 itaque
2475 5283 2621 5340 nihil
2656 5285 3046 5339 immutandum
3077 5291 3290 5337 constet
3320 5323 3333 5345 ,
3379 5283 3692 5354 expenden-

2099 5357 2225 5413 dum
2251 5350 2556 5427 restatquid
2584 5357 2813 5412 Hilarius
2836 5355 2935 5408 sibi
2959 5355 3084 5408 velit
3105 5361 3406 5427 :VqUantutn
3433 5350 3689 5418 sapimus,

2098 5429 2419 5485 vocabulum
2451 5426 2610 5484 ueniae
2634 5471 2649 5493 ,
2696 5444 2800 5481 non
2833 5429 2897 5480 ad
2933 5426 3327 5495 praecedentem
3348 5435 3541 5495 _\'0CI.'||]
3573 5437 3696 5495 ron-

2102 5503 2321 5576 fessioue
2345 5542 2358 5565 ,
2403 5499 2497 5553 sed
2529 5501 2595 5554 ad
2628 5491 3095 5576 atthsequentt-m,
3123 5495 3241 5550 scil.
3278 5493 3492 5572 salutent
3513 5491 3696 5574 trafe-

2102 5563 2330 5629 i‘endum
2348 5563 2433 5626 est
2463 5613 2476 5638 ,
2511 5583 2565 5624 ιιι
2596 5571 2686 5636 sit,
2722 5563 2850 5640 quos
2875 5569 3192 5643 confessione
3221 5563 3499 5643 receperint
3535 5564 3589 5616 in
3616 5580 3700 5616 su-

2105 5646 2262 5700 tutem
2291 5635 2471 5710 veniae;
2503 5643 2604 5699 hoc
2627 5635 2744 5712 est,
2761 5643 2814 5696 in
2845 5635 3072 5696 salutem
3093 5652 3252 5710 quam
3275 5635 3428 5690 venia
3458 5635 3567 5712 dat,
3593 5649 3698 5690 non

2098 5717 2371 5773 meritum.
3122 5726 3123 5729 ‘
3540 5727 3542 5731 '
3695 5721 3699 5726 ‘
