4172 6188
475 262 620 321 1025

1689 256 1933 316 SANCTI
1975 257 2228 315 HILARII
2271 256 2578 316 EPISCOI’I

3641 258 3786 317 1024

477 397 577 440 nos
606 398 674 440 ex
720 384 1034 455 praescripto
1064 383 1220 456 legis,
1252 381 1445 438 dandze
1474 381 1646 438 venia:
1676 394 1902 436 numero
1939 394 2070 434 con-
2097 381 2151 443 Α
2176 378 2228 435 in
2257 377 2503 434 Ecclesia
2525 376 2774 447 accipere
2796 375 3013 450 (Ephes.
3041 374 3208 439 v.32;
3233 373 3473 446 vid.cap.
3497 373 3592 441 22,
3616 391 3669 429 η.
3693 374 3781 447 3),

478 475 621 531 cludi
647 520 663 544 ,
694 491 816 532 cum
849 491 946 546 per
999 475 1281 548 Evangelii
1304 474 1534 546 gratiam
1565 472 1684 530 sine
1713 472 1874 529 modo
1921 472 2078 529 nobis

480 583 512 623 a
544 569 655 624 Deo
697 567 860 624 fuerit
908 569 1130 625 indulta.

551 663 639 717 Il.
671 661 814 731 Quin
870 663 1034 719 etiam
1073 662 1141 718 ad
1215 663 1468 734 perfecta:
1517 662 1774 719 bonitatis
1828 660 2080 717 affectum

477 757 898 826 comparationis
941 759 1122 825 posuit
1165 759 1492 828 exemplum,
1518 757 1571 812 in
1616 773 1718 828 qua
1750 771 1908 812 servo
1937 755 2082 812 unde

479 847 738 904 redderet
783 865 890 904 non
935 848 1181 918 babenti,
1215 865 1376 906 omne
1414 850 1673 905 Dominus
1717 848 1956 904 debitum
1995 863 2080 904 re-

483 937 684 995 laxavit
730 939 930 1011 (lbid.,
964 939 1080 1014 26)
1135 961 1148 996 :
1207 955 1578 1013 conservoque
1634 956 1734 996 suo
1773 955 1963 997 servus
1992 941 2084 996 ille

480 1033 732 1102 exiguum
760 1033 905 1104 quod
953 1035 1052 1090 sibi
1097 1035 1396 1090 debebatur
1425 1044 1778 1104 extorquens,
1836 1049 1932 1104 per
1982 1034 2084 1089 hoc

485 1126 777 1180 voluntatis
841 1141 956 1182 suae
1007 1128 1196 1183 vitium
1251 1129 1454 1184 donum
1527 1127 1910 1183 muniﬁcentia:
1976 1126 2082 1181 Do-

482 1217 617 1273 mini
669 1218 744 1289 la)
806 1228 860 1274 et
921 1220 1264 1276 liberalitatis
1318 1221 1516 1277 amisit.
1573 1221 1837 1276 Absoluta
1902 1227 2083 1274 autem

482 1313 906 1382 comparationis
933 1313 1049 1384 ejus
1079 1323 1162 1370 est
1191 1314 1355 1381 ratio,
1387 1322 1548 1386 atque
1586 1312 1655 1369 ab
1697 1313 1816 1384 ipso
1856 1312 2085 1370 Domino

487 1405 667 1463 omnis
711 1406 960 1478 exposita
1003 1403 1108 1464 est.

917 1542 1075 1616 761
1126 1541 1356 1600 CAPUT
1400 1541 1544 1598 XIX.

447 1702 452 1707 .
487 1655 713 1712 Uxorem
755 1674 861 1712 non
905 1659 1085 1714 debere
1124 1659 1398 1724 dimittere,
1428 1660 1492 1714 de
1517 1659 1788 1726 eunuchis,
1821 1659 1883 1712 de
1905 1658 2084 1729 infano

2183 473 2360 529 locum
2390 472 2532 528 hunc
2563 471 2724 528 sicuti
2745 479 2828 526 est
2855 471 3114 526 intactum
3157 469 3549 540 relinquamus.
3579 468 3784 525 Admo-

2181 580 2373 621 nemus
2401 575 2580 620 tamen
2607 563 2899 634 legentem,
2953 570 3011 616 ut
3053 561 3538 632 quotienscumque
3583 561 3652 616 de
3679 560 3782 616 bac

2181 657 2370 714 eadem
2392 656 2691 726 quaestione
2711 670 2770 711 se
2819 654 3089 719 consulat,
3114 653 3403 728 verborum
3441 653 3688 719 virtutes,
3723 661 3785 708 et

2182 750 2377 820 quibus
2407 747 2665 802 Dominus
2692 746 3052 817 reSponderit,
3080 757 3136 800 et
3175 747 3371 817 quibus
3415 745 3664 818 discipuli
3695 747 3782 803 usi

2183 843 2312 909 sint,
2344 841 2629 913 diligenter
2653 841 2898 896 advertat
2923 859 2935 894 :
2966 839 3115 895 Pauli
3141 848 3319 895 autem
3342 841 3575 911 apostoli
3593 841 3659 896 de
3682 840 3790 898 hoc

2185 935 2453 997 allectum,
2482 933 2566 988 vel
2615 933 2848 998 silentis,
2905 932 2989 987 vel
3040 931 3306 987 interdum
3352 932 3452 987 sub
3500 931 3622 988 aliis
3651 932 3792 989 locis

2186 1025 2484 1089 tractantis,
2513 1023 2800 1093 expendat.
2849 1021 3016 1078 Nobis
3067 1021 3210 1078 circa
3261 1023 3540 1079 eunuchos
3591 1038 3784 1080 sermo

2187 1120 2258 1172 sit
2285 1127 2338 1173 et
2367 1118 2636 1174 voluntas.
2692 1116 2750 1172 In
2808 1131 2914 1172 uno
2963 1117 3144 1188 posuit
3193 1125 3464 1184 naturam,
3516 1117 3570 1190 in
3612 1117 3792 1173 altero

2188 1213 2590 1279 necchitatem,
2618 1211 2670 1266 in
2695 1211 2854 1266 tertio
2884 1211 3216 1266 voluntatem
3249 1210 3268 1278 (
3295 1208 3460 1274 lbid.,
3495 1209 3606 1281 η)
3634 1227 3647 1263 :
3681 1226 3783 1264 na-

2189 1314 2360 1360 turam
2393 1304 2443 1358 in
2477 1319 2542 1359 eo
2570 1303 2660 1374 qui
2692 1303 2761 1357 ita
2791 1303 3052 1367 nascitur,
3083 1301 3464 1358 necessitatem
3495 1302 3549 1356 in
3596 1317 3662 1357 eo
3693 1303 3789 1372 qui

2190 1397 2265 1451 ita
2300 1395 2472 1451 factus
2514 1405 2616 1462 est,
2665 1396 2993 1450 voluntatem
3037 1394 3091 1448 in
3121 1393 3214 1449 illo
3238 1395 3328 1464 qui
3361 1408 3458 1464 spe
3488 1393 3640 1465 regni
3680 1408 3797 1451 ca:-

2186 1491 2360 1558 Iestis,
2394 1491 2515 1547 talis
2534 1505 2655 1546 esse
2682 1490 2985 1546 decreverit
3035 1506 3047 1544 :
3096 1488 3184 1544 cui
3232 1503 3332 1544 nos
3371 1487 3576 1545 similes
3607 1488 3788 1558 efﬁci,

2189 1583 2236 1639 si
2269 1592 2446 1639 tamen
2473 1581 2547 1656 (ο)
2580 1582 2873 1653 possimus,
2917 1581 3215 1636 admonuit.

2261 1678 2314 1732 5.
2370 1676 2625 1747 Infantes,
2654 1687 2828 1746 gentes
2859 1691 2891 1728 a
2920 1675 3192 1746 discipuiis
3217 1674 3512 1728 inhibentur
3549 1691 3657 1746 pra:
3708 1679 3797 1744 [at

555 1750 690 1806 tibus
734 1751 986 1807 inhibitis.
1040 1749 1260 1806 Divitem
1289 1752 1493 1823 difficile
1534 1753 1752 1807 introire
1779 1752 1834 1806 in
1871 1767 2085 1824 regnum
2114 1775 2163 1836 Β
2189 1787 2306 1828 vare
2330 1770 2522 1825 ιεναει,
2546 1801 2616 1810 __
2637 1769 2784 1824 Τυηε
2809 1769 2964 1824 oblat;
2994 1779 3110 1823 sum
3149 1769 3196 1822 εξ
3232 1769 3477 1840 infames,
3523 1778 3578 1822 ω
3607 1784 3799 1823 manu

562 1844 828 1902 caelorum.

558 1954 612 2008 I.
647 1953 750 2008 Cur
773 1952 1020 2011 Galilwos
1045 1956 1099 2010 in
1128 1954 1332 2012 Iudaea:
1359 1957 1548 2026 finibus
1573 1966 1715 2011 curet
1746 1956 1997 2013 Christus.
2017 1987 2089 1998 —-

487 2046 556 2102 Et
584 2052 780 2119 factum
805 2059 901 2115 est,
935 2066 1053 2104 cum
1081 2049 1280 2104 locutus
1305 2060 1433 2105 esset
1455 2067 1715 2106 sermones
1745 2051 1882 2121 istos
1909 2049 2085 2117 Iesus,

485 2139 748 2194 transtulit
791 2157 845 2196 se
889 2141 943 2195 in
985 2139 1263 2196 Galilaeam
1293 2182 1310 2208 ,
1359 2152 1407 2196 et
1453 2143 1586 2196 venit
1614 2142 1668 2197 in
1693 2144 1821 2211 ﬁnes
1865 2140 2084 2211 Juda'te,

486 2241 593 2287 etc.
643 2229 884 2303 (Matth.
925 2248 1036 2298 xix,
1084 2231 1182 2304 I).
1223 2233 1476 2290 Galilazos
1523 2233 1576 2288 in
1644 2233 1844 2290 Judtete
1893 2233 2090 2292 ﬁnibus

488 2335 661 2380 curat.
695 2323 953 2381 Potucrat
998 2342 1232 2397 namque
1271 2337 1598 2399 aegrotorum
1629 2329 1814 2385 turbas
1839 2343 1946 2383 nor.
1969 2328 2091 2384 fati-

489 2431 643 2487 gare,
669 2426 723 2472 et
752 2417 891 2472 intra
912 2419 1086 2488 ipsam
1119 2418 1396 2476 Galilaeam
1429 2435 1588 2492 opem
1621 2422 1763 2478 ferre
1785 2420 2086 2477 debilibus:

492 2510 590 2565 sed
642 2511 816 2584 typica
849 2513 986 2568 ratio
1033 2513 1198 2568 etiam
1228 2513 1473 2571 locorum
1509 2523 1628 2571 erat
1673 2514 1937 2584 explenda
1983 2515 2091 2584 pri-

492 2602 724 2672 vilegiis,
757 2613 814 2658 nt
863 2614 1082 2674 peccata
1128 2607 1370 2678 gentium
1429 2607 1484 2662 in
1541 2621 1663 2663 eam
1710 2607 1920 2664 veniam
1969 2623 2090 2679 qua:

489 2691 694 2749 Iudaea:
744 2697 1034 2766 parabatur
1073 2698 1403 2755 admitteret.

559 2786 616 2841 2.
669 2785 814 2842 Tunc
853 2801 1180 2845 accesserunt
1209 2791 1277 2844 ad
1326 2808 1440 2846 eum
1494 2792 1768 2859 Pharisaei,
1841 2803 2091 2850 tentantes

489 2895 628 2943 eum,
660 2887 707 2933 et
735 2879 1000 2935 dicentes:
1049 2881 1112 2937 Si
1165 2883 1280 2938 licet
1333 2884 1529 2938 homini
1573 2885 1828 2941 dimittere
1879 2902 2091 2941 uxorem

488 2987 636 3026 suam
659 2989 974 3044 quacumque
1004 2961 1066 3029 eis
1095 2993 1252 3031 causa
1281 2976 1490 3048 (Ibid.,
1521 2977 1622 3048 5)?
1651 2977 1706 3034 ln
1729 2995 1793 3034 eo
1815 2995 2084 3048 sermone,

489 3067 580 3136 qui
611 3065 678 3123 de
707 3083 876 3124 uxore
904 3080 958 3125 et
1005 3069 1074 3127 de
1100 3072 1327 3142 repudio
1348 3083 1452 3140 est,
1477 3075 1710 3131 occurrit
1742 3075 1871 3132 illud
1891 3117 1907 3143 ,
1935 3076 2092 3132 aliter

2192 1864 2273 1918 Itis
2301 1865 2586 1933 imponeret
2610 1872 2657 1918 et
2687 1871 2854 1918 oraret
2881 1879 2899 1916 :
2944 1861 3197 1932 Discipuli
3243 1870 3413 1914 autem
3450 1860 3790 1929 prohibebant

2190 1973 2296 2023 eos,
2321 1966 2376 2012 et
2406 1956 2609 2026 reliqua
2642 1953 2847 2027 (Ibid.,
2879 1953 3006 2027 l3).
3050 1953 3257 2008 Novum
3317 1963 3400 2008 est
3426 1993 3444 2020 ,
3497 1951 3798 2023 discipulos

2192 2048 2536 2120 prohibuisse
2564 2063 2630 2104 ne
2654 2046 2886 2104 infantes
2911 2046 2977 2102 ad
3007 2044 3281 2102 Christum
3309 2044 3649 2112 accederent,
3702 2045 3799 2116 qui

2191 2144 2560 2201 offerebantur
2583 2155 2642 2200 ut
2668 2160 2832 2216 super
2851 2159 2947 2200 eos
2976 2158 3193 2198 manum
3248 2142 3554 2213 imponeret
3577 2148 3633 2195 et
3663 2153 3798 2194 ora-

2192 2250 2297 2296 ret.
2345 2240 2456 2295 Res
2513 2240 2845 2313 evangelica,
2879 2247 2936 2293 ut
2969 2237 3223 2302 diximus,
3258 2235 3400 2291 inter
3429 2234 3714 2306 praesentis
3741 2241 3802 2289 et

2191 2332 2358 2388 futuri
2404 2331 2676 2398 eﬁectnm,
2728 2330 2961 2386 mediam
3009 2329 3222 2399 utrique
3266 2327 3348 2383 rei
3399 2336 3453 2382 et
3501 2340 3799 2395 congruam

2193 2427 2456 2482 rationem
2511 2425 2833 2495 temperavit
2881 2441 2894 2477 :
2946 2432 3007 2477 ut
3061 2421 3166 2487 his,
3217 2435 3338 2492 quae
3393 2419 3796 2484 efliciebantur,

2192 2517 2356 2574 futuri
2381 2517 2592 2588 species
2622 2516 2947 2572 adhaereret.
2971 2513 3208 2570 Infantes
3232 2511 3450 2584 quidem
3472 2526 3601 2567 vere
3627 2509 3799 2566 oblati

2193 2619 2342 2676 sunt,
2387 2608 2482 2664 sed
2536 2618 2590 2664 et
2651 2622 2782 2663 vere
2833 2605 3048 2661 inliibiti
3095 2613 3240 2660 sunt.
3298 2603 3409 2659 Sed
3458 2602 3512 2658 hi
3555 2601 3798 2673 gentium

2192 2701 2369 2757 forma
2405 2708 2551 2765 sunt,
2581 2699 2775 2770 quibus
2805 2713 2902 2768 per
2922 2696 3082 2753 ﬁdem
3111 2704 3166 2751 et
3202 2694 3444 2750 auditum
3476 2693 3626 2749 salus
3671 2693 3802 2750 red-

2196 2793 2362 2848 ditur.
2411 2793 2611 2848 Vernm
2643 2806 2709 2844 ex
2761 2788 2953 2844 affectu
2999 2788 3230 2859 primum
3265 2784 3722 2852 salvandilsrael,
3765 2800 3799 2840 a

2191 2885 2471 2955 discipulis
2515 2882 2824 2938 inhibentur
2849 2881 3011 2952 762
3036 2878 3316 2935 accedere.
3360 2875 3648 2933 Inhibendi
3675 2877 3800 2947 qui-

2191 2979 2312 3036 dem
2341 2978 2586 3032 voluntas
2617 2974 2967 3047 placabilitati
2989 2973 3302 3043 apostolicae
3347 2987 3456 3028 non
3483 2970 3740 3027 convenit
3768 2990 3782 3025 :

2192 3073 2290 3129 sed
2344 3073 2399 3127 in
2457 3071 2690 3143 typicam
2738 3068 3260 3124 consummationem
3330 3064 3796 3136 prohibendorum

486 3159 748 3228 scriptum
777 3175 899 3216 esse
921 3162 971 3215 in
1001 3161 1198 3218 Genesi
1223 3165 1319 3234 (tt,
1348 3165 1419 3222 24
1441 3167 1481 3236 ),
1511 3183 1671 3238 quam
1695 3183 1837 3223 nunc
1865 3169 1917 3223 in
1947 3184 2086 3239 prae-
2115 3165 2162 3229 C
2196 3164 2480 3221 infantium
2512 3162 2588 3238 (ά)
2614 3162 2854 3232 subrepit
2894 3161 3202 3216 instinctus.
3243 3159 3391 3228 Quos
3419 3159 3678 3214 Dominus
3720 3159 3800 3216 ait

491 3265 619 3306 scus
646 3251 908 3308 Dominus
937 3255 1008 3309 sit
1041 3256 1252 3313 locutus
1280 3256 1509 3330 (Matth.
1560 3276 1670 3327 xix,
1703 3263 1736 3316 4
1763 3261 1864 3317 et5
1894 3259 1933 3334 ).
1975 3261 2089 3318 Illic

487 3343 631 3396 enim
677 3342 778 3398 sub
809 3344 987 3400 verbis
1028 3345 1159 3400 Adae
1207 3363 1294 3404 res
1321 3351 1498 3405 omnis
1524 3349 1761 3406 refertur
1791 3369 1805 3406 :
1836 3351 1924 3407 hic
1981 3353 2089 3408 Do-

491 3431 670 3488 minus
697 3433 897 3490 indicat
941 3435 1009 3491 ab
1030 3451 1116 3497 eo.
1141 3438 1232 3509 qui
1261 3448 1315 3494 et
1350 3439 1624 3496 hominem
1679 3442 1990 3512 ﬁguraverit
2032 3454 2088 3500 et

489 3526 774 3582 mulierem
796 3527 1005 3595 fecerit,
1035 3530 1216 3586 omnia
1247 3530 1323 3604 (b)
1366 3532 1458 3588 illa
1482 3533 1625 3590 dicta
1673 3549 1814 3591 esse.
1841 3535 1947 3591 Sed
1990 3551 2090 3592 nos

489 3622 660 3675 secuti
684 3623 1033 3692 apostolicam
1075 3626 1476 3693 auctoritatem,
1501 3628 1592 3699 qui
1635 3629 1738 3684 hoc
1769 3630 2087 3700 mysterium

487 3714 692 3783 grande
729 3729 852 3772 esse
879 3715 1156 3786 professus
1181 3725 1284 3785 est,
1306 3733 1366 3776 se
1392 3728 1571 3776 autem
1598 3720 1652 3776 in
1677 3719 1896 3778 Christo
1925 3731 2088 3795 atque

569 3923 646 3994 (α)
685 3925 761 3980 Ita
806 3924 973 3980 codex
1021 3923 1394 3982 Carnutensis.
1425 3927 1525 3980 Alii
1555 3941 1705 3990 vero,
1735 3939 1782 3982 et
1813 3929 2080 3986 libertatis.

562 3995 639 4068 (b)
676 3996 734 4052 In
777 4011 909 4052 mss.
960 3997 1113 4052 Colb.
1149 4007 1203 4051 et
1250 3995 1409 4052 Carn.
1455 3997 1555 4064 illi,
1605 3999 1747 4066 quod
1796 4001 1862 4055 ad
1911 4002 2081 4056 Adam

494 4068 776 4123 commode
804 4068 1074 4123 retuleris.
1125 4069 1286 4123 N0tat
1338 4069 1568 4123 llilarins
1611 4069 1773 4124 verba
1808 4071 1940 4136 lucc,
1976 4073 2082 4127 Re-

491 4138 683 4208 linquet
715 4138 866 4194 homo
897 4149 1087 4205 patrem
1128 4150 1174 4193 et
1200 4150 1449 4205 matrem,
1492 4149 1537 4194 et
1582 4141 1858 4195 adhaerebit
1908 4144 2080 4207 uxori,

491 4211 787 4265 secundum
829 4211 1080 4266 Genesim
1109 4211 1178 4266 ab
1209 4209 1400 4278 Adam,
1431 4211 1727 4267 secundum
1772 4212 2082 4270 Matthteum

491 4294 520 4333 a
551 4279 660 4334 Deo
702 4281 950 4347 proferri.
1425 4289 1429 4293 '

570 4351 641 4422 (e)
669 4352 939 4407 Scultelus
967 4352 1144 4424 allatis
1173 4351 1604 4424 ltiscerverbulis,
1643 4355 1688 4408 si
1715 4364 1881 4409 tamen
1912 4356 2082 4424 possi-

493 4438 629 4488 mus,
663 4439 829 4477 ovans
855 4432 909 4477 et
941 4423 1205 4494 insultans
1244 4423 1374 4478 satis
1423 4438 1692 4494 superque
1733 4423 1996 4480 refuMSse
2026 4440 2083 4480 se

497 4503 664 4564 putat,
715 4495 855 4564 quod
896 4493 1253 4548 Bellarminus
1292 4493 1344 4548 in
1396 4493 1621 4564 gratiam
1673 4497 1780 4550 voti
1821 4497 2082 4551 castitatis

493 4563 788 4620 adduxerat
817 4580 882 4619 ex
911 4571 1067 4634 tract.
1093 4580 1175 4634 ps.
1212 4579 1330 4618 Lsiv
1353 4605 1369 4632 ,
1406 4563 1460 4618 ii.
1507 4567 1563 4626 5.
1595 4567 1687 4622 ubi
1713 4567 1930 4622 disertis
1961 4583 2082 4621 vcr-

495 4635 578 4688 ltis
627 4636 698 4708 ait
732 4635 1000 4708 llilarius,
1037 4633 1144 4688 Deo
1196 4651 1318 4708 ergo
1352 4637 1573 4692 vovenda
1621 4647 1738 4691 sunt
1768 4648 2081 4706 contemptus

498 4707 747 4780 corporis,
779 4706 1026 4780 castitatis
1066 4706 1327 4780 custodia,
1365 4708 1561 4780 jejunii
1589 4708 1880 4780 tolerantia.
1915 4709 2088 4764 Vellet

498 4777 752 4850 nimirum
799 4778 1069 4850 insinuare
1115 4777 1463 4850 continentia:
1490 4779 1660 4834 hostis
1687 4789 1870 4834 votum
1899 4780 2086 4850 hujus-

495 4848 638 4901 modi
669 4851 812 4903 vires
847 4847 1105 4903 humanas
1142 4848 1212 4901 ita
1243 4863 1519 4916 superare,
1552 4858 1611 4903 ut
1639 4851 1848 4904 nonnisi
1880 4847 2086 4907 temere

495 4920 566 4971 sit
593 4919 1008 4986 promittendum
1050 4920 1190 4988 quod
1223 4930 1482 4985 praestare
1512 4936 1669 4975 nemo
1698 4922 1886 4989 possit.
1920 4921 2082 4989 Quasi

496 5004 625 5042 vero
661 4989 906 5043 Christus
941 4989 1275 5044 consuluerit
1299 4991 1522 5056 aliquid,
1569 5007 1676 5060 quo
1707 5007 1865 5046 nemo
1898 5008 2085 5060 perve-

498 5060 627 5134 nire
641 5060 817 5113 valeat
840 5077 854 5124 ;
884 5070 975 5134 aut
1003 5060 1180 5134 nonid
1205 5062 1470 5134 possimus
1488 5063 1780 5134 Opitulante
1807 5063 2082 5134 Deigratia

499 5129 782 5200 perﬁcere,
810 5131 950 5200 quod
1003 5147 1068 5185 eo
1117 5132 1412 5199 inspirante
1441 5129 1782 5198 voverimus;
1840 5129 1941 5188 aut
1981 5137 2083 5190 alia

495 5202 564 5256 ab
586 5201 827 5257 Ecclesia
853 5202 1211 5274 defendamur
1229 5213 1283 5257 et
1309 5205 1677 5273 approbentur
1725 5214 1880 5268 vota,
1931 5207 2082 5274 quasi

495 5289 614 5342 qtne
644 5274 810 5327 Deum
857 5283 1128 5329 auctorem
1171 5273 1477 5329 habuerint.
1520 5275 1654 5330 Hinc
1698 5290 1818 5334 sese
1864 5273 2085 5332 Inui-esis

494 5345 731 5416 ostendit
771 5359 800 5397 a
841 5343 1045 5414 Spiritu
1075 5345 1274 5400 Christi
1317 5346 1569 5414 alienam,
1600 5348 1739 5416 quod
1782 5347 1956 5402 nullos
1986 5347 2084 5400 ha-

493 5415 604 5487 bet,
636 5417 830 5487 qnibus
859 5431 982 5470 cara
1028 5417 1135 5471 sint
1175 5418 1341 5486 ipsius
1388 5415 1631 5472 consilia.
1685 5417 1856 5473 Habet
1901 5428 2087 5473 contra

494 5486 736 5542 Ecclesia
779 5487 1058 5556 plurimos,
1122 5489 1211 5556 qui
1264 5502 1384 5542 cum
1436 5489 1602 5544 Paulo
1649 5489 1850 5554 dicant,
1903 5487 2090 5544 Omnia

535 5573 703 5630 assum
739 5559 795 5630 in
838 5558 1012 5630 eoiqui
1055 5573 1134 5630 tne
1156 5562 1436 5628 confortat.
1473 5559 1654 5630 Itaque
1684 5576 1788 5612 non
1821 5561 2092 5615 immerito

544 5629 858 5685 ellartninus
906 5628 1165 5685 llilarium
1196 5633 1466 5685 recensuit
1506 5628 1579 5687 ut‘
1608 5641 1855 5686 votorum
1907 5643 2090 5701 patro-

498 5713 646 5752 num.

571 5767 650 5838 (tl)
699 5769 988 5828 Vaticanus
1041 5772 1207 5828 codex
1237 5772 1376 5844 apud
1409 5772 1700 5841 Latinium,
1746 5773 1999 5846 subrepsit
2035 5775 2091 5829 in

2191 3272 2299 3313 non
2331 3265 2587 3328 oportere
2618 3253 2917 3325 prohiberi,
2947 3257 3070 3324 quia
3126 3252 3310 3308 talium
3344 3252 3415 3306 sit
3441 3266 3800 3321 regnumne-

2193 3352 2411 3406 lorum:
2463 3363 2661 3404 munus
2704 3347 2849 3404 enim
2898 3355 2955 3402 et
2999 3345 3200 3402 donum
3244 3345 3476 3414 Spiritus
3505 3344 3677 3399 sancti
3719 3344 3798 3416 (e)

2192 3458 2290 3512 per
2333 3442 2732 3511 impositionem
2780 3453 2972 3494 manus
2997 3447 3051 3492 et
3077 3437 3478 3506 precationem,
3534 3444 3793 3492 cessante

2191 3534 2326 3605 legis
2349 3548 2536 3603 opere,
2583 3541 2698 3586 erat
2741 3530 2991 3600 gentibus
3043 3528 3398 3600 largiendum.

2261 3627 2318 3683 4.
2345 3626 2376 3680 J
2386 3627 2651 3681 udteoruin
2671 3625 2943 3681 insolentia
2959 3625 3011 3678 in
3029 3627 3219 3698 juvene
3245 3621 3577 3678 adumbrata.
3613 3622 3798 3678 Chris-

2193 3735 2275 3779 tus
2303 3731 2555 3795 quatenus
2601 3737 2704 3776 non
2743 3721 2923 3776 bonus.
2951 3748 3024 3759 —
3048 3717 3117 3773 Et
3147 3716 3217 3791 (f)
3261 3733 3374 3773 ecce
3403 3733 3539 3772 unus
3578 3716 3792 3772 accessit

2192 3940 2416 3986 sanctos.
2463 3929 2608 3986 Idem
2637 3929 3006 3998 apostolorum
3038 3944 3163 3999 erga
3195 3928 3358 3984 Israel
3412 3928 3639 3984 allectus
3664 3945 3792 3985 rur-

2191 4016 2308 4055 sum
2338 4002 2641 4057 declaratnr
2665 4016 2784 4070 cap.
2820 4000 2916 4062 15.
2971 4017 3025 4053 ιι.
3058 4001 3112 4054 9.
3170 4001 3366 4056 Eadem
3411 4001 3619 4056 ratione
3657 4016 3794 4071 apo-

2192 4073 2364 4127 stolos
2394 4073 2823 4127 abinclementia
2873 4079 3096 4127 excusat
3143 4072 3460 4128 Ambrosius
3509 4073 3562 4127 in
3617 4071 3788 4142 Luc.,

2192 4144 2286 4199 lib.
2339 4160 2452 4207 vm,
2505 4160 2564 4198 ιι.
2626 4145 2712 4198 60.

2264 4215 2337 4285 (e)
2386 4215 2502 4270 Jam
2549 4215 2602 4268 in
2653 4215 2792 4268 Psal.
2845 4229 3032 4277 cxvm,
3087 4230 3140 4268 ιι.
3198 4213 3254 4285 5,
3309 4213 3654 4269 observatum
3705 4224 3794 4270 est

2193 4284 2335 4340 hunc
2401 4287 2574 4341 locum
2636 4286 2813 4341 verbis
2887 4285 3142 4339 illustrari
3201 4284 3514 4339 Tertulliani
3579 4286 3674 4342 lib.
3721 4287 3792 4343 de

2188 4356 2476 4426 baptismo,
2509 4357 2598 4410 ubi
2630 4359 2788 4411 ritum
2818 4369 2872 4410 et
2898 4356 3145 4411 effectum
3192 4355 3441 4424 baptismi
3491 4358 3788 4424 enarravit,

2190 4429 2544 4495 subjicientis,
2579 4443 2628 4481 c.
2662 4427 2694 4481 7
2724 4446 2736 4480 :
2772 4426 2976 4481 Exinde
3001 4426 3189 4498 egressi
3229 4427 3292 4480 de
3340 4427 3542 4482 lavacro
3591 4445 3791 4497 perun-

2187 4499 2356 4570 giniur
2375 4499 2638 4570 benedicta
2665 4499 2902 4552 unctione
2929 4499 2991 4550 de
3015 4499 3224 4566 antiqua
3247 4498 3521 4570 disciplina
3547 4516 3564 4552 :
3586 4509 3641 4553 et
3665 4511 3793 4570 post

2189 4568 2388 4638 pauca:
2416 4568 2609 4623 Dehinc
2645 4586 2824 4622 manus
2844 4570 3128 4639 imponitur
3160 4585 3246 4634 per
3272 4568 3681 4623 benedictionem
3693 4572 3793 4623 ad-

2115 4659 2164 4718 ι)
2188 4655 2373 4718 vocans
2397 4650 2441 4694 et
2472 4641 2696 4718 invitam
2723 4640 2977 4718 Spiritum
3023 4649 3273 4718 sanctum.
3298 4639 3437 4718 Num
3476 4640 3589 4718 hmc
3605 4650 3662 4718 et
3679 4641 3789 4697 alia

2192 4711 2374 4765 llilarii
2414 4726 2532 4780 cap.
2566 4714 2622 4773 4,
2673 4711 2818 4765 num.
2874 4711 2941 4766 10
2987 4719 3041 4765 et
3094 4711 3185 4771 27.
3234 4711 3654 4766 conlirmationis
3693 4727 3788 4765 sa-

2188 4793 2522 4836 cramentum
2553 4798 2658 4836 non
2685 4790 2949 4850 spectent,
2979 4782 3204 4851 quisque
3229 4781 3452 4851 judicet.
3481 4783 3610 4836 llinc
3638 4795 3792 4838 certe

2191 4869 2296 4906 non
2372 4853 2656 4907 temeraria
2723 4853 2819 4906 fuit
2890 4861 3195 4907 nostrorum
3277 4855 3606 4921 pr0pensio,
3681 4869 3791 4920 qua

2190 4923 2285 4978 lib.
2319 4939 2413 4977 vni
2454 4924 2506 4977 in
2557 4923 2713 4988 Luc.,
2760 4941 2812 4977 ιι.
2843 4923 2931 4985 61,
2967 4924 3067 4993 legi
3117 4923 3434 4978 maluissent
3465 4941 3477 4976 :
3513 4923 3610 4979 Ubi
3637 4925 3708 4977 ad
3736 4941 3794 4979 se

2187 4994 2412 5063 infantes
2439 4994 2677 5048 accedere
2697 4995 2858 5064 iubet,
2898 5004 2955 5048 ut
2981 5011 3067 5048 eos
3095 4995 3173 5048 vel
3221 4995 3513 5065 precatione
3555 4996 3632 5048 rel
3670 5012 3790 5048 ma-

2189 5081 2347 5118 nuum
2382 5066 2706 5134 impositione
2736 5065 3063 5126 benediceret,
3096 5067 3337 5135 quamvis
3381 5081 3509 5120 mss.
3539 5066 3792 5122 auctori-

2191 5137 2283 5206 tati
2335 5136 2588 5191 cedentes
2651 5135 2973 5191 retinuerint
3022 5137 3098 5190 vel
3148 5136 3528 5206 prtedicatione.
3586 5136 3679 5191 Sic
3735 5146 3793 5191 et

2194 5205 2304 5261 Leo
2330 5222 2464 5277 papa
2497 5209 2654 5276 epist.
2700 5222 2842 5262 nunc
2866 5223 3045 5270 cxxtv,
3093 5222 3143 5261 c.
3176 5207 3229 5267 7.
3280 5208 3479 5262 indicat
3526 5207 3790 5276 Spiritum

2194 5289 2439 5332 sanctum
2469 5294 2564 5348 per
2595 5279 2990 5346 impositionem
3038 5293 3290 5331 manuum
3323 5293 3385 5332 ac
3418 5277 3793 5346 precationem

2197 5349 2447 5418 praeberi,
2478 5364 2600 5404 cum
2627 5349 2694 5402 de
2721 5349 2806 5412 iis,
2835 5351 2925 5417 qui
2956 5350 3276 5418 baptismum
3303 5349 3372 5402 ab
3403 5349 3671 5403 lnereticis
3691 5364 3792 5403 ac-

2196 5430 2478 5488 ceperunt,
2507 5420 2664 5474 habet
2691 5437 2702 5471 :
2736 5420 2863 5474 Sola
2883 5421 3200 5473 invocatione
3229 5421 3456 5490 Spiritus
3500 5421 3668 5474 sancti
3697 5437 3793 5487 per

2197 5491 2571 5560 impositionem
2588 5507 2833 5544 manuum
2853 5491 3194 5560 conﬁrmandi
3209 5501 3322 5543 sunt
3338 5507 3358 5554 ;
3379 5500 3434 5546 et
3457 5501 3576 5558 post
3593 5507 3786 5560 pauca,

2196 5562 2326 5616 Sola
2363 5564 2699 5629 sanctiﬁcatio
2747 5561 2972 5633 Spiritus
3016 5561 3178 5616 sancti
3236 5562 3522 5615 invocanda
3574 5573 3683 5628 est,
3733 5574 3792 5616 ut

2194 5633 2329 5706 quod
2357 5635 2420 5688 ab
2459 5634 2710 5689 hwreticis
2739 5649 2886 5688 nemo
2928 5635 3132 5706 accipit,
3174 5649 3206 5685 a
3250 5633 3517 5689 catholicis
3547 5634 3791 5690 sacerdo-

2193 5705 2326 5759 tibus
2353 5717 2708 5776 consequatur.

2264 5775 2342 5847 (Γ)
2372 5776 2428 5832 1η
2475 5775 2715 5849 pluribus
2762 5790 2892 5834 mss.
2925 5791 3038 5832 ecce
3058 5777 3457 5850 juvenisunus.
