4172 6188
385 300 524 358 10:25

1325 294 1871 355 COMMENTARIUS
1901 293 1965 352 IN
2005 289 2426 351 MATTIUEU.“
2457 292 2612 351 CAP.
2655 292 2798 351 XIX.

3546 295 3689 357 1026

380 420 450 473 ad
479 435 614 481 eum,
645 426 690 472 et
708 417 779 473 ait
809 417 888 472 illi
914 433 931 473 :
958 416 1228 492 Magister,
1265 417 1390 488 quid
1415 417 1532 472 boni
1563 417 1749 488 faciam
1790 425 1847 470 ut
1892 415 1989 468 Ita-
2017 416 2066 474 Α
2095 411 2233 467 cisse
2273 426 2334 468 se
2358 427 2390 468 a
2415 411 2696 482 juventule
2741 427 2836 468 sua
2872 430 2883 466 :
2909 410 2975 469 'ct
2998 411 3193 484 quaerit
3231 411 3354 485 quid
3385 410 3559 468 adhuc
3585 413 3687 469 sibi

383 511 527 566 beam
556 515 714 566 vitam
742 517 984 566 (sternam
1014 509 1040 563 ?
1085 517 1141 565 et
1191 509 1396 581 reliqua
1439 510 1459 580 (
1486 508 1651 576 lbid.,
1682 508 1750 563 16
1779 505 1822 578 ).
1878 504 1986 575 0p-

387 615 620 675 portune
648 611 771 674 post
797 617 1106 659 sermonem
1137 604 1508 672 superiorem;
1541 615 1648 671 quo
1674 608 1730 656 et
1755 598 1986 654 infantes

384 698 601 754 inhibiti
644 707 794 765 sunt,
844 708 899 754 et
928 698 1114 753 talium
1156 713 1378 769 regnum
1414 696 1675 752 caelorum
1724 708 1846 750 esse
1898 706 1988 746 re-

388 805 647 861 sponsum
675 799 779 855 est,
805 789 1047 847 succedit
1072 789 1160 844 hic
1192 788 1427 859 juvenis,
1457 785 1739 857 requirens
1764 783 1988 856 quibus-

384 898 512 939 nam
550 882 711 939 bonis
739 883 994 954 operibus
1040 882 1203 936 vitam
1245 891 1503 936 aeternam
1553 878 1755 933 habere
1781 883 1983 947 posset.

385 976 608 1032 Juvenis
634 977 734 1031 iste
773 986 825 1031 et
853 974 1230 1044 interrogavit,
1263 983 1318 1029 et
1347 973 1586 1030 insolens
1629 971 1750 1035 fuit,
1783 979 1838 1024 et
1869 984 1990 1024 rur-

385 1082 504 1124 sum
532 1076 761 1124 mcestus
783 1075 866 1122 est
892 1067 1065 1123 factus
1097 1085 1109 1120 :
1141 1081 1334 1138 resque
1383 1081 1593 1130 omnes,
1632 1079 1752 1136 qum
1776 1063 1989 1132 scripta:

392 1169 540 1226 sunt,
574 1169 743 1231 gesta:
770 1159 1084 1229 efl‘ectaeqne
1130 1168 1273 1213 sunt.
1327 1159 1429 1214 Sed
1479 1158 1857 1213 admonuimus
1900 1169 1985 1221 ea,

388 1268 511 1324 qua:
541 1252 643 1307 sub
673 1252 786 1307 Deo
815 1251 1132 1322 agebantur,
1164 1251 1506 1318 praesentium
1549 1247 1827 1326 effectibus
1861 1262 1990 1302 con-

388 1344 729 1416 sequentium
764 1341 991 1397 formam
1027 1342 1330 1412 praetulisse
1377 1359 1392 1397 :
1447 1347 1609 1412 atque
1654 1341 1726 1395 ita
1772 1353 1990 1410 semper

391 1437 446 1490 in
502 1423 795 1506 Scripturis
824 1433 1138 1490 coelestibus
1187 1447 1490 1488 sermonem
1518 1448 1733 1488 omnem
1788 1442 1991 1502 tempe-

391 1538 567 1585 ratum
630 1528 814 1595 fuisse,
871 1535 929 1582 ut
970 1543 1075 1583 non
1131 1527 1309 1582 minus
1349 1529 1432 1582 his
1470 1543 1592 1597 quae
1639 1527 1986 1597 gerebantur,

391 1636 551 1691 quam
589 1636 777 1677 eorum
819 1635 939 1690 quae
978 1619 1212 1688 gerenda
1261 1628 1444 1675 essent
1487 1619 1824 1674 similitudini
1859 1632 1992 1672 con-

389 1713 619 1768 veniret.
649 1711 870 1768 Juvenis
914 1711 1000 1766 hic
1053 1711 1234 1782 itaque
1265 1709 1493 1765 formam
1521 1709 1732 1765 Judaici
1799 1707 1983 1780 populi

2090 513 2256 561 restet
2284 506 2303 573 (
2328 505 2492 572 lbid.,
2523 505 2639 575 20).
2667 505 2793 572 Sed,
2821 516 2878 562 ut
2915 506 3171 574 diximus,
3200 522 3378 578 neque
3405 506 3690 577 superiora

2089 595 2176 651 illa
2208 607 2393 668 egerat
2413 598 2478 651 ad
2503 613 2622 668 qua:
2647 599 2960 665 remittitur,
2978 610 3029 654 et
3054 599 3105 654 in
3131 599 3259 669 ipsis
3286 598 3520 670 glorians
3551 607 3687 653 tam-

2089 704 2249 760 quam
2299 698 2704 745 consummatus
2759 690 2877 746 hmc
2927 691 3183 762 loquitur.
3266 691 3364 746 Cui
3430 691 3687 748 Dominus

2088 781 2401 850 respondet,
2429 782 2710 838 vendenda
2741 783 2920 838 omnia
2944 783 3084 839 bona
3111 799 3212 840 sua
3258 798 3400 849 esse,
3425 794 3479 839 et
3507 783 3684 840 danda

2092 873 2421 942 pauperibus
2449 889 2462 925 :
2494 882 2550 929 et
2581 883 2706 929 tunc
2727 888 2850 929 eum
2898 873 3140 929 futurum
3192 889 3316 930 esse
3361 875 3685 945 perfectum,

2092 965 2512 1038 habitururnque
2540 967 2854 1024 thesaurum
2890 967 2946 1022 in
2993 967 3373 1041 cmlis(1bid.,
3399 968 3463 1024 21
3502 969 3542 1041 ).
3577 969 3689 1023 Re-

2096 1061 2396 1130 spondetur
2422 1061 2546 1117 huic
2573 1061 2789 1132 quidem
2815 1061 3026 1131 juveni,
3057 1061 3424 1132 pulcherrimo
3469 1061 3563 1116 illo
3628 1075 3693 1116 ac

2091 1154 2332 1209 maxime
2361 1155 2477 1208 utili
2507 1153 2848 1225 relinquendi
2876 1154 3059 1209 saeculi
3091 1162 3385 1226 praecepto,
3431 1168 3537 1224 quo
3575 1152 3690 1224 jac-

2093 1253 2211 1300 tura
2238 1255 2468 1302 terrenae
2491 1246 2806 1302 substantiae
2826 1247 3085 1302 caelorum
3107 1261 3239 1316 opes
3260 1245 3502 1302 emenda:
3532 1253 3688 1301 sunt:

2092 1339 2186 1394 sed
2219 1339 2272 1394 in
2302 1355 2371 1396 eo
2398 1339 2539 1410 quod
2565 1340 2702 1396 bona
2733 1353 2828 1394 sua
2860 1339 3094 1395 vendere
3125 1349 3178 1394 et
3208 1339 3338 1394 dare
3368 1338 3693 1409 pauperibus

2088 1431 2333 1503 jubetur,
2361 1433 2741 1489 confidentiam
2767 1434 2900 1505 legis
2926 1434 3238 1504 relinquere
3265 1433 3604 1500 admonetur,
3638 1441 3693 1488 ct

2093 1542 2211 1582 eam
2240 1528 2379 1584 felici
2403 1528 2730 1583 commercio
2779 1536 2988 1584 mutare
3022 1546 3034 1581 :
3064 1537 3119 1583 et
3144 1537 3201 1582 ut
3227 1527 3531 1582 meminerit
3559 1541 3683 1581 um-

2095 1616 2246 1671 bram
2290 1618 2342 1672 in
2393 1633 2457 1674 ea
2496 1619 2738 1673 veritatis
2786 1633 2928 1683 esse,
2972 1635 3094 1690 qua:
3141 1617 3399 1688 deinceps
3436 1617 3688 1688 pauperi-

2096 1707 2216 1776 bus,
2242 1708 2296 1763 id
2325 1718 2426 1774 est,
2459 1711 2707 1780 gentibus
2734 1711 2804 1765 sit
2832 1711 2932 1766 sub
2972 1711 3141 1781 ipsius
3186 1709 3432 1766 veritatis
3459 1725 3689 1779 corpore

391 1805 573 1874 habet,
630 1806 683 1861 in
709 1806 828 1877 lege
856 1805 1162 1872 insolentis,
1215 1814 1270 1859 et
1314 1804 1449 1858 nihil
1497 1813 1694 1874 praeter
1723 1797 2424 1872 prmceptaBdividcnda;
2490 1801 2606 1855 haec
2657 1808 2836 1856 autem
2901 1800 3170 1856 neminem
3219 1815 3380 1872 posse
3436 1800 3692 1878 efﬁcere,

392 1897 561 1970 Moysi
587 1898 702 1968 spei
734 1896 1099 1968 exspectantis
1122 1911 1150 1949 a
1195 1893 1432 1951 Christo.
1485 1894 1586 1950 Cui
1617 1895 1896 1958 Dominus,
1930 1894 1983 1948 in

391 1989 748 2061 responsione
809 1991 946 2059 ipsa,
994 1988 1339 2044 severitatem
1385 1985 1574 2058 judicii
1622 2002 1686 2042 ex
1743 2001 1802 2042 se
1827 1985 1991 2042 futuri

393 2089 718 2152 protestatus
739 2089 844 2145 est,
879 2077 1389 2152 dicens(Ibid.,l7
1420 2079 1481 2150 ):
1526 2079 1662 2146 Quid
1715 2095 1796 2133 me
1842 2094 1992 2133 vocas

391 2173 628 2229 bonum?
661 2172 770 2246 (V.
812 2173 903 2228 lib.
955 2189 1007 2228 ιχ
1039 2173 1102 2226 de
1135 2171 1304 2239 Trin.,
1355 2188 1408 2225 η.
1461 2169 1548 2226 16.
1585 2167 1604 2241 )
1633 2169 1681 2224 ls
1707 2169 1872 2235 enim,
1906 2166 1992 2225 cui

393 2281 622 2323 necesse
650 2267 720 2321 sit
745 2265 908 2336 impia
940 2273 996 2320 et
1022 2265 1202 2334 iniqua
1229 2265 1441 2334 punire,
1492 2263 1714 2318 nomine
1740 2262 1995 2318 bonitatis

392 2359 670 2425 abstinuit,
697 2359 797 2414 soli
830 2357 933 2412 hoc
960 2372 1158 2413 nomen
1196 2358 1305 2414 Deo
1344 2356 1484 2428 patri
1535 2370 1844 2420 reservans,
1904 2354 1992 2426 qui

390 2454 732 2525 se,judicem
789 2452 989 2518 dando,
1023 2451 1212 2507 ofﬁcio
1255 2451 1558 2508 severitatis
1603 2450 1844 2506 exuerit:
1885 2463 1994 2504 non

391 2548 536 2620 quod
566 2547 741 2604 bonus
768 2555 824 2602 et
863 2547 977 2616 ipse
1021 2561 1128 2601 non
1163 2552 1328 2611 esset,
1355 2543 1450 2599 sed
1478 2543 1620 2612 quod
1663 2557 1900 2614 congrua
1938 2539 1995 2597 in

394 2657 519 2698 eum
546 2640 837 2697 severitate
868 2639 1030 2709 judex
1064 2637 1141 2710 (α)
1191 2647 1335 2693 esset
1365 2652 1578 2693 usurus.

465 2733 521 2788 5.
565 2731 741 2787 ,ιιιάωὶ
779 2731 836 2785 in
885 2730 994 2803 lege
1046 2731 1323 2802 gloriantes
1381 2729 1488 2801 lege
1526 2729 1898 2784 convincuntur
1923 2728 1998 2783 nil

394 2823 520 2879 recti
541 2824 724 2897 egisse.
749 2852 822 2865 --
843 2821 998 2878 Hunc
1023 2822 1184 2892 igitur
1211 2838 1278 2878 ex
1309 2821 1427 2893 lege
1466 2821 1811 2889 insolentem,
1848 2821 1998 2876 solli-

393 2915 560 2972 citum
587 2915 656 2971 de
685 2914 859 2972 salute
887 2914 1114 2970 remittit
1159 2914 1225 2969 ad
1253 2914 1427 2986 legem
1460 2932 1472 2967 :
1508 2921 1568 2968 ut
1595 2915 1646 2968 in
1678 2929 1740 2969 ea
1772 2915 1912 2983 ipsa,
1942 2915 1993 2968 in

395 3023 500 3079 qua
553 3007 900 3078 gloriaretur,
950 3005 1277 3077 intelligeret
1331 3005 1463 3060 nihil
1509 3021 1568 3061 se
1623 3005 1819 3060 exinde
1864 3003 1996 3060 recti

395 3100 579 3170 operis
606 3098 824 3154 fecisse.
849 3096 1044 3154 Verbis
1072 3098 1216 3153 enim
1247 3097 1380 3168 legis
1405 3097 1455 3152 ei
1483 3097 1740 3152 Dominus
1770 3112 1995 3167 respon-

2097 1892 2196 1946 nisi
2245 1894 2332 1964 qui
2361 1894 2511 1964 sequi
2539 1894 2764 1963 cmperit
2800 1893 3092 1949 Christum.

2167 1987 2219 2040 7.
2267 1986 2406 2054 Quid
2437 1987 2504 2041 sit
2528 1987 2664 2057 quod
2692 1987 2990 2041 adolescens
3015 2004 3047 2040 a
3063 1987 3331 2057 juventute
3365 1985 3465 2058 legi
3510 2002 3565 2041 se
3588 2001 3695 2058 ser;-

2094 2076 2226 2131 visse
2273 2085 2500 2131 testatur.
2529 2107 2600 2116 —
2624 2076 2731 2132 Sed
2754 2077 3090 2143 adolescens,
3121 2077 3318 2141 auditis
3366 2078 3468 2145 bis,
3527 2077 3694 2132 tristis

2095 2167 2317 2222 recessit
2347 2166 2554 2236 (Ibid.,
2585 2166 2681 2239 22)
2717 2187 2729 2221 :
2764 2169 2985 2224 multam
3016 2168 3158 2224 enim
3216 2168 3506 2239 opulentia:
3554 2168 3692 2222 ﬁdu-

2096 2260 2233 2314 ciam
2290 2260 2520 2317 habebat
2571 2277 2637 2316 ex
2693 2261 2830 2332 lege.
2871 2261 3050 2333 Atque
3108 2261 3159 2316 in
3207 2275 3275 2317 eo
3303 2261 3468 2316 etiam
3500 2261 3694 2332 typicae

2097 2351 2402 2409 efﬁcientia:
2433 2355 2572 2412 ratio
2602 2339 2813 2409 servata
2841 2365 2946 2421 est,
3001 2361 3059 2409 ut
3111 2369 3233 2409 cum
3290 2353 3692 2410 adolescentem

2098 2448 2245 2503 hunc
2273 2461 2394 2504 esse
2436 2449 2724 2520 signiﬁcet,
2771 2451 2886 2520 ipse
2915 2451 3162 2521 superius
3207 2450 3427 2516 dixerit,
3452 2452 3520 2507 ab
3547 2450 3697 2507 omni

2096 2554 2158 2597 se
2197 2541 2481 2612 iuventute
2510 2557 2604 2598 sua
2635 2545 2918 2615 praeceptis
2948 2543 3031 2599 his
3053 2559 3171 2615 qua:
3203 2543 3469 2600 habentur
3499 2543 3552 2599 in
3578 2544 3697 2616 lege

2097 2639 2573 2695 servivissezcum
2621 2635 2987 2692 adolescentia
3036 2635 3114 2709 (ά)
3170 2637 3305 2691 intra
3351 2636 3697 2706 juventutem

2098 2733 2188 2800 sit,
2219 2740 2273 2788 et
2302 2731 2567 2802 posterior
2592 2731 2764 2786 zetatis
2789 2730 3124 2801 gradus'non
3165 2730 3335 2801 possit
3367 2730 3504 2785 intra
3545 2729 3693 2800 prio-

2097 2825 2175 2880 ris
2203 2823 2276 2896 (e)
2323 2823 2582 2880 terminos
2608 2822 2895 2879 contineri.
2923 2821 3028 2879 Sed
3053 2822 3156 2878 hoc
3185 2821 3326 2887 ideo,
3359 2833 3419 2877 ut
3447 2837 3475 2875 a
3496 2821 3693 2893 juven-

2101 2925 2214 2973 tute
2241 2914 2308 2989 (ί)
2337 2916 2438 2971 hoc
2461 2916 2750 2980 serviente,
2770 2915 2989 2986 longum
3026 2913 3134 2985 jam
3161 2915 3213 2970 in
3240 2929 3405 2986 opere
3432 2914 3567 2985 legis
3597 2929 3695 2986 po-

2100 3008 2208 3078 puli
2243 3015 2454 3077 tempus
2480 3005 2810 3062 ostenderet.

2172 3100 2223 3154 8.
2268 3099 2456 3154 lsraeli
2501 3098 2720 3168 superbo
2759 3098 2991 3168 difﬁcilis
3019 3100 3132 3156 ctcli
3158 3100 3349 3155 aditus.
3399 3099 3702 3158 —Dehinc

404 3192 504 3248 dit.
532 3190 638 3248 Sed
686 3189 1023 3256 adolescens,
1078 3197 1349 3258 tamquam
1394 3188 1620 3259 populus
1666 3189 1905 3242 insolens
1947 3183 2070 3243 etC
2106 3191 2363 3248 Dominus
2387 3192 2599 3263 cognita
2624 3193 2984 3249 adolescentis
3003 3194 3368 3250 moestitudine
3399 3195 3702 3266 respondit,

395 3285 657 3357 glorians,
689 3287 742 3339 in
775 3283 893 3355 lege
940 3282 1186 3350 conﬁdit,
1240 3283 1325 3338 cui
1368 3291 1544 3338 tamen
1597 3282 1886 3338 obsecutus
1931 3296 1999 3338 cx

398 3379 548 3436 nullo
595 3386 698 3435 est.
746 3377 937 3434 Jussus
975 3378 1119 3433 enim
1150 3376 1323 3431 fuerat
1369 3392 1476 3431 non
1523 3377 1770 3432 occidere
1815 3395 1826 3429 :
1877 3391 2002 3446 pro—

400 3473 593 3543 phetas
622 3470 986 3526 interfecerat.
1017 3468 1134 3523 Non
1178 3468 1435 3524 mmehari
1469 3486 1480 3521 :
1520 3467 1608 3523 hic
1636 3468 2000 3539 corruptelam

402 3561 551 3627 ﬁdei,
579 3571 634 3616 et
664 3562 763 3631 legi
802 3559 1125 3614 adulterium
1150 3559 1426 3626 intulerat,
1457 3567 1510 3614 et
1531 3557 1611 3631 (b)
1641 3558 1774 3614 deos
1799 3559 2004 3614 alienos

403 3653 749 3708 adoraveral.
777 3651 895 3706 Non
939 3650 1105 3706 furari
1145 3671 1157 3704 :
1207 3651 1293 3705 hic
1325 3661 1450 3706 ante
1490 3666 1649 3720 quam
1705 3651 2004 3704 libertatem

411 3745 669 3802 credendi
703 3745 754 3798 in
792 3745 896 3800 ﬁde
932 3744 1178 3800 Christus
1209 3743 1482 3810 redderet,
1513 3743 1654 3799 furto
1699 3744 1833 3814 legis
1868 3758 2007 3814 prm-

406 3848 564 3908 cepta
587 3838 853 3893 dissolvit.
878 3836 995 3892 Non
1041 3836 1235 3892 falsum
1268 3844 1461 3893 testem
1514 3836 1630 3891 ﬁeri
1662 3853 1674 3890 :
1706 3837 1793 3892 hic
1823 3835 2008 3892 Chris-

410 3941 522 3986 tum
555 3931 769 4002 negavit
793 3944 860 3986 ex
901 3930 1148 3985 mortuis.
1213 3928 1425 3984 Patrem
1463 3938 1516 3984 et
1566 3937 1793 3985 matrem
1845 3929 2008 4001 763

2101 3284 2324 3340 difﬁcile
2387 3285 2607 3341 divitem
2683 3294 2970 3342 venturum
3039 3286 3093 3342 iu
3147 3302 3370 3359 regnum
3438 3288 3700 3345 caelorum

2103 3377 2313 3449 (Ibid.,
2343 3377 2460 3450 23).
2510 3377 2738 3434 Divitem
2783 3395 2842 3434 se
2888 3379 3047 3450 igitur
3099 3380 3282 3444 lsrael,
3341 3388 3398 3435 ut
3442 3380 3700 3450 diximus,

2104 3469 2240 3540 legis
2277 3470 2472 3526 ﬁducia
2516 3471 2865 3541 gloriabatur.
2903 3471 3037 3526 lluic
3067 3472 3302 3527 difﬁcilis
3326 3481 3408 3526 est
3439 3473 3620 3528 aditus
3647 3473 3700 3528 in

2104 3561 2324 3627 coelum,
2349 3569 2560 3616 veteres
2589 3575 2723 3628 Opes
2752 3561 2852 3615 sub
2872 3561 3104 3617 Abraha:
3132 3562 3349 3620 nomine
3373 3564 3550 3619 inanis
3574 3579 3704 3636 pro-

2105 3653 2269 3720 sapiae
2309 3653 2602 3709 ambitione
2639 3653 2916 3709 retinenti.

2179 3745 2232 3802 9.
2264 3743 2470 3801 Crimen
2499 3763 2599 3801 non
2627 3756 2701 3801 est
2723 3747 2774 3801 in
2809 3745 3064 3814 habendo,
3085 3748 3174 3802 sed
3197 3749 3251 3804 in
3277 3749 3498 3805 habendi
3530 3751 3704 3807 modo.

2112 3839 2281 3911 (lpum
2307 3856 2429 3894 cura
2452 3839 2988 3910 periculosa—Quin
3011 3841 3172 3896 etiam
3195 3842 3413 3911 adjecit,
3439 3843 3705 3900 camelum

2111 3931 2318 3987 facilius
2367 3947 2462 4002 per
2490 3931 2734 3988 foramen
2774 3947 2904 3987 acus
2932 3946 3090 4002 posse
3135 3933 3384 4001 transire,
3412 3951 3570 4005 quam
3598 3951 3709 3993 coe-

403 4021 590 4092 jussus
631 4030 714 4077 est
743 4021 1044 4076 honorare:
1080 4021 1167 4076 hic
1196 4021 1312 4091 ipse
1333 4035 1394 4078 se
1423 4036 1451 4075 a
1485 4021 1576 4076 Dei
1636 4023 1804 4092 patris
1848 4034 2011 4092 atque
2110 4023 2283 4078 lorum
2310 4039 2533 4091 regnum
2583 4024 2804 4080 divitem
2838 4023 3063 4078 introire
3110 4023 3298 4094 (lbid.,
3325 4025 3456 4096 21s).
3489 4023 3564 4095 (g)
3594 4027 3707 4080 lla-

410 4117 480 4172 ab
528 4115 791 4172 Ecclesiae
826 4116 1048 4172 .matris
1096 4114 1296 4170 familia
1359 4115 1646 4171 abdicavit.
1703 4115 2010 4170 Proximum
2114 4117 2244 4172 bere
2273 4115 2515 4183 criminis
2541 4131 2646 4171 non
2677 4125 2782 4182 est,
2810 4115 2908 4172 sed
2954 4115 3147 4172 modus
3192 4116 3248 4172 in
3279 4116 3527 4173 habendo
3581 4119 3713 4174 reti-

412 4216 686 4279 tamquam
738 4221 798 4262 se
837 4222 1021 4264 amare
1071 4214 1374 4278 prmccptus
1405 4216 1529 4262 est:
1583 4206 1670 4262 hic
1716 4207 2012 4275 Christum,
2116 4209 2322 4264 nendus
2348 4205 2510 4280 764Ι
2533 4217 2634 4263 est.
2669 4208 2800 4263 Nam
2846 4208 3120 4280 quomodo
3159 4209 3572 4278 impertiendum
3603 4219 3711 4280 est,

413 4300 506 4371 qui
550 4299 792 4354 omnium
858 4308 1103 4354 nostrum
1172 4313 1369 4369 corpus
1420 4297 1730 4368 assumpsit,
1787 4305 1842 4352 et
1895 4298 2014 4352 uni-
2114 4300 2387 4372 quomodo
2431 4300 2961 4370 communicandum,
3003 4303 3050 4358 si
3094 4302 3437 4373 impertiendi
3481 4313 3537 4360 et
3564 4319 3715 4360 com-

415 4391 610 4462 cuique
661 4398 904 4447 nostrum
956 4389 1215 4460 assumpti
1269 4389 1511 4460 corporis
1570 4388 1882 4444 conditione
1941 4388 2018 4442 fa-
2117 4392 2423 4448 municandi
2453 4395 2680 4450 materia
2713 4409 2819 4449 non
2851 4395 3228 4466 relinquatur?
3285 4395 3425 4467 Ergo
3453 4406 3714 4453 nocenter

416 4475 536 4539 ctus
582 4491 666 4538 est
701 4482 977 4553 proximus
1006 4481 1102 4554 (c),
1133 4497 1301 4554 usque
1331 4482 1384 4537 in
1428 4496 1639 4552 ptenam
1690 4481 1868 4537 crucis
1898 4495 2018 4551 per-
2120 4486 2289 4557 magis
2315 4485 2536 4553 habere,
2569 4503 2728 4558 quam
2776 4488 2908 4543 illud
2939 4489 3112 4559 ipsum
3141 4487 3342 4546 habere
3384 4490 3444 4546 ﬁt
3485 4493 3712 4550 crimen.

417 4585 635 4632 secutus
673 4585 778 4632 εει.
814 4575 884 4631 Ut
911 4576 1073 4646 igitur
1125 4575 1210 4630 his
1246 4574 1529 4644 depositis,
1583 4589 1647 4630 ac
1672 4575 1860 4630 recisis
1900 4590 2015 4630 om-
2041 4564 2096 4625 D
2123 4578 2230 4635 Sed
2278 4579 2574 4650 periculosa
2601 4570 2728 4637 cura
2757 4593 2862 4650 est,
2891 4581 3032 4637 velle
3078 4583 3348 4639 ditescere
3383 4601 3398 4640 :
3445 4591 3498 4640 et
3546 4599 3719 4656 grave

417 4667 578 4722 nibus
599 4666 743 4722 vitiis
772 4667 825 4722 in
867 4668 1038 4738 legem
1070 4676 1454 4749 reverteretur,
1488 4677 1571 4722 est
1592 4666 1794 4737 jussus.

493 4761 546 4816 6.
575 4760 651 4814 Ab
680 4761 860 4814 umbra
904 4761 1030 4833 legis
1084 4761 1153 4814 ad
1209 4761 1551 4833 evangelicum
1603 4760 1864 4816 veritatem
1916 4762 2016 4816 mi-

420 4868 571 4926 grare
615 4854 916 4908 suadentur.
966 4883 1040 4894 —
1079 4853 1184 4910 Sed
1212 4853 1522 4924 respondet,
1561 4852 1677 4910 haec
1705 4853 1887 4910 omnia
1934 4854 2015 4911 fe-

425 5029 430 5032 ·
497 5015 572 5086 (ιι)
617 5014 760 5071 Editi
791 5023 1019 5086 excepto
1044 5013 1168 5070 Par.
1199 5027 1322 5070 cum
1361 5013 1566 5085 aliquot
1594 5028 1728 5069 mss.
1779 5022 1906 5068 esset
1929 5013 2016 5086 fu.

423 5095 593 5140 turus.

495 5157 572 5228 (ὁ)
622 5157 755 5214 Bad.
804 5166 859 5213 et
905 5157 998 5212 Er.
1027 5158 1127 5212 diis
1147 5156 1330 5212 alienis
1355 5157 1672 5212 adoraverat.
1712 5154 1848 5228 Tum
1895 5155 2020 5224 Lip-

421 5227 536 5282 sius
560 5228 628 5284 de
655 5243 754 5284 suo
795 5230 973 5298 posuit
1005 5229 1314 5283 adoleverat.
1339 5228 1510 5297 Supra
1552 5242 1692 5298 cap.
1720 5227 1810 5291 12,
1839 5245 1891 5281 n.
1922 5227 2017 5294 ‘22,

424 5299 768 5354 observatum
798 5297 884 5354 est
934 5300 988 5354 in
1035 5301 1308 5369 plerisque
1340 5313 1468 5369 mss.
1515 5297 1699 5353 haberi
1748 5298 2021 5352 adoratum

427 5378 603 5438 postea
629 5371 908 5440 pecudibus
933 5380 979 5423 et
1019 5368 1176 5425 saxis.
1223 5370 1319 5440 Ad
1354 5368 1538 5440 Hilarii
1591 5369 1910 5423 sententiam
1942 5369 2021 5440 de

424 5441 569 5495 furto
593 5439 651 5498 et
674 5443 937 5498 adulterio
967 5442 1173 5496 accedit
1201 5439 1329 5494 illud
1351 5439 1556 5493 Turibii
1590 5440 1728 5493 inter
1761 5439 2020 5506 epistolas

425 5509 625 5568 Leonis
651 5513 786 5568 edit.
810 5512 1068 5578 Quesnel,
1111 5527 1231 5583 pag.
1258 5512 1362 5567 459
1406 5528 1417 5563 :
1445 5509 1623 5582 Neque
1652 5508 1743 5562 illa
1762 5508 2020 5583 solagsunt

428 5586 588 5654 furta,
619 5600 732 5652 qua:
750 5583 1038 5637 alienorum
1059 5580 1342 5654 direptione
1363 5580 1787 5654 committuntur;
1811 5580 1889 5634 vel
1910 5580 2023 5634 sola

428 5650 702 5720 adulteria,
733 5670 848 5724 qua:
875 5654 1076 5708 violatis
1117 5650 1370 5707 maritalis
1417 5653 1552 5706 thori
1596 5650 1862 5716 affectibus
1906 5667 2023 5721 per-

431 5732 730 5793 petramus:
760 5725 848 5779 sed
871 5735 918 5778 et
948 5725 1215 5779 subtractis
1240 5739 1354 5794 qua:
1382 5741 1498 5779 vera
1526 5732 1673 5794 sunt,
1721 5724 1919 5794 furtum
1939 5739 2023 5776 ca-

456 5793 638 5852 bolicte
666 5795 800 5866 ﬁdei
815 5795 1038 5868 perversi
1065 5793 1319 5868 dogmatis
1349 5796 1473 5867 facit
1497 5793 1745 5863 assertio;
1772 5802 1821 5850 et
1852 5793 2027 5849 adver-

2125 4687 2261 4728 onus
2307 4671 2614 4727 innocentia
2657 4672 2822 4737 subit,
2852 4672 3200 4730 incrementis
3231 4689 3394 4746 opum
3435 4684 3716 4746 occupata.

2122 4764 2258 4818 Rem
2305 4764 2450 4819 enim
2501 4763 2708 4832 saeculi,
2755 4764 3044 4822 famulatus
3096 4765 3190 4822 Dei
3240 4783 3347 4823 non
3389 4768 3507 4824 sine
3535 4769 3720 4826 smculi

2122 4857 2291 4928 ipsius
2352 4855 2496 4912 vitiis
2563 4857 2884 4928 assequitur.
2933 4857 3069 4914 Hinc
3104 4857 3326 4916 difﬁcile
3373 4867 3456 4914 est
3500 4859 3723 4920 divitem

2123 5031 2212 5069 sus
2263 5014 2526 5069 veritatem
2573 5011 2728 5069 Verbi
2757 5011 2874 5079 Dei,
2901 5014 3158 5069 malarum
3195 5014 3546 5074 doctrinarum
3571 5019 3726 5076 adul-

2124 5086 2260 5157 terio
2281 5128 2296 5152 ,
2319 5086 2555 5157 gzizanim
2583 5086 2778 5139 semina
2799 5087 3084 5157 jaciuntur.

2197 5155 2272 5227 (c)
2317 5156 2374 5227 In
2406 5171 2536 5212 mss.
2585 5158 2644 5226 ﬁt
2682 5155 2967 5226 promimus.

2199 5226 2280 5300 (d)
2325 5226 2490 5291 Editi,
2540 5228 2680 5293 infra
2717 5231 3024 5300 iuventutem
3077 5244 3096 5282 :
3146 5227 3544 5300 refragantibus
3587 5246 3719 5288 mss.

2125 5298 2232 5353 Sed
2258 5298 2312 5353 et
2339 5314 2462 5375 mox
2492 5299 2892 5375 tetassuperior
2915 5300 3225 5357 inferiorem
3251 5298 3410 5370 intra,
3453 5320 3558 5359 non
3582 5307 3722 5375 infra

2125 5384 2186 5424 se
2211 5370 2489 5424 continere
2536 5368 2755 5425 dicitur.

2185 5439 2600 5565 sej'lntvullgatis
2628 5441 2846 5512 priores.
2890 5441 3218 5502 Concinnius
3264 5446 3317 5501 in
3357 5459 3488 5500 mss.
3535 5445 3727 5515 prioris

2222 5525 2252 5565 e
2278 5526 2355 5565 tee
2405 5526 2450 5564 ae
2476 5527 2504 5565 a
2533 5527 2599 5565 IS.

2127 5510 2381 5565 videlicet
2405 5510 2599 5566 aetatis.

2198 5579 2270 5652 (f)
2300 5582 2604 5637 Pronomen
2632 5584 2747 5659 hoc,
2765 5599 2873 5659 quo
2898 5586 3213 5643 adolescens
3231 5585 3517 5659 indicatur,
3538 5601 3567 5642 a
3599 5586 3726 5659 Lip-

2125 5652 2208 5708 sio
2228 5660 2553 5716 expunctum
2574 5652 2903 5712 restituimus
2915 5660 3232 5713 auctoritate
3255 5655 3387 5710 Bad.
3405 5652 3567 5713 Er.'et
3586 5652 3719 5716 mss.

2201 5720 2280 5807 (ρ)
2299 5720 2435 5807 Post
2459 5725 2681 5782 verbum
2725 5726 2930 5798 habere,
2966 5729 3150 5786 excusi
3192 5726 3453 5796 adjiciunt
3491 5729 3718 5807 divitias,

2131 5795 2489 5853 renitentibus
2521 5811 2655 5855 mss.
