4172 6188
500 303 636 363 1027

1713 297 1956 355 SANCTI
1995 287 2254 356 lllLAttll
2291 281 2599 359 EPISCUPl

3652 303 3796 361 1(28

500 413 724 491 regnum
748 418 1007 475 caelorum
1037 417 1206 474 adire.
1232 418 1404 487 Atque
1430 415 1611 482 etiam,
1644 415 1768 484 quia
1799 414 1872 468 uti
1913 412 2092 483 plures
2119 413 2173 476 Α
2198 413 2412 485 pondit;
2441 417 2819 488 omnibusque,
2851 418 2941 489 qui
2963 417 3215 474 univcha
3238 417 3554 490 reliquerim
3576 431 3798 488 propter

499 513 584 568 his
630 527 748 581 qua:
781 511 979 566 habent
1009 517 1154 566 recte
1200 517 1443 580 possent,
1471 523 1534 562 ea
1589 503 1643 560 in
1690 511 1941 561 sermone
1973 503 2082 558 Do-

497 603 627 658 mini
665 603 802 657 ratio
831 611 1042 658 servata
1065 611 1168 669 est,
1204 611 1262 656 ut
1301 615 1406 655 non
1436 598 1684 654 absolute
1721 611 1944 667 regnum
1975 609 2088 651 cte-

494 696 667 751 iorttm
719 707 880 752 nemo
926 695 1150 750 introire
1196 700 1421 764 possiet;
1469 691 1566 747 sed
1627 689 1849 760 intelligi
1906 695 2091 760 posset

456 787 469 797 ⁸
491 787 793 844 futurorum
825 790 1016 843 raritas
1044 803 1108 842 ex
1140 783 1481 842 difﬁcultate.
1521 785 1588 839 Et
1618 783 1733 839 lucc
1761 781 1976 853 quidem
2023 779 2090 834 ad

490 881 757 951 simplicis
801 889 995 938 sensus
1044 879 1453 950 intelligentiam
1500 879 1776 947 pertittent
1818 889 1830 929 :
1903 883 2087 930 Verum

493 971 684 1030 eodem
715 989 874 1028 cursu
904 974 1177 1029 interioris
1199 987 1376 1028 causre
1406 971 1539 1026 ordo
1566 969 1884 1027 retinendus
1911 975 2015 1024 est.

567 1064 654 1119 10.
697 1063 801 1120 Cur
829 1064 1028 1120 Judwis
1048 1065 1268 1136 difﬁcilis
1290 1065 1400 1119 mli
1424 1063 1614 1119 aditus.
1636 1091 1708 1104 --
1734 1062 2087 1128 Adolescens,

490 1166 550 1211 ut
579 1155 832 1219 diximus,
863 1158 1122 1224 insolens,
1157 1158 1244 1212 ubi
1279 1156 1546 1226 iacturam
1582 1156 1715 1227 legis
1746 1153 1924 1210 facere
1952 1163 2088 1224 pras-

489 1249 709 1317 ‘cipitur,
741 1256 970 1306 iniustus
995 1259 1049 1306 et
1079 1250 1244 1305 tristis
1271 1256 1373 1305 est.
1397 1248 1494 1304 Est
1525 1255 1703 1303 autem
1734 1247 1858 1302 huic
1893 1247 2091 1317 populo

491 1356 622 1397 crux
655 1349 710 1398 et
738 1345 915 1413 passio
945 1343 1295 1409 scandalum;
1345 1351 1398 1398 et
1423 1343 1628 1399 idcirco
1658 1341 1759 1412 ipsi
1791 1339 1924 1396 nihil
1945 1340 2092 1394 salu-

491 1435 560 1488 tis
586 1447 650 1490 ex
699 1451 760 1491 ea
792 1443 892 1491 est.
943 1435 1052 1492 Sed
1080 1436 1349 1508 gloriatur
1383 1436 1435 1490 in
1479 1436 1642 1511 lege,
1692 1442 1749 1490 et
1777 1433 2092 1489 colueredes

488 1538 677 1598 gentes
720 1538 1062 1598 aspernatur,
1089 1538 1144 1585 et
1185 1530 1417 1586 transire
1439 1529 1881 1599 in-evangelicaui
1913 1525 2083 1582 libers

485 1628 650 1675 tatem
684 1631 937 1676 recusat:
969 1633 1127 1694 atque
1159 1624 1277 1679 ideo
1313 1623 1534 1680 dii‘ticile
1568 1636 1790 1693 regnum
1814 1623 2080 1677 calorum

486 1708 752 1767 introibit.
788 1712 950 1770 Pauci
980 1715 1123 1769 enim
1173 1727 1383 1776 eorum,
1409 1722 1464 1770 et
1501 1713 1651 1783 juxta
1679 1712 2082 1767 multitudinem

2195 521 2391 564 nomen
2422 509 2557 579 ejus,
2592 509 2822 565 fructum
2859 512 3094 581 centupli
3145 512 3348 582 praemii
3400 521 3740 567 reservatum
3774 529 3790 566 :

2192 601 2394 657 multos
2421 611 2598 658 autem
2630 618 2696 658 ex
2726 604 3037 659 novissimis
3063 604 3291 676 primos,
3321 613 3374 660 et
3394 617 3459 660 ex
3489 603 3678 676 primis
3711 604 3797 659 fu-

2192 701 2343 748 turos
2369 695 2712 749 novissimos.

2262 785 2317 839 2.
2360 786 2677 857 Spiritaliter
2718 788 2938 860 intelligi
2981 787 3144 844 debet.
3181 813 3252 830 --
3281 788 3447 845 Multa
3495 797 3639 858 sunt,
3671 805 3797 862 qua:

2194 891 2299 932 non
2343 877 2528 934 sinunt
2573 893 2671 935 nos
2699 881 2930 951 simplici
2964 881 3240 938 intellectu
3285 882 3435 938 dicta
3479 882 3798 954 evangelica

2189 971 2487 1040 suscipere.
2519 969 2855 1043 Interpositis
2879 974 3022 1030 enim
3053 974 3328 1030 nonnullis
3357 975 3546 1042 rebus,
3581 987 3702 1044 quae
3726 985 3798 1030 ex

2193 1069 2384 1118 natura
2412 1064 2632 1119 humani
2659 1077 2854 1121 sensus
2879 1067 2984 1121 sibi
3027 1067 3317 1122 contraria:
3341 1075 3488 1130 sunt,
3522 1066 3792 1121 rationem

2191 1169 2436 1228 quaerere
2459 1157 2696 1214 caelestis
2722 1158 3092 1230 intelligentiae
3120 1158 3498 1214 admonemur.
3531 1157 3608 1228 (ο)
3653 1157 3801 1227 Apo-

2195 1251 2319 1307 stoli
2348 1251 2564 1320 dicunt,
2589 1261 2647 1309 et
2673 1254 2827 1324 sequi
2850 1265 2909 1309 se
2951 1252 3253 1319 Christum,
3282 1259 3336 1308 et
3373 1265 3433 1308 se
3457 1251 3637 1308 omnia
3665 1250 3795 1304 rell-

2193 1343 2376 1414 qnisse
2406 1361 2418 1397 :
2451 1343 2720 1414 quomodo
2768 1345 2926 1416 igitur
2967 1344 3105 1399 ﬁunt
3153 1345 3334 1399 tristes
3359 1385 3373 1410 .
3419 1353 3474 1399 et
3527 1340 3798 1411 quomodo

2193 1446 2459 1522 metuunt,
2482 1436 2726 1493 dicentes
2747 1439 2951 1493 salvum
2975 1453 3096 1493 esse
3119 1437 3386 1493 neminem
3410 1449 3568 1505 posse
3586 1435 3608 1489 ?
3629 1433 3787 1490 Nam-

2193 1543 2298 1600 que
2341 1539 2396 1586 et
2439 1531 2506 1586 ab
2535 1531 2651 1587 aliis
2697 1531 2814 1586 tieri
2847 1537 3074 1600 poterat,
3105 1531 3154 1586 si
3198 1531 3327 1601 quid
3371 1530 3626 1586 fecissent
3651 1531 3779 1600 ipsi.

2198 1621 2398 1678 Deinde
2419 1637 2540 1678 cum
2566 1623 2822 1679 fecissent
2850 1624 2981 1693 ipsi;
3005 1634 3172 1694 quare
3195 1633 3371 1678 metus
3399 1622 3481 1677 vel
3509 1623 3650 1677 unde
3676 1635 3798 1677 sus.

2195 1725 2385 1788 ceptus
2429 1718 2550 1774 est?
2577 1716 2807 1774 Additur
2837 1720 2999 1774 etiam
3047 1719 3100 1772 in
3153 1717 3508 1787 responsione
3557 1717 3798 1782 Domini,

479 1807 726 1873 gentium
755 1806 1044 1862 admodum
1073 1807 1178 1861 rari
1224 1813 1379 1862 erant
1407 1805 1668 1861 credituri
1697 1824 1708 1859 :
1743 1813 1800 1859 ut
1831 1804 1976 1877 (mss.
2008 1803 2083 1873 et)
2115 1799 2164 1871 Β
2191 1811 2306 1869 tunc
2353 1811 2495 1883 apud
2551 1811 2800 1868 homines
2850 1809 3202 1882 impossibilia
3229 1853 3244 1877 ,
3312 1809 3590 1880 possibilia
3645 1808 3792 1880 apud

487 1887 706 1950 dillicile
731 1897 1088 1966 praedm-ataui
1115 1898 1168 1952 in
1198 1897 1316 1968 iege
1339 1898 1696 1964 voluntatem,
1731 1895 1799 1952 ad
1824 1896 2089 1967 praedica-

487 1986 688 2046 tioncm
711 1989 1040 2060 evangelicae
1066 1990 1386 2045 humilitatis
1409 1989 1770 2045 innectereut.

562 2079 647 2132 lt.
694 2079 910 2135 Pervius
939 2091 1011 2136 est
1043 2082 1298 2153 gentibus.
1330 2077 1526 2138 Cameli
1548 2091 1758 2134 natura.
1787 2107 1860 2120 —
1882 2078 1988 2136 Sed
2009 2077 2088 2134 fa-

483 2172 640 2227 cilius
667 2173 904 2229 camelus
929 2189 1024 2244 per
1057 2176 1297 2230 foramen
1325 2187 1459 2230 acus
1491 2174 1760 2230 transibit.
1797 2172 1913 2227 Non
1945 2186 2081 2228 cons

487 2265 636 2320 venit
663 2266 874 2323 camelo
895 2279 1016 2323 cum
1040 2283 1168 2324 acus
1193 2267 1458 2324 foramine
1487 2285 1501 2325 :
1535 2281 1709 2340 neque
1734 2267 1787 2321 in
1826 2267 2088 2338 angustiis

486 2375 732 2418 cavernae
759 2362 1144 2432 exiguissimac,
1194 2362 1360 2431 recipi
1389 2363 1590 2432 poterit
1628 2360 1824 2417 bellua:
1852 2357 2087 2430 ingentis
2125 2432 2128 2434 γ

484 2451 807 2509 infortnitas.
837 2454 949 2510 Sed
971 2455 1024 2510 in
1049 2455 1342 2526 primordio
1366 2455 1486 2511 libri
1512 2458 1656 2526 (cap.
1685 2454 1742 2521 2,
1767 2465 1822 2508 tt.
1871 2452 1957 2526 2),
1988 2450 2089 2509 sub

483 2547 680 2601 vestitu
709 2545 992 2614 Johannis,
1026 2548 1078 2602 in
1110 2547 1318 2603 camelo
1349 2557 1539 2617 gentes
1563 2545 1854 2617 signiﬁcari
1904 2546 2092 2602 admo-

484 2643 724 2695 animus.
759 2641 928 2697 Pecus
949 2643 1092 2696 enim
1115 2641 1220 2697 hoc
1245 2642 1320 2713 (et)
1349 2642 1524 2697 verbis
1548 2642 1753 2709 obedit,
1785 2650 1933 2697 metu
1960 2655 2089 2697 con-

485 2734 710 2800 tinetur,
737 2735 930 2806 jejunii
959 2736 1169 2806 patiens
1198 2741 1303 2803 est,
1337 2743 1391 2790 et
1415 2734 1569 2790 oneri
1593 2749 1690 2790 suo
1712 2734 1944 2806 quadam
1974 2733 2088 2790 dis-

486 2828 698 2900 ciplina:
738 2831 949 2889 ratione
977 2831 1274 2888 Succumbit
1300 2849 1314 2884 :
1343 2832 1500 2902 cujus
1527 2829 1811 2901 exemplo,
1842 2831 2088 2900 gentium

486 2921 794 2977 immanitas
837 2924 903 2978 ad
950 2925 1314 2981 obedientiam
1356 2931 1753 2996 praeceptorum
1781 2921 2091 2980 cuslestium

489 3017 780 3072 emollitur.
817 3017 908 3073 Hac
936 3019 1096 3090 igitur
1126 3019 1563 3092 angustissimum
1593 3022 1697 3078 iter
1722 3021 1874 3093 regni
1900 3021 2087 3076 coales-

483 3108 556 3163 tis
583 3109 857 3166 introeunt
897 3127 912 3164 :
958 3127 1089 3168 acus
1117 3112 1345 3179 scilicet,
1374 3127 1492 3183 qua:
1524 3119 1610 3168 est
1640 3111 1790 3168 verbi
1838 3109 1914 3184 (b)
1962 3112 2091 3166 n’ovi

2196 1905 2383 1959 Deum.
2433 1902 2698 1975 Numquid
2745 1902 2887 1974 apud
2919 1901 3166 1958 humincs
3206 1901 3560 1972 impossibilia
3612 1911 3792 1969 erant,

2190 2005 2311 2066 quae
2338 2001 2396 2052 et
2423 1995 2667 2064 Apostoli
2695 1995 2889 2051 fecisse
2915 2009 2974 2050 se
3011 1994 3337 2066 gloriantur,
3368 2004 3425 2050 et
3468 1994 3666 2050 fecisse
3698 2003 3796 2051 eos

2193 2087 2450 2143 Dominus
2473 2089 2750 2158 agnoscit:
2780 2098 2835 2142 et
2859 2083 3118 2157 deinceps
3145 2083 3327 2156 plures
3354 2097 3524 2156 usque
3551 2082 3620 2141 ad
3649 2096 3796 2142 mar-

2190 2175 2316 2251 tyrii
2345 2177 2733 2235 beatitudinem
2764 2189 2948 2234 essent
2975 2179 3155 2234 omnia
3179 2177 3465 2232 relicturi?
3492 2173 3599 2234 Aut
3631 2189 3798 2233 num-

2189 2271 2320 2342 quid
2339 2275 2424 2327 est
2453 2270 2583 2338 Deo,
2611 2282 2717 2344 quo
2755 2277 2916 2340 egere
2947 2270 3148 2341 possit;
3193 2269 3552 2340 relictumque
3577 2271 3648 2324 sit
3685 2269 3789 2323 ali;

2189 2364 2342 2435 quid,
2371 2363 2514 2435 quod
2543 2361 2625 2435 ’(ά)
2652 2363 2862 2435 jactura
2891 2375 3070 2419 rerum
3100 2377 3234 2433 quas
3257 2361 3449 2418 habeat
3473 2364 3545 2417 sit
3566 2373 3795 2432 sequens

2189 2456 2342 2522 dum,
2389 2467 2446 2512 ut
2487 2456 2590 2512 soli
2623 2447 2722 2526 ipsi
2751 2455 2854 2511 hoc
2903 2453 3082 2511 facere
3126 2453 3381 2526 possibile
3426 2454 3536 2509 sit?
3589 2454 3787 2511 Omnis

2192 2549 2374 2622 itaque
2396 2549 2484 2606 hic
2508 2559 2687 2605 sermo
2715 2555 2798 2604 est
2827 2549 3107 2619 spiritalis.

2266 2646 2319 2699 5.
2362 2643 2622 2715 Apostolis
2667 2643 2776 2699 sine
2822 2641 2955 2713 Lege
3007 2643 3150 2697 salus
3199 2642 3344 2697 nulla
3386 2641 3678 2696 videbatur.
3730 2671 3806 2682 —

2194 2735 2436 2807 Apestoli
2485 2736 2631 2792 enim
2680 2735 2992 2805 spiritaliter
3035 2735 3360 2800 audientes,
3419 2736 3690 2790 neminem
3725 2751 3794 2790 ex

2193 2829 2310 2900 lege
2343 2841 2502 2899 posse
2547 2826 2766 2893 salvari,
2797 2824 2869 2898 (e)
2896 2841 3017 2882 cum
3066 2825 3167 2898 ipsi
3215 2830 3380 2882 etiam
3432 2837 3560 2880 tunc
3587 2827 3642 2881 in
3672 2826 3792 2897 lege

2191 2933 2402 2986 essent;
2437 2935 2559 2976 nam
2601 2921 2894 2975 vehemens
2936 2933 3032 2975 eos
3061 2931 3214 2974 amor
3241 2917 3375 2989 legis
3403 2915 3663 2989 farorque
3695 2916 3798 2972 de-

2192 3016 2351 3071 tinuit
2381 3031 2393 3069 :
2425 3014 2478 3068 hi
2507 3013 2685 3085 igitur.
2721 3011 2959 3067 nondum
2992 3011 3210 3082 penitus
3231 3009 3527 3080 evangelici
3549 3007 3800 3080 mysterii

2195 3108 2422 3163 veritate
2463 3113 2759 3176 comperta,
2805 3111 3055 3159 metuunt
3101 3102 3372 3158 nemiuem
3419 3101 3634 3156 salvum
3666 3115 3797 3156 esse

484 3199 822 3268 praedicatio,
871 3211 970 3270 per
998 3218 1160 3272 quam
1188 3217 1478 3274 corporum
1509 3204 1734 3260 volnera
1775 3209 2087 3270 assuuutur,
2119 3191 2166 3261 C
2199 3211 2356 3269 posse
2383 3197 2500 3253 sine
2531 3196 2648 3266 lege
2678 3211 2692 3253 :
2725 3196 2848 3265 quia
2877 3207 3092 3250 omnem
3130 3193 3360 3248 salutem
3387 3193 3714 3273 etiamtunc
3743 3193 3797 3245 in

487 3298 544 3347 et
567 3291 772 3347 dissuta
798 3294 1028 3348 vestium
1055 3302 1392 3361 retexuntur,
1424 3305 1479 3349 et
1505 3309 1651 3350 mors
1671 3295 1786 3365 ipsa
1825 3309 2090 3366 compun-

485 3383 652 3452 gitnr.
686 3381 826 3454 Ergo
858 3383 1016 3454 hujus
1060 3401 1212 3440 novae
1241 3385 1637 3456 prindicationis
1683 3384 1787 3440 hoc
1835 3387 1942 3440 iter
1966 3395 2086 3440 cst:

485 3472 541 3528 in
569 3475 713 3545 quod
741 3476 950 3531 facilius
996 3476 1301 3531 infortnitas
1337 3476 1578 3548 gentium
1623 3473 1895 3546 introibit,
1930 3491 2091 3548 quam

490 3567 764 3637 opulentia
790 3567 991 3636 divitis,
1026 3569 1078 3624 id
1109 3576 1212 3635 est,
1243 3568 1523 3640 gloriantis
1551 3569 1603 3625 in
1639 3569 1782 3640 lege.

996 3701 1157 3774 765
1195 3700 1420 3758 CAPUT
1463 3691 1590 3758 XX.

493 3816 575 3871 De
611 3834 702 3888 spe
727 3817 1076 3889 apostolorum
1099 3858 1114 3884 ,
1147 3818 1212 3872 de
1257 3819 1541 3873 novissimis
1565 3821 1749 3891 prioris
1796 3821 2088 3890 efﬁciendis.

572 3908 670 3964 Ubi
696 3909 1051 3964 conducuntur
1079 3912 1302 3982 operarii
1327 3913 1394 3964 ad
1427 3913 1642 3966 vineam.
1678 3911 1756 3968 De
1784 3914 2096 3984 ﬁliis‘Zebe-

568 3999 687 4065 dtei,
719 4001 781 4056 de
808 4003 975 4071 primo
995 4003 1257 4072 accubitu,
1290 4005 1353 4058 de
1377 4003 1576 4060 duobus
1608 4007 1756 4060 caecis
1785 4023 1930 4061 secus
1958 4009 2094 4061 viam

568 4094 879 4150 sedentibus.

573 4213 624 4266 1.
688 4212 904 4269 Summa
948 4214 1080 4270 sacri
1123 4221 1308 4271 textus.
1351 4243 1422 4255 —-
1465 4213 1675 4269 Auditis
1721 4211 1904 4285 itaque
1949 4215 2089 4282 istis,

501 4302 746 4375 discipuli
787 4307 1118 4362 admirantur
1161 4317 1220 4364 et
1247 4315 1512 4374 metuunt,
1545 4308 1787 4364 dicentes
1816 4308 2092 4364 neminem

495 4414 658 4470 posse
697 4401 892 4455 salvari
945 4399 1034 4474 (υ.
1091 4401 1266 4458 25-50
1295 4403 1334 4472 ).
1368 4401 1625 4456 Dominus
1662 4401 1965 4471 respondit,
1990 4401 2093 4455 hoc

493 4493 827 4562 impossibile
854 4507 975 4550 esse
998 4495 1138 4564 apud
1167 4496 1432 4559 homines,
1460 4496 1709 4564 possibile
1732 4493 1873 4565 apud
1899 4494 2087 4550 Deum.

2195 3289 2316 3360 iege
2343 3287 2690 3345 constituant.
2717 3285 2827 3344 Sed
2859 3286 3121 3342 Dominus
3149 3285 3299 3341 brevi
3329 3284 3685 3356 absolutaque
3715 3295 3803 3339 ra-

2195 3381 2364 3449 tione,
2413 3381 2728 3438 eorumdem
2773 3389 2829 3436 et
2871 3379 3229 3450 ignorantiam
3278 3389 3334 3434 et
3378 3385 3580 3434 dictum
3611 3375 3797 3443 solvit,

2197 3475 2400 3541 dicens,
2437 3472 2551 3528 Hoc
2578 3473 2782 3544 quidem
2811 3471 3129 3542 impossibile
3151 3481 3226 3526 est
3251 3470 3390 3541 apud
3421 3469 3653 3524 homines
3678 3483 3799 3540 pos-

2196 3571 2343 3626 sibila
2369 3579 2539 3624 autem
2569 3567 2710 3640 apud
2747 3567 2924 3623 Deum.
2953 3565 3093 3635 Quid
3122 3567 3266 3621 enim
3298 3564 3489 3619 Iudaeo
3530 3575 3637 3618 tam
3683 3560 3803 3620 sine

2197 3663 2391 3720 ellcctu
2416 3663 2644 3730 videtur,
2675 3659 2742 3734 (f)
2768 3671 2823 3716 ut
2845 3661 2912 3727 ab
2939 3659 3159 3715 homine
3185 3660 3356 3730 magis
3383 3655 3548 3730 7“
3570 3657 3801 3713 salutem

2197 3757 2533 3826 exspectanti
2580 3762 2636 3810 et
2679 3771 2748 3809 ex
2781 3754 2918 3824 lege,
2952 3765 3112 3823 quam
3144 3759 3202 3806 ut
3230 3751 3283 3806 in
3315 3754 3493 3806 crucis
3534 3750 3794 3806 seandalo

2200 3847 2484 3918 legislatio,
2531 3854 2586 3903 et
2614 3839 3021 3912 testamentum,
3070 3853 3124 3900 et
3153 3842 3392 3914 adoptio,
3427 3851 3481 3898 et
3508 3840 3805 3898 bmreditas

2203 3940 2501 4011 negligatur
2531 3937 2648 4009 (g)?
2675 3936 2818 4004 Quid
2845 3944 3026 3992 autem
3059 3935 3154 3990 Dei
3191 3933 3377 3990 virtuti
3409 3943 3517 3989 tam
3541 3933 3803 4004 possibile

2198 4041 2278 4086 cst
2302 4070 2318 4097 ,
2367 4045 2528 4101 qnam
2583 4037 2642 4084 ut
2681 4044 2776 4100 per
2815 4027 2976 4083 tidem
3007 4027 3198 4093 salvet,
3234 4035 3292 4080 ut
3339 4040 3436 4097 per
3473 4037 3666 4096 aquam
3716 4041 3803 4082 re-

2195 4129 2441 4195 generet,
2493 4131 2548 4178 ut
2590 4135 2690 4192 per
2735 4135 2949 4177 crucem
2994 4121 3214 4184 vincat,
3273 4127 3330 4173 ut
3376 4133 3473 4188 per
3501 4117 3797 4188 Evangelia

2197 4215 2417 4288 adoptet
2443 4257 2456 4280 ,
2533 4221 2592 4270 ut
2635 4229 2732 4287 per
2795 4213 3247 4270 resurrecu‘onem
3300 4225 3368 4269 ex
3424 4220 3598 4268 morte
3651 4213 3791 4268 vivi-

2195 4309 2321 4367 licet
2344 4307 2367 4365 τ

2265 4407 2320 4460 4.
2369 4401 2700 4477 Regeneratio
2723 4399 2864 4472 quid.
2897 4399 3213 4455 Centesimus
3236 4404 3455 4471 fructus.
3493 4429 3562 4439 -—
3592 4397 3806 4466 Quibus

2194 4497 2388 4553 auditis
2405 4497 2635 4566 apostoli
2661 4496 2768 4552 cito
2786 4493 3036 4560 credunt,
3057 4507 3284 4564 seseque
3303 4493 3485 4548 omnia
3510 4493 3805 4563 reliquisse

496 4585 728 4640 Rursum
764 4587 841 4641 illi
885 4587 1045 4642 dictis
1078 4589 1288 4642 Domini
1333 4587 1453 4642 haec
1503 4587 1734 4642 reddunt
1761 4605 1774 4641 τ
1803 4587 2087 4657 reliquisse
2119 4577 2169 4647 Ι)
2197 4593 2531 4659 prolitcntnr.
2569 4589 2678 4646 Sed
2727 4588 2865 4645 hanc
2892 4601 3077 4644 eorum
3125 4585 3488 4643 obedientiam
3543 4592 3653 4644 cito
3699 4585 3809 4642 Do-

495 4693 556 4733 se
581 4681 779 4743 omnia,
811 4689 866 4734 et
908 4695 1033 4734 cum
1064 4681 1177 4751 ipso
1216 4693 1356 4736 esse.
1386 4680 1592 4749 Quibus
1637 4681 1917 4745 Dominus,
1963 4693 2085 4734 cum

493 4773 698 4827 sederit
723 4773 776 4826 in
808 4772 1103 4843 majeStatis
1131 4787 1241 4828 sum
1282 4773 1433 4838 sede,
1467 4787 1714 4828 sessui-os
1741 4783 1902 4843 super
1934 4774 2091 4829 sedes

495 4862 780 4922 duodecim
805 4907 822 4934 ,
863 4879 927 4921 ac
955 4867 1180 4922 totidem
1210 4866 1380 4922 tribus
1410 4865 1575 4922 lsrael
1599 4863 1934 4936 iudicaturos
1959 4875 2086 4938 spo-

595 5033 646 5104 a)
687 5032 814 5089 Bad.
844 5043 899 5090 et
919 5033 1011 5090 Er.
1043 5031 1331 5089 uerberibus
1362 5032 1548 5104 obedit.

599 5099 648 5173 b)
691 5105 975 5161 Vaticanus
1002 5107 1170 5162 codex
1198 5107 1337 5177 apud
1359 5101 1655 5172 Latinium,
1687 5111 1816 5157 nava
1835 5099 2086 5174 praedica-

498 5175 593 5240 tio,
625 5177 814 5230 eodem
845 5194 1025 5230 sensu.

572 5245 649 5320 (c)
685 5246 741 5320 In
773 5261 902 5301 mss.
930 5249 1015 5302 hic
1041 5248 1318 5320 dumtaxat
1343 5245 1627 5320 inchoatur
1659 5252 1820 5314 caput
1844 5243 1938 5300 20.

571 5317 652 5388 (d)
693 5319 814 5373 Par.
849 5333 968 5372 cum
1003 5335 1103 5373 ms.
1130 5318 1352 5373 Carnut.
1387 5317 1522 5385 quod
1543 5318 1586 5371 ei
1602 5320 1832 5388 jactura.

573 5385 643 5459 (ej
683 5389 1078 5444 Luctionarimn
1111 5407 1210 5442 ins.
1241 5389 1492 5459 Gvrtnan.
1528 5385 1642 5442 cuin
1666 5398 1817 5442 etiam
1847 5385 1945 5455 ipsi
1988 5401 2091 5459 non

495 5457 862 5515 intellexissent
907 5475 1071 5514 :nam
1113 5459 1396 5514 vehemens.
1448 5458 1695 5529 Apostoli
1739 5461 1989 5513 dicuntur
2037 5457 2092 5511 in

497 5533 830 5604 legerati‘ectu
863 5530 1086 5586 γενεαί-ἰ.

575 5599 643 5674 (ῃ
684 5602 740 5658 In
773 5605 1018 5674 vulgatis,
1051 5599 1390 5674 quamutab
1434 5601 1638 5655 herniae
1680 5599 1850 5674 magis
1866 5600 2092 5674 Salutem

505 5671 726 5750 expetat,
756 5671 906 5750 quam
934 5690 996 5729 ex
1026 5675 1134 5750 lege
1163 5688 1179 5727 :
1213 5671 1377 5750 lectio
1410 5674 1589 5750 verbis
1626 5671 1956 5750 ‘m'attgelitrﬁs
1985 5683 2093 5723 non

503 5740 635 5799 satis
665 5740 1016 5815 respondens.
1042 5740 1101 5799 in
1135 5741 1404 5798 nonnullis
1423 5745 1644 5815 mss._u‘t
1673 5740 1733 5815 ab
1761 5740 1968 5815 flamine
1991 5757 2094 5815 ma-

506 5815 584 5884 gis
608 5805 821 5872 salutem
841 5825 1096 5887 exspectat
1121 5831 1275 5887 quam
1297 5831 1360 5872 ex
1381 5815 1508 5885 lege.
1533 5813 1649 5871 Non
1663 5805 1919 5881 dispncet
1941 5811 2090 5880 ’tfood

2197 4685 2374 4741 minus
2419 4692 2756 4748 numeratur,
2810 4695 3026 4736 onmem
3077 4679 3452 4736 difﬁcultatem
3496 4679 3798 4750 superioris

2196 4775 2509 4849 quaestiunis
2538 4775 2845 4837 absolvens.
2893 4785 3014 4828 cum
3045 4771 3213 4827 dicit:
3257 4770 3358 4825 Vos
3380 4773 3469 4841 qui
3489 4773 3648 4825 secuti
3674 4773 3801 4824 estis

2194 4885 2275 4925 me
2325 4865 2404 4941 (It)
2449 4867 2502 4922 in
2544 4865 2924 4940 regeneratione
2964 4863 3270 4938 judicabitis
3330 4859 3600 4918 duodecim
3641 4861 3809 4918 tribus

2198 5030 2253 5086 in
2285 5029 2404 5083 allis
2434 5025 2686 5097 quinque,
2724 5034 2781 5079 ut
2807 5023 3003 5079 homini
3033 5026 3194 5096 magis
3233 5021 3452 5097 salutem
3480 5025 3807 5092 exspectanti

2199 5117 2263 5155 ex
2288 5095 2928 5170 lege;‘sithte_secundis
2969 5095 3129 5170 curis
3156 5095 3451 5170 repositum
3500 5101 3583 5170 est
3609 5097 3663 5147 in
3696 5107 3803 5150 ms.

2199 5162 2403 5226 ano'n.
2420 5162 2520 5240 ’qui
2541 5162 2575 5223 εἰ
2597 5168 2764 5238 prima
2793 5180 2952 5222 manu
2973 5162 3305 5240 przel'ei‘t,'ut_
3323 5164 3385 5218 ab
3406 5162 3634 5240 homine,
3666 5173 3804 5240 etc.,

2199 5253 2246 5297 et
2297 5257 2360 5295 ex
2405 5231 2715 5313 'le'gerqme
2749 5241 2906 5313 lectio
2955 5231 3212 5313 integrior
3261 5237 3527 5313 vi.~a_est.
3579 5231 3809 5313 Indicus

2201 5314 2399 5383 quippe
2448 5306 2576 5383 nihil
2614 5306 2820 5380 praeter
2852 5306 3088 5381 Moysen,
3113 5309 3336 5378 ejusque
3381 5306 3558 5376 legem
3585 5307 3808 5383 ‘audit‘e

2200 5375 2409 5448 \loléns,
2441 5393 2492 5436 et
2523 5381 2590 5435 ab
2622 5375 2838 5434 ltdtttin'e
2859 5375 3082 5434 salutent
3113 5375 3389 5447 exspectat
3414 5375 3468 5441 et
3497 5387 3560 5430 ex
3582 5375 3725 5448 lege.

2276 5458 2353 5526 (g)
2396 5445 2628 5526 Yerliuin
2661 5455 2969 5526 _negli‘gotur
3016 5445 3409 5526 ontitttt‘prima
3459 5445 3804 5526 editio‘Par.

2199 5518 2444 5580 lloc'sibi
2475 5527 2603 5589 vult,
2655 5518 2842 5577 Julia-t3
2871 5523 3090 5576 stultum
3126 5518 3314 5584 vidi-ri,
3350 5528 3408 5573 ut
3434 5525 3611 5572 crucis
3643 5525 3807 5574 serm-

2198 5595 2379 5666 dalum
2405 5593 2726 5666 praeferatur
2771 5595 3011 5666 religioni
3065 5603 3576 5666 patrum,_qoorum
3607 5599 3808 5644 secun-

2199 5669 2324 5722 dum
2353 5661 2667 5736 Aposwlutn
2691 5663 2848 5720 llam.
2868 5661 2942 5729 ix,
2983 5661 3038 5732 4,
3065 5661 3152 5719 est
3183 5661 3474 5733 legistatlo,
3506 5666 3804 5716 testamen-

2197 5745 2335 5794 tum.
2363 5749 2469 5794 etc.

2271 5777 2564 5880 i'h’f'vvdces
2607 5807 2661 5862 in
2703 5805 3081 5878 regnantibus
3119 5805 3174 5860 in
3219 5801 3375 5873 prius
3413 5797 3647 5872 Vulgatls
3675 5807 3802 5857 cum
