4172 6188
499 278 632 339 1051

1636 280 1646 334 .
1692 276 1938 338 SANCTI
1976 279 2234 339 HILABII
2274 279 2586 340 EPISCOPI

3663 281 3809 342 1032

499 391 614 447 titia
641 389 1042 463 consequitur):
1074 390 1408 449 conﬁrmatis
1439 389 1645 450 scilicet
1672 394 1952 464 superiore
1979 409 2096 451 ser-
2122 406 2177 465 Α
2273 395 2360 451 10.
2388 395 2489 464 Qui
2513 393 2752 451 destinati
2771 394 2901 463 sint,
2933 402 2988 451 ut
3009 394 3215 452 Christo
3259 393 3315 450 in
3350 411 3509 468 regno
3546 399 3802 457 assidant.

499 498 680 547 mone,
715 497 809 552 per
839 482 997 538 ﬁdem
1029 487 1204 539 crucis
1231 485 1552 541 novissimos
1603 487 1804 556 primos
1860 487 2093 553 futuros;

501 572 754 628 divitibus
783 582 962 630 autem
986 615 1000 641 ,
1033 575 1084 630 id
1108 576 1272 648 768
1297 585 1398 645 est,
1431 577 1830 636 conlidentibus
1861 579 1936 652 (a)
1969 581 2101 652 legis

505 667 559 722 in
583 667 825 723 eamdem
867 685 1084 725 crucem
1112 670 1632 742 scaudalizanlibus,
1658 673 1858 729 invium
1889 675 1991 730 iter
2016 690 2102 731 re-

500 757 592 828 gni
632 758 890 814 cmlorum
916 759 1173 816 futurum.

574 851 628 907 9.
657 851 886 908 Zebedwi
915 855 1143 924 ﬁliorum
1169 864 1353 924 mater,
1375 857 1493 924 leas;
1514 858 1614 929 ﬁlii
1641 861 1774 932 ejus,
1794 858 1972 915 Judwi
1995 876 2104 916 cre-

507 943 782 999 dentes.—
806 945 948 1000 Tunc
975 949 1188 1003 accessit
1211 950 1278 1002 ad
1307 965 1420 1004 cum
1435 961 1595 1004 ntater
1615 951 1844 1020 ﬁliorum
1873 952 2105 1006 Zebedaei

507 1052 623 1090 cum
651 1037 774 1106 ﬁliis
791 1038 926 1104 suis,
952 1049 1008 1094 et
1037 1039 1242 1111 reliqua
1282 1039 1456 1114 (Ibid.
1485 1040 1609 1113 20).
1643 1041 1760 1097 Non
1785 1044 1903 1099 sine
1923 1043 2105 1114 aliquo

508 1139 790 1186 momento
818 1147 998 1187 rerum
1052 1133 1122 1188 ita
1177 1132 1430 1188 effectum
1481 1135 1647 1190 tuisse
1688 1135 2107 1191 existimandum

509 1231 589 1277 est
615 1263 628 1288 ,
656 1233 717 1278 ut
743 1234 916 1280 mater
941 1223 1175 1280 ﬁliorum
1207 1226 1455 1283 Zebedtei
1508 1229 1792 1286 Dominum
1846 1230 2106 1299 depreca-

513 1323 684 1370 retur.
714 1316 982 1389 Numquid
1005 1328 1058 1374 et
1087 1317 1210 1372 ﬁliis
1242 1319 1457 1390 petendi
1475 1319 1807 1376 familiaritas
1829 1335 1936 1376 non
1953 1320 2109 1377 erat?

514 1407 620 1464 Sed
658 1419 778 1464 erat
819 1422 1093 1480 gestorum
1137 1410 1418 1469 ellectibus
1458 1415 1908 1485 pr0pbetandum.
1961 1415 2110 1486 Apoc

515 1499 641 1555 stoli
668 1501 884 1572 quidem
908 1504 1020 1573 jam
1045 1519 1110 1558 ex
1139 1507 1254 1575 lege
1282 1505 1657 1573 crediderant,
1690 1522 1810 1578 quae
1839 1521 1934 1564 eos
1965 1507 2018 1563 in
2048 1507 2110 1562 ﬁ-

515 1592 638 1650 dem
661 1595 1026 1666 evangelicam
1055 1596 1376 1654 nutriverat.
1409 1598 1592 1670 Itaque
1649 1599 1702 1654 iu
1742 1609 1915 1655 matre
1969 1599 2108 1655 lilio-

515 1703 636 1743 rum
658 1687 905 1745 Zebedrei
935 1691 1020 1746 lex
1048 1690 1360 1762 intelligitur
1414 1708 1535 1763 quae
1557 1693 1885 1750 conﬁdentia
1941 1693 2112 1764 privi-

2205 487 2270 542 Et
2293 487 2508 557 quidem
2531 528 2546 554 ,
2579 495 2839 558 quantum
2864 488 3210 554 arbitramur,
3240 489 3316 543 ita
3344 489 3522 544 honor
3552 489 3656 546 iste
3677 493 3801 548 aliis

2203 591 2288 636 est
2310 591 2644 648 reservatus,
2670 582 2814 652 quod
2837 590 3017 638 tamen
3040 597 3140 638 nec
3169 582 3405 653 apostoli
3440 583 3508 639 ab
3537 599 3604 639 eo
3643 595 3808 642 erunt

2203 672 2366 728 alieni
2394 692 2408 728 :
2437 674 2510 746 (c)
2535 675 2624 744 qui
2654 675 2706 728 in
2734 674 3020 730 duodecim
3053 674 3481 746 patriarcharum
3510 677 3642 733 sede
3665 679 3804 734 c'on-

2205 764 2446 822 sidentes
2472 809 2485 832 ,
2510 766 2766 822 lsraclem
2808 765 3152 836 judicabant.
3187 765 3258 822 Et
3283 775 3544 837 quantum
3598 770 3811 826 sentire

2205 873 2274 913 ex
2302 858 2434 928 ipsis
2456 858 2763 929 Evangeliis
2788 857 2948 924 licet,
3003 858 3055 912 in
3087 873 3254 928 regno
3283 858 3544 914 cmlorum
3591 859 3811 931 Moyses

2206 958 2262 1005 et
2294 950 2438 1005 Elias
2463 950 2800 1005 assidehunt.
2825 949 2960 1005 Nam
2977 964 3098 1006 cum
3121 949 3505 1020 spopondisset
3523 952 3806 1020 Dominus,

2211 1045 2425 1098 visuros
2472 1043 2735 1115 quosdam
2779 1043 2845 1098 de
2912 1043 3204 1114 apostolis,
3249 1052 3534 1114 antequam
3576 1053 3809 1100 mortem

2208 1143 2519 1206 gustarem,
2551 1133 2720 1190 ﬁlium
2755 1135 2987 1190 hominis
3015 1135 3323 1190 venientem
3371 1135 3424 1188 in
3470 1148 3640 1204 regno
3670 1149 3804 1202 suo;

2209 1227 2504 1298 assumptis
2526 1227 2687 1282 Petro
2707 1235 2760 1281 et
2782 1224 2985 1281 Jacobo
3007 1234 3062 1280 et
3089 1223 3359 1291 Johanne,
3385 1227 3633 1295 apparuit
3648 1226 3812 1298 769

2209 1336 2333 1376 cum
2364 1321 2553 1392 gloria:
2601 1331 2714 1375 suae
2749 1320 2966 1386 habitu,
3018 1319 3203 1390 Moyse
3243 1329 3298 1375 et
3342 1319 3457 1374 Elia
3515 1320 3571 1375 in
3627 1333 3812 1377 monte

2211 1413 2595 1468 comitantibus
2626 1411 3128 1483 (Mattlt.xw,28).
3185 1410 3254 1465 Et
3298 1411 3398 1466 hos
3449 1411 3668 1482 quidem
3693 1429 3815 1470 eos~

2213 1505 2336 1560 dem
2394 1505 2686 1574 prophetas
2738 1504 2874 1559 duos
2922 1502 3318 1573 prmvcnientes
3356 1503 3647 1559 adventum
3694 1505 3815 1576 ejus

2215 1610 2336 1652 esse
2378 1595 2749 1668 intelligimus,
2779 1611 2914 1668 quos
2943 1595 3297 1668 Apocalypsis
3318 1595 3580 1653 Johannis
3625 1598 3721 1668 (tu,
3755 1599 3815 1669 7)

2215 1689 2284 1744 ab
2336 1689 2654 1745 antichristo
2703 1689 3048 1760 perimendos
3097 1705 3220 1745 esse
3261 1690 3440 1745 dicit:
3475 1691 3602 1746 licet
3649 1693 3820 1747 varia

517 1779 644 1851 legii
665 1782 745 1836 sui
769 1796 867 1851 pro
892 1783 1241 1838 credentibus
1291 1799 1357 1839 ex
1402 1799 1462 1840 se
1504 1785 1715 1854 p0pulis
1766 1785 2106 1856 deprecatur.
2141 1783 2299 1861 Bvel
2326 1782 2392 1838 de
2416 1783 2634 1848 Enoch,
2680 1785 2766 1839 vel
2817 1783 2885 1840 de
2913 1783 3182 1855 pleremia,
3241 1784 3600 1855 plurimorum
3644 1785 3820 1840 exsti-

518 1872 649 1938 Qum
679 1874 803 1944 quia
835 1875 1084 1944 superius
1116 1875 1362 1932 audierat
1390 1877 1598 1948 primos
1641 1879 2004 1948 novissimos,
2056 1888 2115 1936 et

521 1967 848 2023 novissimos
876 1969 1078 2039 primos
1101 1969 1346 2036 futuros;
1396 1970 1596 2027 deferri
1627 1971 1752 2027 ﬁliis
1799 1974 1913 2029 suis
1965 1981 2115 2042 orat,

521 2071 581 2116 ut
604 2061 656 2116 in
684 2061 895 2117 Domini
920 2077 1086 2133 regno
1107 2079 1245 2118 unus
1272 2063 1338 2118 ad
1385 2064 1660 2120 dexteram
1709 2066 1828 2135 ejus
1881 2065 2069 2123 sedeat
2099 2109 2116 2136 ,

520 2156 660 2211 alius
688 2155 756 2210 ad
785 2155 1066 2211 sinistram
1097 2155 1290 2228 (lbid.,
1319 2155 1438 2228 21).
1470 2158 1568 2213 Cui
1599 2159 1860 2214 Dominus
1889 2174 2120 2230 respon-

519 2247 634 2316 dit,
654 2249 865 2304 nescire
894 2263 1014 2304 eam
1039 2249 1164 2319 quid
1187 2257 1308 2305 oret
1334 2249 1521 2322 (lbid.,
1551 2249 1666 2323 22).
1710 2249 1856 2306 Nihil
1899 2252 2118 2323 quidem

522 2339 592 2397 de
619 2341 791 2412 gloria
818 2342 1188 2412 apostolorum
1236 2341 1631 2414 ambigebatur,
1685 2354 1741 2399 et
1783 2344 2120 2415 judicaturos

523 2449 620 2490 eos
657 2449 840 2491 sermo
865 2433 1114 2504 superior
1136 2437 1407 2506 exposuit.
1436 2436 1678 2506 Denique
1720 2437 1774 2492 in
1800 2437 1981 2494 medio
2005 2453 2122 2494 ser-

525 2541 688 2583 mone
713 2542 780 2582 an
807 2526 1030 2582 calicem
1085 2539 1241 2582 suum
1291 2537 1512 2597 possent
1559 2527 1750 2584 bibere
1801 2529 2119 2601 interrogat.

523 2617 644 2675 Non
671 2623 855 2691 utique
881 2622 950 2679 de
972 2620 1277 2677 communis
1308 2620 1488 2691 poculi
1538 2635 1737 2692 genere
1763 2621 2117 2693 loquebatur;

525 2731 702 2788 neque
730 2715 874 2773 enim
895 2717 1048 2772 labor
1068 2725 1152 2772 est
1175 2714 1361 2772 bibere
1407 2713 1475 2770 de
1503 2715 1673 2771 calice
1710 2732 1722 2768 :
1755 2715 1849 2771 sed
1908 2715 2002 2772 ille
2053 2715 2124 2772 de

525 2809 699 2865 calice
720 2809 1043 2864 sacramenti
1066 2807 1335 2880 passionis
1383 2808 1700 2878 interrogat.
1758 2808 1829 2865 At
1881 2807 1993 2875 illi,
2031 2807 2124 2879 qui

517 2901 630 2972 jam
662 2901 905 2974 martyrii
929 2902 1236 2958 libertatem
1257 2901 1730 2972 constantiamque
1775 2901 2119 2972 retinebant,

524 2997 792 3055 bibituros
818 3013 878 3055 se
901 2999 1245 3070 pollicentur.
1270 2999 1532 3054 Dominus
1575 3000 1894 3056 collaudans
1934 3012 2122 3054 eorum

527 3088 690 3146 ﬁdem
721 3090 826 3160 ait,
851 3091 1110 3164 martyrio
1136 3091 1352 3162 quidem
1379 3107 1474 3148 eos
1502 3105 1685 3148 secum
1706 3093 1943 3162 compati
1993 3104 2123 3161 pos-

2223 1876 2386 1932 terint
2411 1875 2728 1947 opiniones,
2762 1876 2905 1948 quod
2935 1878 3166 1932 alterum
3199 1891 3387 1932 eorum
3445 1877 3587 1932 sicut
3636 1876 3823 1933 Eliam

2221 1969 2361 2026 mori
2387 1981 2652 2042 oporteat.
2679 1971 2784 2028 Sed
2814 1987 2924 2026 non
2981 1985 3269 2043 possumus
3324 1970 3567 2026 veritatis
3620 1969 3821 2038 ﬁdem,

2221 2079 2380 2133 quam
2411 2064 2669 2119 Dominus
2697 2063 2867 2120 tribus
2889 2063 3259 2133 superioribus
3285 2063 3511 2119 testibus
3533 2064 3822 2131 revelavit,

2222 2171 2415 2212 sensus
2444 2158 2613 2214 nostri
2666 2157 2924 2229 opinione
2976 2171 3328 2228 corrumpere
3375 2173 3389 2209 :
3448 2173 3626 2228 neque
3676 2159 3821 2214 alios

2225 2259 2484 2307 venturos
2505 2251 2857 2316 existimare,
2891 2267 3052 2322 quam
3081 2252 3171 2322 qui
3200 2249 3269 2305 ad
3299 2251 3646 2320 sponsionem
3700 2250 3830 2308 ﬁdei

2224 2343 2438 2398 venisse
2467 2344 2742 2414 conspecti
2773 2352 2919 2398 sunt.
2945 2342 3015 2396 Et
3038 2356 3365 2413 quamquam
3415 2342 3558 2397 ultra
3599 2357 3832 2414 evange-

2223 2436 2382 2493 licam
2405 2436 2684 2493 veritatem
2713 2452 2820 2491 non
2865 2425 3091 2492 necesse
3119 2436 3193 2491 sit
3219 2435 3432 2505 Opinari
3485 2451 3499 2487 :
3552 2447 3731 2492 tamen
3781 2437 3831 2493 si

2223 2533 2344 2601 quis
2369 2531 2740 2588 conditionem
2767 2539 2823 2586 et
2847 2530 3041 2586 mortis
3068 2528 3147 2601 (ά)
3177 2537 3234 2585 et
3257 2529 3551 2600 sepulturae
3575 2541 3630 2586 et
3650 2531 3832 2601 sepul-

2224 2621 2303 2676 cri
2331 2621 2499 2694 Moysi
2527 2622 2819 2694 diligenter
2841 2621 3176 2689 adverterit,
3203 2631 3257 2676 et
3282 2629 3619 2677 secretarum
3641 2622 3836 2693 Scrip-

2227 2716 2825 2783 turarum,secundum
2872 2715 3123 2786 Apostoli
3165 2715 3581 2783 auctoritatem,
3637 2716 3836 2788 cogni-

2226 2808 2426 2864 tionem
2459 2809 2687 2878 adeptus
2712 2810 2782 2864 sit
2809 2825 2824 2874 ;
2855 2807 3128 2880 intelliget
3154 2808 3335 2863 omnia
3364 2807 3438 2862 ita
3466 2822 3591 2863 esse
3626 2817 3836 2863 tracta-

2227 2907 2279 2953 ta
2307 2941 2322 2967 ,
2348 2909 2405 2954 ut
2426 2900 2637 2972 Moyses
2667 2902 2904 2970 potuerit
2945 2902 3058 2970 jam
3099 2898 3294 2956 videri.
3347 2900 3420 2956 Et
3455 2901 3573 2956 haec
3606 2901 3835 2971 quidem

2229 2993 2530 3050 instruendi
2552 3009 2712 3050 causa
2739 2995 2853 3050 sint
2871 2994 3034 3050 dicta.

2303 3088 2390 3143 il.
2426 3087 2726 3143 Vocationes
2753 3089 2870 3143 duce
2894 3106 2957 3144 ea:
2981 3087 3184 3144 Judwis
3204 3105 3224 3156 ;
3259 3089 3339 3144 his
3387 3090 3609 3160 apostoli
3651 3096 3840 3159 optant

526 3193 587 3234 se
610 3195 625 3246 ;
658 3180 755 3236 sed
783 3181 858 3254 (b)
890 3183 1044 3238 laevae
1071 3182 1190 3252 ejus
1221 3197 1284 3237 ac
1313 3181 1553 3239 dexterae
1595 3181 1836 3238 assidere
1859 3222 1875 3250 ,
1918 3181 2039 3237 aliis
2093 3193 2125 3234 a
2150 3192 2196 3257 ρ
2229 3181 2407 3252 gloria:
2427 3197 2535 3236 sua:
2559 3181 2892 3236 consortium.
2917 3211 2990 3222 -—
3010 3179 3282 3237 Caeterum
3309 3189 3368 3236 ut
3395 3181 3535 3237 ratio
3563 3181 3832 3262 spiritalis

529 3271 642 3328 Deo
669 3283 824 3342 patre
855 3273 1022 3329 fuisse
1042 3273 1362 3344 dispositum
1387 3273 1577 3346 (Ibid..
1608 3275 1724 3346 25).

601 3409 678 3483 (a)
706 3409 832 3484 S_ola
874 3408 1042 3484 editio
1092 3410 1215 3466 Par.
1271 3411 1392 3481 legi.
1435 3411 1657 3484 Aliquot
1702 3427 1836 3468 mss.
1887 3413 1942 3466 in
1985 3413 2116 3484 lege.

529 3480 666 3536 Tuin
710 3481 862 3536 Colb.
893 3493 948 3536 et
977 3482 1136 3538 Carn.
1192 3480 1837 3538 esse'scandalizantibus.
1879 3485 1960 3539 Ex
2012 3480 2122 3539 esse

529 3553 650 3624 quis
669 3552 1064 3608 conﬁciendum
1094 3561 1308 3621 putaret
1331 3571 1440 3608 sese
1463 3597 1478 3622 ,
1504 3555 1604 3608 nisi
1628 3556 1850 3609 verbum
1899 3555 2122 3609 scanda—

529 3623 800 3696 lizantibus
818 3666 833 3696 ,
866 3633 922 3679 et
947 3625 992 3678 si
1022 3625 1194 3680 aetive
1221 3639 1419 3681 sonans
1441 3669 1458 3693 ,
1487 3627 1700 3696 passive
1730 3635 1910 3680 tamen
1937 3627 2007 3681 ab
2030 3623 2124 3679 Hi-

529 3695 664 3751 lario
690 3695 1023 3751 intellectum
1048 3705 1322 3752 constaret
1367 3697 1455 3751 vel
1490 3695 1562 3751 ex
1618 3698 1718 3752 hoc
1767 3697 1958 3765 capitis
2011 3697 2122 3762 50,

531 3782 587 3838 η.
618 3767 654 3821 5
681 3782 694 3818 :
721 3765 910 3838 Petrus
941 3783 1034 3835 pro
1063 3767 1187 3838 ﬁdei
1233 3782 1342 3821 sua:
1380 3768 1550 3822 calore
1584 3768 1882 3838 respondit,
1927 3768 2125 3822 caneris

470 3855 482 3864 '
533 3837 650 3890 licet
675 3836 1179 3904 scandalizantibus,
1209 3853 1492 3907 numquam
1539 3855 1592 3892 se
1633 3836 2121 3893 scandalizaturum.

533 3907 802 3964 Solemnis
820 3919 998 3962 autem
1027 3907 1078 3963 ei
1099 3918 1181 3964 est
1207 3908 1346 3963 idem
1374 3908 1531 3979 hujus
1557 3911 1706 3965 verbi
1737 3924 1884 3964 usus.

523 4039 530 4056 .
715 4004 838 4059 Par.
863 4018 986 4060 cum
1020 4003 1190 4060 tribus
1215 4018 1370 4070 mss.,
1401 4013 1456 4057 ut
1495 4004 1633 4059 (male
1660 4005 1774 4075 ejus
1800 4021 1861 4058 ac
1905 4004 2129 4059 dextera:

538 4090 643 4128 asst
683 4085 841 4128 erevit.

538 4085 841 4130 assiderent.

604 4167 762 4239 (c)rln
787 4183 917 4225 mss.
941 4167 1126 4234 Rom.,
1156 4167 1309 4224 Colb.
1339 4177 1394 4225 et
1420 4168 1545 4224 Car.
1577 4168 1702 4239 quin
1724 4167 1991 4222 duodecim
2021 4182 2039 4221 :
2064 4180 2128 4223 ac

475 4266 480 4272 -
534 4238 731 4310 deinde
756 4241 1022 4295 consident
1043 4249 1090 4294 et
1115 4281 1130 4305 ,
1161 4256 1258 4310 pro
1281 4238 1618 4295 considentes.

609 4309 688 4380 (ά)
721 4310 1049 4367 Vocabulum
1073 4313 1354 4381 sepultura:
1375 4311 1462 4366 hic
1482 4313 1777 4381 adjecimus
1803 4309 2122 4365 auctoritate

533 4391 762 4452 quatuor
786 4399 914 4438 mss.
947 4383 1202 4453 Dubitant
1231 4383 1471 4439 nonnulli
1497 4392 1714 4453 propter
1755 4382 1898 4453 hunc
1941 4381 2120 4453 locum

534 4450 602 4525 an
654 4453 883 4525 llilarius
911 4452 1127 4525 Moysen
1161 4468 1285 4508 vere
1317 4450 2121 4525 mortuum'crediderit._lndu-

537 4524 768 4579 bitanter
791 4522 1061 4582 Scultetus
1080 4523 1220 4579 inter
1245 4525 1388 4579 illius
1434 4539 1615 4580 naevos
1667 4523 1821 4594 ponit
1856 4542 1868 4578 :
1901 4522 2120 4594 Moysen

531 4574 1465 4668 ait;ttit.‘t;gti_';5.;o;etiam;
1475 4574 2122 4668 ἒξὲἷριιῖοῖιῖυὲίιέάῗιὲέ
2151 4574 2170 4634 Ι

533 4665 805 4735 gislatoris
828 4665 1069 4736 ejusdem
1111 4675 1340 4721 mortem
1374 4665 1750 4723 disertioribus
1795 4665 1993 4736 verbis
2025 4679 2121 4720 ne-

534 4733 690 4859 gasse
718 4733 927 4822 videtur
959 4736 1320 4820 ambrosius,_
1339 4737 1435 4792 lib.
1485 4753 1500 4792 ι
1533 4737 1599 4792 de
1627 4737 1759 4818 Cain
1779 4745 1835 4790 et
1864 4733 2020 4799 Abel,
2066 4750 2118 4817 ς.

575 4850 589 4859 .
624 4823 658 4859 n
684 4848 696 4859 .
725 4808 784 4859 S.
814 4808 904 4859 ubi
932 4817 1007 4859 ait
1035 4825 1049 4859 :
1078 4806 1197 4859 Non
1223 4808 1438 4859 leamlus
1466 4809 1529 4859 de
1554 4824 1630 4859 eo.
1681 4817 1809 4859 sicut
1829 4806 1893 4859 de
1926 4814 2118 4859 canem

575 4850 589 4873 ,
624 4823 658 4861 n
684 4848 696 4860 .
725 4808 784 4863 S.
814 4808 904 4862 ubi
932 4808 1007 4862 ait
1035 4825 1049 4862 :
1078 4806 1197 4861 Non
1223 4808 1438 4879 legimus
1466 4809 1529 4862 de
1554 4824 1630 4873 eo,
1681 4809 1809 4879 sicut
1829 4806 1893 4879 d_e
1926 4806 2122 4879 caneris

534 4879 654 4946 quia
679 4880 921 4947 deﬁciens
943 4885 1173 4932 ntortuus
1203 4877 1309 4943 est,
1332 4882 1419 4934 sed
1437 4921 1452 4944 ,
1478 4895 1566 4948 per
1592 4878 1799 4933 verbum
1838 4877 1935 4932 Dei
1985 4894 2121 4931 mor-

537 4957 656 5001 tuus
675 4958 847 5021 est...
901 4948 1050 5005 Unde
1075 4959 1120 5004 et
1149 4950 1347 5004 addidit
1377 4950 1666 5021 Scriptura,
1712 4951 1833 5019 quia
1855 4963 1998 5021 nemo
2028 4949 2123 5021 scit

535 5020 850 5088 sepulturam
866 5023 976 5092 ejus
996 5036 1150 5092 usque
1169 5023 1222 5075 in
1250 5018 1550 5075 hodiernum
1569 5021 1699 5074 diem
1709 5018 1796 5086 ,iut
1824 5018 2120 5092 translatio-

540 5103 654 5163 nem
681 5093 840 5161 magis
859 5089 1075 5160 {quam
1088 5092 1344 5145 interitum
1364 5091 1475 5162 ejus
1489 5092 1848 5163 intelligam...
1881 5089 2118 5144 Mortuus

537 5160 696 5231 igitur
722 5160 793 5216 est
817 5178 904 5230 per
923 5164 1126 5216 verbum
1151 5163 1273 5229 Dei,
1305 5171 1359 5216 ut
1381 5160 1450 5214 ait
1471 5160 1742 5231 Scriptura
1760 5205 1774 5227 ,
1807 5179 1908 5216 non
1937 5177 2117 5215 secun-

579 5247 663 5305 u_m
679 5233 981 5305 uerbunt.._..
1008 5233 1134 5299 Quis
1158 5234 1293 5288 enim
1313 5236 1367 5288 in
1387 5235 1610 5305 terrenis
1625 5235 1864 5305 reliquias
1882 5235 1994 5305 eju_s
2025 5247 2116 5302 po-

539 5303 1058 5374 tuitdepreltendere,
1081 5321 1227 5373 quem
1248 5321 1416 5359 secum
1447 5321 1552 5359 esse
1580 5304 1673 5359 Dei
1694 5304 1832 5374 ﬁlius
1861 5302 1915 5356 in
1940 5302 2117 5374 Euan-

539 5373 674 5444 gelio
694 5374 1095 5428 demonstrauit?
1119 5375 1216 5431 Ubi
1243 5377 1296 5430 in
1320 5376 1608 5430 novissima
1635 5373 1901 5432 Ambrosii
1923 5373 2115 5429 editio-

543 5459 612 5498 ne
640 5445 1074 5500 animadversum
1097 5456 1207 5509 est,
1231 5447 1380 5501 illum
1407 5447 1646 5502 Philonis
1673 5446 1992 5501 sententiam
2022 5461 2117 5499 ex-

544 5515 783 5588 primere
809 5516 1045 5571 voluisse
1069 5557 1086 5582 ,
1107 5531 1264 5586 quem
1285 5517 1354 5588 de
1372 5516 1551 5588 Moysi
1596 5527 1770 5573 morte
1821 5531 1988 5588 sensu
2012 5517 2122 5585 spi-

543 5584 685 5656 ritali
702 5586 1022 5644 disseruisse
1037 5584 1267 5650 constat.
1285 5584 1584 5656 dejlittérali
1605 5589 1784 5643 minus
1805 5584 2118 5642 sollicitum.

545 5655 962 5741 Longefacilius
988 5674 1036 5741 a_
1049 5657 1300 5741 praedicta
1333 5655 1584 5741 opinione
1606 5667 1862 5741 purgatur
1889 5656 2120 5712 Hilarius

533 5741 597 5784 ex
620 5727 778 5783 dictis
801 5731 992 5800 capitis
1016 5731 1105 5798 i7,
1127 5745 1183 5786 n.
1211 5729 1270 5795 2,
1295 5727 1387 5784 ubi
1413 5743 1537 5785 cum
1561 5727 1880 5801 quaesisset,
1906 5743 2003 5785 cur
2049 5743 2117 5784 ex

2235 3274 2606 3346 intelligentiae
2634 3275 2790 3345 plena
2821 3283 3003 3342 esset,
3037 3289 3134 3346 pro
3159 3273 3371 3330 duobus
3393 3273 3683 3331 Dominum
3715 3287 3839 3329 ma-

2220 3413 2475 3470 omnibus
2505 3415 2705 3470 sanctis
2733 3413 2840 3472 soli
2871 3414 3082 3486 Moyses
3128 3424 3182 3470 et
3221 3413 3370 3469 Elias
3422 3429 3544 3470 cum
3606 3414 3832 3471 Christo

2224 3486 2604 3554 transﬁgurato
2628 3487 2982 3554 adstiterunt,
3038 3487 3334 3555 respondet
3380 3487 3554 3555 primo
3602 3486 3705 3540 hoc
3755 3488 3833 3543 ita

2225 3555 2423 3628 factum
2445 3569 2500 3610 ut
2525 3557 2747 3613 doceret
2771 3557 3018 3615 Christus
3051 3557 3214 3628 legis,
3245 3561 3397 3628 cujus
3451 3557 3664 3628 Moyses
3711 3566 3835 3613 erat

2226 3626 2385 3701 l_a_t_or,
2411 3643 2511 3683 nec
2533 3644 2642 3701 non
2668 3630 3052 3699 prophetarum
3078 3626 3353 3701 ,quOrum
3375 3626 3559 3701 typum
3602 3629 3832 3701 gerebat

2227 3697 2402 3764 Elias,
2441 3697 3040 3757 testimoniis—lsraclem
3090 3697 3211 3756 esse
3260 3697 3640 3770 judiéa’ndum'.
3685 3699 3827 3755 Tum

2230 3770 2453 3841 alteram
2483 3770 2606 3825 facti
2630 3771 2870 3841 ejusdem
2901 3771 3164 3826 rationem
3197 3770 3393 3836 reddit,
3414 3772 3662 3825 nimirum
3693 3778 3752 3822 ut
3773 3780 3830 3824 et

2234 3840 2473 3913 Immanis
2499 3840 2798 3913 corporibus
2838 3843 3039 3898 decreta
3082 3859 3189 3898 esse
3228 3843 3610 3897 resurrectionis
3655 3841 3831 3910 gloria

2230 3910 2518 3984 doceretur,
2547 3910 2663 3966 cum
2678 3913 2884 3980 quando
2915 3914 3118 3984 Moyses
3138 3914 3497 3984 conspicabilis
3542 3913 3829 3984 adstitisset

2230 3981 2399 4056 Quid,
2427 3999 2611 4056 quaeso
2631 4027 2646 4050 ,
2708 3985 2919 4056 Moyses
2965 3981 3288 4055 conspectus
3311 3985 3378 4039 ad
3405 3983 3830 4056 resurrectionis

2229 4055 2508 4110 veritatem
2528 4053 3004 4111 demonstrandam
3030 4053 3276 4126 prodest,
3308 4057 3411 4111 nisi
3451 4070 3599 4110 mors
3622 4125 3625 4126 ν
3650 4053 3826 4122 ipsius

2232 4133 2504 4194 tamquam
2531 4142 2620 4180 res
2649 4134 2772 4182 nota
2799 4135 2855 4182 et
2875 4125 3149 4196 cmoperta
3178 4127 3452 4196 ponatur?
3493 4141 3592 4181 cur
3619 4125 3670 4179 in
3724 4127 3829 4182 hac

2231 4196 2400 4251 altera
2445 4199 2656 4252 ratione
2705 4199 2878 4252 solum
2912 4197 3145 4252 Hilarius
3202 4197 3589 4269 Moysen,nou
3646 4196 3827 4269 Filiam

2229 4277 2527 4336 memorat,
2555 4279 2927 4340 eumgutroque
2955 4269 3153 4338 pariter
3177 4266 3529 4340 quaistionem
3560 4266 3825 4322 instituis-

2229 4347 2347 4402 set,
2378 4339 2480 4393 nisi
2507 4340 2627 4410 quia
2676 4338 2818 4394 hunc
2855 4338 3211 4408 translatum,
3263 4340 3413 4395 illum
3466 4339 3648 4393 autem
3692 4353 3827 4394 vere

2228 4419 2498 4465 mortuum
2521 4410 2804 4466 crederet?
2832 4410 3018 4480 Neque
3040 4425 3167 4466 vero
3187 4410 3273 4465 hic
3297 4411 3439 4466 illius
3469 4421 3560 4464 aut
3588 4419 3826 4465 mortem

2228 4489 2320 4534 aut
2341 4483 2671 4551 sepulturam
2689 4491 2858 4552 inegat
2878 4524 2892 4546 ,
2923 4482 3016 4537 sed
3045 4483 3224 4536 mortis
3246 4490 3295 4536 et
3323 4481 3603 4550 sepulturw
3631 4482 3825 4534 condi-

2171 4577 2199 4633 )
2227 4552 2418 4633 tionem
2431 4551 2703 4633 _sinﬂgul_ari
2715 4552 3143 4633 consideratione
3166 4553 3379 4633 dignam
3403 4554 3655 4607 observat
3687 4569 3699 4602 :
3725 4566 3826 4607 ea-

2224 4625 2413 4694 queita
2430 4623 2486 4677 in
2508 4623 3064 4693 Scripturistractata,
3090 4623 3242 4694 quasi
3272 4639 3368 4678 nos
3393 4637 3697 4692 pratparare
3727 4638 3827 4694 vo-

2224 4691 2482 4758 luissent,
2513 4704 2569 4748 ut
2589 4691 2709 4748 eum
2729 4694 2840 4759 jam
2871 4695 3038 4749 videri
3063 4691 3302 4764 potuisse
3330 4691 3697 4750 crederemus.
3741 4693 3822 4747 Ex

2224 4780 2291 4820 eo
2321 4775 2500 4820 autem
2526 4765 2667 4835 quod
2716 4765 2937 4836 Moysen
2994 4780 3158 4819 unum
3205 4765 3459 4835 opinatur
3497 4781 3563 4819 ex
3609 4764 3826 4836 duobus

2225 4837 2453 4892 testibus
2477 4851 2626 4902 esse,
2688 4835 3146 4906 quosJohanues
3185 4838 3253 4891 ab
3303 4836 3627 4891 antichristo
3677 4835 3828 4905 peri-

2227 4907 2452 4962 mendos
2479 4906 2609 4962 dicit
2635 4923 2650 4971 ;
2678 4922 2786 4962 non
2817 4908 3058 4977 sequitur
3079 4909 3225 4962 illum
3249 4907 3413 4974 Moysi
3438 4918 3666 4961 mortem
3723 4921 3828 4961 ne-

2225 4992 2410 5046 gasse,
2443 4977 2538 5032 sed
2559 4987 2762 5032 tantum
2782 4993 2898 5032 eain
2945 4978 3020 5032 illi
3073 4979 3524 5034 resurrecﬁonem
3575 4977 3821 5032 nondum

2229 5049 2523 5114 indultam,
2573 5065 2693 5118 quae
2733 5047 2894 5102 morti
2936 5049 3166 5118 amplius
3225 5049 3456 5103 obnoxia
3503 5065 3610 5102 non
3649 5058 3817 5102 esset.

2224 5119 2374 5186 Quod
2396 5120 2556 5174 etiam
2585 5120 2653 5174 de
2673 5119 2906 5174 .leremia
2946 5123 3215 5176 senserint
3235 5133 3456 5175 necesse
3481 5130 3564 5174 est
3589 5161 3602 5178 .
3634 5120 3725 5188 qui
3755 5118 3826 5172 il-

2225 5190 2334 5244 lom
2361 5205 2424 5244 ex
2451 5191 2557 5244 illis
2579 5190 2806 5246 testibus
2835 5193 3062 5246 alterum
3094 5205 3215 5246 esse
3238 5191 3441 5246 volunt.
3475 5189 3643 5244 Nemo
3670 5190 3821 5244 enim

2223 5270 2338 5332 est,
2389 5262 2503 5332 qui
2577 5263 2644 5316 de
2722 5263 2884 5332 illius
2964 5270 3138 5317 morte
3210 5277 3466 5332 umquam
3525 5261 3815 5332 dubitavit.

2224 5329 2464 5400 Denique
2495 5331 2580 5386 his
2623 5331 2800 5386 verbis
2845 5374 2860 5398 ,
2927 5333 3042 5388 licet
3086 5333 3244 5386 uaria:
3295 5329 3374 5386 υξι
3423 5333 3485 5386 de
3526 5329 3709 5384 Enorh
3739 5330 3820 5384 vel

2221 5401 2286 5474 de
2329 5401 2556 5456 Ieremia
2601 5403 2939 5473 plurimorum
2993 5405 3276 5458 exstiterint
3328 5403 3625 5474 Opiniones,
3678 5402 3822 5472 quod

2225 5472 2442 5546 alterum
2467 5472 2991 5546 eorumsicutiEliam
3013 5476 3143 5529 mori
3166 5472 3400 5546 Oporteat
3416 5491 3436 5538 ;
3455 5475 3588 5528 satis
3616 5474 3821 5546 indicat

2224 5558 2284 5597 se
2310 5544 2458 5598 solos
2489 5543 2678 5599 Enoch
2700 5554 2754 5600 et
2784 5545 2955 5600 Eliam
2978 5561 3008 5600 a
3031 5543 3333 5602 nobis'sine
3362 5552 3539 5600 morte
3585 5544 3821 5600 transla-

2227 5624 2309 5670 tos
2337 5615 2700 5672 existimasse.
