4172 6188
370 211 513 270 1055

1235 213 1780 275 COMMENTARIUS
1819 219 1882 274 IN
1925 220 2358 278 MATTHAﬁUM.
2400 222 2551 279 CAP.
2596 225 2738 281 XXI.

3526 233 3664 292 IOSI

369 334 453 379 ter
477 325 670 381 oravit.
706 326 837 382 Duas
857 327 1001 383 enim
1027 337 1152 384 sunt
1177 332 1482 387 mentiones
1506 347 1570 387 ex
1612 332 1778 388 Israel
1811 350 1824 387 :
1857 350 1957 388 una
1987 333 2039 395 A
2069 335 2207 390 viam
2245 336 2312 407 (f)
2343 338 2593 393 adsident
2623 356 2637 393 :
2668 340 2848 409 populi
2877 338 3127 395 videlicet
3164 343 3405 411 gentium
3447 343 3556 399 duo
3596 361 3664 402 ex

367 418 752 489 discipulorum
803 420 1059 489 Joannis,
1105 423 1185 494 (α)
1209 425 1376 480 altera
1410 441 1506 496 per
1531 428 1805 498 apostolos
1827 426 1961 496 pha-

373 510 677 568 risaaorum.
707 511 950 583 Namque
969 524 1091 584 post
1108 516 1416 585 passionem
1465 515 1689 572 Joannis
1711 517 1960 588 superius

369 602 606 674 legimus
629 603 929 675 discipulos
958 605 1079 676 ejus
1107 606 1174 661 ad
1201 606 1488 662 Dominum
1519 609 1798 665 transisse.
1834 609 1962 665 Ideo

363 696 526 768 igitur
548 713 646 768 pro
676 697 888 754 duobus
911 708 1123 766 uratur,
1147 701 1271 770 quia
1299 700 1598 772 Evangelio
1629 702 1831 758 Christi
1879 703 1960 758 hae

363 790 680 846 vocationes
723 791 957 860 geminas
993 791 1361 849 crediderunt.
1387 793 1517 848 Post
1538 792 1653 848 hmc
1683 794 1844 864 igitur
1862 792 1960 849 de-

363 893 484 938 cem
506 882 756 952 discipuli
782 883 1086 938 contristati
1113 891 1240 938 sunt
1285 883 1354 939 de
1407 883 1658 939 fratribus
1699 883 1910 939 duobus
1945 900 1957 936 ε

363 990 548 1032 verum
573 975 816 1047 ipsorum
848 975 1080 1031 duorum
1109 975 1497 1046 discipulorum
1526 975 1673 1030 nulla
1704 975 1962 1031 mtestitia

364 1077 466 1124 est.
499 1067 611 1122 Hoc
643 1067 780 1122 ratio
811 1081 915 1122 non
943 1067 1161 1136 patitur,
1190 1077 1247 1122 ut
1274 1067 1500 1122 alterius
1532 1064 1611 1138 (ὁ)
1635 1067 1959 1121 contumelia

363 1161 501 1217 alius
532 1161 624 1216 ﬁat
653 1170 898 1216 mmstus.
929 1160 1090 1216 Certe
1119 1161 1280 1216 etiam
1313 1177 1408 1232 pro
1461 1177 1521 1216 sc
1567 1162 1753 1218 decem
1785 1161 1960 1217 mmsti

363 1269 485 1312 esse
515 1255 850 1326 potuissent;
875 1255 975 1308 sub
1005 1254 1234 1309 duorum
1265 1255 1408 1308 enim
1439 1253 1748 1308 nominibus
1799 1269 1965 1322 nega-

365 1357 482 1404 tum
511 1350 612 1404 hoc
640 1347 893 1405 omnibus
916 1347 1227 1412 videbatur;
1255 1349 1351 1402 sed
1385 1347 1596 1418 typicus
1619 1345 1754 1401 ordo
1781 1361 1965 1401 serva-

364 1451 454 1498 tus
474 1452 576 1498 est.
609 1441 848 1512 Apostoli
874 1439 941 1496 de
963 1456 1020 1495 se
1043 1440 1178 1495 certi
1201 1449 1358 1495 erant
1385 1455 1398 1492 :
1425 1439 1551 1494 ideo
1577 1438 1754 1494 solum
1796 1453 1961 1493 mms-

365 1535 406 1590 ti
427 1543 552 1590 sunt
577 1534 646 1589 de
673 1533 902 1598 duobus,
920 1532 1041 1602 quia
1057 1533 1214 1587 etiam
1238 1531 1318 1586 his
1347 1529 1551 1586 duabus
1570 1529 1957 1595 vocationibus,

373 1641 491 1695 quae
530 1640 596 1680 ex
638 1625 758 1695 lege
807 1635 961 1693 sunt,
1017 1626 1352 1681 consortium
1400 1622 1588 1694 gloria:
1632 1622 1789 1692 hujus
1811 1630 1964 1690 Opta—

2062 427 2231 483 Cham
2264 439 2318 485 et
2343 431 2542 501 Japhet
2575 433 2842 501 procreati
2870 447 3121 503 egressus
3174 444 3230 489 et
3275 435 3378 490 iter
3420 437 3536 506 ejus
3565 439 3663 493 ob-

2062 530 2312 586 servant,
2364 523 2575 594 sibique
2633 525 2791 580 cazcis
2835 525 3012 580 visum
3076 526 3230 581 reddi
3283 527 3663 597 deprecantur.

2064 613 2311 686 Denique
2340 631 2433 671 eos
2456 617 2612 672 turba
2644 617 2894 688 objurgat
2915 634 3011 674 cur
3039 620 3299 686 clament,
3324 629 3377 675 et
3401 620 3670 676 utsileant

2065 705 2309 776 increpat
2348 726 2361 761 :
2398 723 2505 764 non
2537 709 2679 780 quod
2708 711 2982 766 silentium
3013 727 3178 768 causa
3208 711 3428 768 honoris
3482 714 3668 784 exige-

2063 808 2219 866 rent,
2251 800 2349 856 sed
2379 803 2575 858 acerbe
2597 819 2628 857 a
2653 804 2813 858 caecis
2865 804 3094 861 audiunt
3147 806 3290 876 quod
3349 807 3659 878 negabant,

2066 890 2351 968 Dominum
2379 911 2502 952 esse
2528 898 2693 952 David
2729 899 2921 954 ﬁlium.
2957 899 3279 956 llluminatis
3297 903 3440 957 enim
3488 919 3667 960 casco-

2063 1002 2183 1042 rum
2211 991 2486 1044 mentibus
2519 991 2660 1046 Deus
2689 993 2740 1046 in
2771 993 2990 1048 homine
3019 994 3414 1070 praedicabatur
3435 1037 3450 1062 ,
3486 1007 3542 1052 ut
3571 1013 3664 1053 ve-

2065 1096 2182 1135 rum
2211 1083 2522 1153 essetquod
2552 1101 2579 1137 a
2610 1085 2840 1140 Domino
2893 1086 3096 1142 dictum
3148 1097 3231 1144 est
3289 1107 3301 1142 :
3361 1089 3430 1143 In
3461 1091 3666 1160 judicio

2065 1175 2243 1228 mundi
2271 1177 2427 1246 hujus
2457 1178 2568 1230 veni
2591 1219 2605 1243 ,
2639 1188 2694 1231 ut
2721 1180 2808 1250 qui
2834 1179 3002 1234 vident
3026 1197 3127 1234 non
3158 1181 3362 1236 videant
3382 1223 3398 1248 ,
3424 1184 3546 1237 cazci
3574 1199 3654 1237 ve-

2065 1283 2122 1320 ro
2149 1268 2425 1338 respiciant
2456 1268 2636 1340 (Joan.
2669 1286 2742 1336 tx,
2778 1271 2894 1341 59).
2924 1272 2990 1326 At
3021 1273 3099 1326 illi
3121 1275 3284 1342 magis
3309 1275 3536 1328 clamant
3566 1291 3578 1328 :
3604 1285 3661 1330 et

2065 1355 2383 1414 demorante
2429 1359 2561 1429 legis
2591 1361 2823 1430 populo,
2865 1363 3331 1419 vehementiorem
3374 1364 3502 1420 ﬁdei
3555 1382 3668 1422 sua:

2067 1461 2436 1520 protestantur
2472 1453 2731 1509 calorem.
2790 1455 2898 1510 Sed
2953 1457 3214 1512 Dominus
3265 1457 3574 1525 miseretur,
3607 1468 3664 1515 et

2066 1541 2196 1610 quid
2248 1543 2434 1597 volunt
2462 1545 2710 1613 requirit.
2754 1544 2836 1600 Illi
2883 1561 3013 1602 vero
3042 1548 3264 1618 aperiri
3310 1549 3498 1604 oculos
3539 1565 3670 1606 suos

2067 1645 2378 1702 precantur.
2426 1635 2632 1703 Quibus
2663 1639 2918 1694 misertus
2949 1640 3135 1695 oculos
3166 1642 3430 1712 contigit,
3483 1651 3540 1698 et
3593 1643 3670 1698 vi-

365 1715 514 1771 Βδιιι-
562 1715 638 1770 lla
670 1715 814 1772 ellim
839 1717 1100 1770 ι’ἱιιίοηθιη
1129 1724 1182 1770 εί
1206 1714 1370 1770 Muri
1393 1726 1445 1769 εί
1472 1712 1753 1784 Ρΐεὲεεωίδ
1783 1727 1963 1768 sermo
1991 1727 2040 1787 B
2068 1741 2186 1781 sum
2218 1729 2584 1799 cognoscendi
2607 1730 2702 1786 Dei
2720 1731 2956 1786 reddidit
2984 1732 3197 1804 (Matth.
3225 1750 3316 1800 xx,
3342 1734 3459 1806 54).
3491 1735 3669 1806 Atque

367 1808 700 1876 moderatur,
731 1818 791 1863 ut
837 1825 942 1865 non
963 1809 1031 1864 de
1065 1822 1124 1864 se
1154 1824 1326 1879 neque
1347 1807 1532 1862 decem
1557 1849 1572 1874 ,
1598 1806 1762 1878 77o
1787 1820 1962 1875 neque

365 1902 472 1959 duo
498 1902 721 1958 solliciti
739 1903 1124 1968 scriberentur,
1153 1913 1207 1957 ct
1229 1903 1281 1956 in
1311 1902 1495 1958 decem
1514 1901 1874 1957 sollicitudine
1895 1899 1962 1955 de

369 1992 602 2059 duobus,
619 1995 898 2062 praesentis
916 1992 1118 2064 negotii
1143 1991 1444 2048 efﬁcientia:
1471 1993 1956 2061 obtemperaretur.

415 2085 505 2140 12.
537 2084 620 2140 Ad
640 2085 858 2157 gloriam
879 2085 1168 2140 humilitate
1188 2083 1772 2156 pervenitur.—Volens
1801 2083 1963 2154 igitur

368 2177 629 2233 Dominus
665 2177 1052 2248 proprietatem
1099 2176 1256 2232 nobis
1302 2177 1456 2232 istius
1510 2175 1962 2248 prmﬁgurationis

367 2269 686 2337 ostendere,
733 2279 894 2340 atque
929 2268 1000 2340 (c)
1037 2269 1176 2324 hanc
1208 2269 1682 2339 prmsumptionem
1715 2283 1843 2336 eos,
1871 2268 1961 2340 qui

370 2371 526 2418 erant
552 2377 615 2416 ex
638 2361 755 2432 lege
777 2360 1022 2428 venturi,
1049 2360 1116 2416 de
1139 2361 1488 2431 praerogativa
1543 2361 1820 2416 israelitici
1865 2377 1962 2416 no.

370 2454 535 2509 minis
561 2453 701 2509 velle
739 2468 1107 2524 praesumere;
1158 2453 1318 2508 docet
1346 2451 1706 2524 principatum
1757 2453 1825 2508 ab
1881 2454 1962 2509 his

371 2562 480 2604 non
511 2546 674 2602 modo
699 2547 938 2617 gentium
969 2547 1391 2617 capessendum,
1447 2547 1545 2604 sed
1601 2547 1881 2604 ministros
1910 2557 1964 2604 et

372 2642 710 2707 servientes,
737 2648 793 2696 et
822 2657 928 2695 non
959 2640 1154 2711 quibus
1186 2640 1548 2697 ministralum
1577 2642 1677 2703 sit,
1733 2641 1798 2697 ad
1843 2641 1963 2712 glo-

372 2733 510 2788 riam
541 2732 762 2787 honoris
790 2732 1008 2786 maximi
1035 2731 1380 2788 advocandos
1409 2732 1570 2807 (Ibid.
1603 2732 1698 2805 25)
1731 2751 1742 2785 :
1775 2748 1961 2788 exem-

373 2824 468 2895 plo
494 2823 698 2880 scilicet
729 2824 1156 2894 patriarcharum
1194 2833 1248 2879 et
1279 2825 1660 2895 pr0phetarum
1717 2826 1806 2896 qui
1851 2841 1966 2881 ser-

373 2915 606 2982 vierint,
635 2915 885 2986 exemplo
926 2915 1087 2970 etiam
1118 2916 1490 2986 apostolorum
1540 2915 1632 2987 qui
1689 2915 1968 2972 ministra-

375 3008 590 3074 verint,
622 3010 870 3079 exemplo
905 3009 1067 3066 etiam
1124 3009 1337 3064 Domini
1386 3011 1476 3080 qui
1520 3011 1754 3066 animam
1815 3025 1967 3066 suam

2067 1829 2299 1892 uttypus
2332 1823 2731 1879 crediturarum
2763 1825 3002 1895 gentium
3045 1827 3376 1894 expleretur,
3429 1828 3670 1882 caelestis

2065 1913 2252 1983 gratiae
2273 1915 2582 1984 cognitione
2608 1925 2861 1986 percepta
2889 1957 2904 1979 ,
2935 1917 3026 1987 qui
3053 1918 3184 1972 caeci
3209 1918 3452 1984 fuerant,
3483 1917 3668 1973 viden-

2068 2011 2150 2061 tes
2173 2005 2460 2061 Dominum
2489 2022 2646 2062 suum
2680 2017 2805 2061 sunt
2829 2009 3020 2063 secuti.
3556 2016 3558 2019 '

2563 2133 2724 2206 771
2765 2131 2992 2189 CAPUT
3035 2133 3179 2187 xm.

2069 2245 2148 2301 De
2200 2247 2345 2301 asina
2389 2257 2439 2301 et
2491 2247 2633 2317 pullo
2660 2248 2770 2317 ejus
2795 2289 2809 2314 ,
2844 2248 2906 2302 de
2933 2248 3107 2318 ejectis
3134 2265 3166 2302 a
3197 2249 3383 2320 templo
3429 2265 3670 2304 nummu-

2140 2337 2286 2392 lariis
2309 2381 2322 2406 ,
2351 2338 2415 2392 de
2435 2339 2537 2409 ﬁcu
2566 2340 2840 2394 maledicta
2859 2383 2874 2408 ,
2901 2339 2964 2394 de
2993 2340 3190 2394 duobus
3217 2340 3341 2410 ﬁliis
3371 2341 3440 2395 ad
3467 2342 3666 2396 vineam

2143 2430 2339 2496 missis,
2364 2429 2427 2485 de
2452 2430 2739 2503 publicanis
2770 2441 2817 2485 et
2845 2433 3213 2486 meretricibus.

2143 2547 2196 2601 I.
2227 2545 2498 2614 Superiori
2527 2562 2643 2619 cap.
2677 2546 2793 2601 dure
2838 2548 3127 2602 vocationes
3167 2564 3230 2602 ea:
3281 2547 3483 2617 Israel,
3535 2567 3670 2604 nunc

2069 2639 2280 2694 totidem
2306 2655 2370 2694 ea:
2395 2639 2630 2710 gentibus
2651 2641 3051 2712 prasignantur.
3070 2672 3142 2682 -—
3174 2641 3216 2696 Τ
3217 2659 3316 2696 unc
3343 2647 3498 2699 Jesus
3521 2645 3675 2699 misit

2071 2734 2201 2788 duos
2229 2748 2292 2787 ea:
2315 2733 2588 2804 discipulis
2621 2734 2727 2787 suis
2751 2734 2924 2788 dicens
2965 2751 2984 2788 :
3011 2733 3096 2788 Ite
3139 2735 3193 2789 in
3223 2735 3490 2790 castellum
3537 2738 3675 2807 quod

2072 2834 2250 2878 contra
2267 2841 2355 2879 vos
2370 2834 2466 2892 est,
2484 2833 2589 2880 etc.
2617 2824 2832 2897 (Matth.
2860 2842 2971 2894 ut,
2991 2827 3015 2880 1
3039 2836 3084 2880 et
3106 2824 3187 2899 9).
3212 2827 3324 2882 Duo
3338 2827 3672 2898 discipuliad

2072 2915 2248 2971 vicum
2278 2917 2590 2982 mittuntur,
2619 2925 2679 2971 ut
2699 2916 2905 2971 asinam
2935 2918 3152 2988 ligatam
3182 2935 3305 2974 cum
3350 2920 3502 2990 pullo
3550 2920 3669 2991 ejus

2075 3007 2382 3073 absolvant,
2407 3019 2568 3077 atque
2596 3007 2664 3075 ad
2690 3023 2812 3062 eum
2835 3008 3134 3079 perducant
3164 3027 3175 3061 :
3207 3018 3262 3064 et
3281 3010 3324 3064 si
3344 3011 3465 3080 quis
3500 3011 3670 3066 inter-

378 3114 478 3170 pro
505 3098 877 3170 redemptione
906 3111 1108 3156 nostra:
1139 3101 1330 3156 salutis
1364 3101 1711 3172 impenderit.
1738 3102 1820 3158 Ad
1847 3103 1964 3174 glo-
1996 3115 2040 3178 ρ
2075 3111 2227 3172 roget
2254 3116 2349 3156 cur
2378 3101 2449 3155 ita
2484 3100 2574 3156 ﬁat
2599 3142 2614 3167 ,
2648 3101 3014 3172 respondeant
3038 3103 3266 3157 Domino
3293 3105 3633 3159 necessarios
3662 3145 3678 3173 ,

375 3193 514 3248 riam
537 3200 716 3248 autem
743 3191 1065 3248 humilitatis
1110 3193 1292 3269 istius,
1323 3210 1494 3250 coenae
1532 3210 1625 3251 eos
1655 3194 1735 3268 (ά)
1763 3204 1818 3250 ct
1841 3211 1972 3250 con-

380 3284 515 3339 vivii
541 3284 702 3340 modo
726 3283 946 3340 instruit
972 3283 1128 3356 (Luc.
1156 3301 1278 3353 xw,
1309 3285 1366 3358 8)
1397 3305 1410 3340 :
1437 3302 1669 3343 monens
1719 3287 1772 3342 in
1835 3288 1973 3345 locis

377 3376 828 3432 eminentioribus
848 3377 1096 3432 accubari
1128 3393 1234 3432 non
1261 3388 1552 3449 Oportere,
1607 3395 1677 3436 ne
1721 3380 1863 3436 forte
1906 3395 1974 3437 eo

379 3466 700 3524 adveniente
725 3468 818 3540 qui
847 3469 1044 3524 clarior
1071 3478 1154 3525 est
1179 3511 1193 3536 ,
1226 3485 1323 3541 per
1349 3471 1626 3527 dominum
1677 3489 1851 3531 creua:
1882 3489 1973 3530 oc-

381 3569 583 3630 cupato
610 3560 729 3615 loco
757 3559 828 3633 (ε)
871 3576 998 3617 cum
1031 3563 1244 3618 decenti
1287 3566 1620 3622 contumelia
1666 3567 1975 3625 admonitus

381 3649 634 3706 decedat.
664 3650 835 3707 Porro
882 3663 1062 3708 autem
1112 3656 1158 3710 si
1190 3655 1244 3710 in
1276 3655 1570 3714 humilibus
1621 3660 1973 3728 accubuerit;

382 3744 802 3800 advenientibus
825 3745 1235 3814 humilioribus,
1265 3747 1332 3802 ad
1378 3749 1604 3819 gloriam
1639 3750 1741 3804 loci
1775 3751 1976 3806 celsio-

381 3837 460 3893 ris
485 3837 726 3893 accedet.
752 3837 930 3908 Atque
957 3839 1028 3893 ita
1059 3854 1166 3894 non
1201 3854 1530 3910 praesumere
1573 3841 1777 3913 aliquid
1807 3843 1976 3899 hono-

382 3929 462 3984 ris
490 3928 685 3996 decet,
711 3928 809 3984 sed
837 3929 1157 3986 humilitatis
1186 3931 1439 4002 operibus
1475 3934 1791 4001 promereri.

458 4024 547 4078 I5.
578 4023 712 4078 Caeci
732 4022 856 4092 duo,
876 4034 1048 4096 gentes
1069 4041 1132 4079 ex
1151 4024 1313 4080 Citam
1338 4035 1386 4082 et
1412 4023 1622 4098 Japhet.
1654 4025 1819 4082 Deum
1849 4045 1980 4098 prte-

383 4117 560 4172 dicant
589 4116 866 4173 Christum.
891 4145 963 4159 --
983 4117 1049 4172 Et
1072 4121 1444 4191 egredientibus
1477 4121 1584 4176 illis
1627 4121 1688 4176 ab
1719 4121 1933 4177 Iericho
1962 4165 1977 4189 ,

385 4221 561 4265 secuta
589 4221 660 4265 est
686 4227 801 4265 eum
823 4211 972 4267 turba
997 4213 1159 4266 multa
1192 4231 1204 4267 :
1231 4224 1276 4268 et
1298 4230 1411 4270 ecce
1432 4215 1536 4269 duo
1581 4215 1703 4270 ειεθὶ
1751 4202 1980 4271 sedentes

386 4323 542 4377 super
561 4306 695 4360 viam
723 4306 998 4362 audierunt
1019 4309 1156 4379 quod
1176 4307 1332 4365 Iesus
1359 4311 1562 4376 transit,
1596 4318 1701 4366 etc.
1741 4309 1762 4381 (
1785 4308 1977 4364 Matth.

384 4414 461 4453 xx
485 4439 501 4464 ,
534 4398 646 4470 30).
679 4398 938 4468 Superius
970 4414 1065 4470 per
1081 4401 1305 4471 ﬁguram
1339 4401 1566 4456 duorum
1598 4401 1832 4457 ﬁliorum
1876 4402 1981 4458 Ze-

2073 3207 2138 3246 ac
2189 3194 2370 3248 statim
2402 3192 2476 3266 (g)
2507 3193 2882 3248 remittendos.
2911 3193 3042 3248 Post
3071 3194 3409 3264 superiorem
3461 3210 3670 3251 sermo-

2075 3301 2235 3352 nem,
2267 3302 2373 3355 quo
2401 3287 2454 3340 in
2488 3286 2698 3342 duobus
2723 3286 2850 3341 ﬁliis
2889 3285 3139 3343 Zebedaei
3171 3285 3439 3356 duplicem
3486 3303 3552 3342 ex
3599 3288 3678 3342 Is-

2074 3376 2188 3431 rael
2234 3376 2573 3433 vocationem
2617 3377 2973 3448 signiﬁcatam
3026 3379 3391 3443 meminimus,
3449 3393 3670 3447 compc-

2077 3475 2252 3524 tenter
2273 3484 2416 3524 nunc
2445 3469 2552 3523 duo
2580 3469 2830 3538 discipuli
2875 3467 2944 3521 ad
2992 3468 3307 3523 solvendam
3354 3467 3562 3524 asinam
3618 3478 3673 3522 et

2076 3560 2281 3630 pullum
2303 3559 2644 3614 destinantur
2675 3576 2689 3616 :
2721 3559 2846 3628 quia
2890 3559 3088 3627 duplex
3141 3567 3258 3613 erat
3304 3574 3369 3614 ex
3424 3558 3679 3630 gentibus

2077 3653 2250 3723 plebis
2275 3654 2488 3708 vocatio
2513 3663 2893 3708 consecutura.
2943 3651 3114 3707 Erant
3143 3653 3292 3707 enim
3345 3664 3508 3723 atque
3550 3661 3679 3709 sunt

2079 3747 2396 3815 Samaritae,
2432 3748 2662 3819 profecti
2691 3748 2964 3819 quondam
2997 3763 3093 3818 per
3119 3748 3486 3804 secessionem
3514 3765 3581 3803 ex
3600 3749 3674 3803 le-

2078 3855 2180 3910 ge,
2209 3850 2264 3895 et
2293 3841 2394 3897 sub
2419 3841 2652 3911 quadam
2702 3839 3063 3896 observantiae
3113 3854 3226 3894 sua:
3281 3838 3676 3895 consuetudine

2079 3934 2378 3989 servientes
2409 3945 2601 3990 :erant
2622 3933 2785 3989 etiam
2806 3943 2995 4003 gentes
3016 3931 3295 3986 indomita:
3340 3941 3395 3985 et
3445 3931 3676 3986 feroces.

2084 4025 2250 4096 Igitur
2275 4025 2382 4082 duo
2413 4027 2718 4091 mittuntur,
2748 4034 2806 4080 ut
2835 4024 3047 4079 solvant
3074 4024 3269 4093 ligatos
3300 4033 3352 4078 el
3385 4023 3679 4078 obstrictos

2083 4127 2139 4173 et
2163 4119 2366 4174 erroris
2390 4128 2549 4189 atque
2575 4116 2895 4189 ignorantia:
2915 4115 3150 4170 vinculis
3177 4114 3511 4188 praepeditas
3568 4132 3580 4169 :
3626 4122 3682 4169 et

2086 4214 2372 4269 mittuntur
2395 4221 2546 4266 extra
2578 4209 2877 4266 Jerusalem
2903 4224 2918 4274 ;
2949 4219 3103 4264 extra
3126 4222 3246 4262 eam
3273 4208 3417 4261 enim
3446 4205 3530 4261 ha:
3557 4205 3680 4260 dua:

2087 4308 2399 4364 vocationes
2430 4304 2784 4360 habebantur.
2815 4301 3086 4358 Caeterum
3117 4311 3290 4356 mater
3315 4300 3552 4356 ﬁliorum
3578 4299 3680 4355 Ze-

2089 4402 2261 4458 bedaei
2301 4402 2443 4455 intra
2483 4399 2784 4454 Jerusalem
2833 4396 3115 4451 Dominum
3174 4395 3350 4449 oravit
3400 4411 3414 4448 :
3473 4392 3685 4448 duabus

385 4489 560 4546 bedzei
585 4531 598 4556 ,
647 4490 715 4544 de
742 4490 1041 4546 Israelitico
1072 4494 1270 4563 populo
1301 4501 1587 4548 tractatum
1635 4501 1752 4560 est,
1783 4495 1876 4565 qui
1914 4509 1980 4549 ex
2008 4507 2062 4568 D
2090 4494 2234 4550 enim
2263 4490 2638 4547 vocationibus
2659 4488 2825 4545 Israel
2852 4488 2938 4545 vel
2995 4503 3092 4557 per
3132 4486 3412 4556 apostolos
3460 4485 3545 4539 vel
3586 4499 3686 4554 per

385 4583 598 4639 semine
622 4583 750 4639 Sem
777 4593 894 4639 erat
919 4594 1091 4640 ortus.
1123 4585 1508 4656 Competenter
1538 4585 1700 4656 igitur
1727 4587 1859 4642 cruci
1881 4586 1989 4642 duo

464 4691 856 4771 (a_)Ita'omnes
878 4715 1010 4756 mss.
1042 4700 1184 4756 Editi
1215 4716 1375 4764 vero,
1408 4703 1570 4756 altera
1615 4703 1967 4771 apostolorum

392 4779 440 4825 et
467 4769 873 4844 pharisa’orum:
895 4771 983 4827 cui
1002 4772 1218 4827 lectioni
1248 4783 1510 4844 repugnat
1531 4769 1671 4842 quod
1694 4783 1814 4842 post
1840 4789 1969 4843 pau-

390 4857 457 4896 ca
487 4840 787 4910 subjicitur,
813 4843 1044 4913 Aposto'li
1073 4845 1135 4898 de
1154 4862 1208 4899 se
1231 4840 1352 4898 certi
1387 4840 1580 4911 'erant';
1630 4840 1748 4899 ideo
1803 4840 1972 4900 solum

393 4913 560 4986 incesti
592 4921 706 4966 sunt
733 4915 1054 4986 deduobus;
1080 4917 1201 4986 quia
1231 4917 1380 4969 etiant
1401 4915 1481 4969 his
1512 4917 1712 4969 duabus
1752 4916 1977 4970 vocatio-

397 4983 549 5058 nibus
569 4998 683 5050 qua:
707 4999 772 5037 ea:
798 4985 906 5058 lege
933 4983 1422 5052 sunt,'consortium
1447 4987 1628 5058 gloria:
1654 4986 1812 5058 hujus
1832 4998 1979 5057 opta-

393 5054 555 5126 bant;
586 5069 793 5126 necnon
827 5056 929 5110 hoc
958 5073 1077 5126 cap.
1131 5058 1196 5111 2i
1222 5100 1236 5123 ,
1272 5074 1326 5112 ιι.
1357 5073 1372 5110 ι
1404 5075 1416 5107 :
1448 5054 1662 5111 Duabus
1684 5054 1981 5113 enimvocu-

397 5125 620 5199 tionibus
643 5123 906 5180 lsraelvel
934 5123 1303 5199 perapostolos
1351 5127 1429 5182 vel
1485 5144 1578 5198 per
1628 5127 1881 5184 Joannem
1931 5145 1994 5186 ea:

396 5198 508 5266 lege
529 5195 776 5251 solvatur.

473 5264 551 5338 (ὁ)
582 5267 872 5341 Beccensis
894 5269 1096 5333 codex,
1126 5272 1367 5325 meestitia
1399 5287 1417 5324 :
1442 5286 1624 5341 prave.
1681 5270 1797 5326 Non
1851 5271 1994 5328 enim

403 5337 518 5410 hic,
551 5338 693 5407 quod
724 5339 1012 5410 diligenter
1037 5337 1457 5408 advertendum,
1509 5352 1732 5398 mtestos
1759 5344 1874 5397 vult
1905 5343 1998 5396 lli-

403 5409 583 5484 larius
609 5409 918 5484 apgstolos,
951 5415 1092 5484 quod
1121 5413 1365 5484 quaedam
1399 5413 1677 5484 privilegia
1708 5414 1812 5468 sibi
1841 5429 1995 5468 arro-

398 5480 651 5554 gaveriut
677 5480 924 5554 zebedaei
952 5482 1078 5546 ﬁlii,
1104 5480 1197 5541 sed
1226 5483 1370 5554 quod
1401 5480 1676 5552 postulata
1707 5499 1813 5539 ηοη
1841 5487 1998 5552 ἱηιρρο

402 5551 705 5626 traverint._
728 5553 1122 5626 Mmstosdieit
1156 5551 1653 5612 ob_contumeliam
1675 5597 1688 5622 ,
1738 5571 1841 5626 qua
1893 5551 2000 5611 duo

405 5623 648 5697 ipsorum
681 5622 876 5679 fratres
898 5625 1073 5682 aﬁ‘ecti
1107 5635 1233 5680 sunt
1257 5642 1353 5696 per
1380 5626 1652 5695 repulsam
1682 5642 1696 5679 :
1729 5622 1903 5697 neque
1930 5627 2000 5682 ob

406 5692 683 5764 repulsam
707 5710 866 5766 quam
891 5697 964 5751 illi
988 5698 1040 5751 in
1065 5712 1125 5753 se
1149 5707 1204 5753 et
1255 5692 1354 5753 suo
1393 5692 1612 5755 nomine
1631 5738 1647 5766 ,
1697 5697 1793 5755 sed
1817 5692 2002 5769 'quatn

892 5792 1168 5854 PATROL.
1215 5791 1329 5854 IX.

2097 4586 2359 4643 Joannem
2405 4599 2472 4639 ex
2522 4582 2638 4654 lege
2707 4581 2966 4637 salvetur.
3029 4579 3227 4634 Verum
3259 4577 3340 4651 (h)
3386 4590 3538 4646 reque
3589 4590 3688 4644 per

2079 4702 2299 4757 nomine
2349 4698 2576 4755 duarum
2643 4697 2988 4752 vocationem
3035 4693 3213 4766 gentis
3270 4707 3383 4747 suae
3435 4703 3688 4771 perpess:

2077 4783 2222 4827 Slllll.
3672 4776 3692 4815 ι

2154 4843 2352 4913 (c)Hic
2383 4838 2777 4914 supplendum,
2826 4837 2998 4892 volens
3031 4835 3316 4914 ostendere.
3377 4833 3536 4899 Mox,
3583 4849 3692 4889 non

2085 4908 2238 4989 modo
2259 4908 2503 4989 gentium
2516 4959 2529 4981 ,
2566 4914 2617 4968 id
2646 4921 2760 4989 est,
2793 4925 2896 4989 non
2920 4923 3070 4989 more
3095 4908 3384 4989 gentium._
3424 4978 3456 4989 η

2161 4986 2238 5057 (tl)
2259 4979 2476 5052 Bad.,et
2493 4979 2749 5040 communi
2772 4979 2948 5057 modo;
2981 4979 3131 5057 Pan,
3159 4989 3205 5032 et
3237 4979 3456 5031 convicii
3489 4979 3642 5057 modo
3671 4993 3689 5032 :

2097 5050 2375 5130 mendose.
2412 5050 2765 5130 Hancautem
2794 5051 3108 5130 parabolam
3133 5064 3338 5130 ,qu-attl
3394 5052 3538 5130 apud
3583 5050 3694 5104 Lu-

2098 5144 2217 5184 cam
2249 5128 2540 5184 dumtaxat
2571 5128 2753 5195 legere
2790 5118 2904 5187 ést,
2940 5121 3026 5195 hic
3057 5121 3196 5176 forte
3241 5118 3483 5175 Hilarius
3510 5123 3565 5175 in
3593 5133 3692 5175 suo

2099 5201 2395 5270 exemplari
2419 5193 2714 5254 subnexam
2741 5193 3045 5270 habuerit.”
3246 5262 3278 5270 __
3540 5261 3550 5270 ‘
3641 5260 3670 5270 η

2173 5260 2432 5345 (ε)Ἀι›υίὶ
2456 5271 2580 5324 Par.
2612 5266 2924 5345 concedenti.
2950 5263 3173 5345 Infuliis
3196 5262 3326 5345 edit.
3361 5260 3690 5345 comedendi.

2099 5342 2156 5398 ln
2180 5333 2282 5398 ’δέχ
2314 5333 2447 5398 mss.
2475 5339 2729 5396 caenandi.
2766 5336 2844 5390 Ex
2862 5333 3074 5390 caeteris
3100 5335 3434 5390 restituimus
3466 5347 3580 5385 cum
3603 5333 3695 5385 de-

2103 5424 2253 5469 centt.

2174 5485 2244 5558 (Γ)
2283 5484 2424 5558 Editi
2460 5527 2474 5548 ,
2505 5482 2787 5558 obsident;
2816 5477 3178 5558 renitentibus
3204 5489 3338 5558 mssa.
3393 5544 3405 5555 υ
3642 5543 3653 5554 θ

2175 5545 2254 5628 (ᾖ)
2281 5556 2371 5612 δίο
2401 5545 2531 5628 mSS.
2564 5554 2651 5628 hic
2677 5561 2732 5628 e_t
2752 5549 2913 5628 infra,
2969 5551 3055 5628 At
3087 5546 3220 5603 editi
3251 5545 3476 5601 inferius
3499 5584 3512 5610 ,
3555 5545 3700 5598 emit-

2105 5619 2314 5698 ten‘dos,
2343 5627 2487 5698 quod
2517 5622 2799 5698 etiamhic
2825 5619 3144 5698 balntPar.

2178 5696 2260 5772 (h)
2290 5683 2346 5755 In
2362 5683 2622 5770 'vulgatis,
2637 5695 2868 5766 adwque.
2888 5691 3205 5748 Betinemus
3226 5701 3346 5746 cum
3360 5699 3493 5745 mss.
3517 5683 3674 5744 Rom.
3688 5726 3704 5758 ,

3117 5781 3197 5842 33
