4172 6188
446 79 583 142 1057

1334 73 1880 134 COMMENTARIUS
1918 68 1985 132 ΙΝ
2020 72 2453 133 ΜΑΤΤΗΔΞΗΜ.
2496 76 2652 133 CAP.
2696 74 2837 133 XXI.

3596 82 3732 144 ωδε

444 196 663 253 nitionis
713 192 832 264 ejus
880 207 1312 250 commemorans
1366 192 1771 259 auctoritatem,
1833 209 1951 261 quae
1984 192 2035 245 in
2064 192 2111 252 Α
2140 192 2254 247 sius
2275 193 2482 273 artrisse
2513 191 2675 259 (Ibid.
2705 193 2799 265 20)
2834 210 2845 246 :
2879 192 3000 265 quia
3034 194 3316 264 prmsentis
3344 195 3466 253 facti
3488 196 3729 255 efﬁcacia

442 288 705 362 pr0pbeta
759 298 1025 343 teneatur.
1056 285 1187 342 Nam
1218 287 1476 357 scriptum
1507 297 1590 341 est
1637 304 1650 339 :
1684 283 1881 339 Domus
1926 300 2039 338 mea

445 379 627 437 domus
654 379 900 436 orationis
925 380 1217 445 vocabitur;
1236 394 1322 434 vos
1346 391 1515 434 autent
1533 379 1724 449 fecistis
1756 376 1900 431 illam
1924 391 2040 449 spe-

449 476 654 531 luncam
684 474 943 528 latronum
972 469 1145 544 (Esai.
1181 487 1295 540 ιιι,
1320 471 1386 539 7;
1418 469 1609 525 ΜαιιΙι.
1638 485 1747 534 xst,
1781 466 1891 540 l5).
1931 467 2039 525 Sed

446 583 620 639 neque
648 580 831 623 emere
856 564 1073 621 Judmos
1105 545 1157 618 in
1214 565 1496 636 Synugoga
1520 604 1535 628 ,
1583 578 1759 633 neque
1807 560 2041 616 vendere

447 660 708 731 Spiritum
733 671 979 715 sanctum
1001 672 1158 728 posse
1185 654 1604 712 exisdmandum
1627 664 1730 712 est.
1752 651 1869 709 Non
1894 651 2039 710 enim

445 746 718 809 habebant
748 760 804 806 ut
847 750 926 824 (α)
978 749 1160 805 Venire
1205 758 1460 820 possent,
1512 762 1687 818 neque
1729 756 1844 803 erat
1898 744 2040 817 quod

445 862 629 904 emere
658 846 779 917 quis
808 851 992 915 posset
1020 862 1032 897 ;
1065 842 1160 899 sed
1194 839 1552 913 praeﬁguratio
1598 840 1895 894 futurorum
1923 836 2040 891 dic-

450 942 518 995 tis
573 936 926 1008 praesentibus
971 937 1313 999 continetur,
1354 931 1613 988 Ecclesiae
1657 931 1782 985 vitia
1830 930 1882 985 in
1925 928 2044 1000 ipso

449 1032 682 1088 adventu
712 1031 1000 1087 dominica:
1030 1027 1289 1084 claritatis
1313 1041 1433 1083 esse
1470 1024 1762 1098 purganda.

521 1126 575 1181 5.
604 1123 948 1180 lnﬁrmitates
974 1136 1189 1192 quoque
1220 1132 1486 1176 caecorum
1524 1128 1577 1174 et
1602 1116 1916 1172 claudorum
1946 1130 2043 1170 cu-

453 1216 594 1272 ravit
623 1217 675 1270 in
727 1215 928 1285 templo
957 1210 1121 1283 (Ibid.
1165 1210 1253 1282 Us)
1283 1222 1374 1267 :et
1427 1209 1664 1281 publicas
1702 1206 1821 1278 ejus
1853 1221 2047 1278 opera-

461 1309 638 1364 tiones
665 1307 812 1362 favor
844 1305 1023 1377 pepuli
1058 1316 1382 1360 consecutus
1413 1314 1515 1358 est.
1570 1300 1820 1357 Invident
1862 1310 2043 1354 autem

453 1414 746 1474 puerorum
792 1398 1120 1454 clamoribus
1149 1399 1418 1469 principes
1464 1395 1844 1462 sacerdotum,
1896 1409 2048 1450 eum-

452 1508 555 1565 que
580 1491 871 1549 admonent
893 1505 990 1546 cur
1021 1490 1120 1546 ista
1146 1489 1326 1543 audiat
1350 1486 1512 1560 (Ibid.
1538 1484 1658 1559 15);
1707 1488 1759 1541 in
1793 1486 2043 1553 redempo

2139 284 2300 341 futuri
2334 287 2618 357 imaginem
2652 285 2990 358 praeferebat.
3021 285 3155 342 Cum
3180 289 3324 344 enim
3353 290 3404 345 in
3432 308 3596 361 regno
3620 308 3732 351 cm-

2141 380 2261 435 lcsti
2289 380 2603 449 advenerit,
2637 382 2691 437 in
2731 391 2974 453 tempore
3016 383 3130 453 ipso
3159 382 3421 440 adventus
3464 386 3581 456 ejus
3610 388 3730 444 inﬁ-

2141 470 2377 527 delitatis
2422 472 2658 529 Judaica:
2722 475 3058 553 sterilitatem
3106 482 3323 530 attat-nae
3370 477 3733 536 damnationis

2141 568 2407 621 sententia
2434 577 2813 637 consequetur.
2865 565 3010 634 Quos
3055 565 3381 641 (discipulos)
3425 569 3683 626 Dominus
3710 612 3728 639 ,

2143 659 2189 711 si
2221 657 2380 713 ﬁdem
2415 655 2701 712 habuerint
2748 672 2854 712 non
2886 659 3059 712 solum
3100 657 3213 713 haec
3236 699 3252 723 ,
3288 658 3382 714 sed
3430 670 3485 714 et
3529 662 3733 732 majora

2144 747 2338 808 horum
2369 765 2460 805 eos
2511 764 2670 819 posse
2714 750 3018 805 conﬁrmat.
3068 749 3148 804 ltli
3180 749 3396 821 quidem
3442 750 3735 821 judicaturi

2144 853 2303 899 erant
2328 842 2517 908 Israel,
2540 841 2835 899 secundum
2859 841 3241 899 antecedentes
3258 845 3577 914 sponsiones
3604 862 3615 898 :
3640 845 3737 901 sed

2144 936 2305 990 etiam
2331 933 2422 1005 jus
2451 950 2610 990 omne
2642 935 2693 989 in
2723 934 2993 989 diabolum
3023 977 3035 998 ,
3067 952 3222 1005 quem
3262 947 3499 992 montem
3528 954 3737 993 nuncu-

2147 1036 2257 1097 pat,
2290 1034 2470 1081 essent
2494 1024 2855 1082 consecuturi.
2892 1026 2981 1080 Ait
3005 1026 3147 1082 enim
3197 1026 3306 1083 ita:
3367 1027 3428 1083 Si
3464 1029 3619 1099 ﬁdem
3647 1029 3740 1083 Ita-

2148 1119 2377 1183 bueritis,
2412 1137 2513 1174 non
2541 1120 2707 1176 solum
2730 1120 2791 1174 de
2810 1117 3034 1191 ﬁculnea
3061 1118 3279 1189 facietis,
3314 1117 3402 1173 sed
3429 1129 3476 1174 et
3503 1123 3545 1173 si
3578 1121 3738 1175 monti

2146 1210 2267 1265 huic
2288 1212 2517 1267 dixeritis
2541 1228 2559 1267 :
2580 1206 2727 1267 Tolle
2753 1220 2799 1266 et
2817 1214 2963 1285 jacla
2981 1221 3029 1266 te
3053 1212 3104 1266 in
3131 1213 3285 1278 mari,
3308 1212 3395 1283 [iet
3427 1210 3589 1284 (Ibid.
3614 1213 3731 1285 2i).

2147 1299 2192 1358 Ο
2221 1303 2408 1374 ingens
2437 1304 2556 1359 ﬁdei
2592 1307 2891 1374 praunium,
2920 1305 3074 1377 cujus
3102 1308 3293 1361 merito
3323 1305 3377 1361 in
3411 1316 3613 1362 tantum
3640 1323 3740 1378 po-

2150 1403 2317 1449 testas
2346 1394 2678 1451 credentiutit
2706 1398 3005 1464 extollitur,
3035 1409 3091 1454 ttt
3112 1397 3402 1469 judicatnri
3436 1402 3740 1470 universos,

2150 1484 2266 1555 pari
2288 1487 2592 1543 seieritatis
2622 1490 2886 1545 sententia
2923 1490 2974 1545 in
2998 1491 3394 1548 damnationem
3426 1492 3608 1550 saeculi
3631 1495 3747 1551 dia-

454 1584 655 1642 tionetn
716 1584 860 1641 enim
914 1584 1125 1640 venisse
1175 1581 1366 1637 donms
1412 1580 1577 1637 David
1631 1578 2043 1650 prmdicabatur.
2077 1573 2128 1635 B
2153 1576 2260 1631 boli
2288 1579 2658 1636 celsitudinem
2691 1583 2996 1653 molemque
3028 1584 3341 1655 demergunt
3369 1586 3383 1640 !

459 1679 662 1748 Quibus
693 1678 992 1750 respondit,
1019 1694 1123 1733 non
1151 1678 1346 1748 legisse
1374 1690 1470 1731 eos
1499 1692 1512 1728 :
1547 1673 1629 1730 Ea:
1654 1690 1741 1727 ore
1764 1673 2044 1744 infantium

457 1783 504 1829 et
535 1772 833 1828 laetantium
860 1772 1119 1844 perfecisti
1146 1770 1347 1825 laudent
1364 1766 1525 1840 (Ibid.
1549 1766 1638 1831 16;
1661 1764 1805 1820 Psat.
1834 1780 1943 1827 \‘llt,
1963 1764 2042 1835 5):

450 1864 789 1922 cessantibus
836 1866 978 1919 enim
1029 1862 1349 1933 prudentum
1393 1859 1650 1931 judiciis,
1703 1857 1844 1913 hanc
1887 1856 1986 1913 sibi
2014 1872 2044 1909 a

458 1957 640 2027 pueris
672 1965 835 2024 atque
874 1953 1188 2015 infantibus.
1237 1968 1467 2025 quorum
1513 1950 1583 2006 sit
1625 1964 1850 2021 regnum
1879 1947 2047 2003 etelo—

457 2063 601 2113 rum,
652 2044 1011 2101 confessionis
1038 2045 1261 2116 gloriam
1308 2050 1711 2114 przeparatam;
1766 2039 1890 2111 quia
1922 2053 2049 2108 ptu-

455 2136 647 2196 dentes
680 2148 735 2194 et
775 2139 1044 2210 principes
1073 2136 1255 2193 smculi
1306 2134 1623 2206 sapientiam
1660 2132 1752 2187 Dei
1792 2130 2050 2202 reproba-

460 2236 676 2303 verint,
724 2234 996 2290 Christum
1045 2241 1224 2288 autem
1260 2229 1334 2304 (b)
1381 2228 1805 2301 regeneratiOnis
1845 2226 2049 2297 parvuli

453 2329 821 2399 lactentesque
848 2329 954 2385 sint
986 2325 1325 2398 przedieaturi
1367 2343 1379 2379 :
1408 2323 1479 2379 Et
1514 2325 1593 2379 Itis
1616 2324 1765 2379 dictis
1795 2323 2050 2377 civitatem

460 2438 693 2494 egressus
742 2421 950 2488 reliquit
978 2436 1082 2486 eos,
1126 2430 1276 2489 atque
1302 2418 1356 2472 in
1382 2415 1634 2472 Bethania
1659 2416 1845 2471 mansit
1883 2414 2047 2485 (Ibid.

457 2511 566 2585 17).
599 2512 873 2568 [nﬁdelem
903 2510 1155 2567 videlicet
1199 2512 1538 2582 Synagogam
1566 2508 1828 2566 deserens
1857 2509 1911 2563 in
1945 2506 2049 2562 Ec-

458 2604 878 2675 clesiasgentiutn
910 2602 1241 2658 demoratur.
1450 2602 1459 2610 ’

535 2694 589 2749 6.
639 2691 797 2748 Ficus
838 2693 1011 2763 [ructu
1064 2708 1166 2747 non
1219 2691 1358 2761 foliis
1385 2706 1582 2747 carens.
1657 2689 2055 2762 Synagoga.—-

463 2784 621 2841 Mane
646 2796 816 2840 autent
846 2785 1097 2840 transiens
1122 2783 1174 2837 in
1213 2784 1464 2838 civitatein
1488 2824 1503 2850 ,
1553 2782 1729 2838 esuriit
1760 2800 1774 2836 :
1811 2792 1857 2836 et
1883 2782 2054 2836 videns

460 2877 693 2934 arborem
720 2877 808 2946 ﬁci
834 2893 988 2931 unum
1026 2892 1172 2930 secus
1196 2876 1330 2929 ciant
1352 2914 1369 2940 ,
1416 2874 1546 2928 venit
1576 2874 1644 2927 ad
1670 2890 1803 2935 eam.
1833 2884 1888 2928 et
1933 2871 2055 2928 reli-

2220 1666 2274 1725 8.
2309 1667 2588 1744 Synagoga
2617 1690 2715 1743 qua
2745 1680 2942 1729 ratione
2965 1676 3086 1746 [icui
3127 1687 3468 1750 comparetur.
3498 1708 3571 1721 —
3604 1658 3748 1736 Con;

2151 1763 2405 1818 tuendum
2434 1776 2612 1819 autem
2641 1776 2721 1821 est
2740 1807 2754 1831 ,
2779 1781 2886 1837 qua
2916 1769 3126 1824 ratione
3161 1770 3441 1843 Synagoga
3486 1773 3620 1827 ﬁcus
3660 1788 3747 1827 ar-

2106 1906 2109 1907 ν
2150 1852 2269 1911 bori
2298 1866 2662 1927 comparetur.
2705 1856 2832 1915 Haec
2877 1874 3107 1932 namque
3149 1862 3309 1916 arbor
3360 1863 3750 1919 dissimilitera

2151 1958 2467 2003 caeterarum
2494 1949 2748 2005 arborum
2779 1960 2831 2006 et
2853 1962 3042 2008 natura
3065 1962 3121 2009 et
3150 1950 3459 2012 conditione
3489 1955 3749 2012 ﬂorescit.

2151 2037 2283 2093 Nam
2308 2037 2409 2094 ﬂos
2432 2040 2480 2095 ei
2513 2038 2720 2111 primus
2751 2043 2804 2097 in
2830 2044 3003 2112 pomis
3034 2052 3137 2111 est,
3170 2044 3265 2100 sed
3297 2063 3403 2100 non
3446 2047 3497 2101 in
3529 2046 3751 2116 bis(po-

2152 2129 2295 2202 mis),
2320 2146 2443 2203 qua:
2482 2124 2842 2190 maturitatem
2875 2143 2932 2190 ut
2972 2138 3292 2192 emerserint
3328 2150 3750 2210 consequantur.

2153 2220 2356 2280 Grossa
2409 2225 2552 2281 enim
2601 2224 2718 2282 inec
2765 2236 2815 2282 et
2849 2230 3151 2283 communis
3180 2243 3306 2284 usus
3355 2238 3410 2285 et
3437 2230 3754 2302 prophetica

2155 2316 2450 2374 auctoritas
2475 2318 2819 2391 nuncupavit.
2865 2318 3060 2375 Verum
3100 2327 3283 2390 postea
3312 2321 3535 2377 interna:
3565 2322 3755 2379 fecun-

2155 2409 2339 2466 ditatis
2351 2411 2549 2466 virtute
2573 2412 2925 2480 exuberante,
2947 2411 3189 2483 ejusdem
3217 2415 3416 2485 speciei
3446 2425 3608 2486 atque
3635 2414 3750 2472 for-

2158 2520 2259 2561 mze
2294 2519 2453 2575 poma
2485 2517 2840 2577 prorumpunt
2863 2547 2880 2573 ,
2915 2506 3109 2579 quibus
3136 2510 3609 2579 prorumpentibus
3651 2510 3753 2566 ista

2168 2597 2493 2665 truduntur,
2523 2610 2577 2654 et
2604 2599 2879 2656 dissolutis
2931 2599 3125 2672 quibus
3154 2601 3568 2657 continebantur
3612 2602 3756 2657 radi-

2158 2690 2310 2745 cibus
2340 2690 2639 2758 decidunt,
2687 2691 2901 2761 aliaque
2928 2690 3015 2746 illa
3055 2691 3306 2748 exeuntia
3344 2708 3512 2763 usque
3547 2692 3615 2747 ad
3646 2709 3761 2749 ma-

2161 2782 2436 2837 turitatem
2490 2781 2756 2837 lructnum
2792 2781 3182 2851 provebuntur.
3228 2782 3336 2838 Sed
3363 2782 3431 2839 de
3470 2782 3766 2855 superiori-

2164 2876 2267 2931 bus
2298 2874 2405 2933 illis
2444 2872 2493 2931 si
2536 2875 2751 2947 quando
2782 2874 3051 2939 inciderit,
3084 2885 3137 2931 ut
3168 2874 3223 2931 in
3253 2878 3375 2931 sinu
3425 2876 3760 2948 virgularum

462 2987 563 3041 qua
595 2968 760 3041 (Ibid.
792 2969 881 3037 18,
916 2966 1029 3039 l9).
1059 2966 1205 3022 Idem
1228 2968 1304 3037 (c)
1332 2967 1624 3022 etiamnum
1649 2981 1830 3022 rerum
1859 2965 2051 3023 cmles-
2078 2958 2126 3026 C
2162 2984 2226 3025 ex
2259 2968 2469 3025 ranmlo
2493 2969 2684 3025 eodem
2718 2969 3101 3039 prodeuntium
3145 2969 3507 3037 emerserint;
3539 2980 3762 3027 manent

457 3064 592 3120 tium
618 3062 753 3119 ordo
782 3062 1146 3132 pmmittitur.
1172 3060 1304 3116 Nam
1337 3061 1387 3114 in
1424 3060 1529 3114 ﬁcu
1580 3060 1875 3132 Syuagoga:
1906 3061 2052 3127 posi-

456 3164 569 3212 tum
600 3154 909 3224 exemplum
957 3160 1062 3208 est.
1101 3153 1235 3208 Dato
1291 3152 1434 3207 enim
1475 3152 1808 3224 paenitentiae
1837 3151 2011 3223 spatio
2035 3193 2051 3218 ,

457 3262 525 3304 eo
559 3240 808 3301 videlicet
835 3256 1079 3314 tempore
1105 3240 1247 3311 quod
1291 3243 1432 3298 inter
1471 3243 1776 3313 passioitem
1807 3252 1862 3297 et
1906 3243 2052 3299 redi-

460 3350 571 3394 tum
599 3338 858 3394 claritatis
885 3344 968 3392 est
994 3334 1253 3401 medium,
1275 3335 1454 3390 veniet
1479 3335 1727 3390 esuriens
1754 3332 1925 3405 plebis
1953 3333 2053 3389 lm-

455 3430 548 3503 jus
575 3429 826 3496 salutem,
860 3437 916 3485 et
942 3428 1179 3483 inveniet
1231 3425 1599 3493 infecundam,
1648 3427 1791 3482 Iuliis
1824 3437 2057 3482 tantum-

461 3523 624 3580 modo
647 3525 916 3586 vestitam,
944 3518 1110 3594 774
1131 3521 1181 3576 id
1201 3530 1305 3588 est,
1340 3520 1521 3577 verbis
1551 3521 1801 3576 inanibus
1818 3520 2055 3592 glorian-

465 3627 613 3681 tem,
660 3615 754 3671 sed
794 3613 1056 3670 fructibus
1104 3628 1357 3678 vacuam,
1388 3613 1643 3683 operibus
1672 3613 1868 3683 quippe
1900 3612 2055 3668 bonis

462 3707 722 3773 sterilem,
751 3717 805 3764 et
832 3706 1162 3778 exspectatis
1191 3705 1547 3775 proventibus
1574 3706 1792 3759 nudam.
1833 3704 1903 3760 Et
1931 3703 2055 3775 quia

466 3801 765 3875 paenitendi
795 3811 1006 3871 tempus
1044 3802 1333 3857 excesserit
1356 3839 1373 3864 ,
1418 3798 1471 3853 in
1494 3807 1807 3869 perpetuum
1838 3807 2057 3854 senten-

466 3895 536 3951 tia
556 3894 740 3965 judicii
774 3892 1009 3951 ccelestis
1037 3902 1265 3949 arescet.
1294 3890 1429 3945 Etin
1457 3906 1523 3945 eo
1553 3889 1769 3961 quidem
1804 3889 2059 3946 bonitatis

462 3987 749 4045 dominicae
792 3995 1165 4058 argumentum
1194 3984 1525 4054 reperiemus
1556 3982 1657 4053 (ά).
1685 3983 1816 4038 Nam
1861 3982 1949 4037 ubi
1978 3981 2060 4037 af-

461 4078 604 4137 ferre
651 4080 820 4135 voluit
874 4088 1172 4150 procurata:
1218 4090 1315 4147 per
1356 4090 1416 4131 se
1458 4075 1651 4129 salutis
1699 4074 2054 4145 exemplum,

459 4174 675 4230 virtutis
704 4189 817 4229 sine
847 4180 1169 4243 potestatem
1198 4170 1250 4224 iu
1282 4169 1530 4224 humanis
1559 4168 1879 4239 corporibus
1900 4184 2058 4225 exer-

461 4267 598 4324 cuit.
629 4281 779 4337 spem
811 4263 1110 4320 futnrorum
1146 4271 1200 4318 et
1223 4262 1419 4317 anima:
1458 4260 1691 4316 salutem
1730 4260 1875 4317 curis
1922 4277 2057 4332 prte-

2158 3081 2397 3136 semper,
2424 3075 2479 3120 et
2506 3080 2613 3119 non
2635 3062 2771 3119 sicut
2796 3077 2983 3133 grossa
3010 3076 3208 3120 caetera
3231 3063 3506 3133 decidunt,
3531 3064 3627 3120 sed
3649 3064 3757 3120 lue-

2158 3171 2281 3217 rent
2310 3158 2422 3215 sola
2470 3164 2682 3214 tantum
2706 3199 2723 3225 ,
2750 3172 3019 3229 pomaque
3046 3166 3242 3213 caetera
3284 3157 3592 3215 maturitate
3623 3174 3762 3229 pra:-

2159 3253 2402 3309 veuiunt.
2437 3249 2507 3307 Et
2535 3250 2634 3306 hos
2657 3248 3051 3320 pulcherrimos
3080 3248 3289 3305 fructus
3305 3250 3470 3305 arbor
3492 3250 3583 3305 illa
3613 3266 3680 3307 ex
3701 3266 3762 3307 se

2158 3346 2333 3411 dabit,
2363 3344 2455 3417 qui
2480 3360 2603 3400 cum
2623 3344 2830 3417 grossis
2858 3344 3068 3400 cteteris
3093 3354 3524 3415 promergentes,
3546 3344 3614 3401 de
3639 3360 3760 3400 mo-

2158 3439 2248 3496 dio
2300 3442 2650 3508 utrarumque
2692 3436 3022 3507 virgularum
3077 3436 3341 3492 claviculo
3391 3436 3757 3507 proferentur.

2158 3530 2322 3602 Igitur
2351 3545 2420 3585 ex
2465 3528 2779 3584 conditione
2825 3524 3041 3582 arboris
3088 3528 3302 3597 pr0pria
3345 3537 3402 3584 et
3444 3538 3760 3600 competens

2164 3623 2465 3696 Synagoga:
2495 3620 2793 3677 similitudo
2821 3618 3094 3690 proposita
3119 3628 3222 3675 est.
3301 3645 3307 3650 ·

2232 3712 2285 3769 9.
2319 3712 2553 3784 Apostoli
2579 3711 2737 3785 primi
2762 3728 2828 3767 ea:
2859 3710 3140 3785 Synagoga
3165 3715 3383 3783 fructus.
3415 3711 3651 3768 Aliorum
3677 3714 3761 3770 in-

2159 3804 2384 3876 ﬁdelitas
2414 3804 2468 3858 in
2493 3801 2661 3858 Adam
2688 3812 2734 3856 et
2763 3798 2877 3857 Eva
2903 3804 3229 3875 praesignem.
3262 3829 3335 3845 -—
3359 3802 3569 3861 Primos
3611 3805 3758 3861 enim

2160 3894 2347 3968 populi
2376 3893 2617 3963 fructus,
2648 3907 2789 3965 quos
2808 3893 2878 3948 ab
2922 3893 3147 3949 exordio
3176 3894 3509 3965 protulerat,
3538 3911 3758 3967 grossu-

2161 4004 2282 4047 rutn
2311 3989 2495 4046 amisit
2520 3988 2768 4059 exemplo
2798 4004 2811 4040 :
2842 3986 3007 4060 775
3032 3986 3157 4055 quia
3183 3988 3394 4058 plebem
3437 3988 3557 4058 ejus
3594 3988 3761 4047 inuti-

2162 4083 2293 4151 lem,
2315 4082 2491 4139 ﬁdelis
2514 4090 2568 4137 et
2597 4079 2845 4152 pertinax
2866 4089 2923 4135 et
2952 4095 3122 4152 usque
3148 4080 3215 4135 ad
3237 4083 3757 4138 consummationem

2163 4187 2469 4246 temporum
2519 4187 2744 4228 manens
2794 4170 3024 4243 populus
3062 4170 3301 4242 gentium
3334 4174 3615 4242 pl‘Otl‘ISil.
3647 4173 3758 4229 γε.

2161 4276 2465 4324 rutntamen
2494 4263 2781 4320 credentes
2812 4262 2969 4333 primi
2994 4278 3060 4317 ex
3099 4261 3265 4318 Israel
3288 4260 3558 4332 Aposmli,
3588 4272 3645 4319 et
3671 4265 3757 4320 in-

464 4372 696 4417 setmum
722 4356 1099 4430 mgritudinum
1131 4352 1535 4413 commendans.
1586 4354 1738 4410 Nunc
1783 4370 1913 4410 vero
1970 4353 2060 4410 ubi
2084 4341 2142 4408 Ι)
2169 4371 2249 4415 ter
2278 4358 2475 4428 Legem
2507 4365 2562 4411 et
2588 4352 2879 4424 Evangelia
2908 4368 3223 4424 grossorum
3252 4356 3414 4437 modo
3431 4354 3758 4412 inhaerentes

466 4449 541 4524 (ε)
588 4451 641 4506 ἱη
668 4459 1015 4505 contumaces
1058 4448 1283 4502 formam
1325 4445 1630 4502 severitatis
1658 4444 2056 4519 constituebat,

463 4544 625 4600 futuri
649 4546 884 4616 speciem
916 4543 1112 4598 damno
1151 4541 1365 4596 arboris
1404 4539 1687 4604 indicavit,
1721 4550 1777 4594 ut
1823 4538 2055 4594 inﬁdeli-

466 4640 591 4694 tatis
618 4636 910 4707 periculum
958 4635 1076 4690 sine
1130 4633 1455 4690 detrimento
1498 4648 1705 4701 eorum,
1742 4635 1793 4689 in
1824 4648 2055 4705 quorum

464 4730 895 4799 redemptionem
921 4737 1167 4793 venerat,
1199 4726 1506 4782 doceretur.

537 4824 592 4878 7.
624 4820 896 4878 διενὶιόωεί
912 4804 1176 4874 damnatio
1198 4827 1269 4873 est
1292 4825 1505 4873 (eterna.
1526 4815 1678 4873 Fidei
1687 4818 2058 4891 jam—Admi-

464 4921 655 4985 rantur
685 4928 815 4968 vero
854 4910 1101 4981 discipuli
1132 4909 1382 4964 arborem
1410 4908 1465 4962 in
1512 4920 1788 4964 tuomento
1828 4908 1954 4966 dicti
1982 4909 2062 4983 ip-

538 5052 621 5128 (ιι)
649 5052 741 5112 Sic
785 5051 917 5108 Bad.
952 5050 1493 5128 sincerioribus
1522 5062 1653 5105 mss.
1688 5049 1755 5128 lu_
1776 5051 1893 5106 aliis
1909 5051 2056 5128 edit.

463 5121 688 5182 vendere
710 5123 1009 5197 possentrln
1031 5123 1305 5197 aliismss.
1326 5121 1497 5177 venire
1522 5131 1712 5197 posset.
1738 5122 1797 5197 l_n_
1821 5123 2062 5197 utrisque

468 5199 586 5253 haec
614 5193 839 5250 mulatio
883 5195 1103 5250 minime
1147 5194 1284 5248 facta
1315 5203 1483 5259 esset,
1513 5195 1556 5247 si
1589 5210 1707 5262 cap.
1741 5193 1829 5257 10.
1863 5209 1916 5247 ιι.
1968 5194 2054 5262 I8,

466 5270 814 5325 elisarvatum
839 5267 1046 5329 fuisset,
1071 5265 1242 5320 verbo
1257 5281 1412 5319 veneo
1440 5263 1578 5333 apud
1600 5265 1856 5318 Hilarium
1885 5266 2063 5322 inesse

466 5338 577 5395 vim
604 5340 853 5393 activam.
875 5338 1073 5394 ludatis
1089 5342 1265 5391 mitem
1299 5350 1404 5390 non
1429 5336 1592 5390 fuisse
1617 5334 1875 5406 Spiritum
1901 5349 2061 5392 sanc-

468 5419 582 5467 tum
617 5409 702 5464 hic
728 5410 925 5465 dicitur
950 5408 1100 5479 juxta
1127 5407 1409 5470 Joannem,
1440 5422 1534 5468 vn,
1566 5406 1654 5479 50.

543 5481 621 5553 (ὕ)
654 5480 712 5535 In
758 5495 853 5535 sex
910 5477 1040 5534 mss.
1085 5481 1433 5553 generationes
1460 5477 2067 5553 ⁸ραι-ιηιζαεξΙαειεηιτδτιιιε

470 5547 574 5611 sint
600 5547 990 5621 pradicaturrc:
1035 5547 1214 5604 minus
1255 5550 1408 5622 bene.
1442 5548 1579 5616 Quid
1606 5547 1717 5622 sibi
1752 5547 2065 5622 velit_rege-

474 5616 757 5680 nera'tiotris
783 5622 1131 5688 vocabulum,
1158 5621 1479 5692 explicator,
1506 5633 1630 5690 cap“.
1658 5616 1751 5688 20,
1784 5638 1837 5675 ιι.
1869 5618 1923 5676 4.

2124 4482 2133 4489 κ
2162 4463 2388 4507 creteros
2417 4445 2831 4504 resurrectionis
2859 4445 3029 4517 gloria
3072 4452 3127 4500 et
3173 4456 3414 4515 tempore
3453 4446 3752 4501 anteibunt.

2169 4542 2236 4598 Et
2280 4540 2494 4609 quidem
2528 4539 2640 4609 jam
2672 4537 2725 4591 in
2747 4535 2971 4592 exordio
3009 4532 3236 4591 Genesis
3264 4535 3366 4610 (ut,
3393 4532 3470 4605 7),
3501 4535 3553 4590 in
3597 4534 3758 4606 hujus

2166 4639 2244 4692 rei
2275 4634 2529 4699 formam,
2562 4629 2822 4701 pudorem
2848 4641 3004 4683 suum
3052 4624 3220 4682 Adam
3273 4637 3435 4698 atque
3462 4626 3574 4683 Eva
3601 4628 3761 4696 hujus

2167 4727 2376 4784 arboris
2413 4722 2560 4780 foliis
2607 4728 2893 4786 texerunt,
2932 4733 3056 4774 ctam
3084 4733 3146 4775 se
3185 4718 3332 4788 ipsos
3357 4717 3427 4774 ad
3467 4719 3759 4775 adventum

2172 4817 2633 4879 Dominivocantis
2655 4812 2965 4871 occulerent
2998 4812 3159 4882 :quia
3185 4811 3464 4884 Syoagoga
3480 4812 3716 4869 inﬁdelis
3738 4853 3756 4880 ,

2171 4922 2228 4973 et
2253 4914 2388 4986 legis
2417 4909 2665 4968 mandata
2695 4902 3116 4977 transgrediens,
3144 4902 3493 4975 impudentiae
3519 4919 3631 4962 suae
3658 4904 3759 4963 fre-

2234 5052 2306 5128 (ς)
2340 5051 2448 5108 Sic.
2472 5047 2628 5128 Beda
2670 5044 2761 5100 Ero
2792 5048 2848 5097 ει
2885 5036 3399 5128 Ῑλίβὲίᾲέίςῃάθεθῇὶη
3441 5056 3571 5128 mss.
3598 5042 3753 5128 coll).

2164 5136 2219 5184 et
2237 5112 2421 5185 bin...
2446 5122 2594 5176 etiam
2638 5128 2963 5171 numerorum
2984 5112 3279 5167 caelestium.
3312 5112 3555 5171 Pessime
3579 5124 3759 5169 autem

2165 5198 2218 5253 in
2253 5197 2518 5264 plerisque
2550 5191 2707 5264 aliis;
2745 5185 2902 5264 etiam.
2928 5196 3167 5237 numerus
3191 5187 3481 5264 mlestiunt
3494 5190 3754 5264 ordinant.

2165 5255 2273 5324 Nec
2298 5255 2489 5320 melius
2507 5261 2644 5332 apud
2670 5256 2817 5322 Par.,
2836 5259 2989 5309 etiam
3020 5269 3282 5310 munerum
3296 5259 3569 5313 caelestium
3610 5255 3759 5310 ordo.

2245 5358 2325 5432 (d)
2355 5356 2613 5432 Bouitatis
2650 5354 2740 5408 Dei
2771 5360 3143 5432 arguttlentum
3174 5351 3346 5408 fusius
3382 5346 3763 5421 pertractatntn

2170 5418 2373 5489 videsis
2398 5428 2454 5484 in
2481 5428 2623 5483 Psat.
2654 5418 2915 5488 cxuv,’n.
2937 5418 2990 5480 9.

2244 5523 2453 5595 MP".
2470 5520 2557 5573 ubi
2575 5520 2629 5572 in
2642 5519 2957 5595 Μὴ
2971 5522 3189 5595 {annuos
3205 5514 3771 5595 seueritatisth

2173 5584 2279 5662 bal,
2300 5584 2923 5665 '[uturaspos'tomdom
2942 5584 3141 5643 dre-ris
3154 5585 3408 5657 judicavit
3424 5601 3440 5639 :
3454 5584 3777 5657 deprants.
