4172 6188
432 139 456 192 1
467 135 571 193 0'59

1649 126 1895 184 SANCTI
1921 126 2192 198 _lllLARll
2232 126 2535 185 EPISCOPI

3591 119 3732 178 1010

434 251 666 314 ditates,
717 256 772 302 et
828 245 1216 318 turpitudinum
1257 242 1628 300 confusionem
1679 243 2026 298 infructuosis
2054 245 2103 305 Α
2133 243 2246 314 ipsa
2278 242 2675 298 Pharisaeorum
2716 240 3001 310 responsio
3031 238 3158 309 quid
3199 237 3454 293 momenti
3487 235 3680 290 habeat
3715 275 3732 299 ,

436 350 582 397 esset
607 339 894 395 verborum
919 337 1232 394 velamentis
1262 346 1530 407 tamquam
1567 337 1699 391 licus
1737 335 1876 390 foliis
1900 351 2031 390 con-

439 441 666 488 tcctura.
696 431 873 500 Atque
911 431 1028 483 haec
1065 428 1283 498 quidem
1313 429 1379 484 de
1404 439 1590 482 natura
1621 427 1830 482 arboris
1876 427 2034 494 hujus

439 524 723 595 interiecta
753 534 916 587 sunt,
947 531 1005 577 ttt
1029 522 1448 592 comparationis
1486 523 1785 592 proprietas
1809 519 2034 589 intelligi

444 625 652 688 posset.
681 615 942 686 Reliquus
981 615 1162 687 itaque
1187 625 1462 686 gestorum
1495 614 1627 670 ordo
1664 622 1748 671 est
1775 625 2038 670 contuen-

437 711 559 768 dus.

511 804 600 860 10.
637 802 1025 857 Pharisworum
1078 802 1141 856 de
1181 801 1402 856 Joannis
1433 801 1686 871 baptismo
1711 808 2044 871 responsum

435 898 524 967 qui
546 913 738 951 verum.
768 924 841 936 —
861 894 1119 951 Phariszei
1149 895 1316 950 multa
1355 893 1555 949 exinde
1584 893 1834 950 viderant
1857 889 1932 966 (a)
1960 893 2042 948 in-

437 989 686 1061 gentibus
734 989 906 1060 magis
949 987 1110 1060 digna
1151 986 1460 1042 miraculis:
1495 987 1589 1042 sed
1628 1001 1772 1041 nunc
1807 984 2042 1041 maxime

437 1083 656 1139 solliciti
683 1089 832 1150 sunt,
864 1090 921 1138 et
966 1083 1330 1151 interrogant,
1387 1080 1441 1136 in
1469 1096 1572 1151 qua
1598 1079 1718 1135 inec
1746 1079 1905 1134 faciat
1940 1093 2040 1147 po-

439 1182 633 1232 testate
665 1171 903 1246 (Matt/1.,
938 1188 1047 1240 xxi,
1077 1171 1198 1245 25).
1225 1172 1331 1228 Res
1358 1172 1524 1236 enim,
1567 1173 1667 1227 sub
1695 1171 2040 1242 praesentium

437 1275 715 1337 gestorum
769 1265 1085 1332 effectibus,
1127 1265 1318 1334 ingens
1369 1264 1670 1320 futurorum
1719 1263 2046 1333 complecte-

437 1362 598 1417 batur
626 1375 905 1416 arcanum.
937 1358 1112 1429 Atque
1159 1359 1360 1414 idcirco
1409 1374 1475 1415 ex
1515 1373 1582 1414 co
1620 1356 1931 1428 specialiter
1959 1356 2044 1411 in-

438 1451 752 1524 terrogandi
783 1451 1054 1521 reperitur
1085 1449 1390 1516 instinctus,
1427 1451 1528 1504 sub
1561 1466 1668 1520 quo
1709 1451 1871 1504 totius
1899 1449 2044 1519 peri-

443 1544 553 1599 culi
606 1541 974 1613 prteformatio
1016 1541 1409 1612 proferebatur.
1456 1541 1713 1596 Dominus
1752 1539 2046 1610 respondet

2137 335 2488 405 quaerendum
2521 344 2622 389 cst.
2659 334 2850 388 Dicunt
2881 332 3144 387 voluntati
3175 333 3336 405 776
3364 331 3434 402 (c)
3458 329 3731 401 iuniorem

2143 429 2414 484 obedisse.
2450 428 2562 483 [loc
2591 443 2770 484 rerum
2797 428 2934 483 ratio
2963 443 3070 491 non
3099 428 3337 496 patitur,
3389 433 3447 479 ut
3483 423 3735 478 simulata

2146 519 2410 589 professio
2436 519 2684 574 meritum
2703 517 2950 588 perfectae
2972 516 3212 574 veritatis
3238 515 3509 581 obtineat;
3538 523 3595 568 ut
3617 513 3739 584 plus

2139 614 2211 668 sit
2228 612 2482 669 fefellisse
2513 613 2889 682 Spondentem,
2918 627 3074 682 quam
3107 609 3399 681 perfecisse
3423 610 3606 664 omnia
3629 623 3737 662 non

2144 704 2510 774 pollicentem.
2562 705 2695 773 Quis
2750 712 2929 758 autem
2982 717 3090 757 non
3141 702 3292 756 malit
3340 700 3524 770 negari
3555 699 3654 754 sibi
3682 697 3740 754 id

2141 795 2281 864 quod
2315 807 2519 865 poscat,
2544 795 2838 850 dummodo
2867 795 2919 850 id
2943 793 3086 865 quod
3111 793 3418 864 poposcerit
3441 792 3554 854 fiat,
3577 806 3740 861 quam

2142 903 2248 944 non
2283 888 2396 944 ﬁeri
2426 888 2566 959 quod
2595 887 2928 958 spondeatur
2969 898 3026 942 ut
3048 887 3172 953 ῆιιις
3200 902 3322 942 cum
3363 885 3490 939 faeti
3518 883 3742 940 effectus

2143 999 2210 1038 ex
2243 983 2622 1052 desperatione
2664 983 2734 1037 sit
2786 981 3025 1052 gratior,
3083 994 3210 1050 spes
3262 987 3442 1034 autem
3487 977 3743 1032 destituta

2145 1076 2268 1144 plus
2304 1075 2483 1130 doleat
2504 1075 2528 1129 ?
2551 1073 2667 1130 Nisi
2695 1075 2830 1130 forte
2853 1074 3188 1146 poscentium
3209 1072 3459 1128 voluntas
3491 1071 3605 1126 sola
3631 1068 3742 1126 sibi

2143 1166 2451 1222 adulatione
2478 1166 2854 1236 spondentium
2892 1164 3220 1222 blandiatur.

2218 1261 2305 1316 15.
2337 1259 2508 1315 Filius
2537 1260 2699 1332 prior,
2739 1259 2826 1328 qui
2871 1276 2933 1314 ea:
2968 1258 3252 1314 Pharisan's
3291 1256 3634 1312 crediderunt.
3662 1286 3735 1298 —

2145 1352 2560 1408 Recordandum
2593 1352 2753 1425 igitur
2782 1364 2886 1420 εει,
2923 1353 3346 1425 propositionem
3374 1353 3741 1423 comparatio-

2146 1445 2231 1501 nis
2262 1446 2416 1500 istius
2452 1462 2519 1500 ex
2561 1460 2628 1501 eo
2659 1461 2908 1501 sermone
2947 1445 3314 1513 descendere,
3347 1447 3435 1516 qui
3483 1446 3644 1501 initus
3672 1447 3749 1502 sit

2146 1537 2214 1593 de
2243 1537 2466 1605 Joanne,
2498 1549 2554 1593 ut
2587 1538 2920 1594 infidelitatis
2945 1538 3368 1604 cunctationem,
3396 1537 3475 1609 (ά)
3507 1547 3560 1593 et
3584 1554 3650 1594 ex
3677 1553 3746 1594 ea

442 1635 711 1691 dicturum
753 1649 877 1690 esse
902 1649 962 1689 se
1011 1633 1064 1688 in
1113 1649 1215 1704 qua
1257 1635 1373 1689 haec
1422 1634 1622 1689 faceret
1680 1642 1966 1703 potestate,
1996 1631 2043 1687 si
2074 1628 2123 1688 B
2150 1627 2352 1684 silentii
2395 1631 2774 1685 necessitatem
2821 1629 3124 1685 istiusmodi
3165 1631 3395 1698 positum
3436 1628 3748 1701 objurgaret

441 1725 602 1781 ntodo
642 1725 718 1780 illi
773 1725 1127 1796 interroganti
1176 1724 1282 1780 sibi
1328 1723 1774 1794 respondissent,
1821 1722 2046 1778 Joannis

441 1819 713 1888 baptisma
742 1828 922 1872 utrum
954 1817 1024 1872 de
1050 1817 1214 1882 coelo,
1244 1826 1335 1871 aut
1363 1832 1432 1871 ex
1461 1817 1770 1872 hominibus
1794 1826 2048 1886 putarent

447 1925 570 1967 esse
621 1907 786 1982 (Ibid.
817 1907 934 1980 24).
985 1908 1056 1963 At
1110 1907 1187 1963 illi
1230 1909 1602 1979 responsionis
1648 1924 1760 1964 sum
1807 1909 2048 1979 periculo

443 2010 784 2067 cunctantur,
828 1999 1125 2070 cogitantes
1151 2041 1166 2066 ,
1200 2001 1244 2054 si
1267 2000 1336 2056 de
1380 2002 1521 2056 creto
1547 2000 1773 2070 professi
1822 2009 2043 2068 essent,

442 2092 788 2149 confessione
814 2107 911 2147 sua
936 2105 995 2146 se
1027 2105 1149 2146 reos
1179 2090 1682 2162 deprehendendos,
1715 2106 1811 2148 cur
1839 2092 2041 2148 caeles-

449 2183 532 2240 tis'
562 2184 851 2240 testimonii
879 2183 1194 2238 auctoritati
1225 2199 1331 2239 non
1359 2182 1716 2239 credidissent
1749 2201 1762 2238 :
1792 2184 1835 2239 si
1858 2200 1923 2239 ex
1954 2185 2052 2238 ho-

451 2276 689 2332 minibus
715 2275 1036 2354 'dixissent,
1083 2275 1267 2330 turbas
1300 2275 1642 2336 verebantur.
1678 2275 1858 2344 plures
1905 2274 2048 2330 enim

447 2366 770 2439 prophetam
798 2365 1062 2422 Joannem
1096 2366 1364 2422 habebant
1393 2366 1556 2438 (Ibid.
1586 2365 1702 2438 26).
1737 2367 2052 2437 Responde-

373 2530 376 2532 γ
445 2469 573 2516 runt
619 2459 799 2530 itaque
825 2499 838 2525 ,
884 2459 1093 2514 nescire
1123 2473 1182 2512 se
1227 2455 1395 2529 (Ibid.
1435 2459 1551 2530 27).
1600 2458 1718 2513 Non
1757 2459 1940 2528 utique
1983 2458 2052 2514 de

450 2553 592 2610 coelo
620 2552 942 2608 nesciebant
965 2592 985 2619 ,,
1014 2567 1135 2607 cum
1164 2552 1408 2607 convinci
1441 2552 1665 2607 veritate
1703 2552 2052 2622 professionis

447 2663 562 2704 sure
589 2655 856 2703 metuunt.
906 2641 1012 2701 Sed
1061 2661 1248 2701 verum
1297 2645 1365 2701 de
1387 2661 1445 2700 se
1471 2646 1632 2700 etiam
1678 2660 1800 2700 cum
1827 2643 2050 2700 fallendi

449 2743 730 2798 voluntate
769 2741 1044 2795 dixerunt.
1076 2738 1182 2794 Per
1212 2739 1582 2795 infidelitatem
1616 2739 1762 2795 enim
1789 2755 1939 2794 suam
1977 2741 2045 2793 de

448 2835 588 2892 coelo
626 2850 747 2890 esse
771 2833 996 2890 Joannis
1019 2832 1286 2905 baptisma
1318 2832 1646 2888 nescierunt.
1680 2833 1834 2902 Quod
1867 2842 2048 2889 autem

448 2941 520 2981 ex
543 2925 852 2982 hominibus
873 2934 1043 2994 esset,
1072 2926 1271 2982 idcirco
1295 2942 1400 2982 non
1428 2935 1718 2997 potuerunt
1739 2931 1902 2995 scire,
1925 2929 2049 2998 quia

453 3032 564 3072 non
593 3027 730 3073 erat.

526 3112 614 3166 11.
646 3109 948 3183 Difﬁcultas
973 3111 1143 3180 prima
1171 3151 1186 3175 ,
1241 3112 1356 3181 quis
1385 3111 1522 3180 [illus
1565 3110 1758 3178 senior,
1805 3113 1918 3182 quis
1958 3114 2054 3186 ju-

453 3205 589 3258 nior.
620 3232 691 3244 --—
715 3202 884 3257 Homo
913 3203 1123 3272 quidam
1151 3203 1364 3258 habebat
1414 3205 1544 3258 duos
1575 3204 1731 3273 ﬁlios,
1765 3213 1819 3259 et
1846 3204 2052 3275 reliqua

455 3295 621 3368 (Ibid.
652 3294 766 3365 28).
800 3295 966 3350 Multa
1000 3303 1054 3350 et
1073 3297 1255 3365 gravia
1285 3305 1441 3360 sunt,
1465 3311 1586 3364 quae
1613 3297 1946 3353 confundere
1974 3298 2055 3353 in-

455 3386 807 3458 telligentiam
847 3396 1095 3456 possunt,
1144 3384 1246 3440 nisi
1276 3384 1471 3454 prioris
1501 3395 1557 3441 et
1587 3387 1900 3465 posterioris
1931 3402 2055 3442 sen-

459 3493 554 3534 sus
579 3477 823 3532 ordinem
856 3476 1210 3533 tenuerimus.
1261 3476 1390 3544 Quis
1433 3478 1577 3532 enim
1625 3476 1711 3531 hic
1759 3478 2056 3535 existimari

456 3569 659 3640 poterit
680 3567 822 3622 filius
850 3568 1057 3632 senior,
1088 3565 1181 3637 qui
1218 3568 1418 3622 iturum
1449 3582 1508 3622 se
1541 3566 1607 3622 ad
1653 3581 1786 3638 opus
1819 3583 2054 3640 negave-

456 3665 552 3728 rit,
586 3671 641 3718 et
690 3677 786 3732 per
818 3661 1188 3729 paenitentiam
1219 3660 1534 3716 emendatus
1564 3675 1630 3716 eo
1663 3676 1876 3716 rursum
1931 3677 2058 3732 pro-

459 3753 634 3809 fectus
655 3751 764 3807 sit?
794 3751 992 3821 Atquin
1025 3751 1204 3806 Isracl'
1238 3767 1342 3805 non
1375 3751 1623 3820 pcenitnit
1645 3793 1661 3819 ,
1695 3751 1790 3807 sed
1839 3753 1892 3808 in
1947 3752 2054 3808 Do-

456 3847 664 3901 minum
693 3858 884 3898 manus
911 3843 1112 3908 intulit,
1141 3849 1197 3896 et
1221 3842 1539 3897 universitas
1560 3843 1678 3913 ejus
1703 3843 1872 3899 Deum
1898 3859 2054 3900 suum

458 3936 627 4006 impio
656 3951 750 3990 ore
797 3933 1082 3990 crucifixit.
1132 3933 1409 3989 Juniorem
1441 3944 1618 3990 autem
1667 3951 1828 4006 quem
1858 3937 2058 3992 sentie-

461 4045 604 4097 mus,
635 4029 724 4100 qui
756 4029 954 4083 iturum
985 4044 1043 4084 se
1073 4028 1444 4098 spoponderit,
1473 4039 1527 4086 et
1554 4045 1662 4085 non
1688 4030 1916 4086 abierit?
1946 4031 2056 4088 Sed

463 4121 707 4193 gentium
734 4130 1189 4191 peccatorumque
1233 4120 1382 4191 plebs
1413 4121 1467 4175 id
1495 4121 1637 4191 quod
1664 4123 1950 4193 spopondit
1980 4124 2059 4180 ef-

463 4213 612 4270 fecit.
670 4211 818 4268 Abiit
869 4212 1012 4268 enitn
1040 4236 1076 4278 ,-
1105 4221 1161 4266 et
1199 4211 1265 4266 ad
1304 4227 1442 4282 opus
1481 4213 1549 4268 ad
1575 4213 1717 4284 quod
1773 4215 2060 4274 vocabatur

463 4319 682 4378 egressa
710 4312 823 4359 est:
843 4303 1114 4374 quomodo
1145 4318 1274 4374 ergo
1293 4303 1367 4375 (b)
1385 4321 1447 4360 ea
1481 4319 1602 4361 esse
1634 4321 1755 4377 quae
1779 4321 1883 4362 non
1905 4307 2055 4376 abiit,

462 4397 770 4455 sentietur?

530 4491 617 4546 12.
644 4489 940 4561 Difﬁcultas
963 4491 1145 4557 altera,
1171 4491 1259 4561 qui
1271 4490 1452 4562 junior
1477 4491 1736 4547 obediens.
1761 4523 1830 4534 -—-
1855 4494 2056 4552 Deinde

532 4606 610 4681 (a)
641 4607 873 4681 verbum
902 4606 1099 4681 hocab
1143 4605 1369 4681 Erasmo
1405 4607 1457 4681 i_n
1488 4607 1596 4662 duo
1641 4606 1893 4675 divisum,
1925 4619 2048 4681 puta

461 4684 516 4734 in
537 4678 786 4750 gentibus,
830 4681 908 4733 sic
934 4678 1191 4750 deinceps
1219 4679 1448 4750 obtinuit
1469 4719 1498 4750 ,_
1530 4693 1594 4732 ac
1623 4687 1878 4746 praeterea
1912 4680 2052 4749 apud

463 4748 589 4806 Par.
634 4750 880 4804 miraculo
910 4764 1006 4818 pro
1037 4749 1297 4802 miraculis
1334 4748 1680 4803 substitutum
1723 4760 1824 4804 est.
1851 4748 2053 4806 Obser-

464 4836 590 4875 vare
631 4832 713 4876 est
764 4819 1071 4874 miraculum
1105 4820 1307 4874 Hilario
1349 4818 1600 4874 usitatum
1631 4835 1752 4874 esse
1791 4838 1886 4890 pro
1932 4832 2054 4877 artu

461 4891 763 4946 admirandi
791 4932 806 4956 ,
838 4901 891 4945 et
910 4899 1095 4946 contra
1121 4891 1509 4944 admirationem
1541 4905 1635 4959 pro
1676 4906 1734 4945 re
1759 4893 2010 4948 mirabili.

541 4961 614 5032 (b)
653 4961 871 5028 Aliquot
902 4976 1028 5016 mss.
1074 4977 1132 5014 ea
1154 4962 1272 5022 isse,
1298 4976 1412 5032 qum
1441 4977 1541 5015 non
1567 4962 1690 5014 abiit
1719 4978 1738 5015 :
1763 4978 1833 5016 ex
1863 4964 2058 5032 quibus

462 5031 615 5102 Ρθιτ,
649 5033 846 5095 coisse,
876 5050 974 5102 quo
1001 5048 1103 5084 non
1128 5032 1271 5085 abiit.
1297 5031 1636 5102 Castigantur
1659 5048 1722 5086 ex
1747 5031 1906 5102 Bad.’,
1935 5035 2051 5102 Er.,

465 5100 614 5170 Lips.
647 5111 702 5157 et
733 5100 1030 5169 potioribus
1054 5118 1184 5157 mss.

534 5173 608 5243 (ε)
639 5171 942 5243 Pharisazos
970 5174 1072 5228 hoc
1109 5174 1178 5228 de
1216 5173 1430 5227 seniore
1470 5187 1789 5238 respOttsum
1832 5174 2054 5232 dedisse

461 5241 606 5298 nunc
645 5241 891 5312 legimus.
926 5245 997 5297 At
1039 5259 1145 5297 non
1195 5244 1380 5299 llilarii
1412 5243 1597 5308 modo,
1631 5244 1724 5298 sed
1767 5255 1822 5299 et
1860 5246 2052 5302 lliero-

460 5315 608 5382 nymi
655 5313 984 5382 temporibus
1008 5315 1220 5384 vulgata
1246 5323 1362 5369 erat
1397 5317 1576 5380 lectio,
1611 5332 1705 5370 eos
1723 5315 1923 5384 juniori
1956 5334 2052 5375 seu

455 5385 750 5440 novissimo
779 5383 1356 5453 obedientitepalmam
1395 5384 1627 5440 dedisse.
1672 5383 1820 5441 illam
1857 5398 2039 5444 tamen

455 5456 528 5510 ita
573 5457 762 5535 recipit
791 5453 1365 5535 Hieronymumeique
1404 5458 1902 5535 interpretationem
1943 5475 2037 5516 ac-

455 5471 528 5510 tta
573 5471 762 5582 rect‘rtt
791 5471 1171 5535 nteronymus,
1206 5471 1364 5525 etque
1404 5471 1902 5524 Interpretationem
1943 5475 2037 5516 ac-

453 5540 668 5581 commo
706 5535 846 5581 atam
873 5525 1108 5595 subjtcn,
1139 5534 1198 5579 ut
1220 5537 1275 5580 et
1301 5526 1606 5590 admoneat,
1636 5527 1691 5580 in
1715 5529 1847 5584 veris
1869 5547 2040 5588 exem-

457 5597 686 5669 plaribus
714 5615 814 5653 non
834 5595 1008 5652 haberi
1035 5596 1381 5668 novissimum,
1403 5598 1492 5653 sed
1519 5599 1759 5669 primum.

2149 1721 2479 1790 exemplum.
2522 1720 2630 1776 Sed
2669 1721 2808 1777 sicut
2844 1721 2897 1776 in
2942 1722 3158 1776 caeteris
3204 1721 3607 1788 admonuimus,
3650 1722 3742 1778 hic

2148 1829 2364 1884 quoque
2394 1813 2704 1870 meminisse
2745 1829 2842 1868 nos
2872 1823 3106 1885 Oportet,
3151 1815 3345 1869 rationi
3391 1830 3570 1870 rerum
3603 1830 3748 1884 pra:-

2149 1905 2386 1961 sentium
2431 1905 2632 1977 aliquid
2679 1905 2946 1962 interdum
2987 1921 3047 1961 ea
3081 1906 3388 1961 conditione
3427 1907 3637 1971 deesse,
3676 1915 3738 1961 ut

2149 1997 2450 2052 futurorum
2497 1999 2707 2068 species
2747 2003 2866 2054 sine
2893 1997 3090 2052 damno
3119 1998 3299 2068 aliquo
3332 1997 3404 2071 (e)
3433 1997 3747 2069 praefigura-

2147 2098 2216 2145 tte
2255 2088 2558 2144 efficientiae
2597 2090 2900 2161 expleatur.
2938 2089 3152 2144 Primus
3182 2098 3266 2146 est
3297 2090 3461 2155 filius,
3509 2092 3746 2160 populus

2151 2195 2217 2236 ex
2245 2181 2532 2237 Pharismis
2560 2181 2611 2236 in
2643 2197 2882 2252 praesens
2917 2198 2948 2237 a
2978 2182 3087 2238 Deo
3124 2197 3220 2253 per
3255 2181 3475 2236 Joannis
3506 2182 3749 2253 praphe-

2152 2273 2280 2327 tiam
2310 2283 2365 2327 ιιι
2396 2274 2682 2344 przeceptis
2710 2275 2822 2328 suis
2860 2275 3262 2346 obtemperaret
3287 2272 3612 2330 admonitus.
3641 2273 3748 2330 Hic

2153 2367 2392 2423 inSolens
2433 2377 2486 2423 et
2516 2367 2833 2423 inobcdicns
2874 2377 2929 2424 et
2956 2367 3112 2423 dictis
3153 2367 3513 2438 praesentibus
3552 2377 3750 2423 conlu-

2154 2477 2276 2515 max
2318 2461 2436 2528 fuit,
2478 2461 2681 2515 habens
2724 2460 2776 2515 itt
2821 2460 2939 2531 lege
2983 2459 3256 2530 fiduciam,
3287 2470 3342 2516 et
3370 2460 3746 2532 paenitentiam

2152 2563 2498 2622 peccatorum
2524 2552 2692 2623 gloria
2729 2553 3104 2624 praerogativae
3130 2568 3197 2609 ex
3233 2554 3506 2609 Abraham
3547 2552 3748 2608 nobili-

2156 2643 2280 2698 tatis
2320 2644 2654 2713 adspernans
2698 2661 2711 2698 :
2750 2645 2839 2715 qni
2888 2645 3144 2715 deinceps
3192 2661 3416 2715 operum
3473 2644 3750 2702 miraculis

2159 2748 2280 2808 post
2319 2736 2528 2791 Domini
2560 2737 3014 2792 resurrectionem
3048 2739 3316 2809 pcenitens
3350 2738 3450 2794 sub
3489 2738 3756 2810 apostolis

2155 2828 2405 2894 credidit,
2440 2828 2565 2883 facti
2595 2829 2698 2883 fide
2727 2829 2796 2884 ad
2833 2830 3163 2886 voluntatem
3195 2831 3526 2898 evangelica:
3552 2845 3753 2901 opera-

2156 2920 2318 2976 tionis
2347 2935 2647 2991 regressus,
2681 2921 2967 2978 anterioris
3007 2921 3309 2978 insolentiae
3335 2922 3550 2994 culpam
3581 2920 3756 2994 pomi-

2078 3018 2123 3083 (ζ
2158 3014 2321 3070 tendo
2348 3011 2630 3069 confessus
2658 3023 2761 3070 est.

2231 3103 2316 3162 14.
2348 3105 2521 3162 Filius
2543 3107 2746 3179 junior,
2781 3107 3040 3178 publicani
3069 3117 3115 3163 et
3143 3119 3451 3180 peccatores.
3479 3138 3550 3150 -—
3576 3107 3749 3165 Filius

2155 3209 2336 3256 autem
2361 3202 2559 3268 minor,
2586 3201 2739 3271 plebs
2759 3210 2842 3256 est
2871 3202 3280 3272 publicanorum
3306 3210 3362 3259 et
3384 3215 3754 3273 peccatorum,

2156 3293 2270 3362 ipsa
2331 3291 2534 3361 peccati
2586 3291 2638 3346 in
2688 3307 2794 3362 qua
2841 3302 2953 3346 tum
3007 3291 3391 3348 demorabatur
3444 3293 3758 3349 conditione

2158 3385 2442 3455 p05terior,
2461 3383 2548 3438 cui
2572 3395 2901 3454 praeceptum
2925 3384 2994 3439 sit
3015 3400 3109 3455 per
3129 3383 3390 3440 Joannem
3414 3394 3513 3439 uta
3537 3384 3758 3440 Christo

2156 3483 2496 3546 exspectaret
2525 3475 2752 3530 salutem
2777 3518 2792 3542 ,
2811 3474 2898 3549 (ι’)
2926 3485 2979 3531 et
3013 3475 3080 3531 ab
3107 3491 3172 3531 eo
3204 3476 3470 3547 baptizata
3500 3473 3755 3531 credide-

2157 3571 2246 3624 rit.
2279 3568 2383 3624 Sed
2410 3567 2554 3638 quod
2584 3568 2676 3634 ait,
2710 3568 3068 3639 spopondisse
3097 3584 3215 3625 eam
3242 3570 3434 3625 ituram
3457 3585 3537 3638 se,
3565 3579 3621 3625 et
3646 3585 3756 3625 non

2159 3661 2306 3726 isse;
2357 3659 2593 3714 ostendit
2634 3659 2930 3716 credidisse
2978 3676 3096 3716 eam
3143 3661 3358 3731 quidem
3401 3661 3615 3730 Joanni,
3656 3661 3758 3718 sed

2158 3753 2282 3824 quia
2322 3753 2691 3823 evangelicam
2733 3752 2980 3824 accipere
3015 3753 3314 3809 doctrinam
3349 3770 3454 3809 non
3495 3754 3592 3809 nisi
3623 3763 3752 3824 post

2159 3846 2465 3916 passionem
2509 3845 2721 3900 Domini
2765 3861 2863 3916 per
2903 3845 3180 3916 apostolos
3227 3847 3398 3914 potuit
3440 3847 3573 3919 (tum
3608 3845 3758 3902 enim

2159 3946 2317 3992 erant
2355 3936 2606 3992 humanae
2659 3937 2854 3992 salutis
2885 3948 3222 3993 sacramenta
3257 3937 3615 4010 peragenda);
3648 3953 3760 3994 non

2162 4031 2271 4087 isse
2311 4046 2430 4086 eam
2475 4029 2758 4102 significat.
2809 4028 3051 4102 Denique
3092 4047 3198 4086 non
3241 4031 3316 4085 ait
3361 4031 3622 4098 noluisse,
3656 4030 3757 4088 sed

2161 4139 2267 4179 non
2295 4125 2491 4180 abisse.
2534 4123 2642 4181 Res
2684 4133 2835 4180 extra
2868 4123 3082 4196 culpam
3115 4124 3447 4180 infidelitatis
3476 4135 3594 4191 est,
3623 4125 3751 4196 quia

2167 4221 2218 4275 in
2251 4219 2377 4276 facti
2407 4229 2521 4276 erat
2549 4218 2862 4275 difficultate
2891 4236 2957 4274 ne
2999 4219 3172 4274 fieret.
3203 4217 3318 4274 Non
3353 4219 3514 4290 igitur
3540 4219 3621 4275 ire
3645 4227 3758 4274 sta-

2163 4313 2257 4366 tim
2293 4311 2360 4366 ad
2401 4327 2538 4382 opus
2566 4311 2709 4381 quod
2753 4319 3077 4382 praeceptum
3116 4318 3202 4366 est
3239 4311 3450 4376 noluit;
3493 4309 3587 4366 sed
3626 4311 3755 4380 quia

2084 4406 2139 4469 D
2165 4405 2325 4480 777
2355 4405 2433 4460 ire
2463 4403 2540 4478 (g)
2566 4420 2672 4460 non
2706 4414 2934 4475 poterat,
2966 4419 3073 4460 non
3105 4406 3182 4460 iit.
3211 4403 3267 4458 lu
3293 4419 3360 4460 co
3390 4403 3533 4459 enim
3564 4418 3759 4460 neces-

2163 4500 2336 4553 sitatis
2366 4513 2517 4553 mora
2542 4500 2660 4553 sine
2689 4497 2914 4553 crimine
2945 4498 3232 4552 voluntatis
3255 4496 3582 4552 ostenditur.

2231 4613 2310 4686 (d)
2335 4613 2455 4668 Par.
2481 4621 2766 4686 expuncto
2779 4613 3036 4686 particula
3060 4621 3130 4678 et,
3159 4627 3279 4686 cum
3304 4611 3426 4686 aliis
3447 4610 3604 4665 editis
3624 4610 3756 4666 sub-

2153 4683 2392 4755 jici'chat,
2428 4701 2489 4738 ea:
2509 4701 2567 4738 ea
2595 4683 2788 4755 silentii
2809 4685 3130 4755 (necessitate.
3167 4683 3382 4737 ltectius
3411 4683 3473 4755 in
3491 4697 3619 4755 mss.
3654 4699 3750 4737 ne-

2159 4752 2461 4820 cessitatem,
2496 4763 2622 4824 puta
2649 4753 2844 4808 silendi
2877 4755 3016 4809 unde
3042 4753 3261 4809 Joannis
3291 4760 3436 4808 esset
3463 4752 3751 4824 baptisma.

2234 4829 2308 4895 (e)
2345 4823 2565 4880 Carnut.
2598 4839 2698 4897 ms.
2744 4841 2867 4897 cum
2903 4826 3053 4880 Colb.
3089 4826 3421 4897 prwﬁgurata
3463 4823 3749 4893 efﬁcientia.

2161 4898 2441 4953 Malletnus
2471 4895 2852 4967 prmﬁgurantis
2883 4897 3180 4967 eﬂicientiaz.

2237 4968 2305 5041 (f)
2334 4964 2811 5041 Post'particulatn
2845 4979 2890 5041 et
2909 4964 3167 5041 reticetur
3194 4983 3308 5037 qua:
3328 4966 3579 5041 :r_tutn_ab
3606 4981 3663 5020 eo
3685 4964 3756 5022 ad

2161 5037 2442 5101 Joannem,
2484 5053 2590 5092 non
2636 5037 2701 5090 ad
2743 5037 3016 5094 Christum
3057 5040 3311 5094 refertur.
3335 5038 3598 5104 Quocirca
3646 5051 3758 5093 non

2161 5111 2530 5178 recipiendum
2567 5107 2708 5177 quod
2747 5109 2798 5162 in
2830 5125 2930 5164 ms.
2967 5110 3245 5165 Vindocin.
3293 5117 3352 5164 ut
3392 5110 3444 5163 in
3478 5107 3684 5164 Turon.
3721 5122 3755 5164 a

2161 5182 2331 5252 prima
2364 5197 2545 5244 manu,
2570 5188 2614 5233 et
2643 5179 2705 5232 ab
2728 5195 2785 5233 eo
2812 5179 3357 5252 baptizata,icrederet.

2233 5251 2306 5324 (g)
2339 5251 2619 5324 Bad.cutn
2651 5265 2780 5305 mss.
2810 5253 2964 5324 Colb.
3001 5261 3054 5307 et
3079 5251 3268 5316 Carm,
3298 5253 3366 5306 iri
3400 5267 3502 5324 non
3534 5258 3752 5324 poterat.

2158 5320 2326 5377 Totus
2356 5323 2448 5377 ille
2480 5323 2653 5385 locus,
2689 5337 2753 5375 ne
2783 5323 2869 5377 cui
2891 5324 3105 5379 errandi
3137 5324 3352 5377 occasio
3383 5323 3473 5383 sit.
3506 5320 3756 5377 nonnihil

2169 5403 2252 5448 est
2291 5394 2697 5463 expendendus.
2729 5393 2844 5448 Non
2874 5397 3015 5451 enim
3059 5394 3145 5448 hie
3185 5404 3344 5464 negat
3384 5393 3616 5446 Hilarius
3659 5407 3757 5461 po-

2150 5471 2397 5520 testatem
2431 5465 2751 5528 absolutam,
2779 5467 2873 5520 sed
2905 5483 2971 5521 ex
2997 5465 3331 5526 conditione,
3358 5478 3462 5534 qua
3492 5465 3636 5534 Deus
3661 5464 3756 5517 de-

2147 5548 2415 5602 creverat,
2443 5545 2499 5591 ut
2531 5535 2664 5591 fides
2684 5537 2939 5606 gentibus
2962 5552 3067 5593 non
3099 5533 3486 5606 praedicaretur
3510 5533 3610 5588 nisi
3633 5542 3758 5606 post

2147 5608 2455 5678 passionem
2486 5603 2717 5666 Domini:
2750 5606 2868 5675 Quo
2895 5603 3111 5679 spectat
3133 5607 3264 5665 illud
3285 5606 3460 5678 Pauli,
3484 5603 3755 5677 Quomodo
