4172 6188
406 390 540 446 1041

1298 395 1841 458 COMMENTARIUS
1874 401 1940 457 IN
1977 403 2410 466 MATTIUEUM.
2451 409 2606 469 CAP.
2650 413 2814 470 XXII.

3556 429 3698 484 1042

473 507 559 600 i5.
613 506 968 600 Hiiquomodo
998 509 1304 566 obedientes.
1333 542 1404 554 -—
1432 514 1497 569 Et
1541 516 1591 570 in
1639 519 1990 588 responsione
2017 524 2071 583 Α
2093 521 2296 580 Christi
2331 499 2596 596 speculari
2636 541 2820 600 posset
2860 532 3143 591 adventus.
3185 537 3244 593 In
3283 540 3490 596 colonis
3525 559 3656 599 vero

397 598 611 704 quidem
642 599 1038 703 Pharisa-orum
1065 603 1310 672 quatdatn
1335 615 1417 660 cst
1443 607 1742 662 necessitas
1763 610 1996 678 prephe-
2097 587 2400 688 principum
2428 587 2770 678 sacerdotum
2809 632 2865 679 et
2899 626 3292 685 Pharisaeorum
3329 643 3415 687 est
3455 587 3691 704 species:

395 692 504 745 tiae.
532 689 665 746 Nam
701 690 856 746 inviti
887 691 1040 757 licet,
1078 694 1408 749 conﬁtentur
1437 697 1559 766 quis
1590 698 1883 754 obsecutus
1924 702 1994 756 sit

394 783 680 849 voluntati,
703 784 887 854 junior
913 785 1122 840 scilicet
1153 789 1314 853 ﬁlius,
1343 789 1603 845 obediens
1635 795 1988 862 professione,

392 877 522 932 licet
549 892 656 932 non
682 877 927 932 efﬁciens
957 879 1007 932 in
1040 889 1320 950 tempore;
1352 884 1476 952 quia
1520 884 1656 940 ﬁdes
1679 887 1796 941 sola
1832 888 1992 958 justi-

389 969 536 1026 ﬂeat.
569 970 745 1042 Atque
791 971 912 1026 ideo
958 973 1225 1043 publicani
1267 985 1321 1028 et
1364 977 1679 1032 meretrices
1726 979 1777 1033 in
1825 997 1990 1050 regno

389 1073 544 1119 erunt
573 1064 779 1133 priores
806 1061 972 1136 (Ibid.
1002 1065 1082 1137 '5),
1108 1067 1229 1136 quia
1252 1067 1442 1122 Joauui
1475 1069 1824 1138 crediderint,
1851 1085 1904 1128 et
1934 1076 1985 1129 in

388 1155 761 1211 remissionem
805 1165 1147 1226 peccatorum
1193 1159 1445 1230 baptizati
1491 1160 1569 1234 (a)
1612 1163 1664 1216 in
1692 1164 1982 1220 adventum

393 1248 596 1303 Christi
638 1249 872 1304 confessi
904 1250 1032 1314 sint,
1067 1256 1405 1307 curationum
1434 1268 1598 1323 opera
1627 1256 1983 1323 laudaverint,

386 1352 786 1398 sacramentum
836 1344 1104 1414 passionis
1142 1348 1470 1416 acceperint,
1501 1348 1751 1404 virtutem
1801 1366 1985 1405 resur-

383 1434 642 1490 rectionis
673 1435 1006 1506 agnoverint.
1037 1436 1318 1507 Principes
1344 1450 1522 1494 autem
1553 1441 1899 1498 sacerdotum
1930 1454 1985 1498 et

386 1530 641 1584 Pharisaei
669 1529 911 1585 videntes
936 1530 1050 1586 haec
1081 1531 1176 1604 (b),
1209 1542 1264 1588 et
1288 1543 1719 1603 contemnentes,
1748 1539 1838 1607 qui
1863 1541 1984 1608 jus-

380 1620 565 1676 tiﬁcati
595 1636 689 1691 per
713 1620 874 1677 fidem
903 1637 1007 1678 non
1028 1634 1204 1690 erant,
1238 1641 1336 1680 nec
1367 1641 1460 1694 per
1487 1629 1857 1696 ptenitentiam
1892 1646 1981 1686 re-

373 1716 550 1786 gressi
597 1724 724 1770 sunt
764 1716 831 1770 ad
875 1717 1145 1773 salutem:
1178 1728 1339 1790 atque
1384 1719 1504 1775 ideo
1548 1722 1599 1775 in
1646 1733 1965 1793 perpetuum

377 1807 584 1863 fructus
617 1823 804 1863 eorum
837 1810 938 1864 sub
974 1809 1354 1868 maledictione
1381 1826 1479 1881 ea,
1511 1829 1630 1884 quae
1673 1816 1726 1870 in
1765 1817 1980 1874 arbore

374 1901 481 1956 ﬁcu
511 1901 977 1972 prmformabatur,
1007 1905 1224 1960 arescit.

953 2037 1182 2094 CAPUT
1219 2039 1386 2097 XXII.

369 2148 450 2204 De
484 2149 789 2204 vinitoribus
815 2149 903 2219 qui
943 2150 1124 2204 missos
1152 2151 1220 2204 ad
1253 2167 1308 2205 se
1342 2149 1402 2205 ob
1442 2153 1742 2222 repetendos
1769 2154 1967 2223 fructus

361 2315 366 2318 _
440 2241 790 2310 interﬁciunt,
841 2241 905 2296 de
944 2243 1169 2296 invitatis
1211 2244 1514 2312 promiscuis
1557 2255 1604 2300 et
1653 2255 1784 2300 veste
1827 2263 1964 2318 nup-

438 2333 572 2389 tiali.
1870 2317 1873 2320 ’

437 2449 488 2502 i.
520 2447 908 2520 Paterfamilias
967 2449 1126 2505 Deus.
1165 2449 1358 2516 Vinea,
1393 2449 1671 2508 Israelitw.
1710 2452 1964 2508 Torculad

368 2543 470 2610 ria,
499 2545 778 2613 praphetat.
810 2573 880 2584 ——
909 2545 1080 2599 Aliam
1108 2545 1408 2614 parabolam
1428 2547 1622 2602 audite.
1653 2546 1704 2601 Η
1710 2565 1824 2602 ωηο
1852 2559 1960 2603 erat

363 2636 738 2708 paterfamilias
768 2677 784 2701 ,
817 2648 864 2690 et
893 2639 1140 2709 plantavit
1169 2640 1398 2704 vineam,
1433 2648 1481 2692 et
1523 2656 1692 2708 sepem
1729 2641 1952 2695 circum-

359 2727 498 2782 dedit
526 2729 590 2792 ei,
620 2737 664 2782 et
690 2729 824 2792 [odit
853 2730 908 2783 in
931 2745 991 2783 ea
1013 2729 1260 2796 torcular,
1283 2739 1331 2784 et
1358 2739 1547 2784 turrem
1570 2733 1866 2801 azdiﬁcavit,
1900 2744 1953 2790 et

357 2821 564 2890 reliqua
596 2820 760 2893 (Ibid.
803 2821 918 2893 33).
960 2822 1200 2890 Qntestio
1235 2823 1414 2877 omnis
1457 2824 1508 2878 in
1557 2825 1808 2880 absoluto
1849 2835 1950 2881 est.

354 2914 488 2970 Nam
519 2916 682 2970 etiam
713 2915 816 2986 ipsi
847 2915 1117 2985 principes
1147 2916 1490 2971 sacerdotum
1521 2927 1575 2971 et
1605 2917 1861 2973 Pharisrei
1886 2919 1954 2974 de

356 3022 416 3063 se
443 3007 547 3063 dici
591 3007 705 3063 haec
741 3008 1125 3078 intelligentes,
1173 3009 1224 3062 in
1252 3007 1386 3062 iram
1427 3009 1640 3064 accensi
1668 3020 1813 3065 sunt.
1845 3011 1951 3067 Sed

357 3117 710 3173 personarum
741 3103 1062 3174 proprietas,
1093 3112 1146 3158 et
1175 3117 1355 3157 rerum
1381 3104 1807 3172 comparationes
1827 3115 1952 3160 sunt

353 3194 716 3266 proferendus.
775 3194 1221 3251 Patreml‘amilias
1253 3196 1339 3251 hic
1369 3205 1571 3266 patrem
1599 3197 1762 3252 Deum
1792 3198 1948 3254 intel-

2096 708 2291 777 quibus
2324 711 2374 763 in
2404 712 2614 781 plebem
2639 723 2876 783 potestas
2903 724 2986 773 est
3011 719 3090 792 (ά)
3116 723 3376 790 permissa
3401 723 3685 782 doctrinae.

2165 801 2220 855 2.
2255 801 2403 858 Servi
2425 806 2586 860 missi.
2619 806 2792 864 Filius
2826 814 3043 865 occisus.
3073 813 3295 870 Sceleris
3320 833 3454 886 spes.
3487 817 3692 873 Patris-

2094 893 2321 962 familias
2360 898 2572 954 reditus.
2611 898 2772 967 Lapis
2813 903 3098 974 angularia.
3132 935 3203 946 -
3228 905 3286 962 In
3330 909 3504 966 servis
3532 927 3684 977 vero;

2093 985 2182 1054 qui
2219 986 2367 1040 missi
2395 998 2520 1042 sunt
2546 999 2604 1044 ut
2641 993 2842 1047 l'rut-tus
2885 995 3225 1065 perciperent
3259 997 3331 1070 (Ῡ
3354 999 3474 1072 54),
3507 1003 3688 1059 varius

2091 1085 2145 1129 ct
2171 1090 2314 1146 saepe
2345 1081 2605 1147 repetitus
2629 1097 2951 1152 progressus
2989 1095 3074 1141 est
3099 1089 3506 1158 prophetarum.
3538 1093 3686 1150 Missi

2090 1175 2270 1223 autem
2297 1186 2509 1227 rursum
2543 1173 2723 1241 plures
2762 1177 3032 1246 prioribus
3060 1179 3272 1253 (3‘56),
3306 1190 3517 1255 tempus
3549 1185 3682 1242 illud

2089 1268 2193 1324 est,
2235 1274 2342 1329 quo
2387 1273 2506 1331 post
2538 1263 2873 1334 singulorum
2919 1269 3380 1340 prtcdicationem,
3422 1275 3686 1345 plurimus

2088 1348 2142 1402 in
2191 1365 2353 1404 unum
2403 1353 2836 1423 prephetantium
2880 1374 3134 1415 numerus
3167 1365 3399 1419 emissus
3442 1375 3560 1432 est;
3593 1368 3683 1436 qui

2086 1445 2251 1498 variis
2281 1448 2613 1516 temporibus
2636 1450 2905 1506 verberati
2937 1462 2991 1507 et
3018 1453 3234 1524 lapidati
3264 1466 3319 1511 et
3339 1457 3506 1512 occisi
3526 1467 3676 1527 sunt,

2082 1533 2290 1591 fructus
2322 1539 2580 1594 institutm
2606 1542 2775 1610 plebis
2804 1544 3118 1617 edoctteque
3140 1559 3466 1619 repetentes.
3491 1551 3547 1606 In
3570 1553 3681 1610 ﬁlio
3714 1546 3722 1553 ’

2084 1641 2214 1681 vero
2254 1629 2319 1682 ad
2364 1632 2608 1686 ultimum
2656 1635 2822 1703 misso
2851 1635 2923 1708 (Ῡ
2954 1636 3097 1709 57),
3145 1641 3354 1697 Domini
3401 1647 3570 1700 nostri
3621 1655 3677 1701 ct

2082 1721 2344 1778 adventus
2389 1733 2444 1779 et
2485 1726 2665 1795 passio
2703 1738 2786 1783 est
2818 1747 2830 1781 :
2869 1731 2960 1800 qui
3001 1743 3149 1786 extra
3186 1717 3679 1804 Jerusalem,tam-

2082 1829 2241 1884 quam
2282 1825 2433 1869 extra
2465 1818 2710 1883 vincam,
2744 1820 2796 1874 in
2831 1823 3152 1878 sententiam
3179 1826 3551 1894 damnationis
3578 1833 3675 1885 ab-

2000 1905 2050 1965 B
2071 1904 2248 1976 jecms
2279 1915 2379 1962 est.
2411 1904 2708 1964 Consilium
2751 1926 2882 1965 vero
2911 1914 3224 1969 colonorum
3259 1927 3313 1971 ct
3341 1917 3676 1977 hmreditatis

2071 2000 2253 2053 occiso
2300 1998 2518 2056 haerede
2554 2005 2903 2074 praesumptio
2941 2004 3014 2077 (ᾗ
3047 2007 3160 2079 58),
3206 2025 3329 2083 spes
3369 2011 3545 2068 inanis
3586 2025 3669 2071 cst

2070 2091 2296 2160 gloriam
2359 2092 2514 2164 legis,
2570 2104 2849 2164 perempto
2899 2095 3147 2165 Christo,
3205 2116 3366 2172 posse
3420 2105 3665 2161 retineri.

2067 2183 2125 2238 In
2153 2183 2222 2256 (e)
2268 2186 2666 2254 patrisfamilias
2717 2188 2890 2244 reditu
2920 2189 3148 2262 (740),
3195 2203 3439 2265 tempore
3474 2197 3662 2266 judicii

2069 2279 2248 2350 gloria
2275 2290 2359 2336 est
2404 2283 2455 2336 in
2499 2281 2639 2337 Filio
2679 2291 2917 2352 paternae
2956 2289 3252 2355 maiestatis
3291 2289 3574 2348 assistens.
3609 2293 3667 2348 In

2066 2372 2430 2441 responsione
2466 2383 2642 2428 autem
2677 2375 2914 2443 ipSorum
2945 2377 3246 2447 principum
3278 2389 3332 2435 et
3371 2381 3668 2451 pharisaeo-

2066 2480 2209 2530 rum,
2244 2465 2485 2521 redditur
2511 2466 2725 2537 dignius
2758 2469 3021 2538 apostolis
3049 2470 3182 2542 legis
3215 2471 3522 2529 litereditas.
3557 2474 3665 2531 Sed

2066 2554 2155 2611 hic
2187 2557 2327 2611 ﬁlius
2359 2556 2496 2627 lapis
2521 2567 2603 2612 est
2629 2559 2697 2613 ab
2722 2561 3114 2616 tediﬁcantibus
3146 2562 3501 2632 improbatus,
3533 2577 3585 2621 et
3611 2569 3664 2623 in

2061 2649 2333 2718 fastigium
2364 2649 2639 2720 angularis
2665 2658 2900 2716 erectus,
2925 2661 2981 2707 et
3008 2652 3060 2706 in
3089 2654 3260 2708 oculis
3287 2657 3529 2711 omnium
3563 2661 3665 2713 mi-

2062 2741 2267 2803 rabilis,
2303 2751 2358 2796 et
2399 2744 2541 2797 inter
2567 2743 2737 2812 legent
2770 2753 2934 2813 atquc
2962 2751 3154 2814 gentes
3180 2745 3365 2801 lateris
3393 2757 3448 2802 et
3491 2748 3664 2805 aediﬁ-

2060 2834 2133 2891 cii
2163 2836 2445 2905 utriusque
2471 2834 2801 2904 coniunctio.

2136 2928 2189 2982 5.
2227 2926 2444 2996 Nuptiw
2468 2927 2593 2997 quid
2628 2944 2648 2982 :
2677 2944 2768 2980 cur
2796 2943 2829 2981 a
2863 2927 3023 2983 Patre
3051 2933 3224 3000 factw.
3258 2960 3328 2970 —
3361 2929 3548 2987 Simile
3586 2943 3660 2989 est

2065 3034 2281 3088 regnum
2311 3020 2559 3072 caelorum
2598 3019 2794 3072 homini
2833 3021 2973 3091 regi,
3014 3025 3102 3090 qui
3143 3021 3262 3089 fecit
3303 3024 3507 3094 nuptias
3546 3025 3658 3094 ﬁlio

2052 3126 2185 3175 suo,
2240 3118 2285 3163 et
2333 3111 2469 3164 misit
2518 3125 2686 3164 servos
2730 3127 2848 3164 suos
2901 3127 3080 3166 vocare
3126 3112 3366 3168 invitatos
3409 3116 3478 3168 ad
3524 3133 3658 3184 ηυρ-

2052 3200 2174 3264 tias,
2210 3209 2315 3255 etc.
2352 3199 2569 3272 (Matth.
2602 3216 2736 3267 xxu,
2763 3200 2845 3271 2).
2880 3201 2948 3255 Et
2990 3201 3108 3257 hmc
3142 3203 3356 3273 quidem
3390 3205 3651 3274 parabola

353 3290 567 3358 ligimus
592 3333 608 3359 ,
634 3291 721 3361 qui
751 3290 1004 3361 populum
1035 3289 1200 3346 Israel
1225 3291 1276 3344 in
1304 3299 1596 3360 proventus
1618 3292 1942 3360 optimorum
1971 3279 2016 3343 C
2049 3293 2423 3362 distinguenda
2445 3294 2778 3362 temporibus
2791 3304 2893 3359 est,
2911 3303 2965 3349 et
2993 3296 3354 3365 dignoscenda
3380 3300 3651 3366 personis.

351 3382 622 3438 fructuum
656 3383 1001 3453 plantaverit,
1031 3383 1230 3453 quique
1266 3398 1360 3438 eos
1402 3384 1827 3440 sanctiﬁcatione
1855 3400 1948 3456 pa-

354 3478 497 3532 terni
526 3477 778 3543 nominis,
821 3477 876 3532 id
917 3487 1031 3544 est,
1065 3477 1347 3534 nobilitate
1371 3478 1602 3535 Abrahae
1635 3489 1688 3533 et
1715 3478 1863 3535 Isaac
1892 3488 1947 3534 et

357 3569 530 3625 Jacob
561 3569 698 3624 intra
730 3569 864 3626 ﬁnes
885 3585 1033 3637 suos,
1062 3581 1328 3641 tamquam
1357 3579 1512 3642 septo
1542 3572 1727 3642 aliquo
1757 3581 1943 3627 custo-

354 3663 460 3717 dia:
484 3662 788 3731 peculiaris,
815 3662 1118 3728 incluserit;
1146 3664 1440 3732 prophetas
1464 3679 1678 3734 quoque
1698 3663 1944 3733 qutcdam

358 3755 511 3824 quasi
533 3753 815 3810 toreularia
831 3757 1111 3825 aptaverit,
1130 3755 1184 3810 in
1200 3770 1334 3826 quos
1353 3753 1426 3826 (ε)
1447 3756 1603 3810 musti
1623 3756 1784 3811 modo
1799 3771 1948 3826 qua:-

353 3845 477 3900 dam
506 3845 725 3901 ubertas
746 3848 916 3901 sancti
941 3845 1170 3914 Spiritus
1193 3846 1449 3901 ferventis
1470 3847 1634 3919 778
1657 3847 1904 3902 inﬂueret
1927 3866 1939 3902 :

354 3936 408 3992 in
439 3937 572 3991 turri
603 3945 784 3991 autem
815 3937 1158 3992 eminentiam
1197 3938 1328 4008 legis
1355 3940 1714 4005 exstruxcrit,
1748 3955 1868 4007 qua:
1893 3950 1947 3995 et

352 4027 404 4083 in
457 4028 656 4084 coelum
703 4043 772 4084 ex
817 4029 934 4084 solo
973 4044 1188 4101 egressa
1230 4030 1585 4100 proveheret,
1631 4040 1687 4086 et
1728 4046 1793 4086 ex
1840 4047 1943 4102 qua

348 4186 550 4242 credent
579 4188 625 4243 ei
652 4203 800 4256 quem
844 4203 946 4241 non
974 4187 1286 4240 audierunt?
1325 4186 1590 4253 Quomodo
1633 4197 1802 4240 autent
1840 4205 1936 4241 au-

348 4260 487 4330 dient
518 4260 627 4312 sine
663 4258 1010 4330 prredicante?
1051 4273 1157 4313 etc.
1204 4259 1279 4312 Ex
1324 4261 1424 4312 hac
1473 4259 1561 4312 Dei
1602 4259 1939 4312 ordinatione

347 4329 704 4400 proﬁciscitur
720 4330 809 4382 illa
825 4347 942 4398 qua)
956 4345 1075 4382 mox
1094 4339 1422 4384 memoratur
1438 4331 1748 4383 necessitatis
1770 4345 1937 4393 mora,

345 4416 442 4455 seu
472 4401 763 4455 necessitas
795 4415 961 4455 morte
986 4404 1050 4453 ad
1083 4400 1430 4464 credendum.
1471 4401 1541 4453 Ea
1573 4400 1715 4454 enim
1746 4414 1937 4454 vocum

345 4471 583 4527 inversio
616 4473 816 4525 llilario
845 4470 998 4525 valde
1023 4479 1106 4524 est
1128 4471 1425 4525 familiaris.
1453 4470 1555 4524 Sed
1586 4481 1639 4524 et
1667 4487 1786 4524 cum
1816 4471 1892 4524 ait
1923 4487 1936 4523 :

344 4542 412 4595 In
443 4544 566 4612 [acti
592 4553 699 4596 erat
741 4542 1035 4612 diﬁicultate
1063 4559 1124 4594 ne
1161 4544 1339 4607 lieret;
1368 4551 1570 4595 tantum
1602 4541 1801 4596 indicat
1832 4542 1941 4595 fac-

2057 3383 2123 3438 Et
2151 3383 2220 3438 de
2250 3398 2478 3453 persona
2511 3385 2656 3453 regis
2685 3393 2736 3439 et
2758 3384 2852 3438 ﬁlii
2883 3382 3128 3439 absoluta
3156 3385 3510 3456 intelligentia
3541 3397 3647 3443 est.

2055 3475 2276 3531 Fecisse
2305 3485 2483 3530 autem
2515 3483 2722 3545 patrem
2765 3475 2981 3543 nuptias
3012 3476 3143 3541 ﬁlio,
3177 3487 3231 3530 et
3257 3478 3336 3531 sic
3365 3477 3644 3547 invitasse,

2053 3585 2190 3625 nova
2222 3569 2362 3622 ratio
2392 3577 2492 3623 est.
2529 3566 2660 3622 Nam
2705 3567 2920 3636 nuptias
2967 3566 3180 3633 facere,
3219 3578 3271 3622 et
3314 3571 3553 3626 auctoris
3595 3581 3652 3626 et

2054 3659 2318 3730 temporis
2367 3669 2448 3715 est
2497 3659 2826 3728 nuptiarum.
2860 3659 3058 3714 Verum
3107 3659 3196 3715 hic
3239 3663 3470 3731 nuptiae,
3519 3665 3648 3720 vita:

2049 3752 2288 3807 caelestis
2339 3759 2389 3805 et
2448 3750 2499 3804 iu
2553 3750 2955 3806 resurrectione
3005 3751 3365 3822 suscipiendae
3419 3765 3642 3812 acterna:

2049 3844 2241 3914 gloriae
2276 3852 2671 3897 sacramentum
2703 3849 2806 3897 est.
2842 3843 3031 3898 Merito
3069 3844 3230 3914 igitur
3270 3861 3298 3900 a
3331 3847 3491 3904 Patre
3519 3860 3648 3906 sunt

2050 3939 2241 4003 factm;
2277 3938 2399 4006 quia
2439 3937 2756 3990 aeternitatis
2788 3936 2943 4006 hujus
2971 3938 3236 4006 societas,
3268 3949 3324 3994 et
3368 3944 3494 4000 novi
3522 3959 3646 3999 cor-

2052 4031 2197 4100 poris
2229 4028 2301 4102 (f)
2331 4029 2602 4099 deSponsa
2631 4028 2963 4098 coniunctio,
2992 4032 3102 4099 jam
3135 4031 3371 4101 perfecta
3403 4033 3642 4091 habeba-

2042 4197 2137 4249 est,
2163 4185 2314 4260 meis
2331 4193 2497 4260 autem
2522 4186 2610 4255 qui
2640 4201 2750 4260 non
2772 4194 3064 4260 potuerunt,
3107 4203 3255 4256 poena
3281 4192 3494 4260 peccati.
3528 4193 3638 4248 Aut

2042 4267 2188 4330 certe
2219 4255 2450 4330 Hilarius
2472 4267 2698 4330 eatenus
2737 4255 2824 4310 hic
2858 4266 3046 4330 gentes
3076 4255 3336 4330 excusat,
3367 4272 3635 4330 quatenus

2042 4327 2238 4382 Joanni
2283 4327 2392 4395 jam
2434 4326 2780 4393 crediderint,
2832 4326 2885 4381 et
2929 4327 2995 4381 ad
3045 4326 3639 4389 credendum'Christo

2045 4398 2380 4468 professione
2407 4406 2460 4453 et
2485 4398 2648 4451 animi
2679 4398 3037 4467 propensione
3067 4411 3263 4468 paratae
3290 4403 3420 4456 sint.

2114 4466 2192 4540 (a)
2227 4470 2328 4523 Sex
2371 4485 2500 4522 mss.
2533 4469 2587 4522 in
2615 4466 2850 4540 adventu.
2885 4469 3052 4538 Magis
3067 4466 3319 4539 placeret
3358 4473 3630 4528 adventum

2044 4538 2689 4612 sin'e'prtepositionein.
2734 4538 3194 4612 Commemlantur
3234 4553 3447 4610 gentes,
3490 4546 3633 4612 quod

274 4622 285 4632 '
345 4609 459 4691 tum
515 4612 753 4691 difﬁcile,
796 4609 911 4666 non
967 4613 1106 4691 quod
1160 4615 1378 4691 omnino
1429 4613 1549 4691 ﬁeri
1592 4627 1697 4666 non
1750 4613 1935 4691 possit.
1964 4630 2019 4691 υ
2047 4621 2166 4691 post
2202 4611 2507 4691 passionem
2533 4610 2739 4691 ‘Cltristi
2774 4609 3074 4691 praedicatis
3113 4609 3309 4667 divinis
3334 4609 3629 4691 mysteriis,

344 4682 527 4751 Neque
558 4685 720 4738 etiam
752 4699 967 4737 movere
995 4683 1156 4738 debet
1185 4683 1334 4746 illud,
1366 4686 1506 4752 quod
1538 4686 1652 4738 lucc
1693 4683 1935 4752 proxime

345 4754 602 4824 praecedit
630 4772 643 4808 :
683 4754 781 4808 Res
811 4763 954 4808 extra
978 4755 1181 4824 culpam
1222 4754 1559 4820 inﬁdelitatis.
1595 4753 1705 4808 Hac
1738 4757 1937 4823 quippe

343 4823 609 4879 Sententia
631 4834 839 4894 gentes,
866 4841 985 4892 qua:
1009 4823 1204 4879 Christi
1236 4825 1393 4879 iidem
1419 4824 1654 4879 nondum
1680 4826 1935 4894 professa:

344 4905 521 4961 erant,
555 4913 658 4949 non
689 4903 909 4950 excusat
938 4897 1007 4951 ab
1035 4898 1180 4950 omni
1205 4896 1383 4965 culpa,
1412 4895 1506 4949 sed
1533 4911 1562 4948 a
1589 4894 1744 4962 culpa
1776 4895 1928 4949 dum-

343 4976 490 5020 taxat
535 4967 873 5036 inﬁdelitatis.
913 4981 975 5020 ea
1016 4968 1300 5030 nimirum,
1331 4965 1415 5036 cui
1459 4965 1706 5036 Christus
1737 4967 1930 5020 asserit

343 5037 566 5091 minime
592 5035 856 5091 'ohnoxios
884 5035 1088 5090 futuros
1129 5037 1295 5091 fuisse
1325 5035 1562 5098 Judteos,
1590 5038 1634 5090 si
1673 5035 1790 5105 ipse
1818 5051 1924 5091 non

345 5111 606 5162 venisset.
640 5108 763 5162 Illas
802 5108 912 5161 vult
956 5109 1065 5160 sine
1093 5109 1306 5160 crimine
1341 5107 1636 5172 voluntatis,
1677 5107 1778 5162 hoc
1819 5116 1923 5172 est,

341 5179 459 5248 ejus
491 5179 796 5240 voluntatis,
828 5192 948 5246 (tua:
972 5179 1274 5248 prwdieatm
1303 5178 1403 5230 sibi
1436 5177 1557 5230 ﬁdei
1586 5179 1931 5245 pertinaciter

340 5249 569 5304 resistit.
605 5249 716 5304 Iloc
741 5249 883 5304 enim
910 5249 1047 5319 apud
1074 5248 1333 5303 Hilarium
1361 5256 1518 5301 sonat
1538 5253 1726 5301 crimen
1744 5249 1930 5302 volun-

342 5324 484 5387 tatis,
522 5321 848 5374 voluntatem
890 5320 940 5374 iu
981 5321 1125 5374 male
1155 5319 1502 5388 obstinatam,
1541 5328 1592 5372 et
1628 5335 1746 5388 quae
1777 5334 1929 5373 com-

341 5399 512 5461 perta:
537 5390 746 5445 veritati
777 5407 1111 5461 nequaquam
1139 5390 1301 5445 cedit.
1330 5387 1543 5461 Juverit
1571 5387 1686 5444 hate
1723 5388 1933 5461 Angus-

344 5460 440 5515 tiui
473 5461 648 5516 verbis
681 5460 954 5516 illustrare
981 5471 1035 5515 et
1060 5461 1401 5516 conﬁrmare.
1431 5460 1520 5514 Sic
1548 5469 1728 5514 autem
1774 5460 1933 5515 habet

340 5533 500 5601 epist.
533 5547 751 5598 cxcxrv,
798 5548 850 5586 n.
891 5532 960 5586 27
993 5551 1004 5584 ;
1041 5531 1336 5586 Secundum
1379 5532 1511 5584 hanc
1555 5532 1931 5584 excusationem

340 5604 713 5658 inexcusabiles
734 5603 856 5657 dicit
879 5603 1151 5672 Scriptura
1174 5603 1347 5656 divina
1363 5617 1700 5672 quoscumque
1720 5605 1933 5655 scientes

343 5691 555 5742 peccare
581 5675 851 5728 convincit.
882 5673 974 5728 Dei
1007 5684 1172 5726 tamen
1194 5675 1394 5744 justum
1421 5673 1682 5744 judicium
1709 5689 1797 5726 nec
1828 5672 1932 5726 illis

343 5749 509 5816 parcit
535 5747 621 5813 qui
659 5760 760 5798 non
792 5745 1085 5816 audierunt.
1120 5744 1439 5816 Quicumque
1468 5745 1575 5798 sine
1605 5744 1714 5813 Dge
1750 5759 1928 5816 pecca-

342 5814 542 5879 verunt,
569 5819 678 5870 sine
706 5817 812 5885 lege
837 5815 1140 5887 peribunt...
1172 5817 1294 5884 quia
1319 5826 1366 5868 et
1399 5815 1512 5886 ipsa
1548 5815 1841 5886 ignorantia
1878 5814 1932 5868 in

343 5889 436 5949 eis,
471 5889 556 5954 qui
581 5886 861 5956 intelligere
883 5886 1176 5952 noluerunt,
1205 5889 1312 5941 sine
1338 5887 1652 5940 dubitatione
1672 5895 1931 5954 peccatum

2035 5052 2126 5104 per

2053 4679 2319 4751 Unigeniti
2349 4682 2439 4736 Dei
2483 4681 2770 4752 adventum
2812 4679 3139 4736 crediderint
3178 4693 3338 4752 atque
3371 4679 3635 4741 confessa:

2044 4753 2174 4818 sint,
2211 4753 2466 4806 miracula
2501 4751 2854 4817 laudaverint,
2886 4761 2989 4806 etc.

2120 4823 2194 4894 (ὑ)
2258 4823 2427 4889 Puta,
2489 4825 2741 4894 virtutem
2792 4822 3239 4894 resurrectionis,
3288 4826 3628 4882 curationum

2040 4892 2222 4961 opera.
2257 4893 2392 4947 ’l‘um
2435 4893 2488 4946 in
2521 4909 2651 4947 mss.
2685 4892 2866 4957 Rom.,
2898 4892 3050 4948 Colb.
3093 4905 3148 4948 et
3191 4893 3378 4962 Carn.,
3407 4906 3455 4950 et
3497 4913 3622 4951 con-

2039 4965 2355 5088 demzzntes,
2385 4965 2472 5034 qui
2492 4965 2768 5037 jnsti/icati
2798 4979 2900 5017 non
2926 4975 3090 5020 erant.
3117 4966 3333 5021 omissis
3353 4967 3629 5024 vocabulis

2039 5052 2126 5088 uer
2225 5051 2323 5088 em.
3065 5045 3073 5054 '

2149 5036 2323 5103 ﬁdem.
2495 5036 2502 5037 “
3065 5045 3073 5054 ·

2105 5105 2176 5179 (c)_
2219 5106 2421 5179 In_ms.
2464 5105 2648 5173 Rom.,
2687 5104 3008 5159 multimoda.
3053 5105 3110 5160 In
3162 5103 3317 5163 Colb.
3351 5117 3408 5164 et
3434 5109 3623 5179 Carn.,

2031 5176 2348 5230 multimode.

2131 5246 2188 5318 d)
2217 5247 2349 5318 Male
2377 5247 2517 5315 apud
2548 5246 2671 5301 Par.
2706 5247 2979 5316 promissa.

2133 5315 2180 5388 e)
2214 5315 2340 5372 Mss.
2375 5318 2462 5388 hic
2489 5331 2684 5386 magno
2710 5315 3000 5382 consensu,
3032 5318 3431 5388 patrisfamiliaz.

2041 5415 2064 5463 Ἀ
2114 5387 2181 5458 (Γ)
2211 5388 2386 5463 Editio
2413 5387 2536 5441 Par.
2566 5403 2687 5442 cum
2714 5387 3098 5463 aliquotumssq
3125 5391 3448 5463 desponsata.
3473 5391 3622 5446 Prte-

2039 5459 2262 5516 i'erimus
2287 5459 2539 5527 desponsa
2564 5472 2687 5512 cum
2715 5458 2834 5512 aliis
2869 5458 2997 5513 edit.
3039 5468 3094 5514 et
3124 5458 3255 5516 mss.
3285 5463 3359 5516 Ita
3390 5465 3442 5517 in
3475 5463 3617 5516 Psal.

2039 5545 2277 5592 cxxxvu,
2311 5546 2365 5582 n.
2393 5529 2450 5601 8,
2482 5529 2755 5601 Christum
2801 5529 2922 5583 idco
2957 5544 3214 5600 sponsum
3252 5533 3616 5601 cognominari

2036 5609 2336 5664 enarratur,
2366 5600 2487 5668 quia
2519 5598 2758 5654 Ecclesia
2785 5601 2834 5654 ei
2855 5615 2950 5668 per
2979 5598 3398 5669 assumptioném
3428 5618 3619 5670 corpo-

2036 5675 2112 5727 ris
2139 5672 2307 5726 nostri
2343 5671 2593 5737 desponsa
2630 5672 2713 5723 sit.
2747 5670 2884 5725 Tum
2916 5671 2967 5724 in
3009 5686 3140 5725 mss.
3171 5673 3320 5726 Colb.
3351 5681 3405 5726 et
3431 5674 3619 5739 Carn.,

2035 5743 2394 5811 conjunctione
2415 5782 2429 5806 ,
2460 5758 2563 5794 non
2595 5743 2909 5814 conjunctio,
2943 5741 3159 5814 Exinde,
3174 5742 3429 5811 praedicta
3454 5743 3621 5799 editio

2035 5815 2175 5884 sola,
2195 5815 2310 5884 jam
2347 5815 2570 5884 perfecta
2599 5811 2832 5866 habetur.
2862 5811 2976 5866 Non
3004 5812 3317 5881 displiceret
3351 5813 3617 5882 habeatur,

2036 5880 2081 5939 si
2122 5880 2243 5940 cuin
2290 5880 2606 5939 auctoritate
2650 5885 2856 5940 liceret.
2901 5880 3233 5951 Quamquam
3266 5884 3431 5940 etiam
3479 5880 3616 5942 infra
