4172 6188
434 248 572 304 1047

1636 237 1878 294 SANCTI
1922 234 2174 293 HIIARII
2217 233 2520 290 EPISCOPI

3591 226 3616 282 Ι
3624 225 3734 283 048

430 361 568 430 legis
598 359 654 414 in
673 357 893 414 Christo
922 355 1088 411 fuisse
1131 353 1450 424 perfectam.
1507 353 1574 408 Et
1615 352 1834 423 quidem
1882 352 2028 405 inso-
2054 353 2109 414 Α
2131 350 2301 404 sortio
2333 349 2564 404 nominis
2595 348 2907 404 substantiae
2938 349 3200 403 unitatem
3223 389 3236 412 ,
3262 355 3317 402 et
3341 344 3616 403 assidendi
3645 345 3732 400 in-

433 450 659 506 ientium
713 448 1032 518 ignorantiae
1063 447 1196 516 legis
1252 446 1420 516 ipsius
1474 444 1653 499 verbis
1700 458 2024 513 responsum

435 553 552 597 est:
593 554 715 611 qua:
740 539 1025 610 responsio
1054 553 1270 593 omnem
1316 537 1370 591 in
1397 552 1456 592 se
1488 535 1727 590 veritatis
1773 543 1857 590 est
1882 549 2031 590 com-

439 636 598 705 plexa
617 633 945 689 doctrinam.
977 630 1260 698 Pr0prium
1288 631 1433 685 enim
1467 628 1674 682 Domini
1701 626 1870 681 nostri
1902 625 2031 681 Jesu

437 728 635 783 Christi
663 726 901 781 ofﬁcium
928 732 1013 780 est
1035 764 1050 790 ,
1099 712 1458 794 Cognitionem
1491 721 1585 776 Dei
1613 719 1836 786 aﬂ‘erre,
1870 726 1926 772 et
1952 723 2033 771 ln-

436 821 792 893 teiligentiam
845 819 1080 874 nominis
1142 818 1260 888 ejus
1323 818 1712 885 potestatisque
1775 818 2035 882 pratstare

439 915 535 988 (V.
562 915 650 970 lib.
684 929 723 969 ιι
763 914 826 969 de
863 913 1012 968 Trin.
1043 929 1098 966 η.
1131 909 1251 982 22).
1285 910 1480 965 Missus
1509 908 1652 964 enim
1685 912 1911 961 venerat
1935 945 1952 970 ,
1982 911 2039 958 et

441 1024 508 1064 ex
540 1007 844 1062 aeternitate
888 1005 1154 1061 deductus
1175 1044 1190 1069 ,
1242 1004 1326 1058 his
1355 1017 1476 1073 quae
1506 1010 1658 1056 erant
1692 1001 1801 1054 Deo
1841 997 2038 1068 placita

442 1098 881 1170 perfungebatur.
918 1095 1219 1166 ReSjiondit
1255 1093 1437 1164 itaque
1476 1093 1707 1163 primum
1738 1105 1860 1145 esse
1887 1103 2040 1144 man-

442 1190 656 1246 datum:
689 1189 881 1262 Diliges
928 1187 1214 1242 Dominum
1247 1187 1411 1242 Deum
1457 1198 1601 1240 tuum
1647 1186 1699 1238 in
1731 1190 1837 1239 toto
1888 1183 2064 1239 corde‘

451 1292 562 1346 tuo,
595 1290 644 1334 et
668 1281 722 1334 in
751 1290 858 1334 tota
885 1281 1060 1334 anima
1091 1288 1181 1333 tua
1200 1320 1214 1346 ,
1241 1288 1289 1333 et
1318 1279 1372 1332 in
1399 1286 1505 1332 tota
1532 1287 1696 1331 mente
1720 1287 1808 1330 tua
1829 1274 1849 1347 (
1867 1276 1901 1344 γ
1925 1275 2037 1345 57).

451 1376 572 1432 Non
599 1374 744 1430 enim
777 1373 922 1428 aliud
968 1373 1059 1427 ille
1105 1372 1406 1438 efﬁciebat,
1436 1385 1596 1441 quam
1627 1369 1768 1439 quod
1797 1369 1885 1422 lex
1914 1382 2044 1422 con-

447 1468 685 1532 tinebat;
719 1468 842 1538 quia
892 1471 1160 1536 praecepta
1207 1465 1340 1534 legis
1366 1506 1380 1530 ,
1427 1479 1617 1519 eorum
1645 1477 1766 1533 quae
1791 1467 2044 1530 gesturus

446 1561 564 1629 ipse
589 1566 708 1614 erat
729 1599 745 1623 ,
777 1557 1002 1611 formam
1032 1555 1551 1626 complectebantur.
1585 1554 1856 1610 Admonet
1882 1551 2046 1622 igitur

452 1649 779 1720 cognitionis
801 1649 919 1718 ejus
950 1689 967 1716 ,
1017 1662 1178 1717 quam
1232 1647 1434 1702 habere
1480 1661 1540 1700 se
1591 1644 1958 1716 gloriabantur
1991 1642 2047 1696 in

452 1745 595 1814 lege,
630 1743 796 1797 Deum
822 1741 1250 1810 omnipotentem
1283 1738 1428 1792 omni
1457 1737 1650 1791 affectu
1674 1734 1889 1802 mentis,
1924 1749 2048 1790 cor-

449 1835 554 1900 dis,
577 1835 774 1888 animae
794 1831 1124 1902 diligendum
1143 1872 1158 1897 ,
1193 1838 1252 1884 ut
1278 1828 1704 1885 admonitionem
1727 1843 1881 1882 suam
1913 1842 2051 1898 pra:-

449 1926 612 1981 missa
632 1923 767 1994 legis
798 1923 1051 1979 mandata
1081 1921 1383 1976 ﬁrmarent.

522 2019 577 2072 7.
608 2016 848 2070 Proximi
894 2015 1099 2069 nomine
1140 2013 1372 2068 Christus
1402 2013 1697 2085 diligendus
1719 2014 1951 2087 jubetur.
1981 2043 2054 2053 —

457 2109 664 2164 Deinde
687 2107 923 2178 adjecit:
963 2105 1079 2160 Hoc
1115 2116 1188 2160 est
1216 2122 1457 2177 magnum
1501 2114 1548 2160 et
1586 2107 1808 2176 primum
1833 2106 2053 2159 manda-

459 2211 589 2255 tum.
623 2198 922 2256 Secundum
950 2214 1066 2252 vero
1095 2197 1265 2251 simile
1312 2197 1429 2251 huic
1463 2213 1481 2252 :
1521 2195 1720 2268 Diliges
1763 2197 2057 2269 proximum

459 2304 606 2348 tuum
629 2295 763 2347 sicut
813 2302 861 2346 te
884 2294 1051 2363 ipsum
1082 2289 1244 2361 (Ibid.
1270 2290 1339 2346 '58
1366 2298 1422 2344 et
1447 2287 1560 2360 59).
1585 2288 1693 2345 Sed
1745 2288 2057 2344 mandatum

453 2400 690 2457 sequens
711 2392 768 2440 et
795 2384 973 2457 simile
994 2383 1261 2454 signiﬁcat
1288 2383 1428 2438 idem
1451 2397 1574 2439 esse
1600 2393 1654 2438 et
1682 2381 1844 2439 ofﬁcii
1870 2391 1926 2438 et
1946 2398 2058 2440 me-

459 2479 550 2532 riti
579 2478 632 2532 in
656 2484 886 2546 utroque
915 2475 1033 2550 (Sic
1053 2490 1172 2544 cap.
1199 2475 1251 2540 4,
1287 2490 1343 2528 ιι.
1371 2475 1424 2536 7,
1451 2474 1592 2529 idem
1622 2474 1839 2544 pinnae).
1874 2473 2060 2544 Neque

459 2571 604 2627 enim
635 2580 729 2626 aut
759 2569 858 2625 Dei
890 2571 1010 2624 sine
1038 2567 1280 2635 Christo,
1311 2576 1404 2621 aut
1431 2565 1632 2622 Christi
1664 2567 1782 2622 sine
1810 2567 1921 2622 Deo
1960 2581 2059 2636 po-

457 2673 567 2719 test
608 2663 752 2718 utilis
782 2676 905 2718 esse
943 2660 1184 2716 dilectio.
1224 2659 1470 2714 Alterum
1520 2661 1682 2730 igitur
1723 2659 1843 2714 sine
1885 2659 2060 2713 altero

460 2755 668 2811 nullum
688 2754 756 2809 ad
781 2754 1008 2809 salutem
1032 2760 1274 2807 nostram
1303 2751 1459 2807 aﬁ‘ert
1499 2751 1822 2822 profectum.
1847 2752 1913 2806 Et
1940 2751 2061 2806 ideo

469 2849 527 2902 in
556 2849 637 2901 his
677 2847 876 2901 duobus
919 2845 1173 2900 mandatis
1211 2854 1316 2899 tota
1355 2845 1439 2899 lea:
1484 2844 1666 2913 pendet
1715 2853 1762 2898 et
1799 2843 2063 2916 prapheta:

466 2940 543 3012 (7
586 2937 719 3010 40);
774 2937 900 3009 quia
933 2938 1016 2994 lex
1045 2947 1100 2993 et
1130 2937 1410 3008 prophetia
1449 2939 1626 2993 omnis
1651 2929 1851 2994 Christi
1895 2937 2062 3008 depu-

462 3031 681 3086 labatur
729 3030 1020 3095 adventui,
1063 3040 1119 3107 et
1139 3029 1404 3085 adventus
1433 3029 1550 3100 ejus
1595 3045 1691 3099 per
1717 3031 2065 3101 supplemen-

2135 443 2394 498 vitatione
2437 441 2735 512 judicium.
2789 449 2842 495 et
2880 441 2948 496 de
2983 442 3359 496 universorum
3399 440 3738 510 subjectione

2135 536 2415 600 virtutem;
2447 543 2506 588 ut
2532 535 2625 606 (al.
2662 532 2739 607 et)
2765 534 3143 589 meminissent
3168 534 3221 587 in
3252 549 3354 598 eo,
3387 532 3480 604 qui
3515 547 3582 588 ex
3629 532 3736 586 Da-

2135 629 2222 683 vid
2247 629 2540 692 oriebatur,
2569 636 2787 683 :etern:e
2819 628 3030 682 virtutis
3055 637 3112 683 ct
3157 627 3443 696 potestatis
3472 634 3527 681 et
3569 625 3737 696 origi-

2139 723 2222 776 nis
2247 721 2598 776 substantiam
2631 721 2897 776 eontineri
2920 762 2935 787 ,
2959 730 3014 776 et
3047 721 3212 776 Deum
3243 720 3298 776 in
3327 719 3546 782 homine
3574 734 3737 775 man-

2139 828 2347 869 surum.

2710 929 2936 987 CAPUT
2963 928 3154 985 XXIV.

2143 1067 2222 1123 De
2249 1068 2495 1123 cathedra
2552 1066 2722 1139 Moysi
2765 1085 2919 1138 super
2963 1084 3116 1140 quam
3161 1070 3402 1122 sederunt
3451 1067 3647 1123 Scriba!
3690 1077 3745 1124 et

2215 1162 2461 1230 pharistei
2484 1203 2498 1227 ,
2530 1161 2593 1214 de
2617 1163 2796 1214 clauso
2823 1160 2886 1214 ab
2916 1160 3098 1214 iisdem
3125 1177 3282 1231 regno
3301 1160 3567 1226 caelorum,
3597 1170 3643 1216 et
3673 1162 3741 1215 ab

2217 1256 2399 1311 iisdem
2423 1244 2619 1306 comedi
2644 1253 2822 1306 domos
2841 1253 3132 1316 viduarum,
3155 1253 3584 1307 circumeuntibus
3605 1271 3748 1309 mare

2220 1359 2266 1405 et
2287 1346 2486 1402 aridam
2511 1387 2527 1413 ,
2568 1354 2615 1398 et
2660 1345 2944 1398 dicentibus
2987 1360 3006 1398 :
3031 1343 3365 1414 Quicumque
3380 1344 3646 1413 jnraverit
3689 1345 3744 1400 in

2223 1437 2466 1507 templo,
2513 1434 2644 1488 nihil
2695 1443 2817 1499 est,
2870 1443 2918 1487 et
2963 1434 3331 1488 decimantibus
3388 1433 3645 1488 mentham
3697 1443 3748 1489 et

2222 1530 2485 1596 anethum,
2520 1537 2565 1582 et
2592 1526 2968 1596 a’diﬁcantibus
2994 1525 3232 1596 sepulcra
3260 1526 3624 1598 praphetarum
3646 1568 3661 1591 ,
3693 1537 3743 1582 et

2223 1622 2286 1675 de
2313 1621 2602 1676 Jerusalem
2628 1632 2743 1686 qua:
2764 1617 3004 1686 interﬁcit
3028 1616 3337 1688 praphetas,
3362 1627 3407 1670 et
3436 1617 3629 1687 lapidat
3658 1633 3746 1672 eos

2078 1751 2128 1812 Β
2224 1717 2312 1787 qui
2342 1717 2410 1771 ad
2430 1732 2484 1770 se
2510 1716 2652 1770 missi
2681 1725 2819 1770 sunt.

2227 1835 2279 1888 1.
2310 1832 2463 1904 Legis
2504 1833 2738 1887 doctrina
2776 1831 3177 1886 commendatur.
3225 1809 3605 1885 Dharisteorum
3641 1830 3750 1883 ini-

2155 1929 2346 1998 quitas,
2374 1927 2688 1996 ignorantia,
2720 1941 2780 1979 ac
2808 1925 3066 1994 superbia.
3102 1954 3174 1964 —
3218 1922 3362 1977 Tunc
3409 1922 3563 1977 Jesus
3605 1924 3754 1977 locu-

2166 2028 2247 2073 tus
2271 2029 2344 2072 est
2368 2017 2529 2071 turbis
2556 2025 2602 2072 et
2643 2016 2910 2087 discipulis
2936 2017 3043 2070 suis
3066 2057 3082 2082 ,
3115 2016 3288 2069 dicens
3325 2030 3344 2068 :
3375 2014 3546 2086 Super
3572 2016 3753 2068 cathe-

2157 2109 2308 2163 dram
2335 2105 2506 2178 Moysi
2543 2107 2780 2162 sederunt
2829 2107 3027 2162 Scriba:
3053 2116 3100 2161 et
3137 2104 3392 2160 P/tariswi
3417 2146 3432 2171 ,
3456 2115 3509 2160 et
3539 2107 3750 2176 reliqua

2162 2199 2376 2271 (Matth.
2411 2215 2545 2254 χχιιι
2567 2241 2581 2263 ,
2611 2199 2636 2253 i
2674 2207 2728 2253 et
2753 2197 2835 2268 2).
2869 2198 3025 2268 Legis
3051 2197 3119 2252 de
3156 2212 3215 2253 se
3255 2199 3503 2254 testantis
3525 2198 3757 2268 gloriam

2159 2293 2432 2363 praetulit,
2476 2307 2598 2362 quae
2648 2291 2935 2361 imaginem
2987 2291 3040 2345 in
3067 2305 3126 2346 se
3165 2290 3358 2346 futura:
3379 2291 3622 2346 veritatis
3651 2307 3757 2348 ex-

2163 2395 2454 2457 presserat.
2485 2386 2540 2441 in
2573 2386 2823 2440 omnibus
2869 2385 3013 2441 enim
3043 2383 3246 2440 Christi
3271 2384 3348 2458 (a)
3395 2384 3763 2440 meditabatur

2162 2478 2472 2533 adventum.
2502 2477 2772 2546 Quidquid
2797 2479 2940 2532 enim
2968 2477 3022 2532 in
3043 2492 3104 2532 ea
3127 2477 3526 2542 continebatur,
3548 2477 3601 2531 in
3626 2492 3757 2546 pro-

2163 2571 2360 2626 fectum
2390 2569 2797 2626 manifestandm
2813 2570 2930 2640 ejus
2952 2569 3277 2640 cognitionis
3297 2577 3632 2640 assumptum
3653 2578 3759 2624 est.

2162 2663 2321 2719 Jubet
2367 2663 2530 2734 igitur
2575 2662 2862 2732 praeceptis
2909 2663 3305 2716 Pharisaeorum
3355 2662 3762 2731 obtemperari,

2164 2755 2288 2826 quia
2319 2755 2371 2808 in
2400 2754 2570 2825 Moysi
2596 2752 2852 2808 cathedra
2887 2752 3161 2808 sederint:
3187 2753 3341 2822 jubet
3371 2752 3504 2823 legis
3532 2753 3764 2808 manda-

2167 2850 2235 2903 tis
2264 2848 2513 2902 omnibus
2540 2847 2748 2902 obediri
2768 2889 2782 2912 ,
2812 2846 2907 2902 sed
2936 2861 2966 2901 a
2995 2846 3148 2901 factis
3176 2861 3364 2902 eorum
3391 2857 3552 2917 atque
3581 2849 3770 2918 operi-

2168 2939 2266 2995 bus
2295 2939 2587 3003 abstineri;
2629 2947 2686 2992 ut
2713 2952 2893 2993 mores
2924 2937 3204 2993 hominum
3237 2947 3398 3008 atque
3430 2939 3724 2994 inﬁdelitas
3750 2982 3767 3005 ,

2168 3047 2275 3087 non
2308 3031 2441 3102 legis
2471 3030 2714 3086 doctrina
2745 3031 2964 3085 vitetur.
3000 3030 3104 3099 ipsi
3135 3030 3277 3085 enim
3302 3029 3520 3086 subdito
3539 3032 3642 3086 sibi
3671 3046 3772 3101 po-

462 3134 574 3180 tum
613 3139 801 3178 eorum
847 3123 1207 3192 cognoscendi
1252 3123 1349 3178 Dei
1381 3123 1792 3192 intelligentiam
1836 3133 2061 3190 prtesta-
2090 3132 2136 3196 ο
2168 3123 2294 3194 pulo
2315 3123 2630 3193 gravissima
2679 3122 2814 3192 legis
2845 3136 3010 3177 onera
3051 3121 3376 3191 imponunt,
3426 3137 3496 3177 ne
3538 3122 3771 3194 digitum

468 3216 584 3270 bat.
613 3214 745 3268 Nam
785 3213 853 3268 de
881 3216 1128 3284 proximo
1157 3215 1467 3284 frequenter
1503 3215 1910 3280 admonuimus,
1954 3231 2064 3271 non

468 3309 633 3364 alium
661 3308 1071 3379 intelligendum
1100 3324 1221 3364 esse
1251 3323 1412 3378 quam
1435 3307 1728 3364 Christum.
1763 3311 1896 3366 Cum
1919 3310 2062 3365 enim

469 3412 702 3473 patrem,
731 3411 982 3466 matrem,
1013 3399 1153 3456 ﬁlios
1178 3400 1427 3454 charitati
1453 3400 1545 3454 Dei
1577 3415 1892 3470 praeponere
1923 3401 2068 3455 inhi-

470 3497 728 3563 beamur,
755 3493 1030 3565 quomodo
1071 3493 1287 3550 dilectio
1321 3492 1549 3562 proximi
1594 3491 1851 3564 diligendi
1898 3493 2066 3548 Deum

471 3588 652 3644 simile
676 3587 989 3643 mandatum
1019 3587 1138 3641 est?
1177 3589 1282 3640 Aut
1311 3585 1648 3654 relinquetur
1678 3585 1902 3656 aliquid,
1927 3585 2069 3656 quod

469 3680 644 3736 amari
676 3681 769 3735 Dei
804 3680 979 3750 possit
1018 3679 1218 3748 aequari
1239 3679 1262 3732 ?
1285 3678 1391 3732 nisi
1425 3679 1547 3748 quia
1579 3677 1874 3732 similitudo
1925 3693 2069 3747 prte-

470 3774 616 3843 cepti
658 3787 846 3843 parem
880 3771 1197 3826 charitatem
1219 3769 1478 3838 diligendi
1504 3769 1720 3824 Patrem
1776 3778 1830 3825 et
1873 3769 2070 3825 Filium

475 3864 748 3934 exigebat.

547 3953 602 4008 8.
639 3952 873 4009 Christus
895 3952 984 4022 qui
1001 3952 1140 4022 ﬁlius
1162 3950 1330 4006 David
1349 3954 1628 4006 secundum
1646 3969 1871 4021 carnem,
1895 3953 2076 4008 Domi-

481 4063 580 4102 nus
601 4055 674 4101 est
707 4044 900 4100 David.
930 4075 1004 4085 —
1031 4043 1208 4115 Atque
1235 4053 1293 4099 ut
1316 4045 1450 4116 legis
1483 4046 1650 4114 ipsius
1696 4046 1876 4101 verbis
1923 4047 2074 4116 argui

478 4147 726 4209 possent,
757 4146 812 4192 et
836 4137 998 4212 783
1025 4136 1093 4191 de
1119 4137 1366 4206 proximo
1411 4136 1746 4191 manifestior
1769 4136 2075 4207 intelligen-

474 4234 547 4288 tia
567 4231 934 4302 panderetur;
964 4229 1188 4300 requirit
1209 4229 1336 4300 quid
1361 4229 1467 4284 illis
1491 4229 1770 4285 videretur
1795 4231 2067 4296 Christus,

398 4341 400 4344 '
481 4324 766 4395 cujusnam
813 4321 957 4376 ﬁlius
1004 4321 1217 4375 futurus
1265 4331 1430 4375 esset.
1471 4320 1574 4389 Qui
1633 4321 2071 4390 responderunt,

480 4417 670 4473 David.
703 4416 910 4484 Quibus
942 4414 1058 4482 ait,
1105 4413 1380 4485 quomodo
1429 4415 1483 4468 in
1510 4413 1700 4484 spiritu
1735 4414 1996 4469 Dominus
2045 4430 2074 4468 a

2169 3213 2387 3285 quidem
2410 3228 2565 3268 suum
2585 3211 2960 3283 contingendis
2983 3212 3116 3281 ipsis
3132 3211 3480 3268 admoventes
3502 3212 3664 3283 (Ibid.
3688 3213 3773 3286 4).

2167 3307 2306 3375 Quin
2339 3306 2499 3360 etiam
2547 3304 2869 3375 praecipiunt
2913 3305 3202 3359 Dominum
3229 3319 3297 3360 ex
3343 3313 3458 3360 toto
3499 3305 3665 3362 corde
3689 3307 3776 3361 di-

2170 3399 2283 3468 ligi,
2312 3406 2365 3452 et
2394 3399 2694 3467 proximum
2722 3407 2988 3467 tamquam
3019 3411 3080 3451 se
3119 3397 3287 3451 amari
3308 3439 3323 3463 ,
3351 3397 3454 3468 ipsi
3480 3399 3772 3454 adversum

2171 3496 2304 3566 legis
2325 3495 2425 3551 sibi
2459 3496 2580 3550 latae
2611 3497 2998 3564 testimonium,
3025 3495 3102 3567 (b)
3134 3497 3298 3551 Deum
3329 3497 3381 3550 in
3407 3494 3625 3550 Christo
3647 3508 3776 3564 pas-

2172 3587 2414 3643 sionibus
2467 3595 2877 3656 persequentes.
2929 3586 3224 3641 Verborum
3279 3599 3496 3656 quoque
3539 3597 3766 3637 suorum

2171 3681 2398 3751 gloriam
2423 3690 2692 3749 tamquam
2718 3678 3030 3749 philacteria
3049 3676 3519 3750 78hdiiatantes
3578 3676 3598 3748 (
3616 3676 3651 3744 ᾗ
3691 3673 3775 3747 5).

2174 3773 2376 3843 quibus
2405 3773 2531 3827 vitae
2571 3781 2788 3827 aeternae
2834 3780 3022 3826 auctor
3048 3772 3189 3827 Deus
3236 3786 3342 3826 non
3372 3771 3442 3825 sit
3468 3770 3776 3826 intellectus

2173 3864 2229 3918 in
2259 3863 2507 3927 Christo,
2535 3878 2762 3932 seseque
2797 3877 2864 3918 ex
2914 3865 3119 3917 honore
3176 3863 3309 3933 legis
3355 3862 3586 3917 emissos
3631 3868 3775 3915 tam-

2177 3973 2338 4027 quam
2373 3956 2615 4011 ﬁmbrias
2643 3972 2707 4010 ex
2735 3965 2887 4012 veste
2919 3955 3297 4026 magniﬁcent,
3324 3955 3416 4025 qui
3447 3955 3611 4008 totius
3642 3953 3779 4023 legis

2177 4053 2378 4123 ignari,
2404 4065 2581 4120 neque
2610 4065 2772 4119 opera
2815 4065 2988 4119 neque
3013 4050 3268 4104 virtutem
3296 4049 3415 4116 ejus
3446 4045 3614 4117 ipsius
3645 4046 3783 4115 legis

2179 4143 2498 4213 agnoverint
2524 4159 2536 4195 :
2570 4149 2817 4195 amantes
2838 4141 3043 4208 primos
3075 4139 3358 4193 accubitus
3384 4137 3435 4191 in
3465 4137 3731 4192 conviviis
3762 4179 3780 4203 ,

2181 4234 2268 4304 qui
2297 4233 2412 4303 igni
2439 4240 2641 4286 :cterno
2663 4231 3096 4301 (convivantibus
3125 4229 3307 4299 potius
3341 4244 3464 4283 cum
3502 4228 3782 4283 Abraham

2180 4321 2456 4395 gentibus)
2489 4322 2848 4392 deputantur:
2897 4330 2950 4375 et
2991 4322 3190 4390 primas
3214 4319 3500 4374 cathedras
3533 4320 3586 4373 in
3613 4334 3783 4389 syna-

2181 4418 2354 4488 gngis,
2387 4417 2489 4487 ipsi
2510 4417 2788 4472 doctorem
2812 4432 2969 4470 suum
2992 4416 3292 4471 secundum
3316 4417 3446 4486 legis
3471 4424 3527 4470 et
3554 4413 3790 4484 prophe-

488 4508 658 4564 David
684 4515 1116 4578 nuncuparetur,
1144 4505 1233 4576 qui
1262 4505 1380 4576 ejus
1403 4505 1542 4559 ﬁlius
1570 4505 1780 4560 futurus
1808 4514 1992 4568 esset;
2023 4514 2078 4559 et
2102 4517 2158 4577 D
2184 4521 2357 4565 tarum
2388 4509 2692 4564 testimonia
2740 4509 3056 4564 nescientes
3103 4508 3176 4581 (ᾖ
3239 4508 3329 4577 6);
3382 4508 3478 4563 sed
3506 4517 3560 4562 ει
3589 4509 3790 4563 salum-

479 4598 756 4671 quomodo
775 4598 844 4652 ab
882 4612 947 4653 eo
967 4595 1168 4651 dictum
1198 4604 1378 4651 esset:
1406 4593 1552 4649 Dixit
1573 4592 1828 4649 Dominus
1857 4595 2076 4649 Domino

481 4707 596 4747 meo
618 4706 637 4745 :
671 4688 810 4746 Sede
830 4704 863 4742 a
891 4687 1085 4743 dextris
1110 4687 1236 4742 meis
1253 4729 1267 4754 ,
1297 4687 1459 4742 donec
1477 4703 1667 4769 ponam
1692 4688 1928 4741 inimicos
1962 4696 2077 4742 tuos

482 4781 766 4839 scabellum
792 4781 978 4854 pedum
996 4789 1201 4834 tuorum
1249 4778 1408 4850 (Ibid.
1443 4778 1663 4851 42-44).
1685 4779 1817 4834 Erat
1858 4781 2075 4850 quidem

479 4889 708 4940 verum,
741 4873 1015 4928 Christum
1061 4887 1126 4926 ex
1176 4871 1350 4926 David
1393 4871 1600 4928 semine
1649 4873 2074 4942 procreandum:

482 4967 579 5022 sed
603 4967 900 5022 similitudo
942 4966 1211 5033 nominis,
1256 4981 1362 5037 qua
1396 4967 1652 5023 Dominus
1683 4969 1912 5024 Domino
1932 4968 2079 5025 dice-

481 5060 578 5115 bat
598 5100 616 5128 ,
647 5068 704 5115 et
731 5074 832 5130 qua
863 5076 892 5113 a
923 5060 1129 5116 dextris
1157 5059 1461 5115 collocabat
1483 5101 1498 5126 ,
1538 5059 1712 5115 donec
1741 5075 1930 5117 omnes
1973 5061 2081 5116 ini-

482 5151 654 5228 micos
676 5151 932 5208 subderet
952 5152 1179 5223 pedibus
1201 5152 1391 5222 ipsius,
1419 5151 1759 5222 signiﬁcabat
1778 5161 1833 5208 et
1855 5152 1923 5208 de
1946 5167 2077 5208 con-

480 5363 800 5434 prmsignata
834 5404 848 5428 ,
886 5361 1038 5434 cujus
1064 5359 1471 5434 intelligentiam
1492 5375 1600 5415 non
1619 5360 1959 5434 assequimur
1980 5359 2083 5416 nisi

478 5430 847 5490 meditatione.
893 5430 960 5487 ν.
991 5433 1070 5486 lit.
1094 5430 1150 5497 2,
1181 5430 1269 5486 Ps.
1301 5446 1490 5496 cxvut,
1523 5447 1578 5487 n.
1610 5432 1697 5486 11.

548 5503 629 5578 (a)
657 5503 715 5558 in
742 5519 838 5560 sex
861 5501 1372 5578 mssa-meditabatur
1399 5502 1886 5578 adve_ntus:_min_us
1916 5517 2079 5578 vere,

479 5572 618 5634 cum
640 5578 867 5632 verbum
898 5572 1240 5628 meditabatur
1287 5574 1627 5628 referendum
1659 5573 1728 5628 sit
1757 5573 1824 5628 ad
1857 5575 2079 5629 tacitum

486 5660 684 5703 nomen
719 5649 875 5716 legis,
906 5647 1062 5714 cujus
1090 5651 1283 5716 auctor
1313 5644 1545 5712 Spiritus
1571 5655 1792 5716 sanctus
1824 5646 1876 5699 in
1902 5645 2080 5699 omni-

483 5719 581 5772 bus
612 5717 753 5774 illius
778 5715 944 5787 gestis
972 5715 1248 5773 Christum
1275 5729 1438 5770 unum
1485 5715 1848 5785 prospiciebat
1870 5729 1934 5770 ac
1957 5729 2072 5770 me-

2189 4605 2364 4659 tiones
2408 4605 2460 4657 in
2493 4605 2610 4658 foro
2633 4645 2646 4668 ,
2675 4603 2874 4672 quibus
2915 4601 3190 4657 humilitas
3217 4601 3398 4656 cordis
3447 4611 3503 4656 et
3539 4602 3790 4657 ministe-

2187 4696 2329 4752 rium
2351 4698 2404 4750 in
2433 4711 2624 4752 omnes
2652 4706 2737 4750 est
2769 4696 3116 4766 imperatum.
3148 4695 3346 4751 Vocari
3368 4694 3535 4750 etiam
3577 4695 3646 4750 ab
3680 4694 3787 4749 hoc
3887 4741 3890 4744 .

2186 4788 2424 4844 minibus
2443 4789 2681 4858 magistri
2709 4789 2990 4860 volunt(i
3036 4789 3115 4858 7),
3156 4786 3786 4859 doctrinmlegisignari,

2187 4889 2243 4936 et
2269 4879 2580 4950 magistrum
2614 4879 2805 4934 salutis
2835 4888 3108 4948 perpetuae
3131 4888 3468 4949 respuentes.
3501 4879 3633 4945 Quae
3658 4879 3788 4949 quia

2190 4976 2372 5030 omnia
2398 4972 2621 5043 profana
2649 4981 2810 5042 atque
2839 4987 3094 5042 perversa
3118 4981 3344 5038 essent,
3374 4970 3635 5028 factorum
3664 4971 3792 5026 imi-

2190 5067 2394 5121 tatione
2420 5065 2766 5119 damnantur.
2799 5063 2958 5135 Legis
2979 5072 3160 5119 autem
3186 5064 3495 5132 andientia,
3529 5074 3583 5119 et
3608 5063 3788 5120 dicto-

2189 5171 2308 5212 rum
2329 5155 2794 5224 obedientia,qnia
2824 5153 3099 5210 Christum
3128 5155 3510 5225 loquebantur,
3531 5155 3786 5225 exigitur.

2186 5358 2490 5416 dilabatur:
2522 5367 2579 5412 ut
2620 5374 2683 5414 ex
2726 5372 3046 5428 quacumque
3087 5355 3205 5410 licet
3239 5371 3460 5428 persona
3487 5355 3792 5428 iprOphetia:

2186 5429 2414 5502 Spiritus
2437 5431 2502 5485 sit
2523 5427 2754 5502 locutus,
2788 5428 2854 5502 sit
2881 5439 3050 5502 tamen
3085 5437 3243 5481 totum
3269 5427 3400 5502 illud
3427 5427 3495 5480 ad
3529 5429 3791 5502 cognitio-

2183 5496 2568 5584 nemad-uentus
2599 5499 2809 5584 Domini
2830 5499 3013 5565 nostri,
3047 5507 3180 5564 etc.,
3214 5506 3274 5553 ut
3300 5496 3533 5552 habetur
3559 5496 3789 5570 prologo

2183 5573 2238 5627 in
2266 5574 2358 5630 lib.
2388 5572 2474 5626 Ps.
2512 5589 2566 5627 ιι.
2599 5571 2655 5627 5.

2194 5713 2216 5715 _
2255 5645 2330 5715 (b)
2348 5643 2436 5698 Sic
2462 5642 2599 5715 _Par.
2630 5655 2752 5715 cum
2793 5640 3102 5715 potioribus
3151 5656 3286 5699 mss.
3312 5640 3421 5698 Alii
3446 5654 3575 5698 vero
3623 5639 3750 5698 libri
3774 5676 3791 5707 ,

2183 5711 2351 5770 Deum
2370 5715 2423 5768 in
2447 5711 2639 5769 Christi
2666 5711 3009 5782 passionibus.
