4172 6188
409 296 551 356 1049

1246 290 1797 349 COMMENTARIUS
1838 289 1903 346 IN
1942 285 2379 345 MATTILEUM.
2420 286 2572 344 CAP.
2621 286 2807 343 XXIV.

3560 286 3706 345 1050

476 410 533 467 2.
566 408 847 464 Charitatis
886 418 934 462 et
961 407 1272 463 humilitatis
1313 417 1591 478 praecepta.
1618 436 1690 447 —
1718 405 1911 462 Verum
1944 405 1995 459 in
2025 412 2079 472 Α
2103 400 2446 457 efﬁcientiam
2522 400 2854 467 continebat,
2905 399 3001 457 sed
3053 400 3413 457 meditabatur
3454 400 3697 458 effectus.
3774 465 3785 479 ι

406 502 734 560 contrarium
758 500 1039 572 discipulis
1054 502 1167 571 jam
1187 514 1247 555 se
1271 500 1565 556 scientibus
1595 502 1761 553 totius
1782 498 2001 553 humili-

411 594 535 649 tatis
575 600 851 663 prmeepta
905 601 1269 659 consummat,
1323 600 1381 647 ut
1415 590 1763 647 meminerint
1810 604 2001 645 omnes

412 686 611 743 fratres
652 700 777 741 esse
819 696 903 751 se,
930 684 982 740 id
1025 693 1130 751 est,
1171 685 1308 738 lilios
1338 683 1575 751 parentis
1612 683 1791 749 unius,
1823 690 1876 736 et
1904 696 2001 752 per

404 792 560 834 novze
597 777 896 832 nativitatis
941 776 1353 847 generationem
1388 775 1588 830 terreni
1628 783 1780 829 ortus
1808 788 1998 829 exces-

401 869 539 926 sisse
564 869 875 940 primordia,
903 878 959 924 et
994 884 1157 924 unum
1187 868 1290 924 sibi
1323 882 1444 924 esse
1474 868 1726 922 omnibus
1760 867 1999 923 ctelestis

403 961 661 1017 doctrina:
694 962 1006 1032 magistrum
1027 1003 1043 1029 ,
1086 969 1141 1017 et
1168 961 1392 1032 gloriam
1419 959 1639 1014 honoris
1676 960 1864 1015 aeterni
1893 959 1994 1013 hn-

405 1051 647 1110 militatis
682 1055 1016 1110 conscientia
1052 1051 1476 1124 capessendam;
1501 1053 1624 1121 quia
1647 1051 1995 1108 insolentiam

408 1145 546 1200 Dens
567 1145 817 1201 humilem
846 1145 1137 1202 eﬁ'ecturus
1160 1145 1250 1210 sit,
1290 1152 1345 1200 et
1372 1143 1729 1200 humilitatem
1757 1145 1997 1201 elaturus

408 1238 462 1294 in
487 1237 712 1307 gloriam
748 1236 907 1308 (Ibid.
944 1238 1117 1310 8-12).

475 1330 793 1386 5.Pharisa:i
823 1328 1084 1385 Christum
1108 1330 1393 1402 respuendo
1417 1329 1664 1385 claudunt
1694 1330 1896 1385 calum.
1925 1360 1998 1371 --

412 1422 509 1478 γω
537 1422 676 1477 vobis
705 1421 902 1478 Scriba:
927 1432 976 1477 et
1005 1422 1262 1478 Pltaristei
1299 1424 1598 1496 hypocrita,
1633 1425 1721 1493 qui
1744 1422 1819 1494 (a)
1849 1421 1996 1476 clau-

401 1514 524 1568 ditis
562 1530 772 1586 regnum
807 1514 1047 1568 calorum
1076 1514 1149 1587 (Ῡ
1196 1514 1308 1587 15).
1353 1516 1764 1571 Simulationem
1806 1530 1994 1570 eorum

403 1619 580 1674 ptenae
608 1603 1001 1673 signiﬁcatione
1024 1605 1366 1662 condemnat.
1404 1604 1492 1660 Va:
1514 1607 1655 1661 enim
1680 1621 1782 1660 vox
1810 1605 1998 1661 dolen-

404 1696 474 1754 tis
517 1707 619 1753 cst.
650 1697 915 1754 Claudere
954 1707 1131 1753 autem
1172 1713 1267 1754 eos
1297 1714 1521 1770 regnum
1565 1700 1825 1755 rtelorum
1873 1699 1995 1755 ideo

2104 493 2238 550 Nam
2277 503 2499 549 ornatus
2537 494 2711 549 altarii
2739 501 2900 563 atque
2931 496 3114 564 templi
3146 510 3251 549 non
3282 493 3599 565 dignitatem
3623 493 3694 551 de

2104 585 2250 641 cultu
2272 584 2619 651 conciliabat,
2662 584 2756 641 sed
2795 584 3095 641 futurorum
3126 586 3363 655 speciem
3396 585 3464 640 de
3491 584 3692 641 decore

2106 676 2358 748 ﬁngebat.
2394 678 2527 732 Nam
2570 693 2781 744 aurum,
2812 687 3117 748 argentum,
3160 692 3256 745 ws,
3301 678 3692 743 aurichalcum,

2103 772 2430 841 margaritae,
2480 770 2771 842 crystallus
2812 770 3087 840 propriam
3132 770 3546 841 signiticantiam
3595 783 3698 840 pro

2103 872 2294 919 natura
2330 862 2752 934 uniuscuiusque
2784 864 2998 918 'metalli
3044 863 3497 934 complectuntur.
3536 863 3701 934 Igitur

2102 955 2396 1027 redarguit,
2426 956 2570 1027 quod
2596 970 2787 1011 aurum
2821 954 3007 1025 templi
3029 963 3085 1011 et
3103 955 3244 1011 dona
3266 956 3455 1011 altaris
3480 971 3580 1027 pro
3608 970 3700 1010 sa-

2104 1060 2504 1105 cramentorum
2568 1048 2828 1119 religione
2871 1056 3298 1114 venerat-eatur;
3348 1062 3474 1104 cum
3522 1048 3700 1103 honor

2102 1145 2283 1216 potior
2320 1154 2464 1200 esset
2494 1153 2550 1200 et
2577 1144 2764 1199 altaris
2808 1151 2863 1199 et
2892 1143 3099 1213 templi,
3142 1142 3264 1211 quia
3295 1143 3361 1198 ad
3392 1142 3696 1198 futurorum

2101 1238 2426 1308 specienket
2456 1252 2644 1292 aurum
2678 1236 2883 1307 templo
2930 1243 2987 1291 et
3013 1234 3212 1290 donum
3242 1234 3589 1293 dedicaretur
3617 1234 3699 1289 al-

2102 1332 2223 1386 tari.
2272 1332 2338 1386 Et
2364 1330 2485 1387 ideo
2519 1330 2843 1385 adveniente
2872 1329 3092 1384 Christo
3118 1328 3367 1383 inutilem
3412 1342 3534 1383 esse
3561 1326 3698 1383 ﬁdu-

2100 1426 2239 1482 ciam
2271 1426 2405 1496 legis
2431 1443 2443 1479 :
2476 1425 2598 1496 quia
2642 1440 2748 1479 non
2780 1424 2832 1479 in
2861 1423 2979 1494 lege
2999 1422 3271 1489 Christus,
3302 1421 3398 1477 sed
3423 1422 3508 1478 lex
3534 1436 3696 1476 sanc-

2102 1517 2397 1573 tiﬁcaretur
2425 1517 2479 1571 in
2506 1516 2739 1579 Christo.
2770 1516 2823 1571 in
2854 1530 2956 1586 qua
2984 1515 3147 1571 veluti
3177 1514 3336 1570 sedes
3363 1513 3698 1583 thronusque

2101 1608 2172 1683 (c)
2197 1611 2299 1667 sibi
2327 1612 2532 1681 positus
2558 1610 2647 1665 sit.
2675 1609 2775 1677 Qui
2806 1610 2929 1679 quia
2962 1606 3697 1680 religiosus.habeatur,reli-

2098 1705 2313 1775 gioncm
2339 1704 2407 1757 ab
2425 1718 2493 1759 eo
2515 1718 2738 1760 necesse
2767 1701 2955 1771 estqui
2983 1702 3034 1756 in
3063 1701 3156 1756 illo
3194 1699 3442 1756 considat
3462 1712 3695 1769 accepe-

406 1790 499 1853 ait,
539 1790 667 1860 quia
704 1790 757 1845 in
783 1789 901 1861 lege
940 1790 1344 1846 meditationem
1374 1792 1491 1861 ejus
1519 1807 1639 1863 quae
1678 1791 1732 1846 in
1777 1791 1994 1847 Christo
2023 1800 2071 1859 Β
2100 1797 2169 1850 rit
2198 1812 2211 1848 :
2236 1803 2397 1866 atque
2435 1794 2506 1849 ita
2542 1794 2693 1849 stulti
2723 1793 2963 1859 caecique
2994 1794 3123 1857 sint,
3155 1792 3532 1847 sanctiﬁcante
3561 1804 3701 1861 prte-

406 1888 492 1936 est
539 1882 783 1937 veritatis
821 1883 1115 1949 occultent,
1165 1893 1220 1938 et
1258 1898 1580 1953 corporeum
1631 1885 1920 1941 adventum
1961 1901 1989 1939 a

399 1972 679 2043 prophetis
703 1974 1052 2044 praedicatum
1092 1974 1353 2031 doctrinae
1376 1978 1725 2033 simulatione
1764 1970 1992 2033 abscon-

396 2064 565 2133 dant;
616 2067 826 2138 ipsique
890 2082 996 2123 non
1049 2068 1308 2124 adeuntes
1358 2069 1499 2124 viam
1554 2071 1873 2126 aeternitatis
1937 2071 1990 2126 in

395 2156 638 2225 Christo,
668 2159 821 2215 adire
848 2175 1063 2232 quoque
1093 2170 1324 2216 caeteros
1351 2176 1459 2216 non
1498 2163 1696 2218 sinant.

470 2249 526 2305 4.
557 2249 659 2318 Qui
684 2250 949 2321 imponant
970 2252 1109 2307 aliis.
1138 2280 1209 2293 —-
1250 2251 1337 2307 Va:
1365 2253 1505 2307 vobis
1544 2252 1741 2308 Scribte
1766 2262 1813 2308 et
1853 2252 1995 2308 Pha-

397 2343 539 2398 ristei
559 2342 864 2414 hypocritte,
889 2344 979 2416 qui
996 2345 1261 2399 comeditis
1282 2347 1459 2401 domos
1485 2347 1756 2401 viduarum
1780 2350 1796 2417 (
1818 2347 1854 2417 ᾗ
1878 2346 1988 2418 14).

399 2436 537 2494 Hinc
566 2440 668 2493 illa:
698 2449 823 2495 sunt
845 2440 1092 2495 veritatis
1119 2440 1336 2508 inﬁciae,
1383 2440 1508 2497 hinc
1533 2441 1797 2497 adeunda:
1829 2449 1993 2497 carie-

399 2530 477 2586 ris
504 2531 693 2586 salutis
711 2531 983 2597 inhibitio,
1009 2542 1065 2587 et
1090 2532 1241 2603 regni
1271 2534 1511 2588 caelestis
1532 2534 1826 2599 obseratio,
1858 2545 1916 2589 ut
1938 2537 1989 2589 in

399 2622 681 2698 obeundis
704 2623 986 2679 viduarum
1029 2623 1280 2680 domibus
1311 2625 1606 2681 retineatur
1649 2626 1893 2689 ambitio,
1934 2635 1994 2682 ut

398 2714 570 2786 longa:
594 2716 855 2771 orationis
882 2715 1194 2787 dignatione
1230 2719 1552 2790 spolientur,
1584 2729 1641 2774 ut
1667 2719 1735 2774 ab
1760 2718 1845 2775 his
1881 2734 1992 2775 cae-

398 2805 552 2862 lestis
589 2807 827 2877 cognitio
880 2815 1155 2877 tamquam
1194 2823 1223 2862 a
1267 2808 1522 2864 thesauro
1563 2811 1813 2880 repositae
1850 2825 1991 2880 opu-

396 2898 581 2954 lentiae
618 2907 933 2970 expetatur,
987 2907 1044 2953 ut
1087 2898 1225 2970 legis
1263 2899 1495 2970 dignitas
1535 2902 1725 2971 gratiae
1773 2901 1992 2956 silentio

396 2997 729 3060 perseveret.
754 2989 822 3045 Et
847 2988 971 3044 ideo
996 2989 1266 3060 accipient
1288 2991 1521 3061 amplius
1548 2992 1835 3061 judicium.
1866 2994 1991 3063 quia

396 3090 451 3135 et
473 3095 685 3150 ptenam
718 3080 917 3151 proprii
951 3080 1178 3150 peccati,
1206 3090 1261 3137 et
1282 3093 1491 3137 reatum
1517 3084 1709 3139 alien.e
1741 3085 1993 3155 ignoran-

402 3173 490 3228 tize
518 3173 810 3229 debebunt.

469 3265 524 3322 5.
571 3264 771 3321 Eorum
801 3266 975 3322 odium
1022 3268 1076 3322 in
1122 3266 1488 3339 Evangelium.
1536 3270 1639 3339 Qui
1689 3287 1839 3341 paena
1893 3271 1993 3326 du-

402 3360 525 3430 plici
548 3360 821 3433 plectendi.
849 3391 922 3402 -—
950 3360 1043 3416 Vae
1061 3362 1200 3416 vobis
1231 3362 1429 3418 Scriba:
1467 3373 1517 3418 et
1538 3364 1792 3421 Pharisaei
1831 3366 1994 3438 hypo-

397 3452 564 3520 critre,
594 3453 680 3521 qui
712 3454 940 3508 circuitis
977 3471 1118 3508 mare
1156 3465 1204 3509 et
1245 3456 1446 3510 aridant
1471 3456 1547 3531 (ᾗ
1597 3457 1710 3529 15).
1736 3459 1901 3516 Maris
1938 3468 1995 3515 et

400 3554 561 3600 terra:
592 3550 963 3616 peragratione
1006 3547 1294 3617 significat,
1332 3548 1383 3603 in
1427 3552 1555 3604 totis
1600 3551 1751 3607 orbis
1794 3552 1993 3607 finibus

404 3651 505 3693 eos
554 3652 676 3693 esse
724 3638 919 3694 Christi
971 3638 1268 3711 Evangelia
1314 3644 1732 3708 obtrectaturos,
1774 3654 1829 3698 et
1855 3644 1991 3715 legis

393 3729 526 3801 jugo
558 3740 743 3785 contra
765 3730 1204 3800 justiﬁcationem
1229 3732 1364 3803 ﬁdei
1396 3734 1605 3804 aliquos
1638 3735 1950 3792 subdituros
1976 3754 1989 3790 ε

398 3821 657 3892 proselyti
684 3822 836 3877 enim
883 3830 1009 3876 sunt
1050 3837 1117 3877 ex
1158 3823 1411 3893 gentibus
1440 3824 1491 3879 in
1519 3824 1859 3897 Synagngam
1902 3843 1992 3885 re-

397 3913 560 3984 cepti.
608 3916 852 3980 Quorum
893 3914 1193 3969 futurorum
1234 3918 1429 3972 raritas
1455 3918 1506 3972 in
1546 3934 1654 3973 uno
1685 3919 1764 3993 (b)
1791 3921 1995 3977 indica-

402 4015 488 4061 tur
521 4024 535 4059 :
566 4020 749 4075 neque
795 4005 939 4061 enim
987 4017 1109 4077 post
1143 4006 1345 4064 Christi
1390 4009 1823 4080 praedicationem
1867 4013 1996 4069 doc-

401 4099 560 4154 trinae
584 4113 770 4154 eorum
799 4097 930 4153 ﬁdes
952 4098 1140 4154 relicta
1166 4111 1267 4155 est.
1302 4100 1408 4156 Sed
1440 4103 1685 4173 quisquis
1713 4104 1878 4160 fuerit
1904 4121 1997 4161 ac-

402 4194 632 4264 quisitus
662 4193 731 4249 ad
778 4194 1014 4265 plebem,
1049 4194 1190 4251 ﬁlius
1220 4195 1279 4250 ﬁt
1304 4196 1588 4266 gehennae,
1621 4214 1795 4269 poenae
1824 4200 1992 4256 sobo-

400 4286 501 4349 les.
542 4296 597 4341 et
624 4286 809 4341 aeterni
827 4285 1013 4356 judicii
1044 4287 1206 4361 785
1250 4286 1538 4343 haereditas
1568 4308 1580 4341 :
1625 4291 1750 4358 quia
1778 4290 1997 4361 adoptio

402 4394 470 4435 ex
495 4380 750 4450 gentibus
776 4380 1012 4434 Abrahae
1040 4379 1295 4435 fatniliam
1324 4381 1527 4435 factura
1547 4383 1635 4437 sit.
1669 4381 1794 4438 ldeo
1815 4394 1994 4438 autem

402 4486 580 4543 parua:
600 4471 887 4542 dvplicatte
907 4471 1012 4527 erit
1038 4469 1199 4540 ﬁlius,
1235 4472 1357 4543 quia
1402 4488 1580 4543 neque
1620 4474 1994 4529 remissionem

2100 1887 2282 1956 terito,
2306 1886 2643 1942 sanctiﬁcata
2674 1894 2997 1941 venerantes
3026 1885 3100 1958 (ᾗ
3144 1884 3259 1948 17).

2167 1983 2221 2036 7.
2253 1981 2425 2050 Opera
2445 1991 2678 2044 externa,
2707 1980 2804 2033 etsi
2832 1996 2935 2034 non
2961 1977 3260 2045 omittenda,
3281 1976 3501 2033 internis
3527 1984 3699 2031 tamen

2095 2072 2362 2128 virtutibus
2393 2070 2762 2140 posthabenda.
2786 2099 2860 2111 --
2896 2068 2986 2124 Va:
3033 2068 3171 2124 vobis
3202 2068 3399 2125 Scribte
3426 2078 3474 2123 et
3504 2066 3697 2121 Phari-

2094 2169 2184 2223 swi
2204 2166 2506 2237 hypocrita,
2535 2166 2621 2236 qui
2656 2164 2922 2219 deeimatis
2958 2160 3220 2217 mentham
3260 2172 3309 2215 et
3352 2158 3616 2224 anethum,
3648 2167 3696 2214 et

2095 2275 2243 2316 onme
2277 2259 2413 2324 olus,
2457 2267 2515 2313 et
2553 2256 2759 2327 reliqua
2784 2254 2948 2330 (Ibid.
2985 2255 3104 2328 25).
3153 2254 3347 2310 Mentis
3389 2254 3597 2309 occulta
3640 2262 3698 2308 et

2096 2351 2381 2408 obscuram
2417 2349 2754 2407 voluntatum
2801 2347 3139 2418 iniquitatem
3183 2346 3461 2417 redarguit
3501 2344 3696 2417 :‘quod

2095 2456 2159 2498 ea
2188 2456 2313 2513 quae
2339 2441 2392 2495 in
2438 2438 2662 2495 decimis
2711 2438 2948 2494 menthae
2993 2447 3156 2509 atque
3203 2436 3386 2492 anethi
3420 2436 3506 2491 lex
3550 2451 3691 2507 pra!-

2095 2534 2285 2590 scribit
2309 2533 2570 2600 efﬁciant,
2600 2542 2658 2588 ut
2684 2532 2910 2603 implere
2939 2531 3109 2602 legem
3126 2531 3194 2586 ab
3221 2529 3526 2587 hominibus
3552 2530 3698 2585 exis-

2098 2627 2395 2691 timentur;
2426 2623 2852 2680 misericordiam
2881 2638 3013 2679 vero
3041 2632 3205 2693 atque
3234 2622 3500 2693 justitiam
3543 2632 3598 2678 et
3630 2621 3695 2676 ﬁ-

2094 2718 2217 2774 dem
2263 2726 2319 2773 et
2345 2732 2563 2773 omnem
2609 2717 3004 2772 benevolentiae
3048 2713 3300 2770 aﬁ‘ectum
3349 2714 3691 2784 reliquerint,

2094 2810 2237 2881 quod
2271 2809 2548 2881 proprium
2597 2807 2835 2864 hominis
2879 2806 3118 2862 ofﬁcium
3160 2814 3261 2862 est.
3293 2806 3427 2873 Quia
3456 2805 3697 2861 decima-

2093 2904 2171 2959 tio
2210 2903 2298 2958 illa
2338 2904 2546 2969 oleris,
2589 2916 2712 2972 quae
2754 2901 2807 2955 in
2858 2897 3347 2969 prtcfurmationem
3390 2899 3694 2952 futurorum

2094 3004 2213 3051 erat
2258 2994 2427 3061 utilis,
2478 3008 2585 3049 non
2636 2992 2867 3049 debebat
2910 2992 3088 3046 omitti
3122 3007 3135 3044 :
3165 2989 3309 3046 efﬁci
3355 3000 3535 3046 autem
3592 2990 3697 3045 hoc

2094 3089 2400 3158 oportebat,
2431 3093 2491 3141 nt
2517 3085 2641 3141 ﬁdei
2682 3094 2735 3139 et
2758 3084 2985 3155 iustitiae
3011 3093 3067 3139 et
3107 3081 3498 3139 misericordiae
3522 3078 3691 3151 parti-

2016 3183 2064 3246 C
2093 3181 2196 3238 bus
2239 3180 2430 3246 functi,
2486 3194 2592 3233 non
2644 3178 2949 3233 imitatione
2996 3177 3284 3247 ﬁngendae,
3327 3175 3422 3232 sed
3461 3175 3692 3231 veritate

2095 3272 2400 3329 retinenda:
2447 3271 2737 3326 voluntatis
2776 3270 3030 3341 operibus
3060 3271 3418 3340 placeremus.
3459 3267 3529 3323 Et
3568 3268 3693 3338 quia

2096 3368 2278 3422 minus
2335 3366 2531 3435 piaculi
2591 3374 2767 3432 esset,
2822 3365 3239 3420 decimationem
3292 3364 3458 3419 oleris
3512 3363 3694 3434 potius

2095 3476 2255 3532 quam
2290 3459 2685 3515 benevolentiae
2732 3456 2967 3512 ofﬁcium
3010 3472 3105 3527 pra
3125 3456 3327 3519 terire;
3361 3454 3552 3509 irridet
3593 3467 3694 3508 eo-

2096 3566 2216 3606 rum
2240 3552 2293 3604 in
2319 3549 2563 3604 colendis
2585 3547 2847 3603 culicibus
2868 3548 3223 3617 diligentiam,
3244 3560 3474 3616 quorum
3499 3547 3550 3599 in
3574 3546 3694 3615 glu-
3780 3598 3789 3615 ρ

2099 3640 2293 3697 tiendis
2320 3641 2545 3696 camelis
2574 3647 2720 3695 esset
2761 3642 2985 3707 incuria,
3022 3649 3238 3711 peccata
3274 3639 3527 3695 videlicet
3556 3639 3693 3695 levia

2096 3731 2422 3798 vitantiunt,
2474 3742 2530 3787 et
2578 3730 2946 3803 gravia(mss.
2999 3730 3259 3802 grandia)
3314 3730 3692 3785 devorantium

2101 3824 2173 3897 (ᾗ
2216 3821 2332 3897 24).
2367 3823 2472 3879 Par
2500 3838 2715 3894 quoque
2757 3822 2809 3877 in
2849 3836 2944 3877 eos
2976 3837 3149 3892 ptume
3177 3821 3535 3887 ,dennntiatio
3582 3829 3687 3887 est,

2096 3919 2186 3989 qui
2210 3919 2407 3973 calices
2437 3925 2496 3973 et
2515 3916 2833 3988 paropsides
2852 3907 3190 3971 extrinsecus
3211 3916 3479 3981 eluentes,
3501 3930 3689 3971 eorum

2098 4012 2355 4067 interiora
2384 4026 2491 4065 non
2530 4010 2793 4065 mundent
2822 4009 2895 4080 (ᾗ
2937 4008 3030 4077 25)
3066 4025 3079 4061 :
3107 4008 3492 4076 etjactantiam
3524 4008 3687 4062 inuti-

2098 4105 2165 4161 lis
2195 4104 2358 4160 studii
2392 4112 2700 4174 sequentes,
2732 4102 2979 4157 utilitatis
3023 4099 3276 4172 perfecta:
3319 4096 3679 4156 ministerium

2100 4196 2496 4266 derelinquant.
2528 4193 2727 4250 Calieis
2758 4209 2990 4264 namque
3035 4206 3165 4248 usus
3209 4194 3435 4249 interior
3459 4204 3543 4251 est
3566 4210 3579 4247 :
3603 4194 3695 4263 qui

2099 4293 2142 4345 si
2172 4288 2536 4354 obsorduerit,
2576 4287 2702 4359 quid
2745 4287 2985 4358 proﬁciet
3028 4288 3169 4343 lotus
3199 4288 3481 4343 exterius?
3516 4291 3691 4358 Atque

2097 4382 2220 4437 ideo
2249 4380 2518 4436 interioris
2554 4382 2903 4436 conscientia:
2945 4382 3087 4435 nitor
3134 4388 3220 4434 est
3258 4380 3605 4447 obtinendus,
3637 4390 3697 4436 ut

2099 4489 2161 4527 ca
2207 4487 2330 4544 quae
2371 4472 2617 4542 corporis
2659 4481 2784 4527 sunt
2828 4471 3133 4527 forinsecus
3171 4473 3421 4527 cluantur
3452 4472 3526 4545 (Ῡ
3570 4471 3690 4543 26).

400 4574 745 4635 peccatorqu
774 4564 845 4618 sit
877 4562 1161 4634 gentilium
1189 4572 1533 4628 consecutus,
1574 4574 1629 4619 et
1675 4567 1990 4623 societatem
2018 4563 2074 4625 D
2098 4566 2372 4637 Sepulcris
2391 4580 2603 4637 quoque
2623 4580 2717 4621 eos
2740 4565 3092 4635 comparavit,
3120 4579 3240 4635 qua:
3265 4563 3503 4619 humano
3528 4579 3695 4634 opere

402 4669 592 4710 eorum
614 4653 992 4724 quiChristum
1025 4655 1292 4722 persecuti
1322 4664 1450 4709 sunt
1479 4655 1550 4709 sit
1571 4667 1809 4712 seentns.

472 4747 525 4802 6.
551 4745 662 4801 Lex
682 4750 975 4816 futurorum
998 4747 1187 4816 forma,
1212 4747 1357 4801 sedes
1382 4757 1456 4800 est
1477 4758 1525 4801 et
1540 4748 1759 4803 thronus
1779 4748 1990 4804 Christi.

404 4837 606 4894 Christo
626 4838 922 4893 adveniente
950 4853 1043 4892 cur
1059 4838 1280 4891 inutilis.
1304 4867 1377 4877 —
1399 4837 1492 4893 Vw
1512 4840 1651 4894 vobis
1675 4841 1826 4895 duces
1851 4841 1992 4909 neci,

402 4932 488 5002 qui
515 4930 687 4985 dicitis
709 4946 727 4983 :
747 4928 1064 4998 Quicumque
1094 4930 1347 5002 juraverit
1377 4930 1430 4983 in
1459 4933 1723 5002 templum,
1760 4933 1892 4987 nihil
1922 4944 1996 5011 est

403 5021 567 5091 (Ibid.
599 5020 712 5091 ib).
741 5020 1118 5076 ﬂeverentiam
1149 5019 1507 5075 humanarum
1531 5022 1992 5090 Observationum,

402 5122 458 5170 et
502 5111 889 5168 contumeliam
944 5112 1280 5182 prophetica:
1327 5112 1633 5169 traditionis
1678 5116 1993 5185 exprobrat,

401 5204 546 5278 quod
574 5204 827 5260 inanibus
868 5203 1129 5259 honorem
1159 5203 1371 5270 darent,
1417 5213 1473 5259 et
1503 5205 1852 5263 detraherent
1896 5209 1995 5265 ho-

401 5298 683 5355 norandis.
710 5295 913 5369 Legem
954 5311 1187 5368 namque
1226 5297 1343 5368 ipse
1381 5296 1628 5368 dederat,
1674 5310 1729 5357 et
1769 5302 1855 5359 lex
1884 5318 1993 5362 non

497 5499 552 5555 ai
582 5497 710 5555 Mss.
738 5496 1078 5554 Cluditis.....
1105 5497 1333 5554 cludere.

497 5517 528 5554 a
582 5499 710 5555 Mss.
738 5499 1078 5554 Cluditis.....
1105 5499 1333 5554 cludere.

404 5499 568 5697 “3:5.
600 5570 657 5625 lo
696 5569 929 5640 vulgatis
961 5568 1254 5642 judicatur.
1304 5568 1526 5629 Rectius
1576 5570 1631 5628 in
1680 5586 1812 5630 mss.
1860 5574 1998 5630 indi-

478 5712 549 5796 (c)
580 5710 639 5766 ld
669 5718 776 5775 est,
807 5708 1026 5796 Christo
1045 5713 1243 5782 positus
1262 5712 1347 5766 sit.
1375 5713 1475 5796 Qui
1501 5711 1749 5796 Christus
1778 5715 1899 5796 quia
1921 5733 2000 5772 re-

409 5784 642 5851 ligiosus,
681 5796 777 5839 seu
818 5784 1083 5851 religione
1122 5796 1186 5839 ac
1215 5787 1563 5842 veneratione
1588 5784 1999 5855 dignus/tabem

1998 4728 2001 4731 _
2096 4660 2351 4729 cultuque
2384 4657 2548 4730 786
2597 4656 2957 4727 splendentia,
3003 4665 3336 4710 mortuorum
3384 4655 3598 4710 ossibus
3638 4664 3695 4710 et

2094 4752 2417 4808 cadaverum
2441 4751 2794 4806 immunditiis
2821 4750 3046 4804 interius
3081 4742 3400 4803 sordescant
3426 4748 3501 4817 (ᾗ
3548 4747 3642 4818 27)
3671 4764 3687 4802 :

2097 4841 2391 4915 praeferant
2416 4841 2625 4897 scilicet
2656 4841 2904 4896 inanibus
2922 4839 3101 4895 verbis
3121 4838 3344 4910 justitire
3374 4839 3693 4909 speciosita-

2100 4946 2229 4997 tem.
2260 4934 2493 4988 habeant
2514 4948 2642 4988 vero
2685 4933 2824 4987 intra
2856 4946 2917 4989 se
2948 4932 3294 4987 conscientia:
3315 4944 3432 4987 suae
3457 4930 3685 4988 mentis-

2099 5042 2206 5097 que
2231 5026 2499 5083 faetorem.

2173 5120 2227 5176 8.
2256 5117 2428 5174 Judtei
2464 5119 2737 5190 prophetas
2778 5120 2832 5173 in
2864 5118 3038 5173 odium
3080 5117 3304 5172 veritatis
3342 5118 3536 5173 occisos
3578 5133 3682 5172 non

2100 5213 2351 5267 nesciunt.
2380 5241 2452 5252 —
2488 5210 2580 5266 Va:
2611 5211 2752 5266 vobis
2782 5209 2978 5285 Scriba:
3018 5218 3065 5263 et
3100 5208 3353 5266 Pharisaei
3387 5208 3691 5281 hypocritte,

2101 5307 2189 5379 qui
2210 5306 2483 5376 wdiﬁcatis
2512 5304 2749 5376 sepulcra
2773 5302 3165 5375 prophetarum,
3186 5316 3241 5360 et
3264 5303 3468 5374 reliqua
3485 5301 3505 5373 (
3522 5302 3557 5371 ᾗ
3577 5299 3692 5371 29).

2105 5515 2188 5561 tur
2219 5506 2423 5576 (minus
2474 5505 2611 5561 bene
2642 5502 2782 5574 apud
2807 5502 2955 5577 Lips.
2997 5514 3051 5561 et
3081 5505 3203 5561 Par.
3241 5503 3587 5577 habebatur),
3616 5519 3697 5577 re-

2106 5578 2349 5648 ligionem
2371 5592 2571 5632 necesse
2591 5585 2661 5631 est
2690 5575 2938 5644 acceperit
2962 5576 3048 5632 lcx
3068 5577 3131 5631 ab
3156 5592 3237 5641 eo,
3260 5576 3344 5645 qui
3368 5575 3425 5631 in
3446 5575 3698 5699 illo'legis

2108 5649 2304 5699 throno
2352 5647 2606 5699 considat.
2657 5645 2730 5699 Ita
2775 5646 3124 5699 cmendamus
3162 5662 3228 5699 ex
3272 5662 3365 5699 sex
3405 5661 3538 5699 mss.
3588 5679 3605 5699 Δ.
3634 5660 3698 5699 ec

2108 5645 2304 5703 throno
2352 5647 2606 5702 considat.
2657 5645 2730 5700 ita
2775 5646 3124 5702 cmendamus
3162 5662 3228 5701 ex
3272 5662 3365 5701 sex
3405 5661 3538 5701 mss.
3586 5645 3698 5701 Nec

2104 5735 2268 5774 sensu
2293 5718 2560 5775 dissident
2598 5716 2799 5785 caeteri,
2838 5719 2889 5771 in
2917 5718 3111 5787 quibus
3153 5724 3331 5774 exstat
3368 5718 3695 5775 consederat.

2106 5789 2175 5845 At
2203 5790 2342 5847 male
2368 5790 2420 5845 in
2454 5790 2601 5858 prius
2622 5788 2873 5858 vulgatis,
2897 5787 3144 5851 conﬁdat.
3187 5846 3197 5857 ,
