4172 6188
448 304 586 361 1051

1618 252 1881 356 .SANCTI
1931 290 2185 349 IIILARII
2226 291 2526 350 EPISCOPI

3506 362 3513 367 κ
3598 295 3745 352 rosa

450 416 645 474 Judicii
672 417 843 473 forma
881 416 935 472 in
965 415 1214 472 absoluto
1242 424 1345 483 est,
1379 423 1435 469 ct.
1477 414 1769 484 unicuique
1795 419 2038 467 nostrum
2070 410 2117 470 A
2142 407 2253 479 jain
2287 409 2338 463 in
2372 407 2458 464 his
2485 407 2734 465 habitans
2771 406 3020 465 Christus
3054 416 3110 465 et
3146 407 3447 489 praedicans
3479 418 3598 466 erat
3624 426 3743 481 pas-

454 527 521 570 ex
565 520 757 568 natura
787 524 977 567 sensus
1007 507 1084 582 (a)
1107 518 1267 579 atque
1289 508 1474 580 opinio
1505 505 1778 579 aequitatis
1821 502 2051 573 imponi—

455 611 545 659 tur
575 620 590 657 ε
620 611 677 657 ut
705 600 882 657 minus
920 617 984 673 ex
1011 616 1076 656 eo
1105 601 1279 655 venia:
1308 598 1611 671 iniquitatis
1654 611 1791 666 opus
1834 594 2048 671 habeat,

455 710 563 768 quo
603 694 773 763 magis
812 694 1038 766 aequitas
1087 693 1328 763 ignorata
1367 706 1473 745 non
1517 689 1695 745 fuerit.
1738 686 2049 757 PrOphetas

457 802 688 857 namque
710 802 898 841 omnes
926 786 1055 855 legis
1084 786 1310 855 populus
1348 783 1562 839 occidit.
1593 781 1648 838 lu
1682 781 1865 836 odium
1902 780 2049 836 enim

458 860 680 946 eorum,
735 876 1093 931 amaritudine
1137 875 1556 947 objurgationis,
1611 873 1825 928 accensi
1877 879 2049 926 sunt:

459 985 581 1026 nam
613 984 745 1024 voce
774 969 987 1040 publica
1018 969 1175 1031 furta.
1204 966 1403 1031 caedes,
1433 964 1717 1029 adulteria,
1763 964 2042 1033 sacrilegia

460 1062 577 1131 ejus
608 1060 991 1131 coarguebant.
1023 1059 1089 1114 Et
1113 1061 1236 1129 quia
1265 1058 1539 1129 indignum
1572 1072 1694 1113 eum
1721 1056 1926 1112 caelesti
1969 1071 2056 1111 re-

468 1168 577 1225 gno
613 1153 683 1208 ob
713 1154 826 1207 haec
864 1166 1026 1223 opera
1068 1150 1476 1214 denuntiabant,
1520 1158 1576 1204 et
1620 1148 1864 1203 litercdes
1897 1156 2059 1201 testa-2

465 1246 631 1301 menti
666 1244 762 1299 Dei
790 1255 977 1313 gentes
1007 1244 1212 1298 futuras
1248 1242 1650 1314 pradicabant;
1680 1241 1834 1307 vari.
1872 1253 2061 1309 plena-

464 1352 585 1392 rum
612 1352 812 1408 genere
833 1335 1068 1391 confecti
1094 1346 1236 1390 sunt.
1272 1334 1375 1391 Sed
1407 1343 1686 1404 parentum
1711 1332 1843 1387 facta
1878 1341 2059 1401 poste-

466 1430 599 1485 ritas
620 1429 693 1484 ita
719 1428 985 1484 detestata
1016 1438 1120 1494 est,
1142 1437 1200 1482 ut
1230 1427 1526 1497 prophetiae
1556 1426 1721 1481 libros
1746 1434 2059 1487 veneretur,

467 1522 761 1577 memorias
786 1520 1033 1587 adornet,
1066 1520 1311 1590 sepulcra
1343 1527 1612 1574 resmuret
1641 1536 1653 1573 :
1690 1516 1886 1587 talique
1912 1530 2064 1570 reve-

468 1617 641 1670 rentia
673 1622 823 1669 extra
853 1614 1065 1699 eqlpam
1090 1626 1149 1667 se
1174 1626 1295 1667 esse
1319 1611 1528 1681 paterni
1552 1609 1776 1665 sceleris
1812 1616 2058 1670 testetur.

538 1708 595 1763 9.
631 1705 797 1761 Tanto
822 1707 986 1777 magis
1017 1715 1135 1759 sunt
1160 1706 1235 1759 rei
1262 1705 1325 1759 de
1350 1720 1471 1759 nece
1497 1702 1709 1767 Christi,
1731 1703 1817 1773 qui
1842 1700 2064 1773 prophe-

2155 514 2269 554 sus.
2301 498 2455 568 Quod
2502 500 2547 554 si
2585 500 2849 557 creditum
2894 503 2944 557 el
2987 501 3342 568 fuisset;non
3386 503 3560 557 solum
3592 516 3747 560 extra

2155 606 2369 664 poenam
2412 593 2561 648 necis
2600 594 3005 665 prophetarum,
3030 595 3365 650 credentium
3395 595 3528 651 fides
3553 596 3620 669 (Γ)
3651 594 3740 651 fo-

2156 692 2263 751 ret,
2296 684 2390 739 scd
2418 684 2589 755 ipsam
2632 686 2774 741 illam
2811 685 3094 741 dominicae
3115 686 3383 757 passionis
3426 676 3748 743 sententiam

2154 788 2300 835 esset
2328 780 2481 834 venia
2512 790 2826 836 consecuta.
2854 778 2925 835 At
2959 794 3089 836 vero
3132 796 3254 835 cum
3287 795 3385 835 nec
3423 790 3544 851 post
3573 796 3753 836 resur-

2157 871 2452 926 rectionem
2473 872 2735 927 creditum
2760 871 2812 927 ei
2840 872 3031 939 fuerit;
3054 874 3214 928 etiam
3244 874 3376 928 ultio
3403 874 3471 927 ab
3498 872 3581 928 his
3606 873 3752 929 Abe-

2161 962 2227 1017 lis
2253 972 2306 1017 et
2335 963 2609 1018 Zachariae
2631 964 2903 1034 sanguinis
2931 975 3267 1035 raposcetur.

2235 1056 2322 1111 Η.
2348 1055 2571 1112 Gallina:
2596 1075 2747 1141 opus.
2779 1056 3054 1114 Pullorunt
3087 1059 3280 1133 dupla;
3304 1061 3587 1132 generatio.
3614 1060 3755 1135 Quid

2161 1148 2362 1205 Iudicis
2404 1151 2582 1206 obtulit
2625 1150 2883 1207 Christus.
2935 1152 3133 1207 Eorum
3175 1172 3343 1227 paena.
3384 1184 3457 1196 —-
3492 1154 3751 1224 Quamvis

2161 1244 2303 1298 enim
2327 1258 2619 1314 corporeus
2650 1244 2765 1300 ba-c
2793 1245 3060 1316 loquatur,
3090 1255 3145 1301 et
3179 1246 3252 1321 lg)
3282 1262 3439 1329 opem
3487 1248 3751 1319 universis

2164 1334 2328 1391 homo
2367 1346 2612 1407 repertus
2647 1336 2929 1405 exhibeat,
2962 1337 3270 1407 frequenter
3298 1348 3479 1394 tamen
3525 1355 3753 1410 congre-

2163 1442 2289 1498 gare
2321 1442 2416 1482 eos
2456 1428 2625 1483 voluit
2675 1428 3149 1498 praedicationibus
3196 1429 3601 1501 prophetarum.
3644 1430 3753 1486 Sed

2165 1519 2356 1574 frustra
2393 1520 2533 1576 hunc
2572 1521 2833 1591 impendit
2857 1520 3106 1576 aﬂ'ectum
3138 1530 3194 1577 et
3235 1522 3287 1576 in
3325 1537 3556 1578 cassum.
3587 1522 3756 1578 Tani-

2164 1628 2323 1684 quam
2369 1614 2567 1685 gallina
2609 1629 2940 1688 congregans
2973 1615 3144 1684 pullos
3188 1630 3317 1670 suos
3345 1617 3620 1672 continere
3649 1631 3749 1685 eos

2167 1705 2267 1760 sub
2307 1707 2409 1760 alis
2449 1708 2559 1760 suis
2594 1706 2761 1761 voluit
2792 1724 2805 1761 ι
2838 1716 3047 1762 terrena
3097 1708 3345 1763 videlicet
3384 1724 3527 1764 nunc
3571 1718 3626 1763 et
3656 1708 3758 1763 do-

469 1808 635 1854 tarum
660 1816 809 1870 opus.
845 1799 1208 1869 Apostolorum
1241 1799 1428 1869 elogia.
1458 1826 1531 1839 —-
1551 1796 1651 1864 Qui
1678 1811 1806 1867 ergo
1837 1796 2066 1867 prophe—
2094 1794 2142 1854 B
2172 1799 2391 1854 mestica
2434 1800 2553 1854 avis
2581 1797 2776 1866 factus,
2808 1799 3040 1868 quodam
3089 1801 3332 1883 corporis
3372 1800 3453 1855 sui
3486 1809 3758 1883 tamquam

470 1900 553 1947 tas
572 1906 693 1945 cum
716 1891 1032 1959 gravissimo
1064 1889 1273 1959 piaculo
1297 1888 1504 1943 occisos
1534 1887 1789 1954 fatentur,
1832 1902 1936 1958 qua
1968 1902 2061 1943 ve-

469 1984 558 2040 nia
600 1983 896 2049 Christum,
947 1983 1035 2053 qui
1071 1982 1454 2054 prophetarum
1482 1980 1558 2053 (ὁ)
1600 1996 1735 2052 opus
1772 1989 1877 2047 est,
1924 1994 2059 2035 con-

467 2076 837 2141 demnabunt;
868 2091 990 2130 cum
1022 2090 1107 2140 ea,
1140 2089 1261 2146 qua:
1287 2075 1646 2140 detestentur,
1676 2074 1839 2128 etiam
1872 2073 2055 2128 multis

469 2170 667 2242 plieato
745 2166 984 2223 facinore
1041 2166 1353 2238 perﬁciant?
1405 2167 1579 2236 Atque
1646 2164 1767 2221 ideo
1818 2173 1872 2219 et
1941 2177 2062 2220 ser-

469 2273 661 2335 pentes
696 2270 751 2317 et
793 2262 1038 2331 viperina
1078 2260 1355 2332 generatio
1395 2269 1540 2325 sunt,
1583 2259 1706 2330 quia
1754 2272 2062 2313 mensuram

470 2364 709 2426 paterna:
753 2352 1042 2408 voluntatis
1087 2353 1385 2422 implebunt
1411 2352 1483 2424 (Ῡ
1527 2351 1640 2424 δῦ).
1692 2352 1759 2407 Et
1794 2351 2065 2424 quomodo

473 2445 725 2516 effugient
748 2428 1030 2517 judicium.
1065 2444 1395 2500 detestantes
1425 2443 1627 2500 caedem
1657 2445 2061 2514 prophetarum,

475 2537 548 2612 (c)
570 2554 867 2610 eorumque
891 2538 955 2593 ad
975 2539 1154 2593 crucis
1180 2546 1408 2593 mortem
1429 2535 1713 2591 Dominum
1736 2550 2065 2607 persequen-

474 2634 591 2688 tes?
618 2631 665 2687 A
702 2631 896 2703 quibus
939 2638 1161 2705 propter
1202 2631 1498 2700 apostolos.
1543 2630 1629 2701 qui
1670 2630 1738 2685 de
1769 2631 2065 2685 futurorum

471 2723 803 2779 revelatione
832 2722 1109 2794 prophetae
1148 2731 1293 2789 sunt,
1322 2722 1389 2777 de
1425 2722 1622 2778 Christi
1669 2724 1942 2793 agnitione
1983 2737 2065 2777 sa-

472 2816 707 2887 pientes,
748 2817 817 2870 de
844 2814 975 2887 legis
1003 2814 1355 2885 intelligentia
1392 2814 1605 2880 scribae,
1641 2829 1834 2881 etesos,
1869 2814 2072 2885 lapids.

475 2917 581 2973 tos.
629 2908 943 2973 crucifixus.
973 2915 1029 2964 et
1067 2924 1095 2961 a
1140 2894 1443 2964 civitatibus
1473 2906 1527 2962 in
1567 2908 1813 2962 civitates
1841 2907 2067 2978 fugatos,

481 3002 657 3056 omnis
684 3003 898 3072 sanguis
925 3001 1191 3072 justorum
1221 2999 1289 3055 ab
1318 2998 1450 3055 Abel
1473 3013 1644 3066 usque
1668 2998 1733 3053 ad
1755 2996 2070 3053 Zachariam

476 3095 797 3153 redundavit
821 3095 987 3166 (Ibid.
1019 3096 1089 3150 54
1117 3103 1171 3149 et
1194 3093 1289 3163 35)
1324 3110 1337 3147 :
1370 3092 1452 3163 (Δ)
1484 3100 1543 3148 ut
1569 3092 1764 3164 quibus
1794 3092 2068 3148 obeditutn

2164 1891 2369 1947 alarum
2398 1892 2758 1963 cperimento,
2790 1892 3023 1947 calorem
3067 1900 3124 1947 ut
3158 1893 3312 1963 pullis
3349 1893 3462 1947 suis
3495 1892 3618 1947 vita:
3648 1894 3751 1947 im-

2166 1985 2408 2039 mortalis
2440 1984 2740 2055 indulgens,
2776 1994 2828 2039 et
2852 1984 2903 2038 in
2950 1983 3183 2039 volatum
3216 1986 3361 2040 velut
3389 1983 3472 2057 (Ii)
3500 2000 3634 2053 nova
3666 2000 3763 2055 ge-

2166 2080 2447 2134 neratione
2479 2078 2799 2149 produccus.
2832 2077 3000 2132 Pullis
3029 2078 3174 2133 enim
3206 2078 3309 2132 alia
3341 2078 3593 2133 nascendi
3623 2079 3768 2151 ratio

2165 2179 2271 2239 est,
2308 2170 2369 2244 (ἱ)
2418 2171 2519 2226 alia
2572 2169 2805 2226 volandi.
2860 2169 2993 2225 Nam
3045 2169 3274 2241 primum
3323 2184 3550 2237 ovorum
3600 2171 3761 2225 testis

2168 2274 2439 2336 tamquam
2487 2264 2725 2320 claustro
2789 2262 3035 2335 corporis
3093 2264 3443 2335 continentur
3492 2282 3507 2320 :
3559 2264 3762 2329 dehinc

2169 2367 2351 2429 postea
2376 2357 2615 2429 parentis
2634 2357 2918 2413 sedulitate
2940 2355 3165 2424 confoti,
3188 2366 3387 2411 exeunt
3410 2357 3462 2410 in
3490 2356 3754 2411 volatum’.
3788 2374 3803 2387 ·

2171 2450 2339 2521 Hujus
2380 2448 2540 2522 igitur
2574 2448 2851 2504 familiaris
2894 2464 2958 2505 ac
2989 2463 3125 2520 pene
3172 2457 3401 2503 terrena:
3440 2447 3553 2501 avis
3584 2463 3757 2517 more,

2168 2557 2497 2613 congregare
2538 2556 2633 2596 eos
2658 2541 2795 2595 intra
2841 2556 2900 2596 se
2934 2541 3103 2595 voluit
3149 2558 3161 2594 :
3213 2551 3269 2594 ut
3306 2542 3394 2611 qui
3440 2528 3760 2595 conditione

2173 2634 2429 2689 nascendi
2456 2633 2582 2688 editi
2607 2632 2718 2703 jam
2747 2634 2990 2696 fuissent,
3023 2648 3167 2687 nunc
3206 2632 3430 2687 alterius
3459 2632 3769 2707 generatio-

2173 2727 2259 2781 nis
2285 2736 2429 2793 ortu,
2463 2734 2516 2781 et
2546 2726 2729 2780 calore
2757 2724 3091 2781 confoventis
3123 2726 3315 2792 renati,
3349 2727 3402 2780 in
3434 2727 3654 2781 caeleste
3681 2742 3771 2795 re:

2172 2833 2336 2889 gnum
2361 2826 2631 2887 tamquam
2665 2818 2909 2887 pennatis
2939 2818 3255 2887 corporibus
3283 2820 3583 2873 evolarent.
3610 2819 3771 2895 Quod

2174 2910 2294 2981 quia
2339 2908 2881 2970 noluerunt;domus
2925 2924 3111 2963 eorum
3151 2910 3366 2964 deserta
3399 2919 3454 2965 et
3486 2925 3648 2964 vacua
3678 2925 3770 2965 re-

2175 3000 2543 3071 linquetur”
2590 3001 2703 3072 88),
2750 3000 2798 3055 id
2832 3010 2933 3069 est,
2977 3000 3183 3070 indgni
3215 3002 3543 3057 habitatione
3586 3006 3761 3058 sancti

2176 3094 2410 3164 Spiritus
2433 3102 2611 3149 erunt.
2636 3093 2741 3149 SU’I
2768 3095 2910 3148 enim
2946 3096 3159 3160 domus,
3191 3112 3294 3149 non
3318 3095 3413 3151 Dei
3442 3110 3563 3151 esse
3587 3112 3771 3165 caspe-

478 3190 523 3243 si
554 3188 762 3251 fuisset,
813 3188 1151 3258 pmpriorum
1179 3186 1464 3241 criminum
1489 3185 1561 3259 (e)
1588 3194 1728 3241 esset
1749 3185 1900 3240 venia
1933 3198 2069 3254 prae-
2097 3186 2142 3248 C
2176 3195 2301 3241 runt
2329 3202 2341 3238 :
2365 3194 2420 3240 et
2449 3186 2868 3239 inrcontutnacia
2907 3184 3239 3239 inﬁdelitatis
3272 3197 3574 3265 manentes,
3599 3204 3774 3260 usque

479 3279 693 3345 Blanda,
723 3279 793 3333 ob
821 3277 920 3333 hos
943 3280 1161 3333 eosdem
1200 3278 1558 3347 interemptos
1585 3292 1739 3348 paena
1763 3277 1817 3332 in
1849 3277 2070 3347 eos,an

482 3371 834 3444 pertinuerint,
880 3380 1226 3443 paternorum
1276 3370 1492 3443 quoque
1532 3367 1831 3425 facinorum
1869 3382 2063 3439 conge-

479 3475 710 3521 I'CI'CIUI‘.
1232 3508 1239 3515 .

538 3558 641 3617 .40.
673 3556 865 3613 Christi
892 3557 946 3612 in
972 3557 1189 3612 Judteos
1225 3554 1461 3624 electus.
1486 3584 1557 3596 --ο
1578 3553 1889 3619 Jerusalem,
1910 3551 2071 3610 Jeru-

480 3651 662 3719 salem,
695 3667 810 3721 quar
832 3652 1077 3721 interﬁcis
1102 3651 1398 3722 prophetas,
1425 3659 1471 3704 et
1496 3648 1704 3720 tepidas
1725 3666 1810 3704 eos
1829 3650 1916 3719 qui
1936 3649 2004 3701 ad
2029 3657 2076 3704 te

479 3744 626 3797 missi
663 3753 804 3807 sunt,
836 3754 940 3799 etc.
986 3742 1058 3815 (ᾗ
1104 3743 1219 3813 57).
1246 3743 1388 3798 Inter
1425 3742 1594 3797 multa
1639 3741 2071 3817 objurgationum

482 3850 679 3906 genera
731 3850 948 3904 semper
981 3835 1368 3890 misericordia:
1414 3850 1525 3890 suae
1558 3845 1885 3907 protestatus
1912 3832 2074 3889 all‘ec-
2134 3902 2143 3909 ρ

483 3934 596 3982 tum
624 3944 637 3981 :
664 3928 817 3994 cujus
840 3925 964 3982 hinc
1001 3927 1177 3982 omnis
1205 3927 1423 3997 querela
1463 3935 1566 3992 est,
1608 3926 1750 3996 quod
1782 3926 1993 3997 regredi
2021 3927 2072 3982 in

482 4019 714 4074 salutem
739 4034 895 4090 quam
922 4022 1208 4090 praestabat
1239 4020 1560 4075 abnuerent.
1609 4017 1893 4074 Occiderat
1931 4017 2073 4073 enim

482 4112 796 4185 prophetas.
828 4121 879 4165 et
905 4111 972 4165 ad
994 4126 1055 4167 se
1079 4113 1274 4167 missos
1304 4112 1634 4181 lapidaverat
1657 4110 1984 4166 Jerusalem.
2017 4111 2074 4166 ln

482 4202 721 4258 civitatis
757 4204 1172 4274 nuncupatione,
1209 4204 1560 4258 habitantium
1592 4204 1797 4258 facinus
1838 4202 2078 4258 ostendi-

483 4302 590 4350 tur.
620 4296 686 4351 Et
710 4294 914 4350 idcirco
943 4296 1080 4351 Abel
1116 4297 1338 4367 sanguis
1358 4307 1412 4350 et
1438 4296 1713 4351 Zacharias
1746 4297 1797 4350 in
1826 4295 1964 4350 hanc
1984 4310 2079 4351 eo-

481 4401 601 4443 rum
647 4390 1017 4459 posteritatem
1068 4396 1325 4449 venturus
1372 4388 1674 4445 ostenditur
1703 4404 1717 4443 ι
1748 4389 1911 4462 ⁷8⁷
1952 4390 2077 4461 quia

2174 3279 2227 3333 in
2261 3277 2311 3333 id
2344 3287 2556 3347 tempus
2584 3291 2706 3331 eum
2742 3292 2846 3330 non
2879 3275 3160 3344 videbunt,
3188 3292 3293 3359 quo
3332 3279 3384 3334 in
3423 3279 3630 3333 Domini
3674 3272 3775 3347 ito-

2174 3372 2319 3427 mlae
2355 3377 2737 3433 revertentem,
2768 3371 2932 3424 etiam
2969 3370 3149 3425 invitae
3178 3370 3509 3428 infidelitatis
3538 3372 3759 3430 confes-

2173 3463 2323 3519 sione
2351 3462 2669 3518 bencdicent
2698 3461 2769 3535 (ᾖ
2814 3461 2929 3531 59).

2753 3596 2982 3667 CAPUT
3021 3596 3190 3668 XXV.

2182 3712 2260 3775 De
2283 3722 2545 3775 structura
2567 3711 2741 3787 ωηιμί
2765 3711 3192 3781 interrogantibus
3221 3710 3512 3781 discipulis.
3536 3719 3583 3765 et
3607 3712 3671 3765 de
3688 3711 3779 3777 bis

2250 3808 2337 3877 qui
2366 3807 2421 3867 itt
2460 3814 2589 3863 tecto
2626 3814 2769 3869 sunt,
2814 3821 2876 3860 tto
2902 3804 3213 3860 descendant
3253 3804 3431 3860 tollere
3474 3803 3669 3872 aliquid
3708 3805 3776 3867 de

2249 3900 2400 3961 domo
2420 3916 2437 3977 ί
2458 3911 2505 3957 et
2534 3900 2622 3970 qui
2645 3900 2699 3955 in
2724 3913 2850 3969 agro
2880 3908 3021 3963 sunt,
3054 3914 3117 3952 ne
3140 3906 3461 3952 reuertantur
3488 3896 3667 3955 tollere
3692 3906 3779 3959 tu-

2253 3993 2418 4051 nicam
2448 4007 2616 4056 suam,
2649 3999 2696 4050 et
2716 3991 2779 4047 de
2805 3990 3186 4061 prwguantibus
3215 3998 3261 4044 et
3286 3990 3649 4044 nutrientibus.

2257 4110 2309 4164 1.
2342 4106 2515 4163 Homo
2538 4106 2623 4177 qui
2662 4105 2904 4176 tentplum
2949 4103 3043 4158 Dei
3062 4114 3327 4158 wternum.
3357 4133 3429 4143 —
3452 4101 3520 4156 Et
3542 4118 3776 4173 egressus

2186 4200 2249 4256 de
2275 4200 2461 4267 templo
2489 4197 2629 4253 ibat:
2658 4205 2708 4251 et
2736 4204 3052 4250 accesserunt
3089 4192 3331 4261 discipuli
3359 4197 3493 4267 ejus,
3523 4201 3580 4247 ut
3608 4201 3776 4246 osten-

2185 4294 2361 4349 derent
2398 4293 2445 4347 ei
2467 4300 2772 4345 structuram
2807 4289 2982 4361 templi
3011 4284 3223 4359 (Matth.
3266 4300 3410 4350 utv,
3443 4284 3519 4354 1).
3550 4286 3673 4338 Post
3703 4283 3777 4357 (λ’)

2183 4386 2656 4445 comminationem
2674 4381 2986 4439 deserendae
2998 4379 3318 4444 Jerusalem.
3336 4385 3609 4449 tamquam
3624 4390 3780 4431 cem-

557 4591 633 4673 (a)
667 4592 1199 4673 Desideratur'atque
1228 4594 1281 4648 in
1328 4593 1569 4673 pluribus
1607 4607 1738 4673 mss.
1765 4592 1917 4673 juxta
1947 4605 2082 4673 quos
2107 4596 2162 4657 D
2186 4599 2269 4645 tur
2303 4608 2315 4645 :
2348 4587 2650 4673 faventibus
2698 4585 2747 4659 ei
2798 4600 2928 4645 mss.
2973 4584 3199 4669 aliquot,
3248 4584 3300 4638 in
3349 4581 3546 4663 quibus
3594 4587 3785 4638 exstat

481 4663 587 4721 voit
613 4663 797 4720 sensus
828 4667 879 4719 in
925 4663 1167 4720 secundo
1212 4679 1339 4719 casu
1373 4666 1549 4719 minus
1578 4663 1844 4720 cancin‘ne
1874 4663 2077 4719 intelli-

520 4746 658 4793 61111⁵.

482 4751 819 4889 “mittil”.
851 4823 945 4879 pro
985 4808 1218 4871 [letarum
1255 4823 1462 4879 scapus,
1544 4815 1703 4873 rartar
1745 4806 1848 4877 fide
1947 4821 2077 4881 mss,

487 4890 541 4935 et
575 4879 902 4934 Hilarianum
939 4825 1193 4935 ﬁuneudi
1223 4895 1450 4933 imirent.
1490 4823 1607 4932 fam
1657 4894 1817 4935 supra
1851 4823 2077 4935 {animus

487 4890 541 4937 et
575 4879 902 4957 Hilarianltm
922 4879 1193 4957 loquendi
1223 4895 1450 4957 morem.
1479 4879 1607 4957 ⁸ιῐτιηι
1657 4894 1817 4953 supra
1851 4879 2080 4953 legimus

489 4966 630 5032 eam
646 4966 684 5016 1,
702 4946 769 5032 ’ξιξ
869 4968 881 5004 :
913 4946 1225 5032 Coriceptuin
1256 4967 1321 5004 ea:
1345 4949 1548 5032 Spiritu
1576 4946 1769 5013 sancto,
1815 4946 1990 5003 natum
2021 4965 2083 5003 ea:

489 5020 662 5078 Mori:
702 5020 926 5090 Virgine,
953 5020 1179 5074 omnium
1198 5037 1327 5092 Opus
1354 5021 1718 5092 praphetarum
1739 5030 1812 5074 est
1846 5038 1860 5074 :
1889 5029 1943 5075 et
1965 5034 2082 5092 pro-

489 5093 613 5161 logo
651 5093 702 5157 in
736 5089 827 5159 lily,
861 5093 992 5158 nsal.
1043 5109 1095 5148 u.
1142 5094 1195 5151 5.
1231 5089 1307 5147 de
1340 5092 1624 5156 Pharisasis
1669 5091 1934 5158 habetur:
1972 5089 2082 5157 Ne-

488 5172 666 5249 gantes
693 5166 822 5249 enim
850 5161 1132 5249 Christum,
1162 5165 1311 5249 cujus
1331 5162 1577 5249 pdventus
1604 5178 1732 5249 opus
1767 5173 1839 5217 est
1861 5165 2083 5241 prop/te;-

491 5234 682 5300 tarum,
714 5234 905 5288 clavem
932 5234 1156 5289 scientia!
1175 5234 1513 5303 abstulerunt.

561 5305 636 5379 (ε)
671 5306 833 5369 Εόίιί,
857 5316 903 5358 et
931 5320 1087 5374 usque
1103 5308 1173 5359 ad
1191 5307 1355 5360 crucis
1375 5303 1925 5377 mortem.Elegantlus
1944 5318 2075 5362 mss.

493 5388 625 5435 tres.
654 5392 951 5447 eorumque,
988 5384 1093 5430 etc.

566 5450 785 5518 ((1)80:
829 5446 961 5519 ipss.
1010 5456 1064 5502 ut
1104 5466 1135 5502 a
1171 5448 1371 5515 quibus.
1400 5446 1536 5513 Illud
1582 5448 1777 5519 quibus
1812 5461 1932 5519 cum
1975 5460 2078 5505 non

492 5516 655 5589 modo
680 5522 743 5585 ad
761 5516 1039 5589 obeditum.
1070 5520 1163 5573 sed
1196 5532 1246 5573 et
1276 5521 1341 5572 ad
1376 5516 1668 5589 priestan‘da
1694 5516 1983 5589 referatur,
2028 5527 2085 5575 et

501 5588 570 5648 de
599 5586 856 5659 apostolis
886 5591 1209 5660 praedicatur
1236 5599 1289 5644 et
1314 5586 1387 5644 de
1409 5586 1628 5663 Julia-is.
1730 5586 1733 5589 ’
1974 5592 1979 5597 ’

584 5665 818 5743 (eiBad.,
855 5664 947 5737 Er.
976 5678 1025 5719 et
1052 5663 1199 5743 Lips.
1231 5674 1355 5718 esset
1379 5668 1521 5743 reiiia
1549 5666 1948 5743 prwstita._Par.
1977 5678 2098 5743 cum

518 5732 753 5808 quatuor
793 5732 923 5791 mss.
980 5732 1129 5791 υρηὶιί
1155 5738 1468 5808 ρνσνειαηῌιια,
1500 5732 1708 5808 omisso
1747 5732 1895 5808 prius
1933 5732 2101 5795 verbo

516 5805 667 5862 esset.
690 5807 812 5863 Mos
846 5822 941 5878 pro
968 5805 1341 5883 congereretur,
1365 5805 1578 5878 Lipsius
1607 5805 1878 5869 substituit
1903 5823 2105 5881 cogere.

2190 4679 2283 4717 6οη
2291 4671 2510 4717 aeretur.
3554 4686 3561 4691 '

2264 4681 2601 4808 ngrietglinss.
2640 4734 2903 4808 potiores.
2936 4727 3351 4808 Aliiveao_cum
3377 4686 3561 4808 editis.
3590 4727 3782 4808 figeret.

2190 4796 2448 4877 Superius
2471 4812 2596 4877 [nisi
2615 4796 2801 4877 Villﬁba,
2826 4802 2871 4861 si
2897 4800 3147 4877 praeditum
3172 4800 3238 4866 ei.
3262 4797 3472 4870 supple.
3496 4796 3788 4876 praedicata

2190 4818 2448 4877 διιρθιηιιε
2471 4818 2596 4925 post
2615 4818 2801 4881 verpa.
2826 4818 2871 4861 st
2897 4818 3147 4881 ᾳτυαιιιμῃ
3172 4818 3238 4866 ει.
3262 4818 3472 4870 sumus.
3496 4818 3783 4876 prmi-luam

2187 4877 2256 4930 ab
2278 4884 2466 4958 apostp
2492 4876 2535 4928 is
2565 4885 2806 4951 proxume
2844 4881 2961 4943 post
2993 4884 3298 4956 passmpcm
3330 4882 3393 4945 ac
3426 4879 3783 4935 resurrectio-

2189 4963 2312 5003 ηθιιι
2345 4960 2534 5003 ιιιμιιιε.

2260 4965 2660 5090 ἒὲἲῖῖέἷιέιίηηι.
2683 5029 2839 5086 opera
2879 5012 3148 5090 uniuersis.
3178 5009 3333 5066 Oolh.
3361 5020 3415 5064 ot
3436 5009 3790 5090 Carmana.
3842 5074 3846 5078 _

2187 5082 2444 5151 uniuersa,
2467 5086 2639 5151 Antea
2665 5082 2966 5153 corporeus,
2995 5084 3044 5146 id
3071 5090 3173 5147 est.
3190 5097 3356 5146 carne
3376 5088 3648 5153 assumpta
3674 5082 3788 5143 fac:

2188 5169 2279 5233 tus
2306 5150 2486 5233 homo.
2522 5150 2727 5223 \‘idesis
2753 5150 2909 5223 ῐι-ηςι.
2940 5150 3076 5225 psal.
3108 5168 3365 5233 ςῖξῃγιιιξ
3400 5150 3576 5233 palo.

2261 5229 2340 5303 (Ιι)
2366 5219 2553 5303 lases
2572 5219 2709 5303 :IIISS.
2738 5219 2916 5280 novum
2940 5219 3315 5303 generationem
3346 5221 3365 5277 ἑ
3388 5219 3561 5293 potest
3591 5228 3645 5274 et
3667 5219 3789 5303 haec

2189 5291 2351 5359 lectio
2377 5292 2610 5361 admitti.
2644 5313 2747 5368 qua
2777 5312 2912 5352 nova
2940 5291 3122 5368 rerum
3151 5291 3473 5363 species,”
3505 5306 3613 5348 ovo
3640 5291 3789 5345 scili-

2187 5386 2273 5430 cet
2304 5375 2501 5429 animal
2534 5366 2773 5428 volatile.
2799 5366 3026 5437 prodnri
3048 5368 3401 5434 signiﬁcetur.

2258 5446 2322 5521 (ἱ)
2355 5445 2497 5499 Editi
2527 5457 2648 5496 rum
2672 5432 2843 5494 tribus
2872 5454 3004 5521 mss.
3031 5432 3137 5521 ptio
3167 5438 3405 5492 vivendi:
3434 5432 3580 5521 quod
3611 5440 3789 5521 mitts:

2202 5507 2641 5587 turea-tororum
2674 5527 2803 5587 mss.
2839 5507 3179 5587 anetorijatc,
3224 5523 3343 5587 cuni
3374 5507 3582 5587 volatus
3610 5507 3791 5587 pinius

2204 5575 2363 5662 quam
2388 5588 2508 5640 vitae
2540 5585 2677 5639 ratio
2698 5582 2955 5662 deinceps
2973 5575 3255 5662 habeatur.
3280 5578 3447 5631 i’orro
3472 5578 3558 5630 hic
3576 5575 3786 5662 volare,

2206 5652 2259 5729 et
2297 5675 2421 5714 mox
2460 5658 2689 5735 volatus,
2746 5652 2959 5723 volandi
3006 5652 3410 5735 proprietatem,
3452 5661 3562 5711 non
3609 5654 3790 5703 actum

2207 5741 2384 5793 sonat.

2287 5800 2353 5881 (i)
2383 5803 2439 5859 ln
2469 5815 2567 5859 sex
2587 5812 2720 5858 mss.
2754 5804 2867 5869 post
2894 5793 3354 5852 commonitionem.
