4172 6188
500 271 640 328 1οὲὶό

1394 261 1944 325 COMMENTARIUS
1982 260 2515 324 INMATTIIEUM.
2556 268 2710 325 CAP.
2744 267 2913 326 XXV.

3507 332 3519 347 .
3624 270 3786 344 post

498 385 797 442 movendus
844 382 1137 439 atnbitionc
1166 383 1356 453 templi
1398 394 1563 446 esset,
1608 377 2009 451 magnilicentia
2038 374 2087 431 ei
2116 375 2455 437 Aadvcntus
2517 379 2716 449 futuri,
2758 395 2879 437 cum
2930 381 3382 438 abominatioucm
3435 380 3801 457 desolaticuis

495 479 879 538 esstructionis
914 477 1080 559 ⁷88
1127 476 1449 532 ostenditur.
1499 473 1602 544 Qui
1649 462 1728 528 ait
1766 468 2095 528 destruenda

498 576 680 631 omnia
706 588 848 640 esse,
889 583 943 629 et
968 573 1228 642 dispersis
1267 572 1431 626 totius
1457 568 1873 626 substructionis
1904 564 2094 637 lapidi-

497 667 599 724 bus
622 665 904 722 diruenda.
936 664 1217 735 Templum
1245 665 1390 719 enim
1419 672 1679 718 mternum
1713 660 1779 715 ad
1807 657 2092 714 habitatio-

498 773 621 815 nem
648 758 818 815 sancti
848 756 1080 827 Spiritus
1100 756 1522 811 consecrabatur
1542 772 1555 807 :
1573 752 1739 809 homo
1767 751 1971 806 scilicet
1996 764 2092 816 per

501 851 828 922 agnitionem
855 848 972 904 Filii
996 858 1051 904 et
1080 849 1474 904 confessionem
1500 846 1678 903 Patris
1718 853 1772 900 et
1796 852 2091 915 praecepto-

497 924 614 999 rum
645 941 1007 998 obedientiam
1033 941 1142 997 Deo
1170 941 1284 997 ﬁeri
1314 938 1391 1014 (a)
1414 941 1608 1011 dignus
1629 935 2013 992 habitaculum.

564 1033 621 1088 2.
649 1032 948 1088 Eaersionis
968 1033 1257 1088 Jerusalem
1280 1043 1478 1104 tempus
1499 1048 1559 1086 ac
1579 1032 1747 1103 signa.
1773 1029 1954 1086 Simon
1985 1026 2088 1084 Sa-

501 1122 953 1179 maritanus.—Et
974 1139 1098 1179 cum
1127 1123 1442 1180 secessisset
1469 1125 1522 1178 in
1543 1132 1801 1185 montem,
1823 1119 2088 1175 adeuntes

500 1232 623 1273 eum
639 1227 849 1273 secreto
861 1216 1109 1291 di-cipuli
1138 1218 1473 1301 interrogant
1493 1215 1707 1289 quando
1733 1214 1850 1268 hare
1870 1212 2084 1280 fierent,

500 1310 713 1387 quodve
753 1311 965 1387 signum
992 1310 1260 1371 adventus
1287 1310 1370 1365 sui
1400 1318 1455 1365 et
1483 1306 1964 1365 consummationis
1985 1320 2086 1373 sa;-

497 1402 603 1465 culi
636 1401 1012 1474 noscerent”
1053 1402 1129 1474 5).
1187 1404 1253 1457 Et
1271 1402 1395 1479 quia
1416 1400 1513 1457 tria
1544 1402 1657 1465 haec
1680 1401 1730 1455 in
1755 1414 1917 1454 unum
1940 1413 2085 1472 qua:-

498 1492 601 1546 sita
632 1500 791 1558 sunt,
820 1492 1089 1557 distinctis
1123 1502 1177 1548 et
1211 1493 1467 1563 temporis
1497 1498 1550 1547 et
1576 1492 1941 1562 intelligentia:
1970 1488 2083 1559 sig-

497 1582 898 1640 niﬁcationibus
949 1596 1287 1656 separantur.
1340 1584 1718 1661 Respondetur
1759 1583 1921 1654 igitur
1976 1581 2087 1654 pri—

492 1690 639 1731 mum
687 1678 755 1731 de
802 1676 1037 1734 civitatis
1068 1694 1262 1735 occasu
1310 1697 1322 1733 :
1361 1689 1414 1735 et
1439 1678 1831 1734 conﬁrmantur
1858 1678 2082 1734 veritate

2198 482 2427 529 stantem
2474 474 2525 528 in
2561 475 2681 529 loco
2710 484 2897 531 sancto
2922 475 3216 544 videbunt,
3252 486 3377 531 tunc
3414 475 3672 547 claritatis
3699 491 3785 530 rc-

2196 564 2366 619 ditum
2401 566 2830 637 intelligendum.
2880 567 2945 622 Et
2969 573 3035 623 de
3064 567 3164 623 hoc
3192 568 3408 649 quidem
3435 609 3448 633 ,
3481 568 3791 623 beatissimo

2198 655 2417 712 Daniele
2445 666 2500 712 et
2526 658 2692 713 Paulo
2716 658 3152 728 prmdicautibus,
3179 658 3508 729 superfluum
3540 674 3637 713 nos
3660 670 3787 730 puto

2196 747 2397 804 habere
2438 764 2741 805 sermonem
2774 749 2932 823 (Dan.
2992 751 3211 816 11,27;
3258 750 3303 805 ΙΙ
3349 749 3530 806 Thess.
3574 748 3783 823 11,4):

2192 839 2261 896 de
2286 841 2591 899 antichristi
2613 843 2755 897 enim
2783 842 3116 913 temporibus
3137 842 3254 898 haec
3279 843 3487 898 locutus
3507 852 3609 898 est.
3641 829 3788 899 Abo-

2193 934 2418 990 minatio
2448 950 2513 990 ex
2544 950 2614 991 eo
2657 936 2833 992 dictus
2855 978 2871 1003 ,
2903 936 3046 1007 quod
3078 936 3335 992 adversus
3366 937 3533 993 Deum
3562 938 3783 994 veniens

2192 1028 2450 1084 honorem
2479 1030 2645 1103 189
2664 1031 2765 1087 sibi
2796 1030 2887 1086 Dei
2911 1030 3184 1086 vindicet:
3212 1030 3561 1085 desolationis
3587 1041 3773 1088 autem

2189 1122 2521 1177 ahominatio
2542 1165 2556 1188 ,
2579 1124 2701 1193 quia
2739 1122 2895 1178 bellis
2920 1132 2977 1178 et
3011 1124 3249 1179 ctedihus
3282 1134 3479 1179 terram
3511 1138 3632 1178 cum
3668 1126 3779 1195 pia-

2188 1216 2309 1269 culo
2330 1213 2673 1270 desolaturus
2700 1216 2791 1271 sit.
2825 1216 3000 1285 Atque
3028 1218 3098 1271 ob
3125 1217 3175 1271 id
3204 1231 3234 1270 a
3262 1216 3466 1273 ludatis
3491 1227 3774 1291 susceptus

2189 1306 2307 1361 loco
2337 1306 2780 1363 sanctiﬁcationis
2835 1306 2913 1382 (ά)
2965 1309 3215 1376 insistet;
3265 1316 3324 1364 ut
3354 1309 3441 1364 ubi
3473 1321 3777 1366 sanctorum

2187 1398 2434 1466 precibus
2465 1399 2603 1455 Deus
2630 1400 3000 1467 invocabatur,
3032 1401 3143 1457 illic
3160 1402 3227 1457 ab
3253 1402 3561 1460 inﬁdelibus
3583 1418 3775 1474 recep-

2185 1498 2273 1547 tus
2305 1492 2396 1549 Dei
2419 1492 2624 1548 honore
2649 1493 2973 1549 venerabilis
2998 1497 3089 1549 sit.
3724 1494 3727 1497 ’

2255 1585 2310 1640 4.
2341 1584 2529 1640 Indica
2558 1602 2651 1639 cur
2689 1586 2983 1642 deserenda.
3012 1617 3084 1626 —
3115 1586 3183 1641 Et
3225 1587 3347 1658 quia
3398 1587 3643 1659 proprius
3673 1587 3777 1645 iste

2185 1676 2493 1733 Iudaeorum
2539 1679 2643 1733 erit
2669 1692 2856 1744 error,
2886 1688 2943 1734 ut
2971 1679 3059 1749 qui
3099 1679 3379 1734 veritatem
3406 1662 3772 1761 respuerant2

490 1769 770 1837 doctrinm,
796 1771 875 1843 (ὁ)
907 1788 972 1827 ne
994 1773 1115 1843 quis
1138 1774 1295 1828 fallax
1318 1774 1685 1844 ignorantibus
1712 1781 1896 1845 posset
1923 1773 2066 1829 chre-

2187 1769 2482 1836 suscipiant
2543 1769 2861 1835 falsitatem;
2922 1769 3157 1824 Judaeum
3228 1771 3405 1827 deseri
3458 1782 3673 1838 monet,
3724 1781 3781 1829 et

488 1875 639 1932 pere.
692 1861 916 1917 Venturi
959 1866 1103 1918 enim
1146 1865 1307 1919 etiam
1349 1880 1534 1921 eorum
1566 1871 1848 1934 tempore,
1880 1865 1968 1936 qui
2020 1878 2080 1920 se

485 1951 762 2008 Christum
792 1962 976 2010 essent
1015 1957 1391 2026 nuncupaturi.
1436 1955 1506 2013 lit
1536 1957 1698 2028 igitur
1739 1957 1873 2012 fides
1915 1958 2080 2028 pesti-

485 2042 606 2099 fero
640 2043 922 2100 mendacio
949 2045 1161 2101 detrahi
1205 2056 1419 2118 posset,
1452 2049 1746 2104 admonitio
1774 2051 2069 2121 prteeess’t.

486 2134 647 2191 Venit
672 2137 814 2191 enim
842 2135 1214 2195 Samaritanus
1247 2140 1434 2197 Simon
1459 2139 1739 2196 diabolicis
1781 2143 2076 2197 instructus

487 2238 543 2285 et
569 2231 824 2301 operibus
866 2239 921 2287 et
950 2219 1103 2288 dictis
1136 2251 1148 2287 :
1177 2233 1466 2306 pluresque
1497 2233 1758 2291 factorum
1800 2235 2075 2291 miraculis

482 2320 820 2394 depravavit.
873 2324 943 2380 Et
980 2310 1103 2397 quia
1150 2327 1250 2381 hoc
1293 2327 1346 2380 in
1399 2328 1779 2398 Apostolorum
1832 2337 2073 2400 tempora

481 2417 837 2485 conveniret;
872 2420 945 2474 ait
989 2435 1002 2473 :
1037 2419 1156 2474 Non
1188 2430 1266 2476 est
1293 2421 1432 2491 ﬁnis.
1463 2421 1569 2477 Sed
1610 2437 1677 2478 ne
1705 2431 1831 2478 tunc
1856 2423 2071 2493 quidem

487 2511 726 2584 (supple,
759 2513 863 2567 erit
894 2511 1049 2583 finis)
1071 2554 1087 2580 ,
1114 2527 1234 2569 eum
1272 2524 1461 2586 gentes
1488 2515 1747 2571 adversus
1783 2532 1841 2571 se
1885 2525 2072 2573 mutuo

483 2612 541 2660 et
568 2620 731 2675 regna
756 2614 1099 2671 concurrent,
1124 2607 1375 2663 etiames
1396 2623 1458 2667 ac
1488 2618 1643 2664 terrae
1671 2619 1847 2664 motus
1868 2619 2024 2666 erunt
2055 2629 2069 2666 :

478 2698 603 2767 quia
630 2694 684 2751 iu
719 2697 802 2752 his
831 2713 936 2752 non
965 2699 1332 2754 universitatis
1360 2699 1519 2771 hujus
1547 2698 1622 2776 (e)
1652 2701 1937 2757 dissolutio
1964 2710 2068 2769 est,

479 2789 575 2845 sed
602 2789 849 2847 dolorum
883 2791 1055 2858 initia,
1097 2792 1255 2847 malis
1282 2793 1532 2849 omnibus
1556 2794 1751 2850 exinde
1789 2796 2066 2866 capturis.

480 2880 777 2955 Conﬁrmat
809 2883 969 2954 igitur
1001 2898 1095 2939 eos
1126 2885 1191 2939 ad
1225 2884 1563 2941 tolerantiam
1596 2888 1906 2957 passionum
1933 2931 1947 2955 ,
1987 2888 2069 2944 fu-

476 2989 556 3045 gas
583 3014 599 3042 ,
630 2975 1025 3031 verberationis
1048 3017 1062 3041 ,
1120 2977 1372 3032 interitus
1419 2996 1432 3032 :
1464 2989 1517 3033 et
1551 2978 1818 3049 publicum
1870 2981 1922 3036 in
1974 2995 2069 3038 eos

474 3066 715 3136 gentium
746 3065 929 3122 odium
964 3078 1184 3137 propter
1212 3084 1406 3124 nomen
1437 3069 1573 3139 ejus.
1619 3069 1794 3143 Atque
1827 3071 1910 3127 his
1950 3075 2069 3145 qui-

2184 1858 2518 1930 transfugere
2544 1862 2596 1917 in
2624 1875 2838 1916 montes
2870 1861 2941 1933 (9
2988 1861 3103 1932 l6);
3157 1877 3224 1917 ne
3245 1863 3576 1919 admixtione
3599 1865 3770 1935 plebis

2181 1954 2325 2009 illius
2355 1952 2672 2011 antichristc
2717 1954 3004 2010 crediturae
3048 1955 3119 2027 (e)
3157 1957 3236 2010 vis
3263 1966 3353 2011 aut
3374 1959 3619 2028 contagio
3646 1957 3775 2019 affo-

2180 2057 2367 2113 ratur;
2429 2048 2525 2104 sed
2558 2047 2828 2112 omnibus,
2862 2050 2950 2119 qui
2983 2058 3109 2103 tunc
3137 2048 3320 2105 iidcles
3354 2059 3539 2117 erunt,
3574 2054 3769 2108 tutiora

2180 2140 2354 2197 futura
2384 2141 2491 2197 sint
2512 2140 2721 2196 deserta
2750 2139 3036 2207 montium,
3061 2155 3218 2221 quam
3243 2139 3316 2221 (ί)
3342 2140 3640 2214 frequentia
3669 2142 3763 2198 Ju-
3795 2203 3801 2209 ,

2177 2232 2329 2288 dreat.
3090 2218 3095 2224 ’
3278 2232 3281 2237 ’

2250 2329 2306 2384 5.
2340 2326 2443 2396 Qui
2456 2330 2509 2382 in
2531 2328 2863 2400 perfectionis
2885 2328 3049 2398 apice,
3077 2344 3141 2382 ne
3158 2344 3329 2383 rerum
3351 2339 3662 2384 terrenarum
3684 2345 3773 2383 cn-

2176 2423 2392 2493 piditate
2417 2425 2707 2480 descendat.
2739 2457 2813 2467 —
2836 2424 2989 2492 Quod
3017 2434 3195 2481 autem
3227 2427 3334 2499 ait;
3360 2423 3427 2499 Et
3450 2427 3537 2497 qui
3560 2426 3612 2479 in
3640 2433 3766 2480 tecto

2177 2525 2330 2581 sunt,
2364 2532 2467 2571 non
2514 2518 2822 2573 descendant
2844 2518 3025 2573 tollere
3048 2517 3247 2589 aliquid
3271 2518 3334 2573 de
3354 2519 3544 2590 domo(
3561 2519 3598 2591 ᾖ
3632 2518 3722 2591 l7)
3747 2534 3762 2574 :

2176 2618 2506 2677 praeceptum
2534 2609 2673 2664 istud
2714 2611 3008 2666 secundum
3040 2610 3326 2665 humanam
3354 2610 3761 2683 intelligentiam

2174 2699 2437 2755 rationem
2466 2701 2594 2755 dicti
2631 2701 2860 2773 factique
2885 2717 2993 2756 non
3023 2703 3234 2772 recipit.
3258 2702 3356 2771 Qui
3382 2703 3523 2758 enim
3550 2702 3601 2757 in
3627 2711 3766 2757 tecto

2172 2801 2285 2858 est,
2316 2802 2367 2847 et
2398 2791 2638 2848 Judaram
2667 2795 2737 2848 sit
2767 2794 3075 2858 relicturus,
3107 2795 3207 2849 nisi
3237 2794 3573 2849 descendens
3600 2808 3665 2848 ex
3696 2807 3764 2848 eo

2173 2882 2322 2937 abire
2353 2898 2458 2938 non
2486 2886 2703 2954 poterit.
2731 2886 2836 2940 Ant
2855 2901 2975 2956 qua:
3002 2885 3205 2941 utilitas
3231 2895 3316 2941 est
3334 2927 3349 2950 ,
3378 2884 3678 2941 consistere
3706 2885 3759 2939 in

2174 2983 2347 3042 tecto,
2379 2983 2435 3031 et
2478 2991 2583 3030 non
2614 2976 2668 3029 in
2699 2975 2863 3030 domo
2899 2976 3159 3031 manere?
3188 2975 3292 3031 Sed
3317 2974 3634 3043 frequenter
3661 2974 3758 3029 ad-

2174 3066 2485 3121 monuimus
2511 3109 2525 3133 ,
2560 3067 2917 3137 proprietates
2958 3067 3244 3120 verborum
3278 3076 3333 3120 et
3363 3066 3603 3120 locorum
3627 3079 3762 3120 cou-

474 3157 598 3214 dem
631 3160 1006 3216 vexationibtts
1029 3162 1179 3215 multi
1209 3162 1585 3230 turbabuntur,
1614 3175 1668 3220 et
1692 3165 1854 3221 tantis
1881 3168 2062 3222 iusur-
2092 3161 2137 3225 Ο
2170 3158 2429 3224 “lendas.
2462 3169 2522 3214 ιιι
2551 3170 2821 3214 momenta
2855 3169 3245 3230 prmceptorum
3286 3160 3583 3215 caelestium
3624 3173 3752 3214 cono

472 3250 723 3321 gentibus
744 3250 900 3307 malis
922 3252 1448 3323 scandaliaahuntur,
1478 3265 1530 3311 et
1547 3271 1717 3329 usque
1740 3258 1792 3313 in
1822 3258 2065 3316 mutuum

481 3341 665 3397 odium
694 3343 1090 3399 excitabuntur.
1116 3345 1178 3400 Et
1205 3346 1322 3401 falsi
1353 3328 1640 3418 prophetici
1660 3360 1819 3406 erunt
1893 3361 1949 3406 ιιι
1974 3352 2066 3407 Nl-

476 3435 661 3491 colans
696 3453 833 3491 untts
858 3451 921 3492 es
962 3448 1169 3508 septem
1201 3438 1515 3499 diaconihus
1552 3441 1726 3515 fuit),
1760 3435 2063 3514 multosque

482 3530 738 3585 ementita
765 3532 989 3587 veritate
1018 3540 1329 3611 pervertent
1354 3542 1456 3611 :ret
1480 3534 1787 3589 abundante
1824 3537 2060 3607 nequitia

466 3621 700 3678 charitas
719 3622 986 3695 frigescet.
1010 3608 1116 3680 Sed
1142 3608 1375 3696 usquein
1405 3608 1561 3681 finem
1590 3628 2060 3697 perseverantibus

469 3714 618 3771 salus
648 3725 919 3770 reservata
961 3717 1043 3771 ‘est
1078 3735 1092 3773 :
1125 3733 1186 3773 ac
1214 3726 1325 3772 tum
1360 3734 1454 3787 per
1482 3708 1673 3773 omnes
1703 3719 1847 3774 orbis
1880 3730 2060 3790 partes

465 3806 602 3861 viris
633 3807 948 3875 apostolicis
977 3807 1233 3879 dispersis
1254 3849 1270 3873 ,
1313 3809 1589 3881 Evangelii
1634 3812 1834 3865 veritas
1868 3810 2060 3882 prmdi-

464 3898 675 3952 cabitur
703 3895 867 3969 (Ibid.
891 3898 1070 3970 4-15).
1102 3900 1169 3954 Et
1207 3915 1328 3955 cum
1362 3901 1627 3956 universis
1673 3901 1831 3957 fuerit
1872 3904 2060 3973 cogni-

464 3990 541 4046 tio
566 3994 890 4047 sacramenti
927 3992 1168 4048 cmlestis
1199 3993 1406 4048 invecta
1428 4034 1443 4058 ,
1491 4002 1597 4046 tum
1625 3993 1921 4049 Jerusalem
1966 4008 2059 4051 oc-

463 4097 621 4139 casus
662 4094 716 4140 et
742 4084 863 4139 finis
888 4084 1161 4141 incumbet
1191 4106 1205 4140 :
1240 4094 1298 4139 ttt
1327 4085 1724 4156 praedicationis
1753 4085 1913 4142 iidem
1941 4130 1955 4154 ,
2000 4096 2057 4143 et

455 4175 751 4232 infidelium
811 4193 969 4249 ptena
1013 4187 1067 4235 et
1098 4186 1272 4257 metus
1301 4178 1540 4234 civitatis
1566 4190 1733 4234 erutm
1759 4194 2058 4251 consequa-

462 4276 570 4323 tur.
596 4269 724 4326 Htcc
752 4272 912 4341 igitur
936 4272 988 4325 in
1010 4286 1152 4338 eam,
1187 4282 1244 4325 ut
1274 4271 1481 4327 fuerant
1508 4271 1785 4341 praedicta,
1822 4274 2054 4339 perfecta

454 4369 631 4416 sunt:
666 4370 724 4418 et
780 4362 1064 4431 lapidatis,
1112 4362 1338 4434 fugatis,
1394 4363 1689 4434 peremptis
1747 4350 2049 4434 Apostulis,

450 4450 612 4515 fame,
667 4453 830 4519 bello,
859 4455 1174 4525 captivitate
1202 4464 1518 4525 consumpta
1544 4464 1647 4510 est.
1679 4453 1757 4510 Ac
1811 4466 1921 4511 tum
1953 4456 2053 4512 fuit

2170 3265 2486 3323 sequamur.
2528 3251 2752 3307 Tectum
2787 3252 3094 3307 estdomus
3123 3252 3391 3322 fastigium
3417 3293 3432 3319 ,
3472 3260 3527 3306 et
3554 3251 3763 3307 habita-

2166 3343 2516 3399 tionistctius
2546 3345 2687 3399 celsa
2727 3344 3005 3414 perfectio.
3053 3344 3251 3399 Domus
3280 3346 3422 3398 enim
3465 3343 3609 3398 nulla
3651 3343 3758 3398 dici

2168 3436 2367 3506 poterit
2397 3436 2478 3488 vei
2511 3450 2634 3490 esse
2654 3436 2773 3489 sine
2806 3444 2967 3489 tecto.
3011 3435 3112 3501 Qui
3142 3434 3303 3504 igitur
3325 3435 3375 3488 itt
3414 3449 3759 3490 consumma-

2168 3526 2313 3581 tione
2342 3524 2534 3579 domus
2560 3539 2692 3588 suae,
2725 3524 2777 3579 id
2809 3533 2893 3580 est
2913 3566 2927 3590 ,
2961 3525 3014 3579 in
3038 3525 3282 3595 corporis
3310 3524 3392 3578 sui
3427 3523 3756 3594 perfectione

2164 3614 2499 3681 constiterit,
2535 3617 2949 3688 regeneratione
2988 3632 3161 3672 novus
3188 3659 3202 3683 ,
3236 3616 3426 3685 spiritu
3454 3615 3670 3697 celsus,
3702 3624 3757 3670 et

2163 3713 2329 3768 divini
2360 3713 2599 3767 muneris
2643 3711 2985 3767 absolutione
3036 3698 3345 3780 perfectus,
3377 3724 3484 3763 non
3531 3707 3760 3762 descen-
3807 3738 3813 3743 -

2162 3807 2291 3862 dere
2322 3807 2374 3861 itt
2415 3805 2699 3861 humiliora
2732 3820 2914 3860 rerum
2943 3804 3283 3859 saecularium
3331 3800 3631 3872 cupiditate
3660 3800 3756 3855 de-

2160 3900 2328 3965 bebit,
2356 3915 2528 3971 neque
2550 3898 2629 3972 (g)
2666 3898 3011 3953 inferioribus
3039 3898 3284 3966 corporis
3317 3895 3590 3950 illecebris
3622 3908 3751 3966 pro-

2161 4002 2381 4048 vocatus
2409 3992 2477 4047 de
2498 3992 2623 4047 tecti
2652 3988 3084 4059 suisublituitate
3121 3985 3406 4042 decedere.
3444 3985 3512 4039 Et
3557 3987 3644 4055 qui
3688 3986 3742 4041 in

2159 4102 2285 4158 agro
2322 4085 2449 4151 erit,
2474 4090 2601 4138 'non
2644 4092 2927 4137 revertatur
2961 4082 3139 4135 tollere
3193 4080 3419 4133 tunicam
3460 4094 3605 4132 suout
3657 4078 3729 4148 (ᾗ

2160 4176 2272 4245 18).
2302 4174 2525 4231 Scilicet
2556 4175 2761 4244 positus
2791 4173 2845 4227 iu
2874 4175 3191 4241 operatione
3226 4169 3481 4240 pra-capti
3502 4210 3516 4235 ,
3546 4182 3651 4223 non
3683 4168 3750 4222 ad

2156 4280 2317 4322 curas
2356 4266 2614 4336 pristinas
2660 4272 2965 4319 revertatur
3007 4281 3021 4319 :
3064 4276 3241 4332 neque
3284 4261 3463 4331 aliqua
3507 4260 3754 4330 corporis

2156 4361 2470 4420 indumenta
2523 4359 2830 4425 desideret,
2877 4356 2948 4411 ob
2997 4372 3117 4427 qua:
3170 4370 3456 4421 reversus,
3512 4362 3751 4409 veterum

2155 4455 2357 4511 exinde
2385 4454 2784 4524 peccaminum,
2809 4452 3005 4523 quibus
3027 4460 3183 4505 antea
3202 4447 3611 4520 contegebatur,
3643 4449 3749 4529 erit

449 4543 611 4615 digna
645 4561 753 4601 non
781 4563 933 4613 esse,
967 4563 1088 4604 cum
1123 4549 1308 4620 ejectis
1331 4548 1774 4620 prtedicatoribus
1805 4550 2008 4606 Christi
2029 4591 2042 4617 ,
2071 4548 2128 4609 D
2154 4550 2389 4604 tunicam
2418 4546 2710 4602 relaturus.

448 4636 722 4710 indignam
764 4641 855 4696 Dei
891 4643 1273 4711 praedicatione
1302 4659 1361 4699 se
1389 4644 1634 4714 praebuit.

523 4731 576 4786 5.
611 4732 869 4787 Adventus
890 4731 1079 4788 Christi
1104 4735 1367 4789 indicium.
1398 4735 1741 4790 Antichristus
1765 4752 1860 4791 cur
1910 4737 2036 4793 abo-

451 4824 664 4879 minatio
692 4825 1046 4879 desolatianis.
1076 4856 1147 4866 —
1178 4826 1431 4897 Sequitur
1466 4826 1661 4882 deinde
1713 4834 1769 4882 et
1793 4827 2048 4884 iudicium

517 4979 592 5066 (α)
622 4980 689 5066 ΙνΔ
712 4996 992 5066 sexum-avsa
1025 4984 1237 5066 dignum
1278 4985 1649 5066 habitantum:
1685 4988 1860 5059 Minus
1889 4987 2043 5066 intris

444 5051 561 5131 cata
593 5055 696 5119 erit
728 5051 885 5131 lectio
905 5095 919 5117 ,
949 5054 995 5121 si
1025 5051 1260 5131 inibunt:
1284 5051 1503 5131 tutulum
1523 5051 1814 5131 ordinetur
1846 5076 1857 5112 :
1888 5051 2042 5131 [temp

442 5124 555 5203 scil.
582 5114 672 5203 per
689 5114 997 5203 agnitionem
1022 5114 1167 5203 itii.
1187 5138 1322 5203 etc.,
1348 5114 1667 5199 ﬁeri
1691 5114 2042 5203 [tabitgculuﬁi

438 5191 552 5275 Deo
583 5191 660 5253 'itt
712 5191 871 5277 dandi
922 5191 1069 5252 casu.
1105 5198 1277 5277 Habes
1308 5191 1784 5277 ἱηῇεφὶἐέηξίι.
1808 5198 1858 5277 Δ6

438 5268 798 5347 ntinojnostro
834 5264 930 5346 hoc
960 5285 1088 5342 ppus
1119 5264 1408 5347 niaximum"
1430 5264 1526 5347 fuit
1547 5313 1566 5347 ,Δ
1590 5264 1933 5347 utitomt'neqt
1952 5264 2040 5347 -ἁςζ

436 5336 701 5413 scientiam
744 5335 1273 5413 divingm‘eruditum
1300 5382 1314 5401 ,
1358 5335 1570 5413 dijuunt
1610 5335 2041 5413 habitacul'a'pti

436 5407 689 5486 redderet,
719 5416 773 5465 et
801 5424 853 5469 η.
886 5408 917 5462 7
952 5426 966 5463 :
1002 5410 1151 5483 (ibid
1170 5420 1341 5477 autem
1368 5407 1566 5486 tantum
1604 5407 2039 5486 obedienshusque'
2078 5464 2079 5467 η

437 5480 504 5530 ad
535 5479 721 5563 crucis
742 5486 956 5563 mortem
985 5492 1096 5547 est,
1124 5479 1185 5559 ut
1221 5500 1314 5552 nos
1356 5484 1666 5555 Italzitatione
1707 5484 1806 5552 Dei
1845 5479 2031 5563 digiti)!

435 5564 542 5603 esse
570 5560 859 5617 pt'testaret.

512 5619 591 5697 ibi
615 5620 853 5685 Colhert.
882 5621 1003 5697 eod.
1033 5636 1153 5697 cum
1178 5623 1338 5697 (tarn.
1383 5642 1446 5691 ne
1475 5625 1646 5696 aliqua
1670 5626 1879 5697 fallacia
1900 5643 1938 5697 _,'
1964 5642 2028 5689 ac

433 5686 629 5775 deinde
648 5699 768 5775 post
783 5692 980 5775 venturi
1004 5686 1160 5759 enim,
1188 5686 1474 5775 subjiciunt
1496 5686 1865 5775 ργξέᾷὶᾆῃηέκέ,

432 5770 634 5828 autem,
670 5762 758 5816 Er,
787 5772 842 5816 et
867 5761 1041 5834 Lips"
1066 5774 1231 5826 nam!
1285 5761 1300 5766 -
1334 5761 1353 5767 νμ
1390 5761 1435 5779 η,
1460 5761 1469 5769 .
1496 5761 1508 5767 -
1536 5761 1575 5767 ._
1608 5761 1633 5777 .,

2227 4641 2282 4697 6.
2314 4639 2410 4695 Nil
2430 4640 2630 4695 homini
2664 4639 2764 4693 nisi
2790 4654 2885 4693 sua
2924 4636 3079 4710 culpa
3120 4634 3331 4689 malum.
3380 4632 3747 4705 Prwgnantes,

2152 4734 2339 4788 animos
2369 4733 2592 4803 peccatis
2642 4746 2846 4803 graves.
2884 4758 2957 4769 ο-
2992 4714 3083 4782 Vw
3129 4726 3513 4800 prwgnantibus
3562 4734 3608 4805 et
3650 4742 3750 4777 mt-

2153 4826 2422 4883 trientibus
2453 4824 2528 4897 (ᾖ
2572 4820 2684 4895 i9).
2745 4819 3078 4891 Simpliciter
3103 4818 3319 4890 quidem
3353 4816 3493 4871 istud
3525 4825 3746 4887 propter

2215 4989 2290 5069 (a)
2321 4988 2572 5069 _Verhnr_n
2624 4985 2881 5068 signiﬁcat
2931 4983 3019 5069 hic
3067 4981 3559 5069 Cflillieti_ilplu!‘e§
3601 4997 3730 5051 mss.

2141 5053 2739 5137 operainterpolatoris,
2760 5053 2849 5137 qui
2869 5066 3026 5123 antea
3043 5053 3730 5127 substituitdissolutionem,

2148 5132 2259 5203 pro
2276 5132 2545 5203 dissolutio
2576 5141 2672 5187 est.

2221 5201 2300 5276 (d_)
2335 5204 2552 5276 Aliquot
2578 5216 2709 5276 mss.
2739 5199 3013 5276 institerit.i
3058 5270 3069 5276 _
3152 5268 3172 5276 _
3474 5275 3477 5276 ν
3650 5262 3683 5276 η

2216 5264 2294 5348 (θὶ
2318 5264 2472 5345 Apuli
2502 5273 2626 5333 Par.
2665 5272 3002 5337 desideratur
3023 5270 3117 5348 vis.
3152 5268 3216 5348 ln_
3247 5268 3369 5327 aliis
3395 5275 3571 5348 autem
3598 5264 3730 5348 Ctl-ll.

2144 5339 2338 5426 ea'vpx
2367 5339 2618 5426 corrupte
2643 5357 2764 5411 cum
2795 5341 3146 5419 sequentibus
3175 5343 3253 5409 sic
3282 5340 3565 5419 copulatur
3589 5353 3602 5402 ;
3629 5339 3735 5407 pisq

2140 5430 2197 5473 ut
2223 5430 2478 5473 contacta.

2164 5424 2197 5483 tt
2223 5424 2478 5491 contagia.
3235 5480 3265 5493 η

2211 5482 2283 5563 (fl
2315 5486 2549 5563 Sim"?
2581 5482 2732 5563 Colh-
2758 5498 2860 5563 ΨΒ·
2893 5482 3114 5563 ‘Zautttt-
3164 5481 3267 5563 ᾼιμ
3300 5494 3459 5563 πίω-ομ
3493 5479 3733 5563 (aettem:

2137 5549 2248 5613 (atii
2266 5549 2478 5610 inuenia'
2504 5553 2723 5610 Judwae.
2766 5549 2947 5624 "Apud
2978 5549 3099 5625 Par.
3154 5549 3471 5625 [repuentatu
3495 5549 3727 5621 'Jtuttra.

2133 5628 2253 5707 {Non
2287 5629 2596 5707 displtccrvt
2618 5642 2742 5707 cum
2781 5622 2937 5707 Bad.,
2987 5622 3079 5693 Er.
3107 5622 3165 5679 et
3184 5623 3333 5706 Lips.
3359 5661 3375 5691 ,
3409 5622 3729 5705 frequentata

2131 5696 2617 5781 ἑμᾴφςξξξῃὺῆύᾷυ
2648 5698 2778 5769 ξορα·
3010 5766 3021 5779 .
3089 5765 3100 5776 .

2207 5758 2467 5846 (ςγὶέιιίίῖ
2480 5758 2555 5827 π·
2568 5758 2683 5826 tres
2706 5758 2836 5825 mss.
2868 5763 3217 5833 interioribus.
