4172 6188
391 241 541 299 1035

1605 241 1848 299 SANCTI
1893 243 2146 301 HILARII
2177 243 2483 302 EPISCOPI

3552 248 3700 305 1056

404 369 616 413 moram
642 355 777 427 fuga:
799 355 968 426 accipi
999 361 1172 425 potest
1197 372 1212 412 :
1235 357 1360 427 quia
1385 357 1593 412 ventris
1617 372 1784 414 onere
1818 359 1989 430 impe—
2013 367 2059 425 Α
2090 363 2204 434 git,
2263 371 2316 417 et
2369 362 2744 434 undecumque
2795 363 2998 419 micans
3062 363 3387 433 ubicumque
3452 365 3695 421 cernitur

397 450 581 517 ditas,
634 451 1004 505 imminentem
1048 458 1348 520 temporum
1395 452 1606 506 ruinam
1655 451 1890 522 effugere
1925 454 1999 509 sit

397 543 710 598 molesmm.
741 541 849 597 Sed
871 542 998 612 quid
1024 543 1261 600 conditio
1281 585 1296 610 ,
1339 558 1501 599 sexus
1535 554 1590 600 et
1631 547 1996 616 generationis

399 637 533 693 ordo
555 639 917 694 commeruit?
944 637 1219 711 Nisigfortc
1241 647 1376 694 aetas
1404 638 1493 693 illa
1525 639 1838 709 mulierum,
1873 657 1996 712 quae

403 735 459 792 in
501 735 592 790 illa
620 745 863 808 tempora
894 737 1211 804 inciderint,
1255 738 1474 808 proprie
1517 738 1584 793 sit
1630 738 1804 793 futura
1834 738 2002 794 male—

402 827 569 885 dicta.
601 828 712 884 Sed
733 828 876 883 absit
905 816 1070 898 istud,
1107 839 1165 885 ιιι
1191 831 1480 901 quidquam
1513 831 1603 898 sit,
1632 831 1774 902 quod
1800 830 1999 885 homini

403 919 512 975 nisi
560 933 655 974 sua
708 921 867 990 culpa
914 922 1114 976 malum
1146 923 1257 978 fiat.
1309 923 1424 978 Non
1456 924 1617 993 igitur
1657 915 1727 979 de
1770 922 1999 978 fetarum

406 1025 574 1066 onere
619 1011 902 1066 Dominum
944 1013 1292 1070 admonuisse
1350 1015 1678 1070 credendum
1719 1025 1834 1082 est,
1879 1030 2001 1069 cum

410 1102 543 1158 dicit
576 1121 589 1156 :
629 1102 720 1158 Va:
739 1107 1120 1177 prwgnanlibus
1149 1123 1167 1160 :
1196 1106 1291 1162 sed
1314 1107 1616 1162 animarum
1645 1109 1882 1178 peccatis
1909 1123 1997 1164 re-

406 1194 672 1266 pletarum
700 1198 1005 1254 ostendisse
1031 1200 1373 1268 gravitatem,
1405 1214 1522 1270 quae
1551 1215 1724 1270 neque
1749 1200 1804 1256 in
1849 1207 1992 1256 tecto

409 1290 601 1360 positae
625 1332 638 1354 ,
673 1305 846 1361 neque
875 1293 929 1347 in
957 1308 1087 1363 agro
1131 1304 1416 1349 manentes
1456 1297 1707 1364 repositae
1740 1295 1832 1350 irae
1865 1306 2002 1350 tem-

412 1393 679 1451 pestatem
718 1384 891 1439 vitare
930 1386 1161 1455 possint.
1205 1386 1370 1441 Dolor
1399 1388 1541 1443 enim
1571 1397 1910 1458 praegnantes
1937 1403 2006 1443 ex

417 1482 609 1529 natura
654 1478 1004 1547 consequitur
1035 1495 1049 1531 :
1078 1489 1132 1533 et
1161 1486 1346 1547 partus
1389 1479 1508 1534 sine
1549 1481 1714 1535 totius
1761 1480 2006 1551 corporis

408 1567 694 1620 vexatione
743 1583 848 1622 non
883 1566 1144 1623 funditur.
1187 1569 1318 1638 Qua:
1363 1585 1492 1640 ergo
1531 1571 1667 1625 tales
1699 1572 1893 1627 animae
1920 1588 2006 1626 re-

409 1658 689 1728 perientur
711 1701 727 1725 ,
757 1660 810 1714 in
842 1676 940 1716 suo
965 1670 1019 1717 et
1043 1677 1212 1718 onere
1241 1671 1296 1718 et
1334 1663 1524 1720 dolore
1547 1665 1989 1721 continebuntur.

2101 455 2266 528 (Ibid.
2293 455 2516 528 22-27).
2547 455 2628 512 Ac
2666 471 2735 512 ne
2774 457 2858 512 vel
2887 457 2987 512 loci
3019 456 3236 527 quidem
3283 456 3435 527 ejus,
3483 459 3536 512 in
3589 473 3705 528 quo

2101 545 2310 602 futurus
2341 557 2516 612 esset,
2552 561 2796 602 essemus
2820 548 2987 618 ignari
3012 590 3026 614 ,
3060 549 3136 602 ait
3163 566 3174 601 :
3207 547 3519 620 Ubicumque
3544 551 3702 620 fuerit

2101 655 2284 709 corpus
2306 681 2320 705 ,
2353 640 2424 694 ibi
2447 641 2892 711 congregabantur
2914 640 3104 708 aquila:
3127 638 3290 710 (Ibid.
3316 639 3430 711 28).
3467 641 3702 697 Sauctos

2104 731 2172 786 de
2201 732 2384 787 volatu
2434 733 2691 802 spiritalis
2744 735 2996 804 corporis
3043 733 3255 804 aquilas
3303 735 3634 801 nuncupavit
3685 753 3699 788 :

2104 841 2354 894 quorum,
2376 827 2828 896 congregantibus
2851 825 3078 896 angelis,
3104 833 3430 880 conventum
3459 823 3703 880 futurum

2107 916 2160 971 in
2192 916 2316 970 loco
2346 913 2420 986 (b)
2455 916 2719 984 passionis
2749 916 3006 970 ostendit.
3063 915 3130 970 Et
3173 915 3331 985 digne
3381 914 3494 969 illic
3539 916 3705 970 clari~

2111 1009 2236 1063 tatis
2258 1008 2522 1062 adventus
2545 1008 2975 1078 exspectabitur,
3000 1008 3087 1062 ubi
3117 1007 3270 1062 nobis
3294 1007 3522 1078 gloriam
3543 1017 3704 1063 teter-

2105 1102 2288 1156 nitatis
2316 1101 2564 1171 passione
2586 1116 2864 1172 corporeae
2893 1101 3215 1156 humilitatis
3235 1111 3492 1172 operatus
3523 1111 3626 1157 est.

2573 1249 2732 1320 791
2771 1245 3002 1302 CAPUT
3040 1245 3236 1301 xxvr.

2110 1363 2190 1418 De
2217 1363 2324 1418 sole
2353 1363 2650 1426 obscurato,
2685 1361 2808 1414 luna
2843 1369 2889 1414 et
2917 1359 3101 1415 stellis.
3138 1362 3156 1430 (
3173 1358 3249 1413 De
3279 1361 3426 1431 signo
3450 1361 3609 1429 ﬁcus,
3643 1361 3708 1416 de

2180 1455 2282 1508 diei
2309 1455 2556 1507 adventus
2601 1451 2809 1506 Domini
2852 1450 3254 1517 incertitudine,
3283 1451 3345 1505 de
3381 1453 3706 1508 assumenttis

2080 1552 2086 1565 '
2180 1559 2226 1604 et
2255 1547 2622 1618 relinquendis,
2655 1556 2702 1601 et
2725 1547 2788 1600 de
2813 1545 3078 1617 vigilantia
3106 1545 3379 1599 servanda.
3429 1544 3555 1600 Hazc
3603 1546 3701 1601 ab-

2181 1650 2308 1698 sunt
2329 1658 2356 1694 a
2377 1642 2533 1714 mss.)

410 1752 577 1824 790
601 1752 710 1808 Illis
740 1769 950 1825 quoque
986 1771 1068 1810 va:
1108 1757 1212 1811 erit
1261 1772 1382 1828 quas
1430 1760 1754 1812 nutrientur.
1789 1759 1885 1813 Est
1927 1759 2011 1813 in-
2039 1760 2088 1821 B
2186 1757 2235 1810 Ι.
2267 1754 2536 1810 Gloriosus
2577 1754 2768 1810 Christi
2805 1734 3051 1809 adv‘entus
3086 1753 3290 1824 quando
3329 1763 3377 1808 et
3417 1753 3604 1823 qualis.
3634 1780 3711 1793 —

413 1842 583 1898 fautia
625 1845 766 1900 lacte
805 1845 1030 1915 depulsa
1077 1864 1184 1902 non
1235 1849 1415 1904 minus
1443 1850 1509 1904 ad
1553 1850 1728 1920 fugam
1761 1852 2005 1920 inutilis,

413 1949 575 1999 quam
619 1950 681 1990 ea
721 1952 840 2006 qua:
871 1937 1166 1994 etiamnum
1205 1940 1344 1996 lacte
1387 1941 1580 1996 alatur.
1633 1941 1702 1997 Et
1739 1943 2010 2014 quomodo

412 2041 496 2081 va:
518 2027 596 2082 illi
632 2043 752 2098 qute
781 2032 1090 2097 nutriatur;
1139 2048 1261 2088 cum
1312 2033 1444 2090 nihil
1489 2035 1704 2091 intersit
1731 2039 1906 2092 a'tatis
1947 2053 2012 2094 ac

414 2122 702 2188 temporis,
735 2123 924 2176 nutriri
957 2123 1116 2189 lacte,
1159 2134 1213 2180 et
1251 2125 1551 2183 decessisse
1580 2128 1648 2183 de
1680 2128 1861 2184 lacte?
1892 2130 2002 2187 Sed

413 2211 638 2282 perinde
669 2211 757 2269 hic
802 2215 966 2269 etiam
998 2215 1367 2273 inﬁrmitatem
1409 2219 1712 2275 animarum
1735 2265 1748 2289 ,
1786 2237 1905 2292 quae
1943 2221 2009 2278 ad

419 2306 785 2375 cognitionem
837 2308 929 2362 Dei
980 2319 1248 2381 tamquam
1282 2311 1422 2368 lacte
1464 2312 1642 2368 adhuc
1687 2313 1898 2370 alantur
1924 2330 2013 2370 os-

422 2397 596 2452 tendit
630 2415 791 2468 :qua:
823 2399 1046 2469 perfecti
1099 2403 1202 2458 cibi
1244 2403 1442 2460 virtute
1490 2405 1792 2475 indigentes
1820 2448 1834 2473 ,
1863 2408 2011 2462 tenui

417 2492 616 2548 divinae
655 2495 980 2565 cognitionis
1028 2496 1355 2570 infirmaque
1409 2509 1626 2570 gustatu
1677 2501 2007 2576 imbuantur.

417 2583 488 2639 Et
516 2583 718 2640 idcirco
749 2601 828 2640 va:
858 2586 990 2656 ipsis
1023 2589 1129 2644 erit
1162 2608 1175 2644 :
1208 2591 1330 2658 quia
1359 2599 1413 2646 et
1433 2589 1498 2645 ad
1523 2589 1887 2662 effugiendum
1917 2608 2014 2647 an-

417 2676 725 2733 tichristum
756 2695 974 2749 graves,
1001 2689 1054 2735 et
1078 2681 1145 2736 ad
1176 2681 1550 2738 sustinendum
1588 2684 1885 2754 imperitae,
1911 2701 2014 2741 nec

417 2781 637 2842 peccata
687 2770 1004 2844 effugerint,
1051 2788 1151 2829 nec
1190 2775 1371 2830 cibum
1430 2775 1540 2830 veri
1589 2776 1742 2846 panis
1788 2791 2012 2848 accepe-

419 2862 547 2916 rint.

492 2954 546 3009 7.
583 2952 732 3024 Fuga
772 2955 827 3009 in
850 2956 1028 3027 hyeme
1054 2966 1142 3011 aut
1169 2957 1378 3012 sabbato
1406 2999 1420 3024 ,
1452 2958 1597 3027 quid.
1626 2988 1699 2999 —
1731 2959 1905 3029 Atque
1935 2958 2016 3014 id-

419 3046 566 3101 circo
593 3062 751 3102 orare
780 3047 1136 3104 admonemur
1156 3091 1172 3116 ,
1203 3065 1271 3106 ne
1323 3051 1405 3106 vel
1448 3050 1642 3123 hyeme
1673 3051 1790 3122 fuga
1833 3061 2012 3108 nostra

2115 1849 2307 1904 Statim
2354 1859 2524 1904 autent
2574 1859 2690 1920 post
2739 1849 3118 1903 tribulationem
3164 1848 3366 1902 dierum
3388 1848 3598 1902 illorum
3625 1848 3708 1902 sol

2114 1943 2491 2009 obscurabitur,
2522 1950 2576 1998 et
2611 1941 2812 2012 reliqua
2849 1941 3060 2014 (Matth.
3105 1956 3267 2007 xxrv,
3298 1941 3415 2010 99).
3459 1939 3708 1996 Gloriam

2113 2035 2376 2090 adventus
2396 2035 2478 2089 sui
2507 2044 2560 2090 et
2585 2035 2848 2090 claritatis
2877 2035 3109 2089 reditum
3139 2033 3344 2088 indicat
3367 2033 3702 2090 obscuritate

2113 2127 2245 2182 solis
2266 2168 2278 2189 .
2301 2126 2603 2182 defectione
2633 2127 2800 2192 lunae,
2831 2142 2960 2182 casu
2984 2126 3286 2190 stellarum,
3309 2127 3565 2181 virtutum
3591 2141 3711 2182 ca:-

2113 2219 2328 2275 lcstium
2357 2228 2503 2273 motu
2531 2261 2544 2285 ,
2580 2221 2892 2275 ostensione
2921 2219 3061 2290 signi
3111 2218 3368 2274 salutaris
3392 2260 3408 2285 ,
3450 2220 3714 2274 lamenta-

2114 2314 2261 2368 tione
2291 2313 2531 2384 gentium
2567 2312 3004 2384 cognoscentium
3035 2310 3203 2366 filium
3249 2308 3484 2366 hominis
3525 2310 3578 2364 in
3610 2310 3712 2366 Dei

2113 2406 2281 2476 gloria
2312 2447 2328 2471 ,
2357 2413 2413 2461 et
2433 2407 2499 2461 ad
2547 2407 2923 2462 collectionem
2978 2414 3289 2460 sanctorum
3343 2403 3712 2460 destinatione

2113 2499 2426 2568 angelorum
2456 2514 2576 2554 cum
2607 2499 2770 2565 tubae,
2797 2498 2848 2554 id
2880 2507 2995 2563 est,
3033 2497 3147 2567 jam
3184 2496 3414 2566 publicae
3445 2495 3712 2551 libertatis

2121 2592 2335 2648 hortatu
2367 2592 2439 2665 (ᾖ
2490 2596 2558 2650 .50
2602 2602 2655 2649 et
2682 2591 2799 2664 51).
2832 2592 2922 2648 Sic
2950 2591 3054 2646 erit
3078 2589 3147 2645 de
3173 2604 3342 2660 grano
3384 2590 3590 2660 sinapis
3623 2605 3712 2643 ar-

2097 2687 2213 2742 -bor
2241 2687 2429 2758 ingens
2478 2685 2702 2758 (Matth.
2736 2701 2867 2752 xm,
2895 2686 2988 2752 31)
3015 2702 3028 2740 :
3058 2684 3138 2740 sic
3183 2683 3252 2738 de
3296 2682 3471 2754 lapide
3508 2683 3712 2739 montis

2113 2781 2345 2836 contrita
2370 2780 2600 2849 imagine
2629 2778 2816 2832 orbem
2850 2787 3008 2832 terrae
3049 2790 3207 2831 mons
3233 2789 3506 2842 occupans
3529 2772 3708 2847 (Dan.

2115 2883 2187 2941 ιι,
2221 2874 2316 2944 54)
2349 2891 2362 2925 :
2391 2873 2469 2927 sic
2495 2871 2684 2926 civitas
2723 2869 2972 2926 omnibus
3009 2868 3441 2939 contemplabilis
3481 2867 3709 2938 (Matth.

2115 2981 2167 3031 v,
2203 2967 2269 3021 14
2297 2973 2353 3020 et
2375 2961 2462 3035 15)
2495 2983 2508 3019 :
2543 2964 2623 3019 sic
2645 2964 2828 3018 lucens
2851 2962 3125 3018 universis
3147 2961 3324 3015 lumen
3357 2958 3430 3030 (c)
3452 2959 3503 3014 in
3529 2959 3670 3030 ligno
3691 2975 3713 3014 :

2115 3057 2194 3113 sic
2214 3073 2280 3112 ex
2308 3057 2613 3112 humilitate
2641 3055 2833 3110 mortis
2864 3053 2944 3123 (ά)
2973 3053 3064 3108 Dei
3094 3052 3282 3124 gloria.
3321 3050 3559 3120 Quarum
3590 3066 3713 3105 om-

420 3139 506 3192 Vel
535 3139 760 3194 εεὼὺθιο
789 3141 891 3206 Sil.
922 3140 973 3194 id
1001 3149 1116 3205 εει,
1144 3157 1212 3197 nc
1242 3151 1335 3197 aut
1376 3142 1428 3196 in
1463 3152 1737 3212 peccatum
1770 3142 1970 3214 frigore
1995 3185 2010 3212 ,
2039 3140 2084 3204 C
2119 3147 2266 3203 nium
2293 3162 2474 3202 rerum
2503 3147 2738 3212 indicio,
2772 3145 2911 3200 scire
2939 3159 3038 3198 nos
3071 3143 3240 3198 voluit
3271 3153 3486 3212 tempus
3513 3148 3713 3196 nostra:

423 3237 516 3284 aut
545 3230 599 3284 in
625 3233 738 3284 otio
767 3232 1033 3286 bonorum
1063 3248 1285 3301 operum
1318 3237 1654 3302 reperiatnur
1683 3252 1697 3287 :
1729 3237 1852 3304 quia
1890 3249 2016 3306 gra-

423 3321 508 3376 vis
540 3322 754 3376 vexatio
793 3322 1068 3378 incumbet
1112 3333 1167 3379 et
1206 3325 1564 3380 intolerabilis
1614 3325 1825 3380 cunctis
1849 3366 1864 3391 ,
1916 3326 2019 3380 nisi

423 3415 568 3487 quod
612 3431 777 3471 causa
820 3417 1117 3474 electorum
1150 3419 1245 3474 Dei
1285 3419 1476 3474 diebus
1505 3419 1612 3474 illis
1658 3419 1728 3474 sit
1777 3419 2016 3474 brevitas

422 3510 717 3578 afferenda,
735 3520 792 3566 ut
813 3512 918 3566 vim
943 3513 1362 3567 incumbentium
1387 3514 1648 3568 malorum
1681 3523 2023 3568 coarctatum

424 3603 759 3674 digrassandi
794 3613 1004 3673 tempus
1028 3614 1318 3674 exsuperet
1343 3603 1508 3677 (Ibid.
1537 3605 1610 3659 20
1649 3614 1704 3660 et
1732 3604 1852 3673 21).

499 3695 553 3750 8.
591 3695 1166 3765 Pseudoprophetarum
1192 3705 1422 3750 conatus.
1453 3697 1682 3767 Aquilia,
1707 3696 1888 3750 sancti.
1915 3695 2023 3749 Ad-

431 3797 614 3844 ventus
642 3789 833 3843 Christi
872 3788 1016 3842 locus
1057 3789 1162 3854 ibi,
1206 3789 1294 3843 ubi
1321 3789 1598 3860 passionis.
1622 3819 1695 3830 —
1722 3789 1790 3844 Et
1819 3791 1940 3859 quia
1970 3790 2019 3843 in

424 3895 616 3950 magna
643 3881 925 3936 vexatione
976 3881 1162 3950 positis
1209 3881 1718 3952 pseudoprophetae,
1751 3893 2023 3953 tamquam

428 3983 754 4042 praesentem
789 3974 858 4027 .in
885 3971 1105 4030 Christo
1132 3990 1290 4043 opem
1327 3975 1436 4030 sint
1482 3975 1768 4030 iudicaturi
1794 4016 1809 4041 ,
1842 3977 2024 4031 multis

427 4065 482 4120 in
514 4063 648 4119 locis
675 4064 948 4120 Christum
991 4081 1112 4121 esse
1143 4076 1304 4137 atque
1343 4067 1529 4124 haberi
1568 4071 1896 4126 mentientur
1918 4112 1933 4137 ,
1967 4080 2025 4126 ut

427 4156 480 4212 in
509 4156 813 4212 antichristi
846 4158 1158 4214 fatnulatum
1187 4160 1478 4231 depressos
1508 4173 1833 4233 vexatosque
1857 4164 2026 4220 dedu-

411 4258 590 4315 ‘cant;
624 4267 769 4308 nunc
801 4254 851 4306 in
881 4253 1114 4308 desertis
1140 4269 1261 4308 esse
1287 4255 1534 4310 dicentes
1558 4296 1572 4320 ,
1603 4265 1663 4311 ut
1699 4272 1884 4312 errore
1930 4257 2027 4312 de-

429 4353 692 4411 pravent;
727 4358 870 4399 nunc
896 4343 948 4398 in
977 4346 1343 4414 penetralibus
1371 4357 1710 4415 asserentes,
1750 4357 1807 4403 ut
1830 4349 1906 4422 (a)
1927 4351 2026 4404 do-

430 4437 685 4490 minantis
712 4445 978 4504 potestatc
1000 4437 1326 4492 concludant
1359 4456 1371 4492 :
1401 4439 1497 4494 sed
1527 4455 1588 4495 se
1621 4441 1878 4496 Dominus
1915 4457 2021 4498 non

2121 3240 2543 3310 redemptionis,
2575 3254 2683 3310 quo
2704 3253 2778 3294 ex
2809 3237 3159 3307 corruptione
3187 3249 3473 3305 corporum
3520 3235 3572 3288 in
3616 3232 3718 3288 ho-

2121 3345 2309 3386 norem
2341 3329 2601 3400 spiritalis
2630 3328 2946 3384 substantiae
2970 3327 3378 3383 transferemur.

2189 3423 2244 3476 2.
2277 3422 2472 3477 Romus
2501 3422 2630 3490 ﬁcus
2659 3421 3012 3475 antichristus.
3044 3419 3146 3487 Qui
3175 3419 3488 3491 frondescet.
3519 3447 3591 3459 —-
3612 3417 3718 3472 Co-

2120 3512 2414 3584 gnoscendi
2438 3522 2617 3566 autem
2651 3514 2907 3578 temporis
2932 3512 3143 3582 signum
3171 3513 3224 3566 in
3263 3510 3616 3566 similitudine
3645 3510 3706 3564 fi-

2122 3619 2219 3660 cus
2237 3605 2447 3660 arboris
2478 3603 2653 3674 posuit
2685 3602 2898 3675 (Matth.
2933 3618 3092 3671 xxrv,
3124 3603 3216 3674 52)
3242 3622 3254 3657 :
3283 3603 3437 3674 Cujus
3469 3617 3590 3658 cum
3625 3616 3715 3657 ra-

2123 3712 2245 3754 mus
2295 3707 2446 3753 tener
2475 3695 2634 3751 fuerit
2674 3708 2836 3766 atque
2865 3695 3203 3765 fronduerit,
3237 3705 3348 3752 tum
3402 3711 3564 3767 prope
3590 3711 3711 3751 esse

2123 3798 2284 3843 a‘stas
2315 3789 2644 3859 intelligitur.
2692 3789 2797 3844 Sed
2844 3789 3002 3860 longe
3045 3790 3147 3843 alia
3185 3798 3372 3844 natura
3423 3800 3476 3844 et
3515 3789 3715 3844 mstatis

2124 3890 2180 3936 et
2199 3882 2410 3937 arboris
2437 3890 2537 3936 est.
2569 3880 2624 3938 In
2665 3881 2808 3937 veris
2838 3882 3010 3954 (verni
3045 3880 3332 3953 temporis)
3373 3883 3514 3936 enim
3547 3882 3714 3935 initiis

2125 3973 2436 4031 intumescit
2466 3992 2478 4028 :
2508 3982 2561 4029 et
2586 3989 2690 4028 non
2719 3975 2969 4043 exiguum
3002 3981 3213 4044 tempus
3238 3983 3323 4028 est
3350 3973 3608 4039 medium,
3639 3974 3722 4026 in-

2128 4081 2210 4126 ter
2240 4069 2290 4125 id
2321 4069 2464 4140 quod
2506 4079 2665 4125 testas
2713 4068 2941 4138 ingruit,
2990 4077 3045 4122 et
3083 4069 3290 4125 arboris
3338 4082 3516 4122 ramus
3568 4077 3719 4122 tene~

2126 4161 2289 4220 rescit
2322 4159 2639 4232 infrondes.
2673 4157 2751 4212 Ex
2778 4174 2903 4228 quo,
2937 4175 3043 4212 non
3072 4158 3140 4214 de
3173 4159 3365 4212 arbore
3391 4157 3492 4212 hoc
3520 4156 3721 4211 dictum

2128 4268 2248 4309 esse
2269 4252 2596 4308 noscendum
2643 4261 2742 4306 est.
2777 4251 2846 4306 Et
2869 4251 3081 4321 quidem
3123 4250 3231 4321 jam
3265 4252 3512 4320 superius
3538 4249 3607 4305 de
3635 4265 3724 4304 ar-

2127 4347 2274 4404 boris
2302 4349 2454 4402 istius
2477 4347 2807 4416 proprietate
2838 4347 3184 4400 tractavimus
3213 4344 3283 4416 (c.
3302 4343 3393 4409 2!,
3423 4361 3476 4398 η.
3509 4344 3587 4412 8).
3614 4342 3726 4397 Hu-

2126 4439 2214 4511 jus
2239 4440 2400 4495 etiam
2435 4440 2574 4493 foliis
2603 4438 2770 4492 Adam
2802 4437 3028 4508 legimus
3059 4435 3302 4491 indutum
3330 4476 3346 4501 ,
3376 4445 3431 4490 et
3459 4435 3723 4506 pudorem

430 4526 552 4582 loco
575 4527 929 4582 occulendum
955 4570 968 4593 ,
996 4544 1094 4584 nec
1139 4545 1168 4583 a
1221 4530 1450 4602 singulis
1493 4533 1855 4588 contuendum
1902 4549 2024 4588 esse
2051 4528 2473 4589 Dconscientim
2513 4533 2750 4596 texisse,
2786 4532 2835 4585 id
2864 4540 2977 4596 est,
3010 4541 3281 4600 tamquam
3333 4531 3536 4599 peccati
3576 4540 3728 4584 veste

432 4620 746 4690 profitetur;
780 4621 875 4676 sed
909 4622 1229 4692 ubicumque
1267 4632 1322 4678 et
1362 4623 1413 4678 in
1444 4633 1736 4695 conSpectn
1779 4627 2020 4681 omnium

432 4722 753 4780 prtcsmtem
783 4715 1020 4768 futurum
1045 4715 1204 4768 modo
1237 4715 1490 4786 fulguris,
1529 4717 1672 4786 quod
1717 4719 1786 4772 ab
1815 4720 2023 4774 oriente

433 4807 657 4876 elatum,
685 4808 864 4864 lumen
888 4825 1042 4864 suum
1074 4824 1243 4880 usque
1261 4809 1327 4865 ad
1349 4810 1646 4866 occidentis
1668 4812 1851 4884 plagas
1873 4828 2026 4884 spar-

505 5020 580 5093 (a)
599 5019 760 5093 Editi,
790 5018 1373 5093 dontintmtes.Rec_tius
1396 5033 1526 5093 mss.
1553 5019 1884 5084 dominantis,
1904 5024 2029 5093 puta

435 5091 760 5150 antichristi.
792 5091 909 5145 Mox
932 5107 1019 5144 nec
1047 5107 1079 5143 a
1104 5091 1345 5161 singulis,
1381 5091 1428 5144 id
1455 5099 1540 5145 est
1561 5133 1575 5155 ,
1606 5106 1705 5145 nec
1743 5106 1771 5144 a
1801 5092 2024 5160 privatis

435 5175 489 5223 et
519 5162 744 5219 seorsim
777 5161 967 5231 positis
991 5201 1007 5228 ,
1037 5163 1229 5232 quibus
1272 5161 1468 5217 deinde
1494 5170 1783 5232 opponitur
1809 5163 1861 5215 in
1903 5177 2025 5216 con-

435 5233 877 5308 spectuontttium.

507 5304 748 5379 (b);H_t_l'lc
775 5301 958 5379 Hilarii
995 5303 1436 5379 interpretationi
1469 5302 1638 5358 lucem
1663 5303 1910 5379 mutuari
1944 5312 2027 5357 est

437 5373 620 5435 ex'h't's
651 5373 961 5445 Hieronymi
993 5373 1045 5427 in
1068 5375 1320 5445 eumdem
1351 5375 1524 5428 locum
1564 5374 1743 5429 verbis
1783 5393 1795 5428 :
1826 5374 2025 5428 Possu-

438 5467 550 5503 mus
581 5457 747 5501 autem
777 5443 985 5514 corpus,
1021 5443 1075 5496 id
1101 5453 1207 5508 est,
1237 5453 1424 5516 πτῶμα
1447 5486 1459 5510 ,
1483 5447 1620 5516 quod
1653 5446 2029 5516 signiﬁcantius

439 5523 597 5576 latine
616 5519 804 5588 dicitur
835 5516 1081 5581 cadaver,
1104 5517 1174 5588 ab
1206 5532 1262 5569 eo
1292 5515 1428 5586 quod
1471 5515 1559 5588 per
1589 5525 1799 5570 mortem
1839 5517 2026 5585 cadat,

440 5591 730 5663 passionem
757 5587 950 5663 Christi
987 5587 1287 5663 intelligerg.

517 5659 589 5733 (ρ)
619 5660 764 5733 βίιᾱ.
790 5668 844 5715 et
886 5659 976 5733 Er.
1008 5661 1061 5713 in
1085 5660 1210 5714 tino.
1240 5659 1365 5714 Par.
1409 5659 1469 5733 in
1497 5659 1684 5730 lychno
1708 5701 1722 5726 ,
1753 5659 1895 5728 quod
1925 5658 2036 5733 pri-

445 5729 593 5788 mum
625 5729 836 5800 Lipsius
879 5730 945 5784 dc
967 5745 1066 5784 suo
1101 5741 1378 5800 posuerat.
1409 5729 1539 5785 Nam
1570 5745 1758 5786 oumes
1785 5745 1914 5787 mss.
1943 5732 2038 5784 lia-

2130 4627 2231 4680 sub
2253 4625 2369 4695 lege
2409 4623 2820 4680 circumdatum.
2863 4623 3066 4678 Ramus
3089 4623 3247 4692 igitur
3274 4623 3404 4676 ficus
3441 4620 3728 4676 antichris-

2129 4727 2216 4772 tus
2252 4733 2375 4773 esse
2421 4717 2769 4785 intelligitur,
2818 4715 3016 4770 diaboli
3063 4714 3204 4770 filius
3227 4756 3242 4779 ,
3273 4715 3475 4784 peccati
3509 4713 3682 4783 portio
3705 4753 3722 4780 ,

2130 4811 2264 4882 legis
2313 4820 2568 4866 assertor.
2601 4808 2704 4878 Qui
2752 4823 2874 4864 cum
2921 4817 3262 4864 tenerescere
3304 4807 3531 4878 cmperit
3566 4817 3728 4876 atque

2135 5019 2266 5074 bent
2288 5018 2342 5071 in
2371 5015 2508 5086 ligno
2546 5031 2564 5069 :
2591 5029 2696 5084 quo
2719 5014 2938 5070 nomine
2959 5011 3253 5086 commode
3281 5011 3598 5086 intelligitur
3624 5013 3728 5084 lig-

2136 5105 2264 5144 num
2293 5084 2487 5153 crucis,
2532 5087 2583 5140 in
2616 5101 2722 5155 quo
2747 5096 3012 5153 tamquam
3042 5084 3094 5138 in
3122 5084 3448 5155 candelabro
3472 5084 3728 5139 Christus

2136 5161 2226 5216 lux
2250 5174 2376 5214 vera
2401 5154 2651 5227 omnibus
2673 5171 2730 5211 se
2751 5157 3100 5227 spectabilem
3121 5154 3368 5224 praebuit.
3404 5155 3537 5210 Hinc
3565 5171 3726 5222 supra

2135 5247 2255 5300 cap.
2288 5233 2345 5295 li,
2381 5247 2435 5284 ιι.
2462 5230 2529 5300 15
2557 5247 2568 5281 :
2593 5226 2713 5280 Jam
2738 5226 2945 5282 lucerna
2965 5227 3251 5300 Christi...
3274 5230 3326 5300 in
3345 5227 3472 5300 ligni
3491 5227 3730 5300 passione

2137 5294 2386 5371 suspensa
2405 5343 2420 5366 ,
2468 5299 2637 5353 lumen
2670 5310 2916 5354 a'ternum
2947 5312 3016 5351 est
3043 5300 3095 5351 in
3126 5294 3357 5351 Ecclesia
3386 5294 3729 5352 habitantibus

2168 5373 2430 5428 rwbitura.

2133 5391 2430 5444 prwotturtt.

2208 5445 2284 5515 (a)
2323 5443 2461 5498 Editi
2498 5457 2628 5515 _cu_m
2676 5439 2918 5515 pluribus
2948 5453 3088 5515 mss.
3116 5438 3732 5515 Deus_glo_r_itc._Pr:nfe-

2138 5509 2309 5570 rimus
2333 5530 2452 5569 cum
2486 5512 2641 5568 Colb.
2680 5509 2748 5567 iet
2795 5511 2957 5565 Carn.
2993 5509 3088 5564 Dei
3143 5511 3327 5581 gloria.
3371 5509 3520 5564 Haud
3557 5509 3732 5581 dubie

2136 5586 2279 5642 enim
2311 5584 2565 5640 alluditnr
2593 5583 2661 5638 ad
2700 5582 2864 5637 verba
2891 5582 3044 5637 Pauli
3069 5580 3207 5636 Phil.
3230 5597 3265 5635 ιι
3284 5625 3300 5650 ,
3327 5584 3519 5650 quibus
3539 5580 3728 5636 Chris-

2134 5668 2219 5714 tus
2249 5657 2299 5712 in
2326 5657 2495 5727 gloria
2543 5655 2635 5710 Dei
2685 5653 3006 5727 praedicatur
3033 5669 3098 5709 eo
3123 5651 3265 5723 quod
3305 5667 3365 5709 se
3420 5651 3723 5708 humiliavit

2138 5743 2307 5798 usque
2331 5725 2396 5783 ad
2424 5737 2652 5784 mortem
2681 5725 2878 5783 crucis.
