4172 6188
350 175 489 232 1051

1241 172 1778 232 COMMENTARIUS
1810 173 1876 230 IN
1909 159 2347 236 nuru/eun.
2387 181 2541 239 car.
2584 184 2798 242 xxvu.

3509 166 3655 252 1058

353 289 697 345 frondescere
719 329 733 353 ,
765 296 892 343 tunc
917 286 1160 360 proxima
1191 303 1312 344 esse
1337 298 1496 344 aestas
1515 331 1529 355 ,
1576 289 1626 343 id
1671 297 1753 344 est
1774 329 1789 356 ,
1835 288 1951 344 dies
1978 288 2034 353 Α
2056 290 2159 347 alio
2189 304 2487 364 assumpto.
2544 297 2623 353 De
2653 299 2978 357 molentihus
3007 315 3221 372 quoque
3253 316 3346 371 par
3378 302 3515 357 ratio
3543 313 3648 360 est.

347 382 533 453 judicii
564 383 852 437 sentietur.
876 380 1246 436 Frondescere
1285 390 1463 436 autem
1507 381 1735 452 quadam
1767 395 1953 451 pecca-

291 541 296 548 η
351 483 526 531 torum
581 474 965 531 exsultantium
1010 473 1278 529 viriditate
1329 483 1584 529 noscetur
1617 495 1629 529 :
1659 475 1760 529 erit
1808 473 1952 529 enim

2052 384 2220 451 Mola,
2241 403 2376 457 opus
2407 388 2539 458 legis
2567 400 2669 447 est.
2697 391 2804 448 Sed
2835 393 2957 463 quia
2979 409 3104 463 pars
3125 393 3437 450 Iudaeorum
3461 406 3520 450 ut
3547 412 3644 466 per

2054 480 2328 548 apostolos
2357 481 2624 549 credidit,
2675 484 2745 538 ita
2779 499 2876 554 per
2914 485 3084 540 Eliam
3116 494 3200 542 est
3241 486 3548 552 creditura,
3598 495 3653 542 et

355 577 464 622 tum
492 566 593 622 ﬂos
620 567 1036 622 criminosorum
1057 607 1072 632 ,
1106 576 1161 622 et
1190 565 1362 622 honor
1391 566 1812 622 facinorosorum
1838 608 1852 631 .
1900 573 1956 621 et
2049 568 2392 640 justiﬁcanda
2421 587 2516 642 per
2548 573 2708 628 fidem
2732 592 2745 628 :
2799 574 2922 630 ideo
2955 591 3058 630 una
3091 592 3187 646 per
3211 576 3458 632 eamdem
3488 576 3652 632 fidem

353 661 522 731 gratia
552 661 894 730 profanorum
929 701 942 713 .
977 660 1170 730 quibus
1203 669 1380 716 tamen
1407 668 1588 728 testas,
1615 659 1665 714 id
1685 657 1956 728 est,calor

355 754 542 811 aeterni
573 755 711 826 ignis
734 755 787 809 in
815 755 1064 825 proximo
1091 763 1194 809 est.

425 848 479 904 5.
525 847 701 918 Atque
731 856 791 902 ut
815 847 948 903 ﬁdes
980 857 1126 903 certa
1149 858 1297 904 esset
1326 847 1628 904 futurorum
1652 890 1666 915 ,
1697 864 1846 903 amen
1875 847 1954 903 di-

357 938 529 994 cendo
581 938 914 1020 professione
969 939 1247 1008 veritatis,
1304 939 1503 1009 adjecit
1550 941 1955 1010 generationem

359 1042 596 1090 nostram
625 1034 903 1104 praeterire
926 1049 1032 1088 non
1055 1047 1235 1104 posse,
1253 1032 1355 1093 nisi
1379 1033 1625 1089 universa
1649 1033 1752 1088 ista
1782 1044 1958 1088 trans-

360 1134 674 1190 currerent,
718 1123 888 1195 eaque
922 1139 1041 1194 qua:
1106 1124 1256 1179 firma
1303 1125 1708 1189 existimantur,
1761 1125 1958 1180 ctelum

362 1219 616 1274 videlicet
638 1227 692 1274 et
725 1228 942 1279 terram.
965 1233 1071 1272 non
1099 1216 1306 1283 futura;
1339 1219 1504 1273 verba
1527 1228 1705 1273 autem
1727 1233 1822 1273 sua
1849 1234 1956 1273 non

332 1325 527 1381 ,posse
556 1327 661 1367 non
687 1326 806 1366 esse
839 1329 852 1364 :
883 1309 1046 1384 792
1075 1311 1197 1380 quia
1227 1311 1319 1365 illa
1360 1327 1424 1366 ex
1454 1311 1762 1367 conditione
1802 1326 1956 1367 crea-

367 1404 528 1459 tionis
549 1419 682 1471 suae,
709 1403 760 1458 id
789 1413 890 1470 est,
917 1405 1154 1474 profecta
1188 1403 1334 1475 (mss.
1367 1405 1623 1474 perfecta)
1651 1405 1717 1460 de
1750 1405 1919 1459 nihilo
1940 1445 1955 1472 ,

363 1496 599 1551 habeant
629 1497 678 1550 id
703 1496 755 1550 in
783 1511 841 1552 sc
876 1496 1214 1552 necessitatis
1239 1505 1294 1550 ut
1323 1512 1427 1550 non
1457 1497 1557 1551 sint
1581 1513 1596 1561 ;
1636 1497 1751 1552 haec
1778 1508 1957 1552 autem

367 1605 432 1644 ex
454 1589 756 1644 aeternitate
782 1589 1033 1651 deducta,
1068 1589 1116 1644 id
1142 1589 1195 1644 in
1228 1603 1287 1644 se
1318 1589 1629 1645 contineant
1658 1590 1872 1646 virtutis
1900 1601 1958 1646 ut

365 1689 617 1736 maneant
646 1679 807 1750 (Ibid.
838 1681 904 1735 54
929 1693 982 1735 et
1003 1679 1118 1751 35).

436 1770 491 1826 4.
538 1770 687 1827 Finis
731 1782 1017 1842 temporum
1059 1788 1150 1825 cur
1176 1789 1279 1827 non
1307 1773 1570 1842 deﬁnitus.
1611 1799 1684 1815 -—-
1727 1773 1804 1829 De
1854 1772 1960 1827 line

369 1875 546 1921 autem
573 1873 877 1934 temporum
900 1879 1082 1920 curam
1105 1864 1488 1919 sollicitudinis
1511 1875 1710 1920 nostra:
1736 1864 1960 1932 ademit,

371 1955 514 2013 diem
546 1955 698 2010 illum
728 1955 914 2011 dicens
940 1971 1062 2012 esse
1091 1954 1293 2012 nemini
1324 1956 1622 2026 cognitum,
1657 1963 1712 2009 et
1739 1971 1846 2010 non
1870 1971 1962 2010 so-

367 2049 478 2104 lum
505 2049 729 2120 angelis,
757 2049 852 2104 sed
879 2049 1040 2104 etiam
1073 2048 1172 2104 sibi
1205 2049 1511 2118 ignoratum
1557 2046 1723 2120 (Ibid.
1753 2047 1868 2121 56).
1920 2049 1964 2103 0

368 2143 562 2199 divinae
577 2142 1280 2198 bonitatisintestimabilem
1309 2141 1734 2198 misericordiam
1754 2144 1767 2198 ε
1794 2141 1964 2198 Num-

370 2237 496 2308 quid
541 2235 684 2292 Deus
735 2244 888 2304 pater
931 2233 1290 2305 cognitionem
1332 2233 1478 2299 diei,
1527 2233 1738 2289 celandi
1768 2233 1964 2288 Filium

373 2329 672 2399 preposito,
704 2329 1022 2400 abnegavit;
1055 2343 1178 2382 eum
1207 2326 1411 2383 dictum
1439 2326 1506 2382 ab
1533 2343 1598 2384 eo
1628 2328 1698 2383 sit
1733 2349 1746 2382 :
1782 2326 1970 2383 Omnia

372 2421 498 2478 mihi
527 2441 559 2478 a
595 2432 738 2494 patre
767 2439 878 2477 meo
919 2423 1108 2477 tradita
1129 2429 1248 2476 sunt
1275 2419 1294 2492 (
1318 2418 1505 2475 Matth.
1531 2437 1604 2489 XI,
1637 2421 1709 2476 27
1731 2426 1751 2492 )
1775 2423 1794 2476 i
1827 2422 1968 2494 Ergo

373 2535 480 2576 non
525 2519 705 2575 omnia
747 2527 911 2588 sunt,
963 2517 1010 2572 si
1036 2525 1120 2573 est
1148 2514 1347 2587 aliquid
1385 2515 1526 2585 quod
1559 2527 1806 2586 negatur.
1861 2515 1969 2573 Sed

373 2612 496 2685 quia
519 2611 588 2666 ad
610 2626 709 2666 nos
739 2611 916 2667 omnia
947 2627 975 2666 a
1000 2611 1159 2666 Patre
1180 2619 1399 2681 accepta
1422 2609 1734 2676 deveheret,
1765 2608 1971 2680 Deique

375 2706 612 2762 Verbum
643 2722 750 2762 non
779 2715 887 2761 tam
916 2705 1078 2761 futuri
1112 2705 1164 2760 in
1195 2719 1255 2760 se
1283 2705 1443 2760 fidem
1468 2705 1778 2769 contineat,
1809 2718 1970 2773 quam

376 2798 542 2864 facti;
573 2797 695 2855 ideo
721 2806 872 2854 extra
900 2797 1270 2854 deﬁnitionem
1297 2797 1415 2853 dies
1445 2797 1618 2867 posita
1650 2805 1752 2860 est,
1789 2805 1846 2850 ut
1869 2797 1973 2851 lar-

375 2907 502 2962 gum
534 2889 660 2946 licet
689 2890 831 2945 Deus
857 2889 1189 2960 paenitentia:
1221 2889 1377 2944 nobis
1403 2899 1614 2959 tempus
1644 2888 1930 2959 indulgens
1956 2928 1970 2954 ,

380 2984 574 3039 incerti
602 2992 781 3037 tamen
809 2992 957 3037 metu
985 2997 1201 3052 semper
1228 2995 1326 3036 nos
1355 2979 1621 3038 sollicitos
1664 2980 1967 3047 detineret;

382 3091 437 3135 et
465 3078 580 3151 ipse
603 3123 618 3148 ,
656 3078 790 3133 nulli
835 3077 1106 3148 loquendo
1137 3077 1468 3132 voluntatem
1501 3075 1574 3146 (a)
1608 3075 1771 3131 dandi
1809 3074 1970 3143 hujus
2001 3062 2046 3126 C

382 3169 487 3225 diei
508 3211 523 3236 ,
570 3169 714 3224 nulla
741 3167 873 3224 dieti
902 3167 985 3223 sui
1013 3167 1326 3222 deﬁnitione
1357 3167 1635 3223 cohiberet
1666 3208 1680 3232 ,
1733 3167 1856 3237 quia
1887 3181 1968 3221 sc-

381 3264 615 3321 cuudum
644 3262 831 3318 diluvii
873 3271 1084 3331 tempus
1109 3301 1125 3325 ,
1161 3261 1212 3314 in
1246 3259 1364 3330 ipso
1394 3259 1520 3316 vita:
1563 3269 1766 3315 nostra:
1814 3274 1975 3314 cursu

383 3355 566 3412 omnia
597 3354 876 3427 agentibus
907 3353 981 3426 (b)
1007 3369 1071 3409 ac
1101 3353 1452 3424 patientibus,
1483 3368 1710 3423 magnus
1741 3352 1834 3408 ille
1859 3351 1976 3409 dies

383 3447 559 3503 aderit
581 3446 797 3520 (Matth.
831 3461 980 3511 xxiv,
1008 3446 1123 3516 58).

458 3539 511 3594 5.
544 3539 794 3594 Discretio
826 3539 1055 3608 ﬁdelium
1079 3549 1126 3595 et
1149 3539 1453 3610 inﬁdelium.
1477 3536 1784 3594 Iudaeorum
1807 3536 1947 3591 credi
1957 3563 1976 3577 -

389 3639 622 3686 turorum
653 3640 698 3685 et
718 3648 818 3686 non
844 3632 1236 3699 crediturorum,
1262 3631 1622 3688 haereticorum
1643 3641 1690 3684 et
1710 3629 1982 3683 catholico-

387 3743 526 3781 rum.
549 3756 620 3766 —
645 3727 782 3793 Quin
815 3727 974 3783 etiam
1002 3728 1056 3782 in
1081 3726 1423 3781 assumendis
1459 3725 1712 3782 fidelibus
1733 3713 1980 3778 futurum

387 3833 508 3875 esse
532 3818 826 3874 discrimen
855 3817 1132 3884 ostendit,
1181 3833 1302 3872 cum
1335 3817 1544 3873 duobus
1578 3818 1628 3872 in
1671 3831 1802 3888 agro
1834 3817 1980 3886 posi-

389 3912 480 3977 tis,
508 3921 817 3966 assumatur
842 3925 980 3964 unus
1003 3951 1018 3976 ,
1042 3917 1099 3964 et
1119 3908 1258 3964 alius
1287 3909 1658 3980 relinquatur;
1693 3919 1747 3963 et
1773 3907 1984 3963 duabus

389 4003 740 4070 molentibus,
775 4002 1110 4072 improbetur
1133 4001 1325 4067 altera,
1355 4010 1408 4056 et
1431 4001 1600 4056 altera
1623 4001 1882 4071 eligatur;
1930 4009 1986 4054 et

389 4113 458 4152 ex
487 4096 699 4152 duobus
728 4095 819 4164 qui
852 4095 903 4148 in
932 4096 1070 4148 lecto
1097 4103 1253 4149 erunt
1281 4133 1296 4159 ,
1332 4091 1611 4147 adhaereat
1639 4106 1776 4146 unus
1801 4132 1816 4159 ,
1846 4090 1985 4146 alter

391 4190 691 4245 deseratur.
734 4186 1032 4241 Inlidelium
1060 4187 1204 4240 enim
1229 4195 1284 4239 et
1325 4183 1562 4240 ﬁdelium
1605 4183 1898 4238 discrimen
1930 4183 1983 4237 in

324 4326 333 4333 .
392 4281 760 4353 relinquendis
823 4279 945 4337 aliis
1007 4290 1060 4336 et
1107 4279 1229 4335 aliis
1267 4278 1607 4334 assumendis
1653 4277 1833 4335 docet.
1888 4278 1986 4334 Dei

393 4376 538 4442 etaim
569 4375 646 4430 ira
678 4374 1086 4444 ingravescente
1115 4371 1287 4429 sancti
1334 4370 1432 4444 (ut
1474 4369 1737 4441 propheta
1779 4368 1894 4441 ait)
1931 4369 1985 4424 in

2055 661 2182 716 boni
2206 663 2386 733 operis
2398 665 2853 735 apprehendetur,
2876 667 2981 723 alia
2998 684 3126 723 vero
3144 667 3215 740 (ε)
3241 669 3291 723 in
3317 668 3656 725 infructuoso

2057 753 2192 825 legis
2219 770 2385 825 Opere
2411 757 2747 829 relinquetur
2772 802 2786 827 ,
2834 761 3046 817 molens
3078 762 3130 816 in
3159 777 3375 817 cassum
3403 804 3417 830 ,
3466 747 3520 818 et
3548 779 3659 820 non

2057 845 2260 902 factura
2288 849 2527 906 C(elestis
2552 853 2659 907 cibi
2685 868 2900 922 panem.
2928 855 3045 910 Duo
3064 865 3240 910 autem
3262 868 3387 911 sunt
3412 856 3464 912 in
3493 857 3657 925 lecto,

2057 943 2304 1000 eamdem
2339 947 2606 1014 passionis
2643 947 2930 1004 dominica:
2968 951 3206 1019 requiem
3251 950 3650 1019 przedicantes:

2060 1035 2202 1091 circa
2229 1052 2389 1105 quam
2417 1047 2470 1092 et
2514 1038 2888 1094 ha‘reticorum
2939 1048 2993 1094 ct
3032 1039 3418 1096 catholicorum
3465 1041 3655 1098 eadem

2061 1136 2223 1198 atque
2253 1144 2357 1184 una
2384 1130 2655 1186 confessio
2681 1140 2784 1186 est.
2819 1131 2925 1186 Sed
2955 1133 3078 1201 quia
3110 1133 3368 1188 unitatem
3407 1133 3583 1188 Patris
3606 1142 3663 1190 et

2061 1220 2205 1285 Filii,
2240 1223 2318 1294 (τι)
2346 1232 2399 1277 et
2422 1238 2765 1279 communem
2791 1239 2980 1278 eorum
3008 1224 3326 1291 theotetam,
3361 1241 3520 1296 quam
3545 1225 3662 1281 dei-

2065 1322 2229 1368 tatem
2259 1330 2654 1385 nuncupamus,
2683 1315 3075 1392 catholicorum
3099 1316 3298 1371 veritas
3321 1316 3657 1386 praedicabit,

2063 1413 2118 1458 et
2137 1404 2384 1460 eamdem
2406 1421 2618 1461 rursum
2640 1407 2882 1476 plurimis
2917 1407 3260 1463 contumeliis
3281 1408 3660 1465 haereticorum

2064 1495 2269 1552 falsitas
2295 1499 2628 1569 impugnabit
2653 1515 2668 1564 ;
2701 1499 2902 1554 idcirco
2929 1515 2994 1554 ex
3024 1500 3234 1556 duobus
3266 1501 3320 1556 in
3352 1501 3495 1556 lecto
3519 1502 3660 1557 alius

2065 1589 2420 1660 relinquetur,
2453 1603 2508 1646 et
2532 1591 2668 1645 alios
2692 1605 3043 1647 assumetnr:
3078 1593 3199 1664 quia
3242 1593 3403 1650 (idem
3444 1593 3662 1650 confes-

1989 1676 2037 1736 B
2065 1683 2234 1737 sionis
2277 1683 2560 1752 utriusque
2603 1682 2657 1739 in
2709 1700 2817 1738 uno
2859 1685 3228 1754 assumenda,
3274 1687 3463 1742 etalio
3492 1688 3663 1743 relin-

2066 1775 2303 1843 quendo,
2330 1773 2499 1829 divini
2541 1774 2750 1829 arbitrii
2773 1775 3033 1844 judicium
3062 1778 3457 1847 comprobabit.

2137 1865 2298 1939 793
2348 1865 2400 1920 6.
2443 1864 2745 1936 Vigilantite
2785 1867 3072 1921 necessitas.
3103 1898 3175 1908 -—
3201 1869 3377 1940 Atque
3418 1877 3477 1924 ut
3515 1869 3667 1940 igno-

2067 1961 2298 2014 rantiam
2350 1959 2496 2014 illam
2545 1959 2653 2012 diei
2696 1959 2947 2014 omnibus
2992 1960 3179 2025 taciti,
3232 1976 3338 2015 non
3369 1960 3488 2016 sine
3519 1961 3668 2016 utilis

2068 2049 2274 2104 silentii
2306 2049 2516 2104 ratione
2542 2064 2662 2104 esse
2701 2050 2998 2117 sciremus;
3051 2051 3271 2121 vigilare
3301 2068 3400 2108 nos
3442 2064 3666 2124 propter

2067 2140 2354 2195 adventum
2393 2139 2526 2194 furis
2555 2141 2874 2208 admonuit,
2921 2151 2975 2195 et
3013 2141 3317 2197 orationum
3348 2142 3667 2199 assiduitate

2069 2233 2320 2290 detentos
2342 2233 2590 2289 onmibus
2621 2243 3015 2302 przeceptorum
3043 2249 3260 2288 suorum
3290 2235 3548 2304 operibus
3581 2235 3669 2289 in-

2071 2327 2278 2382 haerere
2307 2325 2326 2399 (
2349 2325 2538 2380 Matth.
2569 2341 2721 2392 xxw,
2753 2325 2880 2397 45).
2932 2325 3128 2381 Furem
3158 2328 3304 2382 enim
3331 2341 3451 2382 esse
3481 2337 3668 2382 osten-

2074 2417 2152 2476 dit
2177 2419 2450 2476 diabolum
2470 2461 2486 2487 ,
2538 2420 2606 2475 ad
2637 2419 2968 2476 detrahenda
2996 2436 3060 2474 es
3090 2421 3246 2476 nobis
3276 2420 3449 2492 spolia
3493 2420 3672 2491 pervi-

2071 2511 2258 2582 gilem,
2290 2520 2342 2567 et
2371 2526 2662 2582 corporum
2694 2522 2998 2569 nostrorum
3027 2513 3279 2570 domibus
3324 2515 3669 2571 insidiantem

2073 2613 2132 2659 ut
2158 2620 2244 2671 ea,
2274 2605 2562 2662 incuriosis
2595 2607 2751 2662 nobis
2775 2616 2828 2662 et
2851 2622 3042 2662 somno
3069 2607 3284 2672 deditis,
3313 2608 3664 2663 consiliorum

2074 2716 2296 2758 suorum
2329 2713 2490 2774 atque
2524 2703 2901 2760 illecebrarum
2943 2704 3132 2774 jaculis
3165 2703 3452 2773 perfodiat.
3505 2703 3674 2760 Para-

2078 2805 2162 2852 tos
2188 2796 2351 2868 igitur
2385 2813 2508 2854 esse
2534 2812 2632 2852 nos
2659 2796 2949 2853 convenit:
2996 2799 3119 2868 quia
3150 2796 3259 2853 diei
3289 2798 3555 2869 ignoratio
3588 2799 3672 2854 in-

2080 2898 2283 2944 tentam
2313 2889 2733 2946 sollicitudinem
2770 2904 3048 2960 suspensa:
3078 2890 3498 2960 exspectationis
3541 2904 3674 2948 exa-

2077 2981 2230 3053 gitet.

2625 3104 2853 3164 CAPUT
2893 3103 3106 3164 XXVII.

2077 3242 2157 3298 De
2183 3261 2326 3300 servo
2354 3246 2496 3316 ﬁdeli
2522 3263 2669 3315 quem
2695 3246 2960 3302 constituit
2979 3247 3220 3301 dominus
3243 3260 3394 3316 super
3423 3243 3678 3316 familiam

2149 3352 2298 3391 suam
2318 3379 2332 3404 ,
2381 3337 2444 3391 de
2479 3337 2653 3392 decem
2693 3337 2974 3411 virginibus
2995 3381 3009 3402 ,
3038 3338 3102 3392 de
3135 3337 3340 3391 homine
3370 3336 3424 3389 in
3465 3351 3678 3408 peregre

2152 3433 2379 3500 profecto
2399 3471 2414 3498 ,
2455 3431 2544 3500 qui
2573 3430 2786 3482 tradidit
2816 3428 3153 3482 substantiam
3180 3443 3324 3481 suam
3361 3427 3519 3482 servis
3545 3427 3675 3481 suis.

2157 3545 2207 3596 l.
2242 3542 2546 3613 Prwpositis
2575 3542 2859 3612 praesertim
2890 3541 3221 3613 vigilandum.
3262 3540 3537 3612 Prtepositi
3558 3540 3680 3596 dili-

2081 3633 2248 3706 gentis
2279 3650 2407 3703 opus
2445 3649 2505 3686 ac
2533 3650 2741 3687 merces.
2770 3661 2841 3672 —
2874 3632 3001 3700 Quis
3035 3649 3245 3702 namque
3267 3643 3342 3686 est
3371 3631 3542 3703 ﬁdelis
3575 3649 3682 3687 scr-

2082 3743 2174 3781 vus
2199 3734 2246 3780 et
2278 3725 2502 3796 prudens
2531 3767 2546 3791 ,
2588 3741 2735 3795 quem
2760 3725 3021 3780 constituit
3049 3723 3302 3778 Dominus
3343 3740 3493 3796 super
3529 3723 3684 3795 fami-

2085 3817 2209 3871 liam
2246 3817 2429 3872 suam?
2452 3826 2558 3872 etc.
2605 3815 2835 3889 (Matth.
2873 3831 3027 3882 xnv,
3059 3814 3189 3887 45).
3245 3815 3577 3887 Quamquam
3627 3815 3684 3872 in

2085 3925 2373 3965 commune
2424 3925 2523 3964 nos
2567 3909 2633 3964 ad
2685 3907 3009 3966 indefessam
3059 3909 3347 3978 vigilantim
3376 3924 3559 3963 curam
3589 3908 3685 3964 ad-

2086 4003 2364 4069 hortetur;
2415 4002 2704 4074 specialem
2747 4014 2923 4057 tamen
2974 4002 3155 4071 p0puli
3209 4001 3579 4072 principibus,
3629 4000 3684 4057 id

2087 4107 2209 4164 est,
2257 4098 2564 4167 episcopis,
2623 4097 2673 4151 in
2721 4097 3123 4167 exspectatione
3184 4095 3525 4165 adventuque
3583 4109 3684 4150 suo

2088 4190 2511 4246 sollicitudinem
2555 4189 2793 4244 mandat.
2846 4188 2998 4243 Hunc
3045 4189 3189 4244 enim
3219 4203 3438 4244 servum
3471 4186 3687 4243 ﬁdelem

2089 4290 2251 4352 atque
2297 4281 2614 4352 prudentem
2643 4323 2657 4350 ,
2721 4281 3064 4350 praepositum
3109 4279 3330 4336 familia:
3379 4279 3686 4351 signiﬁcat,

2091 4362 2373 4429 commoda
2396 4383 2556 4443 atque
2576 4373 2836 4427 utilitates
2857 4373 3135 4428 commissi
3159 4372 3258 4427 sibi
3283 4371 3467 4442 populi
3493 4387 3688 4427 curan-

395 4467 780 4541 prompluariis
819 4465 1212 4531 τεεοηάθυιυνς
1263 4462 1451 4534 Perﬁdl
1479 4478 1608 4520 νθΐο
1633 4463 1699 4516 ad
1748 4460 1990 4518 C(BICSliS
2012 4455 2068 4516 D
2096 4477 2224 4522 tem.
2255 4467 2354 4535 Qui
2384 4467 2429 4523 si
2455 4466 2603 4522 dicto
2633 4465 2859 4521 audiens
2885 4477 2937 4520 et
2961 4465 3247 4537 prmceptis
3278 4464 3537 4520 obediens
3563 4465 3693 4532 erit,

323 4598 328 4602 η
395 4563 535 4634 ignis
563 4563 841 4618 materiem
884 4560 1257 4630 relinquentur
1297 4557 1516 4632 (Matth.
1549 4575 1642 4627 ιιι,
1673 4557 1790 4630 12).
1843 4558 1989 4613 Duos

398 4657 559 4727 igitur
588 4656 640 4710 in
668 4669 816 4726 agro,
849 4653 984 4709 duos
1011 4653 1272 4724 populos,
1316 4650 1555 4706 fidelium
1585 4660 1638 4708 et
1664 4650 1988 4715 inﬁdelium.

397 4751 450 4805 in
484 4749 686 4804 saeculo
713 4756 983 4817 tamquam
1012 4746 1066 4801 in
1102 4746 1222 4800 vitae
1254 4744 1412 4815 hujus
1437 4759 1601 4814 opere
1628 4744 1746 4800 dies
1778 4744 1991 4800 Domini

394 4842 802 4913 deprehendet;
846 4840 1243 4911 separabantur
1273 4846 1452 4892 tamen
1481 4879 1494 4904 ,
1530 4837 1722 4893 relicto
1750 4835 1859 4892 alio
1887 4877 1901 4904 ,
1939 4845 1994 4892 et

475 5007 554 5081 (a)
581 5005 812 5081 Verbum
868 5001 1027 5057 dandi
1080 4998 1420 5081 desideratur
1455 4997 1507 5052 in
1561 5011 1664 5081 ms.
1696 4995 1975 5081 Beccensi.

403 5069 790 5136 Vult'llilarius
821 5083 1065 5145 tempus,
1095 5086 1205 5145 quo
1241 5071 1382 5125 Deus
1408 5069 1714 5145 hunc__dietn
1740 5069 1983 5145 decrevit

402 5153 526 5209 ideo
550 5167 579 5204 a
609 5147 827 5205 Christo
859 5139 963 5201 non
992 5139 1350 5207 declaratum,
1382 5149 1438 5194 ut
1470 5139 1668 5193 nullius
1709 5141 1981 5209 poeniten-

405 5227 532 5280 tiam
588 5219 886 5276 cohiberet.
911 5216 1171 5285 Quocirca
1221 5210 1704 5285 interpunctionem
1761 5212 1987 5285 mutavi:

405 5310 528 5351 ntus
548 5334 562 5359 ,
596 5306 697 5358 qua
726 5289 778 5344 in
800 5281 954 5358 prius
971 5286 1200 5359 vulgatis
1245 5284 1409 5359 verba
1437 5281 1798 5359 ,_volun.tatem
1827 5281 1987 5359 dandi

409 5353 566 5438 hujus
588 5353 722 5438 die_i_,
754 5353 858 5438 non
881 5359 948 5414 ad
972 5353 1259 5438 loquendo.
1291 5355 1386 5438 sed
1415 5354 1480 5407 ad
1512 5353 1765 5438 cohiberet
1785 5355 1991 5438 refere-

411 5424 625 5492 haittur.
662 5424 816 5488 Huttc
846 5432 1020 5485 locum
1039 5424 1213 5482 fusius
1251 5436 1412 5496 atque
1458 5426 1699 5493 apertius
1750 5424 1989 5494 explica-

411 5519 522 5564 tum
545 5505 742 5560 videsis
765 5502 854 5557 lib.
882 5517 934 5555 ιιι
965 5500 1030 5554 de
1056 5499 1248 5553 Trinit.
1275 5515 1327 5551 ιι.
1359 5497 1450 5556 57.
1483 5506 1588 5550 etc.

509 5577 561 5648 b)
589 5576 728 5648 Editi
751 5585 800 5628 et
833 5573 1039 5648 aliquot
1068 5585 1195 5624 mss.
1227 5587 1288 5648 ac
1316 5567 1692 5648 paenitentibus.
1712 5565 1983 5648 Atliom"

484 5580 561 5705 (b)
589 5580 728 5630 Editi
751 5585 800 5628 et
833 5580 1039 5641 aliquot
1068 5585 1195 5624 mss.
1227 5587 1288 5622 ac
1316 5580 1692 5638 paenitentibus.
1712 5580 1780 5622 At
1803 5580 1983 5628 tiom.,

409 5652 486 5708 Co
512 5650 590 5716 b.,
615 5638 777 5704 Cara.
808 5655 860 5703 et
892 5644 1036 5711 Vat.,
1067 5657 1127 5697 ac
1153 5640 1481 5712 patientibus.
1534 5638 1689 5711 Apud
1738 5639 1987 5695 l‘lincma-

2097 4559 2151 4616 id
2191 4568 2275 4618 est
2298 4602 2314 4627 .
2347 4561 2392 4615 si
2423 4559 2681 4615 doctrinae
2708 4558 3110 4629 opportunitate
3136 4557 3454 4627 etgveritate
3481 4557 3692 4612 infirma

2098 4653 2401 4720 confirmet,
2434 4652 2676 4722 disrupta
2708 4651 3033 4717 consolidet,
3063 4650 3354 4720 depravata
3383 4659 3686 4718 convertat,

2100 4753 2153 4800 et
2182 4745 2407 4800 verbum
2435 4746 2558 4799 vitae
2587 4745 2638 4800 in
2668 4744 2989 4798 aeternitatis
3013 4743 3194 4798 cibum
3229 4743 3438 4799 alenda:
3471 4743 3693 4800 familia:

2100 4835 2411 4908 dispendat,
2446 4851 2608 4908 atque
2638 4835 2756 4891 haec
2784 4851 2946 4906 agens
2964 4834 3155 4905 hisque
3183 4835 3478 4893 immorans
3498 4835 3702 4908 depre-.

2085 5015 2204 5055 rum
2222 5000 2314 5056 lib.
2339 5000 2406 5056 de
2433 4999 2694 5074 Prmdest.
2719 5014 2770 5054 c.
2803 4997 2890 5067 19,
2921 4997 3012 5054 ubi
3039 4997 3155 5056 haec
3175 5008 3229 5057 et
3248 5003 3530 5074 sequentia
3548 5003 3694 5063 iuse-

2090 5081 2302 5138 runtur,
2331 5088 2391 5126 ac
2421 5072 2748 5142 facientibus.

2168 5183 2240 5257 (c)
2265 5183 2614 5240 Carnutensis
2641 5183 2812 5240 codex
2846 5197 2969 5238 cum
3007 5183 3160 5241 Coll).
3207 5184 3315 5240 alia
3357 5203 3474 5242 vero
3501 5189 3697 5261 infruc-

2097 5266 2265 5311 ιιιοδα.

2171 5349 2250 5419 (d)
2281 5349 2405 5406 Par.
2434 5366 2554 5405 cum
2589 5349 2796 5418 aliquot
2826 5365 2959 5405 mss.
3011 5361 3058 5405 et
3107 5353 3517 5407 communionem
3563 5369 3581 5406 .'
3633 5366 3699 5410 ac

2099 5422 2294 5476 deinde
2316 5421 2521 5490 absque
2538 5421 2858 5476 auctoritate
2877 5464 2891 5488 ,
2914 5438 3093 5477 eorum
3121 5420 3392 5478 theotetem
3422 5439 3442 5476 :
3469 5424 3557 5477 ubi
3586 5423 3699 5479 Sir-

2098 5493 2329 5564 mondus
2352 5492 2491 5562 apud
2515 5491 2860 5546 Hincmarum
2889 5494 2956 5547 de
3005 5493 3262 5548 l’raedest.
3292 5509 3351 5564 c.
3383 5494 3472 5555 19.
3520 5494 3701 5564 posuit

2098 5563 2394 5628 tlieoteiam,
2425 5579 2545 5632 quae.
2575 5578 2676 5618 vox
2701 5579 2876 5634 neque
2904 5579 3103 5634 graeca,
3133 5579 3308 5634 neque
3343 5563 3535 5621 latina.
3564 5565 3699 5626 Vide

2094 5652 2214 5708 qua:
2244 5634 2458 5705 ad-cap.
2492 5635 2578 5702 16,
2608 5651 2663 5690 ιι.
2688 5635 2742 5704 4,
2769 5636 3053 5694 observata
3082 5646 3225 5692 sunt.
