4172 6188
504 144 644 213 I059

1716 130 1969 193 SANCTI
2003 118 2262 199 lllLABli
2296 116 2607 189 EPlSCOPl

3660 128 3728 186 ιο
3738 130 3803 190 "0

500 266 803 331 hendatur;
847 260 1075 334 gloriam
1122 270 1152 314 a
1184 254 1414 313 Domino
1442 261 1710 324 tamquam
1752 250 2096 321 disiiensntor
2123 248 2177 313 Δ
2198 244 2379 301 carnis
2391 251 2719 301 excesserat.
2749 243 2932 301 Primo
2955 252 3138 302 autem
3158 255 3468 316 progressu,
3493 241 3615 299 vitae
3639 242 3803 314 hujus

503 360 679 416 ﬁdelis
708 364 764 412 et
790 355 1003 411 villicus
1027 350 1172 413 utilis
1197 357 1558 416 consequetur
1583 387 1599 414 ,
1644 353 1700 405 et
1728 359 1891 414 super
1915 341 2097 397 omnia

505 450 644 506 bona
671 448 1047 510 constituetur,
1084 442 1134 498 id
1165 449 1271 505 est,
1301 438 1353 495 in
1381 438 1477 494 Dei
1507 433 1677 508 gloria
1708 432 2096 502 collocabitur,

459 588 469 595 ,
513 543 587 613 (a)
614 540 737 611 quia
768 537 900 593 nihil
929 537 1000 592 sit
1024 535 1162 590 ultra
1188 531 1338 609 ~quod
1364 531 1559 587 melius
1582 528 1654 585 sit
1674 527 1747 603 (ᾗ
1769 525 1884 599 47).
2009 585 2015 591 ,

575 634 631 689 ‘2.
687 628 1031 705 Negligentis‘
1058 626 1183 682 uitia
1220 642 1282 679 ac
1328 621 1572 701 uindicta.
1612 650 1687 662 —
1712 619 1865 691 Quod
1895 616 1941 675 si
1970 631 2101 673 con~

507 735 666 783 tuens
716 725 933 793 longam
982 720 1076 777 Dei
1126 717 1485 789 patientiam,
1530 731 1651 786 quae
1692 713 1747 770 itt
1796 709 2099 782 profectum

507 820 758 876 humanm
788 796 991 871 salutis~
1006 811 1344 879 extenditur;
1379 808 1665 867 adversum
1696 820 1992 867 conServos
2017 801 2101 859 in-

507 912 762 975 solescet,
792 907 1047 964 etsaeculi
1079 903 1236 961 malis
1266 901 1517 973 vitiisque
1545 898 1824 965 setrudet,
1856 910 2099 970 praesen-

513 1006 651 1061 tium
691 1013 896 1058 tantum
925 1014 1109 1056 curam
1154 998 1209 1054 in
1250 997 1398 1054 cultu
1427 995 1629 1053 ventris
1654 1007 1913 1053 exercens
1939 1008 1952 1045 :
1976 989 2103 1049 des-

519 1107 703 1170 perata
732 1094 808 1169 (ὁ)
844 1093 933 1150 die
971 1093 1229 1151 Dominus
1270 1089 1560 1158 adveniet,
1600 1101 1832 1159 eumque
1878 1100 1910 1143 a
1950 1082 2104 1141 bonis

510 1204 631 1262 quae
656 1188 1023 1260 speponderat
1070 1184 1315 1251 dividet,
1371 1183 1780 1253 portionemque
1824 1179 1942 1252 ejus
1979 1192 2101 1236 cum

511 1281 807 1355 bypocritis
837 1282 887 1337 iu
917 1296 1092 1351 ptume
1113 1280 1415 1336 aeternitate
1453 1276 1787 1343 constituet,
1837 1272 1963 1345 quia
2004 1270 2105 1328 ad-

515 1387 738 1429 ventum
769 1374 1159 1444 desperaverit,
1185 1373 1310 1442 quia
1341 1369 1606 1426 mandatis
1635 1382 1745 1425 non
1762 1367 2105 1436 obtempera-

517 1467 679 1531 verit,
709 1467 836 1537 quia
866 1462 1222 1534 praesentibus
1248 1462 1554 1520 studuerit.
1583 1459 1706 1531 quia
1740 1459 1844 1513 vita
1863 1456 2104 1528 gentium

517 1557 757 1623 vixerit,
804 1555 930 1624 quia
974 1555 1357 1626 desperatione
1400 1553 1585 1624 iudicii
1630 1552 1972 1607 commissam
2000 1548 2104 1605 sibi

2202 337 2417 405 ciliciis,
2448 352 2738 395 occurrere
2765 337 2816 395 in
2845 340 3299 396 resurrectionem
3329 354 3449 409 qua:
3479 347 3565 394 est
3592 353 3620 392 a
3651 354 3808 394 mor-

2205 430 2310 487 tuis
2338 445 2727 501 prteparamnr.
2756 426 3060 500 Lampades
3087 429 3273 501 igitur,
3295 433 3594 486 animarum
3621 430 3803 501 splen-

2203 521 2444 581 dentium
2470 524 2655 582 lumen
2678 533 2780 589 est,
2815 540 2933 596 qua:
2962 533 3306 581 sacramento
3340 524 3591 595 baptismi
3621 523 3809 596 splen-

2202 613 2456 674 deerunt.
2507 615 2719 683 Oleum.
2755 617 2879 676 boni
2907 619 3088 687 aperis
3118 628 3202 675 est
3233 617 3457 674 fructus.
3492 615 3667 685 Vasa,
3697 616 3805 671 hu-

2207 725 2363 765 mana
2393 718 2519 765 sunt
2548 726 2800 782 corpora,
2835 712 2977 765 intra
3003 726 3234 782 quorum
3261 712 3468 767 viscera
3511 710 3805 767 thesaurus

2206 805 2736 873 honreconscientiae
2764 804 3140 862 recondendus
3180 813 3277 861 est.
3324 792 3636 861 Vendentes
3674 812 3807 863 sunt

2207 898 2287 967 hi,
2316 899 2405 970 qui
2433 897 2805 957 misericordia
2835 896 3075 955 ﬁdelium
3104 897 3408 969 indigentes
3429 936 3448 965 ,
3480 896 3716 953 reddunt
3735 912 3807 957 ex

2206 1008 2269 1053 se
2297 995 2461 1064 petita
2490 993 2814 1051 commercia
2834 1035 2851 1062 ,
2903 992 3214 1061 indigentia:
3250 1007 3361 1049 sua:
3402 988 3614 1049 scilicet
3642 990 3810 1047 satie-

2208 1092 2318 1143 tate
2343 1126 2361 1154 ,
2386 1085 2516 1143 boui
2543 1086 2725 1158 operis
2755 1085 2927 1142 nostri
2959 1085 3349 1141 conscientiam
3379 1082 3459 1158 (Δ)
3489 1093 3808 1140 veneuntes.

2209 1172 2338 1237 nec
2379 1180 2525 1237 enim
2569 1178 2829 1237 indefessi
2875 1178 3097 1235 luminis
3138 1181 3358 1251 copiosa
3405 1176 3660 1233 materies
3683 1184 3805 1244 est,

2208 1287 2329 1343 quae
2359 1272 2749 1329 misericordiae
2785 1272 3051 1329 fructibus
3087 1281 3143 1327 et
3166 1269 3394 1328 emenda
3417 1280 3499 1327 est
3530 1276 3587 1325 et
3609 1284 3805 1325 recon-

2209 1361 2405 1421 denda.
2430 1362 2659 1433 Nuptiis,
2687 1360 3110 1419 immortalitatis
3130 1361 3431 1433 assumptio
3453 1372 3560 1430 est,
3583 1371 3638 1417 et
3660 1362 3806 1416 inter

2210 1458 2612 1526 corruptionem
2657 1468 2819 1526 atque
2864 1454 3328 1526 incorruptionem
3359 1470 3426 1509 ex
3455 1468 3600 1508 nova
3626 1452 3807 1508 socie-

2211 1558 2321 1607 tate
2347 1550 2679 1621 conjunctio.
2714 1549 2859 1605 Mora
2886 1547 3095 1618 sponsi,
3121 1546 3451 1617 paenitentiae
3474 1558 3683 1617 tempus
3697 1556 3807 1601 est.

508 1648 766 1706 familiam
796 1648 956 1708 fame.
987 1649 1096 1712 siti,
1124 1647 1274 1703 caede
1299 1644 1571 1702 vexaverit
1613 1641 1781 1717 (Ibid.
1807 1638 2069 1714 48-51).
2137 1647 2185 1713 Β
2215 1644 2651 1712 Exspectandum
2681 1657 2932 1707 somnus,
2965 1640 3303 1697 credentium
3333 1639 3485 1710 quies
3513 1651 3595 1694 est
3619 1680 3633 1704 ,
3661 1647 3717 1694 et
3749 1637 3809 1693 in

585 1741 753 1816 794.
779 1742 831 1799 3.
862 1739 969 1798 Cur
991 1741 1197 1813 Moyses
1218 1739 1526 1813 Decatogtnn
1543 1737 1740 1793 duabus
1751 1736 1939 1792 tabulis
1955 1751 2103 1790 acce-

509 1837 607 1907 pit.
635 1864 707 1879 -—
736 1834 878 1890 Tunc
898 1833 1204 1890 similabitur
1237 1848 1449 1906 regnum
1477 1831 1722 1887 celarunt
1752 1828 1922 1884 decem
1944 1827 2104 1899 virgi-

510 1931 679 1998 nibus,
707 1939 760 1985 et
791 1930 996 1998 reliqua
1029 1924 1245 1997 (Matth.
1280 1940 1410 1991 xxv,
1441 1923 1520 1994 1).
1552 1923 1633 1979 Ex
1669 1923 1827 1979 dictis
1856 1922 2105 1992 superioo

508 2021 661 2078 ribus
709 2022 848 2076 ratio
902 2034 1118 2090 quoque
1168 2018 1327 2088 hujus
1355 2015 1622 2077 sermonis
1650 2013 1874 2084 intelligi
1903 2021 2101 2084 potest.

511 2114 588 2170 De
616 2112 705 2169 die
731 2113 876 2168 enim
910 2125 1105 2182 magno
1135 2108 1347 2166 Domini
1372 2107 1549 2164 omnis
1595 2115 1681 2161 est
1723 2119 1906 2161 sermo
1930 2143 1946 2169 ,
1995 2117 2105 2171 quo

508 2206 721 2262 occulta
754 2208 1110 2259 humanarum
1152 2202 1539 2272 cogitationum
1567 2197 1732 2255 divini
1754 2195 1950 2268 iudicii
1976 2212 2105 2267 cog—

508 2300 716 2355 nitione
744 2298 1041 2369 prodentur
1062 2336 1079 2365 ,
1130 2305 1187 2353 et
1226 2311 1354 2353 vera
1380 2295 1679 2365 exspectati
1710 2293 1804 2351 Dei
1834 2290 1967 2347 ﬁdes
1996 2304 2105 2346 non

505 2393 774 2464 ambiguae
800 2391 915 2461 spei
946 2389 1196 2446 meritum
1226 2399 1608 2460 consequetur.
1665 2385 1930 2443 Absoluta
1957 2385 2102 2441 enim

506 2486 563 2541 in
590 2488 828 2557 quinque
858 2482 1211 2553 prudentibus
1229 2494 1284 2538 et
1310 2483 1363 2538 in
1386 2481 1621 2553 quinque
1646 2479 1829 2547 fatuis,
1862 2477 2104 2537 ﬁdelium

505 2578 986 2651 atqueinlidelium
1016 2585 1099 2632 est
1128 2577 1426 2633 constituta
1449 2574 1680 2631 divisio:
1711 2589 1817 2644 quo
1845 2570 2104 2642 exemplo

505 2671 717 2744 Moyses
744 2670 937 2727 decem
966 2670 1128 2726 verba
1156 2668 1364 2726 duabus
1390 2667 1588 2724 tabulis
1612 2664 1919 2734 conscripta
1945 2678 2104 2721 acce-

507 2773 680 2836 perat.
714 2763 949 2821 Necesse
974 2758 1120 2818 enim
1149 2768 1290 2830 erat,
1322 2761 1503 2817 omnia
1531 2773 1596 2817 ea
1622 2758 1677 2813 in
1708 2766 1934 2829 utraque
1972 2770 2105 2812 con-

505 2857 670 2913 scribi
695 2873 708 2912 :
734 2866 795 2912 et‘
810 2855 1007 2926 duplex
1036 2855 1251 2925 pagina,
1286 2854 1425 2909 inter
1450 2852 1837 2924 proprietatem
1864 2849 2102 2905 dextera:

504 2963 570 3004 ac
596 2949 853 3011 sinistrae,
885 2945 1210 3003 divisionem
1241 2946 1340 3001 sub
1368 2960 1475 3001 uno
1501 2945 1628 3001 licet
1659 2950 1982 3000 testamento
2006 2943 2102 2999 bo—

503 3056 692 3097 norum
724 3039 1097 3109 malorumque
1124 3039 1392 3109 signabat.

573 3135 628 3189 4.
664 3133 938 3187 Parabolas
963 3132 1217 3206 virginum
1250 3132 1413 3186 brevis
1440 3139 1489 3185 et
1520 3139 1670 3185 acuta
1707 3128 1975 3201 expositio.
2026 3158 2100 3169 —

496 3223 746 3294 Sponsus
766 3230 929 3293 atque
949 3236 1168 3292 sponsa,
1201 3222 1464 3277 Dominus
1484 3232 1666 3277 noster
1686 3229 1771 3278 est
1790 3223 1844 3276 in
1866 3236 2101 3292 corpore

496 3315 666 3372 Deus.
726 3313 861 3371 Nam
890 3323 951 3370 ut
979 3312 1213 3384 Spiritus
1234 3313 1384 3369 carni
1410 3312 1622 3385 (mpple
1642 3353 1660 3379 ,
1691 3314 1983 3383 sponsus).
2023 3313 2097 3369 ita

492 3406 720 3479 Spiritui
746 3421 878 3462 caro
915 3421 1115 3477 sponsa
1156 3415 1261 3462 est.
1320 3404 1561 3476 Denique
1604 3406 1732 3486 tuba
1782 3404 2055 3460 excitante
2081 3446 2097 3474 ,

494 3516 700 3575 sponso
742 3510 948 3558 tantum
973 3500 1189 3556 obviam
1223 3496 1294 3570 (ε)
1332 3498 1605 3570 proditur;
1633 3507 1790 3555 erant
1817 3497 1961 3557 enim
1988 3498 2099 3569 jam

497 3596 661 3652 ambo
707 3610 908 3662 unum;
960 3593 1087 3666 quia
1127 3584 1181 3649 in
1231 3591 1460 3665 gloriam
1491 3589 1786 3663 spiritalem
1820 3590 2099 3649 humilitas

666 3730 859 3789 Plures
882 3732 1012 3787 mss.
1040 3748 1176 3802 qua,
1198 3745 1308 3787 non
1356 3730 1510 3802 quia,
1578 3729 1721 3785 haud
1774 3731 1934 3787 male.
1986 3730 2085 3788 Hie

322 3790 325 3791 ν
559 3730 639 3859 δῖ)
666 3730 859 3789 Plures
882 3732 1012 3787 mss.
1040 3748 1141 3802 qua
1162 3772 1176 3793 ,
1198 3745 1308 3787 non
1356 3730 1475 3802 quia
1494 3773 1510 3799 ,
1578 3730 1721 3785 haud
1774 3731 1934 3787 male.
1986 3730 2085 3788 Hie

414 3820 417 3821 '
491 3821 556 3861 re
634 3806 740 3858 itur
763 3804 904 3859 ratio
930 3818 1028 3874 cur
1057 3805 1108 3857 in
1137 3803 1308 3874 gloria
1336 3802 1636 3874 collocatus
1684 3814 1850 3872 super
1900 3804 2086 3858 omnis

494 3877 638 3932 bona
660 3870 993 3932 constitutus
1016 3870 1245 3938 dicaiur,
1276 3874 1399 3946 quia
1421 3873 1674 3929 nimirum
1706 3870 1770 3929 ea
1794 3874 1970 3946 gloria
1993 3876 2092 3932 bo-

485 3963 623 4017 num,
644 3961 805 4003 omne
827 3954 1066 4017 superet,
1086 3960 1255 4017 eaque
1272 3944 1401 4000 nihil
1424 3946 1612 4017 melius
1640 3946 1727 4017 sit.

558 4016 636 4092 (ὁ)
676 4018 736 4092 lu
771 4015 978 4092 aliquot
1006 4031 1140 4072 mss.
1169 4015 1442 4092 desperata
1471 4016 1594 4092 dies
1640 4015 1877 4081 Bontim',
1914 4017 2093 4092 minus

481 4087 646 4146 bene.
676 4090 847 4145 Porro
867 4087 1144 4158 desperata
1169 4130 1184 4152 ,
1216 4088 1270 4141 id
1295 4096 1378 4142 est
1397 4127 1414 4154 ,
1471 4087 1743 4156 imperata
1766 4127 1782 4155 ,
1799 4102 1901 4143 seu
1934 4088 2084 4145 ines-

483 4171 728 4231 Spectata
760 4170 922 4230 atque
953 4159 1264 4223 improvisa.

556 4232 631 4304 (c)
661 4231 717 4286 In
749 4218 954 4300 aliquot
981 4218 1110 4304 mss.
1147 4230 1439 4300 proceditur
1470 4244 1490 4304 ί
1516 4229 1708 4304 eodem
1732 4245 1917 4304 sensu.
1946 4218 2084 4288 Tum

481 4302 537 4358 in
569 4301 785 4358 esensis
807 4344 819 4361 .
850 4311 998 4356 erunt
1024 4301 1162 4354 enim
1184 4317 1203 4355 :
1236 4310 1433 4369 praeter
1463 4301 1620 4355 ﬁdem
1663 4302 1903 4356 omninm
1947 4308 2080 4356 mss.

482 4383 645 4443 atque
678 4373 861 4428 Hilarii
908 4371 1228 4427 sententiam
1248 4412 1262 4438 ,
1292 4387 1395 4443 qua
1443 4372 1558 4426 vult
1578 4386 1786 4443 sponso
1828 4380 2037 4443 tam
2066 4412 2081 4438 ,

2210 1735 2544 1807 ptenitentitn
2576 1745 2823 1805 tempore
2851 1747 2999 1789 mors
3036 1733 3363 1802 temporaria
3404 1731 3808 1787 universorum.

2208 1829 2381 1887 Nocte
2422 1829 2594 1885 media
2626 1828 2833 1884 clamor
2854 1867 2869 1893 ,
2897 1827 3108 1883 cunctis
3130 1825 3503 1897 ignorantibus
3533 1826 3675 1880 tubae
3703 1840 3814 1880 vox

2208 1933 2292 1979 est
2314 1963 2329 1988 ,
2363 1922 2573 1977 Domini
2603 1920 2962 1993 praecedentis
2988 1919 3278 1975 adventum
3301 1960 3319 1983 ,
3356 1928 3417 1976 et
3441 1918 3724 1974 universos
3751 1926 3818 1974 ut

2205 2017 2421 2073 obviam
2447 2016 2609 2091 795
2634 2030 2836 2086 sponso
2862 2021 3058 2073 exeant
3106 2013 3413 2071 oscitantis.
3466 2012 3812 2082 Lampadutn

2207 2109 2531 2180 assumptio,
2554 2109 2856 2164 animarum
2875 2116 2958 2163 est
2986 2105 3196 2163 reditus
3215 2106 3270 2161 in
3296 2118 3526 2176 corpora
3544 2122 3560 2159 ;
3589 2119 3815 2160 earum-

2206 2217 2313 2272 que
2338 2201 2427 2257 lux
2452 2241 2471 2268 ,
2502 2198 2836 2257 conscientia
2874 2199 3002 2257 boni
3031 2199 3213 2271 operis
3233 2199 3455 2256 elucens
3474 2238 3492 2266 ,
3532 2213 3653 2269 quae
3683 2212 3815 2255 vas-

2207 2297 2345 2352 culis
2368 2310 2662 2366 corporum
2687 2295 3017 2352 continetur.

2279 2385 2338 2444 5.
2380 2384 2449 2442 In
2472 2386 2691 2443 advequ
2712 2384 2905 2442 Christi
2932 2385 3183 2441 neminem
3209 2383 3469 2456 juvabunt
3493 2382 3666 2440 aliena
3706 2398 3819 2439 nte-

2205 2484 2329 2541 rita.
2376 2482 2501 2538 lam
2537 2482 2849 2555 paenitentia:
2876 2479 3084 2535 nullum
3123 2489 3343 2549 (corpus.
3385 2508 3459 2521 —
3505 2477 3819 2534 Prudentes

2208 2576 2444 2648 virgines
2492 2575 2576 2632 lue
2610 2585 2773 2641 sunt,
2818 2590 2939 2646 qua:
2982 2582 3350 2644 opportunum
3392 2570 3446 2628 in
3492 2572 3816 2642 corporibus

2211 2668 2470 2740 operandi
2518 2676 2730 2740 tempus
2752 2666 3017 2737 amplexa:
3037 2707 3052 2733 ,
3087 2665 3142 2723 in
3171 2665 3405 2737 primum
3435 2680 3496 2722 se
3522 2679 3814 2721 occursum

2207 2760 2473 2816 adventus
2500 2760 2756 2816 dominici
2785 2760 3225 2831 praeparaverint.
3254 2758 3440 2815 Fatua
3457 2767 3660 2827 autem,
3687 2774 3817 2828 qua:

2207 2850 2488 2908 dissolutae
2524 2867 2589 2907 ac
2614 2851 2947 2923 negligentes
2968 2890 2987 2918 ,
3033 2851 3381 2920 praesentium
3409 2859 3617 2906 tantum
3649 2848 3812 2906 solli-

2206 2946 2504 3004 citudinem
2557 2947 2876 3015 habuerint;
2922 2958 2979 3005 et
3024 2948 3371 3005 immemores
3413 2948 3812 3018 promissorum

2128 3039 2177 3105 C
2210 3038 2326 3105 Dei,
2362 3039 2414 3094 in
2451 3039 2656 3096 nullam
2696 3054 2759 3096 se
2790 3054 2947 3112 spem
2984 3040 3401 3097 resurrectionis
3440 3040 3811 3098 extenderint.

2203 3133 2272 3189 Et
2298 3133 2422 3205 quia
2452 3134 2670 3205 prodire
2717 3134 2932 3190 obviam
2965 3134 3130 3191 fatum
3155 3134 3440 3193 exstinctis
3470 3136 3811 3207 lampadibus

2205 3240 2314 3283 non
2346 3226 2609 3297 possunt?
2634 3225 2994 3298 deprecantur
3018 3242 3115 3283 eas
3143 3243 3263 3299 quae
3294 3226 3593 3298 prudentes
3620 3237 3803 3296 erata,

2204 3331 2262 3376 ut
2289 3320 2467 3376 oleum
2492 3328 2807 3377 mutuemur
2841 3318 2926 3392 (7
2969 3318 3067 3392 8).
3116 3321 3323 3389 Quibus
3365 3320 3807 3391 responderunt,

2207 3427 2314 3468 non
2345 3426 2505 3482 posse
2530 3427 2589 3468 se
2617 3412 2748 3468 dare
2772 3454 2787 3479 ,
2821 3414 2947 3484 quia
2978 3429 3085 3470 non
3116 3415 3186 3469 sit
3215 3412 3353 3470 forte
3381 3414 3524 3484 quod
3554 3416 3808 3472 omnibus

2203 3504 2338 3560 satis
2359 3504 2428 3559 sit
2450 3504 2469 3573 (
2488 3505 2522 3574 ᾖ
2572 3503 2659 3576 9):
2687 3505 2878 3563 alienis
2898 3506 3107 3563 scilicet
3127 3507 3380 3577 operibus
3405 3521 3471 3563 ac
3492 3507 3705 3563 meritis
3728 3506 3833 3580 (εγ

2204 3596 2480 3655 neminem
2509 3594 2872 3667 adiuvandum
2892 3638 2910 3666 ,
2956 3599 3082 3671 quia
3111 3598 3402 3670 unicuique
3426 3598 3661 3668 lampadi
3689 3614 3804 3656 sua

2192 3734 2604 3808 conscientiam.
2636 3733 2767 3789 Nam
2796 3749 2953 3808 penso
2973 3735 3146 3791 active
3168 3736 3280 3805 jam
3300 3734 3531 3790 vidimus
3548 3742 3671 3808 cap.
3700 3735 3797 3801 21.

2195 3822 2253 3861 n.
2284 3808 2351 3873 4;
2372 3814 2442 3878 et
2463 3822 2514 3863 c.
2545 3807 2630 3871 10,
2659 3823 2716 3862 n.
2753 3805 2841 3862 l8.
2868 3806 2943 3861 Ita
2972 3808 3242 3878 quoddam
3292 3808 3353 3862 iit
3400 3805 3798 3865 commercium

2194 3893 2323 3951 cum,
2348 3877 2438 3933 dat
2471 3879 2624 3951 dives
2641 3879 2925 3951 pecuniam
2947 3918 2966 3947 ,
2993 3887 3097 3935 ets
3126 3894 3363 3950 paupere
3384 3880 3584 3950 accipit
3605 3882 3796 3951 inieris

2198 3948 2325 4006 b0tti
2356 3949 2765 4006 conscientiam.

2271 4016 2344 4091 (ε)
2376 4019 2525 4091 Hunc
2549 4021 2730 4091 locum
2778 4019 2868 4089 qni
2898 4018 3297 4077 inconsiderate
3339 4018 3552 4090 legunt,
3606 4022 3794 4076 existi-

2198 4089 2424 4145 mabunt
2451 4090 2673 4145 forsitan
2708 4089 2891 4148 favere
2916 4092 3267 4148 heterodosis
3315 4089 3625 4147 sanctorum
3669 4093 3793 4148 suf-

2192 4161 2363 4230 fragia
2392 4173 2445 4215 et
2465 4160 2909 4218 intercessionem
2963 4164 3393 4219 esstdﬂautibus.
3426 4163 3562 4218 Eum
3614 4166 3792 4230 reipsa

2191 4231 2473 4289 catholicis
2502 4231 2690 4296 objicit
2721 4233 2919 4288 Bodius
2971 4233 3026 4288 in
3080 4234 3443 4291 Collectaneis
3492 4235 3626 4290 suis.
3674 4234 3789 4290 Sed

2190 4303 2317 4373 quid
2340 4302 2463 4359 illos
2488 4305 2666 4371 juvet,
2694 4319 2803 4358 non
2833 4305 3016 4358 vident
3042 4305 3352 4373 prudentes.
3387 4304 3505 4359 Non
3536 4307 3678 4359 enim
3704 4304 3791 4362 hic

2187 4384 2372 4429 seruio
2420 4381 2507 4429 est
2562 4385 2741 4429 utrum
2816 4378 2994 4430 Sancti
3047 4375 3203 4429 nobis
3264 4376 3638 4445 prospiciunt,
3688 4377 3789 4432 sed

482 4440 590 4502 non
620 4446 779 4501 etiam
803 4458 1049 4514 sponsae,
1077 4443 1288 4498 obviam
1308 4440 1515 4516 prmiiri
1536 4485 1551 4508 ,
1584 4440 1711 4512 quin
1766 4444 1824 4499 in
1844 4442 2082 4516 Christo
2108 4452 2164 4516 ι)
2193 4455 2373 4500 utrum
2404 4445 2588 4501 Sancti
2613 4445 2824 4513 possint
2850 4447 2921 4501 ita
2956 4447 3146 4501 merita
3175 4440 3276 4502 sua
3301 4440 3487 4515 partiri
3508 4487 3527 4507 .
3571 4440 3634 4505 ut
3692 4448 3789 4503 alii

481 4532 642 4580 caro,
669 4531 788 4586 quae
810 4513 1011 4586 sponsa
1042 4524 1124 4586 est
1149 4556 1164 4578 ,
1197 4513 1327 4584 post
1347 4513 1794 4586 glorilicatiopem
1842 4514 1915 4571 ita
1949 4530 2073 4586 cum

480 4582 770 4658 Spiritu-ac
795 4584 996 4658 deitate
1024 4585 1173 4641 unita
1202 4582 1286 4640 est
1308 4627 1329 4658 ,ν
1354 4582 1414 4640 ut
1463 4585 1604 4639 illius
1641 4582 1917 4658 distinetig
1962 4585 2072 4652 jam

478 4654 590 4714 non
612 4664 887 4729 appareat.
918 4655 1031 4729 Hoc
1053 4666 1236 4711 tamen
1254 4657 1403 4711 salva
1418 4657 1597 4711 carnis
1622 4658 1849 4729 Veritnte
1866 4654 2071 4710 dictum

478 4744 633 4795 esse,
653 4726 763 4784 non
778 4729 947 4784 semel
972 4726 1405 4783 demonstratum
1467 4743 1481 4780 :
1529 4735 1586 4782 et
1613 4726 1963 4782 manifestum
1989 4737 2076 4782 est

480 4803 564 4855 vel
591 4817 658 4856 ex
682 4803 782 4856 hoc
813 4808 968 4854 tract.
1001 4801 1135 4868 paul.
1153 4814 1297 4873 _t_._xv,_
1324 4815 1382 4853 n.
1417 4798 1485 4852 l2
1515 4815 1530 4873 ξ
1562 4797 1630 4852 In
1659 4809 1905 4854 (sternant
1959 4799 2075 4873 glo-

478 4873 746 4945 riamiejus
769 4864 1040 4942 assumptis
1063 4887 1128 4925 ea:
1153 4864 1364 4945 Virgine
1387 4867 1556 4945 carnis
1605 4876 1793 4923 natura
1820 4864 2073 4945 transigi;-

481 4951 582 5013 tnr.
608 4939 789 5013 Nieqne
816 4939 1120 5013 ambiguum
1162 4940 1303 5011 quod
1327 4942 1378 4994 in
1409 4941 1519 5011 psal
1559 4955 1827 5007 cxxxvttt,
1877 4956 1933 5013 n.
1975 4939 2069 5013 27,

480 5012 556 5067 ait
581 5010 851 5068 Christum
880 5012 935 5066 in
964 5010 1142 5066 eodem
1169 5010 1383 5079 carpere
1414 5010 1562 5081 post
1615 5010 2069 5067 resurrectionem

481 5084 717 5150 conspici
747 5084 801 5137 in
828 5099 935 5154 quo
965 5093 1210 5137 mortuus
1231 5092 1344 5154 erat
1372 5098 1384 5134 :
1410 5088 1609 5154 etpost
1634 5094 1869 5154 pauca“:
1911 5081 1968 5135 in
2013 5096 2072 5136 eo

478 5170 579 5223 qua
604 5157 826 5209 elevatus
847 5151 926 5209 est
950 5169 1161 5226 corpore
1189 5170 1221 5207 α
1243 5153 1440 5209 ἀαιὼ
1462 5152 1557 5207 Dei
1575 5153 1771 5211 sedere.
1801 5151 1862 5208 ν.
1908 5160 2068 5211 tract.

479 5241 563 5296 ps.
594 5239 758 5296 cxxxt
779 5265 794 5288 ,
819 5239 875 5278 η.
910 5224 998 5290 l6,
1029 5224 1142 5295 not.
1613 5293 1623 5296 Δ
1749 5250 1755 5296 ί

551 5297 628 5370 (d)
654 5294 809 5370 Bad.2
846 5297 935 5348 Er.
959 5307 1011 5349 et
1034 5296 1183 5370 Lips.
1208 5304 1428 5370 ementes
1458 5310 1477 5351 :
1509 5293 1870 5370 renitentibus
1896 5294 2075 5370 omni-

475 5364 580 5424 bus
608 5364 741 5422 me.
767 5364 879 5420 Hoc
909 5364 1115 5420 tamen'
1145 5368 1197 5421 in
1258 5366 1428 5436 prima
1470 5366 1708 5420 editione
1754 5365 1875 5420 Par.
1926 5365 2067 5421 bene

476 5451 777 5520 mutatum,
817 5450 1137 5520 perperam-
1188 5439 1497 5520 restitutum
1546 5446 1630 5491 eet
1672 5436 1725 5493 in
1763 5443 2063 5520 Pii-Slirelfm.

473 5509 789 5567 Vendentes
844 5506 1001 5580 vocat
1059 5506 1291 5563 Hilarius
1332 5520 1629 5580 pauperes,
1686 5506 1777 5579 qui
1826 5507 2087 5565 tidelium'

470 5581 819 5663 eleetnosyna
847 5578 1122 5663 indigem,
1152 5578 1451 5663 et‘quigpro
1486 5581 1660 5663 stipe,
1684 5578 1791 5663 qua
1818 5580 2064 5663 ipsorum

476 5649 771 5725 indigentia
800 5649 1073 5724 expletur,
1104 5649 1463 5707 vendunt'seu
1479 5649 1714 5709 reddunt
1734 5649 1918 5721 operis
1939 5649 2066 5706 boni

2194 4516 2424 4589 propriis
2448 4516 2658 4589 meritis
2683 4517 2927 4589 destituti
2946 4533 3025 4589 (ex
3047 4519 3151 4589 hac
3175 4518 3282 4572 vita
3310 4518 3600 4589 migrantes
3620 4559 3637 4581 ,
3666 4535 3787 4573 me-

2180 4587 2406 4641 ritorum
2431 4586 2732 4660 alienorum
2766 4587 3016 4660 subsidio
3071 4587 3288 4660 valeant
3329 4586 3453 4660 cum
3476 4604 3678 4660 sponso
3733 4591 3787 4646 in

2178 4666 2437 4730 sternam
2485 4656 2715 4728 gloriam
2763 4657 3072 4730 ingressum
3101 4658 3371 4715 obtinere.
3420 4656 3555 4728 Quis
3600 4669 3785 4717 autem

2177 4729 2479 4801 catholicus
2506 4735 2668 4801 neget
2698 4729 2837 4801 hree
2862 4730 3056 4801 merita
3099 4732 3391 4801 unicuique
3437 4732 3510 4786 ita
3558 4734 3780 4801 prnpria

2178 4812 2334 4861 esse,
2359 4810 2417 4854 ut
2443 4800 2497 4854 in
2519 4800 2681 4865 alium
2712 4800 2927 4854 refundi
2953 4802 3260 4870 nequeant?
3291 4800 3390 4855 hac
3419 4803 3631 4858 ratione
3662 4804 3787 4857 uni-

2179 4872 2375 4940 cuique
2396 4870 2575 4924 oleum
2599 4870 2828 4938 lampadi
2858 4886 2966 4925 sum
2995 4884 3177 4925 emere
3206 4886 3432 4927 necesse
3451 4880 3537 4928 est
3564 4889 3580 4926 :
3614 4884 3669 4929 et
3685 4874 3785 4929 cui

2182 4940 2372 5012 deest,
2407 4955 2517 4999 non
2551 4942 2889 5012 potestullus
2915 4941 3056 5012 alius
3081 4941 3355 4997 sufﬁcere.
3402 4942 3534 4997 Nam
3584 4959 3785 5000 secun-

2178 5011 2306 5085 dum
2334 5026 2429 5077 ea,
2456 5010 2575 5085 quin
2602 5010 2831 5080 quisque
2874 5011 3041 5083 gessit
3058 5053 3075 5079 ,
3107 5014 3367 5067 atttsalus
3390 5012 3655 5085 obtinget,
3679 5025 3780 5071 aut

2177 5083 2471 5137 damnatio.
2504 5081 2702 5147 Verum
2720 5081 2932 5139 etiamsi
2957 5087 3158 5138 sanctis
3174 5099 3280 5139 nou
3303 5085 3457 5140 detur
3480 5081 3783 5141 utinerito-

2177 5168 2296 5224 rum
2327 5154 2514 5223 inopes
2538 5169 2605 5209 ex
2634 5154 2745 5209 suis
2776 5155 2969 5219 ditent;
2991 5154 3150 5209 datur
3168 5164 3349 5210 tamen
3381 5163 3442 5211 ut
3467 5168 3565 5210 nos
3579 5173 3778 5224 quisuis

2181 5222 2274 5296 ditt
2301 5224 2388 5279 hic
2419 5222 2648 5280 vivimus
2678 5225 2968 5295 adjuvent,
2997 5225 3140 5296 unde
3163 5234 3312 5281 mete
3338 5227 3553 5296 operari
3581 5222 3639 5283 et
3662 5244 3782 5284 me-

2180 5292 2284 5349 rita
2336 5310 2651 5364 comparare
2708 5292 3000 5351 valeamus.
3054 5295 3166 5351 lmo
3197 5292 3487 5354 etiam'bic
3540 5299 3782 5357 Hilarius

2176 5370 2398 5421 nomine
2433 5369 2702 5438 virginum
2734 5368 3055 5437 prudentum
3080 5408 3093 5431 .
3127 5380 3246 5437 quae
3274 5367 3453 5425 fatuas
3478 5370 3617 5426 bene
3646 5386 3782 5427 con-

2172 5438 2398 5509 sulendo
2420 5448 2473 5492 et
2497 5439 2563 5492 ad
2591 5440 2961 5508 paenitentiam
2982 5438 3248 5494 hortando
3268 5439 3775 5509 adjuvatn,s:mctos

2170 5507 2603 5565 demonstratde
2626 5522 2810 5565 noetra
2840 5511 3018 5565 salute
3040 5507 3348 5566 sollicitosJ
3371 5511 3637 5569 Disertius
3668 5515 3777 5568 hoe

2170 5578 2347 5650 ipsum
2377 5576 2537 5636 docet
2563 5582 2616 5636 in
2648 5578 2785 5650 psal.
2814 5595 3002 5643 cxxtv.
3031 5594 3086 5635 n.
3115 5580 3172 5647 Β,
3204 5581 3293 5637 ubi
3308 5582 3398 5638 ait
3423 5599 3437 5637 :
3461 5582 3572 5639 Sed

2171 5649 2355 5707 desunt
2376 5660 2511 5709 stare
2532 5649 2812 5709 volentibus
2829 5651 3143 5709 Sanctorum
3170 5652 3420 5709 custodire
3437 5696 3452 5725 ,
3480 5664 3654 5727 neque
3671 5649 3779 5711 Ᾰη-
