  <div class='ocr_page' id='page_1' title='image "/cluster/home/n/w/nwhite01/storage/ocr_20150623/9/hvd.32044096580378/548.png"; bbox 0 0 4172 6188; ppageno 0'>
   <div class='ocr_carea' id='block_1_1' title="bbox 389 174 527 247">
    <p class='ocr_par' dir='ltr' id='par_1_1' title="bbox 389 174 527 247">
     <span class='ocr_line' id='line_1_1' title="bbox 389 174 527 247; baseline -0.007 0"><span class='ocrx_word' id='word_1_1' title='bbox 389 174 527 247; x_wconf 79' lang='lat' dir='ltr'><strong>tesi</strong></span> 
     </span>
    </p>
   </div>
   <div class='ocr_carea' id='block_1_2' title="bbox 1253 162 2825 259">
    <p class='ocr_par' dir='ltr' id='par_1_2' title="bbox 1253 162 2825 259">
     <span class='ocr_line' id='line_1_2' title="bbox 1253 162 2825 259; baseline 0 -16"><span class='ocrx_word' id='word_1_2' title='bbox 1253 168 1793 259; x_wconf 71' lang='lat' dir='ltr'><strong>COMMENTARIUS</strong></span> <span class='ocrx_word' id='word_1_3' title='bbox 1832 164 1901 242; x_wconf 77' lang='lat' dir='ltr'><strong>iu</strong></span> <span class='ocrx_word' id='word_1_4' title='bbox 1940 162 2373 247; x_wconf 65' lang='lat' dir='ltr'><strong>MATTll/EUM.</strong></span> <span class='ocrx_word' id='word_1_5' title='bbox 2413 185 2566 244; x_wconf 68' lang='lat' dir='ltr'><strong>esp.</strong></span> <span class='ocrx_word' id='word_1_6' title='bbox 2609 185 2825 245; x_wconf 85' lang='lat' dir='ltr'><strong>xxvu.</strong></span> 
     </span>
    </p>
   </div>
   <div class='ocr_carea' id='block_1_3' title="bbox 3546 194 3690 257">
    <p class='ocr_par' dir='ltr' id='par_1_3' title="bbox 3546 194 3690 257">
     <span class='ocr_line' id='line_1_3' title="bbox 3546 194 3690 257; baseline 0.007 -1"><span class='ocrx_word' id='word_1_7' title='bbox 3546 194 3690 257; x_wconf 62' lang='grc'><strong>1063</strong></span> 
     </span>
    </p>
   </div>
   <div class='ocr_carea' id='block_1_4' title="bbox 391 270 3689 376">
    <p class='ocr_par' dir='ltr' id='par_1_4' title="bbox 391 270 3689 376">
     <span class='ocr_line' id='line_1_4' title="bbox 391 270 3689 376; baseline 0.001 -14"><span class='ocrx_word' id='word_1_8' title='bbox 391 319 572 362; x_wconf 90' lang='lat' dir='ltr'><strong>emere</strong></span> <span class='ocrx_word' id='word_1_9' title='bbox 601 270 793 360; x_wconf 61' lang='lat' dir='ltr'><strong>oleuni</strong></span> <span class='ocrx_word' id='word_1_10' title='bbox 806 302 875 359; x_wconf 90' lang='lat' dir='ltr'><strong>sit</strong></span> <span class='ocrx_word' id='word_1_11' title='bbox 906 314 1150 359; x_wconf 87' lang='lat' dir='ltr'><strong>necesse.</strong></span> <span class='ocrx_word' id='word_1_12' title='bbox 1192 301 1337 373; x_wconf 89' lang='lat' dir='ltr'><strong>Quas</strong></span> <span class='ocrx_word' id='word_1_13' title='bbox 1368 303 1649 358; x_wconf 78' lang='lat' dir='ltr'><strong>hortantur</strong></span> <span class='ocrx_word' id='word_1_14' title='bbox 1681 309 1739 357; x_wconf 89' lang='lat' dir='ltr'><strong>ut</strong></span> <span class='ocrx_word' id='word_1_15' title='bbox 1765 298 1987 358; x_wconf 77' lang='lat' dir='ltr'><strong>redeant</strong></span> <span class='ocrx_word' id='word_1_16' title='bbox 2015 300 2069 365; x_wconf 73' lang='grc' dir='ltr'><strong>Α,</strong></span> <span class='ocrx_word' id='word_1_17' title='bbox 2090 300 2282 357; x_wconf 91' lang='lat' dir='ltr'><strong>borum</strong></span> <span class='ocrx_word' id='word_1_18' title='bbox 2323 300 2559 373; x_wconf 90' lang='lat' dir='ltr'><strong>quinque</strong></span> <span class='ocrx_word' id='word_1_19' title='bbox 2603 302 2755 359; x_wconf 80' lang='lat' dir='ltr'><strong>libris</strong></span> <span class='ocrx_word' id='word_1_20' title='bbox 2796 302 2968 376; x_wconf 79' lang='lat' dir='ltr'><strong>Moysi</strong></span> <span class='ocrx_word' id='word_1_21' title='bbox 2994 314 3391 375; x_wconf 73' lang='lat' dir='ltr'><strong>prmceptorum</strong></span> <span class='ocrx_word' id='word_1_22' title='bbox 3423 307 3689 365; x_wconf 80' lang='lat' dir='ltr'><strong>obedien-</strong></span> 
     </span>
    </p>
   </div>
   <div class='ocr_carea' id='block_1_5' title="bbox 395 392 1986 466">
    <p class='ocr_par' dir='ltr' id='par_1_5' title="bbox 395 392 1986 466">
     <span class='ocr_line' id='line_1_5' title="bbox 395 392 1986 466; baseline -0.004 -12"><span class='ocrx_word' id='word_1_23' title='bbox 395 399 459 455; x_wconf 78' lang='lat' dir='ltr'><strong>ad</strong></span> <span class='ocrx_word' id='word_1_24' title='bbox 487 396 806 453; x_wconf 86' lang='lat' dir='ltr'><strong>emendum:</strong></span> <span class='ocrx_word' id='word_1_25' title='bbox 839 396 884 451; x_wconf 87' lang='lat' dir='ltr'><strong>si</strong></span> <span class='ocrx_word' id='word_1_26' title='bbox 911 396 995 452; x_wconf 88' lang='lat' dir='ltr'><strong>vel</strong></span> <span class='ocrx_word' id='word_1_27' title='bbox 1027 410 1149 452; x_wconf 86' lang='lat' dir='ltr'><strong>sero</strong></span> <span class='ocrx_word' id='word_1_28' title='bbox 1173 397 1458 466; x_wconf 71' lang='lat' dir='ltr'><strong>prmceptis</strong></span> <span class='ocrx_word' id='word_1_29' title='bbox 1490 395 1582 450; x_wconf 85' lang='lat' dir='ltr'><strong>Dei</strong></span> <span class='ocrx_word' id='word_1_30' title='bbox 1615 392 1986 465; x_wconf 89' lang='lat' dir='ltr'><strong>obsequendo,</strong></span> 
     </span>
    </p>
   </div>
   <div class='ocr_carea' id='block_1_6' title="bbox 394 486 1985 563">
    <p class='ocr_par' dir='ltr' id='par_1_6' title="bbox 394 486 1985 563">
     <span class='ocr_line' id='line_1_6' title="bbox 394 486 1985 563; baseline -0.006 -16"><span class='ocrx_word' id='word_1_31' title='bbox 394 507 514 547; x_wconf 91' lang='lat' dir='ltr'><strong>cum</strong></span> <span class='ocrx_word' id='word_1_32' title='bbox 544 489 850 560; x_wconf 84' lang='lat' dir='ltr'><strong>lampadum</strong></span> <span class='ocrx_word' id='word_1_33' title='bbox 872 489 992 544; x_wconf 91' lang='lat' dir='ltr'><strong>luce</strong></span> <span class='ocrx_word' id='word_1_34' title='bbox 1014 488 1196 563; x_wconf 82' lang='lat' dir='ltr'><strong>sponsi</strong></span> <span class='ocrx_word' id='word_1_35' title='bbox 1222 487 1396 558; x_wconf 77' lang='lat' dir='ltr'><strong>digna:</strong></span> <span class='ocrx_word' id='word_1_36' title='bbox 1413 486 1717 543; x_wconf 83' lang='lat' dir='ltr'><strong>efﬁciantur</strong></span> <span class='ocrx_word' id='word_1_37' title='bbox 1738 500 1985 541; x_wconf 86' lang='lat' dir='ltr'><strong>occursu.</strong></span> 
     </span>
    </p>
   </div>
   <div class='ocr_carea' id='block_1_7' title="bbox 396 581 1991 653">
    <p class='ocr_par' dir='ltr' id='par_1_7' title="bbox 396 581 1991 653">
     <span class='ocr_line' id='line_1_7' title="bbox 396 581 1991 653; baseline -0.004 -14"><span class='ocrx_word' id='word_1_38' title='bbox 396 583 604 653; x_wconf 85' lang='lat' dir='ltr'><strong>Quibus</strong></span> <span class='ocrx_word' id='word_1_39' title='bbox 653 581 1032 649; x_wconf 87' lang='lat' dir='ltr'><strong>morantibus,</strong></span> <span class='ocrx_word' id='word_1_40' title='bbox 1082 596 1314 653; x_wconf 85' lang='lat' dir='ltr'><strong>sponsus</strong></span> <span class='ocrx_word' id='word_1_41' title='bbox 1351 581 1626 653; x_wconf 84' lang='lat' dir='ltr'><strong>ingressus</strong></span> <span class='ocrx_word' id='word_1_42' title='bbox 1667 589 1779 646; x_wconf 81' lang='lat' dir='ltr'><strong>est;</strong></span> <span class='ocrx_word' id='word_1_43' title='bbox 1829 589 1991 650; x_wconf 87' lang='lat' dir='ltr'><strong>atque</strong></span> 
     </span>
    </p>
   </div>
   <div class='ocr_carea' id='block_1_8' title="bbox 398 675 1991 744">
    <p class='ocr_par' dir='ltr' id='par_1_8' title="bbox 398 675 1991 744">
     <span class='ocr_line' id='line_1_8' title="bbox 398 675 1991 744; baseline -0.004 -12"><span class='ocrx_word' id='word_1_44' title='bbox 398 692 500 732; x_wconf 89' lang='lat' dir='ltr'><strong>una</strong></span> <span class='ocrx_word' id='word_1_45' title='bbox 528 692 649 732; x_wconf 92' lang='lat' dir='ltr'><strong>cum</strong></span> <span class='ocrx_word' id='word_1_46' title='bbox 679 690 748 733; x_wconf 94' lang='lat' dir='ltr'><strong>eo</strong></span> <span class='ocrx_word' id='word_1_47' title='bbox 793 675 844 730; x_wconf 92' lang='lat' dir='ltr'><strong>in</strong></span> <span class='ocrx_word' id='word_1_48' title='bbox 887 675 1099 743; x_wconf 90' lang='lat' dir='ltr'><strong>nuptias</strong></span> <span class='ocrx_word' id='word_1_49' title='bbox 1146 676 1460 744; x_wconf 73' lang='lat' dir='ltr'><strong>sapientes,</strong></span> <span class='ocrx_word' id='word_1_50' title='bbox 1508 688 1632 743; x_wconf 66' lang='lat' dir='ltr'><strong>qua:</strong></span> <span class='ocrx_word' id='word_1_51' title='bbox 1678 678 1991 744; x_wconf 83' lang='lat' dir='ltr'><strong>comparato</strong></span> 
     </span>
    </p>
   </div>
   <div class='ocr_carea' id='block_1_9' title="bbox 393 762 1990 840">
    <p class='ocr_par' dir='ltr' id='par_1_9' title="bbox 393 762 1990 840">
     <span class='ocr_line' id='line_1_9' title="bbox 393 762 1990 840; baseline -0.005 -14"><span class='ocrx_word' id='word_1_52' title='bbox 393 770 699 840; x_wconf 84' lang='lat' dir='ltr'><strong>lampadum</strong></span> <span class='ocrx_word' id='word_1_53' title='bbox 723 768 925 825; x_wconf 91' lang='lat' dir='ltr'><strong>lumine</strong></span> <span class='ocrx_word' id='word_1_54' title='bbox 955 766 1361 838; x_wconf 86' lang='lat' dir='ltr'><strong>operiebantur,</strong></span> <span class='ocrx_word' id='word_1_55' title='bbox 1390 766 1693 828; x_wconf 86' lang='lat' dir='ltr'><strong>introeunt.</strong></span> <span class='ocrx_word' id='word_1_56' title='bbox 1725 763 1775 819; x_wconf 88' lang='lat' dir='ltr'><strong>id</strong></span> <span class='ocrx_word' id='word_1_57' title='bbox 1802 772 1904 827; x_wconf 76' lang='lat' dir='ltr'><strong>est,</strong></span> <span class='ocrx_word' id='word_1_58' title='bbox 1935 762 1990 818; x_wconf 93' lang='lat' dir='ltr'><strong>in</strong></span> 
     </span>
    </p>
   </div>
   <div class='ocr_carea' id='block_1_10' title="bbox 395 854 1994 933">
    <p class='ocr_par' dir='ltr' id='par_1_10' title="bbox 395 854 1994 933">
     <span class='ocr_line' id='line_1_10' title="bbox 395 854 1994 933; baseline -0.006 -13"><span class='ocrx_word' id='word_1_59' title='bbox 395 864 675 920; x_wconf 75' lang='lat' dir='ltr'><strong>cmlestem</strong></span> <span class='ocrx_word' id='word_1_60' title='bbox 706 862 937 933; x_wconf 78' lang='lat' dir='ltr'><strong>gloriam</strong></span> <span class='ocrx_word' id='word_1_61' title='bbox 970 860 1071 915; x_wconf 88' lang='lat' dir='ltr'><strong>sub</strong></span> <span class='ocrx_word' id='word_1_62' title='bbox 1102 860 1219 928; x_wconf 82' lang='lat' dir='ltr'><strong>ipSo</strong></span> <span class='ocrx_word' id='word_1_63' title='bbox 1240 860 1424 914; x_wconf 88' lang='lat' dir='ltr'><strong>statim</strong></span> <span class='ocrx_word' id='word_1_64' title='bbox 1447 856 1680 913; x_wconf 83' lang='lat' dir='ltr'><strong>adventu</strong></span> <span class='ocrx_word' id='word_1_65' title='bbox 1707 854 1994 911; x_wconf 65' lang='lat' dir='ltr'><strong>dominicte</strong></span> 
     </span>
    </p>
   </div>
   <div class='ocr_carea' id='block_1_11' title="bbox 394 947 1992 1023">
    <p class='ocr_par' dir='ltr' id='par_1_11' title="bbox 394 947 1992 1023">
     <span class='ocr_line' id='line_1_11' title="bbox 394 947 1992 1023; baseline -0.007 -10"><span class='ocrx_word' id='word_1_66' title='bbox 394 954 657 1013; x_wconf 82' lang='lat' dir='ltr'><strong>claritatis</strong></span> <span class='ocrx_word' id='word_1_67' title='bbox 686 952 941 1009; x_wconf 85' lang='lat' dir='ltr'><strong>incedunt</strong></span> <span class='ocrx_word' id='word_1_68' title='bbox 969 952 1043 1023; x_wconf 59' lang='grc' dir='ltr'><strong>(ᾗ</strong></span> <span class='ocrx_word' id='word_1_69' title='bbox 1096 950 1218 1022; x_wconf 77' lang='grc' dir='ltr'><strong>ω).</strong></span> <span class='ocrx_word' id='word_1_70' title='bbox 1272 949 1339 1006; x_wconf 85' lang='grc' dir='ltr'><strong>Ει</strong></span> <span class='ocrx_word' id='word_1_71' title='bbox 1367 951 1489 1021; x_wconf 87' lang='lat' dir='ltr'><strong>quia</strong></span> <span class='ocrx_word' id='word_1_72' title='bbox 1515 949 1626 1021; x_wconf 87' lang='lat' dir='ltr'><strong>jam</strong></span> <span class='ocrx_word' id='word_1_73' title='bbox 1661 947 1992 1018; x_wconf 59' lang='lat' dir='ltr'><strong>pauitantia:</strong></span> 
     </span>
    </p>
   </div>
   <div class='ocr_carea' id='block_1_12' title="bbox 396 1039 1994 1114">
    <p class='ocr_par' dir='ltr' id='par_1_12' title="bbox 396 1039 1994 1114">
     <span class='ocr_line' id='line_1_12' title="bbox 396 1039 1994 1114; baseline -0.006 -10"><span class='ocrx_word' id='word_1_74' title='bbox 396 1048 597 1104; x_wconf 82' lang='lat' dir='ltr'><strong>nullum</strong></span> <span class='ocrx_word' id='word_1_75' title='bbox 630 1055 713 1102; x_wconf 89' lang='lat' dir='ltr'><strong>est</strong></span> <span class='ocrx_word' id='word_1_76' title='bbox 753 1058 1007 1114; x_wconf 85' lang='lat' dir='ltr'><strong>tempus,</strong></span> <span class='ocrx_word' id='word_1_77' title='bbox 1060 1043 1221 1100; x_wconf 74' lang='lat' dir='ltr'><strong>fatua:</strong></span> <span class='ocrx_word' id='word_1_78' title='bbox 1265 1051 1591 1107; x_wconf 90' lang='lat' dir='ltr'><strong>accurrunt,</strong></span> <span class='ocrx_word' id='word_1_79' title='bbox 1642 1040 1843 1112; x_wconf 85' lang='lat' dir='ltr'><strong>aperiri</strong></span> <span class='ocrx_word' id='word_1_80' title='bbox 1889 1039 1994 1096; x_wconf 91' lang='lat' dir='ltr'><strong>sibi</strong></span> 
     </span>
    </p>
   </div>
   <div class='ocr_carea' id='block_1_13' title="bbox 396 1134 1993 1210">
    <p class='ocr_par' dir='ltr' id='par_1_13' title="bbox 396 1134 1993 1210">
     <span class='ocr_line' id='line_1_13' title="bbox 396 1134 1993 1210; baseline -0.004 -14"><span class='ocrx_word' id='word_1_81' title='bbox 396 1140 598 1196; x_wconf 83' lang='lat' dir='ltr'><strong>aditum</strong></span> <span class='ocrx_word' id='word_1_82' title='bbox 627 1151 840 1210; x_wconf 81' lang='lat' dir='ltr'><strong>rogant.</strong></span> <span class='ocrx_word' id='word_1_83' title='bbox 888 1139 1094 1208; x_wconf 86' lang='lat' dir='ltr'><strong>Quibus</strong></span> <span class='ocrx_word' id='word_1_84' title='bbox 1122 1137 1484 1208; x_wconf 82' lang='lat' dir='ltr'><strong>respondetur</strong></span> <span class='ocrx_word' id='word_1_85' title='bbox 1525 1155 1552 1191; x_wconf 86' lang='lat' dir='ltr'><strong>a</strong></span> <span class='ocrx_word' id='word_1_86' title='bbox 1591 1152 1793 1207; x_wconf 92' lang='lat' dir='ltr'><strong>sponso</strong></span> <span class='ocrx_word' id='word_1_87' title='bbox 1818 1177 1835 1203; x_wconf 94' lang='lat'><strong>,</strong></span> <span class='ocrx_word' id='word_1_88' title='bbox 1868 1134 1993 1205; x_wconf 81' lang='lat' dir='ltr'><strong>quia</strong></span> 
     </span>
    </p>
   </div>
   <div class='ocr_carea' id='block_1_14' title="bbox 397 1224 1996 1304">
    <p class='ocr_par' dir='ltr' id='par_1_14' title="bbox 397 1224 1996 1304">
     <span class='ocr_line' id='line_1_14' title="bbox 397 1224 1996 1304; baseline -0.004 -17"><span class='ocrx_word' id='word_1_89' title='bbox 397 1234 567 1288; x_wconf 84' lang='lat' dir='ltr'><strong>nescio</strong></span> <span class='ocrx_word' id='word_1_90' title='bbox 606 1231 740 1304; x_wconf 80' lang='lat' dir='ltr'><strong>vos(</strong></span> <span class='ocrx_word' id='word_1_91' title='bbox 774 1231 811 1301; x_wconf 68' lang='grc' dir='ltr'><strong><em>Ῡ</em></strong></span> <span class='ocrx_word' id='word_1_92' title='bbox 852 1230 982 1302; x_wconf 74' lang='grc'><strong>12).</strong></span> <span class='ocrx_word' id='word_1_93' title='bbox 1040 1229 1154 1284; x_wconf 79' lang='lat' dir='ltr'><strong>Non</strong></span> <span class='ocrx_word' id='word_1_94' title='bbox 1195 1228 1339 1284; x_wconf 89' lang='lat' dir='ltr'><strong>enim</strong></span> <span class='ocrx_word' id='word_1_95' title='bbox 1370 1230 1421 1283; x_wconf 92' lang='lat' dir='ltr'><strong>in</strong></span> <span class='ocrx_word' id='word_1_96' title='bbox 1449 1227 1630 1282; x_wconf 91' lang='lat' dir='ltr'><strong>ofﬁcio</strong></span> <span class='ocrx_word' id='word_1_97' title='bbox 1660 1224 1996 1282; x_wconf 76' lang='lat' dir='ltr'><strong>advenientis</strong></span> 
     </span>
    </p>
   </div>
   <div class='ocr_carea' id='block_1_15' title="bbox 300 1322 1997 1395">
    <p class='ocr_par' dir='ltr' id='par_1_15' title="bbox 300 1322 1997 1395">
     <span class='ocr_line' id='line_1_15' title="bbox 300 1322 1997 1395; baseline -0.003 -14"><span class='ocrx_word' id='word_1_98' title='bbox 300 1326 303 1329; x_wconf 76' lang='grc'><em>’</em></span> <span class='ocrx_word' id='word_1_99' title='bbox 397 1325 705 1391; x_wconf 51' lang='grc' dir='ltr'><strong>ὂιπιιθιιὶλῒ,</strong></span> <span class='ocrx_word' id='word_1_100' title='bbox 745 1341 919 1395; x_wconf 89' lang='lat' dir='ltr'><strong>neque</strong></span> <span class='ocrx_word' id='word_1_101' title='bbox 948 1324 1014 1379; x_wconf 90' lang='lat' dir='ltr'><strong>ad</strong></span> <span class='ocrx_word' id='word_1_102' title='bbox 1040 1336 1229 1379; x_wconf 81' lang='lat' dir='ltr'><strong>vocem</strong></span> <span class='ocrx_word' id='word_1_103' title='bbox 1263 1323 1404 1377; x_wconf 82' lang='lat' dir='ltr'><strong>tubae</strong></span> <span class='ocrx_word' id='word_1_104' title='bbox 1431 1322 1717 1378; x_wconf 78' lang='lat' dir='ltr'><strong>oscitantis</strong></span> <span class='ocrx_word' id='word_1_105' title='bbox 1747 1336 1997 1376; x_wconf 88' lang='lat' dir='ltr'><strong>occurre-</strong></span> 
     </span>
    </p>
   </div>
   <div class='ocr_carea' id='block_1_16' title="bbox 396 1413 1996 1503">
    <p class='ocr_par' dir='ltr' id='par_1_16' title="bbox 396 1413 1996 1490">
     <span class='ocr_line' id='line_1_16' title="bbox 396 1413 1996 1490; baseline -0.005 -13"><span class='ocrx_word' id='word_1_106' title='bbox 396 1430 541 1487; x_wconf 79' lang='lat' dir='ltr'><strong>rant,</strong></span> <span class='ocrx_word' id='word_1_107' title='bbox 568 1434 743 1490; x_wconf 85' lang='lat' dir='ltr'><strong>neque</strong></span> <span class='ocrx_word' id='word_1_108' title='bbox 775 1418 1168 1474; x_wconf 73' lang='lat' dir='ltr'><strong>introeuntium</strong></span> <span class='ocrx_word' id='word_1_109' title='bbox 1194 1416 1471 1472; x_wconf 78' lang='lat' dir='ltr'><strong>comitatui</strong></span> <span class='ocrx_word' id='word_1_110' title='bbox 1495 1415 1867 1471; x_wconf 60' lang='lat' dir='ltr'><strong>adusserunt:</strong></span> <span class='ocrx_word' id='word_1_111' title='bbox 1898 1413 1996 1469; x_wconf 80' lang='lat' dir='ltr'><strong>sed</strong></span> 
     </span>
    </p>
   </div>
   <div class='ocr_carea' id='block_1_17' title="bbox 399 1509 1995 1584">
    <p class='ocr_par' dir='ltr' id='par_1_17' title="bbox 399 1509 1995 1584">
     <span class='ocr_line' id='line_1_17' title="bbox 399 1509 1995 1584; baseline -0.003 -16"><span class='ocrx_word' id='word_1_112' title='bbox 399 1523 676 1568; x_wconf 74' lang='lat' dir='ltr'><strong>morantes</strong></span> <span class='ocrx_word' id='word_1_113' title='bbox 703 1520 759 1567; x_wconf 88' lang='lat' dir='ltr'><strong>et</strong></span> <span class='ocrx_word' id='word_1_114' title='bbox 781 1512 1016 1584; x_wconf 70' lang='lat' dir='ltr'><strong>indigna:</strong></span> <span class='ocrx_word' id='word_1_115' title='bbox 1035 1552 1055 1580; x_wconf 93' lang='lat'><strong>,</strong></span> <span class='ocrx_word' id='word_1_116' title='bbox 1106 1510 1413 1567; x_wconf 81' lang='lat' dir='ltr'><strong>introeundi</strong></span> <span class='ocrx_word' id='word_1_117' title='bbox 1440 1509 1507 1566; x_wconf 80' lang='lat' dir='ltr'><strong>ad</strong></span> <span class='ocrx_word' id='word_1_118' title='bbox 1534 1509 1753 1580; x_wconf 69' lang='lat' dir='ltr'><strong>nuptias</strong></span> <span class='ocrx_word' id='word_1_119' title='bbox 1782 1515 1995 1579; x_wconf 82' lang='lat' dir='ltr'><strong>tempus</strong></span> 
     </span>
    </p>
   </div>
   <div class='ocr_carea' id='block_1_18' title="bbox 400 1608 712 1661">
    <p class='ocr_par' dir='ltr' id='par_1_18' title="bbox 400 1608 712 1661">
     <span class='ocr_line' id='line_1_18' title="bbox 400 1608 712 1661; baseline -0.003 -1"><span class='ocrx_word' id='word_1_120' title='bbox 400 1608 712 1661; x_wconf 85' lang='lat' dir='ltr'><strong>amiserant.</strong></span> 
     </span>
    </p>
   </div>
   <div class='ocr_carea' id='block_1_19' title="bbox 2078 393 3683 470">
    <p class='ocr_par' dir='ltr' id='par_1_19' title="bbox 2078 393 3683 470">
     <span class='ocr_line' id='line_1_19' title="bbox 2078 393 3683 470; baseline 0.007 -24"><span class='ocrx_word' id='word_1_121' title='bbox 2078 393 2217 447; x_wconf 87' lang='lat' dir='ltr'><strong>tiam</strong></span> <span class='ocrx_word' id='word_1_122' title='bbox 2239 409 2335 464; x_wconf 90' lang='lat' dir='ltr'><strong>per</strong></span> <span class='ocrx_word' id='word_1_123' title='bbox 2353 405 2578 461; x_wconf 79' lang='lat' dir='ltr'><strong>gratiam</strong></span> <span class='ocrx_word' id='word_1_124' title='bbox 2598 396 2923 464; x_wconf 75' lang='lat' dir='ltr'><strong>evangelica:</strong></span> <span class='ocrx_word' id='word_1_125' title='bbox 2940 396 3342 464; x_wconf 72' lang='lat' dir='ltr'><strong>justiﬁciitiunis</strong></span> <span class='ocrx_word' id='word_1_126' title='bbox 3364 415 3426 454; x_wconf 83' lang='lat' dir='ltr'><strong>es</strong></span> <span class='ocrx_word' id='word_1_127' title='bbox 3436 400 3608 470; x_wconf 86' lang='lat' dir='ltr'><strong>plevet</strong></span> <span class='ocrx_word' id='word_1_128' title='bbox 3622 402 3683 458; x_wconf 91' lang='lat' dir='ltr'><strong>it.</strong></span> 
     </span>
    </p>
   </div>
   <div class='ocr_carea' id='block_1_20' title="bbox 2092 482 3686 560">
    <p class='ocr_par' dir='ltr' id='par_1_20' title="bbox 2092 482 3686 560">
     <span class='ocr_line' id='line_1_20' title="bbox 2092 482 3686 560; baseline 0.008 -23"><span class='ocrx_word' id='word_1_129' title='bbox 2092 482 2259 554; x_wconf 85' lang='lat' dir='ltr'><strong>Igitur</strong></span> <span class='ocrx_word' id='word_1_130' title='bbox 2283 485 2502 553; x_wconf 84' lang='lat' dir='ltr'><strong>jubetur</strong></span> <span class='ocrx_word' id='word_1_131' title='bbox 2534 487 2583 541; x_wconf 88' lang='lat' dir='ltr'><strong>in</strong></span> <span class='ocrx_word' id='word_1_132' title='bbox 2614 486 2870 558; x_wconf 72' lang='lat' dir='ltr'><strong>gaudium</strong></span> <span class='ocrx_word' id='word_1_133' title='bbox 2897 488 3105 544; x_wconf 92' lang='lat' dir='ltr'><strong>Domini</strong></span> <span class='ocrx_word' id='word_1_134' title='bbox 3136 489 3393 559; x_wconf 82' lang='lat' dir='ltr'><strong>introire,</strong></span> <span class='ocrx_word' id='word_1_135' title='bbox 3417 492 3469 548; x_wconf 89' lang='lat' dir='ltr'><strong>id</strong></span> <span class='ocrx_word' id='word_1_136' title='bbox 3502 503 3606 560; x_wconf 87' lang='lat' dir='ltr'><strong>est,</strong></span> <span class='ocrx_word' id='word_1_137' title='bbox 3630 493 3686 550; x_wconf 84' lang='lat' dir='ltr'><strong>in</strong></span> 
     </span>
    </p>
   </div>
   <div class='ocr_carea' id='block_1_21' title="bbox 2092 576 3326 655">
    <p class='ocr_par' dir='ltr' id='par_1_21' title="bbox 2092 576 3326 655">
     <span class='ocr_line' id='line_1_21' title="bbox 2092 576 3326 655; baseline 0.006 -24"><span class='ocrx_word' id='word_1_138' title='bbox 2092 576 2356 633; x_wconf 84' lang='lat' dir='ltr'><strong>lionorem</strong></span> <span class='ocrx_word' id='word_1_139' title='bbox 2380 577 2569 648; x_wconf 66' lang='lat' dir='ltr'><strong>gloriae</strong></span> <span class='ocrx_word' id='word_1_140' title='bbox 2596 578 2794 635; x_wconf 71' lang='lat' dir='ltr'><strong>Cllflali</strong></span> <span class='ocrx_word' id='word_1_141' title='bbox 2826 580 3083 651; x_wconf 82' lang='lat' dir='ltr'><strong>recipitur</strong></span> <span class='ocrx_word' id='word_1_142' title='bbox 3111 582 3129 653; x_wconf 92' lang='lat'>(</span> <span class='ocrx_word' id='word_1_143' title='bbox 3152 582 3183 652; x_wconf 65' lang='grc' dir='ltr'><em>ᾖ</em></span> <span class='ocrx_word' id='word_1_144' title='bbox 3205 581 3326 655; x_wconf 78' lang='grc'><strong>21).</strong></span> 
     </span>
    </p>
   </div>
   <div class='ocr_carea' id='block_1_22' title="bbox 2162 669 3688 743">
    <p class='ocr_par' dir='ltr' id='par_1_22' title="bbox 2162 669 3688 743">
     <span class='ocr_line' id='line_1_22' title="bbox 2162 669 3688 743; baseline 0.006 -18"><span class='ocrx_word' id='word_1_145' title='bbox 2162 669 2216 726; x_wconf 89' lang='lat'><strong>8.</strong></span> <span class='ocrx_word' id='word_1_146' title='bbox 2248 669 2343 724; x_wconf 87' lang='lat' dir='ltr'><strong>Cui</strong></span> <span class='ocrx_word' id='word_1_147' title='bbox 2372 670 2591 727; x_wconf 83' lang='lat' dir='ltr'><strong>duo.—</strong></span> <span class='ocrx_word' id='word_1_148' title='bbox 2620 671 2717 728; x_wconf 84' lang='lat' dir='ltr'><strong>ille</strong></span> <span class='ocrx_word' id='word_1_149' title='bbox 2765 689 2894 729; x_wconf 88' lang='lat' dir='ltr'><strong>vero</strong></span> <span class='ocrx_word' id='word_1_150' title='bbox 2941 688 3157 743; x_wconf 78' lang='lat' dir='ltr'><strong>servus,</strong></span> <span class='ocrx_word' id='word_1_151' title='bbox 3204 678 3288 731; x_wconf 87' lang='lat' dir='ltr'><strong>eui</strong></span> <span class='ocrx_word' id='word_1_152' title='bbox 3333 675 3442 733; x_wconf 89' lang='lat' dir='ltr'><strong>duo</strong></span> <span class='ocrx_word' id='word_1_153' title='bbox 3485 675 3688 735; x_wconf 83' lang='lat' dir='ltr'><strong>talenta</strong></span> 
     </span>
    </p>
   </div>
   <div class='ocr_carea' id='block_1_23' title="bbox 2094 762 3693 839">
    <p class='ocr_par' dir='ltr' id='par_1_23' title="bbox 2094 762 3693 839">
     <span class='ocr_line' id='line_1_23' title="bbox 2094 762 3693 839; baseline 0.007 -21"><span class='ocrx_word' id='word_1_154' title='bbox 2094 762 2383 835; x_wconf 87' lang='lat' dir='ltr'><strong>commissa</strong></span> <span class='ocrx_word' id='word_1_155' title='bbox 2437 777 2564 821; x_wconf 91' lang='lat' dir='ltr'><strong>sunt</strong></span> <span class='ocrx_word' id='word_1_156' title='bbox 2607 765 2821 839; x_wconf 58' lang='grc' dir='ltr'><strong>(ΗΞ),</strong></span> <span class='ocrx_word' id='word_1_157' title='bbox 2869 767 3111 837; x_wconf 85' lang='lat' dir='ltr'><strong>gentium</strong></span> <span class='ocrx_word' id='word_1_158' title='bbox 3157 770 3389 839; x_wconf 85' lang='lat' dir='ltr'><strong>populus</strong></span> <span class='ocrx_word' id='word_1_159' title='bbox 3432 781 3537 839; x_wconf 85' lang='lat' dir='ltr'><strong>est,</strong></span> <span class='ocrx_word' id='word_1_160' title='bbox 3585 772 3693 830; x_wconf 81' lang='lat' dir='ltr'><strong>ﬁde</strong></span> 
     </span>
    </p>
   </div>
   <div class='ocr_carea' id='block_1_24' title="bbox 2092 857 3692 938">
    <p class='ocr_par' dir='ltr' id='par_1_24' title="bbox 2092 857 3692 938">
     <span class='ocr_line' id='line_1_24' title="bbox 2092 857 3692 938; baseline 0.006 -25"><span class='ocrx_word' id='word_1_161' title='bbox 2092 871 2255 930; x_wconf 86' lang='lat' dir='ltr'><strong>atque</strong></span> <span class='ocrx_word' id='word_1_162' title='bbox 2292 857 2635 916; x_wconf 80' lang='lat' dir='ltr'><strong>confessione</strong></span> <span class='ocrx_word' id='word_1_163' title='bbox 2677 870 2733 915; x_wconf 83' lang='lat' dir='ltr'><strong>et</strong></span> <span class='ocrx_word' id='word_1_164' title='bbox 2774 859 2892 919; x_wconf 83' lang='lat' dir='ltr'><strong>Filii</strong></span> <span class='ocrx_word' id='word_1_165' title='bbox 2932 861 3262 932; x_wconf 86' lang='lat' dir='ltr'><strong>justilicatus</strong></span> <span class='ocrx_word' id='word_1_166' title='bbox 3288 873 3347 920; x_wconf 87' lang='lat' dir='ltr'><strong>et</strong></span> <span class='ocrx_word' id='word_1_167' title='bbox 3387 864 3581 931; x_wconf 79' lang='lat' dir='ltr'><strong>Patris,</strong></span> <span class='ocrx_word' id='word_1_168' title='bbox 3613 864 3692 938; x_wconf 70' lang='lat' dir='ltr'><strong>(li)</strong></span> 
     </span>
    </p>
   </div>
   <div class='ocr_carea' id='block_1_25' title="bbox 2093 952 3695 1029">
    <p class='ocr_par' dir='ltr' id='par_1_25' title="bbox 2093 952 3695 1029">
     <span class='ocr_line' id='line_1_25' title="bbox 2093 952 3695 1029; baseline 0.006 -23"><span class='ocrx_word' id='word_1_169' title='bbox 2093 961 2149 1008; x_wconf 88' lang='lat' dir='ltr'><strong>et</strong></span> <span class='ocrx_word' id='word_1_170' title='bbox 2180 952 2462 1007; x_wconf 90' lang='lat' dir='ltr'><strong>Dominum</strong></span> <span class='ocrx_word' id='word_1_171' title='bbox 2494 963 2739 1009; x_wconf 84' lang='lat' dir='ltr'><strong>nostrum</strong></span> <span class='ocrx_word' id='word_1_172' title='bbox 2781 954 2967 1011; x_wconf 74' lang='lat' dir='ltr'><strong>Iesum</strong></span> <span class='ocrx_word' id='word_1_173' title='bbox 3002 955 3276 1013; x_wconf 84' lang='lat' dir='ltr'><strong>Christum</strong></span> <span class='ocrx_word' id='word_1_174' title='bbox 3318 958 3487 1015; x_wconf 87' lang='lat' dir='ltr'><strong>Deum</strong></span> <span class='ocrx_word' id='word_1_175' title='bbox 3530 968 3695 1029; x_wconf 84' lang='lat' dir='ltr'><strong>atque</strong></span> 
     </span>
    </p>
   </div>
   <div class='ocr_carea' id='block_1_26' title="bbox 2096 1043 3694 1113">
    <p class='ocr_par' dir='ltr' id='par_1_26' title="bbox 2096 1043 3694 1113">
     <span class='ocr_line' id='line_1_26' title="bbox 2096 1043 3694 1113; baseline 0.006 -14"><span class='ocrx_word' id='word_1_176' title='bbox 2096 1043 2369 1102; x_wconf 84' lang='lat' dir='ltr'><strong>hominem</strong></span> <span class='ocrx_word' id='word_1_177' title='bbox 2398 1054 2459 1103; x_wconf 74' lang='lat' dir='ltr'><strong>et</strong></span> <span class='ocrx_word' id='word_1_178' title='bbox 2473 1047 2674 1113; x_wconf 69' lang='lat' dir='ltr'><strong>Spiritu</strong></span> <span class='ocrx_word' id='word_1_179' title='bbox 2698 1057 2752 1104; x_wconf 90' lang='lat' dir='ltr'><strong>et</strong></span> <span class='ocrx_word' id='word_1_180' title='bbox 2772 1064 2937 1105; x_wconf 88' lang='lat' dir='ltr'><strong>carne</strong></span> <span class='ocrx_word' id='word_1_181' title='bbox 2961 1049 3268 1106; x_wconf 74' lang='lat' dir='ltr'><strong>confessus.</strong></span> <span class='ocrx_word' id='word_1_182' title='bbox 3292 1050 3423 1107; x_wconf 82' lang='lat' dir='ltr'><strong>Nam</strong></span> <span class='ocrx_word' id='word_1_183' title='bbox 3448 1059 3505 1106; x_wconf 84' lang='lat' dir='ltr'><strong>et</strong></span> <span class='ocrx_word' id='word_1_184' title='bbox 3526 1052 3694 1109; x_wconf 84' lang='lat' dir='ltr'><strong>corde</strong></span> 
     </span>
    </p>
   </div>
   <div class='ocr_carea' id='block_1_27' title="bbox 2096 1135 3698 1213">
    <p class='ocr_par' dir='ltr' id='par_1_27' title="bbox 2096 1135 3698 1213">
     <span class='ocr_line' id='line_1_27' title="bbox 2096 1135 3698 1213; baseline 0.006 -22"><span class='ocrx_word' id='word_1_185' title='bbox 2096 1135 2251 1203; x_wconf 86' lang='lat' dir='ltr'><strong>ﬁdes,</strong></span> <span class='ocrx_word' id='word_1_186' title='bbox 2284 1147 2340 1195; x_wconf 90' lang='lat' dir='ltr'><strong>et</strong></span> <span class='ocrx_word' id='word_1_187' title='bbox 2367 1153 2466 1196; x_wconf 87' lang='lat' dir='ltr'><strong>ore</strong></span> <span class='ocrx_word' id='word_1_188' title='bbox 2505 1139 2778 1196; x_wconf 73' lang='lat' dir='ltr'><strong>confeSsio</strong></span> <span class='ocrx_word' id='word_1_189' title='bbox 2814 1149 2916 1196; x_wconf 71' lang='lat' dir='ltr'><strong>est.</strong></span> <span class='ocrx_word' id='word_1_190' title='bbox 2950 1140 3077 1197; x_wconf 75' lang='lat' dir='ltr'><strong>Haec</strong></span> <span class='ocrx_word' id='word_1_191' title='bbox 3106 1158 3235 1213; x_wconf 83' lang='lat' dir='ltr'><strong>ergo</strong></span> <span class='ocrx_word' id='word_1_192' title='bbox 3262 1142 3389 1198; x_wconf 82' lang='lat' dir='ltr'><strong>huic</strong></span> <span class='ocrx_word' id='word_1_193' title='bbox 3427 1153 3558 1199; x_wconf 85' lang='lat' dir='ltr'><strong>sunt</strong></span> <span class='ocrx_word' id='word_1_194' title='bbox 3588 1142 3698 1200; x_wconf 90' lang='lat' dir='ltr'><strong>duo</strong></span> 
     </span>
    </p>
   </div>
   <div class='ocr_carea' id='block_1_28' title="bbox 2098 1228 3698 1301">
    <p class='ocr_par' dir='ltr' id='par_1_28' title="bbox 2098 1228 3698 1301">
     <span class='ocr_line' id='line_1_28' title="bbox 2098 1228 3698 1301; baseline 0.004 -16"><span class='ocrx_word' id='word_1_195' title='bbox 2098 1228 2296 1285; x_wconf 87' lang='lat' dir='ltr'><strong>talenta</strong></span> <span class='ocrx_word' id='word_1_196' title='bbox 2326 1233 2634 1287; x_wconf 84' lang='lat' dir='ltr'><strong>commissa.</strong></span> <span class='ocrx_word' id='word_1_197' title='bbox 2667 1231 2774 1289; x_wconf 88' lang='lat' dir='ltr'><strong>Sed</strong></span> <span class='ocrx_word' id='word_1_198' title='bbox 2806 1244 2863 1288; x_wconf 90' lang='lat' dir='ltr'><strong>ut</strong></span> <span class='ocrx_word' id='word_1_199' title='bbox 2896 1234 3047 1301; x_wconf 88' lang='lat' dir='ltr'><strong>prior</strong></span> <span class='ocrx_word' id='word_1_200' title='bbox 3069 1234 3162 1290; x_wconf 88' lang='lat' dir='ltr'><strong>ille</strong></span> <span class='ocrx_word' id='word_1_201' title='bbox 3192 1250 3354 1291; x_wconf 89' lang='lat' dir='ltr'><strong>omne</strong></span> <span class='ocrx_word' id='word_1_202' title='bbox 3382 1249 3698 1291; x_wconf 83' lang='lat' dir='ltr'><strong>sacramen-</strong></span> 
     </span>
    </p>
   </div>
   <div class='ocr_carea' id='block_1_29' title="bbox 2099 1326 3691 1400">
    <p class='ocr_par' dir='ltr' id='par_1_29' title="bbox 2099 1326 3691 1400">
     <span class='ocr_line' id='line_1_29' title="bbox 2099 1326 3691 1400; baseline 0.004 -21"><span class='ocrx_word' id='word_1_203' title='bbox 2099 1334 2210 1379; x_wconf 92' lang='lat' dir='ltr'><strong>tum</strong></span> <span class='ocrx_word' id='word_1_204' title='bbox 2242 1326 2294 1379; x_wconf 92' lang='lat' dir='ltr'><strong>in</strong></span> <span class='ocrx_word' id='word_1_205' title='bbox 2324 1326 2565 1397; x_wconf 87' lang='lat' dir='ltr'><strong>quinque</strong></span> <span class='ocrx_word' id='word_1_206' title='bbox 2596 1327 2831 1392; x_wconf 86' lang='lat' dir='ltr'><strong>talentis,</strong></span> <span class='ocrx_word' id='word_1_207' title='bbox 2866 1327 2917 1382; x_wconf 89' lang='lat' dir='ltr'><strong>id</strong></span> <span class='ocrx_word' id='word_1_208' title='bbox 2948 1338 3052 1395; x_wconf 89' lang='lat' dir='ltr'><strong>est,</strong></span> <span class='ocrx_word' id='word_1_209' title='bbox 3095 1329 3145 1383; x_wconf 92' lang='lat' dir='ltr'><strong>in</strong></span> <span class='ocrx_word' id='word_1_210' title='bbox 3176 1328 3293 1399; x_wconf 85' lang='lat' dir='ltr'><strong>lege</strong></span> <span class='ocrx_word' id='word_1_211' title='bbox 3335 1338 3691 1400; x_wconf 76' lang='lat' dir='ltr'><strong>cognoverat,</strong></span> 
     </span>
    </p>
   </div>
   <div class='ocr_carea' id='block_1_30' title="bbox 2100 1415 3697 1491">
    <p class='ocr_par' dir='ltr' id='par_1_30' title="bbox 2100 1415 3697 1491">
     <span class='ocr_line' id='line_1_30' title="bbox 2100 1415 3697 1491; baseline 0.003 -18"><span class='ocrx_word' id='word_1_212' title='bbox 2100 1416 2263 1488; x_wconf 88' lang='lat' dir='ltr'><strong>idque</strong></span> <span class='ocrx_word' id='word_1_213' title='bbox 2290 1418 2468 1489; x_wconf 83' lang='lat' dir='ltr'><strong>ipsum</strong></span> <span class='ocrx_word' id='word_1_214' title='bbox 2495 1418 2600 1475; x_wconf 82' lang='lat' dir='ltr'><strong>ﬁde</strong></span> <span class='ocrx_word' id='word_1_215' title='bbox 2630 1418 2907 1490; x_wconf 84' lang='lat' dir='ltr'><strong>Evangelii</strong></span> <span class='ocrx_word' id='word_1_216' title='bbox 2929 1420 3304 1491; x_wconf 76' lang='lat' dir='ltr'><strong>duplicaverat</strong></span> <span class='ocrx_word' id='word_1_217' title='bbox 3332 1439 3347 1476; x_wconf 86' lang='lat'><strong>:</strong></span> <span class='ocrx_word' id='word_1_218' title='bbox 3376 1423 3447 1479; x_wconf 88' lang='lat' dir='ltr'><strong>ita</strong></span> <span class='ocrx_word' id='word_1_219' title='bbox 3475 1415 3578 1481; x_wconf 81' lang='lat' dir='ltr'><strong>iste</strong></span> <span class='ocrx_word' id='word_1_220' title='bbox 3606 1422 3697 1477; x_wconf 87' lang='lat' dir='ltr'><strong>in-</strong></span> 
     </span>
    </p>
   </div>
   <div class='ocr_carea' id='block_1_31' title="bbox 2097 1511 3698 1585">
    <p class='ocr_par' dir='ltr' id='par_1_31' title="bbox 2097 1511 3698 1585">
     <span class='ocr_line' id='line_1_31' title="bbox 2097 1511 3698 1585; baseline 0.003 -21"><span class='ocrx_word' id='word_1_221' title='bbox 2097 1518 2376 1567; x_wconf 87' lang='lat' dir='ltr'><strong>cremento</strong></span> <span class='ocrx_word' id='word_1_222' title='bbox 2431 1511 2595 1567; x_wconf 88' lang='lat' dir='ltr'><strong>duum</strong></span> <span class='ocrx_word' id='word_1_223' title='bbox 2642 1511 2996 1579; x_wconf 77' lang='lat' dir='ltr'><strong>talentorum,</strong></span> <span class='ocrx_word' id='word_1_224' title='bbox 3047 1512 3122 1584; x_wconf 83' lang='lat' dir='ltr'><strong>(c)</strong></span> <span class='ocrx_word' id='word_1_225' title='bbox 3171 1512 3333 1583; x_wconf 80' lang='lat' dir='ltr'><strong>idque</strong></span> <span class='ocrx_word' id='word_1_226' title='bbox 3377 1513 3698 1585; x_wconf 80' lang='lat' dir='ltr'><strong>operatione</strong></span> 
     </span>
    </p>
   </div>
   <div class='ocr_carea' id='block_1_32' title="bbox 2098 1606 3698 1680">
    <p class='ocr_par' dir='ltr' id='par_1_32' title="bbox 2098 1606 3698 1680">
     <span class='ocr_line' id='line_1_32' title="bbox 2098 1606 3698 1680; baseline 0.003 -20"><span class='ocrx_word' id='word_1_227' title='bbox 2098 1606 2416 1674; x_wconf 82' lang='lat' dir='ltr'><strong>promeruit.</strong></span> <span class='ocrx_word' id='word_1_228' title='bbox 2449 1606 2679 1663; x_wconf 80' lang='lat' dir='ltr'><strong>Ratione</strong></span> <span class='ocrx_word' id='word_1_229' title='bbox 2705 1622 2769 1663; x_wconf 86' lang='lat' dir='ltr'><strong>ac</strong></span> <span class='ocrx_word' id='word_1_230' title='bbox 2797 1607 2973 1663; x_wconf 85' lang='lat' dir='ltr'><strong>reditu</strong></span> <span class='ocrx_word' id='word_1_231' title='bbox 3012 1606 3286 1675; x_wconf 78' lang='lat' dir='ltr'><strong>dissimili,</strong></span> <span class='ocrx_word' id='word_1_232' title='bbox 3320 1623 3417 1680; x_wconf 81' lang='lat' dir='ltr'><strong>par</strong></span> <span class='ocrx_word' id='word_1_233' title='bbox 3454 1617 3636 1671; x_wconf 76' lang='lat' dir='ltr'><strong>tamen</strong></span> <span class='ocrx_word' id='word_1_234' title='bbox 3667 1621 3698 1665; x_wconf 85' lang='lat' dir='ltr'><strong>a</strong></span> 
     </span>
    </p>
   </div>
   <div class='ocr_carea' id='block_1_33' title="bbox 472 1694 3702 1773">
    <p class='ocr_par' dir='ltr' id='par_1_33' title="bbox 472 1694 3702 1773">
     <span class='ocr_line' id='line_1_33' title="bbox 472 1694 3702 1773; baseline 0.002 -22"><span class='ocrx_word' id='word_1_235' title='bbox 472 1697 526 1753; x_wconf 88' lang='lat'><strong>6.</strong></span> <span class='ocrx_word' id='word_1_236' title='bbox 571 1695 790 1751; x_wconf 83' lang='lat' dir='ltr'><strong>Talenta</strong></span> <span class='ocrx_word' id='word_1_237' title='bbox 816 1695 1101 1751; x_wconf 80' lang='lat' dir='ltr'><strong>secundum</strong></span> <span class='ocrx_word' id='word_1_238' title='bbox 1130 1695 1251 1767; x_wconf 82' lang='lat' dir='ltr'><strong>ﬁdei</strong></span> <span class='ocrx_word' id='word_1_239' title='bbox 1281 1710 1573 1750; x_wconf 77' lang='lat' dir='ltr'><strong>mensuram</strong></span> <span class='ocrx_word' id='word_1_240' title='bbox 1601 1694 1888 1750; x_wconf 80' lang='lat' dir='ltr'><strong>distributa.</strong></span> <span class='ocrx_word' id='word_1_241' title='bbox 1930 1723 1999 1734; x_wconf 92' lang='lat'><strong>—</strong></span> <span class='ocrx_word' id='word_1_242' title='bbox 2030 1699 2078 1765; x_wconf 80' lang='grc' dir='ltr'><strong><em>Β</em></strong></span> <span class='ocrx_word' id='word_1_243' title='bbox 2109 1697 2334 1754; x_wconf 88' lang='lat' dir='ltr'><strong>Domino</strong></span> <span class='ocrx_word' id='word_1_244' title='bbox 2360 1715 2558 1756; x_wconf 88' lang='lat' dir='ltr'><strong>munus</strong></span> <span class='ocrx_word' id='word_1_245' title='bbox 2581 1701 2861 1756; x_wconf 87' lang='lat' dir='ltr'><strong>amborum</strong></span> <span class='ocrx_word' id='word_1_246' title='bbox 2888 1712 3004 1764; x_wconf 87' lang='lat' dir='ltr'><strong>est;</strong></span> <span class='ocrx_word' id='word_1_247' title='bbox 3029 1711 3088 1757; x_wconf 87' lang='lat' dir='ltr'><strong>ut</strong></span> <span class='ocrx_word' id='word_1_248' title='bbox 3105 1704 3348 1773; x_wconf 86' lang='lat' dir='ltr'><strong>gentium</strong></span> <span class='ocrx_word' id='word_1_249' title='bbox 3374 1701 3535 1758; x_wconf 76' lang='lat' dir='ltr'><strong>ﬁdem</strong></span> <span class='ocrx_word' id='word_1_250' title='bbox 3556 1715 3702 1758; x_wconf 68' lang='lat' dir='ltr'><strong>esui-</strong></span> 
     </span>
    </p>
   </div>
   <div class='ocr_carea' id='block_1_34' title="bbox 404 1786 3693 1862">
    <p class='ocr_par' dir='ltr' id='par_1_34' title="bbox 404 1786 3693 1862">
     <span class='ocr_line' id='line_1_34' title="bbox 404 1786 3693 1862; baseline 0 -16"><span class='ocrx_word' id='word_1_251' title='bbox 404 1789 555 1846; x_wconf 83' lang='lat' dir='ltr'><strong>Sicut</strong></span> <span class='ocrx_word' id='word_1_252' title='bbox 582 1788 712 1843; x_wconf 84' lang='lat' dir='ltr'><strong>enim</strong></span> <span class='ocrx_word' id='word_1_253' title='bbox 753 1789 905 1843; x_wconf 82' lang='lat' dir='ltr'><strong>homo</strong></span> <span class='ocrx_word' id='word_1_254' title='bbox 954 1805 1159 1862; x_wconf 79' lang='lat' dir='ltr'><strong>peregre</strong></span> <span class='ocrx_word' id='word_1_255' title='bbox 1194 1788 1521 1859; x_wconf 82' lang='lat' dir='ltr'><strong>proﬁciscens</strong></span> <span class='ocrx_word' id='word_1_256' title='bbox 1545 1829 1560 1852; x_wconf 93' lang='lat'><strong>,</strong></span> <span class='ocrx_word' id='word_1_257' title='bbox 1603 1787 1793 1842; x_wconf 78' lang='lat' dir='ltr'><strong>vocavit</strong></span> <span class='ocrx_word' id='word_1_258' title='bbox 1831 1802 2000 1842; x_wconf 78' lang='lat' dir='ltr'><strong>servos</strong></span> <span class='ocrx_word' id='word_1_259' title='bbox 2090 1786 2319 1860; x_wconf 68' lang='lat' dir='ltr'><strong>&#39;qustam</strong></span> <span class='ocrx_word' id='word_1_260' title='bbox 2371 1791 2708 1847; x_wconf 80' lang='lat' dir='ltr'><strong>credentium</strong></span> <span class='ocrx_word' id='word_1_261' title='bbox 2756 1808 2830 1847; x_wconf 75' lang='lat' dir='ltr'><strong>ex</strong></span> <span class='ocrx_word' id='word_1_262' title='bbox 2877 1792 2996 1862; x_wconf 88' lang='lat' dir='ltr'><strong>lege</strong></span> <span class='ocrx_word' id='word_1_263' title='bbox 3032 1794 3279 1849; x_wconf 71' lang='lat' dir='ltr'><strong>scientia:</strong></span> <span class='ocrx_word' id='word_1_264' title='bbox 3317 1808 3693 1849; x_wconf 82' lang='lat' dir='ltr'><strong>nosceremus.</strong></span> 
     </span>
    </p>
   </div>
   <div class='ocr_carea' id='block_1_35' title="bbox 404 1878 3701 1955">
    <p class='ocr_par' dir='ltr' id='par_1_35' title="bbox 404 1878 3701 1955">
     <span class='ocr_line' id='line_1_35' title="bbox 404 1878 3701 1955; baseline 0.001 -19"><span class='ocrx_word' id='word_1_265' title='bbox 404 1898 524 1936; x_wconf 85' lang='lat' dir='ltr'><strong>suos</strong></span> <span class='ocrx_word' id='word_1_266' title='bbox 549 1924 564 1948; x_wconf 91' lang='lat'><strong>,</strong></span> <span class='ocrx_word' id='word_1_267' title='bbox 610 1890 655 1935; x_wconf 86' lang='lat' dir='ltr'><strong>et</strong></span> <span class='ocrx_word' id='word_1_268' title='bbox 694 1880 907 1934; x_wconf 85' lang='lat' dir='ltr'><strong>tradidit</strong></span> <span class='ocrx_word' id='word_1_269' title='bbox 942 1880 1046 1935; x_wconf 83' lang='lat' dir='ltr'><strong>illis</strong></span> <span class='ocrx_word' id='word_1_270' title='bbox 1086 1879 1425 1935; x_wconf 73' lang='lat' dir='ltr'><strong>substantiam</strong></span> <span class='ocrx_word' id='word_1_271' title='bbox 1465 1895 1612 1934; x_wconf 84' lang='lat' dir='ltr'><strong>suam</strong></span> <span class='ocrx_word' id='word_1_272' title='bbox 1636 1920 1651 1945; x_wconf 94' lang='lat'><strong>,</strong></span> <span class='ocrx_word' id='word_1_273' title='bbox 1698 1888 1753 1934; x_wconf 91' lang='lat' dir='ltr'><strong>et</strong></span> <span class='ocrx_word' id='word_1_274' title='bbox 1793 1878 2001 1948; x_wconf 82' lang='lat' dir='ltr'><strong>reliqua</strong></span> <span class='ocrx_word' id='word_1_275' title='bbox 2101 1880 2237 1937; x_wconf 84' lang='lat' dir='ltr'><strong>Nam</strong></span> <span class='ocrx_word' id='word_1_276' title='bbox 2277 1882 2675 1937; x_wconf 83' lang='lat' dir='ltr'><strong>collaudatioue</strong></span> <span class='ocrx_word' id='word_1_277' title='bbox 2718 1882 2908 1938; x_wconf 87' lang='lat' dir='ltr'><strong>eadem</strong></span> <span class='ocrx_word' id='word_1_278' title='bbox 2941 1884 3163 1953; x_wconf 72' lang='lat' dir='ltr'><strong>iubetur</strong></span> <span class='ocrx_word' id='word_1_279' title='bbox 3203 1885 3258 1939; x_wconf 92' lang='lat' dir='ltr'><strong>in</strong></span> <span class='ocrx_word' id='word_1_280' title='bbox 3302 1886 3559 1955; x_wconf 88' lang='lat' dir='ltr'><strong>gaudium</strong></span> <span class='ocrx_word' id='word_1_281' title='bbox 3592 1888 3701 1940; x_wconf 87' lang='lat' dir='ltr'><strong>Do-</strong></span> 
     </span>
    </p>
   </div>
   <div class='ocr_carea' id='block_1_36' title="bbox 408 1968 3699 2047">
    <p class='ocr_par' dir='ltr' id='par_1_36' title="bbox 408 1968 3699 2047">
     <span class='ocr_line' id='line_1_36' title="bbox 408 1968 3699 2047; baseline 0 -18"><span class='ocrx_word' id='word_1_282' title='bbox 408 1974 479 2046; x_wconf 65' lang='lat'><strong>(7</strong></span> <span class='ocrx_word' id='word_1_283' title='bbox 518 1974 628 2046; x_wconf 70' lang='lat' dir='ltr'><strong>ll).</strong></span> <span class='ocrx_word' id='word_1_284' title='bbox 686 1975 883 2029; x_wconf 88' lang='lat' dir='ltr'><strong>Divisio</strong></span> <span class='ocrx_word' id='word_1_285' title='bbox 935 1974 1174 2043; x_wconf 69' lang='lat' dir='ltr'><strong>pecuuim</strong></span> <span class='ocrx_word' id='word_1_286' title='bbox 1214 1972 1494 2043; x_wconf 75' lang='lat' dir='ltr'><strong>inn-qualis</strong></span> <span class='ocrx_word' id='word_1_287' title='bbox 1519 1984 1635 2028; x_wconf 89' lang='lat' dir='ltr'><strong>est:</strong></span> <span class='ocrx_word' id='word_1_288' title='bbox 1677 1971 1773 2028; x_wconf 88' lang='lat' dir='ltr'><strong>sed</strong></span> <span class='ocrx_word' id='word_1_289' title='bbox 1804 1987 1909 2028; x_wconf 90' lang='lat' dir='ltr'><strong>non</strong></span> <span class='ocrx_word' id='word_1_290' title='bbox 1934 1968 2003 2025; x_wconf 81' lang='lat' dir='ltr'><strong>ad</strong></span> <span class='ocrx_word' id='word_1_291' title='bbox 2103 1973 2235 2029; x_wconf 89' lang='lat' dir='ltr'><strong>mini</strong></span> <span class='ocrx_word' id='word_1_292' title='bbox 2275 1974 2501 2031; x_wconf 87' lang='lat' dir='ltr'><strong>introire</strong></span> <span class='ocrx_word' id='word_1_293' title='bbox 2543 1972 2749 2047; x_wconf 57' lang='lat'><strong>(725).</strong></span> <span class='ocrx_word' id='word_1_294' title='bbox 2785 1974 2880 2030; x_wconf 87' lang='lat' dir='ltr'><strong>Est</strong></span> <span class='ocrx_word' id='word_1_295' title='bbox 2921 1984 3101 2030; x_wconf 86' lang='lat' dir='ltr'><strong>autem</strong></span> <span class='ocrx_word' id='word_1_296' title='bbox 3130 1974 3426 2044; x_wconf 84' lang='lat' dir='ltr'><strong>duplicatio</strong></span> <span class='ocrx_word' id='word_1_297' title='bbox 3462 1984 3699 2045; x_wconf 73' lang='lat' dir='ltr'><strong>sumptui</strong></span> 
     </span>
    </p>
   </div>
   <div class='ocr_carea' id='block_1_37' title="bbox 407 2062 3710 2141">
    <p class='ocr_par' dir='ltr' id='par_1_37' title="bbox 407 2062 3710 2141">
     <span class='ocr_line' id='line_1_37' title="bbox 407 2062 3710 2141; baseline 0.002 -18"><span class='ocrx_word' id='word_1_298' title='bbox 407 2067 735 2123; x_wconf 78' lang='lat' dir='ltr'><strong>dividentem</strong></span> <span class='ocrx_word' id='word_1_299' title='bbox 759 2065 1041 2121; x_wconf 86' lang='lat' dir='ltr'><strong>referenda</strong></span> <span class='ocrx_word' id='word_1_300' title='bbox 1062 2062 1352 2120; x_wconf 78' lang='lat' dir='ltr'><strong>diversitas</strong></span> <span class='ocrx_word' id='word_1_301' title='bbox 1372 2073 1494 2132; x_wconf 87' lang='lat' dir='ltr'><strong>est;</strong></span> <span class='ocrx_word' id='word_1_302' title='bbox 1526 2066 1604 2120; x_wconf 92' lang='lat' dir='ltr'><strong>ait</strong></span> <span class='ocrx_word' id='word_1_303' title='bbox 1622 2064 1791 2127; x_wconf 89' lang='lat' dir='ltr'><strong>enim,</strong></span> <span class='ocrx_word' id='word_1_304' title='bbox 1817 2078 2003 2118; x_wconf 86' lang='lat' dir='ltr'><strong>unum-</strong></span> <span class='ocrx_word' id='word_1_305' title='bbox 2107 2068 2371 2136; x_wconf 67' lang='lat' dir='ltr'><strong>pecuniae,</strong></span> <span class='ocrx_word' id='word_1_306' title='bbox 2391 2067 2762 2138; x_wconf 79' lang='lat' dir='ltr'><strong>operationem</strong></span> <span class='ocrx_word' id='word_1_307' title='bbox 2780 2069 2904 2123; x_wconf 85' lang='lat' dir='ltr'><strong>ﬁdei</strong></span> <span class='ocrx_word' id='word_1_308' title='bbox 2922 2068 3216 2135; x_wconf 76' lang='lat' dir='ltr'><strong>addidisse,</strong></span> <span class='ocrx_word' id='word_1_309' title='bbox 3234 2077 3294 2126; x_wconf 88' lang='lat' dir='ltr'><strong>et</strong></span> <span class='ocrx_word' id='word_1_310' title='bbox 3312 2084 3434 2140; x_wconf 67' lang='lat' dir='ltr'><strong>quas</strong></span> <span class='ocrx_word' id='word_1_311' title='bbox 3452 2069 3710 2141; x_wconf 76' lang='lat' dir='ltr'><strong>opinione</strong></span> 
     </span>
    </p>
   </div>
   <div class='ocr_carea' id='block_1_38' title="bbox 406 2155 3246 2232">
    <p class='ocr_par' dir='ltr' id='par_1_38' title="bbox 406 2155 3246 2232">
     <span class='ocr_line' id='line_1_38' title="bbox 406 2155 3246 2232; baseline 0 -16"><span class='ocrx_word' id='word_1_312' title='bbox 406 2176 675 2232; x_wconf 89' lang='lat' dir='ltr'><strong>quemque</strong></span> <span class='ocrx_word' id='word_1_313' title='bbox 706 2158 1001 2215; x_wconf 90' lang='lat' dir='ltr'><strong>secundum</strong></span> <span class='ocrx_word' id='word_1_314' title='bbox 1029 2159 1280 2214; x_wconf 88' lang='lat' dir='ltr'><strong>virtutem</strong></span> <span class='ocrx_word' id='word_1_315' title='bbox 1315 2173 1467 2214; x_wconf 90' lang='lat' dir='ltr'><strong>suam</strong></span> <span class='ocrx_word' id='word_1_316' title='bbox 1510 2157 1810 2230; x_wconf 79' lang='lat' dir='ltr'><strong>accepisse.</strong></span> <span class='ocrx_word' id='word_1_317' title='bbox 1863 2155 2007 2226; x_wconf 80' lang='lat' dir='ltr'><strong>Ergo</strong></span> <span class='ocrx_word' id='word_1_318' title='bbox 2105 2158 2472 2224; x_wconf 86' lang='lat' dir='ltr'><strong>crediderant.</strong></span> <span class='ocrx_word' id='word_1_319' title='bbox 2504 2162 2664 2217; x_wconf 86' lang='lat' dir='ltr'><strong>rebus</strong></span> <span class='ocrx_word' id='word_1_320' title='bbox 2696 2160 2961 2231; x_wconf 79' lang='lat' dir='ltr'><strong>factisque</strong></span> <span class='ocrx_word' id='word_1_321' title='bbox 2984 2163 3246 2232; x_wconf 84' lang='lat' dir='ltr'><strong>gessisse.</strong></span> 
     </span>
    </p>
   </div>
   <div class='ocr_carea' id='block_1_39' title="bbox 408 2248 3705 2323">
    <p class='ocr_par' dir='ltr' id='par_1_39' title="bbox 408 2248 3705 2323">
     <span class='ocr_line' id='line_1_39' title="bbox 408 2248 3705 2323; baseline 0.001 -16"><span class='ocrx_word' id='word_1_322' title='bbox 408 2252 462 2307; x_wconf 89' lang='lat' dir='ltr'><strong>in</strong></span> <span class='ocrx_word' id='word_1_323' title='bbox 491 2261 751 2323; x_wconf 89' lang='lat' dir='ltr'><strong>quantum</strong></span> <span class='ocrx_word' id='word_1_324' title='bbox 779 2250 901 2322; x_wconf 86' lang='lat' dir='ltr'><strong>quis</strong></span> <span class='ocrx_word' id='word_1_325' title='bbox 927 2265 1095 2321; x_wconf 79' lang='lat' dir='ltr'><strong>capax</strong></span> <span class='ocrx_word' id='word_1_326' title='bbox 1125 2258 1274 2306; x_wconf 80' lang='lat' dir='ltr'><strong>esset</strong></span> <span class='ocrx_word' id='word_1_327' title='bbox 1296 2252 1504 2321; x_wconf 88' lang='lat' dir='ltr'><strong>accepit</strong></span> <span class='ocrx_word' id='word_1_328' title='bbox 1523 2262 1789 2306; x_wconf 71' lang='lat' dir='ltr'><strong>:‘etextra</strong></span> <span class='ocrx_word' id='word_1_329' title='bbox 1813 2248 2005 2311; x_wconf 85' lang='lat' dir='ltr'><strong>mode-</strong></span> <span class='ocrx_word' id='word_1_330' title='bbox 2180 2250 2234 2307; x_wconf 85' lang='lat'><strong>9.</strong></span> <span class='ocrx_word' id='word_1_331' title='bbox 2265 2252 2361 2307; x_wconf 80' lang='lat' dir='ltr'><strong>Cui</strong></span> <span class='ocrx_word' id='word_1_332' title='bbox 2390 2269 2548 2309; x_wconf 76' lang='lat' dir='ltr'><strong>unum</strong></span> <span class='ocrx_word' id='word_1_333' title='bbox 2572 2252 2844 2311; x_wconf 73' lang='lat' dir='ltr'><strong>talentum.</strong></span> <span class='ocrx_word' id='word_1_334' title='bbox 2864 2253 3057 2323; x_wconf 86' lang='lat' dir='ltr'><strong>-—Qui</strong></span> <span class='ocrx_word' id='word_1_335' title='bbox 3086 2268 3218 2310; x_wconf 85' lang='lat' dir='ltr'><strong>vero</strong></span> <span class='ocrx_word' id='word_1_336' title='bbox 3243 2269 3408 2311; x_wconf 74' lang='lat' dir='ltr'><strong>unum</strong></span> <span class='ocrx_word' id='word_1_337' title='bbox 3437 2253 3705 2311; x_wconf 74' lang='lat' dir='ltr'><strong>talentum</strong></span> 
     </span>
    </p>
   </div>
   <div class='ocr_carea' id='block_1_40' title="bbox 415 2342 3713 2421">
    <p class='ocr_par' dir='ltr' id='par_1_40' title="bbox 415 2342 3713 2421">
     <span class='ocr_line' id='line_1_40' title="bbox 415 2342 3713 2421; baseline -0 -18"><span class='ocrx_word' id='word_1_338' title='bbox 415 2346 585 2403; x_wconf 84' lang='lat' dir='ltr'><strong>ramis</strong></span> <span class='ocrx_word' id='word_1_339' title='bbox 615 2346 894 2403; x_wconf 82' lang='lat' dir='ltr'><strong>aibitrium</strong></span> <span class='ocrx_word' id='word_1_340' title='bbox 927 2355 1050 2410; x_wconf 89' lang='lat' dir='ltr'><strong>est,</strong></span> <span class='ocrx_word' id='word_1_341' title='bbox 1101 2344 1244 2416; x_wconf 87' lang='lat' dir='ltr'><strong>quod</strong></span> <span class='ocrx_word' id='word_1_342' title='bbox 1287 2353 1404 2401; x_wconf 87' lang='lat' dir='ltr'><strong>erat</strong></span> <span class='ocrx_word' id='word_1_343' title='bbox 1448 2343 1501 2399; x_wconf 91' lang='lat' dir='ltr'><strong>in</strong></span> <span class='ocrx_word' id='word_1_344' title='bbox 1546 2344 1671 2416; x_wconf 86' lang='lat' dir='ltr'><strong>jure</strong></span> <span class='ocrx_word' id='word_1_345' title='bbox 1718 2342 2006 2399; x_wconf 87' lang='lat' dir='ltr'><strong>sumentis.</strong></span> <span class='ocrx_word' id='word_1_346' title='bbox 2108 2346 2338 2416; x_wconf 80' lang='lat' dir='ltr'><strong>accepit,</strong></span> <span class='ocrx_word' id='word_1_347' title='bbox 2368 2355 2425 2402; x_wconf 87' lang='lat' dir='ltr'><strong>et</strong></span> <span class='ocrx_word' id='word_1_348' title='bbox 2462 2347 2518 2402; x_wconf 90' lang='lat' dir='ltr'><strong>in</strong></span> <span class='ocrx_word' id='word_1_349' title='bbox 2548 2356 2692 2403; x_wconf 83' lang='lat' dir='ltr'><strong>tem</strong></span> <span class='ocrx_word' id='word_1_350' title='bbox 2732 2346 3039 2403; x_wconf 77' lang='lat' dir='ltr'><strong>recondidit</strong></span> <span class='ocrx_word' id='word_1_351' title='bbox 3066 2345 3139 2421; x_wconf 61' lang='grc' dir='ltr'><strong>(ᾖ</strong></span> <span class='ocrx_word' id='word_1_352' title='bbox 3185 2345 3317 2419; x_wconf 68' lang='grc' dir='ltr'><strong>ει),</strong></span> <span class='ocrx_word' id='word_1_353' title='bbox 3350 2346 3586 2417; x_wconf 81' lang='lat' dir='ltr'><strong>populus</strong></span> <span class='ocrx_word' id='word_1_354' title='bbox 3622 2353 3713 2403; x_wconf 84' lang='lat' dir='ltr'><strong>est</strong></span> 
     </span>
    </p>
   </div>
   <div class='ocr_carea' id='block_1_41' title="bbox 423 2430 3711 2512">
    <p class='ocr_par' dir='ltr' id='par_1_41' title="bbox 423 2430 3711 2512">
     <span class='ocr_line' id='line_1_41' title="bbox 423 2430 3711 2512; baseline 0.001 -17"><span class='ocrx_word' id='word_1_355' title='bbox 423 2438 869 2495; x_wconf 83' lang='lat' dir='ltr'><strong>Patremfamilias</strong></span> <span class='ocrx_word' id='word_1_356' title='bbox 911 2478 928 2504; x_wconf 90' lang='lat'><strong>,</strong></span> <span class='ocrx_word' id='word_1_357' title='bbox 997 2430 1162 2511; x_wconf 74' lang='lat'><strong>796</strong></span> <span class='ocrx_word' id='word_1_358' title='bbox 1230 2453 1289 2492; x_wconf 86' lang='lat' dir='ltr'><strong>se</strong></span> <span class='ocrx_word' id='word_1_359' title='bbox 1338 2437 1514 2507; x_wconf 81' lang='lat' dir='ltr'><strong>ipsum</strong></span> <span class='ocrx_word' id='word_1_360' title='bbox 1562 2452 1684 2493; x_wconf 89' lang='lat' dir='ltr'><strong>esse</strong></span> <span class='ocrx_word' id='word_1_361' title='bbox 1717 2436 2007 2508; x_wconf 85' lang='lat' dir='ltr'><strong>signiﬁcat.</strong></span> <span class='ocrx_word' id='word_1_362' title='bbox 2111 2439 2165 2494; x_wconf 83' lang='lat' dir='ltr'><strong>in</strong></span> <span class='ocrx_word' id='word_1_363' title='bbox 2200 2439 2321 2510; x_wconf 79' lang='lat' dir='ltr'><strong>lege</strong></span> <span class='ocrx_word' id='word_1_364' title='bbox 2348 2441 2671 2510; x_wconf 82' lang='lat' dir='ltr'><strong>persistens,</strong></span> <span class='ocrx_word' id='word_1_365' title='bbox 2700 2449 2844 2497; x_wconf 88' lang='lat' dir='ltr'><strong>totus</strong></span> <span class='ocrx_word' id='word_1_366' title='bbox 2862 2440 3468 2512; x_wconf 76' lang='lat' dir='ltr'><strong>carnalisetstupidus,</strong></span> <span class='ocrx_word' id='word_1_367' title='bbox 3490 2451 3544 2497; x_wconf 88' lang='lat' dir='ltr'><strong>et</strong></span> <span class='ocrx_word' id='word_1_368' title='bbox 3570 2440 3711 2499; x_wconf 77' lang='lat' dir='ltr'><strong>nihil</strong></span> 
     </span>
    </p>
   </div>
   <div class='ocr_carea' id='block_1_42' title="bbox 418 2520 3717 2605">
    <p class='ocr_par' dir='ltr' id='par_1_42' title="bbox 418 2520 3717 2605">
     <span class='ocr_line' id='line_1_42' title="bbox 418 2520 3717 2605; baseline 0.002 -18"><span class='ocrx_word' id='word_1_369' title='bbox 418 2520 874 2602; x_wconf 83' lang='lat' dir='ltr'><strong>Peregrinationis</strong></span> <span class='ocrx_word' id='word_1_370' title='bbox 903 2541 1113 2600; x_wconf 87' lang='lat' dir='ltr'><strong>tempus</strong></span> <span class='ocrx_word' id='word_1_371' title='bbox 1143 2530 1471 2600; x_wconf 61' lang='lat' dir='ltr'><strong>paenitentiae</strong></span> <span class='ocrx_word' id='word_1_372' title='bbox 1498 2531 1729 2601; x_wconf 84' lang='lat' dir='ltr'><strong>spatium</strong></span> <span class='ocrx_word' id='word_1_373' title='bbox 1754 2539 1870 2586; x_wconf 89' lang='lat' dir='ltr'><strong>est:</strong></span> <span class='ocrx_word' id='word_1_374' title='bbox 1902 2544 2012 2601; x_wconf 87' lang='lat' dir='ltr'><strong>quo</strong></span> <span class='ocrx_word' id='word_1_375' title='bbox 2111 2533 2359 2603; x_wconf 85' lang='lat' dir='ltr'><strong>spiritale</strong></span> <span class='ocrx_word' id='word_1_376' title='bbox 2406 2533 2735 2604; x_wconf 81' lang='lat' dir='ltr'><strong>intelligens,</strong></span> <span class='ocrx_word' id='word_1_377' title='bbox 2783 2544 2841 2591; x_wconf 85' lang='lat' dir='ltr'><strong>et</strong></span> <span class='ocrx_word' id='word_1_378' title='bbox 2882 2550 3046 2605; x_wconf 76' lang='lat' dir='ltr'><strong>quem</strong></span> <span class='ocrx_word' id='word_1_379' title='bbox 3094 2535 3263 2593; x_wconf 82' lang='lat' dir='ltr'><strong>virtus</strong></span> <span class='ocrx_word' id='word_1_380' title='bbox 3307 2534 3717 2605; x_wconf 66' lang='lat' dir='ltr'><strong>predicstiouis</strong></span> 
     </span>
    </p>
   </div>
   <div class='ocr_carea' id='block_1_43' title="bbox 416 2621 3716 2697">
    <p class='ocr_par' dir='ltr' id='par_1_43' title="bbox 416 2621 3716 2697">
     <span class='ocr_line' id='line_1_43' title="bbox 416 2621 3716 2697; baseline 0.001 -18"><span class='ocrx_word' id='word_1_381' title='bbox 416 2625 468 2679; x_wconf 89' lang='lat' dir='ltr'><strong>in</strong></span> <span class='ocrx_word' id='word_1_382' title='bbox 498 2624 648 2680; x_wconf 70' lang='lat' dir='ltr'><strong>cuilis</strong></span> <span class='ocrx_word' id='word_1_383' title='bbox 675 2638 707 2678; x_wconf 88' lang='lat' dir='ltr'><strong>a</strong></span> <span class='ocrx_word' id='word_1_384' title='bbox 736 2623 942 2678; x_wconf 83' lang='lat' dir='ltr'><strong>dextris</strong></span> <span class='ocrx_word' id='word_1_385' title='bbox 972 2622 1066 2677; x_wconf 81' lang='lat' dir='ltr'><strong>Dei</strong></span> <span class='ocrx_word' id='word_1_386' title='bbox 1096 2623 1345 2677; x_wconf 81' lang='lat' dir='ltr'><strong>assidens</strong></span> <span class='ocrx_word' id='word_1_387' title='bbox 1369 2662 1385 2689; x_wconf 92' lang='lat'><strong>,</strong></span> <span class='ocrx_word' id='word_1_388' title='bbox 1411 2631 1730 2692; x_wconf 88' lang='lat' dir='ltr'><strong>potestatem</strong></span> <span class='ocrx_word' id='word_1_389' title='bbox 1761 2621 2013 2678; x_wconf 89' lang='lat' dir='ltr'><strong>universo</strong></span> <span class='ocrx_word' id='word_1_390' title='bbox 2114 2627 2444 2696; x_wconf 55' lang='lat' dir='ltr'><strong>evangelica</strong></span> <span class='ocrx_word' id='word_1_391' title='bbox 2462 2643 2570 2683; x_wconf 88' lang='lat' dir='ltr'><strong>non</strong></span> <span class='ocrx_word' id='word_1_392' title='bbox 2599 2626 2814 2694; x_wconf 79' lang='lat' dir='ltr'><strong>subeat,</strong></span> <span class='ocrx_word' id='word_1_393' title='bbox 2840 2626 2937 2684; x_wconf 82' lang='lat' dir='ltr'><strong>sed</strong></span> <span class='ocrx_word' id='word_1_394' title='bbox 2961 2634 3186 2697; x_wconf 63' lang='lat' dir='ltr'><strong>propter</strong></span> <span class='ocrx_word' id='word_1_395' title='bbox 3212 2625 3471 2685; x_wconf 79' lang='lat' dir='ltr'><strong>invidiam</strong></span> <span class='ocrx_word' id='word_1_396' title='bbox 3494 2627 3716 2683; x_wconf 81' lang='lat' dir='ltr'><strong>salvan-</strong></span> 
     </span>
    </p>
   </div>
   <div class='ocr_carea' id='block_1_44' title="bbox 413 2713 3720 2789">
    <p class='ocr_par' dir='ltr' id='par_1_44' title="bbox 413 2713 3720 2789">
     <span class='ocr_line' id='line_1_44' title="bbox 413 2713 3720 2789; baseline 0.001 -18"><span class='ocrx_word' id='word_1_397' title='bbox 413 2717 601 2789; x_wconf 89' lang='lat' dir='ltr'><strong>generi</strong></span> <span class='ocrx_word' id='word_1_398' title='bbox 640 2717 880 2771; x_wconf 85' lang='lat' dir='ltr'><strong>ltumano</strong></span> <span class='ocrx_word' id='word_1_399' title='bbox 926 2713 1053 2769; x_wconf 89' lang='lat' dir='ltr'><strong>ﬁdei</strong></span> <span class='ocrx_word' id='word_1_400' title='bbox 1095 2724 1258 2784; x_wconf 88' lang='lat' dir='ltr'><strong>atque</strong></span> <span class='ocrx_word' id='word_1_401' title='bbox 1311 2716 1642 2785; x_wconf 78' lang='lat' dir='ltr'><strong>operationis</strong></span> <span class='ocrx_word' id='word_1_402' title='bbox 1690 2715 2013 2787; x_wconf 68' lang='lat' dir='ltr'><strong>evangelicae</strong></span> <span class='ocrx_word' id='word_1_403' title='bbox 2115 2717 2303 2774; x_wconf 83' lang='lat' dir='ltr'><strong>darum</strong></span> <span class='ocrx_word' id='word_1_404' title='bbox 2328 2719 2593 2788; x_wconf 84' lang='lat' dir='ltr'><strong>gentium,</strong></span> <span class='ocrx_word' id='word_1_405' title='bbox 2619 2718 2674 2775; x_wconf 87' lang='lat' dir='ltr'><strong>in</strong></span> <span class='ocrx_word' id='word_1_406' title='bbox 2712 2728 2851 2774; x_wconf 78' lang='lat' dir='ltr'><strong>terra</strong></span> <span class='ocrx_word' id='word_1_407' title='bbox 2878 2730 3159 2789; x_wconf 83' lang='lat' dir='ltr'><strong>acceptum</strong></span> <span class='ocrx_word' id='word_1_408' title='bbox 3186 2718 3448 2775; x_wconf 77' lang='lat' dir='ltr'><strong>talentum</strong></span> <span class='ocrx_word' id='word_1_409' title='bbox 3482 2718 3720 2775; x_wconf 76' lang='lat' dir='ltr'><strong>abscon-</strong></span> 
     </span>
    </p>
   </div>
   <div class='ocr_carea' id='block_1_45' title="bbox 417 2808 3718 2889">
    <p class='ocr_par' dir='ltr' id='par_1_45' title="bbox 417 2808 3718 2889">
     <span class='ocr_line' id='line_1_45' title="bbox 417 2808 3718 2889; baseline 0.002 -28"><span class='ocrx_word' id='word_1_410' title='bbox 417 2810 685 2881; x_wconf 88' lang='lat' dir='ltr'><strong>permisit.</strong></span> <span class='ocrx_word' id='word_1_411' title='bbox 753 2808 922 2880; x_wconf 84' lang='lat' dir='ltr'><strong>Igitur</strong></span> <span class='ocrx_word' id='word_1_412' title='bbox 970 2809 1344 2877; x_wconf 77' lang='lat' dir='ltr'><strong>unusquisque</strong></span> <span class='ocrx_word' id='word_1_413' title='bbox 1383 2808 1683 2864; x_wconf 88' lang='lat' dir='ltr'><strong>secundum</strong></span> <span class='ocrx_word' id='word_1_414' title='bbox 1730 2808 1855 2865; x_wconf 89' lang='lat' dir='ltr'><strong>ﬁdei</strong></span> <span class='ocrx_word' id='word_1_415' title='bbox 1902 2822 2016 2864; x_wconf 75' lang='lat' dir='ltr'><strong>stite</strong></span> <span class='ocrx_word' id='word_1_416' title='bbox 2116 2812 2302 2889; x_wconf 68' lang='lat' dir='ltr'><strong>derit;</strong></span> <span class='ocrx_word' id='word_1_417' title='bbox 2344 2827 2522 2884; x_wconf 86' lang='lat' dir='ltr'><strong>neque</strong></span> <span class='ocrx_word' id='word_1_418' title='bbox 2564 2814 2682 2883; x_wconf 88' lang='lat' dir='ltr'><strong>ipse</strong></span> <span class='ocrx_word' id='word_1_419' title='bbox 2713 2823 2903 2880; x_wconf 87' lang='lat' dir='ltr'><strong>utens,</strong></span> <span class='ocrx_word' id='word_1_420' title='bbox 2934 2826 3113 2882; x_wconf 78' lang='lat' dir='ltr'><strong>neque</strong></span> <span class='ocrx_word' id='word_1_421' title='bbox 3151 2812 3407 2869; x_wconf 82' lang='lat' dir='ltr'><strong>utendum</strong></span> <span class='ocrx_word' id='word_1_422' title='bbox 3454 2812 3575 2871; x_wconf 80' lang='lat' dir='ltr'><strong>aliis</strong></span> <span class='ocrx_word' id='word_1_423' title='bbox 3602 2812 3718 2869; x_wconf 81' lang='lat' dir='ltr'><strong>dis-</strong></span> 
     </span>
    </p>
   </div>
   <div class='ocr_carea' id='block_1_46' title="bbox 418 2899 3717 2976">
    <p class='ocr_par' dir='ltr' id='par_1_46' title="bbox 418 2899 3717 2976">
     <span class='ocr_line' id='line_1_46' title="bbox 418 2899 3717 2976; baseline 0.001 -19"><span class='ocrx_word' id='word_1_424' title='bbox 418 2917 726 2957; x_wconf 75' lang='lat' dir='ltr'><strong>mensuram</strong></span> <span class='ocrx_word' id='word_1_425' title='bbox 752 2901 1033 2967; x_wconf 88' lang='lat' dir='ltr'><strong>talentum,</strong></span> <span class='ocrx_word' id='word_1_426' title='bbox 1063 2900 1115 2956; x_wconf 93' lang='lat' dir='ltr'><strong>id</strong></span> <span class='ocrx_word' id='word_1_427' title='bbox 1136 2909 1241 2967; x_wconf 90' lang='lat' dir='ltr'><strong>est,</strong></span> <span class='ocrx_word' id='word_1_428' title='bbox 1268 2899 1546 2972; x_wconf 77' lang='lat' dir='ltr'><strong>Evangelii</strong></span> <span class='ocrx_word' id='word_1_429' title='bbox 1575 2901 2013 2972; x_wconf 61' lang='lat' dir='ltr'><strong>praedicationem</strong></span> <span class='ocrx_word' id='word_1_430' title='bbox 2120 2915 2335 2976; x_wconf 85' lang='lat' dir='ltr'><strong>penset,</strong></span> <span class='ocrx_word' id='word_1_431' title='bbox 2360 2905 2460 2961; x_wconf 85' lang='lat' dir='ltr'><strong>sed</strong></span> <span class='ocrx_word' id='word_1_432' title='bbox 2486 2903 2736 2962; x_wconf 79' lang='lat' dir='ltr'><strong>sufﬁcere</strong></span> <span class='ocrx_word' id='word_1_433' title='bbox 2756 2906 2858 2962; x_wconf 83' lang='lat' dir='ltr'><strong>sibi</strong></span> <span class='ocrx_word' id='word_1_434' title='bbox 2879 2905 3053 2974; x_wconf 84' lang='lat' dir='ltr'><strong>legem</strong></span> <span class='ocrx_word' id='word_1_435' title='bbox 3073 2906 3354 2965; x_wconf 70' lang='lat' dir='ltr'><strong>existimet</strong></span> <span class='ocrx_word' id='word_1_436' title='bbox 3372 2906 3439 2961; x_wconf 88' lang='lat' dir='ltr'><strong>ad</strong></span> <span class='ocrx_word' id='word_1_437' title='bbox 3464 2906 3717 2962; x_wconf 78' lang='lat' dir='ltr'><strong>salutem.</strong></span> 
     </span>
    </p>
   </div>
   <div class='ocr_carea' id='block_1_47' title="bbox 420 2994 3719 3069">
    <p class='ocr_par' dir='ltr' id='par_1_47' title="bbox 420 2994 3719 3069">
     <span class='ocr_line' id='line_1_47' title="bbox 420 2994 3719 3069; baseline 0.001 -18"><span class='ocrx_word' id='word_1_438' title='bbox 420 3012 449 3051; x_wconf 90' lang='lat' dir='ltr'><strong>a</strong></span> <span class='ocrx_word' id='word_1_439' title='bbox 486 2994 814 3067; x_wconf 63' lang='lat' dir='ltr'><strong>praedicante</strong></span> <span class='ocrx_word' id='word_1_440' title='bbox 862 2996 1119 3066; x_wconf 87' lang='lat' dir='ltr'><strong>suscepit.</strong></span> <span class='ocrx_word' id='word_1_441' title='bbox 1174 2994 1303 3051; x_wconf 70' lang='lat' dir='ltr'><strong>Haec</strong></span> <span class='ocrx_word' id='word_1_442' title='bbox 1334 2997 1483 3051; x_wconf 89' lang='lat' dir='ltr'><strong>enim</strong></span> <span class='ocrx_word' id='word_1_443' title='bbox 1528 2997 1838 3069; x_wconf 85' lang='lat' dir='ltr'><strong>incorrupta</strong></span> <span class='ocrx_word' id='word_1_444' title='bbox 1885 2997 2017 3053; x_wconf 87' lang='lat' dir='ltr'><strong>sub-</strong></span> <span class='ocrx_word' id='word_1_445' title='bbox 2122 2998 2297 3067; x_wconf 85' lang='lat' dir='ltr'><strong>Atque</strong></span> <span class='ocrx_word' id='word_1_446' title='bbox 2327 2995 2452 3052; x_wconf 90' lang='lat' dir='ltr'><strong>ideo</strong></span> <span class='ocrx_word' id='word_1_447' title='bbox 2476 3012 2601 3051; x_wconf 90' lang='lat' dir='ltr'><strong>cum</strong></span> <span class='ocrx_word' id='word_1_448' title='bbox 2637 2996 2707 3053; x_wconf 88' lang='lat' dir='ltr'><strong>ab</strong></span> <span class='ocrx_word' id='word_1_449' title='bbox 2730 3011 2802 3052; x_wconf 88' lang='lat' dir='ltr'><strong>eo</strong></span> <span class='ocrx_word' id='word_1_450' title='bbox 2840 2998 2981 3053; x_wconf 86' lang='lat' dir='ltr'><strong>ratio</strong></span> <span class='ocrx_word' id='word_1_451' title='bbox 3010 2997 3469 3067; x_wconf 75' lang='lat' dir='ltr'><strong>expostularetur,</strong></span> <span class='ocrx_word' id='word_1_452' title='bbox 3502 2998 3574 3051; x_wconf 89' lang='lat' dir='ltr'><strong>ita</strong></span> <span class='ocrx_word' id='word_1_453' title='bbox 3602 2998 3719 3053; x_wconf 78' lang='lat' dir='ltr'><strong>ait:</strong></span> 
     </span>
    </p>
   </div>
   <div class='ocr_carea' id='block_1_48' title="bbox 421 3086 3722 3162">
    <p class='ocr_par' dir='ltr' id='par_1_48' title="bbox 421 3086 3722 3162">
     <span class='ocr_line' id='line_1_48' title="bbox 421 3086 3722 3162; baseline -0.002 -13"><span class='ocrx_word' id='word_1_454' title='bbox 421 3092 616 3149; x_wconf 79' lang='lat' dir='ltr'><strong>stantia</strong></span> <span class='ocrx_word' id='word_1_455' title='bbox 645 3101 749 3155; x_wconf 87' lang='lat' dir='ltr'><strong>est,</strong></span> <span class='ocrx_word' id='word_1_456' title='bbox 780 3090 883 3146; x_wconf 84' lang='lat' dir='ltr'><strong>ltoc</strong></span> <span class='ocrx_word' id='word_1_457' title='bbox 911 3088 1111 3147; x_wconf 84' lang='lat' dir='ltr'><strong>Christi</strong></span> <span class='ocrx_word' id='word_1_458' title='bbox 1134 3091 1521 3162; x_wconf 79' lang='lat' dir='ltr'><strong>patrimonium</strong></span> <span class='ocrx_word' id='word_1_459' title='bbox 1545 3094 1765 3151; x_wconf 51' lang='lat' dir='ltr'><strong>aeternis</strong></span> <span class='ocrx_word' id='word_1_460' title='bbox 1781 3092 2014 3149; x_wconf 82' lang='lat' dir='ltr'><strong>baeredi-</strong></span> <span class='ocrx_word' id='word_1_461' title='bbox 2037 3088 2084 3152; x_wconf 74' lang='grc' dir='ltr'><strong>ϐ</strong></span> <span class='ocrx_word' id='word_1_462' title='bbox 2117 3086 2291 3144; x_wconf 79' lang='lat' dir='ltr'><strong>Timui</strong></span> <span class='ocrx_word' id='word_1_463' title='bbox 2322 3097 2369 3142; x_wconf 85' lang='lat' dir='ltr'><strong>te</strong></span> <span class='ocrx_word' id='word_1_464' title='bbox 2388 3086 2410 3161; x_wconf 95' lang='lat'><strong>(</strong></span> <span class='ocrx_word' id='word_1_465' title='bbox 2427 3088 2464 3159; x_wconf 59' lang='grc' dir='ltr'><em>ᾗ</em></span> <span class='ocrx_word' id='word_1_466' title='bbox 2483 3086 2602 3159; x_wconf 73' lang='grc'><strong>25),</strong></span> <span class='ocrx_word' id='word_1_467' title='bbox 2631 3097 2904 3159; x_wconf 81' lang='lat' dir='ltr'><strong>tamquam</strong></span> <span class='ocrx_word' id='word_1_468' title='bbox 2927 3104 3023 3159; x_wconf 88' lang='lat' dir='ltr'><strong>per</strong></span> <span class='ocrx_word' id='word_1_469' title='bbox 3044 3089 3403 3144; x_wconf 78' lang='lat' dir='ltr'><strong>reverentiam</strong></span> <span class='ocrx_word' id='word_1_470' title='bbox 3426 3103 3493 3145; x_wconf 85' lang='lat' dir='ltr'><strong>ac</strong></span> <span class='ocrx_word' id='word_1_471' title='bbox 3515 3096 3722 3145; x_wconf 87' lang='lat' dir='ltr'><strong>metum</strong></span> 
     </span>
    </p>
   </div>
   <div class='ocr_carea' id='block_1_49' title="bbox 423 3183 906 3241">
    <p class='ocr_par' dir='ltr' id='par_1_49' title="bbox 423 3183 906 3241">
     <span class='ocr_line' id='line_1_49' title="bbox 423 3183 906 3241; baseline -0.012 0"><span class='ocrx_word' id='word_1_472' title='bbox 423 3183 523 3241; x_wconf 89' lang='lat' dir='ltr'><strong>bus</strong></span> <span class='ocrx_word' id='word_1_473' title='bbox 551 3193 906 3241; x_wconf 85' lang='lat' dir='ltr'><strong>reservatum.</strong></span> 
     </span>
    </p>
   </div>
   <div class='ocr_carea' id='block_1_50' title="bbox 496 3275 2019 3351">
    <p class='ocr_par' dir='ltr' id='par_1_50' title="bbox 496 3275 2019 3351">
     <span class='ocr_line' id='line_1_50' title="bbox 496 3275 2019 3351; baseline 0.005 -20"><span class='ocrx_word' id='word_1_474' title='bbox 496 3277 549 3332; x_wconf 91' lang='lat'><strong>7.</strong></span> <span class='ocrx_word' id='word_1_475' title='bbox 606 3275 704 3332; x_wconf 83' lang='lat' dir='ltr'><strong>Cui</strong></span> <span class='ocrx_word' id='word_1_476' title='bbox 736 3278 962 3347; x_wconf 74' lang='lat' dir='ltr'><strong>quinque</strong></span> <span class='ocrx_word' id='word_1_477' title='bbox 1014 3278 1224 3332; x_wconf 74' lang='lat' dir='ltr'><strong>talents.</strong></span> <span class='ocrx_word' id='word_1_478' title='bbox 1282 3309 1350 3319; x_wconf 91' lang='lat'><strong>——</strong></span> <span class='ocrx_word' id='word_1_479' title='bbox 1400 3277 1510 3336; x_wconf 85' lang='lat' dir='ltr'><strong>Sed</strong></span> <span class='ocrx_word' id='word_1_480' title='bbox 1538 3294 1731 3335; x_wconf 87' lang='lat' dir='ltr'><strong>servus</strong></span> <span class='ocrx_word' id='word_1_481' title='bbox 1770 3279 1895 3346; x_wconf 84' lang='lat' dir='ltr'><strong>ille,</strong></span> <span class='ocrx_word' id='word_1_482' title='bbox 1926 3280 2019 3351; x_wconf 76' lang='lat' dir='ltr'><strong>qui</strong></span> 
     </span>
    </p>
   </div>
   <div class='ocr_carea' id='block_1_51' title="bbox 424 3367 2021 3441">
    <p class='ocr_par' dir='ltr' id='par_1_51' title="bbox 424 3367 2021 3441">
     <span class='ocr_line' id='line_1_51' title="bbox 424 3367 2021 3441; baseline 0.003 -19"><span class='ocrx_word' id='word_1_483' title='bbox 424 3369 665 3441; x_wconf 87' lang='lat' dir='ltr'><strong>quinque</strong></span> <span class='ocrx_word' id='word_1_484' title='bbox 693 3369 895 3424; x_wconf 82' lang='lat' dir='ltr'><strong>talenta</strong></span> <span class='ocrx_word' id='word_1_485' title='bbox 921 3370 1129 3439; x_wconf 86' lang='lat' dir='ltr'><strong>accepit</strong></span> <span class='ocrx_word' id='word_1_486' title='bbox 1158 3367 1369 3441; x_wconf 55' lang='lat'><strong>(720),</strong></span> <span class='ocrx_word' id='word_1_487' title='bbox 1394 3370 1628 3441; x_wconf 85' lang='lat' dir='ltr'><strong>populus</strong></span> <span class='ocrx_word' id='word_1_488' title='bbox 1655 3386 1727 3427; x_wconf 81' lang='lat' dir='ltr'><strong>ex</strong></span> <span class='ocrx_word' id='word_1_489' title='bbox 1752 3370 1872 3441; x_wconf 89' lang='lat' dir='ltr'><strong>lege</strong></span> <span class='ocrx_word' id='word_1_490' title='bbox 1898 3386 2021 3427; x_wconf 88' lang='lat' dir='ltr'><strong>cre-</strong></span> 
     </span>
    </p>
   </div>
   <div class='ocr_carea' id='block_1_52' title="bbox 427 3461 2020 3533">
    <p class='ocr_par' dir='ltr' id='par_1_52' title="bbox 427 3461 2020 3533">
     <span class='ocr_line' id='line_1_52' title="bbox 427 3461 2020 3533; baseline 0.001 -16"><span class='ocrx_word' id='word_1_491' title='bbox 427 3461 670 3517; x_wconf 86' lang='lat' dir='ltr'><strong>dentium</strong></span> <span class='ocrx_word' id='word_1_492' title='bbox 700 3470 786 3517; x_wconf 85' lang='lat' dir='ltr'><strong>est</strong></span> <span class='ocrx_word' id='word_1_493' title='bbox 814 3480 827 3515; x_wconf 88' lang='lat'><strong>:</strong></span> <span class='ocrx_word' id='word_1_494' title='bbox 852 3476 918 3516; x_wconf 83' lang='lat' dir='ltr'><strong>ex</strong></span> <span class='ocrx_word' id='word_1_495' title='bbox 947 3476 1050 3531; x_wconf 87' lang='lat' dir='ltr'><strong>qua</strong></span> <span class='ocrx_word' id='word_1_496' title='bbox 1083 3461 1376 3532; x_wconf 86' lang='lat' dir='ltr'><strong>profectus,</strong></span> <span class='ocrx_word' id='word_1_497' title='bbox 1404 3462 1653 3518; x_wconf 84' lang='lat' dir='ltr'><strong>meritum</strong></span> <span class='ocrx_word' id='word_1_498' title='bbox 1682 3463 1853 3533; x_wconf 88' lang='lat' dir='ltr'><strong>ipsius</strong></span> <span class='ocrx_word' id='word_1_499' title='bbox 1870 3470 2020 3519; x_wconf 81' lang='lat' dir='ltr'><strong>recte</strong></span> 
     </span>
    </p>
   </div>
   <div class='ocr_carea' id='block_1_53' title="bbox 428 3551 2021 3625">
    <p class='ocr_par' dir='ltr' id='par_1_53' title="bbox 428 3551 2021 3625">
     <span class='ocr_line' id='line_1_53' title="bbox 428 3551 2021 3625; baseline 0.001 -17"><span class='ocrx_word' id='word_1_500' title='bbox 428 3556 702 3625; x_wconf 79' lang='lat' dir='ltr'><strong>probeque</strong></span> <span class='ocrx_word' id='word_1_501' title='bbox 733 3551 810 3625; x_wconf 83' lang='grc' dir='ltr'><strong>(α)</strong></span> <span class='ocrx_word' id='word_1_502' title='bbox 848 3552 1132 3625; x_wconf 85' lang='lat' dir='ltr'><strong>perfuncta</strong></span> <span class='ocrx_word' id='word_1_503' title='bbox 1169 3554 1497 3623; x_wconf 61' lang='lat' dir='ltr'><strong>evangelica:</strong></span> <span class='ocrx_word' id='word_1_504' title='bbox 1530 3554 1655 3610; x_wconf 85' lang='lat' dir='ltr'><strong>ﬁdei</strong></span> <span class='ocrx_word' id='word_1_505' title='bbox 1702 3554 2021 3625; x_wconf 83' lang='lat' dir='ltr'><strong>operatione</strong></span> 
     </span>
    </p>
   </div>
   <div class='ocr_carea' id='block_1_54' title="bbox 430 3645 2022 3717">
    <p class='ocr_par' dir='ltr' id='par_1_54' title="bbox 430 3645 2022 3717">
     <span class='ocr_line' id='line_1_54' title="bbox 430 3645 2022 3717; baseline 0 -15"><span class='ocrx_word' id='word_1_506' title='bbox 430 3645 741 3716; x_wconf 85' lang='lat' dir='ltr'><strong>duplicavit.</strong></span> <span class='ocrx_word' id='word_1_507' title='bbox 766 3645 823 3700; x_wconf 85' lang='lat' dir='ltr'><strong>lu</strong></span> <span class='ocrx_word' id='word_1_508' title='bbox 850 3646 1059 3701; x_wconf 83' lang='lat' dir='ltr'><strong>ratione</strong></span> <span class='ocrx_word' id='word_1_509' title='bbox 1086 3653 1266 3702; x_wconf 89' lang='lat' dir='ltr'><strong>autem</strong></span> <span class='ocrx_word' id='word_1_510' title='bbox 1294 3646 1545 3717; x_wconf 76' lang='lat' dir='ltr'><strong>ponenda</strong></span> <span class='ocrx_word' id='word_1_511' title='bbox 1570 3645 1758 3716; x_wconf 75' lang='lat' dir='ltr'><strong>iudicii</strong></span> <span class='ocrx_word' id='word_1_512' title='bbox 1785 3659 2022 3702; x_wconf 80' lang='lat' dir='ltr'><strong>examen</strong></span> 
     </span>
    </p>
   </div>
   <div class='ocr_carea' id='block_1_55' title="bbox 434 3737 2028 3808">
    <p class='ocr_par' dir='ltr' id='par_1_55' title="bbox 434 3737 2028 3808">
     <span class='ocr_line' id='line_1_55' title="bbox 434 3737 2028 3808; baseline 0 -15"><span class='ocrx_word' id='word_1_513' title='bbox 434 3746 537 3803; x_wconf 81' lang='lat' dir='ltr'><strong>est,</strong></span> <span class='ocrx_word' id='word_1_514' title='bbox 567 3752 675 3808; x_wconf 73' lang='lat' dir='ltr'><strong>quo</strong></span> <span class='ocrx_word' id='word_1_515' title='bbox 696 3737 936 3793; x_wconf 65' lang='lat' dir='ltr'><strong>cmiestis</strong></span> <span class='ocrx_word' id='word_1_516' title='bbox 961 3738 1108 3793; x_wconf 83' lang='lat' dir='ltr'><strong>verbi</strong></span> <span class='ocrx_word' id='word_1_517' title='bbox 1132 3753 1286 3804; x_wconf 87' lang='lat' dir='ltr'><strong>usus,</strong></span> <span class='ocrx_word' id='word_1_518' title='bbox 1314 3746 1370 3792; x_wconf 90' lang='lat' dir='ltr'><strong>et</strong></span> <span class='ocrx_word' id='word_1_519' title='bbox 1395 3737 1599 3793; x_wconf 82' lang='lat' dir='ltr'><strong>reditus</strong></span> <span class='ocrx_word' id='word_1_520' title='bbox 1623 3737 1915 3807; x_wconf 83' lang='lat' dir='ltr'><strong>dispensati</strong></span> <span class='ocrx_word' id='word_1_521' title='bbox 1942 3746 2028 3793; x_wconf 86' lang='lat' dir='ltr'><strong>ta-</strong></span> 
     </span>
    </p>
   </div>
   <div class='ocr_carea' id='block_1_56' title="bbox 442 3829 2023 3901">
    <p class='ocr_par' dir='ltr' id='par_1_56' title="bbox 442 3829 2023 3901">
     <span class='ocr_line' id='line_1_56' title="bbox 442 3829 2023 3901; baseline 0 -16"><span class='ocrx_word' id='word_1_522' title='bbox 442 3829 571 3886; x_wconf 91' lang='lat' dir='ltr'><strong>lenti</strong></span> <span class='ocrx_word' id='word_1_523' title='bbox 600 3832 925 3900; x_wconf 76' lang='lat' dir='ltr'><strong>postulatur.</strong></span> <span class='ocrx_word' id='word_1_524' title='bbox 948 3829 1125 3901; x_wconf 53' lang='lat' dir='ltr'><strong>‘lgitur</strong></span> <span class='ocrx_word' id='word_1_525' title='bbox 1152 3830 1240 3885; x_wconf 86' lang='lat' dir='ltr'><strong>cui</strong></span> <span class='ocrx_word' id='word_1_526' title='bbox 1263 3838 1424 3886; x_wconf 83' lang='lat' dir='ltr'><strong>erant</strong></span> <span class='ocrx_word' id='word_1_527' title='bbox 1441 3830 1683 3901; x_wconf 82' lang='lat' dir='ltr'><strong>quinque</strong></span> <span class='ocrx_word' id='word_1_528' title='bbox 1709 3831 2023 3899; x_wconf 79' lang='lat' dir='ltr'><strong>contmissa,</strong></span> 
     </span>
    </p>
   </div>
   <div class='ocr_carea' id='block_1_57' title="bbox 432 3921 2027 3993">
    <p class='ocr_par' dir='ltr' id='par_1_57' title="bbox 432 3921 2027 3993">
     <span class='ocr_line' id='line_1_57' title="bbox 432 3921 2027 3993; baseline 0 -16"><span class='ocrx_word' id='word_1_529' title='bbox 432 3922 664 3978; x_wconf 81' lang='lat' dir='ltr'><strong>Domino</strong></span> <span class='ocrx_word' id='word_1_530' title='bbox 687 3936 910 3977; x_wconf 83' lang='lat' dir='ltr'><strong>reverso</strong></span> <span class='ocrx_word' id='word_1_531' title='bbox 938 3921 1008 3977; x_wconf 88' lang='lat' dir='ltr'><strong>de</strong></span> <span class='ocrx_word' id='word_1_532' title='bbox 1033 3922 1272 3993; x_wconf 86' lang='lat' dir='ltr'><strong>quinque</strong></span> <span class='ocrx_word' id='word_1_533' title='bbox 1298 3922 1488 3978; x_wconf 81' lang='lat' dir='ltr'><strong>decem</strong></span> <span class='ocrx_word' id='word_1_534' title='bbox 1511 3922 1707 3978; x_wconf 85' lang='lat' dir='ltr'><strong>obtulit</strong></span> <span class='ocrx_word' id='word_1_535' title='bbox 1733 3940 1745 3975; x_wconf 91' lang='lat'><strong>:</strong></span> <span class='ocrx_word' id='word_1_536' title='bbox 1775 3923 1897 3979; x_wconf 87' lang='lat' dir='ltr'><strong>talis</strong></span> <span class='ocrx_word' id='word_1_537' title='bbox 1921 3923 2027 3979; x_wconf 86' lang='lat' dir='ltr'><strong>sci-</strong></span> 
     </span>
    </p>
   </div>
   <div class='ocr_carea' id='block_1_58' title="bbox 431 4015 2030 4087">
    <p class='ocr_par' dir='ltr' id='par_1_58' title="bbox 431 4015 2030 4087">
     <span class='ocr_line' id='line_1_58' title="bbox 431 4015 2030 4087; baseline 0.001 -15"><span class='ocrx_word' id='word_1_538' title='bbox 431 4015 562 4073; x_wconf 89' lang='lat' dir='ltr'><strong>licet</strong></span> <span class='ocrx_word' id='word_1_539' title='bbox 589 4015 644 4071; x_wconf 87' lang='lat' dir='ltr'><strong>in</strong></span> <span class='ocrx_word' id='word_1_540' title='bbox 670 4015 780 4072; x_wconf 84' lang='lat' dir='ltr'><strong>ﬁde</strong></span> <span class='ocrx_word' id='word_1_541' title='bbox 808 4025 1080 4087; x_wconf 86' lang='lat' dir='ltr'><strong>repertus,</strong></span> <span class='ocrx_word' id='word_1_542' title='bbox 1112 4016 1289 4086; x_wconf 84' lang='lat' dir='ltr'><strong>qualis</strong></span> <span class='ocrx_word' id='word_1_543' title='bbox 1314 4016 1368 4072; x_wconf 85' lang='lat' dir='ltr'><strong>io</strong></span> <span class='ocrx_word' id='word_1_544' title='bbox 1401 4015 1542 4087; x_wconf 80' lang='lat' dir='ltr'><strong>lege,</strong></span> <span class='ocrx_word' id='word_1_545' title='bbox 1564 4015 1657 4087; x_wconf 85' lang='lat' dir='ltr'><strong>qui</strong></span> <span class='ocrx_word' id='word_1_546' title='bbox 1686 4017 1876 4074; x_wconf 72' lang='lat' dir='ltr'><strong>deceat</strong></span> <span class='ocrx_word' id='word_1_547' title='bbox 1902 4032 2030 4073; x_wconf 52' lang='lat' dir='ltr'><strong>ver.</strong></span> 
     </span>
    </p>
   </div>
   <div class='ocr_carea' id='block_1_59' title="bbox 470 4180 2022 4251">
    <p class='ocr_par' dir='ltr' id='par_1_59' title="bbox 470 4180 2022 4251">
     <span class='ocr_line' id='line_1_59' title="bbox 470 4180 2022 4251; baseline -0.001 -13"><span class='ocrx_word' id='word_1_548' title='bbox 470 4184 665 4238; x_wconf 80' lang='lat' dir='ltr'><strong>clarum</strong></span> <span class='ocrx_word' id='word_1_549' title='bbox 686 4184 987 4239; x_wconf 83' lang='lat' dir='ltr'><strong>munitiones</strong></span> <span class='ocrx_word' id='word_1_550' title='bbox 1014 4201 1027 4237; x_wconf 90' lang='lat'>:</span> <span class='ocrx_word' id='word_1_551' title='bbox 1057 4193 1111 4239; x_wconf 89' lang='lat' dir='ltr'><strong>et</strong></span> <span class='ocrx_word' id='word_1_552' title='bbox 1138 4198 1265 4239; x_wconf 89' lang='lat' dir='ltr'><strong>num</strong></span> <span class='ocrx_word' id='word_1_553' title='bbox 1292 4182 1325 4238; x_wconf 89' lang='lat'><strong>6</strong></span> <span class='ocrx_word' id='word_1_554' title='bbox 1352 4201 1365 4237; x_wconf 88' lang='lat'><strong>:</strong></span> <span class='ocrx_word' id='word_1_555' title='bbox 1396 4182 1468 4238; x_wconf 75' lang='lat' dir='ltr'><strong>Ac</strong></span> <span class='ocrx_word' id='word_1_556' title='bbox 1494 4198 1557 4237; x_wconf 86' lang='lat' dir='ltr'><strong>ne</strong></span> <span class='ocrx_word' id='word_1_557' title='bbox 1588 4182 1694 4238; x_wconf 78' lang='lat' dir='ltr'><strong>leue</strong></span> <span class='ocrx_word' id='word_1_558' title='bbox 1722 4180 2022 4251; x_wconf 64' lang='lat' dir='ltr'><strong>prasidium</strong></span> 
     </span>
    </p>
   </div>
   <div class='ocr_carea' id='block_1_60' title="bbox 458 4252 2024 4327">
    <p class='ocr_par' dir='ltr' id='par_1_60' title="bbox 458 4252 2024 4327">
     <span class='ocr_line' id='line_1_60' title="bbox 458 4252 2024 4327; baseline -0.001 -19"><span class='ocrx_word' id='word_1_559' title='bbox 458 4272 491 4308; x_wconf 91' lang='lat' dir='ltr'><strong>n</strong></span> <span class='ocrx_word' id='word_1_560' title='bbox 512 4255 757 4327; x_wconf 82' lang='lat' dir='ltr'><strong>apostolis</strong></span> <span class='ocrx_word' id='word_1_561' title='bbox 781 4283 797 4322; x_wconf 85' lang='lat'><strong>,</strong></span> <span class='ocrx_word' id='word_1_562' title='bbox 810 4256 906 4327; x_wconf 55' lang='grc' dir='ltr'><strong>ρει</strong></span> <span class='ocrx_word' id='word_1_563' title='bbox 932 4252 1251 4327; x_wconf 82' lang='lat' dir='ltr'><strong>patriarchis</strong></span> <span class='ocrx_word' id='word_1_564' title='bbox 1267 4270 1329 4308; x_wconf 87' lang='lat' dir='ltr'><strong>ac</strong></span> <span class='ocrx_word' id='word_1_565' title='bbox 1356 4253 1617 4327; x_wconf 83' lang='lat' dir='ltr'><strong>praphetis</strong></span> <span class='ocrx_word' id='word_1_566' title='bbox 1634 4252 1749 4327; x_wconf 64' lang='grc' dir='ltr'><strong>,νει</strong></span> <span class='ocrx_word' id='word_1_567' title='bbox 1776 4256 1946 4327; x_wconf 83' lang='lat' dir='ltr'><strong>potius</strong></span> <span class='ocrx_word' id='word_1_568' title='bbox 1968 4254 2024 4307; x_wconf 83' lang='lat' dir='ltr'><strong>in</strong></span> 
     </span>
    </p>
   </div>
   <div class='ocr_carea' id='block_1_61' title="bbox 437 4324 2023 4398">
    <p class='ocr_par' dir='ltr' id='par_1_61' title="bbox 437 4324 2023 4398">
     <span class='ocr_line' id='line_1_61' title="bbox 437 4324 2023 4398; baseline -0.001 -19"><span class='ocrx_word' id='word_1_569' title='bbox 437 4324 655 4396; x_wconf 72' lang='lat' dir='ltr'><strong>angelis,</strong></span> <span class='ocrx_word' id='word_1_570' title='bbox 686 4327 773 4395; x_wconf 82' lang='lat' dir='ltr'><strong>qui</strong></span> <span class='ocrx_word' id='word_1_571' title='bbox 803 4324 1091 4380; x_wconf 76' lang='lat' dir='ltr'><strong>Ecclesium</strong></span> <span class='ocrx_word' id='word_1_572' title='bbox 1119 4326 1341 4398; x_wconf 83' lang='lat' dir='ltr'><strong>quadam</strong></span> <span class='ocrx_word' id='word_1_573' title='bbox 1362 4326 1597 4398; x_wconf 67' lang='lat' dir='ltr'><strong>custodio</strong></span> <span class='ocrx_word' id='word_1_574' title='bbox 1621 4326 2023 4398; x_wconf 73' lang='lat' dir='ltr'><strong>circumsepiant</strong></span> 
     </span>
    </p>
   </div>
   <div class='ocr_carea' id='block_1_62' title="bbox 439 4396 2024 4466">
    <p class='ocr_par' dir='ltr' id='par_1_62' title="bbox 439 4396 2024 4466">
     <span class='ocr_line' id='line_1_62' title="bbox 439 4396 2024 4466; baseline -0.002 -14"><span class='ocrx_word' id='word_1_575' title='bbox 439 4397 779 4460; x_wconf 69' lang='lat' dir='ltr'><strong>crederemus,</strong></span> <span class='ocrx_word' id='word_1_576' title='bbox 796 4408 1002 4462; x_wconf 75' lang='lat' dir='ltr'><strong>etc.,et</strong></span> <span class='ocrx_word' id='word_1_577' title='bbox 1022 4396 1143 4465; x_wconf 82' lang='lat' dir='ltr'><strong>post</strong></span> <span class='ocrx_word' id='word_1_578' title='bbox 1172 4413 1335 4464; x_wconf 76' lang='lat' dir='ltr'><strong>pauca</strong></span> <span class='ocrx_word' id='word_1_579' title='bbox 1364 4397 1502 4451; x_wconf 77' lang='lat' dir='ltr'><strong>:Sed</strong></span> <span class='ocrx_word' id='word_1_580' title='bbox 1522 4400 1654 4466; x_wconf 77' lang='lat' dir='ltr'><strong>forte</strong></span> <span class='ocrx_word' id='word_1_581' title='bbox 1672 4396 2024 4463; x_wconf 63' lang='lat' dir='ltr'><strong>mactarunt</strong></span> 
     </span>
    </p>
   </div>
   <div class='ocr_carea' id='block_1_63' title="bbox 442 4465 2023 4539">
    <p class='ocr_par' dir='ltr' id='par_1_63' title="bbox 442 4465 2023 4539">
     <span class='ocr_line' id='line_1_63' title="bbox 442 4465 2023 4539; baseline -0.001 -17"><span class='ocrx_word' id='word_1_582' title='bbox 442 4469 519 4522; x_wconf 79' lang='lat' dir='ltr'><strong>vel</strong></span> <span class='ocrx_word' id='word_1_583' title='bbox 540 4467 837 4537; x_wconf 79' lang='lat' dir='ltr'><strong>angelorum</strong></span> <span class='ocrx_word' id='word_1_584' title='bbox 859 4468 1091 4539; x_wconf 78' lang='lat' dir='ltr'><strong>custodia</strong></span> <span class='ocrx_word' id='word_1_585' title='bbox 1136 4468 1387 4539; x_wconf 65' lang='lat' dir='ltr'><strong>suﬁiciens</strong></span> <span class='ocrx_word' id='word_1_586' title='bbox 1435 4465 1770 4539; x_wconf 74' lang='lat' dir='ltr'><strong>existimetur.</strong></span> <span class='ocrx_word' id='word_1_587' title='bbox 1814 4465 2023 4539; x_wconf 15' lang='lat' dir='ltr'><strong>iVerum</strong></span> 
     </span>
    </p>
   </div>
   <div class='ocr_carea' id='block_1_64' title="bbox 441 4538 2021 4609">
    <p class='ocr_par' dir='ltr' id='par_1_64' title="bbox 441 4538 2021 4609">
     <span class='ocr_line' id='line_1_64' title="bbox 441 4538 2021 4609; baseline 0.001 -17"><span class='ocrx_word' id='word_1_588' title='bbox 441 4539 497 4592; x_wconf 90' lang='lat' dir='ltr'><strong>id</strong></span> <span class='ocrx_word' id='word_1_589' title='bbox 541 4542 742 4608; x_wconf 85' lang='lat' dir='ltr'><strong>quidem</strong></span> <span class='ocrx_word' id='word_1_590' title='bbox 772 4551 865 4593; x_wconf 87' lang='lat' dir='ltr'><strong>est.</strong></span> <span class='ocrx_word' id='word_1_591' title='bbox 895 4538 954 4595; x_wconf 91' lang='lat' dir='ltr'><strong>Si</strong></span> <span class='ocrx_word' id='word_1_592' title='bbox 995 4548 1172 4594; x_wconf 90' lang='lat' dir='ltr'><strong>autem</strong></span> <span class='ocrx_word' id='word_1_593' title='bbox 1200 4538 1380 4595; x_wconf 84' lang='lat' dir='ltr'><strong>nobis</strong></span> <span class='ocrx_word' id='word_1_594' title='bbox 1426 4538 1758 4609; x_wconf 84' lang='lat' dir='ltr'><strong>prospiciunt</strong></span> <span class='ocrx_word' id='word_1_595' title='bbox 1802 4538 2021 4602; x_wconf 85' lang='lat' dir='ltr'><strong>Sancti,</strong></span> 
     </span>
    </p>
   </div>
   <div class='ocr_carea' id='block_1_65' title="bbox 444 4609 2022 4680">
    <p class='ocr_par' dir='ltr' id='par_1_65' title="bbox 444 4609 2022 4680">
     <span class='ocr_line' id='line_1_65' title="bbox 444 4609 2022 4680; baseline 0.001 -19"><span class='ocrx_word' id='word_1_596' title='bbox 444 4611 571 4680; x_wconf 83' lang='lat' dir='ltr'><strong>quid</strong></span> <span class='ocrx_word' id='word_1_597' title='bbox 597 4612 802 4676; x_wconf 60' lang='lat' dir='ltr'><strong>aequius</strong></span> <span class='ocrx_word' id='word_1_598' title='bbox 822 4626 982 4680; x_wconf 81' lang='lat' dir='ltr'><strong>quam</strong></span> <span class='ocrx_word' id='word_1_599' title='bbox 1013 4620 1070 4663; x_wconf 90' lang='lat' dir='ltr'><strong>ut</strong></span> <span class='ocrx_word' id='word_1_600' title='bbox 1098 4612 1334 4664; x_wconf 86' lang='lat' dir='ltr'><strong>animum</strong></span> <span class='ocrx_word' id='word_1_601' title='bbox 1386 4611 1452 4664; x_wconf 82' lang='lat' dir='ltr'><strong>ad</strong></span> <span class='ocrx_word' id='word_1_602' title='bbox 1488 4609 1613 4664; x_wconf 74' lang='lat' dir='ltr'><strong>illos</strong></span> <span class='ocrx_word' id='word_1_603' title='bbox 1644 4609 2022 4680; x_wconf 84' lang='lat' dir='ltr'><strong>intendamus,</strong></span> 
     </span>
    </p>
   </div>
   <div class='ocr_carea' id='block_1_66' title="bbox 446 4679 2031 4752">
    <p class='ocr_par' dir='ltr' id='par_1_66' title="bbox 446 4679 2031 4752">
     <span class='ocr_line' id='line_1_66' title="bbox 446 4679 2031 4752; baseline -0.001 -17"><span class='ocrx_word' id='word_1_604' title='bbox 446 4697 519 4735; x_wconf 85' lang='lat' dir='ltr'><strong>ne</strong></span> <span class='ocrx_word' id='word_1_605' title='bbox 547 4681 702 4735; x_wconf 70' lang='lat' dir='ltr'><strong>nobis</strong></span> <span class='ocrx_word' id='word_1_606' title='bbox 724 4679 899 4735; x_wconf 76' lang='lat' dir='ltr'><strong>desint</strong></span> <span class='ocrx_word' id='word_1_607' title='bbox 922 4696 1228 4752; x_wconf 70' lang='lat' dir='ltr'><strong>precemur,</strong></span> <span class='ocrx_word' id='word_1_608' title='bbox 1283 4695 1348 4752; x_wconf 81' lang='lat' dir='ltr'><strong>ac</strong></span> <span class='ocrx_word' id='word_1_609' title='bbox 1382 4681 1608 4752; x_wconf 70' lang='lat' dir='ltr'><strong>demum</strong></span> <span class='ocrx_word' id='word_1_610' title='bbox 1657 4679 1891 4752; x_wconf 59' lang='lat' dir='ltr'><strong>aliquam</strong></span> <span class='ocrx_word' id='word_1_611' title='bbox 1930 4694 2031 4749; x_wconf 72' lang='lat' dir='ltr'><strong>pro</strong></span> 
     </span>
    </p>
   </div>
   <div class='ocr_carea' id='block_1_67' title="bbox 451 4692 2030 4821">
    <p class='ocr_par' dir='ltr' id='par_1_67' title="bbox 451 4692 2030 4821">
     <span class='ocr_line' id='line_1_67' title="bbox 451 4692 2030 4804; baseline -0.001 -69"><span class='ocrx_word' id='word_1_612' title='bbox 451 4697 519 4735; x_wconf 87' lang='lat' dir='ltr'><strong>ne</strong></span> <span class='ocrx_word' id='word_1_613' title='bbox 547 4692 702 4735; x_wconf 72' lang='lat' dir='ltr'><strong>nobis</strong></span> <span class='ocrx_word' id='word_1_614' title='bbox 724 4692 899 4735; x_wconf 79' lang='lat' dir='ltr'><strong>desint</strong></span> <span class='ocrx_word' id='word_1_615' title='bbox 922 4696 1228 4752; x_wconf 64' lang='lat' dir='ltr'><strong>precentur,</strong></span> <span class='ocrx_word' id='word_1_616' title='bbox 1283 4695 1348 4734; x_wconf 89' lang='lat' dir='ltr'><strong>ac</strong></span> <span class='ocrx_word' id='word_1_617' title='bbox 1393 4692 1608 4735; x_wconf 71' lang='lat' dir='ltr'><strong>demum</strong></span> <span class='ocrx_word' id='word_1_618' title='bbox 1657 4692 1891 4804; x_wconf 57' lang='grc' dir='ltr'><strong>διιῗυθηδ</strong></span> <span class='ocrx_word' id='word_1_619' title='bbox 1930 4694 2030 4749; x_wconf 73' lang='lat' dir='ltr'><strong>pro</strong></span> 
     </span>
     <span class='ocr_line' id='line_1_68' title="bbox 451 4750 2030 4821; baseline -0.001 -15"><span class='ocrx_word' id='word_1_620' title='bbox 451 4761 689 4819; x_wconf 83' lang='lat' dir='ltr'><strong>acceptis</strong></span> <span class='ocrx_word' id='word_1_621' title='bbox 720 4752 992 4808; x_wconf 81' lang='lat' dir='ltr'><strong>beneﬁciis</strong></span> <span class='ocrx_word' id='word_1_622' title='bbox 1012 4755 1242 4821; x_wconf 75' lang='lat' dir='ltr'><strong>gratiam</strong></span> <span class='ocrx_word' id='word_1_623' title='bbox 1270 4750 1350 4805; x_wconf 86' lang='lat' dir='ltr'><strong>eis</strong></span> <span class='ocrx_word' id='word_1_624' title='bbox 1377 4750 1706 4809; x_wconf 46' lang='lat' dir='ltr'><strong>habeamus?</strong></span> <span class='ocrx_word' id='word_1_625' title='bbox 1758 4770 1788 4802; x_wconf 86' lang='lat' dir='ltr'><strong>u</strong></span> <span class='ocrx_word' id='word_1_626' title='bbox 1818 4750 1901 4804; x_wconf 84' lang='lat' dir='ltr'><strong>bis</strong></span> <span class='ocrx_word' id='word_1_627' title='bbox 1920 4766 2030 4805; x_wconf 81' lang='lat' dir='ltr'><strong>non</strong></span> 
     </span>
    </p>
   </div>
   <div class='ocr_carea' id='block_1_68' title="bbox 453 4820 2033 4891">
    <p class='ocr_par' dir='ltr' id='par_1_68' title="bbox 453 4820 2033 4891">
     <span class='ocr_line' id='line_1_69' title="bbox 453 4820 2033 4891; baseline -0.001 -14"><span class='ocrx_word' id='word_1_628' title='bbox 453 4823 666 4877; x_wconf 86' lang='lat' dir='ltr'><strong>videtur</strong></span> <span class='ocrx_word' id='word_1_629' title='bbox 695 4838 811 4887; x_wconf 89' lang='lat' dir='ltr'><strong>cur,</strong></span> <span class='ocrx_word' id='word_1_630' title='bbox 837 4826 911 4877; x_wconf 90' lang='lat' dir='ltr'><strong>uti</strong></span> <span class='ocrx_word' id='word_1_631' title='bbox 941 4820 1213 4878; x_wconf 73' lang='lat' dir='ltr'><strong>Scultetus</strong></span> <span class='ocrx_word' id='word_1_632' title='bbox 1270 4822 1419 4889; x_wconf 85' lang='lat' dir='ltr'><strong>vult,</strong></span> <span class='ocrx_word' id='word_1_633' title='bbox 1469 4822 1674 4891; x_wconf 90' lang='lat' dir='ltr'><strong>pudore</strong></span> <span class='ocrx_word' id='word_1_634' title='bbox 1718 4820 2033 4876; x_wconf 78' lang='lat' dir='ltr'><strong>afﬁciendus</strong></span> 
     </span>
    </p>
   </div>
   <div class='ocr_carea' id='block_1_69' title="bbox 455 4892 2037 4964">
    <p class='ocr_par' dir='ltr' id='par_1_69' title="bbox 455 4892 2037 4964">
     <span class='ocr_line' id='line_1_70' title="bbox 455 4892 2037 4964; baseline 0 -17"><span class='ocrx_word' id='word_1_635' title='bbox 455 4894 519 4947; x_wconf 84' lang='lat' dir='ltr'><strong>sit</strong></span> <span class='ocrx_word' id='word_1_636' title='bbox 547 4892 919 4958; x_wconf 83' lang='lat' dir='ltr'><strong>Bcllarmiuns,</strong></span> <span class='ocrx_word' id='word_1_637' title='bbox 939 4896 1029 4964; x_wconf 91' lang='lat' dir='ltr'><strong>qui</strong></span> <span class='ocrx_word' id='word_1_638' title='bbox 1060 4892 1316 4947; x_wconf 81' lang='lat' dir='ltr'><strong>Hilarium</strong></span> <span class='ocrx_word' id='word_1_639' title='bbox 1349 4894 1478 4948; x_wconf 87' lang='lat' dir='ltr'><strong>citet</strong></span> <span class='ocrx_word' id='word_1_640' title='bbox 1504 4893 1852 4948; x_wconf 81' lang='lat' dir='ltr'><strong>invocationis</strong></span> <span class='ocrx_word' id='word_1_641' title='bbox 1880 4904 2037 4947; x_wconf 81' lang='lat' dir='ltr'><strong>sauc-</strong></span> 
     </span>
    </p>
   </div>
   <div class='ocr_carea' id='block_1_70' title="bbox 457 4964 2035 5034">
    <p class='ocr_par' dir='ltr' id='par_1_70' title="bbox 457 4964 2035 5034">
     <span class='ocr_line' id='line_1_71' title="bbox 457 4964 2035 5034; baseline 0 -16"><span class='ocrx_word' id='word_1_642' title='bbox 457 4974 631 5018; x_wconf 86' lang='lat' dir='ltr'><strong>torum</strong></span> <span class='ocrx_word' id='word_1_643' title='bbox 666 4975 970 5034; x_wconf 83' lang='lat' dir='ltr'><strong>patronum.</strong></span> <span class='ocrx_word' id='word_1_644' title='bbox 1005 4964 1299 5018; x_wconf 72' lang='lat' dir='ltr'><strong>Ilidendum</strong></span> <span class='ocrx_word' id='word_1_645' title='bbox 1336 4966 1509 5032; x_wconf 88' lang='lat' dir='ltr'><strong>potius</strong></span> <span class='ocrx_word' id='word_1_646' title='bbox 1554 4965 1669 5032; x_wconf 78' lang='lat' dir='ltr'><strong>ipse</strong></span> <span class='ocrx_word' id='word_1_647' title='bbox 1720 4980 1778 5019; x_wconf 87' lang='lat' dir='ltr'><strong>se</strong></span> <span class='ocrx_word' id='word_1_648' title='bbox 1810 4966 2035 5033; x_wconf 66' lang='lat' dir='ltr'><strong>praebet,</strong></span> 
     </span>
    </p>
   </div>
   <div class='ocr_carea' id='block_1_71' title="bbox 456 5034 2035 5106">
    <p class='ocr_par' dir='ltr' id='par_1_71' title="bbox 456 5034 2035 5106">
     <span class='ocr_line' id='line_1_72' title="bbox 456 5034 2035 5106; baseline -0.003 -16"><span class='ocrx_word' id='word_1_649' title='bbox 456 5035 545 5090; x_wconf 88' lang='lat' dir='ltr'><strong>ubi</strong></span> <span class='ocrx_word' id='word_1_650' title='bbox 570 5038 800 5104; x_wconf 87' lang='lat' dir='ltr'><strong>primum</strong></span> <span class='ocrx_word' id='word_1_651' title='bbox 819 5043 983 5102; x_wconf 75' lang='lat' dir='ltr'><strong>negat</strong></span> <span class='ocrx_word' id='word_1_652' title='bbox 1008 5035 1263 5090; x_wconf 79' lang='lat' dir='ltr'><strong>Hilarium</strong></span> <span class='ocrx_word' id='word_1_653' title='bbox 1306 5034 1466 5103; x_wconf 72' lang='lat' dir='ltr'><strong>hujus</strong></span> <span class='ocrx_word' id='word_1_654' title='bbox 1514 5036 1800 5106; x_wconf 50' lang='lat' dir='ltr'><strong>sequentia</strong></span> <span class='ocrx_word' id='word_1_655' title='bbox 1842 5046 2035 5106; x_wconf 70' lang='lat' dir='ltr'><strong>patro-</strong></span> 
     </span>
    </p>
   </div>
   <div class='ocr_carea' id='block_1_72' title="bbox 452 5105 2038 5176">
    <p class='ocr_par' dir='ltr' id='par_1_72' title="bbox 452 5105 2038 5176">
     <span class='ocr_line' id='line_1_73' title="bbox 452 5105 2038 5176; baseline -0.001 -15"><span class='ocrx_word' id='word_1_656' title='bbox 452 5122 614 5172; x_wconf 90' lang='lat' dir='ltr'><strong>num;</strong></span> <span class='ocrx_word' id='word_1_657' title='bbox 642 5118 750 5162; x_wconf 89' lang='lat' dir='ltr'><strong>tum</strong></span> <span class='ocrx_word' id='word_1_658' title='bbox 781 5107 1160 5176; x_wconf 79' lang='lat' dir='ltr'><strong>propositionis</strong></span> <span class='ocrx_word' id='word_1_659' title='bbox 1188 5121 1302 5161; x_wconf 64' lang='lat' dir='ltr'><strong>sum</strong></span> <span class='ocrx_word' id='word_1_660' title='bbox 1318 5107 1514 5161; x_wconf 81' lang='lat' dir='ltr'><strong>oblitus</strong></span> <span class='ocrx_word' id='word_1_661' title='bbox 1530 5105 1768 5161; x_wconf 67' lang='lat' dir='ltr'><strong>afﬁrmat</strong></span> <span class='ocrx_word' id='word_1_662' title='bbox 1781 5105 1904 5162; x_wconf 80' lang='lat' dir='ltr'><strong>eum</strong></span> <span class='ocrx_word' id='word_1_663' title='bbox 1928 5122 2038 5160; x_wconf 71' lang='lat' dir='ltr'><strong>non</strong></span> 
     </span>
    </p>
   </div>
   <div class='ocr_carea' id='block_1_73' title="bbox 454 5175 2036 5249">
    <p class='ocr_par' dir='ltr' id='par_1_73' title="bbox 454 5175 2036 5249">
     <span class='ocr_line' id='line_1_74' title="bbox 454 5175 2036 5249; baseline 0 -18"><span class='ocrx_word' id='word_1_664' title='bbox 454 5178 554 5231; x_wconf 82' lang='lat' dir='ltr'><strong>nisi</strong></span> <span class='ocrx_word' id='word_1_665' title='bbox 573 5193 639 5232; x_wconf 71' lang='lat' dir='ltr'><strong>ex</strong></span> <span class='ocrx_word' id='word_1_666' title='bbox 665 5175 917 5249; x_wconf 49' lang='lat' dir='ltr'><strong>allegoria</strong></span> <span class='ocrx_word' id='word_1_667' title='bbox 948 5179 1147 5249; x_wconf 77' lang='lat' dir='ltr'><strong>docere</strong></span> <span class='ocrx_word' id='word_1_668' title='bbox 1177 5177 1405 5249; x_wconf 61' lang='lat' dir='ltr'><strong>Sanam</strong></span> <span class='ocrx_word' id='word_1_669' title='bbox 1462 5175 1745 5249; x_wconf 54' lang='lat' dir='ltr'><strong>demotus</strong></span> <span class='ocrx_word' id='word_1_670' title='bbox 1790 5178 2036 5249; x_wconf 55' lang='lat' dir='ltr'><strong>ﬁdelium</strong></span> 
     </span>
    </p>
   </div>
   <div class='ocr_carea' id='block_1_74' title="bbox 457 5248 2039 5319">
    <p class='ocr_par' dir='ltr' id='par_1_74' title="bbox 457 5248 2039 5319">
     <span class='ocr_line' id='line_1_75' title="bbox 457 5248 2039 5319; baseline -0.002 -15"><span class='ocrx_word' id='word_1_671' title='bbox 457 5263 582 5304; x_wconf 75' lang='lat' dir='ltr'><strong>eSSe</strong></span> <span class='ocrx_word' id='word_1_672' title='bbox 609 5251 881 5315; x_wconf 60' lang='lat' dir='ltr'><strong>cumules.</strong></span> <span class='ocrx_word' id='word_1_673' title='bbox 918 5248 1085 5303; x_wconf 81' lang='lat' dir='ltr'><strong>Nulla</strong></span> <span class='ocrx_word' id='word_1_674' title='bbox 1102 5258 1309 5312; x_wconf 82' lang='lat' dir='ltr'><strong>autem,</strong></span> <span class='ocrx_word' id='word_1_675' title='bbox 1330 5248 1537 5314; x_wconf 83' lang='lat' dir='ltr'><strong>inquit,</strong></span> <span class='ocrx_word' id='word_1_676' title='bbox 1580 5248 1832 5319; x_wconf 71' lang='lat' dir='ltr'><strong>allegoria</strong></span> <span class='ocrx_word' id='word_1_677' title='bbox 1864 5248 2039 5312; x_wconf 78' lang='lat' dir='ltr'><strong>firmat</strong></span> 
     </span>
    </p>
   </div>
   <div class='ocr_carea' id='block_1_75' title="bbox 458 5319 2038 5389">
    <p class='ocr_par' dir='ltr' id='par_1_75' title="bbox 458 5319 2038 5389">
     <span class='ocr_line' id='line_1_76' title="bbox 458 5319 2038 5389; baseline 0.001 -18"><span class='ocrx_word' id='word_1_678' title='bbox 458 5319 631 5388; x_wconf 80' lang='lat' dir='ltr'><strong>fidem.</strong></span> <span class='ocrx_word' id='word_1_679' title='bbox 663 5320 798 5387; x_wconf 86' lang='lat' dir='ltr'><strong>Quid</strong></span> <span class='ocrx_word' id='word_1_680' title='bbox 839 5321 939 5374; x_wconf 90' lang='lat' dir='ltr'><strong>sibi</strong></span> <span class='ocrx_word' id='word_1_681' title='bbox 972 5321 1088 5374; x_wconf 88' lang='lat' dir='ltr'><strong>vult</strong></span> <span class='ocrx_word' id='word_1_682' title='bbox 1113 5336 1175 5374; x_wconf 80' lang='lat' dir='ltr'><strong>ea:</strong></span> <span class='ocrx_word' id='word_1_683' title='bbox 1219 5319 1508 5389; x_wconf 83' lang='lat' dir='ltr'><strong>allegoria?</strong></span> <span class='ocrx_word' id='word_1_684' title='bbox 1550 5321 1631 5373; x_wconf 86' lang='lat' dir='ltr'><strong>An</strong></span> <span class='ocrx_word' id='word_1_685' title='bbox 1688 5336 1793 5373; x_wconf 89' lang='lat' dir='ltr'><strong>nott</strong></span> <span class='ocrx_word' id='word_1_686' title='bbox 1832 5319 2038 5387; x_wconf 70' lang='lat' dir='ltr'><strong>claris,</strong></span> 
     </span>
    </p>
   </div>
   <div class='ocr_carea' id='block_1_76' title="bbox 460 5389 2042 5516">
    <p class='ocr_par' dir='ltr' id='par_1_76' title="bbox 460 5389 2042 5516">
     <span class='ocr_line' id='line_1_77' title="bbox 460 5389 2042 5516; baseline 0.001 -73"><span class='ocrx_word' id='word_1_687' title='bbox 460 5392 848 5516; x_wconf 54' lang='lat' dir='ltr'><strong>Eerspieuismc</strong></span> <span class='ocrx_word' id='word_1_688' title='bbox 871 5393 1175 5446; x_wconf 68' lang='lat' dir='ltr'><strong>nullatenus</strong></span> <span class='ocrx_word' id='word_1_689' title='bbox 1190 5390 1494 5460; x_wconf 76' lang='lat' dir='ltr'><strong>allegoricis</strong></span> <span class='ocrx_word' id='word_1_690' title='bbox 1508 5389 1807 5446; x_wconf 65' lang='lat' dir='ltr'><strong>nerbisboc</strong></span> <span class='ocrx_word' id='word_1_691' title='bbox 1823 5390 2042 5447; x_wconf 79' lang='lat' dir='ltr'><strong>asserit?</strong></span> 
     </span>
     <span class='ocr_line' id='line_1_78' title="bbox 512 5460 2042 5516; baseline 0.002 -3"><span class='ocrx_word' id='word_1_692' title='bbox 512 5478 579 5514; x_wconf 88' lang='lat' dir='ltr'><strong>on</strong></span> <span class='ocrx_word' id='word_1_693' title='bbox 607 5465 748 5516; x_wconf 90' lang='lat' dir='ltr'><strong>enim</strong></span> <span class='ocrx_word' id='word_1_694' title='bbox 781 5461 865 5516; x_wconf 87' lang='lat' dir='ltr'><strong>hic</strong></span> <span class='ocrx_word' id='word_1_695' title='bbox 892 5464 1068 5516; x_wconf 74' lang='lat' dir='ltr'><strong>auitur</strong></span> <span class='ocrx_word' id='word_1_696' title='bbox 1088 5471 1264 5516; x_wconf 81' lang='lat' dir='ltr'><strong>utrum</strong></span> <span class='ocrx_word' id='word_1_697' title='bbox 1292 5478 1356 5516; x_wconf 86' lang='lat' dir='ltr'><strong>ea</strong></span> <span class='ocrx_word' id='word_1_698' title='bbox 1380 5460 1455 5516; x_wconf 77' lang='lat' dir='ltr'><strong>de</strong></span> <span class='ocrx_word' id='word_1_699' title='bbox 1475 5462 1677 5516; x_wconf 69' lang='lat' dir='ltr'><strong>sanctis</strong></span> <span class='ocrx_word' id='word_1_700' title='bbox 1711 5461 1961 5516; x_wconf 67' lang='lat' dir='ltr'><strong>doctrina</strong></span> <span class='ocrx_word' id='word_1_701' title='bbox 1984 5461 2042 5516; x_wconf 83' lang='lat' dir='ltr'><strong>in</strong></span> 
     </span>
    </p>
   </div>
   <div class='ocr_carea' id='block_1_77' title="bbox 2124 3180 3725 3251">
    <p class='ocr_par' dir='ltr' id='par_1_77' title="bbox 2124 3180 3725 3251">
     <span class='ocr_line' id='line_1_79' title="bbox 2124 3180 3725 3251; baseline 0.002 -18"><span class='ocrx_word' id='word_1_702' title='bbox 2124 3190 2798 3250; x_wconf 68' lang='lat' dir='ltr'><strong>reternmprteceptorum,</strong></span> <span class='ocrx_word' id='word_1_703' title='bbox 2820 3196 2920 3235; x_wconf 84' lang='lat' dir='ltr'><strong>usu</strong></span> <span class='ocrx_word' id='word_1_704' title='bbox 2950 3181 3277 3251; x_wconf 60' lang='lat' dir='ltr'><strong>evangelica:</strong></span> <span class='ocrx_word' id='word_1_705' title='bbox 3300 3180 3569 3239; x_wconf 77' lang='lat' dir='ltr'><strong>libertatis</strong></span> <span class='ocrx_word' id='word_1_706' title='bbox 3597 3180 3725 3237; x_wconf 78' lang='lat' dir='ltr'><strong>abs-</strong></span> 
     </span>
    </p>
   </div>
   <div class='ocr_carea' id='block_1_78' title="bbox 2125 3268 3727 3342">
    <p class='ocr_par' dir='ltr' id='par_1_78' title="bbox 2125 3268 3727 3342">
     <span class='ocr_line' id='line_1_80' title="bbox 2125 3268 3727 3342; baseline 0.002 -18"><span class='ocrx_word' id='word_1_707' title='bbox 2125 3271 2294 3326; x_wconf 86' lang='lat' dir='ltr'><strong>tineat</strong></span> <span class='ocrx_word' id='word_1_708' title='bbox 2340 3270 2590 3341; x_wconf 86' lang='lat' dir='ltr'><strong>dicatque</strong></span> <span class='ocrx_word' id='word_1_709' title='bbox 2639 3286 2655 3324; x_wconf 86' lang='lat'><strong>:</strong></span> <span class='ocrx_word' id='word_1_710' title='bbox 2698 3268 2832 3325; x_wconf 73' lang='lat' dir='ltr'><strong>Ecce</strong></span> <span class='ocrx_word' id='word_1_711' title='bbox 2860 3271 2998 3342; x_wconf 87' lang='lat' dir='ltr'><strong>quod</strong></span> <span class='ocrx_word' id='word_1_712' title='bbox 3058 3281 3200 3325; x_wconf 88' lang='lat' dir='ltr'><strong>tuum</strong></span> <span class='ocrx_word' id='word_1_713' title='bbox 3228 3282 3326 3339; x_wconf 77' lang='lat' dir='ltr'><strong>ut,</strong></span> <span class='ocrx_word' id='word_1_714' title='bbox 3353 3270 3501 3328; x_wconf 80' lang='lat' dir='ltr'><strong>velut</strong></span> <span class='ocrx_word' id='word_1_715' title='bbox 3540 3272 3596 3327; x_wconf 87' lang='lat' dir='ltr'><strong>in</strong></span> <span class='ocrx_word' id='word_1_716' title='bbox 3638 3269 3727 3328; x_wconf 81' lang='lat' dir='ltr'><strong>his</strong></span> 
     </span>
    </p>
   </div>
   <div class='ocr_carea' id='block_1_79' title="bbox 2123 3360 3580 3435">
    <p class='ocr_par' dir='ltr' id='par_1_79' title="bbox 2123 3360 3580 3435">
     <span class='ocr_line' id='line_1_81' title="bbox 2123 3360 3580 3435; baseline -0.001 -16"><span class='ocrx_word' id='word_1_717' title='bbox 2123 3377 2247 3435; x_wconf 70' lang='lat' dir='ltr'><strong>qua:</strong></span> <span class='ocrx_word' id='word_1_718' title='bbox 2274 3378 2303 3416; x_wconf 88' lang='lat' dir='ltr'><strong>a</strong></span> <span class='ocrx_word' id='word_1_719' title='bbox 2341 3360 2569 3418; x_wconf 89' lang='lat' dir='ltr'><strong>Domino</strong></span> <span class='ocrx_word' id='word_1_720' title='bbox 2599 3372 2867 3434; x_wconf 67' lang='lat' dir='ltr'><strong>praecepta</strong></span> <span class='ocrx_word' id='word_1_721' title='bbox 2900 3373 3024 3419; x_wconf 91' lang='lat' dir='ltr'><strong>sunt</strong></span> <span class='ocrx_word' id='word_1_722' title='bbox 3054 3363 3216 3419; x_wconf 90' lang='lat' dir='ltr'><strong>fuerit</strong></span> <span class='ocrx_word' id='word_1_723' title='bbox 3240 3366 3580 3418; x_wconf 87' lang='lat' dir='ltr'><strong>immoratus.</strong></span> 
     </span>
    </p>
   </div>
   <div class='ocr_carea' id='block_1_80' title="bbox 2200 3454 3729 3523">
    <p class='ocr_par' dir='ltr' id='par_1_80' title="bbox 2200 3454 3729 3523">
     <span class='ocr_line' id='line_1_82' title="bbox 2200 3454 3729 3523; baseline -0.001 -13"><span class='ocrx_word' id='word_1_724' title='bbox 2200 3456 2286 3512; x_wconf 84' lang='grc'><strong>10.</strong></span> <span class='ocrx_word' id='word_1_725' title='bbox 2320 3455 2386 3510; x_wconf 83' lang='grc' dir='ltr'><strong>1η</strong></span> <span class='ocrx_word' id='word_1_726' title='bbox 2416 3467 2553 3511; x_wconf 85' lang='lat' dir='ltr'><strong>terra</strong></span> <span class='ocrx_word' id='word_1_727' title='bbox 2578 3455 2887 3511; x_wconf 80' lang='lat' dir='ltr'><strong>abscondere</strong></span> <span class='ocrx_word' id='word_1_728' title='bbox 2911 3456 3132 3523; x_wconf 83' lang='lat' dir='ltr'><strong>quid.—-</strong></span> <span class='ocrx_word' id='word_1_729' title='bbox 3154 3456 3210 3508; x_wconf 85' lang='lat' dir='ltr'><strong>in</strong></span> <span class='ocrx_word' id='word_1_730' title='bbox 3242 3463 3380 3509; x_wconf 86' lang='lat' dir='ltr'><strong>terra</strong></span> <span class='ocrx_word' id='word_1_731' title='bbox 3404 3471 3531 3510; x_wconf 92' lang='lat' dir='ltr'><strong>vero</strong></span> <span class='ocrx_word' id='word_1_732' title='bbox 3556 3454 3729 3510; x_wconf 53' lang='lat' dir='ltr'><strong>talen‘</strong></span> 
     </span>
    </p>
   </div>
   <div class='ocr_carea' id='block_1_81' title="bbox 2130 3547 3722 3627">
    <p class='ocr_par' dir='ltr' id='par_1_81' title="bbox 2130 3547 3722 3627">
     <span class='ocr_line' id='line_1_83' title="bbox 2130 3547 3722 3627; baseline 0.001 -24"><span class='ocrx_word' id='word_1_733' title='bbox 2130 3557 2244 3604; x_wconf 84' lang='lat' dir='ltr'><strong>tum</strong></span> <span class='ocrx_word' id='word_1_734' title='bbox 2279 3548 2615 3604; x_wconf 78' lang='lat' dir='ltr'><strong>abscondere</strong></span> <span class='ocrx_word' id='word_1_735' title='bbox 2661 3547 2763 3602; x_wconf 80' lang='lat' dir='ltr'><strong>hoc</strong></span> <span class='ocrx_word' id='word_1_736' title='bbox 2788 3547 2952 3619; x_wconf 65' lang='grc' dir='ltr'><strong>7η</strong></span> <span class='ocrx_word' id='word_1_737' title='bbox 2975 3557 3081 3613; x_wconf 79' lang='lat' dir='ltr'><strong>est,</strong></span> <span class='ocrx_word' id='word_1_738' title='bbox 3114 3562 3274 3603; x_wconf 63' lang='lat' dir='ltr'><strong>nova</strong></span> <span class='ocrx_word' id='word_1_739' title='bbox 3316 3548 3722 3627; x_wconf 59' lang='lat' dir='ltr'><strong>pudieam-is</strong></span> 
     </span>
    </p>
   </div>
   <div class='ocr_carea' id='block_1_82' title="bbox 2128 3640 3729 3713">
    <p class='ocr_par' dir='ltr' id='par_1_82' title="bbox 2128 3640 3729 3713">
     <span class='ocr_line' id='line_1_84' title="bbox 2128 3640 3729 3713; baseline -0.001 -15"><span class='ocrx_word' id='word_1_740' title='bbox 2128 3643 2358 3713; x_wconf 85' lang='lat' dir='ltr'><strong>gloriam</strong></span> <span class='ocrx_word' id='word_1_741' title='bbox 2388 3641 2492 3698; x_wconf 88' lang='lat' dir='ltr'><strong>sub</strong></span> <span class='ocrx_word' id='word_1_742' title='bbox 2517 3640 2913 3698; x_wconf 80' lang='lat' dir='ltr'><strong>obtrectatione</strong></span> <span class='ocrx_word' id='word_1_743' title='bbox 2942 3656 3223 3712; x_wconf 63' lang='lat' dir='ltr'><strong>corporeae</strong></span> <span class='ocrx_word' id='word_1_744' title='bbox 3251 3640 3526 3712; x_wconf 73' lang='lat' dir='ltr'><strong>passionis</strong></span> <span class='ocrx_word' id='word_1_745' title='bbox 3566 3656 3729 3698; x_wconf 86' lang='lat' dir='ltr'><strong>occu-</strong></span> 
     </span>
    </p>
   </div>
   <div class='ocr_carea' id='block_1_83' title="bbox 2130 3733 3731 3805">
    <p class='ocr_par' dir='ltr' id='par_1_83' title="bbox 2130 3733 3731 3805">
     <span class='ocr_line' id='line_1_85' title="bbox 2130 3733 3731 3805; baseline -0.002 -13"><span class='ocrx_word' id='word_1_746' title='bbox 2130 3737 2265 3792; x_wconf 86' lang='lat' dir='ltr'><strong>lere.</strong></span> <span class='ocrx_word' id='word_1_747' title='bbox 2298 3734 2402 3804; x_wconf 88' lang='lat' dir='ltr'><strong>Qui</strong></span> <span class='ocrx_word' id='word_1_748' title='bbox 2436 3751 2560 3791; x_wconf 86' lang='lat' dir='ltr'><strong>cum</strong></span> <span class='ocrx_word' id='word_1_749' title='bbox 2586 3733 2861 3790; x_wconf 82' lang='lat' dir='ltr'><strong>Christum</strong></span> <span class='ocrx_word' id='word_1_750' title='bbox 2895 3734 3178 3791; x_wconf 82' lang='lat' dir='ltr'><strong>Dominum</strong></span> <span class='ocrx_word' id='word_1_751' title='bbox 3218 3734 3288 3790; x_wconf 79' lang='lat' dir='ltr'><strong>ad</strong></span> <span class='ocrx_word' id='word_1_752' title='bbox 3324 3734 3552 3791; x_wconf 83' lang='lat' dir='ltr'><strong>salutem</strong></span> <span class='ocrx_word' id='word_1_753' title='bbox 3590 3747 3731 3805; x_wconf 81' lang='lat' dir='ltr'><strong>geu-</strong></span> 
     </span>
    </p>
   </div>
   <div class='ocr_carea' id='block_1_84' title="bbox 2133 3827 3735 3901">
    <p class='ocr_par' dir='ltr' id='par_1_84' title="bbox 2133 3827 3735 3901">
     <span class='ocr_line' id='line_1_86' title="bbox 2133 3827 3735 3901; baseline -0.001 -14"><span class='ocrx_word' id='word_1_754' title='bbox 2133 3830 2271 3887; x_wconf 78' lang='lat' dir='ltr'><strong>tium</strong></span> <span class='ocrx_word' id='word_1_755' title='bbox 2296 3830 2519 3886; x_wconf 86' lang='lat' dir='ltr'><strong>missum</strong></span> <span class='ocrx_word' id='word_1_756' title='bbox 2551 3827 2719 3885; x_wconf 86' lang='lat' dir='ltr'><strong>fuisse</strong></span> <span class='ocrx_word' id='word_1_757' title='bbox 2742 3843 2848 3883; x_wconf 88' lang='lat' dir='ltr'><strong>non</strong></span> <span class='ocrx_word' id='word_1_758' title='bbox 2882 3828 3059 3898; x_wconf 85' lang='lat' dir='ltr'><strong>possit</strong></span> <span class='ocrx_word' id='word_1_759' title='bbox 3104 3828 3345 3885; x_wconf 80' lang='lat' dir='ltr'><strong>abnuere</strong></span> <span class='ocrx_word' id='word_1_760' title='bbox 3380 3828 3533 3901; x_wconf 78' lang='lat' dir='ltr'><strong>(nam</strong></span> <span class='ocrx_word' id='word_1_761' title='bbox 3559 3835 3616 3885; x_wconf 86' lang='lat' dir='ltr'><strong>et</strong></span> <span class='ocrx_word' id='word_1_762' title='bbox 3635 3827 3735 3884; x_wconf 84' lang='lat' dir='ltr'><strong>ad-</strong></span> 
     </span>
    </p>
   </div>
   <div class='ocr_carea' id='block_1_85' title="bbox 2132 3920 3735 3991">
    <p class='ocr_par' dir='ltr' id='par_1_85' title="bbox 2132 3920 3735 3991">
     <span class='ocr_line' id='line_1_87' title="bbox 2132 3920 3735 3991; baseline -0.002 -13"><span class='ocrx_word' id='word_1_763' title='bbox 2132 3933 2327 3978; x_wconf 84' lang='lat' dir='ltr'><strong>ventus</strong></span> <span class='ocrx_word' id='word_1_764' title='bbox 2355 3930 2411 3978; x_wconf 91' lang='lat' dir='ltr'><strong>et</strong></span> <span class='ocrx_word' id='word_1_765' title='bbox 2436 3921 2619 3990; x_wconf 82' lang='lat' dir='ltr'><strong>passio</strong></span> <span class='ocrx_word' id='word_1_766' title='bbox 2657 3920 2779 3991; x_wconf 76' lang='lat' dir='ltr'><strong>ejus</strong></span> <span class='ocrx_word' id='word_1_767' title='bbox 2806 3937 2875 3976; x_wconf 75' lang='lat' dir='ltr'><strong>ex</strong></span> <span class='ocrx_word' id='word_1_768' title='bbox 2907 3920 3026 3990; x_wconf 79' lang='lat' dir='ltr'><strong>lege</strong></span> <span class='ocrx_word' id='word_1_769' title='bbox 3063 3926 3205 3990; x_wconf 83' lang='lat' dir='ltr'><strong>est),</strong></span> <span class='ocrx_word' id='word_1_770' title='bbox 3236 3920 3619 3991; x_wconf 85' lang='lat' dir='ltr'><strong>obtemperare</strong></span> <span class='ocrx_word' id='word_1_771' title='bbox 3655 3927 3735 3975; x_wconf 86' lang='lat' dir='ltr'><strong>ta-</strong></span> 
     </span>
    </p>
   </div>
   <div class='ocr_carea' id='block_1_86' title="bbox 2136 4013 3739 4085">
    <p class='ocr_par' dir='ltr' id='par_1_86' title="bbox 2136 4013 3739 4085">
     <span class='ocr_line' id='line_1_88' title="bbox 2136 4013 3739 4085; baseline -0.003 -12"><span class='ocrx_word' id='word_1_772' title='bbox 2136 4031 2263 4073; x_wconf 88' lang='lat' dir='ltr'><strong>men</strong></span> <span class='ocrx_word' id='word_1_773' title='bbox 2295 4014 2606 4085; x_wconf 85' lang='lat' dir='ltr'><strong>Evangeliis</strong></span> <span class='ocrx_word' id='word_1_774' title='bbox 2646 4013 2765 4085; x_wconf 76' lang='lat' dir='ltr'><strong>ipse</strong></span> <span class='ocrx_word' id='word_1_775' title='bbox 2805 4013 3059 4069; x_wconf 87' lang='lat' dir='ltr'><strong>noluerit.</strong></span> <span class='ocrx_word' id='word_1_776' title='bbox 3106 4014 3199 4070; x_wconf 84' lang='lat' dir='ltr'><strong>Ait</strong></span> <span class='ocrx_word' id='word_1_777' title='bbox 3234 4014 3381 4071; x_wconf 84' lang='lat' dir='ltr'><strong>enim</strong></span> <span class='ocrx_word' id='word_1_778' title='bbox 3407 4031 3421 4068; x_wconf 91' lang='lat'><strong>:</strong></span> <span class='ocrx_word' id='word_1_779' title='bbox 3452 4013 3578 4070; x_wconf 84' lang='lat' dir='ltr'><strong>Scio</strong></span> <span class='ocrx_word' id='word_1_780' title='bbox 3610 4014 3739 4083; x_wconf 77' lang='lat' dir='ltr'><strong>quia</strong></span> 
     </span>
    </p>
   </div>
   <div class='ocr_carea' id='block_1_87' title="bbox 2132 4178 3737 4253">
    <p class='ocr_par' dir='ltr' id='par_1_87' title="bbox 2132 4178 3737 4253">
     <span class='ocr_line' id='line_1_89' title="bbox 2132 4178 3737 4253; baseline 0.004 -17"><span class='ocrx_word' id='word_1_781' title='bbox 2132 4182 2244 4238; x_wconf 90' lang='lat' dir='ltr'><strong>rice</strong></span> <span class='ocrx_word' id='word_1_782' title='bbox 2266 4181 2555 4253; x_wconf 87' lang='lat' dir='ltr'><strong>intellectis</strong></span> <span class='ocrx_word' id='word_1_783' title='bbox 2582 4178 2860 4253; x_wconf 84' lang='lat' dir='ltr'><strong>praedicat.</strong></span> <span class='ocrx_word' id='word_1_784' title='bbox 2884 4178 3018 4236; x_wconf 89' lang='lat' dir='ltr'><strong>Cum</strong></span> <span class='ocrx_word' id='word_1_785' title='bbox 3047 4181 3190 4239; x_wconf 90' lang='lat' dir='ltr'><strong>enim</strong></span> <span class='ocrx_word' id='word_1_786' title='bbox 3213 4178 3319 4239; x_wconf 84' lang='lat' dir='ltr'><strong>hoc</strong></span> <span class='ocrx_word' id='word_1_787' title='bbox 3344 4181 3737 4253; x_wconf 89' lang='lat' dir='ltr'><strong>interpretandi</strong></span> 
     </span>
    </p>
   </div>
   <div class='ocr_carea' id='block_1_88' title="bbox 2130 4252 3738 4324">
    <p class='ocr_par' dir='ltr' id='par_1_88' title="bbox 2130 4252 3738 4324">
     <span class='ocr_line' id='line_1_90' title="bbox 2130 4252 3738 4324; baseline 0.001 -16"><span class='ocrx_word' id='word_1_788' title='bbox 2130 4268 2329 4324; x_wconf 85' lang='lat' dir='ltr'><strong>genere</strong></span> <span class='ocrx_word' id='word_1_789' title='bbox 2350 4252 2526 4324; x_wconf 89' lang='lat' dir='ltr'><strong>soleat</strong></span> <span class='ocrx_word' id='word_1_790' title='bbox 2547 4253 2747 4324; x_wconf 83' lang='lat' dir='ltr'><strong>veritas</strong></span> <span class='ocrx_word' id='word_1_791' title='bbox 2772 4252 2906 4307; x_wconf 86' lang='lat' dir='ltr'><strong>alias</strong></span> <span class='ocrx_word' id='word_1_792' title='bbox 2926 4254 3138 4324; x_wconf 84' lang='lat' dir='ltr'><strong>cognita</strong></span> <span class='ocrx_word' id='word_1_793' title='bbox 3161 4263 3215 4309; x_wconf 91' lang='lat' dir='ltr'><strong>et</strong></span> <span class='ocrx_word' id='word_1_794' title='bbox 3241 4264 3427 4323; x_wconf 90' lang='lat' dir='ltr'><strong>aperta</strong></span> <span class='ocrx_word' id='word_1_795' title='bbox 3451 4252 3517 4309; x_wconf 90' lang='lat' dir='ltr'><strong>ad</strong></span> <span class='ocrx_word' id='word_1_796' title='bbox 3541 4255 3738 4311; x_wconf 89' lang='lat' dir='ltr'><strong>obseu-</strong></span> 
     </span>
    </p>
   </div>
   <div class='ocr_carea' id='block_1_89' title="bbox 2130 4323 3739 4394">
    <p class='ocr_par' dir='ltr' id='par_1_89' title="bbox 2130 4323 3739 4394">
     <span class='ocr_line' id='line_1_91' title="bbox 2130 4323 3739 4394; baseline 0.001 -15"><span class='ocrx_word' id='word_1_797' title='bbox 2130 4323 2224 4379; x_wconf 79' lang='lat' dir='ltr'><strong>ros</strong></span> <span class='ocrx_word' id='word_1_798' title='bbox 2247 4323 2510 4394; x_wconf 82' lang='lat' dir='ltr'><strong>quosdam</strong></span> <span class='ocrx_word' id='word_1_799' title='bbox 2537 4323 2834 4392; x_wconf 72' lang='lat' dir='ltr'><strong>Scriptum</strong></span> <span class='ocrx_word' id='word_1_800' title='bbox 2860 4323 3008 4378; x_wconf 81' lang='lat' dir='ltr'><strong>locos</strong></span> <span class='ocrx_word' id='word_1_801' title='bbox 3030 4325 3461 4389; x_wconf 77' lang='lat' dir='ltr'><strong>accommodari;</strong></span> <span class='ocrx_word' id='word_1_802' title='bbox 3492 4329 3739 4394; x_wconf 77' lang='lat' dir='ltr'><strong>sequitur</strong></span> 
     </span>
    </p>
   </div>
   <div class='ocr_carea' id='block_1_90' title="bbox 2133 4394 3737 4467">
    <p class='ocr_par' dir='ltr' id='par_1_90' title="bbox 2133 4394 3737 4467">
     <span class='ocr_line' id='line_1_92' title="bbox 2133 4394 3737 4467; baseline 0.003 -19"><span class='ocrx_word' id='word_1_803' title='bbox 2133 4394 2525 4467; x_wconf 76' lang='lat' dir='ltr'><strong>liocllilarium</strong></span> <span class='ocrx_word' id='word_1_804' title='bbox 2554 4394 3174 4467; x_wconf 6' lang='lat' dir='ltr'><strong>existimassegomnibus</strong></span> <span class='ocrx_word' id='word_1_805' title='bbox 3204 4408 3389 4451; x_wconf 74' lang='lat' dir='ltr'><strong>uotum</strong></span> <span class='ocrx_word' id='word_1_806' title='bbox 3409 4438 3428 4464; x_wconf 92' lang='lat'><strong>,</strong></span> <span class='ocrx_word' id='word_1_807' title='bbox 3478 4398 3626 4467; x_wconf 85' lang='lat' dir='ltr'><strong>quod</strong></span> <span class='ocrx_word' id='word_1_808' title='bbox 3681 4398 3737 4453; x_wconf 81' lang='lat' dir='ltr'><strong>in</strong></span> 
     </span>
    </p>
   </div>
   <div class='ocr_carea' id='block_1_91' title="bbox 2135 4465 3626 4534">
    <p class='ocr_par' dir='ltr' id='par_1_91' title="bbox 2135 4465 3626 4534">
     <span class='ocr_line' id='line_1_93' title="bbox 2135 4465 3626 4534; baseline 0.001 -12"><span class='ocrx_word' id='word_1_809' title='bbox 2135 4465 2439 4533; x_wconf 83' lang='lat' dir='ltr'><strong>Scripturis.</strong></span> <span class='ocrx_word' id='word_1_810' title='bbox 2455 4465 2746 4534; x_wconf 86' lang='lat' dir='ltr'><strong>allegorice</strong></span> <span class='ocrx_word' id='word_1_811' title='bbox 2768 4465 3056 4521; x_wconf 88' lang='lat' dir='ltr'><strong>intellectis</strong></span> <span class='ocrx_word' id='word_1_812' title='bbox 3076 4467 3343 4523; x_wconf 87' lang='lat' dir='ltr'><strong>contineri</strong></span> <span class='ocrx_word' id='word_1_813' title='bbox 3369 4465 3626 4524; x_wconf 81' lang='lat' dir='ltr'><strong>ostendit.</strong></span> 
     </span>
    </p>
   </div>
   <div class='ocr_carea' id='block_1_92' title="bbox 2208 4534 3739 4611">
    <p class='ocr_par' dir='ltr' id='par_1_92' title="bbox 2208 4534 3739 4611">
     <span class='ocr_line' id='line_1_94' title="bbox 2208 4534 3739 4611; baseline 0.005 -21"><span class='ocrx_word' id='word_1_814' title='bbox 2208 4535 2284 4610; x_wconf 81' lang='grc' dir='ltr'><strong>(α)</strong></span> <span class='ocrx_word' id='word_1_815' title='bbox 2308 4536 2475 4602; x_wconf 80' lang='lat' dir='ltr'><strong>Editi,</strong></span> <span class='ocrx_word' id='word_1_816' title='bbox 2502 4539 2817 4608; x_wconf 80' lang='lat' dir='ltr'><strong>perfunctus.</strong></span> <span class='ocrx_word' id='word_1_817' title='bbox 2853 4534 3100 4592; x_wconf 89' lang='lat' dir='ltr'><strong>Potiores</strong></span> <span class='ocrx_word' id='word_1_818' title='bbox 3129 4553 3260 4593; x_wconf 87' lang='lat' dir='ltr'><strong>mss.</strong></span> <span class='ocrx_word' id='word_1_819' title='bbox 3290 4540 3581 4611; x_wconf 78' lang='lat' dir='ltr'><strong>perfuncta,</strong></span> <span class='ocrx_word' id='word_1_820' title='bbox 3602 4546 3658 4595; x_wconf 87' lang='lat' dir='ltr'><strong>et</strong></span> <span class='ocrx_word' id='word_1_821' title='bbox 3678 4539 3739 4598; x_wconf 87' lang='lat' dir='ltr'><strong>in</strong></span> 
     </span>
    </p>
   </div>
   <div class='ocr_carea' id='block_1_93' title="bbox 2055 4594 2589 4678">
    <p class='ocr_par' dir='ltr' id='par_1_93' title="bbox 2055 4594 2589 4678">
     <span class='ocr_line' id='line_1_95' title="bbox 2055 4594 2589 4678; baseline -0.004 -14"><span class='ocrx_word' id='word_1_822' title='bbox 2055 4594 2109 4655; x_wconf 73' lang='grc' dir='ltr'><strong>Β</strong></span> <span class='ocrx_word' id='word_1_823' title='bbox 2134 4594 2589 4678; x_wconf 47' lang='lat' dir='ltr'><strong>aliis&#39;perfnnc&#39;tm.</strong></span> 
     </span>
    </p>
   </div>
   <div class='ocr_carea' id='block_1_94' title="bbox 2206 4677 3735 4748">
    <p class='ocr_par' dir='ltr' id='par_1_94' title="bbox 2206 4677 3735 4748">
     <span class='ocr_line' id='line_1_96' title="bbox 2206 4677 3735 4748; baseline 0.003 -14"><span class='ocrx_word' id='word_1_824' title='bbox 2206 4678 2285 4748; x_wconf 74' lang='lat' dir='ltr'><strong>(lt)</strong></span> <span class='ocrx_word' id='word_1_825' title='bbox 2313 4677 2634 4743; x_wconf 71' lang='lat' dir='ltr'><strong>Particulam</strong></span> <span class='ocrx_word' id='word_1_826' title='bbox 2662 4687 2710 4731; x_wconf 77' lang='lat' dir='ltr'><strong>et</strong></span> <span class='ocrx_word' id='word_1_827' title='bbox 2745 4677 3028 4744; x_wconf 73' lang='lat' dir='ltr'><strong>sdiieimus</strong></span> <span class='ocrx_word' id='word_1_828' title='bbox 3052 4680 3377 4738; x_wconf 76' lang='lat' dir='ltr'><strong>auctoritate</strong></span> <span class='ocrx_word' id='word_1_829' title='bbox 3405 4696 3543 4736; x_wconf 70' lang='lat' dir='ltr'><strong>mss.</strong></span> <span class='ocrx_word' id='word_1_830' title='bbox 3577 4678 3735 4738; x_wconf 63' lang='lat' dir='ltr'><strong>Colit.</strong></span> 
     </span>
    </p>
   </div>
   <div class='ocr_carea' id='block_1_95' title="bbox 2137 4749 3738 4823">
    <p class='ocr_par' dir='ltr' id='par_1_95' title="bbox 2137 4749 3738 4823">
     <span class='ocr_line' id='line_1_97' title="bbox 2137 4749 3738 4823; baseline -0.001 -16"><span class='ocrx_word' id='word_1_831' title='bbox 2137 4762 2192 4807; x_wconf 87' lang='lat' dir='ltr'><strong>et</strong></span> <span class='ocrx_word' id='word_1_832' title='bbox 2236 4749 2402 4806; x_wconf 75' lang='lat' dir='ltr'><strong>Curn.</strong></span> <span class='ocrx_word' id='word_1_833' title='bbox 2451 4749 2560 4806; x_wconf 85' lang='lat' dir='ltr'><strong>Hae</strong></span> <span class='ocrx_word' id='word_1_834' title='bbox 2601 4749 2908 4823; x_wconf 73' lang='lat' dir='ltr'><strong>distinctius</strong></span> <span class='ocrx_word' id='word_1_835' title='bbox 2952 4750 3331 4823; x_wconf 82' lang='lat' dir='ltr'><strong>exprimuntur</strong></span> <span class='ocrx_word' id='word_1_836' title='bbox 3357 4752 3471 4823; x_wconf 70' lang='lat' dir='ltr'><strong>duo</strong></span> <span class='ocrx_word' id='word_1_837' title='bbox 3506 4752 3738 4823; x_wconf 82' lang='lat' dir='ltr'><strong>talenta,</strong></span> 
     </span>
    </p>
   </div>
   <div class='ocr_carea' id='block_1_96' title="bbox 2138 4820 3739 4894">
    <p class='ocr_par' dir='ltr' id='par_1_96' title="bbox 2138 4820 3739 4894">
     <span class='ocr_line' id='line_1_98' title="bbox 2138 4820 3739 4894; baseline 0.001 -18"><span class='ocrx_word' id='word_1_838' title='bbox 2138 4838 2367 4893; x_wconf 88' lang='lat' dir='ltr'><strong>quorum</strong></span> <span class='ocrx_word' id='word_1_839' title='bbox 2394 4823 2715 4894; x_wconf 70' lang='lat' dir='ltr'><strong>prituutnsit</strong></span> <span class='ocrx_word' id='word_1_840' title='bbox 2739 4822 2789 4873; x_wconf 92' lang='lat' dir='ltr'><strong>in</strong></span> <span class='ocrx_word' id='word_1_841' title='bbox 2819 4820 2923 4894; x_wconf 83' lang='lat' dir='ltr'><strong>ﬁde</strong></span> <span class='ocrx_word' id='word_1_842' title='bbox 2948 4820 3189 4894; x_wconf 83' lang='lat' dir='ltr'><strong>mysterii</strong></span> <span class='ocrx_word' id='word_1_843' title='bbox 3213 4834 3415 4877; x_wconf 72' lang='lat' dir='ltr'><strong>sanctae</strong></span> <span class='ocrx_word' id='word_1_844' title='bbox 3438 4820 3739 4894; x_wconf 75' lang='lat' dir='ltr'><strong>Trinitatis,</strong></span> 
     </span>
    </p>
   </div>
   <div class='ocr_carea' id='block_1_97' title="bbox 2139 4890 3093 4947">
    <p class='ocr_par' dir='ltr' id='par_1_97' title="bbox 2139 4890 3093 4947">
     <span class='ocr_line' id='line_1_99' title="bbox 2139 4890 3093 4947; baseline -0.001 0"><span class='ocrx_word' id='word_1_845' title='bbox 2139 4890 2369 4947; x_wconf 68' lang='lat' dir='ltr'><strong>alterum</strong></span> <span class='ocrx_word' id='word_1_846' title='bbox 2397 4893 2449 4945; x_wconf 89' lang='lat' dir='ltr'><strong>in</strong></span> <span class='ocrx_word' id='word_1_847' title='bbox 2482 4890 2585 4947; x_wconf 80' lang='lat' dir='ltr'><strong>ﬁde</strong></span> <span class='ocrx_word' id='word_1_848' title='bbox 2611 4890 3025 4946; x_wconf 64' lang='lat' dir='ltr'><strong>Incarna’tinni&#39;s&#39;.</strong></span> <span class='ocrx_word' id='word_1_849' title='bbox 3084 4930 3093 4937; x_wconf 61' lang='grc' dir='ltr'>ν</span> 
     </span>
    </p>
   </div>
   <div class='ocr_carea' id='block_1_98' title="bbox 2214 4961 3746 5035">
    <p class='ocr_par' dir='ltr' id='par_1_98' title="bbox 2214 4961 3746 5035">
     <span class='ocr_line' id='line_1_100' title="bbox 2214 4961 3746 5035; baseline 0.002 -18"><span class='ocrx_word' id='word_1_850' title='bbox 2214 4964 2284 5035; x_wconf 86' lang='lat' dir='ltr'><strong>(c)</strong></span> <span class='ocrx_word' id='word_1_851' title='bbox 2317 4961 2530 5021; x_wconf 79' lang='lat' dir='ltr'><strong>Excusi.</strong></span> <span class='ocrx_word' id='word_1_852' title='bbox 2569 4974 2747 5035; x_wconf 3' lang='lat' dir='ltr'><strong>atque,</strong></span> <span class='ocrx_word' id='word_1_853' title='bbox 2763 4963 3078 5028; x_wconf 84' lang='lat' dir='ltr'><strong>operatione.</strong></span> <span class='ocrx_word' id='word_1_854' title='bbox 3114 4963 3220 5019; x_wconf 81' lang='lat' dir='ltr'><strong>Sex</strong></span> <span class='ocrx_word' id='word_1_855' title='bbox 3262 4979 3393 5019; x_wconf 89' lang='lat' dir='ltr'><strong>mss.</strong></span> <span class='ocrx_word' id='word_1_856' title='bbox 3432 4965 3746 5021; x_wconf 81' lang='lat' dir='ltr'><strong>intellectum</strong></span> 
     </span>
    </p>
   </div>
   <div class='ocr_carea' id='block_1_99' title="bbox 2139 5033 3748 5108">
    <p class='ocr_par' dir='ltr' id='par_1_99' title="bbox 2139 5033 3748 5108">
     <span class='ocr_line' id='line_1_101' title="bbox 2139 5033 3748 5108; baseline 0.002 -20"><span class='ocrx_word' id='word_1_857' title='bbox 2139 5033 2292 5108; x_wconf 75' lang='lat' dir='ltr'><strong>atque</strong></span> <span class='ocrx_word' id='word_1_858' title='bbox 2312 5034 2681 5108; x_wconf 66' lang='lat' dir='ltr'><strong>operationem.</strong></span> <span class='ocrx_word' id='word_1_859' title='bbox 2717 5033 3215 5108; x_wconf 32' lang='lat' dir='ltr'><strong>Praeferituuskcum</strong></span> <span class='ocrx_word' id='word_1_860' title='bbox 3244 5037 3571 5103; x_wconf 78' lang='lat' dir='ltr'><strong>potioribus,</strong></span> <span class='ocrx_word' id='word_1_861' title='bbox 3592 5039 3748 5108; x_wconf 77' lang='lat' dir='ltr'><strong>idque</strong></span> 
     </span>
    </p>
   </div>
   <div class='ocr_carea' id='block_1_100' title="bbox 2148 5096 3747 5178">
    <p class='ocr_par' dir='ltr' id='par_1_100' title="bbox 2148 5096 3747 5178">
     <span class='ocr_line' id='line_1_102' title="bbox 2148 5096 3747 5178; baseline -0.001 -18"><span class='ocrx_word' id='word_1_862' title='bbox 2148 5096 2484 5178; x_wconf 71' lang='lat' dir='ltr'><strong>(subauditur</strong></span> <span class='ocrx_word' id='word_1_863' title='bbox 2506 5106 2699 5178; x_wconf 60' lang='lat' dir='ltr'><strong>ipsum)</strong></span> <span class='ocrx_word' id='word_1_864' title='bbox 2726 5107 3051 5178; x_wconf 65' lang='lat' dir='ltr'><strong>oyeratione.</strong></span> <span class='ocrx_word' id='word_1_865' title='bbox 3074 5096 3202 5178; x_wconf 72' lang='lat' dir='ltr'><strong>Haec</strong></span> <span class='ocrx_word' id='word_1_866' title='bbox 3235 5096 3396 5163; x_wconf 72' lang='lat' dir='ltr'><strong>lectio</strong></span> <span class='ocrx_word' id='word_1_867' title='bbox 3414 5110 3488 5163; x_wconf 90' lang='lat' dir='ltr'><strong>ob</strong></span> <span class='ocrx_word' id='word_1_868' title='bbox 3510 5096 3747 5163; x_wconf 57' lang='lat' dir='ltr'><strong>Mevia-.-</strong></span> 
     </span>
    </p>
   </div>
   <div class='ocr_carea' id='block_1_101' title="bbox 2147 5175 3749 5248">
    <p class='ocr_par' dir='ltr' id='par_1_101' title="bbox 2147 5175 3749 5248">
     <span class='ocr_line' id='line_1_103' title="bbox 2147 5175 3749 5248; baseline 0.001 -21"><span class='ocrx_word' id='word_1_869' title='bbox 2147 5175 2253 5232; x_wconf 67' lang='grc' dir='ltr'><strong>(ειη</strong></span> <span class='ocrx_word' id='word_1_870' title='bbox 2302 5178 2554 5241; x_wconf 79' lang='lat' dir='ltr'><strong>obscura,</strong></span> <span class='ocrx_word' id='word_1_871' title='bbox 2595 5175 2675 5231; x_wconf 83' lang='lat' dir='ltr'><strong>sic</strong></span> <span class='ocrx_word' id='word_1_872' title='bbox 2714 5185 2891 5245; x_wconf 75' lang='lat' dir='ltr'><strong>potest</strong></span> <span class='ocrx_word' id='word_1_873' title='bbox 2936 5177 3215 5248; x_wconf 73' lang='lat' dir='ltr'><strong>explicari.</strong></span> <span class='ocrx_word' id='word_1_874' title='bbox 3268 5179 3340 5233; x_wconf 76' lang='lat' dir='ltr'><strong>ita</strong></span> <span class='ocrx_word' id='word_1_875' title='bbox 3381 5180 3475 5234; x_wconf 73' lang='lat' dir='ltr'><strong>ista</strong></span> <span class='ocrx_word' id='word_1_876' title='bbox 3520 5180 3749 5248; x_wconf 66' lang='lat' dir='ltr'><strong>poyulus</strong></span> 
     </span>
    </p>
   </div>
   <div class='ocr_carea' id='block_1_102' title="bbox 2144 5247 3748 5319">
    <p class='ocr_par' dir='ltr' id='par_1_102' title="bbox 2144 5247 3748 5319">
     <span class='ocr_line' id='line_1_104' title="bbox 2144 5247 3748 5319; baseline 0.001 -16"><span class='ocrx_word' id='word_1_877' title='bbox 2144 5248 2383 5319; x_wconf 84' lang='lat' dir='ltr'><strong>gentium</strong></span> <span class='ocrx_word' id='word_1_878' title='bbox 2431 5250 2739 5319; x_wconf 76' lang='lat' dir='ltr'><strong>incremento</strong></span> <span class='ocrx_word' id='word_1_879' title='bbox 2770 5248 2993 5319; x_wconf 75' lang='lat' dir='ltr'><strong>duorum</strong></span> <span class='ocrx_word' id='word_1_880' title='bbox 3020 5247 3329 5304; x_wconf 78' lang='lat' dir='ltr'><strong>talentorum</strong></span> <span class='ocrx_word' id='word_1_881' title='bbox 3373 5250 3748 5318; x_wconf 76' lang='lat' dir='ltr'><strong>intelligendus</strong></span> 
     </span>
    </p>
   </div>
   <div class='ocr_carea' id='block_1_103' title="bbox 2146 5317 3751 5389">
    <p class='ocr_par' dir='ltr' id='par_1_103' title="bbox 2146 5317 3751 5389">
     <span class='ocr_line' id='line_1_105' title="bbox 2146 5317 3751 5389; baseline -0.001 -14"><span class='ocrx_word' id='word_1_882' title='bbox 2146 5317 2232 5375; x_wconf 73' lang='lat' dir='ltr'><strong>est</strong></span> <span class='ocrx_word' id='word_1_883' title='bbox 2257 5320 2561 5389; x_wconf 74' lang='lat' dir='ltr'><strong>duplicasse</strong></span> <span class='ocrx_word' id='word_1_884' title='bbox 2590 5318 2733 5388; x_wconf 80' lang='lat' dir='ltr'><strong>quod</strong></span> <span class='ocrx_word' id='word_1_885' title='bbox 2760 5317 2869 5373; x_wconf 81' lang='lat' dir='ltr'><strong>ﬁde</strong></span> <span class='ocrx_word' id='word_1_886' title='bbox 2898 5328 3252 5386; x_wconf 84' lang='lat' dir='ltr'><strong>perceperat;</strong></span> <span class='ocrx_word' id='word_1_887' title='bbox 3279 5330 3330 5374; x_wconf 84' lang='lat' dir='ltr'><strong>et</strong></span> <span class='ocrx_word' id='word_1_888' title='bbox 3360 5322 3415 5375; x_wconf 83' lang='lat' dir='ltr'><strong>id</strong></span> <span class='ocrx_word' id='word_1_889' title='bbox 3441 5317 3632 5389; x_wconf 70' lang='lat' dir='ltr'><strong>ipsum,</strong></span> <span class='ocrx_word' id='word_1_890' title='bbox 3664 5320 3751 5373; x_wconf 80' lang='lat' dir='ltr'><strong>ni—</strong></span> 
     </span>
    </p>
   </div>
   <div class='ocr_carea' id='block_1_104' title="bbox 2150 5388 3750 5463">
    <p class='ocr_par' dir='ltr' id='par_1_104' title="bbox 2150 5388 3750 5463">
     <span class='ocr_line' id='line_1_106' title="bbox 2150 5388 3750 5463; baseline 0.003 -20"><span class='ocrx_word' id='word_1_891' title='bbox 2150 5388 2348 5463; x_wconf 70' lang='lat' dir='ltr'><strong>mirum</strong></span> <span class='ocrx_word' id='word_1_892' title='bbox 2373 5389 2459 5444; x_wconf 81' lang='lat' dir='ltr'><strong>illa</strong></span> <span class='ocrx_word' id='word_1_893' title='bbox 2480 5388 2589 5463; x_wconf 81' lang='lat' dir='ltr'><strong>duo</strong></span> <span class='ocrx_word' id='word_1_894' title='bbox 2614 5389 2832 5463; x_wconf 72' lang='lat' dir='ltr'><strong>talenta,</strong></span> <span class='ocrx_word' id='word_1_895' title='bbox 2862 5392 3206 5463; x_wconf 50' lang='lat' dir='ltr'><strong>[immune</strong></span> <span class='ocrx_word' id='word_1_896' title='bbox 3218 5388 3534 5463; x_wconf 79' lang='lat' dir='ltr'><strong>operatione,</strong></span> <span class='ocrx_word' id='word_1_897' title='bbox 3560 5406 3750 5463; x_wconf 74' lang='lat' dir='ltr'><strong>eorum</strong></span> 
     </span>
    </p>
   </div>
   <div class='ocr_carea' id='block_1_105' title="bbox 512 5458 3751 5533">
    <p class='ocr_par' dir='ltr' id='par_1_105' title="bbox 512 5458 3751 5533">
     <span class='ocr_line' id='line_1_107' title="bbox 512 5458 3751 5533; baseline 0.001 -20"><span class='ocrx_word' id='word_1_898' title='bbox 512 5458 748 5517; x_wconf 56' lang='lat' dir='ltr'><strong>on&#39;enim</strong></span> <span class='ocrx_word' id='word_1_899' title='bbox 781 5461 865 5517; x_wconf 87' lang='lat' dir='ltr'><strong>hic</strong></span> <span class='ocrx_word' id='word_1_900' title='bbox 892 5464 1068 5533; x_wconf 88' lang='lat' dir='ltr'><strong>agitur</strong></span> <span class='ocrx_word' id='word_1_901' title='bbox 1088 5471 1264 5517; x_wconf 79' lang='lat' dir='ltr'><strong>utrum</strong></span> <span class='ocrx_word' id='word_1_902' title='bbox 1292 5458 1356 5517; x_wconf 74' lang='lat' dir='ltr'><strong>ea</strong></span> <span class='ocrx_word' id='word_1_903' title='bbox 1380 5460 1455 5516; x_wconf 77' lang='lat' dir='ltr'><strong>de</strong></span> <span class='ocrx_word' id='word_1_904' title='bbox 1475 5462 1677 5517; x_wconf 71' lang='lat' dir='ltr'><strong>sanctis</strong></span> <span class='ocrx_word' id='word_1_905' title='bbox 1711 5461 1961 5517; x_wconf 66' lang='lat' dir='ltr'><strong>doctrina</strong></span> <span class='ocrx_word' id='word_1_906' title='bbox 1984 5461 2045 5518; x_wconf 81' lang='lat' dir='ltr'><strong>in</strong></span> <span class='ocrx_word' id='word_1_907' title='bbox 2150 5462 2358 5533; x_wconf 77' lang='lat' dir='ltr'><strong>scilicet</strong></span> <span class='ocrx_word' id='word_1_908' title='bbox 2372 5476 2493 5531; x_wconf 62' lang='lat' dir='ltr'><strong>quae</strong></span> <span class='ocrx_word' id='word_1_909' title='bbox 2516 5459 2651 5533; x_wconf 72' lang='lat' dir='ltr'><strong>ﬁdes</strong></span> <span class='ocrx_word' id='word_1_910' title='bbox 2664 5460 2840 5533; x_wconf 81' lang='lat' dir='ltr'><strong>jubet.</strong></span> <span class='ocrx_word' id='word_1_911' title='bbox 2868 5458 2989 5533; x_wconf 76' lang='lat' dir='ltr'><strong>Uno</strong></span> <span class='ocrx_word' id='word_1_912' title='bbox 3012 5464 3179 5518; x_wconf 77' lang='lat' dir='ltr'><strong>verbo</strong></span> <span class='ocrx_word' id='word_1_913' title='bbox 3201 5458 3336 5518; x_wconf 80' lang='lat' dir='ltr'><strong>sicut</strong></span> <span class='ocrx_word' id='word_1_914' title='bbox 3359 5464 3592 5533; x_wconf 84' lang='lat' dir='ltr'><strong>populus</strong></span> <span class='ocrx_word' id='word_1_915' title='bbox 3612 5460 3751 5533; x_wconf 81' lang='lat' dir='ltr'><strong>legis</strong></span> 
     </span>
    </p>
   </div>
   <div class='ocr_carea' id='block_1_106' title="bbox 461 5531 958 5604">
    <p class='ocr_par' dir='ltr' id='par_1_106' title="bbox 461 5531 958 5604">
     <span class='ocr_line' id='line_1_108' title="bbox 461 5531 958 5604; baseline 0.002 -16"><span class='ocrx_word' id='word_1_916' title='bbox 461 5531 755 5600; x_wconf 81' lang='lat' dir='ltr'><strong>Scripturis</strong></span> <span class='ocrx_word' id='word_1_917' title='bbox 778 5531 958 5604; x_wconf 80' lang='lat' dir='ltr'><strong>aliquo</strong></span> 
     </span>
    </p>
   </div>
   <div class='ocr_carea' id='block_1_107' title="bbox 981 5533 2046 5603">
    <p class='ocr_par' dir='ltr' id='par_1_107' title="bbox 981 5533 2046 5603">
     <span class='ocr_line' id='line_1_109' title="bbox 981 5533 2046 5603; baseline -0.003 -15"><span class='ocrx_word' id='word_1_918' title='bbox 981 5533 1143 5588; x_wconf 83' lang='lat' dir='ltr'><strong>modo</strong></span> <span class='ocrx_word' id='word_1_919' title='bbox 1168 5534 1539 5596; x_wconf 68' lang='lat' dir='ltr'><strong>contineatur,</strong></span> <span class='ocrx_word' id='word_1_920' title='bbox 1594 5533 1693 5589; x_wconf 82' lang='lat' dir='ltr'><strong>sed</strong></span> <span class='ocrx_word' id='word_1_921' title='bbox 1738 5540 1925 5589; x_wconf 70' lang='lat' dir='ltr'><strong>surum</strong></span> <span class='ocrx_word' id='word_1_922' title='bbox 1948 5547 2046 5603; x_wconf 82' lang='lat' dir='ltr'><strong>pa-</strong></span> 
     </span>
    </p>
   </div>
   <div class='ocr_carea' id='block_1_108' title="bbox 462 5602 2043 5673">
    <p class='ocr_par' dir='ltr' id='par_1_108' title="bbox 462 5602 2043 5673">
     <span class='ocr_line' id='line_1_110' title="bbox 462 5602 2043 5673; baseline 0.004 -16"><span class='ocrx_word' id='word_1_923' title='bbox 462 5611 654 5659; x_wconf 83' lang='lat' dir='ltr'><strong>tronus</strong></span> <span class='ocrx_word' id='word_1_924' title='bbox 683 5605 821 5659; x_wconf 74' lang='lat' dir='ltr'><strong>illius</strong></span> <span class='ocrx_word' id='word_1_925' title='bbox 840 5602 1000 5661; x_wconf 78' lang='lat' dir='ltr'><strong>luerit</strong></span> <span class='ocrx_word' id='word_1_926' title='bbox 1021 5603 1278 5661; x_wconf 76' lang='lat' dir='ltr'><strong>Hilarius.</strong></span> <span class='ocrx_word' id='word_1_927' title='bbox 1294 5602 1418 5671; x_wconf 77' lang='lat' dir='ltr'><strong>Qua</strong></span> <span class='ocrx_word' id='word_1_928' title='bbox 1460 5604 1541 5673; x_wconf 70' lang='lat' dir='ltr'><strong>de</strong></span> <span class='ocrx_word' id='word_1_929' title='bbox 1583 5619 1651 5665; x_wconf 61' lang='lat' dir='ltr'><strong>ne</strong></span> <span class='ocrx_word' id='word_1_930' title='bbox 1682 5603 1845 5673; x_wconf 75' lang='lat' dir='ltr'><strong>longe</strong></span> <span class='ocrx_word' id='word_1_931' title='bbox 1865 5602 2043 5669; x_wconf 63' lang='lat' dir='ltr'><strong>minor</strong></span> 
     </span>
    </p>
   </div>
   <div class='ocr_carea' id='block_1_109' title="bbox 462 5671 2051 5747">
    <p class='ocr_par' dir='ltr' id='par_1_109' title="bbox 462 5671 2051 5747">
     <span class='ocr_line' id='line_1_111' title="bbox 462 5671 2051 5747; baseline 0.001 -17"><span class='ocrx_word' id='word_1_932' title='bbox 462 5683 546 5731; x_wconf 87' lang='lat' dir='ltr'><strong>est</strong></span> <span class='ocrx_word' id='word_1_933' title='bbox 575 5675 853 5733; x_wconf 87' lang='lat' dir='ltr'><strong>dubitandi</strong></span> <span class='ocrx_word' id='word_1_934' title='bbox 900 5676 1038 5732; x_wconf 88' lang='lat' dir='ltr'><strong>ratio</strong></span> <span class='ocrx_word' id='word_1_935' title='bbox 1061 5717 1077 5745; x_wconf 91' lang='lat'><strong>,</strong></span> <span class='ocrx_word' id='word_1_936' title='bbox 1100 5690 1224 5731; x_wconf 88' lang='lat' dir='ltr'><strong>cum</strong></span> <span class='ocrx_word' id='word_1_937' title='bbox 1259 5689 1379 5732; x_wconf 86' lang='lat' dir='ltr'><strong>eam</strong></span> <span class='ocrx_word' id='word_1_938' title='bbox 1429 5690 1461 5731; x_wconf 78' lang='lat' dir='ltr'><strong>s</strong></span> <span class='ocrx_word' id='word_1_939' title='bbox 1514 5671 1807 5746; x_wconf 76' lang='lat' dir='ltr'><strong>Scripturis</strong></span> <span class='ocrx_word' id='word_1_940' title='bbox 1846 5674 2051 5747; x_wconf 65' lang='lat' dir='ltr'><strong>allego-</strong></span> 
     </span>
    </p>
   </div>
   <div class='ocr_carea' id='block_1_110' title="bbox 2159 5531 3754 5602">
    <p class='ocr_par' dir='ltr' id='par_1_110' title="bbox 2159 5531 3754 5602">
     <span class='ocr_line' id='line_1_112' title="bbox 2159 5531 3754 5602; baseline 0.003 -17"><span class='ocrx_word' id='word_1_941' title='bbox 2159 5531 2264 5602; x_wconf 77' lang='lat' dir='ltr'><strong>lide</strong></span> <span class='ocrx_word' id='word_1_942' title='bbox 2294 5531 2568 5602; x_wconf 66' lang='lat' dir='ltr'><strong>Evangelii</strong></span> <span class='ocrx_word' id='word_1_943' title='bbox 2596 5532 2888 5602; x_wconf 77' lang='lat' dir='ltr'><strong>accedente</strong></span> <span class='ocrx_word' id='word_1_944' title='bbox 2916 5532 3156 5602; x_wconf 65' lang='lat' dir='ltr'><strong>duplicat</strong></span> <span class='ocrx_word' id='word_1_945' title='bbox 3193 5531 3396 5599; x_wconf 64' lang='lat' dir='ltr'><strong>talenta</strong></span> <span class='ocrx_word' id='word_1_946' title='bbox 3427 5531 3557 5601; x_wconf 75' lang='lat' dir='ltr'><strong>Sua;</strong></span> <span class='ocrx_word' id='word_1_947' title='bbox 3586 5531 3754 5590; x_wconf 46' lang='lat' dir='ltr'><strong>ita&#39;et</strong></span> 
     </span>
    </p>
   </div>
   <div class='ocr_carea' id='block_1_111' title="bbox 2155 5590 3758 5673">
    <p class='ocr_par' dir='ltr' id='par_1_111' title="bbox 2155 5590 3758 5673">
     <span class='ocr_line' id='line_1_113' title="bbox 2155 5590 3758 5673; baseline 0.001 -15"><span class='ocrx_word' id='word_1_948' title='bbox 2155 5596 2396 5673; x_wconf 76' lang='lat' dir='ltr'><strong>duplicat</strong></span> <span class='ocrx_word' id='word_1_949' title='bbox 2414 5590 2640 5672; x_wconf 56' lang='lat' dir='ltr'><strong>pupulas</strong></span> <span class='ocrx_word' id='word_1_950' title='bbox 2660 5590 2857 5669; x_wconf 76' lang='lat' dir='ltr'><strong>ﬁdelis,</strong></span> <span class='ocrx_word' id='word_1_951' title='bbox 2880 5603 2972 5659; x_wconf 86' lang='lat' dir='ltr'><strong>ubi</strong></span> <span class='ocrx_word' id='word_1_952' title='bbox 3164 5590 3331 5660; x_wconf 77' lang='lat' dir='ltr'><strong>caule</strong></span> <span class='ocrx_word' id='word_1_953' title='bbox 3352 5590 3758 5664; x_wconf 71' lang='lat' dir='ltr'><strong>crediteteon-</strong></span> 
     </span>
    </p>
   </div>
   <div class='ocr_carea' id='block_1_112' title="bbox 2161 5674 3297 5743">
    <p class='ocr_par' dir='ltr' id='par_1_112' title="bbox 2161 5674 3297 5743">
     <span class='ocr_line' id='line_1_114' title="bbox 2161 5674 3297 5743; baseline 0.002 -17"><span class='ocrx_word' id='word_1_954' title='bbox 2161 5674 2342 5730; x_wconf 88' lang='lat' dir='ltr'><strong>litetur</strong></span> <span class='ocrx_word' id='word_1_955' title='bbox 2368 5688 2484 5742; x_wconf 91' lang='lat' dir='ltr'><strong>ore,</strong></span> <span class='ocrx_word' id='word_1_956' title='bbox 2518 5674 2835 5743; x_wconf 86' lang='lat' dir='ltr'><strong>operatione</strong></span> <span class='ocrx_word' id='word_1_957' title='bbox 2863 5681 3120 5731; x_wconf 86' lang='lat' dir='ltr'><strong>testatum</strong></span> <span class='ocrx_word' id='word_1_958' title='bbox 3151 5676 3297 5730; x_wconf 89' lang='lat' dir='ltr'><strong>facit.</strong></span> 
     </span>
    </p>
   </div>
  </div>
