4172 6188
556 191 700 248 1065

1760 188 2008 248 SANCTI
2048 185 2305 265 HILARll
2337 189 2642 248 EPISCOPI

3715 197 3860 254 1064

552 308 704 362 homo
731 309 890 364 durus
921 325 990 374 es,
1026 309 1169 365 metis
1197 308 1283 363 ubi
1311 324 1412 364 non
1444 309 1732 376 seminasti,
1765 320 1811 364 et
1840 310 2040 381 colligis
2069 309 2150 363 ubi
2179 306 2233 369 Α
2258 309 2497 366 lidelium
2538 311 2860 381 corporibus
2900 310 3281 383 mentibusque
3323 311 3741 381 transfunditur,
3795 322 3864 368 ut

550 417 652 456 non
683 403 918 472 sparsisti
943 401 964 474 (
982 402 1017 470 ἂν
1037 401 1152 472 24).
1183 401 1388 458 Rerum
1427 405 1775 474 prtesentium
1815 415 2003 459 natura
2038 419 2143 458 no.i

547 492 653 549 fert
681 508 912 548 messem
942 509 1064 549 esse
1094 494 1214 550 sine
1241 495 1470 561 semine,
1511 503 1566 550 ct
1594 495 1776 567 colligi
1806 514 1926 568 quae
1955 512 2145 568 sparsa

547 599 657 641 non
681 583 916 639 fuerim:
953 584 1048 640 sed
1079 595 1220 640 totus
1245 585 1515 656 spiritalis
1542 585 1627 642 hic
1660 601 1841 642 sermo
1869 597 1967 644 est.
2005 587 2147 642 Dixi-

546 691 670 732 mus
705 676 849 730 enim
891 676 1032 730 hunc
1061 676 1314 746 populum
1343 691 1465 731 esse
1493 675 1558 730 de
1589 677 1726 747 lege,
1760 694 1864 733 non
1895 676 2147 748 ignOran-

546 779 653 825 tem
689 768 900 824 Domini
930 769 1222 824 adventum
1244 780 1299 825 et
1326 771 1567 841 gentium
1592 773 1856 838 salutem;
1889 773 1984 828 sed
2017 773 2144 827 inti-

545 861 719 918 delem
765 879 778 916 :
830 864 1029 934 quippe
1075 878 1195 918 cum
1245 863 1384 919 sciat
1431 866 1716 921 metendos
1768 867 1877 921 illic
1917 867 2144 936 jnstitiae

543 954 773 1022 fructus,
809 955 898 1009 ubi
927 955 1012 1010 lex
1042 965 1158 1010 sata
1191 971 1300 1010 non
1331 957 1423 1023 sit,
1462 967 1516 1012 et
1557 958 1891 1028 colligendos
1917 975 1982 1014 ex
2007 975 2142 1028 gen-

543 1048 709 1115 tibus,
733 1049 824 1118 qui
847 1065 955 1103 non
983 1064 1049 1104 ex
1076 1049 1310 1104 Abrahae
1341 1051 1452 1105 sint
1473 1053 1640 1122 stirpe
1670 1051 1904 1121 dispersi
1934 1070 1946 1104 :
1972 1062 2024 1105 ct
2057 1052 2142 1106 id-

497 1144 511 1151 ’
540 1141 688 1197 circo
709 1140 875 1197 durus
903 1140 990 1198 hic
1019 1141 1182 1196 homo
1209 1142 1312 1207 sit,
1339 1143 1544 1198 scilicet
1574 1144 1692 1198 sine
1723 1144 1841 1214 lege
1862 1141 2128 1212 justifica-

540 1243 714 1302 turus,
757 1235 874 1292 sine
919 1235 1252 1306 dispersione
1281 1237 1632 1303 collecturus,
1678 1247 1732 1294 et
1777 1237 1896 1294 sine
1930 1237 2142 1294 satione

540 1343 841 1385 messurus.

614 1420 701 1474 ii.
751 1420 958 1488 Quanta
996 1421 1168 1493 culpa.
1216 1421 1344 1488 Quae
1391 1423 1548 1495 hujus
1589 1423 1756 1494 culpa:
1795 1422 2040 1476 vindicta.
2074 1451 2141 1462 —

539 1514 717 1585 Atque
746 1514 867 1570 ideo
910 1514 1013 1570 hoc
1053 1515 1222 1585 magis
1252 1516 1370 1570 sine
1393 1516 1550 1570 venia
1594 1517 1718 1581 erit,
1751 1532 1847 1572 cur
1878 1515 2140 1586 praedica-

541 1605 740 1660 tionem
770 1606 1093 1672 occuluerit,
1117 1615 1172 1662 et
1208 1607 1556 1662 commissum
1585 1607 1689 1664 sibi
1735 1608 1996 1663 talentum
2027 1607 2140 1663 suf-

2252 401 2366 456 haec
2412 401 2485 473 (b)
2515 402 2866 459 humanitatis
2895 401 3097 470 ofﬁcia,
3141 412 3234 458 aut
3273 403 3503 474 gratiam
3551 419 3705 458 suam
3749 404 3860 458 im—

2249 508 2416 564 pensa
2443 504 2775 561 mereantur,
2807 505 2898 550 aut
2927 494 3191 550 offensam
3219 505 3412 566 negata
3447 506 3855 551 commoveant.

2321 585 2375 638 2.
2403 584 2532 640 Post
2562 584 2720 657 quem
2761 603 3096 654 sermonem,
3122 603 3230 658 quo
3267 603 3326 643 se
3358 599 3646 644 venturum
3673 589 3726 644 in
3756 605 3852 644 reo

2249 675 2361 731 ditu
2411 677 2673 734 claritatis
2721 679 3054 746 ostenderat,
3103 695 3245 735 nunc
3289 695 3579 750 passurum
3627 695 3748 735 esse
3789 695 3853 736 se

2248 769 2504 826 admonet
2541 771 2755 843 (Matth.
2797 789 2951 838 xxvr,
2999 772 3054 844 1)
3084 791 3095 826 :
3131 783 3188 828 ut
3226 786 3631 830 sacramentum
3670 775 3853 830 crucis

2248 863 2544 920 admixtum
2581 881 2702 922 esse
2733 866 2918 937 gloria:
2958 868 3279 922 aeternitatis
3320 876 3702 939 agnoscerent.
3741 868 3850 923 Su-

2248 955 2410 1009 mitur
2440 957 2579 1010 inter
2610 957 2724 1012 bmc
2753 957 3055 1027 perimeudi
3079 957 3195 1028 ejus
3222 975 3251 1013 a
3280 958 3486 1014 iudicis
3511 959 3802 1015 consilium
3833 977 3850 1016 :

2247 1057 2301 1102 et
2329 1049 2668 1120 congregatis
2696 1051 3028 1121 principibus
3055 1053 3427 1118 sacerdotum,
3464 1055 3684 1109 occasio
3715 1053 3853 1108 tanti

2247 1137 2503 1196 facinoris
2524 1150 2866 1211 exspectatur
2899 1141 2972 1212 (Ῡ
2995 1141 3072 1214 4).

2812 1281 3040 1338 CAPUT
3080 1282 3276 1339 XXIX.

2245 1395 2325 1452 De
2344 1397 2575 1463 muliere,
2597 1413 2712 1468 qua:
2731 1399 2943 1452 accessit
2973 1397 3041 1450 ad
3074 1398 3260 1452 Iesum
3293 1399 3346 1452 in
3381 1401 3585 1454 domum
3608 1401 3848 1457 Simonis

2388 1489 2578 1559 leprosi
2618 1469 2809 1544 habens
2845 1489 3160 1543 alabastrum
3190 1493 3438 1562 unguenti
3464 1494 3690 1563 pretiosi.

2317 1603 2370 1657 1.
2405 1602 2534 1656 Cum
2557 1613 2728 1657 autent
2763 1613 2892 1658 esset
2927 1602 3080 1659 Jesus
3111 1604 3164 1658 in
3190 1603 3436 1659 Bethania
3473 1607 3524 1660 in
3550 1608 3701 1662 domo
3741 1609 3810 1664 Si
3823 1637 3844 1648 -

538 1698 728 1755 foderit
753 1740 769 1767 ,
812 1714 934 1754 cum
965 1702 1104 1756 scire
1137 1715 1439 1755 messorum
1483 1715 1605 1756 esse
1647 1702 1766 1756 sine
1806 1701 2017 1756 semine
2039 1743 2053 1766 ,
2084 1710 2132 1757 et
2166 1697 2215 1758 B
2243 1697 2408 1750 ηιοηίδ
2440 1695 2666 1766 lepra“,
2705 1699 2918 1751 ασεεδδὶι
2947 1697 3016 1750 ad
3056 1713 3170 1751 eum
3198 1699 3381 1752 mulier
3419 1699 3606 1753 habens
3634 1701 3850 1754 alabas-

538 1790 894 1847 collecturum
930 1805 1054 1846 esse
1103 1807 1224 1860 quae
1272 1808 1378 1846 non
1420 1792 1713 1861 sparsisset
1759 1810 1771 1843 :
1821 1793 1918 1848 sed
1959 1792 2137 1860 potius

537 1884 845 1955 oportuisse
875 1898 998 1938 eum
1032 1883 1411 1938 nummulariis
1450 1883 1604 1948 dare,
1649 1883 1700 1937 id
1743 1893 1848 1951 est,
1883 1884 2137 1940 universo

538 1974 724 2044 generi
777 1972 1081 2039 hominum,
1124 1973 1267 2041 quod
1315 1974 1500 2028 saeculi
1547 1975 1779 2044 negotiis
1821 1986 2136 2046 occupetur,

538 2080 693 2120 usum
723 2064 916 2120 crediti
957 2064 1061 2120 sibi
1107 2064 1294 2120 talenti
1334 2065 1761 2132 communicare,
1794 2065 2022 2121 Domino
2050 2081 2138 2122 re-

538 2156 684 2212 ditus
714 2156 834 2226 ejus
869 2171 898 2210 a
931 2156 1160 2228 singulis
1193 2156 1560 2227 postulaturo.
1594 2155 1676 2212 0b
1711 2173 1872 2228 quam
1917 2158 2134 2229 culpam

538 2247 802 2304 talentum
834 2247 903 2303 ab
933 2263 1001 2304 eo
1025 2263 1133 2304 non
1160 2257 1266 2302 tam
1298 2247 1613 2319 Evangelii,
1646 2249 1789 2320 quod
1817 2248 2133 2318 sulfoderat,

536 2358 696 2413 quam
731 2343 863 2414 legis
894 2340 1162 2410 aufertur,
1197 2345 1356 2414 eique
1384 2343 1476 2414 qui
1504 2343 1743 2414 quinque
1771 2344 2136 2414 duplicaverit

535 2434 717 2502 datur,
745 2434 980 2491 Domino
1020 2435 1238 2492 dicente
1269 2453 1284 2490 :
1317 2435 1471 2490 Omni
1502 2438 1635 2491 enim
1668 2437 1873 2492 habenti
1903 2438 2132 2507 dabitur,

537 2537 585 2583 et
615 2526 896 2583 abundabit
930 2545 949 2582 :
975 2528 1064 2600 qui
1089 2537 1259 2582 autem
1288 2544 1391 2582 non
1421 2527 1605 2595 habet,
1638 2529 1792 2583 etiam
1821 2529 1960 2599 quod
1989 2530 2138 2585 habet

533 2623 796 2693 auferetur
815 2620 878 2674 ab
907 2636 966 2674 eo
996 2619 1016 2691 (
1034 2621 1066 2690 ᾗ
1089 2618 1206 2691 29).
1242 2620 1426 2676 Potest
1455 2621 1678 2691 quidem
1709 2621 1918 2678 habens
1955 2623 2132 2678 abun-

533 2712 702 2779 dare;
745 2713 870 2784 quia
902 2712 1056 2768 facile
1086 2721 1191 2780 est,
1229 2727 1325 2782 per
1354 2713 1752 2768 incrementum
1782 2713 1867 2768 vel
1911 2714 2132 2768 munifi-

534 2811 727 2866 centia:
758 2809 837 2864 vel
881 2809 1114 2880 laboris,
1147 2809 1466 2880 opulentum
1508 2825 1668 2882 posse
1697 2811 1968 2868 ditescere
1995 2829 2009 2867 :
2037 2813 2134 2870 sed

536 2919 644 2976 quo
683 2903 845 2960 modo
888 2919 993 2960 non
1047 2904 1252 2959 habens
1295 2903 1517 2960 habebit
1563 2904 1632 2959 ad
1679 2904 1979 2960 damnum?
2021 2905 2135 2962 Hoc

535 2996 688 3064 ideo,
739 2998 861 3066 quia
916 2996 1238 3052 habentibus
1283 3012 1439 3053 usum
1485 2997 1919 3068 evangeliorum,
1968 2999 2130 3053 etiam

535 3089 672 3162 legis
727 3089 903 3146 honor
953 3089 1199 3146 redditur
1251 3107 1265 3144 :

533 3184 758 3249 Christi,
799 3185 966 3241 etiam
1009 3185 1152 3254 quod
1197 3199 1265 3240 ex
1313 3182 1434 3254 lege
1470 3183 1676 3240 habere
1713 3183 1816 3240 sibi
1849 3182 2136 3240 videbatur

535 3274 784 3341 honoris,
811 3273 1073 3330 aufertur.

1065 3409 1309 3484 ,CAPUT
1346 3410 1588 3468 xxvru.

588 3535 668 3588 De
686 3534 907 3588 aduentu
934 3530 1032 3601 ﬁlii
1061 3530 1284 3585 hominis
1311 3531 1556 3586 uenientis
1578 3531 1631 3585 in
1664 3531 1928 3601 majestate
1951 3548 2066 3586 sua.

606 3647 657 3700 1.
692 3645 954 3701 Malorum
983 3654 1029 3698 et
1059 3643 1306 3699 bonorum
1335 3643 1574 3697 discretio
1604 3643 1658 3696 in
1675 3643 1977 3716 judicio.——
2003 3642 2130 3698 Cum

530 3748 702 3794 autem
731 3738 918 3794 venerit
949 3736 1092 3805 ﬁlius
1118 3735 1341 3790 hominis
1366 3735 1420 3788 in
1450 3736 1721 3807 majestate
1741 3752 1856 3802 sua,
1884 3746 1931 3790 et
1957 3753 2132 3791 omnes

527 3831 838 3903 angelicum
867 3845 924 3883 eo
945 3870 958 3893 ,
990 3837 1046 3884 et
1085 3828 1290 3897 reliqua
1323 3823 1540 3900 (Matth.
1577 3841 1712 3892 xxv,
1745 3827 1859 3896 51).
1894 3825 2128 3883 Omnem

531 3925 649 3996 ipse
697 3922 966 3980 sermonis
1005 3921 1164 3993 hujus
1213 3921 1478 3976 rationem
1524 3920 1781 3976 absolvit.
1825 3921 1902 3976 De
1940 3921 2132 3991 judicii

529 4018 676 4074 enim
707 4027 954 4085 tempore
982 4015 1325 4085 adventuque
1353 4021 1768 4078 commemorat,
1799 4027 1906 4083 quo
1943 4013 2132 4069 fideles

529 4111 598 4166 ab
626 4107 934 4165 infidelibus
966 4105 1265 4178 separabit,
1297 4116 1458 4176 atque
1497 4104 1566 4159 ab
1607 4103 1959 4182 infructuosis
1988 4104 2132 4161 fruc-

529 4214 683 4260 tuosa
709 4202 1005 4266 discernet,
1035 4199 1224 4256 haedos
1250 4199 1504 4255 videlicet
1530 4197 1599 4254 ab
1624 4197 1806 4268 agnis,
1834 4205 1888 4252 et
1921 4196 1971 4250 in
2001 4196 2130 4252 dex-

529 4309 643 4356 tera
685 4312 749 4352 ac
777 4295 996 4351 sinisua
1034 4293 1310 4350 collocatis
1340 4305 1781 4361 unumquemque
1800 4330 1814 4356 ,
1845 4288 2008 4360 digna
2036 4297 2132 4346 aut

529 4392 790 4449 bonitatis
829 4398 920 4446 aut
957 4387 1178 4443 malitiae
1206 4401 1320 4441 sua:
1356 4384 1486 4440 sede
1513 4383 1810 4438 constituet
1837 4396 1851 4432 :
1883 4381 1963 4448 (ιι)
1988 4381 2130 4437 indi-

2239 1801 2376 1846 trum
2408 1792 2654 1860 unguenti
2686 1792 2918 1860 pretiosi,
2961 1801 3015 1846 et
3054 1792 3261 1862 reliqua
3291 1791 3507 1864 (Matth.
3534 1808 3664 1847 xxw
3685 1833 3700 1858 ,
3730 1792 3764 1848 6
3794 1802 3850 1848 et

2243 1883 2319 1953 7).
2346 1883 2456 1939 Sub
2488 1883 2606 1953 ipso
2637 1891 2878 1953 tempore
2907 1884 3171 1954 passionis
3209 1898 3314 1938 non
3354 1899 3422 1938 ex
3451 1884 3622 1938 nihilo
3651 1891 3757 1950 est,
3784 1895 3849 1939 ut

2241 1975 2434 2029 mulier
2484 1985 2818 2044 unguentum
2869 1975 3164 2044 pretiosum
3209 1977 3577 2030 recumbentis
3627 1977 3846 2031 Domini

2240 2066 2405 2136 capiti
2436 2065 2691 2121 infuderit
2719 2083 2731 2119 :
2756 2067 2953 2121 dehinc
2991 2076 3050 2121 ut
3073 2067 3323 2137 discipuli
3369 2067 3755 2136 irascerentur,
3784 2081 3844 2124 et

2238 2156 2483 2212 dicerent
2527 2157 2682 2213 vendi
2716 2157 2856 2213 istud
2898 2159 3077 2229 potius
3124 2159 3176 2213 in
3217 2173 3369 2213 usum
3413 2175 3709 2230 pauperum
3750 2161 3846 2216 de-

2239 2250 2421 2306 buisse
2448 2252 2520 2322 (Ῡ
2541 2251 2576 2308 8
2600 2263 2644 2306 ει
2670 2250 2728 2325 9)
2755 2271 2768 2307 ε
2797 2263 2906 2307 tum
2931 2262 2987 2306 ut
3011 2252 3268 2308 Dominus
3296 2265 3350 2308 et
3371 2255 3614 2310 mulieris
3637 2253 3838 2310 factum

2237 2343 2643 2414 comprobaret,
2686 2355 2741 2400 et
2779 2355 3039 2400 aeternam
3071 2361 3194 2401 cum
3237 2345 3615 2416 praedicatione
3654 2349 3837 2404 Evano

2238 2436 2363 2508 gelii
2404 2437 2584 2506 cperis
2630 2437 2790 2508 hujus
2833 2453 2955 2494 esse
2986 2439 3303 2494 memoriam
3341 2440 3637 2511 sponderet
3665 2459 3677 2495 :
3710 2457 3834 2513 pos-

2239 2539 2412 2586 tremo
2453 2539 2509 2584 ut
2541 2540 2661 2600 post
2699 2530 2752 2585 id
2789 2530 2955 2586 Judas
2984 2531 3050 2586 ad
3081 2531 3425 2588 vendendam
3452 2533 3678 2590 salutem
3715 2534 3833 2605 ejus

2237 2633 2567 2695 erumperet.

2307 2718 2362 2772 ἢ.
2395 2717 2589 2772 Mulier
2626 2733 2819 2787 angens
2875 2713 3133 2772 Christum
3164 2759 3178 2784 ,
3225 2717 3366 2789 plebs
3395 2719 3637 2789 gentium.
3662 2717 3832 2772 Disci-

2235 2813 2480 2882 pulorum
2502 2827 2594 2880 pro
2612 2809 2780 2864 Israel
2801 2810 2964 2880 favor.
2983 2809 3267 2882 Punperes,
3298 2810 3475 2866 Judaei
3503 2811 3626 2881 ﬁdei
3645 2812 3828 2881 indigi.

2235 2933 2307 2944 —
2337 2903 2527 2959 Mulier
2557 2902 2672 2957 haec
2701 2902 2754 2956 in
2796 2902 3232 2972 prteliguratione
3261 2902 3503 2972 gentiqu
3547 2901 3617 2973 (τ)
3661 2903 3830 2971 plebis

2237 3007 2336 3064 est,
2374 3013 2494 3068 qua:
2535 2998 2588 3051 in
2620 2996 2875 3066 passione
2913 2993 3116 3050 Christi
3161 2995 3386 3066 gloriam
3423 2996 3533 3050 Deo
3577 2995 3827 3051 reddidit.

1319 3105 1425 3144 non
1476 3089 1694 3146 babenti
1741 3099 1920 3146 autem
1973 3088 2132 3146 [idem
2163 3083 2208 3148 C
2239 3089 2412 3160 Caput
2443 3090 2587 3144 enim
2616 3088 2733 3158 ejus
2762 3088 3012 3158 perunxit
3040 3105 3052 3140 :
3083 3098 3244 3158 caput
3265 3098 3446 3144 autem
3467 3087 3670 3144 Christi
3697 3089 3830 3144 Deus

2238 3194 2340 3242 est.
2366 3183 2498 3238 Nam
2540 3180 2620 3253 (d)
2653 3191 2981 3252 unguentum
3010 3179 3136 3235 boni
3167 3180 3348 3252 operis
3386 3190 3469 3236 est
3510 3180 3735 3236 fructus.
3769 3181 3831 3236 Et

2238 3285 2456 3348 propter
2481 3274 2728 3344 corporis
2754 3287 2937 3328 curam
2962 3273 3248 3327 mulierum
3277 3273 3432 3328 sexui
3455 3273 3692 3329 maxime
3711 3286 3829 3342 gra-

2237 3379 2350 3424 tum
2379 3379 2482 3423 est.
2514 3367 2677 3438 igitur
2707 3380 2924 3421 omnem
2952 3380 3138 3419 curam
3169 3365 3418 3433 corporis
3446 3366 3553 3430 sui,
3573 3369 3636 3420 et
3662 3375 3827 3421 tntum

2236 3462 2490 3533 pretiosa:
2515 3459 2713 3514 mentis
2743 3457 2998 3512 affectum
3029 3457 3081 3511 in
3105 3456 3369 3512 honorem
3395 3457 3488 3512 Dei
3516 3458 3830 3528 laudemque

2235 3550 2545 3608 transfodit.
2579 3549 2684 3606 Sed
2721 3549 2970 3619 discipuli
3005 3549 3190 3604 favore
3230 3549 3475 3603 salvandi
3509 3549 3742 3617 lsraelis,
3775 3558 3832 3605 ut

2235 3659 2380 3714 saepe
2426 3656 2672 3706 numero,
2719 3650 3132 3695 commoventur
3177 3660 3190 3694 :
3235 3640 3393 3696 vendi
3441 3641 3542 3695 hoc
3580 3643 3633 3696 in
3676 3655 3828 3696 usum

2236 3748 2533 3806 pauperum
2567 3733 2638 3802 (ρ)
2679 3731 2953 3786 debuisse.
2996 3730 3102 3786 Sed
3136 3746 3310 3800 neque
3352 3731 3538 3786 mulier
3575 3731 3692 3786 haec
3732 3749 3828 3788 vc-

2235 3829 2356 3883 nale
2385 3835 2714 3897 unguentum
2743 3824 3173 3880 circumferebat.
3201 3825 3266 3880 Et
3288 3841 3569 3896 pauperes,
3594 3825 3718 3881 fidei
3745 3827 3824 3882 in-

2233 3920 2386 3991 digos
2429 3919 2689 3974 instinctu
2719 3917 3036 3988 prephetico
3059 3918 3125 3990 (ι’)
3157 3928 3620 3987 nuncupaverunt.
3650 3921 3829 3990 Atque

2234 4014 2373 4068 hanc
2393 4012 2634 4084 gentiqu
2665 4011 2821 4066 fidem
2850 4011 2953 4066 emi
2987 4011 3164 4080 potius
3192 4010 3257 4064 ad
3282 4011 3514 4066 salutem
3539 4013 3695 4084 egeni
3727 4013 3826 4068 hu-

2228 4105 2316 4176 jus
2347 4105 2528 4176 p0puli
2559 4103 2832 4159 debuisse.
2859 4103 3066 4169 Quibus
3108 4103 3367 4159 Dominus
3399 4105 3506 4172 ait,
3537 4105 3826 4175 plurimum

2231 4215 2353 4256 esse
2377 4199 2654 4269 temporis,
2685 4213 2792 4268 quo
2817 4197 3018 4252 habere
3044 4211 3226 4252 curam
3255 4213 3551 4267 pauperum
3581 4210 3824 4268 possent;

2230 4300 2485 4348 caeterum
2517 4289 2750 4345 nonnisi
2788 4304 2857 4344 ex
2889 4299 3158 4358 praecepto
3188 4303 3288 4343 suo
3315 4289 3542 4344 salutem
3580 4291 3829 4360 gentibus

2234 4398 2392 4453 posse
2424 4381 2688 4453 praestari,
2719 4396 2842 4451 qua:
2869 4395 3048 4435 secum
3079 4378 3256 4435 infuso
3287 4382 3528 4437 mulieris
3553 4382 3708 4453 hujus
3730 4399 3826 4437 un-

527 4501 660 4542 cans
678 4500 736 4540 se
759 4485 812 4539 in
843 4482 1084 4538 minimis
1104 4479 1238 4546 suis,
1264 4477 1318 4534 id
1347 4485 1452 4544 est,
1484 4476 1550 4530 iis
1579 4476 1668 4546 qui
1693 4474 1796 4530 sibi
1819 4474 1983 4547 798
1999 4489 2125 4530 cum
2148 4465 2204 4526 D
2228 4483 2428 4548 guento
2457 4475 2565 4530 sint
2592 4471 2922 4542 consepultan
2951 4471 3027 4543 (ᾖ
3051 4471 3112 4526 il
3147 4481 3200 4526 et
3226 4472 3314 4542 12)
3349 4490 3362 4525 :
3391 4473 3514 4543 quia
3538 4489 3828 4544 regenera—

525 4576 844 4634 humilitatis
886 4591 998 4631 sua:
1038 4571 1445 4643 exspectatione
1493 4568 1845 4633 famulentur,
1878 4573 1953 4638 (et
1997 4583 2123 4623 esu-

524 4671 792 4728 rientibus
813 4671 906 4737 ali,
931 4676 987 4724 et
1015 4664 1322 4722 sitientibus
1346 4662 1542 4734 potari,
1567 4669 1620 4716 et
1651 4659 2122 4730 peregrinantibus

523 4763 822 4828 confoveri,
855 4773 908 4817 et
952 4759 1109 4816 nudis
1156 4756 1391 4828 contegi,
1433 4764 1488 4810 et
1527 4753 1756 4809 infirmis
1794 4753 2024 4821 visitari,
2066 4763 2123 4810 et

521 4855 768 4915 sollicitis
797 4854 1070 4914 consolari
1099 4851 1306 4924 (μθ).
1355 4849 1433 4907 Ita
1473 4850 1619 4906 enim
1651 4848 1704 4904 in
1745 4849 2121 4906 universorum

594 5040 867 5125 .(“lﬁdi‘i'
896 5040 1199 5125 ludiffini’
1225 5037 1574 5125 θοντίετξειφε
1593 5033 2108 5125 ,ίῗξ.,,¹ἶ¹ῗξῖ-,99,ίῖ¹.ίῖ⁶ἒν

594 5063 675 5125 (α)
704 5063 867 5108 DCIII,
940 5063 1198 5120 uawansf
1225 5063 1564 5106 currtsuutul'
1604 5063 1669 5116 υ)
1715 5063 1846 5088 ulna.
1882 5063 2108 5102 ucsuuc,

518 5117 607 5185 qui
626 5113 720 5169 sibi
748 5063 1190 5185 cum‘h’umilitatts
1217 5124 1334 5185 suae
1373 5115 1748 5185 exspectatione
1775 5105 2110 5185 [_anmlentur,

516 5175 573 5243 id
608 5193 712 5246 est.
737 5184 825 5251 qui
853 5182 1176 5236 famulentur
1217 5180 1328 5234 Deo
1359 5177 1608 5251 omnibus
1639 5175 1968 5251 humilitatis
1990 5175 2109 5251 olli.

517 5259 637 5320 ciis.
667 5246 895 5326 quorum
938 5252 1348 5326 retributionem
1386 5248 1455 5304 ab
1483 5263 1550 5302 eo
1579 5254 1916 5326 exspectent.
1947 5246 2024 5326 ita

515 5317 660 5384 Psal.
685 5317 950 5387 cxxxvm,
980 5339 1034 5376 n.
1065 5323 1166 5388 51,
1202 5321 1541 5389 explicantur
1579 5319 1741 5374 verba
1770 5317 1961 5389 psalmi
1999 5336 2011 5372 :
2047 5317 2111 5371 Et

515 5399 799 5455 substantia
839 5386 952 5450 mea
1000 5395 1055 5447 in
1098 5386 1422 5457 inferioribus
1472 5400 1640 5453 terraz,
1692 5387 1811 5445 scil.
1847 5386 2110 5443 Christum

515 5488 624 5526 esse
647 5472 702 5525 in
740 5465 1048 5540 pauperibus
1077 5463 1279 5540 spiritu,
1306 5463 1359 5516 in
1382 5459 1832 5540 tribulatis‘corde.
1861 5460 1914 5540 in
1938 5461 2110 5540 humi-

516 5542 648 5596 libus
664 5531 906 5608 terrw,'in
925 5533 1490 5611 purgamentismundi,
1522 5533 1576 5586 in
1601 5531 1848 5611 Ecclesia:
1869 5531 2110 5598 inﬁrmis.

517 5611 796 5682 lnﬁrnmm
820 5603 968 5668 enim
999 5605 1245 5663 Ecclesia:
1277 5604 1331 5658 id
1363 5614 1435 5658 est
1472 5603 1612 5658 omni
1643 5603 1932 5659 humilitate
1962 5618 2110 5657 sum-

520 5690 748 5740 missum.

2233 4568 2307 4624 tio
2338 4582 2444 4622 non
2473 4566 2574 4620 nisi
2606 4563 2958 4620 commortuis
2985 4563 3038 4616 in
3062 4564 3313 4634 baptismi
3337 4565 3672 4635 professione
3704 4567 3828 4623 red-

2225 4659 2457 4714 hibetur.
2483 4655 2647 4730 799
2673 4655 2741 4709 Et
2767 4655 2968 4710 idcirco
2995 4655 3083 4711 ubi
3114 4655 3493 4726 praedicabitur
3523 4658 3625 4714 hoc
3645 4660 3827 4714 Evan-

2223 4752 2447 4822 gelium,
2481 4747 2786 4803 narrabitur
2829 4763 2963 4818 opus
2993 4747 3110 4817 ejus
3137 4749 3157 4821 (
3177 4749 3209 4817 ᾗ
3236 4749 3324 4820 15)
3365 4767 3377 4802 :
3411 4751 3536 4820 quia
3578 4761 3825 4808 cessante

2224 4844 2410 4914 Israel,
2441 4839 2716 4910 Evangelii
2747 4839 2918 4909 gloria
2943 4839 3046 4896 fide
3067 4842 3310 4912 gentium
3336 4842 3681 4911 praedicatur.
3705 4845 3822 4912 Qua

2292 5030 2368 5101 (b)
2395 5026 2544 5101 sola
2567 5023 2736 5101 ed_i_tio_
2773 5025 2897 5101 Par.
2907 5025 3254 5101 humilitatis.
3277 5026 3583 5101 _Bcccensis
3617 5029 3812 5097 codex,

2217 5096 2589 5158 unanimitatis.
2624 5096 2808 5151 Melius
2829 5096 2944 5160 alii,
2978 5097 3332 5151 humanitatis.

2291 5172 2361 5242 (c)
2395 5169 2557 5242 Editi,
2581 5167 2749 5242 plebes
2775 5179 2848 5223 est
2875 5183 2905 5242 :_
2923 5167 3281 5242 emendantur
3305 5185 3368 5223 ex
3399 5183 3529 5225 mss.

2297 5238 2377 5315 (ά)
2412 5241 2538 5295 Mss.
2581 5238 2743 5294 Carn.
2788 5247 2843 5293 et
2867 5238 3022 5295 Colb.
3055 5240 3110 5292 in
3149 5251 3482 5310 unguentum.
3528 5242 3708 5312 Forte,
3756 5244 3812 5298 in

2216 5323 2492 5378 unguento.

2286 5376 2358 5457 (De)
2384 5384 2442 5437 In
2473 5381 2713 5457 pluribus
2747 5395 2878 5457 mss.
2911 5381 2998 5436 hic
3023 5381 3270 5457 adjicitur
3294 5382 3494 5439 dicunt.
3525 5383 3708 5440 Potius
3730 5385 3815 5442 iu-

2224 5453 2480 5523 telligitur
2510 5454 2727 5507 tacitum
2759 5453 2978 5508 verbum
3008 5453 3246 5507 dicentes.

2399 5526 2455 5609 in
2481 5539 2612 5609 mss.
2635 5533 2951 5609 nuncupant,
2976 5523 3506 5609 velnuncupaverint.
3532 5526 3666 5609 Tum
3691 5537 3814 5609 post

2221 5595 2536 5670 particulam
2558 5605 2728 5666 atque,
2751 5595 2939 5665 supple
2963 5595 3189 5652 verbum
3217 5597 3551 5665 obtestantur,
3573 5607 3664 5655 aut
3683 5600 3813 5670 quid

2216 5669 2413 5727 simile.

2479 6039 2546 6188 4'
