4172 6188
382 285 524 351 i068

1363 266 1920 337 COMMENTARIUS
1957 266 2023 333 ιιι
2063 264 2323 326 ΜΑΤΤΗ.
2365 264 2517 327 ΟΑΡ.
2562 263 2755 324 XXXI.

379 376 724 435 aemulatione
744 376 796 433 in
818 374 970 433 Judm
994 384 1221 448 persona
1249 372 1409 429 lsracl
1429 370 1684 443 profanus
1703 385 1984 437 accensus,
2018 372 2063 435 Α
2095 387 2205 454 me,
2236 401 2398 459 quam
2427 387 2611 443 emori
2633 401 2702 442 ,ιο
2729 386 2918 442 monis
2943 382 3162 455 quidem
3188 389 3336 440 metu
3358 382 3679 443 ἀθεθεεωο,

382 472 529 529 omni
550 473 675 529 odio
697 471 764 527 ad
780 466 1225 542 exstinguendum
1248 484 1446 524 nomen
1470 466 1680 522 Domini
1708 466 1979 522 incitatur.

963 558 1190 617 CAPUT
1228 556 1398 614 XXX.

390 652 467 711 De
491 654 574 709 die
604 654 771 727 prima
800 670 1123 727 azymorum,
1151 653 1203 707 in
1240 670 1341 724 qua
1380 659 1703 707 accesserunt
1745 640 1988 721 discipuli

458 746 528 803 ad
564 738 765 813 Iesum,
794 747 1015 802 dicentes
1040 762 1059 801 :
1085 743 1186 803 Ubi
1231 745 1313 801 vis
1344 758 1597 818 paremus
1652 741 1747 800 tibi
1802 755 1989 798 come-

460 840 590 898 dere
616 839 851 912 pascha?

470 932 519 989 i.
552 928 903 989 Christianum
938 951 1120 990 nomen
1166 933 1369 1006 quando
1407 932 1680 989 indultum.
1703 960 1777 972 —
1805 926 1989 985 Prima

396 1037 561 1082 autem
594 1026 667 1101 (a)
706 1026 789 1082 die
827 1044 1126 1100 azymorum
1163 1020 1487 1084 accesserunt
1527 1024 1769 1097 discipuli
1805 1022 1874 1080 ad
1902 1020 1992 1077 Je-

395 1134 527 1186 sutn,
547 1119 768 1174 dicentes
791 1138 809 1173 .’
839 1116 939 1175 Ubi
959 1120 1033 1175 vis
1054 1136 1291 1190 paremus
1318 1119 1407 1175 tibi
1433 1122 1625 1193 pascha
1644 1118 1955 1175 manducare
1970 1118 1997 1174 ἲ

396 1217 454 1266 ct
482 1211 685 1282 reliqua
716 1202 930 1282 (Matth.
964 1226 1109 1278 xxvr,
1144 1210 1254 1285 i7).
1294 1204 1551 1283 Discipuli
1592 1210 1671 1266 ire
1711 1209 1777 1265 ad
1807 1226 1997 1282 quem-

400 1300 523 1359 dam
562 1303 836 1361 hominem
879 1305 1157 1376 jubentur,
1189 1312 1245 1361 et
1282 1306 1330 1361 ei
1363 1304 1543 1361 dicere
1581 1304 1723 1376 quod
1764 1320 1885 1359 cum
1930 1319 1997 1360 eo

407 1394 665 1451 Dominus
713 1399 911 1467 pascha
951 1412 1072 1451 cum
1121 1392 1398 1466 discipulis
1443 1394 1622 1453 facere
1666 1395 1852 1467 yellet.
1896 1395 1999 1466 Qui

2091 497 2151 539 se
2178 482 2247 538 de
2272 480 2616 538 confessione
2656 478 2888 535 nominis
2914 476 3009 532 'sui
3052 475 3378 549 polliceatur
3417 476 3530 532 :ad
3571 492 3687 531 om-

2093 589 2217 629 nem
2248 574 2392 628 enim
2435 586 2495 628 se
2527 570 2811 627 ministerii
2844 569 3226 635 constantiam,
3259 566 3527 639 intrepida
3555 566 3684 625 ﬁdei

2092 666 2370 723 voluntate
2389 664 2762 720 ﬁrmaverant.

2664 738 2892 799 CAPUT
2929 738 3123 796 XXXI.

2094 819 2223 879 Cum
2242 822 2373 878 venit
2400 818 2552 878 Iesus
2574 821 2628 876 in
2649 836 2829 893 agrum
2849 819 2935 891 qui
2957 820 3144 873 dicitur
3166 816 3514 883 Getltsemani.
3544 825 3591 872 et
3612 816 3693 872 di-

2169 917 2237 973 cit
2266 916 2535 986 discipulis
2572 914 2679 969 suis
2700 956 2715 982 ,
2748 911 2947 968 Sedete
2974 911 3302 967 donec-eam
3336 910 3462 966 illuc
3490 925 3648 966 orare
3670 951 3688 979 ,

2170 1019 2217 1065 et
2245 1010 2309 1065 de
2336 1009 2473 1064 tristi
2505 1007 2679 1062 aninta
2706 1022 2801 1060 sua
2829 1021 2989 1075 usque
3012 1003 3080 1058 ad
3107 1014 3340 1070 mortem,
3368 1005 3432 1057 de
3460 1003 3620 1058 calice
3649 1000 3699 1059 si

2170 1099 2411 1173 possibile
2458 1109 2530 1157 est
2575 1097 2796 1155 transire
2842 1115 2873 1152 a
2900 1114 2983 1164 se,
3042 1098 3105 1152 de
3134 1097 3321 1170 spiritu
3370 1108 3607 1168 prompto
3648 1104 3698 1152 et

2172 1212 2328 1251 carne
2358 1196 2566 1266 inﬁrma
2589 1174 2635 1262 ;⁸
2662 1202 2709 1248 et
2756 1208 2994 1259 rursum,
3026 1190 3206 1255 Pater,
3238 1207 3345 1247 non
3390 1198 3568 1262 potest
3610 1189 3701 1246 hic

2174 1288 2311 1344 calix
2342 1288 2571 1342 transire
2612 1284 2715 1340 nisi
2746 1284 2894 1340 illum
2923 1283 3144 1340 bibam?
3179 1282 3270 1339 ﬁat
3300 1283 3550 1339 voluntas
3587 1291 3698 1337 tua.

2176 1402 2231 1456 i.
2268 1400 2415 1456 Tunc
2448 1400 2581 1455 venit
2606 1415 2722 1454 cum
2751 1398 2856 1453 illis
2897 1395 3053 1452 Jesus
3080 1398 3133 1451 in
3156 1411 3341 1467 agrum
3359 1438 3372 1459 ,
3397 1396 3487 1465 qui
3513 1394 3703 1450 dicitur

406 1493 691 1559 prteceptis
734 1489 1286 1561 obtemperaverunt,
1329 1499 1385 1546 et
1430 1486 1629 1562 pascha
1677 1499 2002 1561 paraverunt
2105 1493 2462 1557 Gethsemani,
2503 1502 2552 1548 et
2579 1492 2702 1547 dicit
2745 1490 3012 1560 discipulis
3052 1491 3160 1544 suis
3185 1529 3199 1555 ,
3250 1488 3439 1545 Sedete
3480 1487 3567 1542 hic
3606 1488 3701 1543 do-

406 1578 480 1649 (Ῡ
508 1576 616 1652 i9).
653 1578 758 1635 Sed
793 1586 1101 1651 opertuerat
1139 1596 1234 1637 eos
1274 1581 1415 1637 scire
1453 1598 1560 1652 quo
1599 1590 1916 1652 pergerent,
1948 1590 2003 1637 et
2105 1603 2195 1641 nec
2220 1603 2334 1642 eam
2362 1585 2483 1640 illuc
2505 1600 2674 1651 orare,
2704 1593 2759 1640 et
2780 1580 2986 1652 reliqua
3017 1580 3233 1650 (Matth.
3268 1596 3397 1636 xxvi
3419 1618 3435 1648 ,
3468 1579 3583 1652 36).
3616 1578 3703 1634 Fi-

405 1670 473 1726 de
501 1666 733 1728 hominis
758 1672 976 1729 nomine
997 1672 1233 1730 edoceri.
1259 1668 1511 1746 Alioquin
1537 1672 1729 1729 incerti
1750 1673 1815 1729 ad
1842 1690 2001 1744 quem
2108 1678 2232 1735 dem
2276 1678 2665 1749 discipulorum
2688 1715 2705 1744 ,
2735 1683 2791 1732 et
2831 1674 3186 1730 constantiam
3227 1672 3438 1729 devotae
3466 1672 3570 1729 sibi
3610 1686 3706 1727 vo-

406 1761 775 1831 mitterentur,
821 1764 1092 1834 quomodo
1135 1764 1284 1819 missi
1315 1774 1435 1838 quae
1468 1752 1736 1836 prmcepta
1768 1762 2000 1835 fuerant,
2034 1762 2083 1825 B
2110 1767 2329 1825 luntatis
2380 1775 2696 1838 acceperat:
2742 1766 2836 1821 sed
2889 1776 2947 1821 et
2993 1764 3285 1821 turbandas
3332 1773 3389 1819 et
3429 1764 3704 1820 diltisuros

410 1852 881 1925 exsequerentur?
930 1854 1131 1912 Verum
1192 1872 1374 1911 sermo
1426 1857 1762 1928 prophetico,
1823 1874 2003 1914 rerum
2108 1860 2334 1917 sciebat.
2364 1854 2511 1928 Quos
2540 1858 2826 1915 considere
2854 1857 2908 1911 in
2938 1857 3056 1912 loco
3096 1855 3283 1925 jubet,
3327 1855 3453 1910 dum
3484 1870 3704 1926 progre-

409 1948 759 2015 prmsentium
806 1944 1087 2003 effectibus
1129 1947 1474 2004 admiscetur.
1514 1947 1797 2004 Hominem
1838 1950 2005 2017 enim,
2110 1953 2329 2009 deretur
2366 1966 2543 2007 orare.
2598 1950 2664 2007 Et
2709 1949 3005 2020 assumpsit
3047 1947 3293 2016 Petrum,
3343 1947 3602 2004 Jacobum
3655 1955 3713 2003 et

408 2051 529 2093 cum
557 2053 664 2109 quo
714 2040 913 2109 pascha
954 2026 1324 2095 celebraturus
1371 2046 1551 2105 esset,
1595 2054 1700 2095 non
1744 2041 2003 2097 nominat.

410 2130 659 2186 Nondum
691 2132 833 2186 enim
865 2130 1154 2187 Christiani
1187 2131 1423 2187 nominis
1453 2131 1629 2188 honor
1665 2131 2009 2188 credentibus

409 2225 856 2295 erat'prrestitus,
894 2226 984 2295 qui
1028 2241 1154 2282 vere
1190 2233 1315 2281 sunt
1345 2225 1512 2281 Deum
1555 2226 1753 2281 mentis
1792 2240 1854 2280 ac
1882 2222 2008 2281 ﬁdei

394 2316 584 2371 oculis
612 2326 936 2373 contuentes
969 2333 981 2369 :
1011 2326 1068 2372 ut
1106 2330 1226 2372 cum
1257 2332 1322 2372 eo
1364 2317 1561 2389 pascha
1597 2316 1810 2372 Domini
1861 2317 2008 2388 Apo-

416 2410 586 2467 stolos
615 2424 924 2482 prtepararc
970 2411 1255 2480 sciremus,
1286 2412 1369 2467 cui
1412 2412 1466 2466 in
1515 2419 1756 2482 tempore
1798 2410 2011 2467 Domini

418 2516 615 2560 novum
647 2516 845 2559 nomen
874 2512 1017 2560 esset
1043 2502 1370 2559 addendum.

480 2596 536 2654 2.
568 2598 741 2655 ludas
770 2610 958 2672 carpus
999 2596 1191 2654 Christi
1227 2614 1328 2654 non
1371 2600 1607 2671 sumpsit.
1638 2628 1711 2641 -—-
1741 2597 1869 2654 Post
1892 2612 2014 2670 quas

412 2691 577 2747 ludas
606 2692 847 2762 proditor
879 2691 1164 2757 indicatur,
1202 2689 1278 2763 (b)
1301 2690 1420 2748 sine
1441 2706 1547 2762 quo
1571 2689 1768 2762 pascha
1791 2700 2015 2761 accepto

414 2783 584 2839 calice
608 2794 661 2840 et
684 2781 856 2838 fracto
882 2798 1018 2854 pane
1046 2781 1329 2839 conﬁcitur
1354 2800 1367 2836 :
1397 2783 1588 2855 dignus
1611 2783 1755 2839 enim
1785 2793 2016 2840 aeterno-

415 2888 535 2932 rum
571 2887 1032 2932 sacramentorum
1073 2878 1453 2933 communione
1495 2893 1599 2933 "Oli
1644 2876 1838 2934 fuerat.
1879 2877 2014 2933 Nam

411 2969 732 3026 discessisse
761 2969 943 3025 statim
986 2969 1110 3026 hinc
1140 2970 1477 3042 intelligitur,
1508 2970 1651 3041 quod
1685 2986 1809 3026 cum
1843 2969 2016 3026 turbis

417 3078 667 3123 reversus
694 3062 1023 3118 ostenditur.
1052 3062 1238 3135 Neque
1268 3077 1397 3119 sane
1422 3063 1608 3121 bibere
1639 3079 1761 3119 cum
1790 3064 2017 3119 Domino

2110 2043 2375 2099 Joannem
2417 2040 2665 2097 Zebedtei
2712 2040 2878 2097 ﬁlios.
2917 2040 3122 2108 Quibus
3166 2042 3489 2110 assumptis,
3541 2040 3709 2101 tristis

2113 2151 2234 2193 esse
2260 2142 2595 2205 mrestusque
2623 2136 2789 2205 erepit
2817 2149 2832 2188 :
2860 2140 2918 2188 et
2955 2132 3033 2186 ait
3057 2132 3267 2187 tristem
3294 2135 3528 2188 animam
3559 2146 3714 2188 suam

2114 2244 2286 2302 usque
2320 2227 2387 2295 ad
2415 2236 2642 2283 mortem
2670 2239 2792 2283 esse
2817 2228 2835 2296 (
2856 2224 2892 2296 ᾗ
2939 2224 3032 2291 37,
3059 2224 3184 2295 38).

2184 2320 2241 2377 2.
2271 2318 2544 2375 Divinitati
2564 2317 2756 2373 Christi
2773 2316 3057 2384 tristitiam,
3086 2325 3298 2384 metum,
3324 2325 3454 2383 etc.,
3484 2315 3713 2371 tribuen-

2115 2416 2242 2472 tium
2280 2414 2458 2485 opinio
2486 2414 2804 2485 confutatur.
2850 2442 2923 2454 —
2946 2410 3269 2483 Aliquorum
3311 2409 3387 2483 (c)
3426 2425 3491 2467 ea
3528 2411 3713 2482 Opinio

2116 2521 2220 2577 est,
2245 2508 2388 2581 quod
2419 2489 2614 2564 cadere
2643 2515 2863 2579 propter
2896 2520 2956 2562 se
2980 2504 3293 2561 mmstitudo
3333 2506 3389 2561 in
3415 2505 3584 2562 Deum
3614 2520 3714 2577 po-

2116 2602 2300 2667 tuerit,
2321 2615 2554 2671 eumque
2583 2599 2771 2656 luturte
2800 2598 3064 2669 passionis
3093 2606 3268 2654 metus
3293 2596 3514 2669 fregerit
3547 2615 3561 2652 :
3589 2598 3717 2671 quia

2116 2695 2334 2762 dixerit,
2358 2692 2543 2749 Tristis
2572 2702 2646 2749 est
2676 2693 2850 2748 anima
2871 2708 2981 2748 mea
3001 2708 3160 2764 usque
3177 2692 3247 2747 ad
3266 2703 3475 2749 mortem
3490 2692 3510 2765 (
3528 2694 3563 2765 ᾗ
3583 2693 3714 2766 38);

2117 2794 2173 2843 et
2218 2784 2347 2842 illud
2372 2825 2388 2852 ,
2438 2784 2595 2841 Pater
2619 2825 2635 2852 ,
2667 2785 2713 2839 si
2752 2784 2990 2855 possibile
3018 2794 3112 2852 est,
3136 2794 3360 2841 transeat
3402 2804 3437 2841 a
3464 2803 3544 2842 me
3573 2788 3713 2843 calix

2119 2879 2217 2935 iste
2251 2878 2324 2951 (7
2377 2877 2472 2952 39)
2501 2894 2516 2944 ;
2550 2886 2603 2933 et
2635 2892 2873 2945 rursum,
2926 2877 3157 2946 Spiritus
3207 2879 3413 2949 quidem
3440 2889 3714 2953 promptus

2120 2979 2215 3035 est,
2242 2986 2364 3026 caro
2383 2978 2552 3025 autem
2573 2970 2781 3039 inﬁrma
2803 2969 2822 3040 (
2841 2969 2877 3040 ᾗ
2923 2968 3017 3041 41)
3043 2985 3059 3036 ;
3084 2978 3140 3025 et
3171 2968 3253 3043 (α)
3293 2971 3360 3026 ad
3386 2980 3721 3042 postremum

2120 3062 2205 3117 bis
2233 3061 2466 3132 idipsum
2489 3103 2506 3127 ,
2557 3059 2738 3126 Pater,
2770 3062 2814 3116 si
2843 3078 2946 3115 non
2971 3069 3133 3132 potest
3161 3059 3247 3117 hic
3282 3063 3423 3119 calix
3467 3068 3718 3131 transire.

416 3165 647 3227 poterat,
680 3156 769 3227 qui
801 3168 908 3210 non
940 3162 1058 3210 erat
1103 3156 1368 3211 bibiturus
1398 3155 1451 3211 in
1498 3171 1669 3228 regno
1702 3175 1713 3211 :
1743 3172 1865 3211 cum
1897 3157 2017 3213 uni-
2044 3149 2090 3211 C
2123 3156 2225 3210 nisi
2252 3155 2401 3210 illum
2416 3155 2602 3223 bibam,
2630 3154 3162 3227 ﬁatvoluntastuaﬁ
3207 3154 3323 3228 42).
3358 3156 3557 3214 Volunt
3574 3160 3720 3215 enim

416 3262 626 3316 versos,
654 3258 783 3304 tunc
806 3247 1055 3304 bibentes
1085 3260 1148 3303 ex
1179 3248 1300 3303 vitis
1330 3248 1486 3304 istius
1517 3248 1696 3305 fructu
1716 3291 1730 3316 ,
1755 3249 2020 3305 bibituros

417 3356 605 3397 secum
625 3347 809 3411 postea
835 3339 1213 3413 polliceretur(
1233 3341 1265 3411 ᾖ
1287 3341 1405 3413 ‘29).
1452 3339 1757 3413 Hymnoque
1782 3342 1939 3411 dicto,
1968 3342 2022 3397 in

421 3443 641 3489 montem
669 3433 858 3488 reversi
883 3442 1005 3489 sunt
1020 3429 1091 3505 (ᾗ
1114 3426 1227 3505 30).
1249 3434 1648 3489 Consummatis
1664 3435 1873 3490 scilicet
1900 3434 2023 3489 uni-

424 3527 594 3581 versis
607 3525 909 3580 divinorum
931 3527 1309 3598 mysteriorum
1332 3527 1636 3592 virtutibus,
1655 3526 1851 3598 gaudio
1862 3536 2023 3583 etex-

425 3615 713 3672 sultatione
734 3618 1006 3672 communi
1040 3617 1099 3672 in
1123 3617 1397 3674 caelestem
1429 3617 1653 3688 gloriam
1700 3616 2019 3673 etl‘eruntur.

498 3709 551 3763 5'.
589 3706 732 3763 Petri
780 3708 837 3763 in
879 3708 1136 3764 Christum
1180 3707 1412 3775 directus.
1451 3702 1763 3763 —-Futur-.e
1805 3722 2023 3779 quoque

426 3813 521 3856 eos
572 3799 899 3856 inﬁrmitatis
947 3800 1246 3862 admonuit,
1298 3806 1353 3853 et
1401 3806 1558 3853 nocte
1607 3799 1792 3854 eadem
1834 3813 2025 3854 omnes

426 3902 575 3947 metu
612 3898 772 3962 atque
801 3890 1112 3947 inﬁdelitate
1152 3889 1450 3945 turbandos
1480 3888 1693 3963 (731i).
1740 3889 1907 3959 Cujus
1944 3890 2023 3945 rei

429 3985 563 4041 ﬁdes
597 3984 759 4041 etiam
791 3982 1114 4040 auctoritate
1146 3982 1443 4056 prophetia:
1474 3986 1674 4041 veteris
1705 3985 2021 4041 contineba-

428 4086 536 4142 tur,
583 4086 841 4149 percusso
880 4085 1098 4147 pastore
1141 4090 1271 4137 oves
1310 4090 1431 4132 esse
1469 4075 1801 4148 spargendus
1838 4075 2022 4150 (Zach.

432 4180 553 4237 ﬂii,
583 4169 651 4240 7)
679 4185 693 4222 :
721 4182 780 4224 se
809 4177 986 4223 tamen
1017 4177 1387 4240 resurgentem
1412 4170 1463 4223 in
1490 4168 1765 4225 Galilzeam
1789 4185 2023 4240 praeces-

432 4272 619 4317 serunt
648 4272 791 4324 esse,
827 4270 885 4314 ut
919 4260 1287 4315 inﬁrmitatem
1331 4272 1517 4315 eorum
1564 4260 1856 4331 sponsione
1886 4256 2029 4315 redi-

435 4360 520 4406 tus
559 4350 647 4406 sui
675 4352 1049 4407 consolaretur
1086 4348 1301 4423 (Matth.
1341 4358 1494 4417 xs‘m,
1525 4344 1642 4424 εἰ).
1686 4350 1793 4407 Sed
1836 4352 2028 4408 Petrus

434 4458 541 4514 pro
563 4442 686 4500 ﬁdei
716 4457 827 4498 sum
855 4444 1038 4499 calore
1059 4441 1367 4514 respondit,
1392 4442 1611 4499 emeris
1641 4442 1765 4498 licet
1802 4444 2028 4498 scanda-

2125 3262 2191 3304 ex
2224 3246 2535 3304 inﬁrmitate
2562 3246 2806 3317 corporis
2831 3262 3128 3302 aerumnam
3158 3247 3376 3318 Spiritui
3404 3249 3719 3308 adhaerere:

2102 3336 2189 3396 'ac
2217 3340 2264 3396 si
2291 3340 2543 3395 virtutem
2594 3340 2738 3395 illam
2768 3338 3093 3409 incorruptae
3113 3340 3452 3409 substantiae,
3481 3344 3721 3402 imbecil-

2126 3433 2293 3491 litatis
2322 3449 2434 3490 suae
2461 3441 2609 3489 sorte
2634 3432 2931 3501 assumptio
2952 3432 3133 3487 carnis
3164 3432 3413 3489 infecerit
3431 3475 3446 3499 ,
3478 3443 3535 3492 et
3562 3445 3718 3494 uatem

2127 3526 2268 3581 nitas
2297 3534 2542 3579 naturam
2572 3521 2872 3592 fragilitatis
2898 3522 3189 3593 acceperit.
3207 3522 3338 3590 Qua:
3355 3526 3401 3583 si
3427 3526 3496 3582 ad
3518 3537 3723 3585 metum

2126 3614 2297 3670 tristis
2318 3622 2432 3678 est,
2464 3612 2511 3667 si
2540 3612 2605 3667 ad
2636 3610 2876 3667 dolorem
2910 3612 3156 3678 inﬁrma,
3189 3614 3234 3669 si
3269 3615 3337 3671 ad
3368 3626 3596 3674 mortem
3620 3630 3729 3678 tre-

2128 3706 2290 3776 pida;
2335 3703 2445 3775 jam
2471 3712 2527 3760 et
2552 3701 2886 3773 corruptioni
2926 3702 3142 3760 subdita
3180 3705 3316 3773 erit,
3343 3717 3398 3764 et
3427 3709 3628 3767 incidet
3669 3712 3726 3769 in

2131 3815 2252 3857 eam
2282 3798 2448 3855 totius
2479 3797 2810 3855 inﬁrmitatis
2846 3796 3080 3859 atiectio.
3130 3800 3246 3856 Erit
3274 3815 3406 3873 ergo
3444 3804 3587 3874 quod
3617 3821 3728 3863 non

2128 3901 2268 3960 erat,
2296 3890 2365 3946 de
2384 3905 2587 3962 angore
2616 3899 2831 3956 maesta,
2860 3889 2927 3945 de
2958 3890 3151 3948 timore
3172 3892 3422 3961 sollicita,
3449 3894 3518 3952 de
3543 3896 3731 3955 dolore

2133 3984 2416 4057 perterrita
2450 4001 2462 4037 :
2488 3999 2553 4040 ac
2585 3984 2663 4039 sie
2690 3983 2966 4041 aeternitas
3010 3983 3289 4042 demetata
3318 3990 3370 4043 in
3404 4000 3606 4047 metum
3621 4020 3645 4062 ,·
3676 3994 3726 4050 si

2134 4085 2314 4149 potest
2340 4092 2462 4134 esse
2502 4076 2643 4147 quod
2675 4091 2781 4132 non
2830 4085 2944 4132 erat
2971 4115 2987 4143 ,
3018 4078 3196 4148 potuit
3220 4077 3295 4150 (θ)
3344 4082 3569 4150 perinde
3620 4084 3725 4142 hoc

2127 4171 2294 4245 θοι
2336 4167 2480 4241 quod
2516 4168 2571 4224 in
2602 4183 2663 4225 ea
2696 4177 2779 4225 est
2805 4168 3096 4239 aliquando
3126 4185 3233 4226 non
3277 4186 3415 4230 esse.
3450 4174 3592 4232 Deus
3632 4191 3728 4233 au-

2132 4271 2239 4348 tem
2275 4262 2395 4317 sine
2436 4275 2686 4315 mensura
2718 4269 3023 4331 temporum
3053 4275 3270 4333 semper
3310 4274 3394 4322 est
3429 4283 3442 4319 :
3470 4276 3527 4324 et
3551 4270 3745 4341 qualis.

2131 4360 2239 4420 est,
2281 4350 2401 4407 talis
2426 4361 2664 4407 internus
2694 4359 2797 4406 est.
2844 4349 3142 4407 lEternitas
3185 4363 3367 4411 autem
3417 4358 3469 4414 in
3516 4359 3729 4420 inﬁnito

2134 4454 2379 4513 manens,
2406 4448 2467 4498 ut
2493 4442 2544 4496 in
2576 4441 2660 4496 his
2687 4459 2804 4513 qua:
2831 4442 3061 4516 fuerant,
3095 4445 3163 4499 ita
3182 4445 3236 4500 in
3259 4446 3362 4503 illis
3387 4465 3507 4520 qua:
3527 4466 3725 4511 conse-

434 4536 723 4593 l'rzantibus
765 4535 1048 4609 (passive),
1082 4548 1373 4609 numquam
1414 4550 1473 4594 se
1515 4536 2024 4619 scandalizaturum.
2056 4560 2112 4622 D
2138 4549 2371 4610 queatur
2419 4535 2772 4592 extenditur:
2819 4550 3035 4606 semper
3080 4537 3321 4609 integra,
3380 4541 3732 4619 incorrupta,

404 4626 494 4686 ,in
528 4636 730 4685 tantum
762 4630 907 4686 enim
931 4639 983 4686 et
1008 4628 1202 4687 aﬁ'ectu
1229 4641 1285 4687 ct
1313 4630 1577 4687 charitate
1601 4627 1802 4687 Christi
1831 4629 2026 4688 eﬁ‘ere-
2140 4630 2411 4703 perlecta,
2443 4640 2641 4701 praeter
2677 4645 2836 4699 quam
2869 4628 3035 4697 nihil,
3079 4632 3220 4702 quod
3256 4646 3376 4692 esse
3404 4640 3603 4709 possit,
3636 4657 3732 4700 ex-
3789 4661 3793 4665 ’

434 4723 593 4780 batur
622 4723 695 4797 (9
717 4725 829 4794 33),
861 4732 921 4778 ut
947 4731 1002 4779 et
1026 4724 1448 4780 imbecillitatem
1467 4724 1636 4797 δυο
1660 4724 1844 4780 carnis
1888 4736 2023 4792 sum,

435 4823 493 4872 et
520 4815 683 4872 ﬁdem
717 4817 1007 4872 verborum
1050 4816 1259 4872 Domini
1301 4830 1409 4873 non
1452 4826 1801 4876 contueretur
1832 4836 1844 4873 :
1875 4818 2031 4891 quasi

434 4918 567 4966 vero
593 4908 739 4965 dicta
757 4908 873 4979 ejus
893 4906 1171 4965 efﬁcienda
1200 4925 1305 4965 non
1337 4917 1539 4965 essent.
1572 4907 1669 4966 Cui
1696 4911 1771 4966 ait
1803 4926 1816 4964 :
1848 4908 2033 4966 Prius-

438 5018 591 5074 quam
630 5002 801 5075 gallus
838 5010 1025 5068 cantet,
1058 5011 1135 5058 ων
1162 5018 1243 5056 me
1273 5000 1483 5074 negabis
1515 5001 1588 5075 (Ῡ
1611 5001 1727 5074 54).
1771 5000 1880 5058 Sed
1922 5009 2029 5058 tam

515 5117 590 5189 (a)
619 5115 791 5189 Abest
822 5114 1146 5189 dieamss.
1175 5113 1328 5172 Colb.
1371 5102 1424 5174 et
1461 5114 1624 5172 Carn.
1665 5118 2038 5174 consentiente

442 5185 636 5259 gruem.
672 5185 789 5241 Mox
820 5187 873 5240 in
906 5186 1093 5241 iisdem
1126 5200 1256 5243 mss.
1292 5189 1557 5244 omittitur
1596 5189 1825 5245 verbum
1862 5190 2039 5244 dicen-

446 5264 784 5332 tesret_post
814 5270 985 5326 pauca
1008 5270 1111 5312 non
1124 5260 1388 5332 habetur,
1410 5269 1460 5318 et
1486 5262 1683 5332 pascha
1709 5269 2038 5332 paraverunt.

518 5330 592 5401 (ὁ)
625 5328 809 5401 Etiam
830 5337 1091 5401 praesente
1117 5329 1251 5385 Juda
1280 5346 1466 5387 verum
1498 5328 2038 5388 Pasclta'coni‘cctum

446 5399 869 5473 essecoiligitur
892 5410 960 5473 es
988 5399 1149 5456 Lucae
1173 5417 1305 5470 χχιι,
1333 5404 1421 5467 i9,
1440 5411 1573 5473 etc.,
1598 5414 1655 5459 ut
1678 5404 1872 5459 merito
1892 5402 2043 5473 dixe-

2142 4724 2406 4781 trinsecus
2435 4723 2508 4778 sit
2534 4721 2803 4778 relictum.
2833 4721 2950 4778 Non
2994 4724 3108 4795 ipsa
3134 4725 3186 4780 iu
3216 4728 3396 4800 aliquo
3415 4772 3431 4798 ,
3462 4735 3558 4791 sed
3587 4738 3730 4800 intra

2140 4835 2259 4876 eam
2287 4826 2476 4874 cuncta
2510 4833 2523 4871 :
2551 4824 2741 4887 potens
2766 4815 2838 4872 ita
2863 4816 3045 4888 largiri
3077 4820 3235 4875 nobis
3264 4822 3377 4892 ipsa
3400 4829 3541 4896 quod
3570 4846 3730 4894 suum

2139 4911 2253 4978 est;
2273 4920 2331 4967 ut
2359 4908 2462 4966 sibi
2500 4908 2634 4964 nihil
2661 4909 2730 4965 de
2754 4922 2820 4963 eo
2852 4908 2997 4979 quod
3026 4909 3097 4964 sit
3124 4910 3312 4982 largita
3342 4913 3588 4978 decedat.

2215 5004 2268 5060 3.
2324 5001 2547 5071 Quinam
2575 5001 2831 5073 opinionis
2853 4999 3009 5076 hujus
3034 5012 3283 5060 auctores.
3316 5036 3387 5048 —
3411 5010 3516 5070 Sed
3546 5032 3736 5082 eorum

2217 5112 2876 5208 (5)..3“‘9._A:‘P"1’"‘.'1"
2904 5115 3501 5208 .‘l‘_'_i_z_.'!‘.-l°’i“.§""‘
3525 5130 3736 5208 στρευ-

2143 5185 2415 5266 Lip'sntaz.
2448 5185 2542 5241 0r.
2566 5186 2657 5266 5i.
2689 5186 2859 5266 uni-3,
2891 5188 3221 5266 Augustinus
3246 5190 3315 5247 de
3334 5185 3732 5266 Περι-θελξιξᾷ

2145 5257 2517 5343 '[lteodoretus
2533 5258 2660 5343 sub.
2695 5251 3215 5343 initiumAD'ialoginu
3233 5304 3262 5343 ,_
3278 5274 3343 5320 ac
3368 5251 3555 5343 noster
3565 5251 3740 5343 viiii;-

2145 5330 2297 5409 tjus,
2330 5328 2436 5409 lib._
2456 5344 2491 5383 κ
2513 5327 2583 5383 de
2616 5327 2767 5409 'i‘rin.
2792 5342 2849 5382 n.
2881 5327 2979 5409 59,
3010 5327 3376 5409 praedicabant
3414 5327 3739 5409 γενδυῇῖη

2144 5399 2363 5478 Christo
2390 5399 2535 5478 vices
2558 5399 2752 5478 animas
2781 5398 3117 5478 supplevisse
3141 5405 3428 5478 :_adeoque
3466 5398 3737 5477 dimitti-tu:

447 5473 521 5529 rit
558 5469 889 5551 ﬁngustiuus
929 5470 1105 5527 Serm.
1136 5473 1225 5551 η,
1262 5473 1459 5551 μευ-ε
1488 5469 1760 5551 Numquid
1792 5483 1843 5529 et
1876 5472 2044 5551 {udas
2148 5469 3356 5551 dinettt,__tristitia1n,(anxietatem,_d_olorem;
3386 5469 3740 5551 quibusnﬁﬁ-

448 5543 681 5619 magistri
706 5544 936 5619 venditor
957 5554 1017 5619 Aet
1057 5545 1288 5615 proditor
1316 5546 1528 5619 impius,
1559 5543 1787 5615 quamvis
1815 5547 2040 5619 primum

449 5612 887 5693 ipsummanibus
918 5616 1031 5693 ejus
1058 5612 1361 5693 confectura
1381 5612 1757 5693 sacramentum
1791 5612 2043 5693 carniset

450 5686 719 5760 sanme
755 5689 867 5760 ejus
892 5686 1021 5760 (cum
1063 5686 1263 5760 ceteris
1307 5688 1595 5760 discipulis,
1640 5690 1771 5745 sicut
1813 5688 2043 5760 apertius

453 5756 624 5829 Lucas
670 5756 1000 5829 Eva'ngel‘ista
1052 5758 1317 5829 declarat,
1356 5756 1691 5817 manducaret
1728 5767 1776 5815 et
1823 5756 2040 5827 biberet,

455 5828 643 5884 mansit
664 5829 722 5884 in
749 5826 977 5899 Christo,
996 5838 1083 5883 aut
1108 5828 1340 5885 Christus
1372 5831 1427 5885 in
1452 5833 1555 5887 eo?

974 5924 1246 5988 Parnm.
1262 5923 1390 6007 71X.

2148 5541 2531 5620 mam_Christi
2560 5540 2804 5620 allectam
2850 5555 2973 5597 esse
3002 5542 3188 5620 ﬁdeles
3217 5540 3441 5607 credunt
3462 5595 3476 5620 ,
3509 5540 3570 5613 in
3605 5540 3741 5620 iei-

2149 5615 2291 5685 bum,
2306 5613 2480 5685 ipsum
2507 5612 2767 5685 cecidisse
2789 5613 3204 5685 contendebant.

2246 5682 2526 5754 d)'Prima
2552 5682 2638 5739 ed.
2672 5682 2796 5740 Par.
2827 5691 2883 5738 et
2898 5684 3196 5756 “ipsum:
3291 5696 3387 5747 str.
3417 5698 3473 5750 et
3492 5699 3567 5754 idi
3596 5712 3664 5760 su

2248 5756 2307 5813 ei
2337 5755 2429 5813 Sic
2458 5770 2590 5810 mss.
2618 5752 2764 5811 Editi
2791 5766 2945 5813 vero.
2974 5756 3191 5813 proinde
3218 5698 3321 5813 llocis
3343 5762 3491 5813 auat!
3503 5714 3612 5813 ...’.’.

2248 5752 2307 5825 ο)
2337 5755 2429 5814 Sic
2458 5770 2590 5810 mss.
2618 5752 2764 5811 Editi
2791 5766 2945 5823 vero,
2974 5752 3191 5827 mm
3218 5752 3321 5815 hoc
3343 5752 3741 5835 quodiertit'

2248 5826 2359 5883 mdo
2386 5841 2488 5883 non
2512 5841 2639 5883 esse.

2153 5841 2359 5900 quando
2386 5841 2488 5883 non
2512 5841 2639 5883 esse.

3202 5920 3282 5985 31s
