4172 6188
465 278 606 339 1067

1625 273 1870 333 SANCTI
1906 271 2168 332 HILARH
2227 272 2536 334 EPISCOPI

3624 275 3651 334 1
3663 276 3769 335 068

471 399 651 457 omnis
679 396 768 453 hic
791 408 982 453 sensus
1019 401 1122 462 cst,
1156 401 1215 450 ut
1257 392 1549 465 opinentur
1576 401 1778 450 metum
1807 395 1993 450 mortis
2015 394 2068 450 in
2095 403 2146 464 Α
2177 395 2339 466 nique
2395 395 2508 461 ait,
2537 392 2726 449 Tristis
2756 397 2831 448 est
2869 390 3041 448 anima
3068 407 3180 448 mea
3229 407 3388 466 usque
3417 389 3486 448 ad
3533 405 3764 450 mortem.

462 493 574 548 Dei
615 490 782 547 ﬁlium
828 489 1081 546 incidisse
1107 490 1198 560 qui
1244 496 1492 546 asserunt
1529 504 1637 545 non
1667 489 1735 546 de
1765 489 2066 545 aeternitate

471 600 594 642 esse
612 584 879 655 prolatum
909 599 1083 653 neque
1107 583 1175 638 de
1201 581 1468 637 inﬁnitate
1491 590 1726 653 paterna:
1754 582 2068 637 substantiae

478 676 775 742 exstitisse,
812 675 888 747 (α)
920 675 1015 732 sed
1047 691 1113 730 ex
1143 674 1291 730 nullo
1316 689 1412 746 per
1441 690 1564 730 eum
1592 674 1682 744 qui
1711 675 1889 729 omnia
1917 689 2068 728 crea-

470 768 548 823 vit
575 767 824 823 eli‘ectum
860 783 874 820 :
919 776 978 821 ut
1006 774 1315 836 assumptus
1345 783 1408 822 ex
1437 765 1607 821 nihilo
1647 765 1749 831 sit,
1778 774 1834 821 et
1861 773 2070 836 cceptus

471 877 540 919 ex
573 877 775 933 opere,
809 870 865 917 et
886 861 1238 916 conﬁrmatus
1267 875 1330 915 ex
1377 869 1636 931 tempore.
1677 859 1748 914 Et
1771 859 1892 914 ideo
1924 857 1976 912 in
2004 871 2070 913 eo

473 954 681 1010 doloris
702 953 966 1020 anxietas,
1012 953 1133 1008 ideo
1161 953 1237 1024 (b)
1261 952 1492 1023 Spiritus
1519 951 1696 1021 passio
1727 965 1847 1006 cum
1873 963 2070 1020 corpo-

467 1047 548 1103 ris
573 1047 823 1116 passione
845 1088 861 1113 ,
895 1043 1016 1100 ideo
1043 1053 1216 1099 metus
1247 1044 1470 1100 mortis:
1504 1051 1564 1098 ut
1601 1041 1692 1111 qui
1728 1047 1959 1097 mortem
2003 1039 2072 1094 ti-

469 1152 622 1194 mere
667 1137 858 1207 potuit,
892 1146 948 1193 et
992 1137 1130 1190 mori
1164 1136 1366 1206 possit;
1396 1133 1488 1205 qui
1511 1149 1640 1191 vero
1681 1134 1816 1189 mori
1856 1132 2068 1206 potuit,

468 1229 603 1286 licet
627 1230 681 1284 in
723 1229 960 1284 futurum
991 1228 1093 1284 erit
1131 1228 1373 1299 (subaud.
1419 1224 1678 1297 aeternus)
1701 1269 1715 1293 ,
1749 1242 1855 1282 non
1892 1236 2070 1282 tamen

472 1340 574 1396 per
602 1341 724 1381 eum
749 1325 840 1395 qui
864 1339 922 1380 se
951 1324 1219 1396 genuitex
1265 1324 1537 1393 prazterito
1566 1322 1636 1379 sit
1659 1332 1914 1378 aeternus.
1969 1320 2073 1388 Qui

481 1417 556 1492 (ο)
598 1418 643 1472 si
681 1432 779 1488 per
808 1416 968 1472 ﬁdem
1025 1417 1256 1487 vitteque
1285 1415 1608 1487 probitatem
1637 1431 1865 1486 capaces
1901 1415 2076 1470 Evan-

471 1511 735 1581 geliorum
778 1524 901 1565 esse
929 1509 1249 1579 potuissent.
1293 1507 1495 1563 scirent
1521 1506 1758 1564 Verbum
1787 1509 1842 1563 in
1873 1507 2075 1578 princio

473 1602 567 1673 pio
589 1601 780 1668 Deum,
808 1610 863 1656 et
903 1602 1006 1656 hoc
1031 1616 1060 1655 a
1088 1599 1351 1671 principio
1390 1599 1533 1670 apud
1561 1600 1728 1654 Deum
1747 1640 1763 1666 ,
1807 1607 1862 1654 et
1890 1605 2073 1654 natum

473 1711 595 1753 esse
620 1712 686 1751 ex
719 1710 786 1750 eo
813 1694 1061 1766 quierat,
1095 1700 1152 1750 et
1192 1693 1293 1748 hoc
1331 1693 1384 1747 in
1413 1707 1479 1748 eo
1505 1707 1624 1748 esse
1656 1693 1744 1763 qui
1768 1700 1925 1746 natus
1950 1699 2033 1746 est
2056 1734 2070 1759 ,

2170 487 2440 560 Numquid
2470 488 2581 554 ait,
2613 486 2807 543 Tristis
2828 495 2912 542 est
2937 487 3112 542 anima
3143 501 3262 542 mea
3295 497 3516 558 propter
3537 497 3766 545 mortem

2173 581 2279 652 (V.
2311 581 2399 636 lib.
2427 597 2460 636 κ
2507 580 2569 635 de
2616 580 2800 636 Trinit.
2830 597 2974 636 num.
3015 579 3108 652 ’56)
3128 581 3152 635 ?
3173 580 3335 637 Certe
3375 597 3483 637 non
3515 581 3608 637 ita.
3632 581 3767 637 Nam

2170 673 2218 728 si
2248 673 2315 728 de
2359 682 2533 728 morte
2577 682 2691 728 erat
2733 681 2932 741 metus,
2970 671 3036 726 ad
3068 687 3186 728 cam
3225 674 3410 744 utique
3436 673 3633 730 referri
3674 690 3772 744 per

2173 783 2331 839 quam
2363 777 2477 823 erat
2507 765 2714 823 debuit.
2749 766 2855 823 Sed
2882 765 3026 822 aliud
3049 774 3130 822 est
3157 781 3327 837 usque
3346 765 3401 821 in
3429 767 3503 832 id,
3533 766 3678 822 aliud
3700 766 3772 823 ob

2173 860 2225 916 id
2257 870 2520 918 metuere.
2554 862 2619 916 Et
2642 876 2859 917 causam
2887 875 2994 916 non
3019 859 3422 932 facitquidquid
3451 860 3506 916 in
3537 861 3644 917 line
3663 869 3773 930 est,

2173 957 2297 1028 quia
2318 972 2489 1028 usque
2513 956 2564 1012 in
2593 955 2645 1012 id
2671 955 2814 1027 quod
2837 955 2904 1012 ab
2931 955 3101 1011 altero
3115 964 3348 1025 coeptum
3372 955 3444 1010 sit
3461 953 3796 1011 difleratur.‘

2176 1047 2435 1120 Superius
2481 1048 2641 1119 igitur
2667 1046 2912 1113 dixerat,
2955 1045 3276 1101 Scandalum
3305 1046 3569 1116 patiemini
3607 1047 3661 1100 in
3689 1061 3774 1100 me

2175 1140 2228 1194 in
2246 1141 2345 1195 ista
2383 1149 2528 1195 nocte
2547 1139 2762 1212 (Matth.
2794 1155 2918 1194 xxvr
2944 1179 2961 1205 ,
2991 1137 3103 1211 5i).
3133 1137 3354 1193 Sciebat
3379 1137 3770 1207 exterrendos,

2179 1229 2442 1301 fugandos
2465 1273 2479 1297 ,
2509 1241 2803 1303 negaturos
2836 1249 2850 1286 :
2884 1229 2979 1287 sed
3020 1230 3146 1301 quia
3174 1229 3410 1300 Spiritus
3441 1229 3776 1301 blasphemia

2181 1343 2280 1382 nec
2311 1326 2399 1382 hic
2442 1341 2542 1382 nec
2570 1326 2621 1380 in
2669 1335 2931 1382 aeternum
2975 1323 3291 1391 remittitur,
3319 1325 3593 1381 metuebat
3617 1313 3778 1381 ne‘se

2180 1420 2349 1475 Deum
2408 1418 2755 1490 abnegarent,
2803 1432 2964 1488 quem
3004 1431 3206 1472 caesum
3259 1424 3316 1473 et
3355 1426 3675 1489 consputum
3721 1425 3778 1472 et

2179 1515 2494 1570 cruciﬁxum
2518 1523 2702 1571 essent
2728 1512 3166 1585 eontemplaturi.
3211 1512 3344 1581 Quae
3387 1513 3524 1569 ratio
3560 1521 3776 1570 serrata

2182 1607 2235 1661 in
2268 1607 2432 1662 Petro
2460 1616 2564 1672 est,
2595 1608 2686 1678 qui
2725 1622 2847 1662 cum
2876 1616 3168 1678 negaturus
3193 1614 3375 1670 esset,
3419 1607 3489 1661 ita
3519 1606 3770 1676 negavit:

2184 1697 2309 1754 Non
2327 1701 2442 1754 noui
2463 1699 2720 1756 hominem
2741 1699 2933 1772 (lbid.,
2962 1698 3053 1771 72)
3089 1715 3102 1752 :
3130 1701 3254 1770 quia
3271 1698 3472 1755 dictum
3497 1698 3698 1770 aliquid
3719 1699 3778 1752 in

473 1787 618 1859 quod
642 1787 688 1841 is
718 1787 835 1856 ipse
865 1795 948 1841 est
970 1799 1136 1855 penes
1156 1800 1316 1854 quem
1345 1795 1463 1840 erat
1491 1783 1570 1856 (ά)
1595 1792 1720 1839 ante
1758 1798 1916 1854 quam
1949 1797 2075 1838 nas-
2105 1797 2152 1858 Β
2183 1791 2351 1848 filium
2381 1792 2619 1849 hominis
2658 1793 2982 1849 remittetur.
3022 1791 3215 1847 Tristis
3251 1807 3382 1863 ergo
3420 1799 3503 1848 est
3526 1807 3685 1862 usque
3712 1789 3784 1844 ad

475 1888 730 1937 ceretur:
762 1878 1006 1936 eamdem
1056 1877 1262 1943 scilicet
1322 1873 1682 1932 aat'ernitatem
1726 1890 1848 1932 esse
1889 1883 1944 1932 et
1988 1875 2073 1947 gi-

474 1975 691 2046 gnentis
712 1981 769 2029 et
795 1971 980 2043 geniti.
1004 1970 1132 2024 Mori
1160 1969 1319 2040 igitur
1347 1969 1483 2024 nihil
1515 1969 1568 2023 in
1597 1970 1707 2024 Deo
1735 1969 1943 2039 potuit,
1975 1985 2075 2025 ne-

472 2084 580 2138 que
601 2084 670 2124 ex
701 2081 761 2122 se
791 2075 966 2122 metus
990 2063 1102 2119 Deo
1128 2063 1269 2118 ullus
1295 2071 1398 2118 est.
1431 2061 1489 2117 In
1519 2061 1736 2118 Christo
1759 2061 1902 2118 enim
1931 2061 2077 2118 Deus

473 2168 592 2216 erat
615 2158 878 2215 mundum
907 2155 1263 2212 reconcilians
1291 2154 1392 2210 sibi
1417 2153 1486 2226 (ll
1511 2153 1630 2210 Cor.
1661 2170 1716 2220 ν,
1745 2153 1858 2226 l9).

543 2255 598 2308 4.
647 2251 882 2307 Tristitia
909 2248 1102 2305 Christi
1132 2263 1233 2302 non
1266 2246 1330 2302 de
1356 2263 1431 2312 se,
1456 2246 1547 2301 sed
1570 2246 1633 2300 de
1655 2245 1922 2318 discipulis
1963 2255 2077 2301 orta

477 2356 571 2402 est.
605 2374 674 2386 —-
720 2342 827 2400 Sed
855 2334 1308 2411 introspiciendus
1336 2339 1514 2394 omnis
1544 2338 1633 2394 hic
1662 2354 1840 2395 sermo
1869 2347 1988 2407 est,
2021 2346 2080 2395 ut

473 2441 599 2513 quia
623 2445 876 2496 moestum
900 2436 1068 2491 fuisse
1087 2435 1372 2490 Dominum
1404 2433 1635 2504 legimus
1654 2445 1893 2503 ,causas
1915 2447 2078 2489 moes-

476 2534 722 2592 titudinis
770 2530 1123 2603 reperiamus.
1157 2527 1527 2583 Admonuerat
1573 2526 1856 2596 superius,
1889 2539 2080 2582 omnes

475 2626 955 2686 scandalizaturos.
987 2622 1178 2677 Petrus
1211 2620 1281 2676 de
1306 2635 1366 2675 se
1389 2617 1666 2675 conlidens
1689 2619 2077 2688 responderat,

483 2719 694 2778 etiamsi
717 2717 900 2774 caeteri
950 2714 1426 2786 perturbarentur,
1463 2726 1521 2767 se
1568 2726 1676 2765 non
1725 2723 2078 2765 commoven-

478 2815 607 2871 dum
642 2831 655 2867 :
685 2827 843 2883 quem
875 2809 1132 2864 Dominus
1155 2805 1315 2876 etiam
1351 2814 1433 2860 ter
1462 2811 1784 2874 negaturum
1829 2816 1950 2858 esse
1993 2817 2082 2857 rc-

477 2905 718 2977 spondit.
749 2901 854 2958 Sed
883 2909 936 2956 et
963 2899 1056 2955 ille
1077 2908 1131 2954 ct
1153 2897 1334 2953 caeteri
1357 2911 1544 2951 omnes
1566 2894 1834 2965 discipuli,
1868 2908 1934 2949 ne
1958 2893 2003 2948 si
2026 2895 2080 2947 in

475 3003 598 3073 ipsa
629 2999 845 3071 quidem
875 3005 1048 3053 morte
1093 2995 1256 3065 positi
1300 2993 1430 3057 sint,
1460 2992 1782 3063 pollicentur
1827 3005 1953 3047 sese
1980 3007 2078 3048 ne-

473 3101 712 3164 gaturos.
747 3090 812 3144 Et
851 3087 1149 3159 procedens
1173 3127 1187 3153 ,
1218 3085 1378 3155 jussit
1405 3084 1703 3153 discipulos
1730 3099 1857 3139 suos
1878 3098 2077 3140 conse-

2183 1893 2418 1939 mortem.
2448 1883 2566 1940 Non
2595 1885 2776 1954 itaque
2803 1899 2972 1952 mors,
3002 1882 3097 1940 sed
3125 1892 3339 1955 tempus
3357 1882 3550 1939 mortis
3578 1883 3630 1938 in
3660 1897 3776 1939 me-

2181 1985 2238 2033 tu
2266 1987 2349 2033 est
2381 1995 2393 2033 :
2425 1976 2548 2048 quia
2580 1986 2698 2048 post
2723 1994 2840 2035 eam
2868 1977 3276 2035 resurrectionis
3302 1978 3504 2035 virtute
3530 1976 3662 2034 ﬁdes
3688 1994 3774 2034 es-

2183 2079 2265 2127 set
2306 2069 2571 2126 lirmanda
2600 2070 2957 2127 credentium.

2249 2163 2304 2218 6.
2347 2161 2600 2235 Sequitur
2645 2163 2777 2219 illud
2806 2180 2818 2218 :
2852 2164 3118 2220 Sustinele
3155 2174 3202 2218 et
3231 2164 3440 2239 vigilate
3466 2180 3682 2220 mecum.
3718 2160 3786 2218 Et

2179 2273 2476 2329 progressus
2529 2257 2748 2329 procidit
2791 2259 2846 2312 in
2881 2260 3072 2330 faciem
3119 2275 3265 2315 suam
3298 2259 3652 2332 orans(lbid.,
3689 2257 3782 2326 58,

2182 2347 2297 2414 59).
2331 2348 2545 2406 Manere
2571 2364 2754 2406 secum
2786 2351 3070 2424 pervigiles
3095 2351 3368 2411 admonet.
3395 2351 3612 2409 Sciebat
3640 2352 3787 2409 enim

2190 2443 2506 2516 ingravante
2545 2445 2762 2503 diabolo
2790 2445 2948 2503 tidem
2999 2462 3188 2504 eorum
3228 2447 3644 2520 consopiendam
3676 2464 3690 2500 :
3731 2454 3787 2502 et

2180 2552 2364 2608 parem
2410 2553 2595 2594 secum
2642 2539 2974 2612 vigilantiam
3019 2541 3299 2614 imperat,
3356 2539 3552 2613 quibus
3593 2538 3787 2598 eadem

2181 2631 2366 2701 passio
2396 2633 2697 2689 immineat.

2259 2721 2314 2776 7.
2367 2722 2662 2778 Trausitum
2704 2725 2879 2782 calicis
2919 2743 3022 2782 non
3048 2727 3183 2795 sibi,
3214 2728 3304 2784 sed
3330 2727 3435 2784 suis
3460 2727 3784 2799 deprecatur.

2191 2845 2261 2854 —
2293 2815 2495 2870 Deinde
2521 2826 2678 2872 orat:
2715 2817 2873 2874 Pater
2895 2836 3067 2882 meus.
3097 2822 3142 2876 si
3165 2821 3407 2890 possibile
3432 2831 3526 2888 est,
3559 2830 3786 2875 transeat

2187 2924 2219 2961 a
2242 2924 2320 2961 me
2345 2907 2482 2962 calix
2510 2909 2604 2964 iste
2627 2926 2646 2964 :
2667 2911 2757 2965 sed
2787 2921 2955 2967 tamen
2977 2929 3078 2968 non
3099 2913 3231 2968 sicut
3262 2930 3354 2984 ego
3374 2913 3508 2981 volo,
3539 2913 3628 2968 sed
3654 2915 3788 2968 sicut

2189 3007 2244 3052 tu
2284 2999 2378 3053 vis.
2443 3000 2696 3057 Transire
2735 3017 2764 3056 a
2794 3018 2853 3059 se
2883 3005 3105 3061 calicem
3151 3013 3324 3077 rogat.
3357 3003 3626 3076 Numquid
3669 3005 3784 3073 ait,

2198 3089 2460 3147 Transeat
2489 3109 2576 3149 me
2605 3095 2742 3150 calix
2772 3097 2911 3153 iste?
2941 3098 3055 3154 haec
3081 3098 3226 3154 enim
3257 3099 3436 3155 futura
3459 3107 3577 3156 erat
3605 3113 3702 3170 pro
3727 3113 3790 3154 se

479 3184 612 3238 dere
640 3182 766 3236 dum
795 3188 995 3234 oraret.
1043 3178 1458 3248 Assumptisque
1511 3177 1672 3232 Petro
1701 3185 1755 3231 et
1803 3175 2005 3231 Jacobo
2031 3187 2084 3232 et
2113 3186 2158 3250 ο
2201 3183 2441 3239 timentis
2467 3187 2658 3244 oratio.
2686 3188 2792 3244 Sed
2819 3190 2960 3246 aliud
2979 3199 3083 3260 est,
3109 3199 3170 3247 ut
3194 3207 3254 3248 se
3276 3200 3534 3260 transeat,
3565 3191 3707 3248 aliud
3730 3199 3791 3248 ut

473 3274 685 3330 Joanne
733 3271 897 3339 coepit
949 3269 1114 3323 tristis
1162 3282 1303 3321 esse.
1338 3268 1480 3337 Ergo
1511 3283 1614 3322 non
1647 3278 1771 3322 ante
1811 3267 1980 3322 tristis
2005 3277 2090 3324 est

478 3382 638 3438 quam
674 3362 939 3428 assumit,
965 3370 1018 3416 et
1048 3359 1224 3415 omnis
1271 3357 1344 3431 (e)
1386 3367 1562 3414 metus
1627 3359 1740 3415 illis
1782 3375 1902 3416 esse
1927 3361 2092 3431 erepit

485 3459 780 3530 assumptis
809 3474 822 3510 :
855 3464 1015 3527 atque
1056 3454 1129 3509 ita
1158 3468 1265 3508 non
1295 3451 1364 3508 de
1390 3467 1450 3507 se
1478 3462 1598 3507 orta
1618 3461 1737 3518 est,
1785 3452 1880 3509 sed
1907 3453 1974 3509 de
2005 3452 2089 3509 his

489 3569 626 3626 quos
656 3556 1057 3621 assumpserat,
1089 3545 1424 3602 moestitudo.
1458 3546 1524 3600 Et
1551 3545 1766 3615 quidem
1799 3546 2089 3602 recordan-

485 3647 613 3704 dum
640 3653 746 3710 est,
779 3657 885 3697 non
915 3640 1048 3696 alios
1075 3638 1164 3694 hic
1190 3645 1501 3708 assumptos
1527 3636 1720 3705 fuisse,
1749 3654 1906 3708 quam
1935 3639 2084 3708 ipsos

481 3737 641 3803 illos,
693 3733 888 3806 quibus
918 3739 1176 3787 venturus
1224 3730 1275 3784 in
1331 3743 1499 3798 regno
1549 3744 1649 3783 suo
1679 3728 1820 3784 filius
1851 3728 2085 3784 hominis

483 3837 736 3886 ostensus
760 3833 882 3890 est,
911 3832 1024 3877 tum
1050 3836 1171 3877 cum
1201 3819 1576 3875 assistentibus
1606 3819 1659 3874 in
1688 3828 1870 3876 monte
1899 3821 2086 3892 Moyse

486 3930 546 3978 et
568 3921 704 3985 Elia,
732 3926 844 3974 toto
874 3924 1093 3972 aeterna:
1121 3914 1308 3986 gloria:
1337 3930 1449 3970 suae
1481 3914 1688 3971 honore
1713 3915 2082 3972 circumdatus

487 4023 574 4071 est
599 4011 819 4079 (Matth.
865 4024 1008 4076 xvu,
1034 4009 1057 4063 i
1088 4017 1138 4062 et
1167 4006 1482 4079 seqq.).'Sed
1508 4008 1673 4081 802
1694 4024 1816 4079 qua:
1842 4019 1969 4066 tunc
1996 4024 2082 4065 as-

478 4104 865 4163 sumendorum
890 4115 1102 4166 eorum,
1127 4100 1314 4155 eadem
1340 4108 1394 4155 et
1416 4115 1557 4154 nunc
1584 4100 1684 4155 fuit
1711 4115 1897 4158 causa.

560 4198 616 4253 5.
657 4195 893 4250 Tristitia
937 4191 1124 4248 Christi
1170 4207 1361 4260 usque,
1390 4207 1491 4245 non
1536 4191 1597 4245 ob
1648 4202 1878 4250 mortem.
1932 4194 2088 4253 Blas-

466 4289 748 4364 _phemiam
821 4287 876 4340 in
927 4284 1179 4355 Spiritum
1224 4270 1454 4337 Christus
1503 4284 1642 4338 timet
1687 4286 1812 4341 suis.
1862 4317 1934 4329 -—
1974 4290 2077 4347 De.

2191 3294 2221 3333 a
2249 3293 2307 3334 se
2336 3287 2574 3336 transeat
2609 3283 2908 3354 deprecari.
2944 3285 3002 3341 In
3033 3301 3100 3342 eo
3125 3287 3269 3343 enim
3307 3287 3450 3358 quod
3477 3303 3541 3345 se
3562 3288 3786 3354 transit,

2195 3375 2312 3446 ipse
2341 3377 2431 3433 ille
2461 3391 2488 3430 a
2535 3375 2782 3432 molestia
2828 3375 2908 3449 (f)
2963 3379 3291 3435 transeuntis
3337 3380 3605 3450 excipitur
3652 3378 3789 3451 :qui

2193 3479 2371 3526 autem
2402 3480 2456 3527 ut
2485 3487 2514 3526 a
2541 3487 2600 3528 se
2623 3479 2862 3527 transeat
2893 3481 3064 3543 rogat.
3088 3487 3196 3529 non
3218 3483 3273 3529 ut
3297 3473 3412 3544 ipse
3437 3481 3790 3544 prtetereatur

2193 3572 2331 3629 orat,
2362 3563 2457 3619 sed
2486 3564 2619 3618 utin
2662 3565 2890 3620 alterum
2939 3564 2992 3619 id
3032 3565 3175 3635 quod
3225 3581 3256 3620 a
3292 3580 3352 3621 se
3398 3567 3593 3622 transit
3628 3581 3791 3622 exce-

2192 3652 2303 3708 dat.
2335 3653 2410 3726 (g)
2440 3653 2711 3726 Numquid
2757 3654 3012 3726 possibile
3042 3663 3161 3711 erat
3187 3670 3294 3712 non
3335 3659 3444 3728 pati
3472 3657 3792 3714 Christum?

2188 3743 2387 3816 Atquin
2415 3745 2526 3815 jam
2558 3761 2588 3800 a
2614 3746 3000 3802 constitutione
3038 3745 3220 3802 mundi
3252 3757 3642 3804 sacramentum
3682 3747 3792 3803 hoc

2190 3835 2245 3891 in
2273 3851 2340 3892 eo
2366 3845 2484 3892 erat
2531 3847 2732 3893 nostra:
2780 3839 2973 3895 salutis
3014 3850 3316 3896 ostensum.
3369 3839 3630 3912 Numquid
3673 3840 3788 3910 pati

2189 3927 2307 3998 ipse
2337 3929 2600 3984 nolebat?
2627 3929 2828 4002 Atquin
2855 3932 3105 4003 superius
3135 3932 3465 3989 fundendum
3497 3932 3551 3989 in
3594 3934 3792 3990 remis-

2189 4021 2399 4079 sionem
2431 4035 2772 4094 peccatorum
2817 4027 3063 4096 corporis
3110 4027 3192 4083 sui
3236 4028 3554 4098 sanguinem
3599 4043 3791 4085 conse-

2189 4126 2434 4172 craverat
2459 4116 2648 4189 (lbid.,
2669 4115 2784 4188 28).
2815 4116 3098 4187 Quomodo
3121 4134 3250 4191 ergo
3273 4120 3371 4188 ait,
3395 4119 3575 4188 Pater,
3598 4122 3642 4177 si
3670 4138 3796 4193 pos-

2190 4204 2335 4260 sibile
2364 4208 2482 4262 est?
2525 4217 2580 4264 et
2606 4209 2901 4280 quomodo,
2940 4209 3065 4265 Non
3094 4212 3225 4266 sicut
3244 4229 3335 4284 ego
3362 4215 3500 4283 uolo,
3531 4214 3621 4270 sed
3655 4215 3790 4270 sicut

2191 4307 2246 4354 tu
2270 4301 2388 4357 vis?
2413 4302 2581 4360 Totus
2606 4304 2767 4375 igitur
2796 4319 2963 4376 super
2983 4304 3068 4361 bis
3093 4305 3186 4376 qui
3215 4309 3424 4378 passuri
3441 4317 3599 4366 erant
3615 4316 3791 4365 metus

563 4406 641 4480 (α)
693 4405 820 4490 ξριῇ
853 4400 1179 4490 θόξιὶρίὲἶπ·
1211 4399 1299 4490 ἕξξί
1324 4400 1625 4490 ξφᾼγιὶξξὶζοε
1657 4394 1768 4457 ί¹¹ῐη
1791 4417 1912 4490 cui!)
1953 4421 2086 4464 ωδε·
2119 4413 2172 4475 D
2195 4426 2420 4490 conatur
2444 4460 2458 4484 ,
2505 4434 2626 4490 qua:
2656 4419 2928 4476 hominem
2973 4419 3142 4476 Deum
3173 4435 3278 4477 non
3309 4422 3586 4480 dedeceat.
3634 4424 3791 4480 Hunc

491 4473 679 4544 nam,
707 4475 863 4530 Culb.
887 4473 1127 4544 etCarn,
1151 4512 1165 4538 ,
1196 4487 1284 4544 per
1312 4487 1428 4525 eum
1459 4473 1691 4544 quicum
1717 4475 1922 4529 creavit.

566 4549 640 4621 (b)
665 4541 728 4603 'ld
769 4553 881 4609 est,
926 4543 1126 4621 Christi
1177 4541 1338 4598 ctiam
1372 4543 1665 4598 secundum
1694 4560 1812 4600 eam
1841 4555 2085 4606 naturam

496 4614 1218 4695 quie'_corpusassumpsit..
1295 4683 1306 4695 O
1368 4684 1424 4695 Ν
1576 4685 1604 4695 Δ.
1673 4643 1676 4652 .

574 4693 646 4818 se)
689 4683 1218 4757 ln'vulgatis,'quod
1263 4683 1328 4738 si.
1367 4684 1674 4756 Elegantius
1705 4687 1756 4742 in
1804 4704 1934 4745 mss.
1962 4694 2080 4762 qui,

574 4803 575 4810 η
605 4803 618 4816 .
654 4760 865 4818 Ariani.
891 4771 1118 4818 quorum
1147 4765 1229 4810 est
1256 4757 1519 4811 sententia
1549 4759 1695 4818 prius
1728 4772 2046 4817 memorata.

500 4757 865 4824 sci|.'Ariani,
891 4771 1118 4827 quorum
1147 4757 1519 4827 estgsententia
1549 4759 1695 4825 prius
1728 4757 2046 4817 ntentorata.

569 4832 649 4904 (d)
713 4825 1123 4904 Vinducinensis
1149 4825 1340 4904 codes,
1367 4837 1483 4881 ante
1509 4845 1661 4904 quam
1685 4832 1930 4904 nascitur.
1965 4833 2079 4888 Non

496 4896 808 4960 sat'is'caute
842 4901 955 4954 hmc
988 4896 1236 4953 videntur
1273 4896 1439 4973 dicta,
1477 4900 1636 4973 quasi
1656 4901 1876 4973 cogitari
1899 4912 2084 4973 posset

498 4973 712 5044 aliquod
745 4983 954 5038 tempus
975 5011 988 5035 ,
1015 4984 1119 5044 quo
1146 4967 1380 5044 nondum
1405 4979 1559 5023 natus
1597 4967 1761 5025 Filius
1787 4967 1951 5040 penes
1979 4975 2080 5030 Pa-

497 5038 636 5099 trein
665 5052 868 5096 tantum
893 5040 1206 5095 exstitisset.
1236 5041 1303 5092 At
1330 5038 1472 5094 hunc
1501 5055 1720 5107 pravum
1752 5038 1966 5099 sensum
2003 5061 2086 5102 re-

496 5115 690 5187 lellunt
715 5113 952 5187 subuersa
972 5109 1201 5187 eamdem
1218 5109 1417 5187 scilicet
1446 5111 1776 5187 wternitatem
1807 5127 1981 5187 esseet
2004 5118 2086 5187 gi-

499 5185 700 5258 gnentis
723 5193 768 5237 et
798 5183 970 5258 geniti.
1008 5180 1190 5258 Neque
1218 5179 1303 5234 hic
1329 5181 1861 5258 _repetendum_quod
1895 5185 1947 5240 in
1974 5179 2086 5258 A'd-

496 5250 893 5312 inonitione'de
935 5254 1036 5305 hoc
1063 5252 1182 5306 loco
1210 5250 1415 5321 praelati
1443 5267 1646 5306 sumus.
1674 5250 1784 5310 Cur
1819 5265 1996 5311 autem
2022 5257 2089 5314 de

497 5327 662 5398 Verbi
689 5321 1033 5396 generatione
1055 5323 1444 5398 disserentihus
1464 5338 1570 5398 non
1585 5325 1654 5378 sit
1677 5326 2086 5398 admittendum,

494 5397 631 5472 illud
653 5393 928 5472 antequgm
957 5393 1207 5472 nascitur,
1245 5393 1490 5472 pluribus
1519 5393 1695 5472 _docet
1723 5397 1951 5472 Hilarius
1979 5393 2094 5469 ipse

496 5469 596 5524 lib.
630 5485 705 5524 xn
735 5468 804 5524 de
833 5464 982 5520 Trin.
1012 5464 1324 5518 instructior
1361 5465 1473 5533 jam
1514 5465 1685 5521 lactus
1708 5508 1723 5534 ,
1745 5478 1801 5522 et
1831 5469 1883 5523 in
1913 5464 2092 5527 verbis

493 5541 721 5596 cautior.

575 5612 648 5683 (e)
691 5611 967 5683 Romanus
1011 5604 1180 5662 codex
1211 5619 1334 5683 cum
1358 5606 1512 5683 colli.
1553 5609 1832 5683 et_Carn.,
1880 5623 2089 5671 maestus

494 5676 724 5758 illi‘_e_sse.
749 5682 804 5736 In
829 5681 914 5758 bis
941 5692 1046 5758 n_o_n
1066 5685 1231 5758 negat
1251 5676 1506 5758 iiilarius,
1531 5681 1624 5736 sed
1645 5681 1879 5758 affirmat
1902 5699 2084 5758 reram

498 5752 552 5806 in
574 5751 808 5820 Christo,
841 5749 1107 5806 tristitiam
1133 5746 1156 5814 ,’
1179 5746 1268 5805 ubi
1298 5747 1444 5804 illam
1474 5765 1537 5808 ea
1565 5754 1774 5811 ratione
1810 5755 2084 5825 explicare

2194 4487 2386 4564 imitati
2413 4487 2540 4564 sunt
2570 4491 2898 4564 Ambrosius
2926 4499 2981 4564 et
3007 4490 3365 4564 Hieronymus
3399 4512 3410 4546 :
3455 4496 3543 4552 ille
3570 4495 3789 4564 quidem

2191 4559 2285 4615 lib.
2316 4577 2348 4615 x
2372 4561 2422 4637 in
2455 4561 2584 4616 Luc.
2618 4579 2680 4637 n_.
2697 4561 2785 4624 b7,
2813 4561 2902 4616 ubi
2929 4562 3042 4616 ait:
3072 4559 3226 4619 Doles
3248 4581 3385 4637 ergo,
3416 4559 3652 4633 Domine,
3681 4583 3789 4621 non

2191 4639 2299 4703 tua,
2328 4632 2418 4686 sed
2438 4648 2550 4687 mea
2575 4632 2829 4697 vulnera;
2856 4650 2959 4687 non
2982 4644 3124 4688 tuam
3162 4632 3378 4691 mortem
3400 4678 3415 4703 ,
3449 4641 3539 4692 sed
3559 4632 3790 4692 nostram

2189 4701 2563 4774 inﬁrmitatem,
2579 4713 2686 4759 etc.
2711 4703 3017 4759 Hicveroin
3038 4705 3225 4761 Matth.
3249 4723 3297 4762 c.
3313 4701 3465 4774 xm,
3485 4708 3571 4763 ubi
3601 4708 3783 4774 habet,

2190 4772 2599 4850 Contristabatur
2623 4789 2813 4850 autem,
2833 4791 2933 4850 non
2961 4777 3144 4850 timore
3169 4778 3397 4845 patiendi
3415 4795 3436 4844 ;
3453 4772 3578 4850 iquia
3603 4772 3786 4832 adhoc

2188 4854 2408 4918 venerat,
2433 4855 2476 4899 et
2504 4843 2715 4918 Petrum
2743 4846 3028 4918 timiditatis
3048 4843 3287 4917 arguerat
3318 4867 3337 4903 :
3364 4843 3453 4903 sed
3470 4843 3677 4918 propter
3703 4850 3789 4902 in-

2191 4916 2541 4988 felicissimum
2552 4915 2600 4988 Α]
2603 4917 2779 4983 udam,
2808 4927 2857 4972 et
2880 4915 3248 4988 dispersionem
3275 4915 3640 4988 apostolorum,
3674 4933 3783 4976 etc.

2265 4987 2330 5057 (Γ)
2371 4986 2598 5060 Exeusi,
2667 4986 2975 5042 transeunte.
3033 4988 3198 5060 Magis
3241 4986 3416 5060 placet
3467 5007 3590 5046 cum
3628 4986 3783 5047 'mss.

2192 5058 2502 5130 transeuntis
2523 5098 2539 5123 ,
2572 5070 2696 5129 puta
2725 5074 2898 5130 poena:
2925 5069 3018 5114 aut
3039 5058 3330 5130 cujuslibet
3356 5063 3454 5118 rei.

2265 5129 2344 5204 (ρ)
2399 5128 2682 5204 Beccensis
2719 5128 2921 5204 codex,
2963 5128 3212 5202 numquid
3237 5150 3342 5204 non
3388 5133 3627 5204 possibile
3673 5134 3786 5204 pati

2265 5151 2344 5198 ig;
2400 5151 2682 5185 [succensa
2719 5151 2921 5196 couex,
2963 5151 3210 5202 numquta
3237 5151 3342 5188 non
3388 5151 3627 5204 posstoue
3707 5151 3784 5188 att

2195 5198 2497 5253 Christum:
2532 5199 2944 5272 interpolatoris
2983 5217 3146 5269 opera
3197 5203 3418 5272 praefert
3469 5151 3784 5272 particuram

2195 5279 2500 5339 negantem.
2529 5269 2644 5326 Non
2670 5269 2816 5327 enim
2835 5272 3062 5328 obscure
3084 5274 3173 5329 hic
3199 5269 3366 5330 docet
3404 5269 3636 5331 Hilarius
3666 5273 3788 5331 ﬁeri

2203 5342 2422 5416 minime
2460 5343 2696 5416 potuisse
2723 5352 2781 5416 ut
2814 5359 2919 5416 non
2945 5341 3191 5399 Christus
3223 5355 3513 5416 pateretur.
3553 5345 3661 5403 Sed
3685 5360 3789 5416 va-

2199 5410 2272 5499 let
2301 5412 2392 5499 hic
2402 5412 2697 5499 explicatio
2723 5413 3133 5499 S._Tbo.m.:e,.p:
3165 5410 3244 5498 ut,
3266 5432 3321 5499 q.
3352 5417 3448 5499 46,
3471 5432 3538 5499 a._
3551 5417 3609 5484 2,
3626 5416 3694 5472 ad
3722 5415 3784 5485 2,

2197 5483 2650 5556 przesulisnostri
2694 5485 2857 5540 verba
2897 5486 2995 5539 sibi
3027 5483 3360 5556 objicientis,
3388 5483 3444 5545 et
3471 5488 3540 5544 ad
3578 5483 3640 5543 ea
3693 5483 3786 5543 re;

2193 5554 2506 5630 spondentis
2532 5553 2634 5630 hoc
2658 5555 2903 5630 ﬁerinoni
2919 5553 3157 5630 potuisse
3172 5560 3437 5630 supposita
3467 5557 3789 5630 prtescientia

2193 5635 2240 5678 et
2286 5625 2714 5702 prwordinatione
2742 5625 3446 5702 D_ei_de__passione-Christi.
3467 5625 3556 5686 'Ea
3585 5629 3788 5702 quippe

2190 5711 2295 5752 una
2328 5695 2613 5768 hypotbesi
2644 5704 2755 5754 tota
2779 5697 2969 5755 Hilarii
2996 5701 3223 5757 assertio
3251 5701 3456 5758 nititur.
