4172 6188
447 270 588 330 1069

1434 259 1974 323 COMMENTARIUS
2010 258 2079 318 IN
2115 258 2373 317 MATTH.
2404 259 2558 319 CAP.
2591 262 2811 319 XXXII.

3611 269 3754 328 1070

443 399 528 448 est
565 407 578 444 :
607 398 771 461 atque
794 388 917 446 ideo
937 430 951 458 ,
980 387 1107 460 quia
1148 401 1255 442 non
1284 392 1369 441 est
1397 381 1653 455 possibile
1682 395 1742 436 se
1771 394 1882 435 non
1914 377 2025 450 pati
2069 377 2127 442 Α
2147 376 2273 434 bat:
2313 375 2394 449 (ί)
2421 377 2543 449 quia
2589 379 2696 450 pati
2745 379 2847 436 nisi
2872 393 2939 435 ex
2987 378 3102 450 ejus
3145 378 3395 450 passione
3424 393 3532 436 non
3563 395 3756 453 possu-

447 498 547 555 pro
596 481 681 538 his
726 491 883 553 rogat
931 479 1022 552 qui
1068 477 1280 550 passuri
1338 484 1461 547 post
1486 488 1545 530 se
1593 481 1767 539 erant,
1820 469 2046 536 dicens,

446 575 699 634 Transcat
729 574 870 629 calix
895 589 928 627 a
960 588 1060 637 me,
1106 569 1158 626 id
1189 578 1294 638 est,
1329 565 1600 640 quomodo
1641 580 1671 619 a
1699 578 1786 619 me
1817 561 2039 627 bibitur,

448 670 520 727 ita
547 669 616 726 ab
645 669 728 724 his
756 667 994 734 bibatur,
1025 665 1143 722 sine
1169 665 1287 736 spei
1337 661 1634 720 difﬁdentia
1657 701 1674 728 ,
1722 659 1840 716 sine
1885 671 2049 714 sensu

448 763 671 829 doloris,
697 763 816 818 sine
846 770 989 818 metu
1023 760 1235 816 mortis.

519 859 574 914 8.
618 855 860 912 Patiendi
886 854 1123 908 virtutem
1151 854 1224 907 eis
1263 849 1486 922 ﬂagitat.
1532 880 1603 890 —
1651 845 1774 901 Ideo
1801 853 1979 900 autem
2007 843 2053 896 si

451 949 691 1021 possibile
715 957 786 1002 est
809 964 829 1013 ;
859 945 986 1017 quia
1006 952 1063 999 et
1089 942 1236 999 carni
1271 952 1326 998 et
1355 939 1602 1004 sanguini
1645 938 1839 993 horum
1867 935 2049 1008 gravis

452 1051 629 1098 terror
657 1050 739 1096 est
771 1081 786 1107 ,
815 1049 872 1096 et
900 1037 1123 1094 difﬁcile
1152 1045 1237 1092 est
1263 1050 1451 1091 eorum
1486 1033 1779 1088 acerbitate
1821 1043 2050 1098 corpora

451 1135 684 1190 humana
713 1148 820 1189 non
848 1131 1011 1188 vinci.
1047 1130 1210 1203 803
1241 1129 1395 1198 Quod
1424 1136 1603 1183 autem
1628 1126 1702 1180 ait
1731 1166 1746 1191 ,
1776 1123 1899 1179 Non
1925 1125 2052 1177 sicut

450 1245 543 1298 ego
562 1228 700 1296 volo,
724 1227 812 1282 sed
833 1227 965 1282 sicut
995 1235 1051 1279 tu
1080 1227 1154 1278 vis
1184 1223 1389 1282 :vellet
1413 1221 1630 1293 quidem
1663 1234 1758 1275 eos
1782 1234 1890 1274 non
1918 1217 2050 1288 pati,

452 1334 522 1376 ne
546 1319 683 1374 forte
711 1317 764 1373 in
798 1318 1050 1388 passione
1077 1315 1326 1372 diﬂidant
1349 1356 1366 1382 ,
1397 1313 1492 1370 sed
1519 1312 1916 1369 cohaereditatis
1943 1325 2054 1365 suae

458 1411 684 1482 gloriam
731 1409 849 1465 sine
891 1407 1158 1481 passionis
1201 1406 1522 1463 difﬁcultate
1557 1413 1889 1461 mereantur.
1935 1401 2054 1458 Non

451 1520 584 1574 ergo
614 1503 692 1575 (a)
722 1513 780 1559 ut
808 1517 914 1558 non
939 1505 1206 1573 patiantur
1227 1509 1416 1572 rogat,
1459 1499 1645 1556 dicens
1669 1540 1684 1565 ,
1723 1496 1844 1552 Non
1869 1507 1925 1551 ut
1963 1513 2054 1568 ego

452 1597 565 1650 volo
588 1612 607 1649 :
627 1595 724 1650 sed
770 1603 846 1661 ut,
878 1594 974 1658 ait,
1003 1594 1142 1662 quod
1169 1593 1328 1648 Pater
1350 1592 1493 1657 vult,
1541 1589 1758 1646 bibendi
1784 1588 1970 1644 calicis
1999 1587 2055 1642 iu

451 1702 548 1744 eos
575 1702 642 1743 ex
671 1701 730 1742 se
761 1694 999 1741 transeat
1034 1685 1306 1741 ﬁrmitudo
1337 1703 1351 1741 :
1377 1684 1500 1756 quia
1545 1699 1612 1739 ex
1639 1683 1914 1738 voluntate
1937 1680 2055 1751 ejus

2152 485 2296 526 mus.

2226 565 2314 621 11.
2375 564 2768 636 Discipulorum
2805 581 3014 620 somnus
3056 574 3104 620 et
3135 565 3291 621 varia:
3317 563 3510 621 Christi
3557 566 3757 623 allocu-

2157 658 2324 712 tiones
2352 657 2476 729 quid
2496 658 2812 729 signiﬁcent.
2844 688 2916 699 --
2938 656 3137 714 Verum
3178 657 3322 729 quod
3350 657 3543 714 iterum
3573 675 3758 716 rever-

2155 765 2247 807 sus
2285 753 2486 824 reperit
2525 751 2890 818 dormientes;
2923 753 3156 808 ostendit
3185 753 3440 809 absentize
3471 769 3584 809 suae
3622 763 3760 811 tem-

2157 859 2289 915 pore
2340 845 2522 916 plures
2569 845 2802 916 quodam
2849 845 2972 901 ﬁdei
3019 861 3209 903 somno
3251 845 3593 903 detinendos.
3649 849 3759 906 Sed

2157 952 2370 992 rursum
2401 939 2611 1004 oravit,
2645 937 2785 993 idem
2815 948 3066 1008 repetens
3097 957 3109 993 :
3142 954 3526 1011 reversusque,
3559 941 3652 1011 qui
3673 942 3757 996 vi-

2157 1028 2324 1098 gilare
2365 1027 2627 1098 jusserat,
2681 1030 2774 1100 qui
2823 1031 3136 1102 consopitos
3167 1031 3584 1102 objurgaverat,
3634 1035 3756 1104 ait,

2158 1119 2391 1175 Dormite
2431 1124 2547 1192 jam
2573 1132 2622 1177 et
2658 1122 2952 1193 requiescite
2981 1124 3055 1197 (Ῡ
3115 1124 3233 1195 45).
3283 1125 3410 1180 Post
3456 1127 3761 1183 orationem

2159 1213 2518 1286 frequentem,
2549 1226 2672 1286 post
2698 1217 2974 1272 discursus
3005 1234 3366 1289 recursusque
3406 1219 3755 1290 multiplices,

2158 1318 2360 1364 metum
2388 1309 2578 1376 demit,
2612 1311 2957 1367 securitatem
2982 1311 3180 1379 reddit,
3210 1313 3263 1368 in
3291 1314 3532 1385 requiem
3560 1314 3759 1370 adhor-

2161 1410 2324 1471 tatur,
2357 1403 2687 1459 voluntatem
2735 1404 2910 1460 Patris
2959 1405 3068 1475 jam
3114 1406 3180 1460 de
3211 1405 3365 1460 nobis
3405 1421 3628 1462 securus
3667 1424 3761 1464 ex-

2157 1502 2383 1564 spectat,
2418 1495 2639 1563 dicens,
2677 1495 2798 1551 Fiat
2820 1497 3055 1553 voluntas
3086 1508 3175 1553 tua
3207 1515 3227 1554 :
3253 1500 3376 1570 quia
3405 1501 3759 1558 transiturum

2160 1588 2212 1642 in
2246 1603 2343 1644 nos
2371 1589 2593 1644 caliCem
2635 1591 2846 1657 bibens,
2880 1592 3248 1648 inﬁrmitatem
3277 1595 3523 1664 corporis
3549 1596 3757 1665 nostri,

2160 1688 2216 1735 et
2236 1680 2445 1736 timoris
2475 1681 2919 1750 sollicitudinem,
2968 1693 3020 1740 et
3053 1685 3228 1756 ipsum
3275 1685 3520 1742 dolorem
3569 1689 3760 1744 mortis

454 1796 559 1837 non
583 1789 687 1835 tam
709 1794 805 1850 pcr
827 1777 1097 1834 Christum
1119 1777 1194 1850 (b)
1215 1778 1358 1833 vinci
1385 1776 1679 1842 diabolum,
1708 1789 1868 1846 quam
1891 1772 2053 1829 etiam
2083 1780 2132 1841 B
2159 1773 2493 1829 absorberet.
2510 1774 2664 1840 Quod
2685 1785 2865 1831 autem
2885 1776 2951 1830 ad
2967 1792 3060 1832 eos
3077 1786 3374 1845 revertens,
3397 1779 3763 1836 dormientes-

454 1890 550 1946 per
570 1875 685 1944 ejus
706 1871 1004 1941 discipulos
1024 1871 1328 1941 oportebat.

521 1967 576 2023 9.
620 1965 792 2021 Metus
833 1964 1024 2019 Christi
1059 1980 1239 2029 causa,
1282 1962 1556 2032 inﬁrmitas
1582 1971 1776 2017 nostra.
1809 1991 1882 2003 --
1921 1959 2052 2016 Post

452 2074 570 2132 quae
595 2059 661 2114 ad
689 2057 984 2130 discipulos
1012 2055 1173 2122 redit,
1202 2065 1258 2111 et
1285 2054 1618 2111 dormientes
1646 2051 2004 2124 deprehendit
2034 2070 2048 2109 :

451 2161 507 2208 et
531 2152 754 2208 Petrum
780 2149 1024 2220 coarguit
1067 2164 1164 2204 cur
1208 2163 1392 2205 secum
1425 2163 1530 2202 una
1563 2148 1752 2202 saltem
1785 2146 1916 2201 hora
1948 2160 2054 2201 non

453 2246 530 2318 (c)
583 2243 771 2317 vigilet
808 2244 1020 2318 (Hi).
1062 2243 1279 2300 Petrum
1323 2242 1444 2299 ideo
1468 2258 1534 2298 ex
1563 2243 1752 2309 tribus,
1787 2242 1910 2313 quia
1941 2255 2054 2312 pra:

451 2339 664 2394 caeteris
693 2352 800 2394 non
824 2352 883 2394 se
911 2335 1401 2393 scandalizaturum
1438 2335 1610 2392 fuerat
1641 2334 1922 2407 gloriatus.
1947 2332 2053 2390 Su-

451 2431 682 2505 perioris
733 2440 911 2488 autem
959 2440 1136 2488 melus
1181 2431 1263 2486 sui
1313 2430 1512 2486 indicat
1553 2444 1776 2496 causas,
1823 2427 2052 2495 dicens,

457 2527 615 2582 Orate
646 2543 708 2581 ne
735 2526 934 2582 intretis
973 2527 1029 2582 in
1066 2525 1394 2581 tentationem
1421 2524 1492 2598 (ᾗ
1541 2523 1654 2597 41).
1683 2521 1797 2579 Hoc
1815 2530 1931 2578 erat
1959 2521 2058 2592 igi-

456 2627 541 2674 tur
585 2617 728 2688 quod
769 2618 1016 2684 volebat;
1061 2626 1116 2673 et
1171 2617 1292 2673 ideo
1340 2617 1395 2672 in
1441 2615 1688 2672 oratione
1721 2613 2052 2680 tradiderat,

453 2711 573 2768 Non
605 2710 827 2766 inducas
855 2727 956 2767 nos
985 2713 1038 2766 in
1084 2711 1456 2778 tentationem,
1501 2725 1569 2766 ne
1594 2708 1721 2782 quid
1753 2710 1804 2764 in
1835 2722 1935 2763 nos
1964 2708 2052 2762 in-

456 2805 695 2860 ﬁrmitati
716 2805 895 2860 carnis
916 2805 1106 2860 liceret
1127 2804 1344 2878 (Matth.
1375 2820 1427 2860 vr
1449 2844 1466 2869 ,
1507 2805 1618 2874 l5).
1650 2803 1761 2858 Cur
1777 2811 1957 2857 autem
1987 2815 2056 2856 ne

454 2899 508 2953 in
539 2897 888 2953 tentationem
918 2899 1162 2954 venirent
1191 2913 1349 2955 orare
1379 2913 1474 2954 eos
1520 2896 1913 2964 admonuisset,
1961 2911 2052 2951 os-

455 2989 624 3044 tendit
650 2988 838 3046 dicens
863 3031 878 3056 ,
908 2989 1139 3061 Spiritus
1174 2991 1379 3062 quidem
1407 3000 1696 3063 promptus,
1731 3007 1853 3046 caro
1882 2997 2054 3044 autem

453 3083 679 3150 infirma,
709 3099 814 3139 non
865 3084 1050 3156 utique
1077 3085 1145 3141 de
1183 3100 1244 3140 se
1275 3103 1289 3139 :
1320 3085 1386 3140 ad
1432 3099 1528 3140 eos
1568 3086 1713 3139 enim
1760 3084 1848 3140 hic
1875 3098 2055 3138 sermo

2156 1880 2261 1936 que
2288 1863 2455 1936 804
2481 1866 2782 1935 reperiens,
2813 1868 3044 1936 primum
3087 1883 3338 1924 reversus
3364 1870 3611 1941 objurgat
3630 1913 3645 1938 ,
3675 1887 3764 1927 se-

2155 1958 2335 2012 cundo
2357 1957 2500 2024 silet,
2525 1958 2687 2012 tertio
2705 1958 2986 2028 quiescere
3004 1959 3156 2030 jubet
3182 1979 3193 2014 :
3227 1962 3364 2016 ratio
3382 1963 3481 2017 ista
3496 1972 3595 2030 est,
3617 1964 3764 2034 quod

2162 2049 2393 2119 primum
2445 2057 2568 2118 post
2593 2051 3047 2105 resurrectionem
3081 2052 3356 2122 dispersos
3399 2067 3494 2110 eos
3523 2063 3578 2108 et
3616 2054 3760 2109 difﬁ-

2155 2141 2345 2198 dentes
2372 2157 2434 2197 ac
2479 2142 2717 2212 trepidos
2748 2142 2824 2214 (g)
2875 2142 3236 2213 reprehendet
3269 2164 3282 2198 :
3325 2145 3564 2200 secundo
3591 2147 3760 2204 misso

2159 2237 2361 2309 Spiritu
2390 2237 2683 2308 paracleto,
2718 2238 2956 2308 gravatis
2984 2239 3048 2294 ad
3091 2239 3456 2295 contuendam
3485 2239 3764 2312 Evangelii

2158 2334 2462 2391 libertatem
2511 2335 2723 2402 oculis,
2777 2337 3036 2394 visitabit.
3087 2337 3218 2392 Nam
3272 2337 3582 2408 aliquandiu
3628 2339 3762 2410 legis

2155 2442 2341 2484 amore
2367 2429 2605 2496 detenti,
2653 2429 2886 2500 quodam
2919 2429 3042 2486 ﬁdei
3097 2444 3288 2485 somno
3319 2429 3567 2500 occupati
3611 2441 3758 2485 sunt.

2158 2521 2343 2578 Tertio
2373 2539 2502 2578 vero
2527 2565 2542 2591 ,
2576 2523 2628 2579 id
2658 2534 2740 2580 est
2769 2523 3040 2581 claritatis
3078 2540 3191 2581 suae
3223 2523 3398 2581 reditu
3422 2565 3437 2591 ,
3483 2525 3762 2583 securitati

2157 2631 2252 2674 eos
2279 2618 2553 2690 quietique
2580 2619 2844 2675 restituet.

2708 2711 2936 2770 CAPUT
2967 2713 3185 2770 XXXII.

2157 2801 2236 2857 De
2255 2801 2290 2857 .1
2295 2804 2422 2870 uda,
2451 2805 2540 2876 qui
2561 2815 2666 2859 erat
2698 2822 2830 2860 unus
2852 2807 2914 2859 de
2934 2805 3204 2861 duodecim
3228 2806 3516 2878 discipulis,
3535 2810 3764 2866 veniente

2228 2898 2296 2952 ad
2325 2896 2505 2952 Iesum
2527 2916 2639 2952 cum
2663 2899 2886 2968 plurima
2906 2900 3054 2953 turba
3077 2910 3132 2953 ut
3153 2916 3268 2954 eum
3289 2904 3510 2957 traderet
3529 2903 3625 2967 ;dc
3645 2905 3764 2976 gla-

2230 2992 2318 3045 dio
2337 3007 2486 3060 quem
2536 2992 2684 3060 iussit
2715 2990 2868 3045 Petro
2889 3001 3176 3048 convertere
3201 2994 3254 3048 in
3285 2993 3454 3048 locant
3481 3011 3649 3050 suum.

2229 3085 2281 3139 1.
2318 3082 2385 3137 1η
2412 3083 2673 3139 Christum
2718 3083 2870 3138 nulla
2920 3095 3143 3156 potestas
3166 3085 3266 3140 nisi
3288 3103 3440 3157 quant
3469 3087 3763 3142 dederit—-

455 3189 751 3231 conversus
778 3185 882 3232 est.
935 3178 1059 3241 Aut,
1097 3177 1367 3247 quomodo
1417 3192 1560 3234 nunc
1613 3177 1682 3232 de
1724 3191 1785 3232 se
1833 3175 2056 3246 spiritus
2081 3169 2127 3233 C
2162 3176 2230 3231 Et
2255 3177 2427 3232 adhuc
2478 3193 2536 3233 eo
2575 3178 2809 3248 loquente
2829 3176 2910 3250 (h)
2937 3194 3048 3232 ecce
3074 3178 3243 3232 ludas
3288 3195 3423 3234 unus
3458 3181 3522 3234 de
3563 3181 3760 3236 duode-

461 3281 764 3341 promptus,
811 3271 859 3326 si
910 3271 1158 3342 superius
1208 3271 1378 3328 tristis
1408 3279 1493 3327 est
1537 3271 1717 3326 anima
1773 3284 1942 3340 usque
1988 3267 2057 3324 ad

457 3363 732 3419 mortem?
772 3363 879 3420 Sed
909 3363 1117 3434 vigilari
1151 3365 1394 3434 praecipit
1418 3373 1473 3420 et
1503 3363 1672 3429 orari,
1702 3377 1770 3418 ne
1800 3361 1855 3416 in
1884 3371 2058 3418 tenta-

455 3457 656 3512 tionem
681 3455 937 3522 incidant,
966 3471 1032 3512 ne
1063 3456 1356 3512 inﬁrmitati
1388 3457 1630 3527 corporis
1660 3453 2009 3512 succumbant
2041 3474 2055 3511 :

457 3556 510 3604 ct
541 3547 744 3603 idcirco
774 3547 818 3602 si
847 3549 1104 3618 possibile
1125 3558 1208 3604 est
1233 3558 1293 3604 ut
1320 3565 1350 3605 a
1379 3564 1438 3605 se
1462 3559 1704 3605 transeat
1733 3548 1871 3604 calix
1900 3556 2054 3612 orat,

457 3642 580 3712 quia
609 3640 826 3696 bibendi
857 3642 973 3711 ejus
1001 3656 1130 3697 caro
1151 3642 1325 3698 omnis
1349 3640 1560 3696 inﬁrma
1591 3641 1681 3693 sit.

530 3735 618 3788 10.
677 3732 860 3789 Passio
891 3733 1081 3788 Christi
1110 3735 1347 3786 virtutem
1375 3731 1521 3784 nobis
1562 3729 1774 3784 contulit
1805 3728 2054 3800 patiendi.

453 3855 523 3868 ——
553 3824 786 3880 Rursum
816 3838 944 3879 vero
983 3822 1270 3878 discedens
1296 3821 1503 3888 oravit,
1530 3820 1740 3887 dicens,
1766 3817 1944 3887 Pater,
1976 3818 2056 3892 (d)

456 3934 560 3973 non
583 3909 746 3987 potest
766 3915 986 3970 transire
1021 3914 1160 3970 calix
1180 3915 1272 3968 iste
1301 3914 1399 3968 nisi
1425 3912 1571 3968 illum
1602 3913 1767 3966 bibam
1795 3913 1819 3966 ξ’
1847 3913 1938 3982 ﬁat
1961 3927 2052 3964 vo-

458 4013 629 4065 luntas
655 4020 744 4065 tua
770 4007 958 4081 (Ibid.,
981 4009 1098 4081 L2).
1129 4007 1375 4063 Passuris
1402 4005 1678 4077 discipulis
1699 4019 1797 4076 per
1811 4004 2058 4075 lideijus-

458 4107 824 4173 tiﬁcationem,
855 4121 1070 4162 omnem
1113 4106 1164 4160 in
1210 4120 1268 4160 se
1289 4104 1532 4174 corporis
1562 4105 1731 4158 nostri
1773 4103 2056 4158 inﬁrmita-

461 4211 568 4256 tem
595 4199 884 4270 assumpsit
927 4217 940 4252 :
987 4199 1240 4269 crucique
1295 4213 1478 4253 secum
1531 4199 1779 4252 universa
1825 4211 1888 4252 ea
1937 4196 2058 4267 qui-

461 4293 561 4348 bus
605 4292 676 4364 (e)
723 4290 1126 4347 infirmabamur
1174 4289 1368 4345 afﬁxit.
1423 4288 1548 4344 Ideo
1591 4298 1811 4360 peccata
1867 4297 2055 4344 nostra

461 4395 659 4458 portat,
686 4397 736 4440 et
770 4400 868 4454 pro
894 4385 1048 4440 nobis
1075 4384 1220 4440 dolet
1246 4403 1257 4436 :
1292 4385 1414 4455 quia
1445 4383 1568 4439 ﬁdei
1600 4383 1654 4438 in
1695 4382 1850 4439 nobis
1871 4382 2056 4440 calore

461 4478 724 4546 fervente,
757 4494 881 4534 cum
907 4478 1193 4535 adversum
1217 4478 1489 4534 diabolum
1529 4478 1796 4550 passionis
1823 4478 1965 4534 bello
1987 4480 2057 4534 sit

464 4571 847 4629 decertandum
873 4615 889 4640 ,
923 4587 1114 4628 omnes
1149 4571 1578 4627 imbecillitatum
1609 4579 1916 4626 nostrarum
1945 4570 2048 4627 do-

462 4665 604 4720 lores
626 4679 746 4720 cum
773 4680 1002 4737 corpore
1031 4665 1147 4736 ejus
1205 4675 1259 4720 et
1309 4664 1557 4734 passione
1603 4664 1925 4721 moriuntur.
1987 4665 2055 4721 Et

465 4757 586 4813 idco
609 4759 839 4814 transire
889 4758 956 4814 ab
994 4773 1059 4814 eo
1093 4757 1230 4814 calix
1273 4771 1378 4812 non
1409 4764 1604 4828 potest,
1654 4757 1758 4812 nisi
1799 4756 1952 4814 illum
1976 4757 2058 4814 bi-

533 4877 613 4949 (a)
670 4877 797 4932 Mss.
847 4877 1046 4939 Rom.,
1091 4875 1259 4949 C_olb._
1277 4883 1332 4930 et
1358 4873 1521 4949 carn.
1556 4890 1658 4949 non
1698 4883 1754 4927 ut
1807 4849 2052 4949 patiatur.

465 4943 672 5003 Para'ut
697 4965 797 5002 non
826 4949 1071 5018 patiatur.
1113 4945 1514 5001 Prmferendum
1543 4943 1753 5018 videtur
1774 4959 1899 5018 cum
1936 4945 2056 5018 aliis

463 5021 645 5084 libris,
680 5031 730 5073 ut
753 5014 852 5074 non
875 5024 1184 5090 patiantur:
1209 5032 1330 5090 cum
1364 5030 1468 5070 non
1495 5015 1727 5084 amplius
1746 5017 1820 5090 de
1838 5014 2057 5090 Christo

464 5106 645 5145 sermo
667 5093 736 5145 sit
754 5133 768 5153 ,
803 5085 898 5146 sed
921 5090 989 5145 de
1019 5088 1297 5156 discipulis
1315 5129 1329 5154 ,
1360 5101 1496 5156 quos
1525 5101 1646 5140 cum
1675 5087 1805 5141 nolit
1838 5085 1998 5141 Pater
2023 5102 2053 5140 a

464 5161 716 5232 passione
742 5163 939 5217 liberos
958 5203 971 5226 ,
996 5161 1074 5232 eis
1100 5159 1289 5214 saltem
1318 5158 1478 5213 tribui
1507 5156 1752 5212 Christus
1779 5165 1952 5229 rogat,
1997 5167 2056 5214 ut

467 5230 516 5286 in
548 5233 794 5300 passione
821 5233 988 5289 fortes
1007 5230 1111 5286 sint
1136 5239 1296 5300 atque
1321 5238 1649 5300 constantes.

583 5249 794 5288 asstone
821 5249 988 5289 tortes
1007 5249 1111 5286 Slnl
1136 5249 1296 5300 atque
1321 5249 1649 5285 consumes.

538 5249 615 5446 {in
649 5305 702 5360 In
732 5320 825 5360 sex
853 5318 986 5360 mss.
1019 5305 1066 5356 vi
1095 5303 1266 5357 vinci:
1297 5299 1533 5356 abundat
1552 5299 1742 5356 vocula
1763 5301 1834 5356 vi.

561 5376 612 5446 ε)
647 5377 835 5431 Plures
862 5389 991 5430 mss.
1029 5391 1132 5429 non
1161 5373 1388 5446 vigilem.
1566 5444 1574 5446 _

561 5376 612 5448 ε)
647 5377 835 5431 Plures
862 5389 991 5448 mss.
1029 5391 1132 5429 non
1150 5373 1388 5448 (vigilant.

535 5444 615 5520 (tt)
636 5448 731 5503 Hic
743 5463 804 5503 ex
815 5447 1158 5520 punximussi
1174 5445 1492 5520 auctoritate
1509 5444 1671 5520 triu_n_t
1689 5457 1956 5520 ms_s._cum
1971 5459 2060 5499 ea-

465 5514 866 5590 tlem'particu'la
880 5519 1063 5581 etiam,
1079 5517 1175 5590 lib.
1200 5532 1235 5590 x
1255 5515 1322 5570 de
1343 5514 1496 5590 Trin.
1508 5533 1576 5590 _n.
1603 5516 1692 5581 ‘57,
1723 5515 1862 5590 absit
1881 5530 1911 5569 a
1927 5529 2056 5571 mss.

542 5586 622 5659 (ei
673 5591 772 5645 Ms.
813 5589 971 5644 Rom.
1002 5587 1389 5659 inﬁrmabatur._
1415 5587 1519 5643 Alii
1547 5601 1644 5659 sex
1665 5628 1678 5650 ,
1721 5586 2060 5659 inﬁrmamur.

539 5657 624 5735 (Γ)
647 5663 704 5720 S.
739 5663 975 5718 Thomas
1016 5657 1075 5715 ιιι
1111 5675 1166 5731 p.
1192 5675 1292 5735 Ἀ(ι.
1327 5657 1418 5725 46,
1445 5659 1511 5714 ad
1537 5657 1748 5735 _2,_li_a-c
1783 5658 1944 5735 verba
1991 5659 2070 5714 sic

482 5729 640 5791 aliter
680 5741 1065 5792 commemorat
1098 5729 1270 5801 {quia
1312 5731 1548 5801 reparari
1576 5729 1675 5784 nisi
1700 5745 1763 5786 ex
1807 5730 1918 5800 ejus
1950 5745 2068 5800 pas-

2162 3272 2262 3326 cim
2286 3272 2440 3339 venit,
2464 3280 2510 3325 et
2548 3287 2662 3324 cum
2703 3287 2762 3325 eo
2804 3272 3031 3342 plurima
3053 3273 3198 3326 turba
3227 3271 3472 3344 (Matth,
3495 3289 3642 3340 xxvr,
3666 3277 3764 3330 47-

2161 3365 2275 3437 49).
2306 3364 2362 3418 ln
2393 3362 2477 3418 his
2503 3363 2755 3419 omnibus
2785 3365 3052 3434 passionis
3071 3373 3152 3419 est
3183 3365 3339 3419 ordo.
3369 3366 3474 3421 Sed
3499 3368 3550 3421 in
3573 3370 3762 3424 osculo

2160 3456 2314 3512 Judte
2356 3455 2473 3510 hch
2526 3455 2627 3509 fuit
2667 3454 2728 3525 (ὅ)
2787 3457 2924 3509 ratio
2976 3473 2988 3507 :
3033 3464 3090 3508 ut
3137 3456 3460 3512 doceremur
3514 3459 3763 3516 inimicos

2161 3566 2372 3618 omnes,
2417 3564 2619 3619 eosque
2668 3563 2805 3619 quos
2847 3549 3113 3605 sciremus
3150 3549 3506 3607 deszevituros
3560 3553 3613 3607 in
3659 3569 3760 3609 nos

2159 3655 2302 3708 esse,
2331 3640 2576 3711 diligere.
2607 3639 2862 3695 Osculum
2893 3640 3037 3694 enim
3077 3641 3194 3711 ejus
3224 3641 3483 3698 Dominus
3527 3659 3634 3699 non
3669 3661 3763 3701 re-

2159 3736 2322 3807 spuit.
2356 3734 2510 3804 Quod
2537 3742 2717 3788 autem
2748 3734 2821 3788 ait
2844 3733 3017 3803 ludas,
3045 3739 3129 3808 fac
3153 3737 3294 3805 quod
3320 3738 3446 3806 facis
3487 3736 3560 3811 (j)
3597 3740 3762 3794 tradi-

2162 3829 2323 3884 tionis
2371 3845 2484 3884 sua:
2532 3832 2862 3899 potestatem
2910 3829 3010 3883 sub
3057 3829 3206 3884 verbi
3259 3828 3418 3900 hujus
3443 3830 3760 3890 conditione

2161 3921 2444 3992 permittit.
2476 3918 2608 3975 Nam
2637 3921 2728 3990 qui
2775 3920 2913 3990 juris
2945 3921 3027 3974 sui
3057 3920 3290 3977 habebat
3323 3923 3612 3979 adversum
3647 3935 3757 3981 tra-

2159 4015 2360 4072 ditores
2404 4015 2670 4070 advocare
2716 4013 2793 4086 (lt)
2835 4013 3116 4070 duodecim
3155 4016 3319 4069 millia
3350 4016 3620 4086 legionum
3660 4035 3756 4074 an-

2158 4109 2427 4181 gelorum,
2455 4107 2615 4179 longe
2656 4107 2867 4164 l‘acilius
2900 4107 3058 4163 unius
3092 4107 3326 4162 hominis
3349 4117 3406 4163 et
3432 4109 3677 4165 consiliis
3703 4122 3760 4166 et

2157 4201 2365 4257 artibus
2387 4199 2650 4271 potuisset
2679 4200 3049 4272 occurrere”
3083 4199 3197 4272 53).
3219 4201 3461 4272 Denique
3475 4201 3649 4257 Pilato
3665 4203 3761 4257 ait:

2161 4292 2285 4348 Non
2313 4293 2523 4348 haberes
2551 4293 2604 4347 in
2633 4309 2712 4346 me
2738 4303 3055 4362 potestatem,
3078 4293 3177 4346 nisi
3198 4292 3319 4347 data
3348 4295 3436 4347 tibi
3461 4305 3588 4348 esset
3619 4293 3762 4366 (Job.

2162 4403 2281 4454 xix,
2314 4387 2427 4460 11).
2459 4387 2560 4442 Dat
2586 4388 2747 4459 igitur
2778 4388 2830 4443 in
2886 4402 2946 4442 se
2997 4397 3319 4456 potestatem
3358 4389 3618 4446 dicendo:
3642 4390 3756 4447 Fac

2159 4480 2296 4552 quod
2326 4482 2454 4552 facis
2499 4479 2680 4553 (Joan.
2734 4496 2854 4547 xm,
2895 4479 2988 4551 27)
3022 4498 3036 4534 :
3066 4479 3274 4535 scilicet
3322 4483 3445 4552 quia
3472 4483 3766 4539 voluntatis

2164 4573 2372 4629 crimen
2404 4587 2501 4644 pro
2528 4572 2652 4628 facti
2683 4582 2942 4645 pensatur
2971 4572 3196 4641 invidia,
3224 4589 3284 4629 re
3310 4585 3594 4646 perageret
3615 4577 3762 4648 quod

2159 4665 2431 4722 voluntate
2450 4664 2513 4739 (t)
2543 4667 2654 4736 jam
2683 4664 2898 4721 faceret.

2235 4759 2291 4815 2.
2321 4758 2420 4825 Qui
2441 4759 2614 4831 gladio
2652 4769 2798 4814 utens
2844 4761 3020 4831 gladio
3057 4759 3255 4831 peribit.
3286 4787 3358 4801 —-
3390 4757 3536 4814 Unus
3588 4770 3756 4819 autem

2163 4875 2308 4947 sione
2332 4891 2433 4947 non
2456 4891 2729 4947 possumus
2755 4875 2968 4947 :minus
2996 4873 3060 4947 ad
3090 4889 3227 4947 rem.

2234 4946 2315 5020 (gr),
2330 4945 2405 5000 Ita
2445 4943 2548 5000 ms.
2570 4945 2734 5020 Carn.
2763 4960 2884 5020 cum
2924 4945 3079 5000 Colb.
3105 4944 3212 4999 Alii
3247 4958 3376 5000 vero
3406 4943 3552 5012 libri,
3584 4946 3767 5020 depre-
3798 4951 3816 4972 ‘

2163 5018 2360 5082 hendit,
2383 5027 2438 5072 et
2459 5031 2606 5071 mox.
2629 5018 2867 5071 uisitauit.

2261 5087 2657 5161 h)7Adjecimus
2672 5103 2783 5142 ecce
2815 5088 3134 5161 auctoritate
3163 5103 3293 5161 mss.

2261 5091 2318 5161 h)
2349 5091 2657 5159 Adjecimus
2672 5103 2783 5142 ecce
2815 5091 3134 5143 auctoritate
3163 5103 3293 5142 mss.

2233 5091 2446 5285 ἓέὲιῖἒι.
2488 5175 2611 5215 cum
2644 5174 2777 5215 mss.
2806 5158 2959 5214 Colb.
2989 5157 3151 5213 Carn.
3201 5168 3258 5214 et
3282 5159 3468 5227 Rom.,
3512 5161 3620 5216 htec
3658 5162 3762 5231 fuit

2160 5241 2392 5286 traditio.

2290 5303 2309 5374 )
2348 5299 2596 5374 Editiihic
2618 5299 2908 5374 subjiciunt
2938 5301 3040 5374 cito
3062 5317 3080 5354 :
3103 5300 3493 5373 refragantibus
3523 5316 3656 5374 mss.

2266 5373 2319 5446 lt)
2367 5373 2508 5446 Edili
2527 5373 2642 5444 plus
2672 5389 2824 5446 quam
2863 5373 3131 5446 duodecim
3171 5376 3394 5446 legiones
3439 5373 3758 5446 angelorum.

2170 5444 2336 5500 Abest
2359 5445 2474 5514 plus
2493 5461 2643 5514 quam
2661 5445 2728 5497 ab
2745 5444 2994 5514 omnibus
3017 5458 3146 5498 mss.
3169 5444 3235 5499 ln‘
3247 5445 3416 5499 tribus
3431 5445 3763 5510 exstat,duo—

2172 5516 2336 5570 decim
2361 5513 2537 5570 millia
2557 5515 2796 5587 legiones.
2827 5513 2957 5570 Vide
2983 5523 3137 5572 tract.
3173 5533 3255 5582 ps.
3281 5530 3386 5576 LIV,
3419 5531 3481 5587 n.
3502 5515 3556 5570 6.

2246 5589 2311 5660 (t)
2357 5588 2414 5642 In
2447 5585 2689 5660 pluribus
2715 5600 2843 5660 mss.
2854 5588 2966 5659 jam
2996 5592 3180 5660 fecerat
3209 5587 3444 5660 :rectius
3472 5585 3533 5660 in_
3553 5585 3672 5660 aliis
3698 5585 3763 5641 li-

2175 5656 2308 5730 bris,
2339 5657 2477 5730 quod
2500 5657 2712 5730 faceret,
2745 5656 2959 5713 hoc’est
2981 5656 3122 5729 quod
3144 5658 3255 5727 jam
3286 5656 3462 5713 facere
3491 5657 3762 5726 signiﬁca-

2179 5741 2265 5786 tur
2289 5729 2374 5786 his
2412 5729 2611 5798 verbis,
2646 5730 2780 5799 quod
2817 5731 2964 5800 facis.
