4172 6188
481 257 622 316 1075

1092 253 1338 312 SANCTI
1386 251 1642 310 HILARII
1666 251 1892 318 .EPISC.
1937 205 2291 310 COMMENT.
2333 250 2399 308 IN
2437 250 2694 308 MATTI-I.
2732 250 2884 310 CAP.
2914 248 3162 308 XXXIII.

3639 249 3784 309 1076

481 387 585 462 vox
605 370 1038 462 est,nrecedentis
1068 385 1098 425 a
1125 369 1370 462 serVerbi
1415 369 1507 426 Dei
1553 369 2055 462 cnntes‘tatardissi-
2087 402 2137 462 Α
2164 371 2324 427 sitas:
2351 368 2577 462 JDoinini
2624 369 2786 462 igitur
2817 385 3012 462 corpus
3053 380 3322 440 tamquam
3353 385 3476 455 per.
3503 373 3782 443 apostolo-

481 444 649 499 dium.
702 443 942 512 Denique
985 457 1080 497 cur
1122 442 1456 511 relinquatur
1497 439 2137 512 exclamat,dicens:f1
2174 439 2663 512 rumdoetrinam’
2693 439 2928 496 infertur
2973 443 3026 498 in
3087 439 3308 500 vacuam
3356 439 3416 500 et
3461 442 3516 497 in
3541 439 3781 499 'novatn

482 515 643 582 Deus,
676 512 816 568 Deus
842 511 1003 580 meus,
1033 529 1189 584 quare
1217 529 1296 566 me
1315 512 1628 581 dereliquisti
1661 511 1732 583 (ᾖ
1757 511 1911 583 ,46)?
1964 511 2070 566 Sed

484 585 835 654 relinquitur;
888 585 1010 654 quia
1046 583 1168 640 erat
1212 583 1375 638 homo
1423 585 1582 638 etiam
1613 593 1786 638 morte
1811 597 2073 654 peragen-

484 601 620 641 reuu
663 601 835 650 uitur;
888 601 1010 654 quia
1051 601 1168 640 erat
1212 601 1375 638 nomo
1423 601 1582 638 etiam
1613 601 1786 638 morte
1816 601 2073 652 peragen-

483 657 603 712 dus.
625 601 772 724 ίἷὶιιίη
805 656 964 711 etiam
1004 655 1131 722 hoc,
1161 655 1304 726 quod
1346 668 1442 724 per
1478 654 1739 709 Calamum
1791 653 1974 726 datum
2021 654 2075 708 in

492 729 717 798 spongia
747 735 958 798 acetum
986 741 1107 782 cum
1141 725 1399 796 putasset,
1449 727 1786 798 proclamans
1823 725 2072 798 spiritum

502 794 755 864 reddidit,
779 796 1064 868 diligenter
1100 794 1179 853 est
1210 794 1572 868 contuendum
1618 795 1804 868 (Ibid.,
1859 794 2074 868 48-50).

2177 511 2416 586 requiem
2474 511 2664 586 lapidis
2694 513 2886 586 excisi
2918 531 2929 565 :
2963 513 3170 570 scilicet
3220 515 3272 568 in
3327 523 3517 586 pectus
3544 514 3784 586 duritiae

2176 582 2392 652 gentilis
2420 582 2650 654 quodam
2675 583 2940 638 doctrinm
2959 600 3122 654 opere
3151 582 3390 641 excisum
3417 585 3672 642 Christus
3695 587 3784 641 in-

2179 654 2371 721 fertur,
2423 655 2555 709 rude
2583 654 2787 710 scilicet
2832 669 2895 710 ac
2944 671 3159 717 novum.
3211 669 3265 714 et
3317 658 3466 713 nullo
3509 668 3667 713 antea
3699 658 3786 712 in-

2177 739 2365 795 gressu
2406 724 2621 801 timoris
2651 725 2743 780 Dei
2798 727 3064 795 pervium.
3118 728 3185 783 Et
3230 731 3353 801 quia
3405 729 3537 783 nihil
3589 737 3787 798 praeter

2179 812 2303 870 eum
2321 804 2576 870 oporteat
2609 797 2660 850 in
2683 806 2906 870 pectora
2930 807 3114 853 nostra
3139 797 3451 868 penetrare,
3480 797 3619 870 lapis
3644 801 3787 856 ostio

488 869 684 941 Vinum
728 879 784 924 et
830 867 1129 941 honoriest
1167 867 1585 941 immortalitatis
1612 867 1666 922 et
1693 867 1886 941 virtus,
1931 867 2073 941 quod
2167 867 2728 941 alvolviturzutquia
2763 869 2940 941 nullus
2970 880 3127 925 antea
3142 867 3211 927 in
3230 887 3329 927 nos
3360 867 3556 927 divina:
3585 872 3780 941 cogni-

525 955 584 994 er
640 940 826 995 vitium
879 950 972 995 aut
1018 939 1240 996 incuria:
1294 939 1582 1010 aut809
1612 938 1751 1010 vasis
1800 938 2075 1010 inacescit.

525 955 584 994 er
640 955 826 995 vinum
879 955 972 995 aut
1018 955 1240 996 incuriae
1294 955 1582 1010 anim
1612 955 1751 993 vasus
1800 955 2075 992 inacescn.

485 955 604 1067 Eloc
630 1011 789 1093 igitur
818 1027 939 1068 cum
965 1011 1026 1093 in
1057 1011 1227 1093 Adam
1261 1011 1601 1093 euanuisset_,
1632 1009 1747 1080 ipse
1793 1008 2000 1090 accepit
2025 1018 2083 1093 et

453 1081 696 1152 lpolavit
722 1099 789 1138 ex
836 1082 1104 1153 gentibus.
1146 1082 1201 1136 In
1245 1082 1456 1138 calamo
1496 1081 1645 1153 enim
1671 1096 1739 1135 ex
1771 1081 2083 1153 spongiaut

489 1150 700 1224 potaret
728 1150 972 1220 offertur,
1004 1154 1056 1208 id
1083 1162 1187 1221 est,
1221 1170 1285 1209 ex
1329 1152 1645 1222 corporibus
1679 1150 1930 1224 gentium
1955 1150 2082 1206 vitia

493 1223 761 1292 corruptae
792 1226 1108 1280 mternitatis
1138 1225 1380 1294 accepit;
1409 1233 1463 1280 et
1486 1225 1538 1279 in
1570 1238 1630 1279 se
1653 1232 1811 1294 atque
1853 1223 2078 1277 immor-

493 1295 712 1352 talitatis
741 1295 817 1368 (a)
865 1293 1297 1368 communionem
1334 1311 1411 1368 Aea
1459 1309 1579 1365 quae
1623 1295 1675 1349 in
1731 1293 1886 1349 nobis
1929 1302 2085 1349 erant

491 1369 620 1422 vitia
647 1365 952 1422 transl'udit.
980 1368 1218 1438 Denique
1246 1368 1297 1420 in
1325 1365 1554 1432 Joanne,
1586 1374 1704 1438 post
1753 1381 1910 1435 quam
1946 1379 2086 1438 per-

492 1448 795 1510 potaverat,
821 1438 992 1506 dixit:
1027 1435 1444 1494 Coniummatum
1479 1448 1551 1491 est
1574 1437 1754 1510 (Joan.
1792 1452 1910 1510 aut,
1945 1435 2036 1510 '50,)
2067 1449 2083 1488 :

491 1508 616 1582 quia
643 1509 718 1637 sit)
747 1525 906 1565 omne
937 1510 1123 1564 vitium
1177 1510 1426 1564 humana:
1470 1508 1832 1577 corruptionis
1873 1508 2087 1564 hausis-

498 1592 602 1636 set.
667 1591 716 1635 it
761 1581 884 1637 quia
936 1581 1070 1636 nihil
1115 1580 1379 1637 agendum
1427 1589 1572 1635 esset
1616 1579 1948 1634 extrinsecus
1975 1578 2075 1637 lc).

498 1578 602 1636 set.
648 1578 716 1637 Et
761 1581 884 1650 quia
936 1581 1070 1636 nihil
1115 1580 1379 1651 agendum
1427 1589 1572 1635 esset
1616 1579 1953 1651 extrinsecus
1975 1578 2075 1651 (c),

495 1653 746 1723 spiritum
775 1647 895 1706 cum
926 1647 1173 1710 clamore
1189 1661 1245 1708 et
1275 1666 1404 1707 voce
1440 1665 1634 1723 magna
1661 1651 1841 1723 emisit
1871 1647 2085 1719 (Matth.

499 1739 669 1792 xxvn,
693 1723 804 1786 50):
820 1723 1010 1779 dolens
1026 1739 1131 1780 non
1149 1723 1387 1778 omnium
1409 1737 1466 1778 se
1508 1722 1825 1792 peccatald)
1854 1730 2086 1792 portare.

2183 940 2344 1014 tionis
2396 948 2582 1014 aucior
2634 938 2809 1014 fuerat
2852 940 3053 1014 illatus,
3080 943 3256 1014 nullus
3285 946 3490 1013 absque
3511 959 3576 1000 eo
3601 938 3786 1014 postea

2187 1009 2468 1085 inferatur.
2494 1009 2676 1065 Metus
2699 1009 3142 1085 deindefurandi
3173 1009 3422 1085 corporis
3463 1023 3521 1070 et
3549 1009 3785 1083 sepulcri

2191 1080 2434 1155 custodia
2466 1090 2626 1155 atque
2660 1081 2983 1151 obsignatio,
3005 1080 3454 1155 stultitiae'atque
3501 1080 3786 1140 inﬁdelita-

2189 1153 2272 1226 tis
2309 1152 2674 1226 testimonium
2721 1162 2803 1207 est
2833 1171 2844 1206 :
2877 1153 3021 1224 quod
3066 1155 3284 1225 signare
3329 1152 3638 1223 sepulcrum
3668 1156 3789 1226 ejus

2192 1223 2486 1305 voluerint,
2516 1223 2669 1305 cujus
2699 1223 2970 1295 praecepto
2998 1223 3416 1302 conspexissent
3443 1228 3510 1284 de
3540 1223 3789 1300 sepulcro

2196 1303 2466 1349 mortuum
2494 1303 2830 1350 suscitatam.

2263 1365 2314 1445 _9.
2359 1365 2680 1445 Resurrenctio
2727 1367 2808 1445 die
2854 1368 3142 1445 Dmiriiea.
3202 1372 3426 1444 Angelus
3470 1374 3584 1445 ejus
3611 1371 3787 1445 index

2190 1438 2384 1513 primus
2414 1453 2524 1490 cur.
2556 1435 2658 1492 Cur
2683 1437 2907 1508 primum
2955 1435 3418 1513 mulierculte'ejus
3448 1435 3686 1497 conscire.
3713 1471 3786 1482 ~—

2189 1507 2370 1590 iiiotus
2391 1522 2519 1590 vern
2550 1507 2982 1590 terrartempore
3027 1516 3298 1590 matutino
3326 1507 3560 1590 (Matth.
3588 1529 3784 1578 xxvnr,

2189 1579 2269 1648 2),
2320 1579 2426 1634 diei
2480 1579 2736 1658 dominici
2775 1587 3201 1658 resurrectionis
3249 1579 3544 1642 est'virtus
3595 1598 3787 1658 :_cum

2192 1659 2419 1705 contuso
2453 1652 2643 1705 mortis
2672 1651 2881 1717 aculeo,
2915 1665 2968 1708 et
3007 1656 3322 1712 illuminatis
3351 1658 3492 1712 illius
3522 1655 3787 1719 tenebris,

2195 1729 2510 1793 resurgente
2536 1722 2799 1776 Virtutum
2831 1724 3130 1782 ctelestinm
3173 1729 3424 1793 Domino,
3452 1727 3791 1784 infernarum

567 1796 621 1849 7.
656 1789 786 1869 Qum
813 1792 1003 1848 Christi
1028 1789 1702 1869 ntortent_eortsecttta_sunt.
1929 1791 2087 1869 dein-
2118 1789 2165 1850 B
2195 1789 2480 1869 trepidatio
2519 1803 2907 1869 commovetur.
2956 1795 3192 1869 Angelus
3243 1789 3420 1855 autem
3456 1798 3671 1856 Domini
3723 1797 3796 1851 de

497 1879 623 1936 ceps
667 1865 842 1921 velum
891 1867 1076 1936 templi
1121 1865 1421 1921 scinditur:
1464 1865 1585 1934 quia
1618 1864 1812 1919 exinde
1859 1864 2085 1936 populus

498 1933 583 1992 est
633 1936 836 1992 divisus
886 1937 938 1990 in
984 1933 1183 2008 partes,
1234 1945 1289 1992 et
1334 1936 1447 2008 veli
1467 1933 1662 2008 Jhonor
1686 1950 1810 1990 cum
1841 1933 2087 1989 custodia

498 2008 687 2076 Angeli
739 2007 1068 2076 protegentis
1116 2008 1374 2063 aufertur.
1425 2007 1658 2061 Moretur
1683 2015 1820 2061 terra
1861 2021 1880 2060 :
1917 2019 2088 2073 capax

507 2080 653 2135 enim
685 2077 844 2148 hujus
870 2081 1068 2134 mortui
1112 2094 1233 2134 esse
1282 2093 1388 2133 non
1433 2087 1660 2148 poterat.
1706 2077 1874 2132 Petra:
1917 2077 2088 2130 scissis

501 2160 666 2210 sunt:
718 2149 899 2204 omnia
929 2151 1069 2205 enim
1120 2160 1232 2206 tum
1282 2149 1458 2204 valida
1486 2159 1542 2204 et
1591 2148 1748 2204 fortia
1798 2157 2088 2218 penetrans

501 2223 598 2282 Dei
639 2221 862 2277 verbum
891 2230 945 2276 et
993 2230 1231 2292 potestas
1275 2231 1492 2276 aeterna:
1536 2225 1746 2279 virtutis
1792 2221 2080 2290 irruperat.

503 2297 571 2352 Et
592 2301 916 2349 monumenta
943 2303 1122 2364 aperta
1147 2306 1265 2351 sunt
1288 2311 1305 2348 :
1332 2301 1487 2348 erant
1513 2296 1658 2350 enim
1691 2292 1881 2350 mortis
1905 2294 2085 2348 claus-

504 2381 583 2425 tra
613 2367 692 2439 (e)
722 2374 982 2421 reserata.
1037 2366 1106 2422 Et
1158 2367 1322 2421 multa
1355 2365 1588 2439 corpora
1629 2375 1923 2439 sanctorum
1970 2365 2090 2418 dor-

502 2436 766 2497 mientium
807 2448 1135 2494 surrexerunt
1158 2454 1176 2494 :
1199 2436 1510 2495 illuminans
1536 2439 1678 2494 enim
1717 2437 1906 2492 mortis
1937 2445 2090 2491 teneo

500 2515 650 2580 bras,
669 2518 723 2566 et
739 2508 1071 2566 inlernorum
1095 2512 1322 2567 obscura
1344 2509 1689 2576 collustrans,
1709 2509 1763 2564 in
1782 2517 2090 2564 sanctorum

504 2585 571 2640 ad
613 2597 852 2653 praesens
881 2587 1317 2652 eonspicatorum
1355 2584 1754 2638 resurrectione
1785 2582 1972 2638 mortis
2003 2583 2083 2653 ip-

502 2659 614 2712 sius
641 2655 810 2723 spolia
841 2655 1180 2714 detrahebat.
1213 2655 1282 2712 Ut
1306 2663 1485 2708 autem
1531 2656 1858 2712 inﬁdelitatis
1888 2655 2093 2710 facinus

504 2727 688 2797 Israeli
745 2727 1210 2796 accumularetur;
1257 2725 1502 2784 centurio
1550 2738 1604 2785 et
1659 2724 1910 2792 custodes
1955 2726 2093 2780 hanc

507 2801 673 2855 totius
704 2807 910 2855 natura:
936 2802 1394 2870 perturbationem
1432 2810 1774 2868 contuentes,
1809 2798 1899 2854 Dei
1926 2796 2092 2855 lilium

506 2871 833 2946 conﬁtentur
859 2871 910 2942 (1
919 2873 1033 2946 bid_._
1057 2873 1268 2946 51-54).

577 2943 632 2998 8.
667 2941 947 3009 Sepultum
972 2943 1182 2998 Christi.
1209 2941 1278 2984 -'—
1309 2943 1460 3011 Quod
1504 2952 1682 2998 autem
1710 2957 1738 2996 a
1783 2941 1982 3010 .Ioscph
2014 2956 2095 2996 ro-

504 3023 628 3086 gato
651 3013 822 3068 Pilato
837 3023 1100 3086 utcorpus
1124 3015 1391 3080 redderet,
1422 3027 1476 3072 et
1513 3015 1739 3070 sindone
1787 3014 2093 3086 involvitur,

505 3095 562 3140 et
589 3086 640 3140 in
666 3085 1017 3141 monumento
1046 3101 1184 3142 novo
1216 3088 1269 3141 in
1321 3097 1470 3156 petra
1511 3088 1689 3157 excisa
1735 3085 2014 3157 reponitur
2042 3094 2098 3139 et

504 3171 693 3210 saxum
725 3158 1060 3230 monumenti
1107 3160 1246 3214 ostio
1274 3157 1574 3213 advolvitur
1625 3156 1785 3230 (Ibid.
1802 3156 1823 3224 ⁷,
1855 3156 2049 3226 58-60)
2079 3174 2092 3211 :

507 3241 832 3296 quamquam
858 3227 931 3300 sit
959 3229 1092 3283 ordo
1128 3240 1426 3300 gestorum,
1458 3238 1513 3284 et
1543 3227 1757 3299 sepeliri
1787 3244 1909 3284 eum
1951 3238 2097 3283 esset

507 3311 751 3362 necesse,
781 3297 872 3366 qui
898 3297 1298 3354 resurrecturus
1329 3309 1474 3354 esset
1517 3315 1580 3355 ex
1608 3297 1878 3365 'mortnis;
1911 3309 2091 3353 tamen

508 3383 616 3423 non
641 3368 758 3440 sine
783 3383 984 3440 rerum
1015 3370 1313 3440 aliquarum
1363 3379 1634 3424 momento
1679 3384 1933 3436 expressa
1966 3378 2096 3424 sunt

510 3438 740 3510 singula.
772 3439 974 3510 Joseph
1003 3438 1372 3508 apostolorum
1399 3440 1561 3496 habet
1608 3442 1844 3509 speciem
1870 3459 1881 3493 :
1911 3449 1966 3496 et
2009 3440 2091 3494 id-

509 3511 1008 3587 circoquamquam
1036 3512 1090 3587 in
1120 3511 1404 3587 duodecim
1453 3512 2096 3587 apostolorutn__numero

510 3581 830 3654 iionluerit,
864 3581 1159 3654 discipulus
1188 3583 1401 3639 Domini
1424 3581 1787 3654 nuncupatur.
1816 3581 1912 3637 llic
1943 3599 2096 3654 mun-

510 3654 577 3708 da
605 3653 828 3708 sindone
856 3653 1054 3722 corpus
1085 3655 1327 3709 involvit.
1356 3654 1425 3708 Et
1448 3653 1666 3724 quidem
1699 3655 1750 3707 in
1779 3653 1880 3708 hoc
1907 3653 2096 3708 eodem

508 3725 674 3778 linteo
706 3726 1004 3792 reperimus
1041 3725 1109 3781 de
1155 3726 1297 3780 ccelo
1341 3725 1407 3780 ad
1453 3725 1669 3780 Petrum
1718 3726 2097 3780 universorum

508 3797 677 3867 810
698 3796 1048 3851 animantium
1091 3812 1295 3866 genera
1342 3798 1627 3851 summissa
1680 3796 1817 3868 (Act.
1861 3812 1921 3863 κ,
1952 3795 2095 3868 712).

512 3868 592 3938 Ex
623 3882 728 3934 quo
779 3868 915 3922 forte
945 3883 1052 3922 non
1082 3869 1354 3937 superllue
1396 3867 1741 3938 intelligitur,
1791 3869 1891 3922 sub
1949 3867 2095 3921 lintei

514 3937 676 4005 hujus
727 3938 944 3994 nomine
985 3939 1304 4008 consepeliri
1349 3937 1563 3994 Christo
1588 3937 1896 3994 ecclesiam
1929 3957 1941 3990 :
1973 3939 2097 4006 quia

511 4017 622 4063 tum
670 4008 723 4063 in
767 4022 851 4072 eo,
903 4019 961 4066 ut
1003 4010 1056 4066 in
1087 4009 1402 4066 confusione
1448 4009 1737 4074 ecclesiae;
1773 4009 2091 4064 mundorum

510 4089 674 4152 atque
699 4079 1097 4139 immundorum
1123 4082 1432 4137 animalium
1454 4081 1612 4138 fuerit
1639 4090 1890 4151 congesta
1917 4079 2092 4136 diver~

511 4197 605 4263 let,
640 4197 795 4253 adeat
837 4198 1124 4269 specialem
1157 4214 1221 4254 ea
1267 4197 1336 4254 de
1365 4213 1424 4255 re
1451 4197 1882 4254 dissertationem
1918 4200 1970 4253 in
2001 4213 2092 4269 ge-

513 4269 684 4341 nerali
714 4267 1046 4341 praefatione,
1080 4269 1107 4341 §
1139 4269 1195 4341 4.

591 4339 666 4410 (a)
700 4341 774 4395 lta
801 4355 933 4394 mss.
968 4339 1124 4396 Boni.
1155 4340 1308 4395 Colb.
1341 4348 1394 4393 et
1422 4339 1584 4395 Carn.
1632 4339 1841 4395 Clarius
1889 4349 2099 4410 repete-

516 4419 666 4465 retur
693 4412 1003 4480 prmpositio
1031 4412 1083 4465 in
1114 4420 1238 4466 ante
1263 4410 1681 4466 immortalitatis.
1731 4411 1834 4466 Alii
1879 4427 2008 4466 vero
2037 4412 2102 4466 li-

519 4482 621 4544 bri,
659 4483 1012 4554 communione
1059 4499 1116 4554 ea
1161 4498 1276 4554 qua:
1316 4484 1371 4554 in
1421 4482 1562 4554 nobis
1604 4491 1754 4554 ierant
1799 4482 1993 4554 vitiata.
2022 4483 2100 4554 fin

517 4554 706 4608 eadem
755 4553 916 4607 verba
964 4553 1282 4609 AmbroSius
1333 4553 1454 4607 loco
1493 4553 1726 4620 laudato,
1760 4570 1815 4608 n.
1855 4553 1956 4608 124
1989 4553 2110 4608 :Vi-

518 4625 649 4677 tium
693 4632 946 4690 corrupta:
990 4641 1078 4692 per
1124 4625 1291 4678 Adam
1338 4625 1739 4678 immortalitatis
1792 4625 2020 4678 aboletur
2052 4626 2105 4679 in

518 4696 740 4759 calamo,
769 4704 822 4748 ut
853 4694 916 4749 de
941 4711 1154 4766 corpore
1180 4695 1530 4750 absorberetur
1556 4693 1802 4749 humano.
1844 4694 1960 4749 Nos
1984 4712 2112 4763 quo-

522 4783 619 4836 que
665 4767 787 4820 vitia
817 4774 992 4819 nostra
1022 4783 1114 4834 per
1140 4767 1389 4820 incuriam
1417 4767 1597 4820 mentis
1626 4766 1950 4836 corporisque
1977 4782 2102 4820 con-

521 4846 656 4890 creta
687 4836 1110 4906 transfundamus
1134 4837 1188 4891 in
1228 4837 1505 4891 Christum.

595 4907 670 4979 (b)
710 4908 1043 4964 Vocabulum
1087 4925 1234 4962 autne
1265 4923 1373 4962 non
1411 4915 1586 4979 exstat
1613 4907 1666 4962 in
1693 4907 1927 4978 quinque
1977 4923 2111 4962 mss.

523 4977 838 5034 Retinetnus
887 4987 1067 5034 tamen
1099 4993 1219 5034 cum
1247 4978 1650 5044 sincerioribus,
1679 4977 1781 5033 hoc
1812 4977 2114 5048 postulante

523 5049 691 5104 verbo
713 5060 1116 5105 consummatum
1146 5061 1239 5117 est,
1289 5059 1342 5104 et
1385 5049 1672 5104 Ambrosio
1716 5051 2107 5116 consentiente,

524 5135 674 5173 num.
720 5119 844 5186 125,
895 5121 985 5176 ubi
1017 5119 1608 5178 habet:Consummata
1648 5129 1764 5173 sunt
1813 5123 2004 5186 omnia,
2053 5139 2112 5175 eo

524 5190 661 5260 quod
683 5193 1309 5262 assumpttentortalitatis
1339 5192 1605 5261 impletum
1631 5201 1757 5244 esset
1801 5208 1948 5245 omne
1977 5208 2115 5262 mys-

525 5262 732 5326 terium,
797 5261 1154 5323 et_ea'haustis
1201 5263 1435 5317 omnibus
1487 5262 1655 5331 vitiis,
1716 5261 2115 5318 immortalitatis

525 5333 638 5386 sola
664 5333 842 5387 lwtitia
859 5334 1202 5388 remansisset.

600 5403 676 5475 (e)
705 5404 823 5472 Quo
852 5403 1105 5476 nimirum
1129 5407 1324 5462 invitus
1351 5405 1626 5461 amitteret
1650 5406 1919 5476 spiritum,
1953 5420 2114 5476 quem

569 5476 651 5528 uia
681 5477 823 5531 nulla
853 5475 907 5530 vi
936 5483 1157 5530 externa
1190 5478 1358 5546 potuit
1385 5478 1654 5542 amittere,
1684 5475 1872 5532 volens
1899 5475 2098 5532 emisit.

569 5491 651 5528 uta
681 5491 823 5531 nuua
853 5491 907 5530 v1
936 5491 1157 5530 eXterna
1190 5491 1358 5546 potuit
1385 5491 1654 5542 amittere,
1688 5491 1872 5532 vclens
1899 5491 2098 5532 emtsn.

528 5491 685 5612 ῗὶαοά
725 5548 856 5601 enim
876 5547 1143 5615 emittitur,
1174 5549 1514 5603 uoluntarium
1544 5557 1652 5613 est;
1676 5548 1811 5619 quod
1841 5549 2116 5615 amittitur,

532 5619 894 5690 necessarium,
924 5619 1097 5690 inquit
1139 5620 1474 5690 Ambrosius,
1505 5620 1594 5676 lib.
1642 5636 1700 5680 x,
1748 5622 1799 5674 in
1852 5619 2009 5687 Luc.,
2060 5636 2115 5675 n.

537 5689 660 5742 127.
693 5689 930 5763 Subinde
958 5691 1096 5761 apud
1127 5689 1282 5758 Bad.,
1311 5692 1424 5759 Er.,
1445 5690 1728 5762 l.ips.etin
1748 5692 1983 5763 quinque
2012 5708 2115 5750 ms.

539 5776 649 5810 rum
678 5762 896 5817 clamore
919 5765 1051 5816 vocis
1073 5779 1285 5830 innima}.

2188 1864 2339 1938 coelo
2354 1863 2706 1938 descendens,
2741 1875 2794 1920 et
2817 1863 3067 1938 lapidem'
3090 1872 3395 1938 revolvens,
3426 1883 3482 1926 et
3538 1869 3791 1938 sepulcro

2187 1935 3040 2016 adsidens,“_miseri_cordize_.Dei
3075 1943 3238 2011 patris
3268 1935 3487 2016 insigne
3535 1935 3790 2016 δεῇ-τοο

2188 2006 2428 2078 surgenti
2458 2007 2566 2064 lilio
2597 2006 2664 2060 ab
2696 2007 2878 2063 inferis
2910 2006 3177 2068 Virtutum
3203 2006 3511 2070 cmlest'ium
3541 2011 3791 2067 ministe-

2189 2079 2265 2134 tia
2299 2079 2579 2155 mittentis.
2629 2078 2807 2155 Atque
2851 2078 2972 2155 ideo
3013 2086 3161 2154 prior
3201 2085 3320 2155 ipse
3365 2082 3791 2155 resurrectionis

2197 2161 2280 2206 est
2307 2150 2484 2226 index,
2521 2159 2579 2206 ut
2624 2153 2853 2226 quodam
2907 2150 3165 2211 famulatu
3213 2150 3453 2226 paterna:
3490 2152 3793 2210 voluntatis

2192 2223 2513 2278 resurrectio
2541 2221 2898 2278 nuntiaretur.
2931 2226 3036 2281 Sed
3066 2221 3348 2284 confestim
3379 2227 3647 2283 Dominus
3677 2239 3797 2278 mu-

2191 2294 2425 2349 lierculis
2479 2308 2574 2360 per
2627 2294 2873 2362 angelum
2915 2296 3215 2354 adhortatis
3242 2303 3526 2362 occurrit,
3555 2304 3609 2352 et
3660 2310 3796 2352 eon-

2190 2368 2387 2438 salutat
2411 2364 2598 2438 (Ibid.,
2632 2362 2688 2434 9)
2718 2383 2735 2438 γε
2767 2375 2822 2421 ut
2847 2369 3169 2425 nuntiaturaa
3193 2369 3638 2436 exspectantibus
3685 2366 3798 2423 dis—

2191 2437 2393 2513 cipulis
2423 2437 2927 2513 resurrectionem,
2982 2456 3090 2496 non
3153 2442 3329 2513 angeli
3383 2442 3566 2513 potius
3636 2453 3798 2511 quam

2195 2507 2398 2583 Christi
2438 2523 2536 2565 ore
2566 2512 2935 2583 loquerentur.
2973 2513 3127 2579 Quod
3158 2507 3286 2570 vero
3313 2507 3544 2583 primum
3577 2507 3798 2583 mulier-

2193 2583 2330 2638 culae
2380 2582 2663 2657 Dominum
2698 2582 2899 2649 vident,
2926 2585 3281 2657 isalutantur,
3315 2582 3559 2657 genibus
3609 2582 3799 2638 advol-

2195 2665 2415 2720 vuntur,
2454 2655 2703 2727 nuntiare
2731 2656 2991 2727 apostolis
3014 2656 3305 2727 jnbentur;
3337 2655 3474 2725 ordo
3495 2656 3548 2710 in
3580 2663 3803 2710 contra-

2196 2727 2336 2782 rium
2367 2741 2546 2782 causa:
2577 2725 2882 2796 principalis
2911 2736 2993 2783 est
3017 2725 3301 2783 redditus:
3348 2740 3407 2782 ut
3434 2727 3551 2796 quia
3585 2740 3616 2779 a
3660 2739 3797 2780 sexu

2196 2801 2302 2856 isto
2331 2808 2504 2867 coepta
2545 2813 2691 2852 mors
2739 2809 2902 2862 esset,
2954 2799 3057 2868 ipsi
3105 2799 3336 2869 primum
3383 2796 3798 2869 resurrectionis

2195 2871 2364 2941 gloria
2393 2880 2446 2925 et
2473 2870 2619 2924 visus
2646 2878 2709 2941 et
2727 2869 2930 2926 fructus
2955 2867 3007 2925 et
3035 2867 3255 2925 nuntius
3276 2869 3615 2941 redderetur.
3647 2867 3796 2941 Emi-

2197 2939 2284 2997 tur
2315 2956 2447 2996 vero
2473 2957 2501 2995 a
2526 2939 2858 3013 custodibus,
2893 2942 2979 3006 qui
3011 2942 3191 2996 omnia
3212 2941 3327 2996 haec
3357 2940 3608 2996 viderant
3627 2940 3792 3013 811

2197 3022 2419 3084 argento
2450 3012 2858 3084 resurrectionis
2885 3014 2964 3083 (τ’)
2995 3013 3193 3068 Christi
3223 3013 3495 3068 silentium
3519 3053 3533 3075 ,
3561 3020 3798 3084 etinten-

2198 3081 2409 3140 dacium
2465 3083 2587 3139 furti
2639 3084 2843 3140 honore
2882 3081 3084 3140 scilicet
3135 3084 3314 3154 saeculi
3354 3093 3409 3139 et
3458 3081 3751 3154 cupiditate
3782 3121 3800 3147 ,

2224 3160 2279 3230 g)
2303 3156 2426 3224 quia
2456 3155 2763 3230 in‘pecunia
2795 3154 2969 3230 hpnor
2993 3155 3113 3226 ejus
3140 3165 3244 3224 est,
3275 3153 3474 3211 Christi
3516 3151 3681 3226 gloria
3702 3151 3798 3208 dc-

2203 3159 2279 3230 (g)
2303 3159 2426 3224 quia
2457 3159 2510 3210 in
2537 3159 2763 3226 pecunia
2795 3159 2902 3210 hon

2123 3205 2168 3268 θ
2202 3226 2644 3300 negatur(lbid.,
2677 3228 2766 3296 12,
2796 3225 2908 3297 15).

2269 3369 2322 3425 1.
2370 3368 2450 3438 (h)
2501 3367 2766 3439 Principes
2815 3383 2932 3422 vero
2984 3367 3329 3439 sacerdotum,
3385 3364 3474 3433 qui
3534 3361 3810 3416 debuerant

2199 3437 2436 3496 converti
2464 3439 2532 3494 ad
2563 3437 2933 3509 paenitentiam,
2978 3447 3028 3492 et
3056 3437 3234 3492 Jesum
3259 3451 3490 3506 quaerere
3533 3449 3809 3509 resurgen-

2200 3522 2319 3578 tem,
2348 3505 2669 3579 perseverant
2698 3510 2751 3564 in
2779 3510 2978 3564 malitia
3000 3527 3019 3564 :
3049 3518 3097 3564 et
3121 3505 3409 3579 pecuniam,
3457 3521 3572 3579 qua:
3590 3505 3658 3557 ad
3687 3519 3809 3579 usus

2203 3575 2374 3654 templi
2411 3583 2531 3635 data
2558 3584 2747 3652 fuerat,
2790 3591 2989 3635 uertunt
3020 3580 3074 3633 in
3121 3575 3527 3654 redemptionem
3587 3575 3810 3654 tuenda:

2201 3643 2452 3719 cii,'sicut
2481 3643 2596 3705 ante
2618 3643 3309 3726 trigintaiargenteosiludtei
3337 3648 3582 3726 (Alfieron.
3616 3643 3806 3726 ludat.)

2203 3725 2447 3780 dederant
2500 3719 2771 3792 proditori.
2822 3719 3011 3778 Omnes
3054 3721 3239 3792 igitur,
3287 3719 3377 3790 qui
3417 3720 3558 3792 stipe
3595 3719 3798 3782 ternpli,

2200 3807 2248 3850 et
2289 3797 2367 3850 his
2416 3788 2528 3868 qua:
2571 3797 2905 3868 conferuntur
2942 3794 3011 3847 ad
3040 3788 3461 3868 usualicc'lesiaz,
3509 3788 3791 3868 abutuntur

2215 3868 2269 3921 in
2297 3868 2412 3922 aliis
2430 3862 2609 3940 rebus,
2642 3862 2824 3940 quibus
2867 3881 3013 3920 suam
3062 3865 3300 3940 expleant
3344 3862 3794 3940 uolunt_t_ttem,7.si-

2205 3939 2348 3994 utiles
2396 3947 2516 3992 sunt
2566 3931 2872 3992 Scribarum
2928 3945 2975 3991 et
3022 3931 3367 4000 sacerdotum,
3436 3931 3793 3988 redimentium

2201 4010 2524 4065 mendacium
2546 4017 2590 4062 et
2619 4009 2920 4079 sanguinem
2947 4005 3257 4063 Saluatoris.

2272 4082 2326 4136 2.
2357 4080 2616 4136 Undecim
2645 4071 2830 4135 auiem
2858 4078 3104 4148 discipuli
3134 4079 3254 4149 ejus
3281 4077 3544 4134 abierunt
3570 4073 3622 4130 in
3658 4071 3803 4128 Gali-

2267 4199 2348 4266 (tl)
2372 4197 2544 4268 Editi,
2570 4207 2786 4268 potare:
2815 4194 3167 4268 renitentibus
3193 4207 3326 4248 mss.

2270 4261 2342 4341 (e)
2369 4267 2490 4322 Par.
2517 4261 2639 4344 cum
2673 4281 2801 4321 mss.
2825 4264 3240 4344 Colb.,Carnut.
3255 4272 3310 4319 et
3333 4262 3494 4344 130m.
3520 4261 3815 4344 (curanda:

2201 4331 2696 4398 De'r'esurrectione
2718 4331 3049 4397 sanctorum.
3078 4336 3171 4407 qui
3200 4344 3310 4391 tum
3340 4331 3690 4407 Jerosolymis
3717 4332 3817 4407 visi

2202 4419 2348 4486 sunt,
2377 4409 2500 4486 vide
2527 4409 2945 4486 observata_eol.
2971 4409 3078 4463 2⁸15
3097 4403 3266 4486 hujus
3299 4403 3567 4486 _editioii.,
3599 4411 3733 4486 no}.-
3759 4403 3814 4456 d.

2284 4471 2353 4556 (ι’
2385 4480 2442 4535 In
2474 4480 2588 4535 sola
2618 4478 2751 4556 edit.
2802 4480 2924 4556 _Par.
2955 4471 3587 4556 resurrecii_onis_Christi.

2222 4545 2358 4626 cipes
2390 4568 2532 4619 vero,
2562 4551 2778 4606 omissis
2800 4549 3155 4626 integmediis.
3191 4549 3283 4602 His
3324 4546 3520 4626 similia
3560 4553 3688 4600 sunt
3722 4545 3818 4598 illa

2218 4616 2399 4682 Tract.
2449 4616 2531 4694 ps.
2564 4637 2751 4694 vant,
2789 4621 2948 4694 n.2‘5
2979 4637 2993 4676 :
3022 4621 3289 4694 Quatenus
3333 4616 3594 4694 silentium
3631 4631 3814 4669 resur-

2219 4688 2466 4751 rectionis.
2487 4693 2699 4761 pecunia
2720 4693 2997 4748 emerim...
3035 4691 3295 4763 cognitum
3319 4697 3515 4763 est__:_et
3543 4688 3594 4740 in
3627 4701 3708 4758 ps.
3741 4701 3804 4763 it,

2218 4784 2271 4824 ιι.
2306 4766 2412 4820 12:
2445 4759 2544 4832 Qui
2570 4765 2952 4818 resurrectionis
2991 4759 3258 4818 silentium
3279 4778 3312 4815 a
3337 4759 3603 4826 militibus,
3641 4765 3689 4811 et
3730 4759 3816 4828 {a-

2217 4854 2359 4910 mant
2381 4837 2540 4910 furati
2569 4836 2798 4910 corporis
2826 4843 3073 4910 emerant,
3102 4843 3230 4910 e_tc._
3254 4903 3268 4910 _
3416 4909 3419 4910 ν
3745 4899 3778 4910 Α
3901 4895 3904 4898 ,

2293 4903 2458 4982 (9)’1η
2486 4920 2615 4962 mss.
2642 4907 2798 4982 Colb.
2829 4915 2884 4962 et
2919 4907 3081 4961 Carn.
3115 4903 3494 4960 desiderantur
3533 4903 3818 4972 sequentia

2221 4976 2379 5046 hujus
2407 4993 2553 5033 num.
2596 4976 2782 5032 verba.

2289 5041 2369 5124 (h)
2395 5049 2557 5124 Quod
2581 5049 2852 5124 sequitur,
2876 5047 3127 5124 primum
3176 5045 3447 5124 vulgatum
3498 5052 3582 5124 est
3605 5045 3657 5098 in
3697 5041 3819 5098 edi-

2218 5115 2364 5178 tione
2394 5115 2680 5175 Parisiensi
2711 5135 2802 5175 an.
2829 5115 2998 5183 I605,
3025 5127 3080 5174 et
3103 5127 3162 5172 ut
3183 5117 3398 5188 quidem
3421 5115 3817 5188 conjectamus,

2217 5209 2282 5248 ex
2331 5207 2431 5247 ms.
2481 5205 2622 5245 nunc
2667 5188 2820 5247 Colb.
2878 5204 3038 5260 quem
3086 5186 3253 5243 unum
3305 5197 3433 5260 tunc
3483 5186 3813 5260 recensitum

2218 5264 2402 5324 fuisse,
2437 5262 2593 5318 facile
2630 5256 2931 5333 intelligere
2957 5269 3059 5316 est.
3097 5261 3285 5315 Exstat
3316 5259 3489 5333 etiam
3514 5262 3585 5333 ad
3612 5256 3821 5312 calcent

2217 5350 2323 5393 ms.
2370 5334 2618 5400 Carnut.',
2670 5332 2764 5388 sed
2809 5329 2990 5389 altero
3031 5340 3086 5387 et
3124 5330 3430 5385 recentiore
3478 5329 3820 5400 charactere.

2226 5406 2325 5461 Hic
2349 5398 2611 5460 adsutum'
2639 5415 2720 5459 est
2749 5419 2814 5460 ex
2845 5403 3240 5460 commentario
3265 5401 3602 5470 Hieronymi,
3633 5398 3826 5470 primis

2225 5477 2500 5533 dumtaxat
2525 5475 2703 5530 verbis
2729 5477 2976 5540 mutatis;
3005 5473 3142 5528 adeo
3177 5482 3236 5526 ut
3258 5468 3489 5542 positum
3521 5471 3630 5524 sit:
3663 5468 3827 5523 Prin-

2225 5550 2360 5622 cipes
2406 5545 3046 5622 vero_sac‘erdotum,‘ubi
3090 5544 3232 5616 apud
3285 5544 3824 5622 ilieronymnmmest,

2227 5611 2319 5676 Illi
2345 5636 2480 5675 vero.
2512 5618 2621 5695 Nec
2645 5618 2782 5695 latet
2804 5617 3040 5673 voluisse
3091 5611 3421 5695 quempiam_
3446 5611 3607 5695 hunc.
3637 5611 3825 5695 Hilarii

2227 5691 2672 5748 commentarium
2719 5689 2786 5747 ad
2835 5681 3123 5760 postrema
3152 5681 3323 5758 usque
3373 5683 3609 5741 Μαιαιωὶ
3653 5681 3822 5738 verba

2228 5763 2537 5836 perducere.
