4020 6554
181 435 268 491 13-.
1049 488 1054 494 .
1453 426 1817 486 ετιιοιιΑτι

1947 428 2078 486 LIB.
2124 429 2190 486 Ἴ.
3415 434 3483 490 ιι

179 545 322 610 στοῦ,
375 545 478 600 καὶ
535 545 831 602 ἐκλείτὸῦ
875 546 1042 613 ὄντος,
1077 545 1153 610 ὡς
1198 543 1512 617 Βασιλείδης
1561 544 1797 615 νομίζει·

1922 543 1992 597 ιιιί
2003 559 2100 596 mae
2115 543 2286 599 libero
2301 541 2530 599 arbitrio
2546 543 2748 599 utentis
2763 543 3083 602 rationalem
3108 547 3484 604 assensionem

177 635 240 710 ἦν
266 640 310 692 δ’
348 638 417 692 ἂν
456 640 569 693 καὶ
605 640 752 712 δίχα
779 643 884 713 τῆς
914 639 1006 695 τοῦ
1039 639 1282 711 Σωτῆρος
1314 637 1611 709 παρουσίας
1635 636 1810 708 χρόνῳ

1922 635 2046 690 dicit
2078 634 2254 691 ﬁdem.
2293 634 2431 690 Sunt
2463 649 2594 704 ergo
2637 650 3038 704 supervacanea
3070 648 3337 710 praecepta
3375 647 3490 696 tam

179 733 305 784 ποτὲ
335 732 693 802 ἀναλάμψαι
721 733 990 787 δύνασθαι
1019 732 1114 804 τὴν
1141 729 1320 800 φύσιν.
1342 731 1405 786 Εἰ
1427 730 1482 784 δὲ
1507 729 1811 798 ἀναγκαίαν

1922 729 1970 783 in
2009 727 2187 784 Veteri
2223 743 2386 799 quam
2423 730 2477 783 in
2512 726 2662 782 Novo
2701 727 3074 796 Testamento,
3122 746 3247 786 cum
3291 741 3491 788 natura

181 823 272 893 τὴν
323 825 648 896 ἐπιδημίαν
687 826 792 880 τοῦ
843 825 1045 897 Κυρίου
1087 824 1332 894 φήσαιεν,
1369 821 1575 892 οἴχεται
1624 822 1810 884 αὐτοῖς

1922 821 2099 876 salvus
2147 820 2236 876 ﬁat
2269 820 2498 892 aliquis,
2547 821 2761 874 ut'vnlt
2796 819 3139 885 Valentinus,
3190 831 3245 878 et
3282 825 3353 878 sit
3389 840 3492 878 na-

185 915 251 968 τὰ
288 917 388 986 τῆς
439 917 687 986 φύσεως
743 918 1032 988 ἰδιώματα,
1083 915 1335 988 μαθήσει,
1386 915 1479 969 καὶ
1523 915 1806 987 καθάρσει,

1922 919 2037 966 tura
2087 913 2264 968 ﬁdelis
2309 920 2363 968 et
2406 914 2636 976 electus,
2687 920 2746 966 ut
2799 921 2954 983 putat
3009 913 3314 981 Basilides;
3371 916 3489 972 ﬁeri

190 1011 280 1064 καὶ
309 1013 376 1080 τῇ
416 1009 536 1062 τῶν
573 1009 777 1081 ἔργων
810 1007 1050 1078 εὐποιία,
1080 1007 1192 1060 ἀλλ’
1217 1007 1279 1059 οὐ
1304 1005 1462 1075 φύσει
1497 1005 1809 1077 σωζομένης

1922 1003 2075 1058 etiam
2108 1011 2318 1075 poterat
2340 1011 2420 1070 ut,
2451 994 2656 1074 absque
2677 1004 2911 1059 adventu
2944 1003 3274 1073 Servatoris,
3306 1009 3492 1079 aliquo

197 1101 289 1172 τῆς
314 1101 581 1170 ἐκλογῆς.
627 1097 705 1154 Ὀ
743 1103 801 1170 γ’
836 1097 931 1155 οῦν
975 1097 1241 1172 Ἀϐραὰμ,
1284 1099 1350 1152 δι’
1383 1097 1555 1168 ἀκοῆς
1587 1098 1810 1152 πιστεύ-

1922 1096 2132 1167 tandem
2168 1105 2411 1166 tempore
2442 1105 2626 1166 posset
2661 1101 2857 1149 natura
2885 1096 3351 1164 resplendescere.
3392 1097 3490 1154 Sin

203 1209 292 1258 σας
319 1196 386 1264 τῇ
423 1195 586 1264 φωνῇ
625 1193 779 1264 (ιι).
817 1196 886 1264 τῇ
916 1192 1021 1246 ὑπὸ
1047 1191 1144 1263 τὴν
1175 1190 1305 1263 δρῦν
1343 1190 1440 1262 τὴν
1472 1194 1529 1244 έν
1562 1191 1806 1262 Μαμδρῖι

1922 1196 2094 1242 autem
2127 1188 2496 1243 necessarium
2521 1187 2760 1255 dixerint
2779 1187 3072 1243 adventum
3100 1187 3336 1252 Domini,
3361 1197 3493 1244 eva-

203 1286 688 1359 ἐπαγγειλαμένη·
746 1287 858 1340 Σοὶ
904 1284 1109 1354 δίδωμι
1149 1283 1264 1353 τὴν
1293 1282 1412 1353 γῆν
1453 1285 1680 1351 ταύτην
1710 1285 1810 1338 καί

205 1379 276 1446 τῷ
303 1379 612 1448 σπέρματί
647 1394 783 1434 σου
808 1395 823 1409 ·
867 1379 987 1450 ἦτοι
1033 1377 1283 1442 ἐκλεκτὸς
1313 1373 1406 1448 ἦν,
1441 1376 1474 1447 ἢ
1519 1375 1601 1430 οὖ.
1669 1377 1808 1430 Ἀλλ’

205 1475 249 1526 εί
279 1472 371 1545 μὲν
405 1473 510 1526 οὐκ
559 1467 638 1543 ἦν
667 1512 684 1536 ,
742 1470 870 1535 πῶς
903 1470 1102 1534 εὐθέως
1133 1469 1454 1524 ἐπίστευσεν
1505 1463 1618 1523 οἷον
1655 1487 1812 1537 φυσι-

208 1565 331 1630 ntk;
365 1545 412 1619 εί
445 1565 506 1618 δὲ
538 1561 615 1637 ἦν
665 1563 962 1628 ἐκλεκτὸς,
995 1562 1207 1616 λέλυται
1240 1562 1422 1625 αὐτοῖς
1460 1563 1494 1632 ή
1533 1561 1808 1626 ὑπόθεσις,

207 1657 596 1727 εὕρισκομὲνης
657 1656 764 1709 καὶ
812 1655 923 1728 πρὸ
962 1653 1196 1724 τῆςτοῦ
1248 1653 1454 1726 Κυρίου
1507 1654 1812 1726 παρουσίας

207 1751 440 1820 ἐκλογῆς,
497 1749 600 1802 καὶ
648 1747 721 1819 δὴ
779 1749 880 1802 καὶ
923 1746 1266 1818 σωζομένης·
1329 1747 1642 1818 Ἐλογίσθη
1699 1747 1810 1818 γὰρ

208 1841 350 1907 αὐτῷ
367 1844 455 1908 είς
478 1841 936 1908 δικαιοσύνην.
974 1839 1096 1893 Ἐὰν
1119 1840 1229 1912 γάρ
1251 1857 1334 1904 τις
1361 1839 1636 1912 τολμήσας
1650 1837 1806 1911 λέγῃ,

1913 1281 2091 1336 nescit
2138 1281 2218 1338 eis
2273 1291 2486 1336 natura:
2518 1281 2880 1352 praerogativa
2916 1299 2929 1333 :
2976 1298 3099 1338 cum
3142 1283 3392 1339 doctrina
3437 1293 3494 1339 et

1913 1375 2235 1446 purgatione
2257 1382 2310 1431 et
2340 1376 2607 1429 bonorum
2645 1390 2875 1445 operum
2909 1373 3216 1439 effectione,
3246 1391 3355 1430 non
3388 1391 3491 1430 au-

1911 1475 2019 1522 tem
2055 1476 2274 1532 natura,
2309 1477 2558 1524 servetur
2589 1468 2806 1524 electio.
2843 1468 3118 1523 Abraham
3143 1469 3358 1540 itaque,
3396 1470 3492 1539 qui

1912 1575 2012 1629 per
2053 1561 2299 1615 auditum
2341 1558 2572 1616 credidit
2602 1560 2744 1624 voci,
2791 1577 2913 1631 qua:
2963 1561 3068 1616 sub
3101 1577 3327 1632 quercu,
3371 1575 3495 1632 quae

1912 1659 2032 1708 erat
2062 1654 2114 1707 in
2147 1652 2410 1719 Mambre,
2438 1660 2522 1709 est.
2555 1654 2797 1724 pollicita
2835 1672 2848 1708 :
2883 1652 2962 1706 Do
2993 1653 3087 1708 tibi
3119 1663 3317 1708 terram
3355 1653 3494 1708 hanc

1912 1756 1962 1800 et
1994 1747 2181 1800 semini
2202 1756 2290 1800 tuo
2315 1747 2356 1810 ⁷,
2380 1745 2663 1802 ειθοιιιεηε
2698 1757 2838 1809 erat,
2873 1762 2944 1800 an
2987 1747 3136 1804 non?
3164 1744 3271 1801 Sed
3303 1747 3350 1801 si
3380 1761 3493 1800 non

1914 1846 2033 1897 erat
2085 1838 2328 1910 quidem,
2381 1839 2904 1906 quomodostatim
2946 1833 3182 1896 eredidit
3230 1847 3493 1910 tanquam

208 1933 480 2004 Μαρκίωνι
525 1933 846 2004 ἑπόμενος,
881 1932 972 1986 τὸν
1014 1931 1351 2004 Δημιουργὸν
1386 1929 1578 1995 σώζειν
1606 1931 1698 1984 τὸν
1731 1933 1812 1995 εἰς

1922 1931 2280 1987 naturaliter?
2327 1932 2412 1987 sin
2461 1939 2645 1988 autem
2679 1941 2799 1987 erat
2845 1931 3075 1991 electus.
3121 1931 3360 1986 solutum
3407 1939 3496 1986 est

211 2027 352 2080 αὐτὸν
388 2025 815 2089 πιστεύσαντα,
851 2025 944 2079 καὶ
976 2024 1080 2096 πρὸ
1109 2024 1208 2095 τῆς
1239 2023 1334 2078 τοῦ
1367 2024 1571 2097 Κυρίου
1605 2042 1812 2096 παρου-

1922 2040 2105 2080 eorum
2142 2023 2579 2089 fundamentum,
2617 2037 2742 2078 cum
2790 2022 3102 2078 inveniatur
3133 2031 3295 2094 atque
3327 2025 3495 2078 etiam

214 2117 338 2180 σίας,
373 2117 620 2185 ἐκλογῆς
650 2117 754 2170 καὶ
789 2116 858 2188 δὴ
892 2117 984 2170 καὶ
1016 2117 1329 2190 σωζομένης
1359 2119 1460 2190 τὴν
1493 2119 1629 2173 ἰδίαν
1649 2117 1813 2173 αὑτοῦ

1922 2117 2064 2171 salva
2101 2115 2192 2170 ﬁat
2233 2116 2424 2172 electio
2472 2122 2598 2170 ante
2632 2114 2923 2170 adventum
2964 2113 3178 2170 Domini
3211 2131 3224 2167 :
3261 2112 3493 2184 Reputa-

217 2209 474 2278 σωτηρίαν
512 2209 639 2278 (12)
681 2201 1300 2282 παρευδοκιμηθήσεται
1335 2210 1442 2281 (l3)
1474 2210 1622 2282 αὑτῷ
1654 2214 1687 2283 ή
1717 2209 1813 2264 τοῦ

221 2299 435 2368 ’Δγαθοῦ
449 2300 721 2370 δύναμις,
743 2300 848 2370 ἀψὲ
868 2300 960 2353 καὶ
980 2300 1115 2371 μετὰ
1128 2301 1218 2354 τὸν
1237 2301 1328 2354 ὑπ’
1350 2302 1526 2355 αὐτῶν
1539 2303 1674 2375 εὔφη
1685 2303 1816 2374 μού-

215 2410 357 2466 μενον
381 2395 454 2465 Δη
466 2411 598 2464 μιου
611 2393 753 2464 ργὸν
773 2392 1175 2464 ἐπιϐαλλομώιη
1195 2393 1407 2458 σώζειν,
1426 2396 1518 2448 καὶ
1535 2396 1673 2467 αὑτὴ
1699 2397 1816 2468 ἦτοι

218 2486 428 2556 μαθήσει
471 2485 507 2556 ἦ
561 2486 669 2538 καὶ
737 2486 975 2556 μιμήσει
1021 2484 1230 2538 τούτου.
1289 2485 1449 2539 Ἀλλὰ
1503 2487 1608 2540 κᾶν
1645 2486 1818 2552 οὕτως

217 2565 337 2647 ἔχων
364 2577 518 2650 σώζῃ
547 2579 682 2630 κατ’
715 2578 923 2641 αὐτοὺς
947 2578 975 2630 ό
1016 2577 1264 2645 Ἀγαθὸς,
1309 2577 1432 2632 οὔτε
1458 2582 1583 2644 τοὺς
1619 2581 1782 2646 ίδίους
1801 2623 1817 2647 ,

217 2669 325 2724 οὔτε
359 2670 501 2741 μετὰ
543 2671 656 2741 τῆς
691 2669 932 2741 γνώμης
961 2668 1056 2724 τοῦ
1100 2672 1464 2742 πεποιηκότος
1502 2673 1602 2745 τὴν
1642 2673 1820 2728 κτίσιν

219 2763 467 2834 ἐπιχειρεῖ
511 2764 623 2835 τὴν
670 2762 982 2834 σωτηρίαν,
1031 2762 1122 2834 βίᾳ
1162 2763 1218 2816 δὲ
1260 2763 1292 2836 ἢ
1333 2765 1489 2836 δόλῳ.
1541 2766 1649 2819 Καὶ
1701 2766 1821 2831 πῶς

219 2852 288 2906 ἔτι
309 2855 514 2922 ἀγαθὸς
541 2858 572 2909 ὁ
602 2854 817 2918 οὕτως,
851 2854 946 2906 καὶ
976 2853 1230 2926 iis-1290c;
1277 2857 1340 2909 El
1381 2856 1439 2910 δὲ
1462 2857 1490 2909 ὁ
1517 2856 1682 2922 τόπος
1706 2858 1823 2912 δια-

223 2945 376 3017 φέρει,
405 2947 503 3001 καὶ
535 2950 572 3018 ἠ
619 2945 770 3018 μονὴ
802 2944 902 2998 τοῦ
953 2947 1392 3019 παντοκράτορος
1427 2947 1673 3003 λείπεται
1712 2949 1822 3004 ἀπὸ

220 3038 306 3106 τῆς
328 3038 420 3091 τοῦ
443 3037 697 3107 -ἁγαῦοῦ
748 3036 892 3090 Θεοῦ
948 3037 1146 3109 μονῆς·
1177 3037 1290 3092 ἀλλ’
1335 3041 1369 3110 ή
1415 3039 1509 3093 τοῦ
1557 3039 1822 3106 σώζοντος

226 3127 458 3200 βούλησις
487 3131 597 3183 οὐκ
629 3129 1003 3183 ἀπολείπεται
1035 3127 1129 3184 τοῦ
1172 3130 1398 3200 ἀγαθοῦ,
1431 3133 1466 3202 ἦ
1505 3149 1569 3202 γε
1594 3149 1825 3208 προκατ-

221 3229 433 3297 άρξισχ.
515 3222 782 3293 Ἀνόητοι
816 3222 928 3293 ἄρα
966 3223 1016 3275 oi.
1065 3222 1281 3276 ἄπιστοι
1308 3225 1372 3278 ἐκ
1396 3224 1504 3279 τῶν
1531 3226 1820 3297 προδιηνυ-

225 3313 422 3382 σμένων
449 3316 594 3386 ἡμῖν
621 3314 945 3367 δείκνυνται
969 3330 983 3344 ·
1027 3317 1098 3368 Αἱ
1123 3316 1232 3384 γὰρ
1270 3313 1380 3386 (14)
1407 3318 1592 3385 τρίϐοι
1620 3315 1820 3372 αὐτῶν

220 3403 709 3476 ειεστραμμέναι,
773 3405 876 3460 καί
927 3408 1036 3461 οὐκ
1083 3408 1294 3462 ἴσασιν
1339 3407 1609 3478 εἰρήνην,
1657 3410 1821 3480 φησὶν

226 3496 254 3548 ὁ
275 3501 582 3570 προφήτης.
632 3498 754 3564 Τὰς
789 3497 861 3551 δὲ
882 3498 1082 3567 μωρὰς
1108 3499 1203 3554 καὶ
1231 3500 1624 3570 ἀπαιδεύτους
1651 3502 1821 3571 ζητή-

223 3603 342 3656 σεις
388 3591 832 3659 παραιτέσθαι
875 3591 906 3643 ὁ
951 3589 1235 3656 θεσπέσιος
1277 3593 1548 3666 παρῄνεσε
1589 3595 1820 3663 Παῦλος,

225 3676 302 3733 ὅτι
323 3683 590 3750 γεννῶσι
616 3682 864 3752 μάχας·
897 3684 927 3736 ὅ
953 3698 1011 3735 τε
1035 3682 1295 3754 Αἰσχύλος
1327 3685 1439 3758 (15)
1465 3688 1702 3760 κέκραγε
1721 3706 1734 3719 ο

1845 3275 1892 3338 C

1918 2218 2026 2263 tum
2065 2219 2142 2264 est
2180 2211 2317 2265 enim
2345 2211 2393 2264 ei
2433 2209 2502 2263 ad
2529 2209 2800 2278 justitiam
2827 2209 2869 2286 ἐ
2920 2206 2977 2262 Si
3010 2209 3132 2278 quis
3167 2208 3312 2263 enim
3347 2211 3497 2263 ausit

1916 2301 2134 2367 dicere,
2197 2317 2431 2372 sequens
2482 2298 2836 2365 Mareionem,
2900 2297 3213 2355 Creatorem
3272 2314 3497 2355 servare

1917 2409 2064 2457 eum,
2103 2393 2198 2464 qui
2233 2394 2286 2447 in
2320 2393 2499 2463 ipsum
2535 2391 2788 2456 credidit,
2836 2391 3000 2446 etiam
3035 2399 3161 2445 ante
3202 2391 3494 2446 adventum

1919 2484 2155 2550 Domini,
2204 2500 2328 2540 eum
2365 2483 2586 2555 propria
2629 2483 2751 2553 ejus
2805 2484 2982 2538 salute
3035 2491 3283 2538 servetur
3329 2483 3494 2538 etiam

1920 2578 2152 2644 electio;
2204 2577 2329 2648 plus
2361 2592 2524 2648 quam
2565 2591 2665 2646 par
2703 2577 2775 2631 sit
2809 2576 2878 2630 ab
2911 2590 2977 2630 eo
3026 2575 3499 2635 commendabitur

1921 2667 2056 2723 Boni
2085 2675 2348 2740 potestas,
2386 2675 2445 2722 ut
2468 2682 2589 2738 qua:
2616 2681 2761 2732 sero,
2793 2673 2848 2721 et
2873 2672 2996 2736 post
3023 2680 3169 2730 eum,
3195 2665 3288 2735 qui
3324 2664 3391 2719 ab
3415 2665 3497 2720 eis

1914 2761 2177 2830 jactatur,
2206 2761 2544 2825 Creatorem,
2581 2760 2698 2829 ipsa
2728 2775 2948 2830 quoque
2975 2760 3206 2814 salutem
3241 2755 3371 2812 dare
3401 2773 3502 2827 ag-

1921 2853 2222 2925 grediatur,
2252 2853 2339 2908 vel
2365 2853 2434 2909 ab
2454 2868 2520 2910 eo
2547 2853 2759 2917 edocta,
2794 2853 2879 2908 vel
2913 2867 3035 2907 eum
3066 2851 3310 2906 imitans.
3339 2848 3496 2916 Quod

1921 2946 1969 3002 si
2013 2947 2089 3002 ita
2142 2963 2202 3002 se
2251 2946 2482 3013 habens,
2536 2945 2628 3000 det
2656 2945 2887 3000 salutem
2940 2942 3146 3008 Bonus,
3190 2961 3256 2999 ex
3303 2959 3497 2999 eorum

1921 3040 2192 3096 sententia
2218 3079 2233 3105 ,
2264 3054 2442 3110 neque
2488 3053 2650 3100 suos,
2692 3052 2869 3108 neque
2909 3053 3033 3092 cum
3065 3039 3186 3108 ejus
3216 3037 3500 3091 voluntate

1923 3136 2015 3202 qui
2050 3133 2179 3190 fecit
2209 3145 2543 3196 creaturam,
2579 3139 2696 3185 tum
2728 3130 3041 3200 aggreditur
3072 3131 3202 3186 dare
3238 3132 3495 3192 salutem,

1927 3227 2021 3294 sed
2069 3228 2144 3292 vi,
2181 3229 2267 3283 vel
2308 3227 2454 3282 dolo.
2507 3224 2571 3278 Et
2603 3225 2876 3294 quomodo
2921 3224 3028 3279 erit
3077 3225 3265 3293 utique
3321 3226 3499 3278 bonus

1927 3319 2021 3390 qui
2062 3319 2143 3375 sie
2170 3318 2319 3381 facit,
2349 3327 2404 3374 et
2435 3325 2518 3374 est
2553 3315 2866 3388 posterior?
2899 3314 2956 3369 Si
2996 3323 3176 3370 autem
3208 3315 3386 3370 dill‘ert
3421 3316 3503 3368 lo-

1927 3424 2028 3465 cus
2075 3417 2128 3464 et
2162 3409 2376 3464 mansio
2411 3406 2838 3476 Omnipotentis,
2875 3415 3086 3461 remota
3133 3413 3217 3462 est
3258 3422 3288 3460 a
3344 3422 3502 3460 man-

1929 3502 2085 3558 sione
2114 3500 2242 3555 boni
2271 3498 2404 3565 Dei;
2439 3505 2495 3552 at
2520 3497 2662 3567 ejus,
2688 3497 2782 3568 qui
2815 3497 2908 3553 dat
2941 3497 3195 3561 salutem,
3243 3498 3501 3554 voluntas

1931 3611 2040 3650 non
2074 3582 2164 3650 est
2187 3600 2394 3648 remota
2428 3607 2458 3644 a
2487 3591 2653 3656 bono,
2700 3599 2759 3645 ut
2789 3606 2910 3661 quae
2957 3591 3106 3660 prior
3146 3593 3390 3661 coeperit.
3424 3591 3503 3648 Ex

1931 3689 1998 3744 iis
2038 3704 2188 3758 ergo,
2223 3701 2345 3758 qua:
2393 3685 2652 3748 diximus,
2685 3683 2847 3757 234
2895 3683 3140 3740 inﬁdeles
3173 3701 3294 3740 esse
3316 3700 3504 3740 amen-

227 3779 300 3829 tes
326 3779 670 3833 ostenditur.
699 3776 926 3832 Semita:
963 3778 1102 3832 enim
1152 3795 1332 3833 eorum
1361 3791 1484 3836 sunt
1536 3800 1812 3853 pervenre,
1855 3797 1904 3841 et
1927 3785 2163 3840 nesciunt
2193 3798 2393 3852 pacem,
2443 3781 2619 3851 inquit
2651 3785 2709 3843 ᾗ
2747 3779 3006 3850 propheta
3036 3781 3077 3834 ’.
3103 3777 3307 3835 Stultas
3326 3794 3503 3834 alitem

225 3871 580 3926 etincrnditas
597 3873 926 3942 quaestiones
941 3874 1132 3937 vitare,
1157 3873 1419 3930 divinitus
1441 3879 1617 3934 suasit
1640 3877 1845 3937 Paulus
1880 3882 1944 3945 ιθ,
1965 3879 2215 3951 quoniam
2247 3884 2496 3948 generant
2530 3889 2774 3945 pugnas;
2820 3883 2876 3929 et
2921 3875 3118 3928 clamat
3163 3872 3458 3945 Eschylus
3485 3883 3499 3919 ε

352 3971 426 4022 Τὰ
449 3969 671 4038 μηδὲν
696 3967 1056 4037 ὠφελοῦντα
1077 3970 1164 4039 μὴ
1191 3972 1360 4026 πόνει
1382 3972 1600 4043 μάτην.

224 4055 319 4128 Τὴν
345 4061 444 4129 μὲν
483 4061 608 4133 γὰρ
646 4060 793 4129 μετὰ
824 4061 1060 4125 πίστεως
1092 4063 1378 4118 συνιοῦσαν
1411 4066 1657 4138 ζήτησιν,
1677 4070 1825 4122 ἐποι-

225 4155 558 4224 κοδομοῦσαν
600 4155 684 4226 τῷ
737 4153 976 4225 Θεμελίῳ
1026 4155 1122 4227 τῆς
1167 4157 1404 4220 πίστεως
1447 4157 1542 4230 τὴν
1592 4161 1824 4230 μεγαλο-

225 4250 388 4320 πρεπῆ
422 4251 543 4319 τῆς
579 4245 854 4318 ἀληθείας
893 4245 1116 4313 γνῶσιν,
1144 4248 1378 4320 ἀρίστην
1420 4248 1596 4321 ἴσμεν.
1636 4253 1824 4323 Ἴσμεν

219 4338 269 4391 δὲ
299 4341 367 4402 ὡς
391 4343 524 4414 ἄρα
547 4337 684 4392 οὔτε
722 4337 794 4391 τὰ
825 4337 1037 4410 φανερὰ
1079 4338 1341 4410 ζητεῖται,
1376 4335 1508 4405 οἷον,
1544 4344 1593 4395 εἰ
1638 4344 1824 4416 ἡμέρα

225 4430 369 4498 ἐστὶν,
421 4433 670 4505 ἡμέρας
713 4430 923 4502 οὔσης·
963 4429 1086 4485 οὔτε
1119 4432 1190 4486 τὰ
1223 4433 1392 4504 ἄδηλα
1436 4435 1531 4488 καὶ
1569 4436 1823 4490 οὐδέποτε

2042 3973 2126 4030 Ne
2157 3975 2212 4029 in
2235 3974 2304 4028 iis
2335 3972 2543 4027 labores
2580 3981 2789 4036 temere,
2817 3986 2936 4041 qua:
2963 3969 3095 4024 nihil
3125 3970 3338 4040 juvant.

1928 4069 2067 4124 Nam
2116 4084 2236 4124 eam
2291 4067 2532 4138 quidem,
2591 4080 2712 4136 qua:
2745 4079 2854 4119 una
2895 4080 3020 4119 eum
3070 4063 3174 4119 (ide
3221 4065 3504 4122 convenit.

1927 4162 2307 4234 quaestionem,
2357 4175 2477 4231 quae
2523 4159 2880 4214 fundamento
2933 4156 3056 4213 ﬁdei
3105 4157 3506 4228 supersediiieat

1927 4253 2269 4326 splendidam
2313 4268 2376 4307 ac
2425 4250 2766 4322 magniﬁcam
2814 4249 3059 4305 veritatis
3108 4237 3502 4321 cognitionem,

1933 4347 2198 4418 optimam
2240 4360 2362 4401 esse
2395 4343 2622 4400 scimus.
2661 4340 2876 4415 Scimus
2909 4349 3113 4405 autem,
3146 4343 3291 4412 quod
3326 4357 3506 4412 neque

1932 4454 1996 4494 ea
2050 4437 2240 4508 utique
2293 4445 2630 4506 quaeruntur,
2683 4448 2807 4504 qum
2865 4439 2995 4489 sunt
3042 4433 3367 4500 manifesta;
3422 4442 3503 4500 ut,

224 4527 568 4596 γενησόμενα
596 4522 838 4594 φανερὰ,
867 4522 945 4586 ὡς
968 4522 1052 4586 τὸ,
1075 4526 1122 4578 εί
1150 4525 1324 4596 ἄρτιοί
1359 4529 1494 4582 εἰσιν
1521 4529 1571 4582 οἱ
1601 4529 1817 4600 ἀστέρες

1935 4530 2168 4599 exempli
2203 4544 2392 4592 causa,
2445 4543 2512 4581 an
2545 4528 2618 4582 sit
2649 4526 2790 4592 dies,
2839 4541 2964 4582 cum
2996 4533 3081 4582 est
3128 4527 3282 4592 dies;
3327 4543 3508 4597 neque

221 4610 581 4688 ἣπεριτταί’
638 4614 758 4669 ἀλλ’
799 4614 926 4668 οὐδὲ
967 4614 1036 4668 τὰ
1068 4615 1496 4688 ἀντιστρέφοντα
1547 4619 1658 4691 (16)
1682 4637 1696 4650 ο
1740 4621 1817 4674 ἀν

1937 4636 2002 4675 ea
2027 4637 2149 4692 qua:
2187 4628 2312 4676 sunt
2337 4621 2564 4685 incerta,
2599 4628 2654 4674 et
2683 4634 2966 4690 nunquam
2991 4619 3107 4674 ﬁeri
3129 4629 3361 4690 possunt
3391 4635 3507 4675 uia-

277 4756 464 4825 '__Gen.
498 4771 666 4818 :vn,
697 4755 754 4809 8.
830 4755 864 4795 ~’
895 4753 1030 4810 Ibid.
1062 4771 1153 4824 xx,
1181 4756 1246 4825 6;
1275 4755 1435 4814 Rom.
1463 4775 1538 4825 tv,
1570 4760 1623 4816 5.
1694 4767 1752 4824 »Β
1783 4761 1817 4815 Ρ

1922 4761 1996 4816 46
2026 4759 2134 4816 ΕΙ).
2174 4758 2482 4824 POTTER,
2513 4760 2619 4815 517
2639 4758 2750 4817 ΕΙ).
2785 4757 3009 4813 PARIS.

229 4821 326 4879 “Il
351 4826 499 4883 Tim.
540 4845 621 4892 ιι,
657 4826 756 4881 25.

288 4963 511 5041 (Πλτῆ
543 4961 1004 5041 φαηοῇκῐξὴῑιιῐη
1039 4970 1124 5041 est
1153 4963 1408 5041 Abramo.
1433 4963 1568 5041 Gen.
1589 4980 1720 5041 xvii,
1743 4965 1781 5041 ξ
1809 4983 1826 5020 :

226 5033 321 5087 Kal
349 5031 681 5103 δώσὼ’σόι
733 5031 836 5088 θεαὶ
867 5031 948 5097 τῷ
970 5033 1264 5102 σπέρματί
1289 5051 1404 5088 σου
1438 5033 1552 5101 τὴν
1582 5033 1717 5103 τῆν,
1750 5034 1830 5102 ἣν

225 5106 535 5171 παροικεῖς.
595 5102 816 5158 Verum
871 5118 980 5157 non
1009 5119 1074 5159 eo
1107 5105 1248 5170 loco,
1287 5103 1383 5159 sed
1425 5119 1547 5172 cap.
1585 5102 1740 5168 imit,
1775 5106 1826 5170 i,

224 5173 408 5230 dicitur
453 5175 624 5230 Deus
673 5174 842 5242 juxta
895 5189 1141 5243 quercum
1185 5175 1241 5228 in
1295 5173 1536 5228 Mambre
1572 5190 1698 5228 cum
1762 5190 1828 5230 eo

225 5254 460 5300 versatus
492 5245 709 5298 fuisse.

285 5316 391 5385 (Ιὲ)
425 5315 559 5381 Τὴν
589 5313 766 5368 ἰδίαν
805 5312 995 5385 αὐτοῦ
1021 5327 1082 5366 σ.
1115 5312 1228 5368 Hoc
1255 5321 1362 5378 est,
1403 5313 1629 5368 salutem
1658 5311 1821 5368 Crea-

224 5389 314 5438 tori
339 5382 650 5452 propriam,
691 5397 800 5437 seu
834 5383 905 5436 ab
940 5382 1030 5452 illo
1060 5385 1334 5438 collatam.

285 5457 392 5526 (l3)
426 5451 1142 5526 Hapevdogqynﬂtjqerat.
1183 5453 1476 5526 Perperam
1528 5453 1818 5526 interpres,

222 5521 708 5592 coriimendabitur.
732 5521 890 5577 Verti
913 5523 1117 5586 debuit,
1141 5521 1827 5592 obscu‘rabiturﬁamaap-

228 5591 567 5663 ευδοκιμεῖν
626 5602 718 5650 est
748 5593 984 5663 gloriam
1017 5593 1247 5663 alicujus
1269 5609 1536 5662 superare,
1578 5591 1822 5663 adeoque

224 5661 522 5721 obscurare.
576 5661 1443 5735 Suidas,_Ilapeu§oxtuqaaa~qg,
1497 5662 1818 5735 νικησάσης,

222 5736 330 5805 ἦτοι
356 5741 438 5799 εἰς
463 5735 640 5800 δόξαν
667 5731 1016 5805 ὑπερὸἁσηξς.
1037 5731 1406 5805 γυιῑίιιίιαιοιί,
1431 5732 1577 5805 quod
1609 5731 1653 5788 Si
1685 5731 1824 5803 quos

225 5803 399 5860 uitandi
429 5807 703 5866 Creator,
753 5803 926 5873 quem
965 5803 1198 5873 haeretici
1244 5804 1372 5858 mali
1403 5804 1584 5859 omnis
1634 5811 1824 5858 aucto-

229 5891 330 5946 rem
357 5893 488 5932 esse
526 5872 841 5946 putabant,
871 5879 998 5928 ante
1025 5872 1539 5946 Christiadventum
1569 5889 1824 5946 servave-

229 5945 312 6012 rit,
339 5942 650 6017 consequi,
685 5953 746 6000 ut
781 5942 851 5998 ab
883 5959 944 5998 co
990 5945 1109 6001 boni
1150 5943 1266 6014 Dei,
1291 5961 1453 6018 quem
1484 5944 1688 6002 Christi
1722 5959 1820 6018 pa-

3100 4759 3120 4791 ’
3153 4761 3256 4815 lsa.
3289 4776 3380 4816 ιιι
3399 4744 3510 4825 ,ι8.“

1933 4972 2072 5037 trem
2119 4964 2482 5034 appellabant,
2521 4974 2752 5032 potestas
2787 4974 2840 5021 et
2878 4967 3050 5037 gloria
3081 4965 3408 5030 obscuretur,
3449 4976 3506 5022 ut

1933 5034 2028 5103 qui
2059 5049 2167 5088 non
2203 5051 2269 5088 ex
2304 5051 2384 5094 se.
2435 5038 2529 5090 sed
2562 5051 2656 5105 per
2694 5034 3041 5092 imitationem
3074 5037 3350 5092 Creatoris
3405 5038 3506 5091 ho-

1934 5105 2112 5158 mines
2138 5105 2308 5159 salvos
2331 5116 2562 5172 prwstet.

2005 5175 2118 5244 (id)
2157 5179 2225 5248 A_l
2254 5193 2308 5243 γ.
2343 5175 2455 5248 lsa.
2484 5192 2628 5248 _th_:
2668 5179 2735 5230 Al
2780 5180 2890 5248 γὰρ
2927 5179 3111 5246 τρίϐοι
3149 5176 3347 5248 αὐτῶν
3383 5177 3504 5234 διε-

1933 5245 2320 5380 στῖραμμέναι,
2361 5244 2435 5311 ἂς
2471 5244 2828 5314 διοδεύουσὶ,
2850 5244 2968 5302 ⁷καῐ
2997 5251 3108 5302 οὐκ
3152 5247 3390 5302 οἴδασιν
3419 5254 3503 5304 εὶ-

1933 5331 1960 5380 ρ
2004 5331 2139 5380 νην.

1919 5331 2139 5382 ρηνην.

1999 5384 2111 5454 (15)
2141 5385 2465 5455 Αἰσχύλος.
2499 5383 2876 5443 Theodoretus
2896 5389 2988 5443 lib.
3024 5403 3096 5442 iv.
3126 5384 3328 5440 Contra
3354 5387 3504 5446 Cra:-

1927 5469 2016 5508 cos
2047 5455 2183 5508 citat
2215 5457 2361 5510 hunc
2391 5471 2606 5511 versum
2637 5476 2648 5510 :

2043 5524 2127 5598 [ὼ
2137 5524 2332 5594 μηδὲν
2356 5524 2704 5598 ᾠφελοῦντα
2728 5527 2813 5598 μὴ
2843 5525 2995 5598 ζήτει
3025 5525 3218 5596 μάτην
3241 5537 3254 5549 ⁶

2039 5591 2121 5647 Ne
2139 5591 2317 5667 qurere
2347 5591 2574 5663 frustra,
2607 5591 3342 5667 qute'nihil'tibiconferunt;

1929 5678 2040 5738 non
2090 5666 2352 5738 utrliabet
2383 5666 2653 5738 C_leinens,
2697 5668 2768 5738 μὴ
2800 5669 2948 5738 πόνει
2999 5666 3192 5737 μάτην.
3225 5669 3505 5726 Coenam.

1937 5733 2140 5807 Versus
2165 5736 2256 5791 ille
2292 5737 2348 5790 in
2384 5736 2630 5807 Aischyli
2669 5733 2976 5792 Prometheo
3001 5733 3178 5795 uincto
3233 5748 3430 5794 exstat.

2002 5803 2239 5876 09le
2281 5803 2772 5876 ἀντιστρέξροντα.
2805 5809 2948 5872 Quid
2988 5824 3052 5865 ea
3103 5811 3236 5867 sint.
3288 5809 3508 5866 docebit

2052 5873 2258 6000 Gieglius
2306 5877 2421 5964 lib.
2456 5873 2532 5944 u‘,
2567 5873 2704 5950 'cap.
2759 5879 2883 5948 ult.,
2930 5886 2986 5936 et
3030 5879 3248 5952 plenius
3295 5881 3394 5937 lib.
3435 5895 3506 5948 τ,

1929 5960 2050 6008 C80.
2091 5960 2173 6002 ιυ.
2418 5961 2421 5964 ’
