4020 6586
537 436 606 492 15
1691 434 2088 496 CLEMENTIS
2117 436 2586 496 ALEXANDRINI
3709 449 3779 506 18

535 555 758 618 nifesta,
808 564 868 610 ut
906 554 1057 617 illud,
1106 556 1289 611 sintne
1324 556 1492 612 stella:
1522 571 1682 626 pares
1718 572 1785 611 an
1829 560 2087 628 impares

2206 560 2484 631 τέο-τρέφει
2509 559 2566 614 δὲ
2605 559 2640 614 ἃ
2678 561 2772 615 καὶ
2805 562 2918 626 τοῖς
2952 559 3045 617 τὸν
3082 558 3319 616 ἐναντίον
3353 564 3650 635 χειρίζουσι
3691 562 3779 619 λό-

536 648 632 706 sed
678 663 856 718 neque
893 664 956 703 ea
1000 665 1119 719 qua:
1152 655 1587 714 convertuntur;
1626 663 1688 704 ea
1719 665 1846 705 vero
1875 666 2104 706 conver-

534 750 749 809 tuntur,
780 758 901 814 qua:
934 743 1004 797 ab
1044 742 1134 806 iis,
1165 741 1258 811 qui
1287 740 1645 795 adversantur
1677 740 1733 794 in
1765 739 2102 801 disserendo,

533 852 600 893 ex
631 849 790 906 aequo
811 833 918 889 dici
938 842 1200 905 possunt;
1232 844 1292 889 ut
1324 832 1481 900 illud,
1508 849 1576 887 an
1606 834 1678 888 sit
1715 834 1935 897 animal,
1959 835 2104 904 quod

530 937 615 984 est
646 929 704 983 in
738 935 918 991 utero,
965 943 1032 981 an
1074 943 1182 983 non
1216 928 1438 983 animal.
1473 926 1714 993 Quartus
1756 927 1951 982 modus
1995 934 2100 991 est,

531 1021 754 1095 quando
774 1037 841 1077 ex
875 1020 1136 1075 alterutra
1171 1019 1367 1074 borum
1402 1027 1556 1090 parte
1583 1015 1904 1089 producitur
1942 1033 2104 1088 argu-

531 1121 798 1176 mentum,
843 1119 1036 1166 contra
1070 1109 1218 1180 quod
1247 1109 1375 1177 dici,
1416 1117 1470 1164 et
1498 1108 1644 1179 quod
1694 1108 1831 1163 solvi
1869 1123 1975 1162 non
2005 1123 2104 1177 po.

449 1199 452 1202 ’
532 1214 658 1260 test.
687 1203 745 1258 Si
767 1219 896 1275 ergo
918 1202 1195 1275 quaerendi
1216 1217 1381 1257 causa
1409 1202 1663 1255 omnibus
1688 1199 1865 1257 modis
1897 1199 1965 1254 de
1987 1214 2103 1254 me-

530 1297 622 1351 dio
661 1297 893 1360 tollitur,
926 1295 1059 1350 ﬁdes
1105 1295 1353 1347 ﬁrmatur
1394 1308 1463 1347 ac
1498 1291 1797 1347 stabilitur.
1833 1289 1927 1346 Eis
1971 1306 2102 1361 ergo

526 1390 658 1443 illud
682 1389 1057 1459 producimus,
1090 1394 1278 1441 contra
1307 1384 1451 1457 quod
1476 1385 1584 1439 dici
1606 1400 1713 1439 non
1735 1390 1936 1455 potest,
1955 1383 2099 1455 quod

526 1479 671 1536 Deus
704 1489 810 1546 est,
859 1480 952 1552 qui
986 1479 1140 1543 dicit,
1192 1486 1243 1534 et
1281 1478 1348 1533 de
1396 1490 1725 1548 unoquoque
1772 1491 1983 1540 eorum,
2031 1476 2100 1531 de

525 1574 726 1644 quibus
751 1588 958 1644 quaero,
982 1571 1147 1626 tradit
1179 1572 1234 1626 in
1265 1571 1505 1640 scriptis.
1536 1569 1670 1636 Quis
1703 1577 1784 1624 est
1809 1584 1940 1639 ergo
1965 1568 2099 1623 adeo

524 1666 727 1736 impius
760 1675 813 1720 et
838 1680 866 1718 a
898 1663 1008 1720 Deo
1027 1664 1259 1724 alienus.
1297 1670 1357 1716 ut
1388 1660 1497 1717 Deo
1526 1676 1637 1717 non
1667 1662 1873 1723 credat,
1893 1670 1945 1716 et
1973 1677 2099 1731 pro-

524 1757 773 1814 bationes
817 1772 848 1811 a
885 1756 994 1812 Deo
1027 1755 1290 1825 postulet,
1321 1762 1583 1824 tanquam
1632 1755 1700 1809 ab
1740 1753 2100 1809 hominibus?

524 1848 737 1906 Rursus
768 1865 832 1905 ex
880 1846 1298 1921 quaestionibus,
1345 1847 1466 1901 alia:
1497 1846 1717 1917 quidem
1753 1861 1918 1901 sensu
1954 1846 2096 1902 indi-

2206 662 2321 720 γον,
2352 654 2437 705 ἐπ’
2480 650 2601 724 ἴσης
2641 652 2787 706 ἐστὶν
2818 656 3011 718 εἰπεῖν,
3045 655 3124 719 ὡς
3156 655 3235 721 τὸ,
3279 657 3327 710 εί
3369 656 3506 720 ζῶον
3538 657 3600 710 τὸ
3638 658 3778 712 κατὰ

2204 745 2458 817 γαστρὸς.
2500 746 2533 817 ἢ
2567 747 2628 799 οὺ
2669 744 2825 810 ζῶον.
2863 746 3133 819 Τέταρτος
3174 748 3289 801 ἐστι
3327 747 3551 819 τρόπος,
3595 750 3672 803 ὅτ’
3715 749 3779 803 ἂν

2204 836 2268 890 ὲκ
2301 836 2528 909 θατέρου
2554 838 2757 892 τούτων
2794 838 2991 911 μέρους
3031 840 3424 912 ἀναντίρρητον
3453 842 3547 896 καὶ
3588 842 3780 897 ἄλυτον

2203 925 2491 998 ἐνθύμημα
2516 930 2885 1001 προτείνηται.
2918 931 2980 983 Ei
3023 931 3199 985 τοίνυν
3228 933 3262 1001 ἠ
3290 931 3384 985 τοῦ
3422 932 3607 1004 ζητεῖν
3634 934 3778 987 αἰτία

2204 1018 2343 1073 κατὰ
2374 1019 2580 1084 πάντας
2606 1022 2731 1085 τοὺς
2756 1021 2990 1093 τρόπους
3031 1021 3354 1098 ἀναιρεῖται,
3386 1025 3569 1089 πίστις
3603 1027 3777 1097 ἐμπε-

2201 1109 2410 1165 δοῦταιο
2469 1113 2819 1184 προτείνομεν
2867 1113 2976 1186 γὰρ
3036 1116 3218 1179 αὐτοῖς
3267 1116 3330 1169 τὸ
3378 1118 3776 1190 ’ἀναντίρρητον

2202 1205 2395 1267 ἐκεῖνο,
2417 1203 2446 1257 ὃ
2471 1204 2645 1269 όΘεός
2670 1207 2819 1259 ἐστιν
2844 1209 2873 1260 ὁ
2900 1206 3093 1275 λέγων,
3117 1207 3210 1262 καὶ
3242 1209 3371 1279 περὶ
3396 1209 3515 1272 ἑνὸς
3546 1211 3774 1265 ἑκάστου

2201 1285 2276 1345 ὧν
2308 1293 2566 1365 ἐπιζητῶ,
2604 1295 2877 1366 παριστὰς
2908 1297 3221 1368 ἐγγράφως.
3256 1298 3354 1362 Τίς
3384 1294 3479 1352 οὖν
3505 1299 3585 1353 ἔτι
3620 1301 3775 1366 ἄθεος

2200 1385 2444 1439 ἀπιστεῖν
2471 1384 2608 1463 Θεῷ,
2636 1387 2728 1440 καὶ
2754 1386 2853 1451 τὰς
2871 1387 3173 1454 ἀποδείξεις
3193 1389 3268 1452 ὡς
3293 1389 3448 1462 παρὰ
3474 1390 3775 1463 ἀνθρώπων

2199 1476 2448 1532 ἀπαιτεῖν
2492 1478 2587 1532 τοῦ
2627 1479 2798 1545 Θεοῦς
2851 1480 3019 1534 Πάλιν
3062 1480 3173 1535 τῶν
3221 1480 3551 1553 ζητημάτων
3577 1482 3615 1537 ἃ
3672 1483 3772 1555 μὲν

2198 1570 2503 1641 αἰσθήσεως
2528 1571 2720 1638 δεῖται,
2761 1566 2892 1637 οἷον,
2918 1571 3017 1627 cev
3054 1572 3189 1645 ζητῇ
3226 1591 3310 1637 τις
3335 1576 3385 1627 εί
3421 1575 3482 1628 τὸ
3517 1576 3629 1647 πῦρ
3654 1575 3776 1649 θερ-

2200 1661 2298 1733 μὸν
2325 1662 2357 1733 ἢ
2397 1664 2431 1733 ἡ
2464 1662 2595 1734 χιὼν
2634 1662 2798 1736 λευκή
2826 1681 2839 1696 ο
2869 1666 2994 1719 τινὰ
3020 1665 3077 1719 δὲ
3108 1664 3389 1729 νουθεσίας
3413 1667 3509 1720 καὶ
3536 1667 3774 1741 ἐπιπλή-

2196 1752 2351 1819 ξεως,
2385 1753 2462 1818 ῶς
2500 1771 2663 1826 φησιν
2718 1756 3092 1828 Ἀριστοτέλης
3127 1756 3259 1828 (17),
3294 1757 3371 1821 ὡς
3404 1756 3465 1811 τὸ
3512 1756 3775 1830 ἐρώτημα

2197 1845 2393 1909 ἐκεῖνο,
2428 1847 2477 1899 εί
2498 1847 2603 1920 χρὴ
2634 1850 2810 1916 γονεῖς
2832 1850 2996 1919 τιμᾷν
3024 1865 3037 1879 ·
3071 1848 3185 1903 ἐστι
3237 1850 3295 1903 δὲ
3319 1849 3355 1903 ἀ
3378 1850 3471 1904 καὶ
3499 1850 3773 1915 κολάσεως

521 1952 686 2015 gent;
720 1950 779 1999 ut
814 1944 860 1998 si
893 1945 1016 2014 quis
1062 1949 1293 2014 qumrat,
1331 1956 1401 1995 an
1447 1940 1591 2012 ignis
1624 1940 1697 1995 sit
1729 1938 1959 2006 calidus,
2000 1949 2087 1995 aut

2195 1935 2347 2001 ἀξια·
2398 1938 2580 1991 ὁποῖόν
2623 1941 2740 1992 ἐστι
2792 1939 2855 1993 τὸ
2902 1942 3074 1997 αἰτεῖν
3114 1941 3417 2007 ἀποδείξεις
3457 1942 3506 1994 εί
3538 1941 3773 2014 Πρόνοια

522 2038 615 2091 nix
641 2037 762 2091 alba
795 2053 809 2089 :
844 2036 1040 2106 aliqua:
1058 2050 1189 2090 vero
1218 2034 1594 2089 admonitione
1622 2040 1675 2088 et
1700 2034 2093 2103 increpatione,

520 2140 581 2183 ut
606 2129 683 2182 ait
718 2128 1038 2183 Aristoteles
1071 2146 1083 2182 :
1118 2133 1177 2181 ιιι
1213 2126 1304 2180 illa
1338 2124 1714 2196 interrogatio,
1747 2141 1817 2179 an
1849 2133 2097 2196 Oporteat

520 2221 792 2276 honorare
819 2229 1093 2291 parentes.
1116 2217 1256 2273 Sunt
1287 2218 1448 2274 etiam
1468 2210 1724 2289 quaedam
1763 2217 1940 2289 dignae
1976 2233 2097 2289 quin

520 2313 854 2385 puniantur;
906 2312 1217 2382 cuiusmodi
1252 2317 1373 2378 est,
1422 2319 1673 2382 quaerere
1714 2311 2091 2381 probationes,

519 2390 589 2461 an
617 2404 690 2461 sit
721 2402 1091 2459 Providentia.
1127 2404 1266 2460 Cum
1303 2405 1373 2460 sit
1420 2419 1550 2475 ergo
1582 2402 1955 2470 Providentia,
1984 2421 2092 2461 non

517 2514 583 2553 ex
632 2496 982 2554 Providentia
1038 2497 1238 2552 factam
1287 2497 1459 2553 fuisse
1514 2504 1568 2552 et
1621 2498 1986 2569 prophetiam,
2038 2506 2091 2554 et

516 2604 664 2657 eam,
682 2604 804 2661 quae
828 2588 884 2644 in
912 2587 1256 2645 Servatorem
1275 2589 1420 2644 tacta
1450 2598 1555 2656 est,
1582 2592 1964 2663 meonomiam,
1990 2606 2091 2659 pu-

515 2688 654 2746 tare,
689 2689 773 2737 est
800 2680 1095 2738 nefarium.
1143 2680 1210 2736 Et
1243 2682 1482 2738 fortasse
1528 2699 1597 2738 ne
1633 2683 1821 2738 conari
1869 2684 2089 2754 quidem

516 2783 730 2832 onortet
759 2777 873 2830 haec
902 2773 1299 2841 demonstrare,
1327 2791 1451 2830 cum
1485 2777 1558 2831 sit
1582 2775 1875 2833 manifesta
1905 2776 2089 2831 divina

514 2865 888 2933 Providentia,
919 2883 983 2923 ex
1009 2874 1234 2939 aspectu
1266 2867 1534 2933 omnium,
1568 2883 1689 2938 qua:
1719 2868 1992 2934 videntur,
2011 2867 2091 2923 ef-

516 2968 807 3028 lectorum,
839 2975 962 3033 quae
1005 2970 1122 3016 arte
1151 2966 1409 3015 constant
1437 2971 1489 3016 et
1524 2961 1815 3032 sapientia,
1856 2974 2088 3030 quorum

515 3055 622 3109 alia
650 3053 871 3126 quidem
903 3052 1097 3108 ordine
1128 3051 1288 3117 ﬁunt,
1323 3052 1428 3106 alia
1461 3067 1591 3108 vero
1624 3052 1817 3108 ordine
1858 3050 2089 3106 manife-

511 3155 749 3203 stantur.
787 3145 893 3214 Qui
925 3160 1026 3202 nos
1053 3152 1233 3200 autem
1275 3144 1514 3202 essentia
1546 3152 1600 3201 et
1636 3144 1749 3199 vita
1795 3143 2086 3215 impertiit,

509 3239 674 3294 etiam
725 3237 1019 3311 participes
1063 3235 1191 3293 fecit
1239 3237 1495 3304 rationis,
1533 3252 1636 3292 nos
1683 3236 1849 3291 simul
1889 3251 2087 3293 conve-

510 3331 727 3387 nienter
760 3330 961 3386 rationi
990 3330 1201 3397 volens,
1235 3337 1291 3384 et
1320 3328 1459 3383 bene
1492 3330 1695 3384 vivere.
1731 3327 1867 3381 Nam
1904 3327 2082 3399 Logos

509 3421 690 3479 Patris
719 3423 1101 3477 universorum
1132 3436 1242 3475 non
1277 3428 1361 3475 est
1376 3420 1636 3484 verbum,
1680 3420 1829 3491 quod
1871 3420 2082 3491 profer-

510 3523 620 3580 tur,
671 3515 766 3572 sed
799 3513 1066 3586 sapientia
1115 3522 1168 3569 et
1210 3512 1305 3569 Dei
1349 3512 1567 3568 bonitas
1596 3511 2077 3568 manifestissima:

509 3617 563 3663 ct
585 3613 645 3672 >14
670 3609 834 3664 etiam
858 3607 1201 3676 omnipotens
1227 3612 1468 3675 potestas
1497 3611 1552 3660 et
1577 3620 1702 3660 vere
1722 3603 1929 3669 divina,
1958 3619 2081 3675 quae

509 3716 620 3755 non
649 3707 732 3756 est
757 3698 1026 3769 ejusmodi
1068 3706 1127 3753 u‘t
1157 3697 1386 3769 intelligi
1438 3711 1548 3752 non
1580 3696 1755 3769 possit
1798 3696 1882 3752 vel
1907 3694 1976 3750 ab
2011 3694 2081 3753 iis

509 3791 604 3862 qui
628 3791 802 3864 ipsam
830 3805 941 3845 non
984 3789 1332 3854 conﬁtentur,
1383 3788 1636 3845 voluntas
1686 3787 1869 3843 omnia
1906 3788 2086 3842 conti-

509 3898 653 3938 nens
708 3897 807 3937 sua
858 3883 1275 3951 omnipotentia.
1333 3878 1602 3948 Quoniam
1649 3886 1831 3934 autem
1882 3880 2084 3949 partim

509 3974 730 4046 quidam
779 3981 908 4028 sunt
929 3972 1195 4040 inﬁdeles,
1223 3972 1422 4043 partim
1440 3987 1570 4027 vero
1591 3973 1941 4036 contentiosi,
1973 3987 2084 4027 non

509 4081 700 4122 omnes
727 4072 1097 4136 assequuntur
1130 4064 1261 4120 boni
1289 4062 1697 4136 perfectionem.
1741 4061 1876 4116 Nam
1907 4078 2083 4135 neque

507 4158 629 4213 ﬁeri
651 4165 833 4228 potest
874 4164 933 4212 ut
961 4158 1080 4213 sine
1105 4164 1297 4212 nostro
1345 4157 1513 4211 animi
1557 4157 1839 4227 proposito
1884 4172 2080 4213 conse-

509 4265 760 4321 quamur,
788 4265 966 4320 neque
1009 4250 1328 4305 universum
1382 4257 1467 4304 est
1509 4251 1747 4320 positum
1779 4250 1836 4303 in
1890 4257 2081 4306 nostra

506 4343 821 4410 voluntate;
848 4342 1007 4416 quale
1060 4350 1165 4406 est,
1226 4341 1373 4413 quod
1403 4352 1486 4397 est
1516 4350 1871 4398 eventurum:
1904 4342 2081 4413 gratia

506 4435 652 4488 enim
679 4449 950 4487 servamur
978 4432 1043 4499 “,
1076 4432 1174 4488 sed
1202 4448 1313 4488 non
1339 4433 1549 4503 absque
1578 4433 1737 4489 bonis
1771 4433 2032 4504 operibus
2063 4452 2077 4501 ;

2200 2029 2334 2084 ἔστι.
2363 2029 2627 2102 Προνοίας
2659 2030 2838 2085 τοίνυν
2879 2030 3064 2101 οὔσης,
3097 2031 3171 2103 μὴ
3205 2032 3346 2087 κατά
3389 2032 3653 2105 Πρόνοιαν
3677 2050 3771 2102 γε-

2195 2124 2405 2191 γονέναι
2432 2124 2612 2176 πᾶσαν
2637 2123 2737 2194 τήν
2761 2140 2823 2177 τε
2858 2123 3197 2195 προφητείαν
3236 2125 3331 2178 καὶ
3372 2125 3471 2196 τὴν
3505 2126 3633 2197 περὶ
3679 2125 3772 2180 τὸν

2194 2212 2423 2287 Σωτῆρα
2449 2215 2778 2287 οἰκονομίαν,
2814 2217 3061 2288 ἡγεῖσθαι
3093 2216 3325 2272 ἀνόσιον.
3353 2220 3463 2273 Καὶ
3495 2219 3623 2284 ἴσως
3648 2220 3770 2274 οὐδὲ

2194 2307 2298 2380 χρὴ
2322 2310 2390 2361 τά
2414 2308 2636 2364 τοιαῦτα
2660 2309 2950 2379 πειρᾶσθαι
2976 2311 3378 2378 ἀποδεικνύναι,
3414 2316 3653 2385 φανερᾶς
3679 2312 3769 2367 οὖ-

2196 2415 2295 2473 σης
2317 2402 2416 2472 τῆς
2443 2401 2591 2467 θείας
2622 2404 2877 2475 Προνοίας
2909 2402 2972 2458 ἐκ
3000 2421 3061 2457 τε
3083 2405 3182 2476 τῆς
3210 2404 3383 2475 ὂψεως
3408 2405 3518 2460 τῶν
3556 2407 3768 2479 δρωμέο

2194 2508 2298 2547 νων
2354 2496 2569 2549 πάντων
2606 2497 2871 2567 τεχνικῶν
2917 2498 3014 2553 καὶ
3046 2497 3227 2569 σοφῶν
3264 2499 3586 2571 ποιημάτων
3608 2518 3621 2531 ·
3673 2501 3768 2554 καὶ

2191 2586 2298 2640 τῶν
2333 2587 2431 2658 μὲν
2466 2587 2618 2652 τάξει
2661 2589 2992 2661 γινομένων,
3044 2592 3155 2646 τῶν
3195 2592 3253 2646 δὲ
3296 2592 3447 2659 τάξει
3501 2610 3766 2665 φανερου-

2194 2680 2404 2749 μένωνο
2451 2678 2559 2733 ea:
2609 2681 2869 2751 μεταδοὺς
2896 2685 3028 2754 ἡμῖν
3072 2683 3168 2738 τοῦ
3214 2682 3353 2738 εἶναί
3405 2702 3465 2738 τε
3510 2686 3605 2739 καὶ
3644 2686 3778 2756 ξῇν,“

2194 2769 2530 2841 μεταδέδωκε
2577 2773 2671 2826 καὶ
2730 2772 2826 2827 τοῦ
2889 2773 3071 2844 λόγου,
3122 2774 3355 2845 λογικῶς
3400 2793 3457 2831 τε
3512 2777 3631 2847 ἅμα
3672 2778 3767 2831 καὶ

2189 2861 2248 2918 εὖ
2277 2863 2375 2937 ζῇν
2420 2865 2621 2920 ἐθέλων
2664 2867 2831 2939 ἡμᾶς.
2875 2868 2932 2921 Ὀ
2956 2867 3064 2940 γὰρ
3090 2867 3183 2921 τοῦ
3230 2869 3445 2940 Πατρὸς
3481 2868 3590 2921 τῶν
3629 2868 3765 2922 ὅλων

2188 2954 2359 3025 Λόγος
2406 2959 2506 3030 οὐχ
2555 2954 2708 3023 οὗτός
2758 2960 2904 3013 ἐστιν
2950 2962 2979 3013 ὁ
3041 2960 3374 3033 προφορικὸς
3405 2999 3420 3027 ,
3488 2959 3651 3029 σοφία
3702 2959 3765 3013 ’δὲ

2189 3052 2281 3105 καὶ
2329 3053 2634 3123 χρηστότης
2682 3051 3035 3125 φανερωτάτη
3091 3052 3200 3123 (l8)
3253 3052 3348 3105 τοῦ
3400 3050 3558 3117 Θεοῦ,
3608 3050 3766 3104 δύνα-

2190 3145 2279 3216 μίς
2303 3161 2361 3197 τε
2392 3140 2459 3197 αὖ
2489 3144 2814 3216 παγκρατὴς
2843 3146 2935 3199 καὶ
2962 3143 3040 3216 τῷ
3066 3145 3177 3198 ὄντι
3204 3144 3323 3199 θεία
3340 3160 3353 3175 °
3385 3144 3505 3197 οὐδὲ
3532 3146 3646 3206 τοῖς
3678 3141 3755 3214 μὴ

2188 3237 2540 3308 ὁμολογοῦσιν
2608 3225 3014 3311 ἀκατανόητος,
3080 3237 3290 3309 θέλημα
3343 3253 3767 3308 παντοκρατορι-

2113 3294 2156 3352 C
2192 3294 2286 3384 ,ειν
2311 3294 2615 3404 umnam
2641 3332 2699 3386 δὲ
2724 3332 2773 3385 οἱ
2798 3294 2896 3401 μιρ
2925 3294 3160 3393 ἄπιστοι,
3194 3294 3247 3382 ἓξ
3293 3329 3349 3382 δὲ
3382 3294 3763 3401 ιριστιέιοι,ὀι

2187 3422 2389 3485 πάντες
2416 3422 2744 3493 τυγχάνουσι
2771 3422 2871 3491 τῆς
2894 3419 3226 3490 τελειότητος
3252 3418 3347 3473 τοῦ
3390 3418 3617 3487 ἀγαθοῦ,
3658 3418 3764 3474 Οὕ-

2184 3529 2246 3565 τε
2293 3511 2404 3584 γάρ
2448 3513 2574 3567 ἄνευ
2636 3512 3006 3583 προαιρέσεως
3051 3513 3235 3582 τυχεῖν
3290 3506 3400 3564 οἷόν
3440 3526 3533 3563 τε·
3558 3512 3619 3564 οὐ
3653 3512 3761 3584 μὴν

2185 3603 2308 3656 οὐδὲ
2336 3603 2398 3657 τὸ
2425 3605 2533 3662 πᾶν
2561 3604 2654 3657 ἐπὶ
2676 3606 2741 3675 τῇ
2771 3601 2962 3675 γνώμῃ
2993 3604 3058 3674 τῇ
3089 3601 3334 3674 ἡμετέρᾳ
3389 3602 3598 3653 κεῖται·
3652 3597 3762 3656 οἷον

2186 3696 2247 3749 τὸ
2270 3696 2682 3769 ’ἀποὸησόμενον
2703 3712 2716 3727 ·
2762 3695 2955 3767 χάριτι
2996 3696 3104 3767 γὰρ
3154 3693 3453 3763 σωζόμεθα
3478 3693 3619 3764 (20)·
3662 3696 3763 3749 οὐκ

2187 3788 2318 3842 ἄνευ
2350 3788 2533 3860 μέντοι
2573 3788 2682 3843 τῶν
2711 3787 2891 3843 καλῶν
2937 3787 3142 3859 ἔργων·
3172 3784 3309 3840 ἀλλά
3354 3785 3435 3839 δεῖ
3461 3785 3559 3856 μὲν
3587 3802 3765 3856 πεφυ-

2187 3882 2353 3945 κότας
2404 3881 2541 3954 πρὸς
2574 3882 2636 3934 τὸ
2677 3880 2903 3950 ἀγαθὸν,
2963 3879 3196 3951 σπουδήν
3243 3895 3365 3933 τινα
3401 3880 3762 3952 περιποιήσα-

2189 3973 2311 4027 σθαι
2342 3973 2478 4045 πρὺς
2502 3974 2662 4026 αὑτό·
2692 3972 2771 4025 δεῖ
2786 3973 2846 4026 δὲ
2873 3974 2965 4026 καὶ
3007 3972 3106 4044 τὴν
3155 3970 3377 4043 γνώμην
3411 3970 3534 4041 ὑγιῆ
3565 3970 3764 4043 κεκτῆ-

2187 4064 2333 4133 σθαι,
2379 4065 2477 4136 τὴν
2522 4064 2892 4137 ἀμετανόητον
2920 4065 3056 4136 πρὸς
3095 4065 3193 4135 τὴν
3234 4063 3405 4134 θήραν
3431 4061 3526 4115 τοῦ
3559 4061 3758 4116 καλοῦ·

2187 4157 2325 4229 πρὸς
2348 4158 2484 4229 ὅπερ
2516 4157 2747 4229 μάλιστα
2794 4158 2895 4227 τῆς
2946 4156 3097 4218 θείας
3123 4154 3391 4227 χρῄζομεν
3422 4154 3663 4228 χάριτος,
3692 4153 3764 4208 δι·

2178 4249 2477 4314 »δασκαλίας
2518 4268 2579 4304 τε
2607 4250 2791 4323 ὀρθῆς,
2836 4250 2932 4303 καὶ
2980 4248 3272 4312 εὐπαθείας
3298 4248 3410 4320 (21)
3441 4248 3633 4318 ἁγνῆς,
3666 4247 3761 4301 καὶ

2183 4343 2286 4414 τῆς
2312 4342 2406 4396 τοῦ
2432 4344 2645 4417 Πατρδς
2673 4343 2808 4414 πρὸς
2840 4343 2999 4398 αὐτὸν
3033 4342 3144 4407 (22)
3177 4341 3356 4413 ὁλκῆς.
3403 4341 3756 4411 Ἐνδεδεμένοι

2183 4434 2293 4507 γὰρ
2318 4434 2397 4506 τῷ
2424 4434 2614 4505 γεώδει
2645 4435 2876 4505 σώματι,
2904 4433 3009 4487 τῶν
3047 4435 3144 4505 μὲν
3168 4433 3438 4506 αἰσθητῶν
3464 4432 3550 4486 διὰ
3576 4431 3758 4502 σώμα-

581 4593 641 4652 ιΒ
673 4585 737 4643 Ρ.
770 4587 871 4642 647
900 4585 1011 4642 ED.
1042 4585 1340 4653 POTTER,
1370 4586 1475 4643 548
1507 4586 1618 4643 EI).
1652 4586 1877 4644 PARIS.
1934 4590 1975 4620 “
2008 4588 2211 4660 Ephes.
2241 4606 2303 4659 ιι,
2334 4590 2387 4645 5.

548 4706 691 4782 ⁵(17)
723 4707 1182 4782 ξᾼριστοτέλης,
1210 4708 1477 4782 Bespjcit
1521 4710 2076 4782 auctormAristotelis
2103 4707 2150 4768 Ι)
2180 4728 2318 4774 nem,
2350 4712 2460 4768 haec
2489 4727 2607 4766 vero
2639 4711 2895 4781 majorem
2939 4711 3150 4779 habent,
3189 4726 3348 4782 quam
3390 4700 3758 4765 exercitationi

511 4776 692 4852 Topic.
713 4776 816 4852 _li_b.
847 4795 892 4852 ι,
922 4793 971 4834 c.
1005 4780 1067 4832 ll
1109 4776 1122 4834 ἐ
1155 4780 1229 4833 Οὐ
1258 4776 1425 4852 deiide
1464 4781 1569 4852 πᾶν
1602 4780 1916 4852 πρόϐλημα,
1952 4780 2075 4852 οὐδὲ

507 4850 686 4922 πᾷσαν
707 4848 854 4922 θέσιν
875 4850 1194 4922 ἐπισκοπεῖν
1210 4867 1227 4881 ’
1258 4849 1372 4922 ἀλλ’
1391 4848 1723 4922 ἀπορήσειεν
1754 4848 1831 4905 ἄν’
1851 4869 1936 4922 τις
1965 4850 2075 4904 τῶν

505 4916 696 5008 itte:
727 4918 1188 5008 es?
1215 4916 1622 5008 μικφλάσέεέε»
1670 4920 1707 5005 ἢ
1747 4921 2073 5008 αίῑθήσεωςο

506 4990 580 5062 0i“
600 4988 697 5059 μὲν
726 4989 833 5062 γὰρ
861 4988 1227 5062 ἀποροῦντες,⁷
1246 4988 1473 5062 πότερον
1515 4990 1596 5062 δεῖ
1631 4988 1755 5062 τοὺς
1803 4988 2077 5062 θεοῦςγτι-

508 5058 634 5130 μᾷν,
671 5060 765 5142 διαὶ
794 5058 920 5121 τοὺς
949 5058 1123 5126 γονεῖς
1168 5058 1407 5148 ἀγαπᾷν,
1436 5060 1469 5148 η
1502 5059 1585 5121 οὒ,
1616 5061 1888 5125 κολάσεως
1931 5061 2079 5114 δέον-

500 5144 625 5181 ταιο
657 5146 706 5182 οι
737 5129 795 5183 δὲ
837 5128 1062 5185 πότερον
1093 5132 1126 5185 ἡ
1157 5148 1289 5185 γιων
1318 5131 1504 5185 λευκτι.
1548 5131 1580 5185 ἢ
1623 5130 1708 5185 οὒ.
1754 5132 2077 5185 αἰσθήσεως.

502 5144 625 5212 τοιιυ
657 5131 706 5182 οἱ
737 5131 795 5217 δὲ
837 5131 1062 5212 πότερον
1093 5132 1126 5201 ἡ
1157 5131 1504 5216 χιὼνκλευκὴ,
1548 5131 1589 5253 η
1623 5131 1708 5195 οὒ,
1754 5132 2077 5215 αἰσθήσεως.

502 5197 637 5273 ουδὲ
748 5217 822 5273 ων
841 5215 1103 5273 συνεγγυς
1131 5200 1467 5273 ήάπόοειξις,
1493 5202 1562 5273 oo
1579 5202 1617 5273 γὲ
1641 5195 1715 5273 ὧν
1730 5202 1848 5273 λίαν
1870 5203 2076 5273 πόρρω-ο

500 5268 571 5323 τὰ
608 5268 843 5344 μὲνγὰρ
879 5270 984 5344 οὑξ
1007 5270 1120 5340 ἔχει
1153 5268 1417 5344 ἀπορίαν,
1449 5270 1517 5324 τά
1546 5271 1602 5324 δὲ
1646 5270 1813 5344 πλείω
1861 5271 1893 5339 ἢ
1938 5268 2079 5324 ποιτά

502 5338 895 5412 γυμναστικῆν.
934 5338 1066 5394 Nee
1086 5356 1203 5395 vero
1232 5338 1429 5410 oportet
1460 5356 1611 5395 omne
1641 5338 1934 5412 problema,
1986 5348 2079 5392 aut

505 5409 707 5480 onmem
760 5409 928 5464 thesin
967 5412 1023 5464 in
1080 5409 1418 5480 qucestionem
1458 5427 1732 5474 revocare;
1793 5409 1882 5464 sed
1935 5426 2073 5474 eum,

502 5478 576 5531 de.
608 5496 711 5548 qua
761 5481 1023 5551 quispiam
1066 5478 1526 5552 possetidubitare
1570 5497 1718 5552 egens
1767 5481 2073 5543 rationum,

502 5566 608 5602 non
654 5565 835 5623 poema,
881 5550 973 5605 aut
1008 5550 1212 5623 sensus.
1246 5551 1392 5606 Nam
1416 5553 1507 5623 qui
1548 5550 1841 5623 ambigunt,
1894 5559 2073 5603 utrum

503 5630 741 5685 oporteat
794 5620 917 5701 deos
974 5622 1163 5704 celere,
1217 5633 1267 5676 et
1316 5620 1556 5703 parentes
1604 5620 1842 5704 diligere,
1892 5635 2070 5683 necne,

488 5705 689 5758 paena;
726 5691 815 5759 qui
848 5707 965 5745 vero
995 5691 1261 5756 dubitant,
1292 5705 1468 5747 utrum
1500 5693 1593 5745 nia:
1622 5692 1688 5745 sit
1714 5691 1857 5756 alba,
1893 5704 2071 5754 necne,

502 5776 659 5813 sensu
690 5760 940 5833 indigent.
976 5761 1088 5815 Nec
1116 5765 1279 5833 igitur
1311 5762 1376 5817 de
1404 5763 1485 5816 his
1526 5760 1818 5833 disceptare
1846 5769 2071 5828 oportet,

500 5844 723 5902 quorum
756 5831 811 5884 in
838 5842 1081 5902 promptu
1101 5831 1176 5887 ait
1200 5832 1603 5902 demonstratio,
1631 5846 1722 5884 nec
1751 5845 1973 5902 quorum
1995 5838 2075 5902 est

473 5899 659 5956 nimis
692 5909 934 5969 remota;
967 5899 1215 5979 quoniam
1255 5905 1351 5977 ilia
1395 5919 1499 5978 non
1546 5901 1736 5977 habent
1764 5899 2081 5976 dybjtatiq;

2180 4783 2472 4836 dialectica:
2496 4783 2786 4837 conveniat.

2252 4853 2366 4977 (:85)
2421 4852 2827 4922 Φανερωτάτη.
2886 4851 3044 4908 Conf.
3111 4849 3429 4919 Protreptici
3475 4860 3598 4916 pag.
3652 4844 3752 4911 86,

2183 4931 2298 4977 not.
2331 4931 2386 4979 5.

2261 4992 2371 5064 (i9)
2412 4993 2607 5064 Θέλημ

2187 5079 2272 5124 ιιι,
2314 5078 2366 5117 c.
2400 5063 2522 5129 ult.,
2571 5078 2625 5131 p.

2187 5134 2320 5206 edit.
2352 5125 2647 5206 Ριιιςίεζςξῖῷ
2694 5130 3177 5206 παντοκρατορικῴ
3208 5129 3509 5206 βουλήματι
3538 5125 3754 5206 ὑπέχων

2186 5202 2341 5270 λόγον
2372 5202 2464 5255 καὶ
2493 5198 2741 5265 εὐθύνας.
2784 5198 3159 5267 Omnipotenti
3188 5198 3448 5255 voluntati
3494 5198 3754 5250 rationem

2186 5273 2426 5327 reddens.

2256 5342 2367 5413 (20)
2396 5340 2596 5413 Χάριτι
2622 5337 2940 5410 σωζόμεθα.
2976 5338 3174 5410 Ephes.
3207 5355 3261 5399 ιι,
3305 5340 3361 5408 5,
3392 5336 3593 5406 Χάριτί
3608 5336 3755 5391 ἐστι

2181 5411 2576 5479 σεὸῖωσμένοι.

2253 5475 2778 5553 (ειγεὺεταθείας,
2836 5477 3003 5536 Forte
3077 5478 3492 5537 eonvenientius
3566 5475 3754 5529 εὐπει-

2182 5550 2352 5613 θείας,
2385 5550 2709 5605 obedientiae.
2745 5550 2903 5605 εγω.

2252 5620 2361 5691 (22)
2386 5620 2556 5691 ,Πρὸς
2577 5621 2782 5674 αὐτόν.
2821 5620 3179 5691 Scribendum
3212 5618 3347 5690 πρὸς
3374 5615 3656 5691 αδτόν,ίαιί
3671 5631 3749 5691 se.

2180 5685 2423 5759 Respicit
2446 5685 2655 5743 auctor
2692 5691 2898 5746 Christi
2932 5693 3095 5747 verba
3117 5685 3273 5745 Joan‘.
3300 5702 3373 5751 vt,
3396 5687 3464 5759 44
3494 5706 3506 5740 :
3542 5685 3751 5759 οὐδεὶς

2610 5010 2650 5115 ῗ²
2682 5007 3052 5125 ὥέῗτιῖέΐῗαέῑ
3083 4985 3601 5125 οίῗὲἴῗὲηξξῗῧῗὲῗῗ
3623 4983 3751 5121 εξὲ

2139 5752 2145 5758 ’
2179 5752 2425 5835 δύναται
2451 5830 2463 5835 _
2481 5760 2857 5835 eldsir'npog
2872 5761 2971 5832 μὲ,
3002 5762 3109 5817 ἐὰν
3130 5758 3217 5831 μὴ
3248 5762 3280 5813 ό
3300 5756 3525 5826 Πατὴρ,
3550 5758 3583 5811 ὀ
3611 5755 3750 5826 πέμ-

2179 5834 2305 5901 ψας
2316 5847 2414 5899 με,
2438 5830 2669 5902 ἐλκύσῃ
2694 5830 2909 5887 αὐτόν.
