3872 6560
120 444 201 499 ιιι

1351 438 1783 498 STROMATU!
1822 437 1954 499 LIB.
1988 437 2103 498 νη.

3256 436 3364 499 546

118 559 191 622 ὡς
268 558 331 611 τὰ
361 555 703 624 γνωσθέντα
733 558 930 612 ποιεῖν’
958 554 1082 611 οὔτε
1115 556 1211 612 καὶ
1239 558 1449 629 κρίνειν
1479 558 1541 614 τὸ
1566 556 1685 613 δέον

1796 554 1854 612 ιὰ
1870 554 2121 626 magistri
2146 553 2463 626 imaginem,
2478 554 2622 615 Deus
2650 555 2707 612 in
2734 552 2900 616 carne
2915 564 3185 615 versatur.
3211 553 3366 611 Hane

121 648 306 721 ἰσχύων,
334 647 651 719 ἄμεμπτον
682 649 874 705 ἑαυτὸν
898 649 1217 722 παράσχοιτ’
1247 651 1315 705 ἂν
1357 652 1416 706 ὲν
1445 653 1559 716 τοῖς
1595 650 1689 724 ερ-

120 757 217 810 γοις
239 737 569 806 ὲξασθενῶν.
623 739 957 805 Ἀκολούθως
988 741 1168 796 τοίνυν
1192 741 1285 796 δύο
1311 741 1389 813 τῷ
1416 742 1564 811 γένει
1592 741 1688 797 καὶ

122 832 326 887 παιδεῖαι
346 831 757 903 παραδίδονται
787 832 1084 904 πρόσφοροι
1113 833 1349 906 ἑκατέρᾳ
1373 833 1479 888 τῶν
1503 835 1687 905 ἀμαρο

121 922 259 975 τιῶν’
279 923 341 992 τῇ
376 922 483 991 μὲν
510 923 548 993 ἡ
579 921 790 991 γνῶσίς
817 940 876 977 τε
902 924 998 977 καὶ¹
1029 926 1062 994 ή
1099 924 1201 995 τῆς
1236 927 1300 978 ὲκ
1330 924 1436 979 τῶν
1458 924 1688 997 Γραφῶν

124 1012 391 1085 μαρτυρίας
417 1013 681 1085 ἐναργὴς
712 1013 827 1085 (20)
856 1015 1152 1082 ἀπόδειξις,
1183 1019 1249 1088 τῇ
1277 1016 1333 1069 δὲ
1362 1017 1394 1088 ή
1420 1016 1563 1071 κατὰ
1586 1016 1690 1070 Λό-

119 1124 196 1175 γον
222 1104 468 1176 ἄσκησις,
513 1106 589 1158 ὲκ
613 1106 860 1171 πίστεώς
890 1125 949 1161 τε
977 1108 1073 1163 καὶ
1109 1108 1274 1178 φόϐου
1313 1108 1691 1177 παιδαγωγου-

125 1197 252 1270 μένη.
288 1197 496 1267 Ἄμφω
529 1196 581 1250 δ’
615 1199 699 1263 είς
727 1197 827 1270 τὴν
855 1199 1065 1253 τελείαν
1092 1199 1313 1271 ἀγάπην
1343 1199 1684 1267 συναύξουσιο

120 1289 241 1352 τέλος
259 1287 362 1360 γὰρ
385 1284 553 1359 οἶμαι
577 1287 678 1343 τοῦ
703 1290 1004 1359 γνωστικοῦ
1028 1290 1090 1344 τό
1114 1306 1178 1360 γε
1213 1289 1445 1344 ἐνταῦθα
1475 1291 1653 1344 διττόν
1670 1308 1685 1323 ’

120 1381 187 1448 ἐφ’
210 1374 279 1434 ὧν
303 1381 427 1452 μὲν,
535 1379 753 1453 θεωρία
781 1384 815 1453 ἡ
861 1383 1278 1456 ἐπιστημονικὴ,
1319 1383 1403 1454 ἐφ’
1449 1376 1526 1437 ὧν
1561 1383 1615 1438 δὲ
1651 1385 1685 1455 ή

121 1470 309 1543 πρᾶξις.
339 1469 446 1540 Εῑη
479 1470 589 1541 μὲν
617 1466 719 1524 οὖν
749 1471 844 1525 καὶ
871 1471 1059 1525 τούσδε
1098 1472 1222 1535 τοὺς
1254 1473 1567 1543 αἱρετικοὺς
1590 1489 1691 1525 κα-

119 1562 451 1633 ταμαθόντας,
469 1563 540 1615 ὲκ
553 1561 732 1616 τῶνδε
752 1561 861 1617 τῶν
881 1563 1291 1635 ὑπομνημάτων
1320 1561 1690 1634 σωφρονισθῆ-

121 1653 188 1707 ναί
215 1670 269 1707 τε
292 1652 391 1707 καί
424 1653 774 1725 ἐπιστρέψαι
815 1653 908 1706 ἐπὶ
936 1654 1027 1707 τὸν
1063 1652 1484 1726 παντοκράτορα
1517 1652 1684 1707 Θεόνι

120 1748 159 1798 εί
181 1745 229 1797 δὲ
250 1745 511 1817 καθάπερ
548 1747 602 1799 οῖ
634 1746 815 1816 κωφοὶ
849 1746 959 1817 (21)
992 1746 1099 1799 τῶν
1129 1746 1328 1815 ὄφεων,
1359 1745 1453 1799 τοῦ
1488 1745 1688 1809 καινῶς

120 1834 526 1907 μὲνλεγομὲνου,
550 1835 922 1909 ἀρχαιοτάτου
943 1834 1018 1901 δὲ,
1039 1836 1114 1908 μὴ
1136 1839 1381 1892 ὲπαῖοιεν
1419 1837 1684 1909 ᾄσματος,

121 1926 421 1981 παιδευθεῖεν
451 1924 554 1981 οὖν
584 1928 730 2000 πρὸς
753 1927 846 1981 τοῦ
876 1928 1033 1993 Θεοῦ,
1067 1927 1166 1991 τὰς
1200 1925 1304 2000 πρὸ
1325 1927 1423 2000 τῆς
1454 1929 1687 2000 κρίσεως

121 2020 343 2093 πατρῴας
369 2021 669 2085 νουθεσίας
699 2020 1081 2091 ὑπομένοντες,
1118 2019 1227 2074 ἔστ’
1258 2019 1325 2074 ἂν
1356 2037 1684 2093 καταισχυν-

121 2114 271 2176 θέντες
325 2114 755 2184 μετανοήσωσιν
788 2145 806 2169 .
873 2109 1010 2164 ἀλλὰ
1060 2110 1134 2181 μὴ
1181 2112 1262 2174 εἰς
1300 2110 1398 2183 τὴν
1448 2112 1684 2184 παντελῆ

120 2206 341 2276 φέροντες
376 2204 615 2267 ἑαυτοὺς
656 2201 751 2256 διὰ
787 2201 888 2272 τῆς
919 2201 1161 2271 ἀπηνοῦς
1193 2202 1477 2267 ἀπειθείας
1516 2204 1689 2275 ἐμϐά-

118 2292 231 2345 λοιεν
265 2294 479 2362 κρίσινι
522 2290 781 2344 Γίνονται
821 2290 931 2362 γάρ
972 2289 1067 2343 καὶ
1112 2290 1334 2360 μερικαί
1377 2308 1523 2356 τινες
1562 2308 1688 2345 παι-

119 2381 245 2446 δεῖαι,
273 2383 338 2446 ἃς
368 2381 639 2444 κολάσεις
673 2378 1053 2451 ὀνομάζουσιν,
1084 2380 1163 2441 εἰς
1192 2377 1259 2441 ἂς
1284 2377 1443 2449 ήμῶν
1475 2380 1523 2431 οἱ
1554 2376 1683 2431 πολ-

119 2471 183 2524 λοὶ
204 2472 300 2525 τῶν
335 2476 396 2526 ἐν
441 2469 872 2544 παραπτώματι
921 2468 1230 2539 γενομένων
1286 2470 1352 2521 ὲκ
1409 2468 1503 2523 τοῦ
1553 2469 1685 2524 λαοῦ

118 2565 190 2616 τοῦ
212 2565 471 2638 κυριακοῦ
504 2562 1022 2625 κατολισθαίνοντες
1055 2562 1493 2633 περιπίπτουσιν.
1548 2563 1685 2617 Ἀλλ’

121 2660 178 2719 ὡς
212 2657 336 2729 πρὸς
379 2656 482 2711 τοῦ
536 2655 872 2710 διδασκάλου
920 2655 955 2727 ἢ
1006 2655 1098 2710 τοῦ
1135 2655 1342 2725 πατρὸς
1375 2656 1426 2709 οἱ
1478 2656 1685 2721 παῖδες,

122 2747 259 2811 eius;
285 2750 459 2819 ἡμεῖς
487 2747 634 2820 πρὸς
670 2747 771 2818 τῆς
790 2746 1053 2819 Προνοίας
1092 2746 1453 2818 κολαζόμεθά.
1481 2747 1611 2813 Θεὸς
1632 2749 1688 2802 δὲ

119 2840 167 2890 οὗ
191 2843 508 2913 τιμωρεῖται
544 2840 667 2911 (22)
693 2855 709 2869 ο
742 2839 858 2892 ἔστι
894 2838 1003 2911 γὰρ
1044 2840 1078 2911 ή
1119 2839 1359 2910 τιμωρία
1388 2840 1560 2893 κακοῦ
1596 2841 1691 2894 άν-

121 2934 409 2998 ταπόδοσιρ
464 2933 703 2997 κολάζει
759 2931 942 3003 μέντοι
992 2932 1129 3004 πρὸς
1175 2932 1236 2984 τὸ
1282 2933 1552 3005 χρήσιμον
1593 2934 1690 2988 καὶ

121 3026 242 3095 κοινῇ
265 3025 355 3078 καὶ
392 3024 512 3095 ἰδία
534 3025 659 3087 τοῖς
688 3019 1095 3092 κολαζομένοις.
1122 3021 1293 3074 Ταυτὶ
1329 3020 1426 3092 μὲν
1459 3020 1691 3094 ἀποτρέ-

119 3116 198 3185 ψαι
232 3117 559 3188 βουλόμενος
603 3114 709 3184 τῆς
757 3115 837 3178 είς
878 3111 979 3177 τὰς
1019 3110 1260 3184 αἱρέσεις
1306 3112 1691 3183 εὐεμπτωσίας

1784 662 1919 719 ergo
1943 646 2288 703 altitudinem
2315 647 2543 703 minime
2580 659 2967 720 assequuntur,
2996 650 3091 721 qui
3119 664 3237 704 non
3270 663 3361 704 se»

1784 746 2032 810 quuntur
2055 736 2226 795 Deum
2243 753 2338 794 eos
2358 738 2648 795 ducentem
2666 730 2681 806 ξ
2700 740 2852 797 ducit
2879 751 3057 797 autem
3081 756 3180 812 per
3212 739 3365 795 Scri-

1786 837 1976 899 pturas
2003 816 2267 885 divinitus
2295 829 2610 900 inspiratas.
2632 828 2837 884 Etcum
2855 831 2965 886 sint
2987 829 3364 885 innumerabi-

1784 921 1859 977 lia
1892 937 2013 992 quae
2041 919 2177 975 ﬁunt
2198 921 2268 976 ab
2286 920 2621 986 hominibus,
2638 930 2765 979 sunt
2782 923 2970 993 utique
2988 923 3097 977 duo
3117 922 3363 991 cujusvis

1786 1013 1996 1085 peccati
2016 1012 2305 1084 principia,
2327 1014 2596 1085 ignoratio
2620 1021 2675 1069 et
2692 1014 3038 1069 imbecillitas
3058 1035 3071 1068 :
3088 1022 3169 1069 est
3183 1022 3361 1067 autem

1791 1110 1852 1169 ξι
1880 1114 2169 1174 utrumque
2192 1103 2249 1159 in
2290 1113 2481 1160 nostra
2513 1112 2801 1174 potestate,
2849 1120 2974 1159 cum
2999 1120 3099 1159 nec
3131 1104 3364 1160 velimus

1786 1194 2035 1260 discere,
2066 1209 2169 1251 nec
2201 1195 2561 1266 cupiditatem
2590 1195 2894 1252 continere.
2921 1195 3001 1251 Ex
3028 1196 3116 1251 his
3148 1202 3358 1258 autem,

1786 1300 1956 1339 unum
1983 1284 2144 1341 edicit
2171 1293 2234 1340 ut
2258 1301 2369 1340 non
2392 1294 2542 1342 recte
2566 1287 2835 1357 judicent,
2865 1288 3098 1343 alterum
3129 1300 3280 1349 vero,
3303 1286 3368 1340 ut

1786 1391 1898 1430 non
1920 1377 2132 1445 possint
2150 1376 2380 1446 exsequi
2409 1390 2533 1446 qua:
2562 1382 2711 1431 recte
2739 1384 2869 1430 sunt
2888 1376 3158 1447 judicata.
3177 1374 3367 1444 Neque

1786 1468 1931 1522 enim
1983 1468 2030 1522 si
2081 1468 2206 1537 quis
2246 1466 2413 1523 fuerit
2461 1467 2726 1539 deceptus
2775 1468 2833 1523 in
2880 1468 3184 1532 sententia,
3215 1471 3369 1524 recte

1785 1575 1948 1630 agere
1975 1560 2205 1630 poterit,
2242 1559 2406 1615 etiam
2454 1560 2501 1616 si
2533 1560 2605 1615 sit
2646 1561 2783 1617 satis
2815 1571 3012 1633 patens
3051 1569 3113 1615 ut
3139 1568 3264 1630 agat
3301 1573 3368 1613 ea

1786 1667 1909 1722 qua:
1952 1651 2155 1707 fuerint
2195 1652 2476 1723 cognita:
2515 1668 2694 1723 neque
2734 1654 2828 1724 qui
2881 1661 3066 1724 potest
3111 1653 3168 1708 id
3218 1651 3368 1723 quod
3427 1658 3431 1662 '

1786 1752 2001 1814 Oportet
2017 1744 2291 1815 judicare,
2322 1760 2382 1800 se
2404 1744 2475 1799 ab
2502 1747 2651 1799 omni
2680 1745 3108 1816 reprehensione
3128 1746 3365 1800 alienum

1788 1836 2050 1906 praebebit
2071 1876 2087 1902 ,
2126 1836 2174 1891 si
2204 1838 2272 1892 ad
2302 1852 2391 1892 res
2419 1837 2688 1907 gerendas
2716 1839 2785 1893 sit
2834 1839 3126 1909 impotens.
3156 1837 3368 1892 Conse-

1789 1935 2021 1998 quenter
2068 1943 2198 1998 ergo
2246 1927 2368 1983 duae
2409 1944 2629 1999 quoque
2669 1944 2869 2001 genere
2912 1928 3221 1999 disciplinae
3251 1935 3366 1981 tra-

1788 2018 1996 2074 duntur
2034 2020 2252 2089 utrique
2283 2027 2509 2090 peccato
2542 2021 2706 2075 utiles
2734 2035 2749 2072 :
2782 2020 2861 2089 illi
2898 2020 3152 2091 quidem,
3179 2020 3369 2089 cogni-

1788 2111 1885 2175 tio,
1910 2117 1964 2164 et
1996 2126 2064 2165 ex
2095 2108 2505 2181 Scripturarum
2535 2110 2856 2165 testimonio
2883 2110 3108 2165 evidens
3138 2109 3369 2164 demon-

1788 2202 2024 2267 stratio;
2094 2202 2227 2256 huic
2287 2217 2458 2265 vero,
2516 2218 2639 2271 quae
2684 2210 2769 2257 est
2822 2200 3122 2256 secundum
3179 2200 3367 2272 Logon

1786 2294 2107 2349 exercitatio
2125 2332 2141 2357 ,
2192 2309 2314 2363 quae
2337 2309 2435 2364 per
2464 2292 2622 2348 [idem
2653 2300 2708 2348 et
2731 2293 2984 2348 timorem
3035 2291 3366 2348 instituitur.

1787 2384 2057 2440 Crescunt
2098 2393 2279 2441 autem
2312 2386 2474 2441 ambo
2514 2386 2680 2441 simul
2714 2386 2769 2440 in
2800 2384 3099 2455 perfectam
3127 2384 3371 2438 charita-

1790 2486 1921 2532 tem.
1969 2476 2217 2532 Gnostici
2259 2478 2404 2533 enim
2466 2484 2552 2532 est
2579 2477 2669 2532 hic
2691 2478 2947 2548 quidem,
2998 2484 3056 2531 ut
3104 2476 3366 2538 arbitror.

1788 2571 1985 2643 duplex
2020 2571 2145 2626 ﬁnis
2172 2590 2186 2626 :
2214 2571 2270 2625 in
2303 2569 2585 2640 aliquibus
2609 2568 2854 2640 quidem,
2884 2566 3272 2638 contemplatio
3301 2581 3369 2623 ex

1789 2662 2052 2730 scientia;
2090 2662 2148 2716 in
2173 2662 2297 2717 aliis
2318 2678 2479 2725 vero,
2525 2661 2694 2715 actio.
2754 2660 2833 2715 Ac
2871 2660 3076 2714 utinam
3117 2652 3235 2714 ﬁeri
3269 2673 3368 2729 po-

1789 2755 1994 2817 tuerit,
2032 2760 2092 2806 ut
2139 2753 2195 2806 hi
2243 2753 2527 2817 haeretici,
2579 2752 2626 2809 si
2676 2768 2798 2822 qua:
2844 2751 2900 2806 in
2946 2751 3043 2807 his
3075 2751 3373 2805 traduntur

1790 2844 2204 2900 commentariis
2245 2843 2573 2908 didicerint,
2625 2844 3010 2915 corrigantur,
3058 2851 3113 2897 et
3141 2856 3373 2896 conver-

1790 2936 2062 2991 tanturad
2081 2935 2249 2991 Deum
2279 2937 2711 3006 omnipotentem
2735 2949 2749 2987 :
2782 2935 2866 2989 sin
2895 2940 3077 2988 autem
3105 2940 3368 3002 tanquam

1793 3027 1944 3082 surdi
1973 3035 2256 3098 serpentes
2288 3027 2455 3098 (quod
2488 3042 2629 3083 nove
2657 3026 2878 3098 quidem
2910 3025 3137 3090 dicitur,
3162 3032 3249 3078 est
3279 3040 3374 3079 au-

1794 3128 1902 3175 tem
1953 3119 2478 3191 antiquissimum),
2524 3135 2633 3173 non
2666 3118 2963 3174 exaudiant
2991 3117 3304 3179 canticum,
3339 3131 3372 3170 a

117 3211 220 3274 τοὺς
243 3207 716 3280 φιλομαθοῦντας,
747 3204 1068 3277 παρεθέμην
1094 3219 1110 3235 ο
1139 3206 1263 3269 τοὺς
1289 3204 1346 3259 δὲ
1373 3205 1471 3275 τῆς
1496 3205 1690 3258 ἐπιπο-

1796 3210 1904 3266 Deo
1941 3219 2088 3267 certe
2117 3211 2477 3281 castigentur,
2514 3218 2775 3281 paternas
2808 3207 3206 3263 admonitiones
3249 3222 3372 3277 quae

118 3300 373 3371 λαζοὺσης,
408 3299 532 3354 εἴτε
562 3297 816 3369 ἀμαθίας
848 3297 958 3349 εἴτε
991 3295 1343 3368 ἁϐελτηρίας,
1378 3295 1490 3349 εἴτε
1526 3313 1691 3368 καχε-

125 3390 235 3456 ξίας,
262 3392 359 3445 εἶθ’
384 3392 414 3445 ὃ
444 3409 501 3444 τι
529 3390 743 3461 δήποτε
774 3387 880 3459 χρὴ
924 3386 1108 3440 καλεῖν
1152 3388 1341 3458 αὐτὴν,
1377 3386 1693 3442 ἀποπαῦσαι

122 3483 435 3554 γλιχόμενος,
475 3482 821 3554 μεταπεῖσαι
848 3478 904 3531 δὲ
947 3479 1045 3533 καὶ
1074 3483 1444 3551 προσαγαγεῖν
1471 3482 1537 3551 τῇ
1567 3479 1696 3551 άλη-

124 3573 238 3645 θεία,
263 3574 387 3641 τούς
417 3592 496 3643 γε
550 3574 633 3645 μὴ
685 3570 1034 3626 παντάπασιν
1081 3573 1352 3639 ἀνιάτους,
1378 3571 1691 3645 ἐπιχειρῶν,

124 3666 266 3719 τοῖσδε
299 3665 754 3738 συνεχρησάμην
796 3667 909 3728 τοῖς
937 3663 1135 3733 λόγοις.
1179 3663 1302 3717 Εἰσὶ
1340 3665 1451 3736 γὰρ
1489 3664 1539 3718 οἳ
1572 3664 1694 3718 οὐδὲ

124 3758 375 3830 ἀνέχονται
401 3759 511 3831 τὴν
546 3757 734 3829 ἀρχὴν
774 3757 1078 3810 ἐπακοῦσαι
1111 3755 1221 3810 τῶν
1262 3756 1400 3828 πρὸς
1438 3756 1535 3828 τὴν
1573 3756 1699 3829 ἀλή-

123 3850 247 3905 θειαν
277 3850 748 3924 προτρεπόντων,
792 3847 890 3902 κα)⁸
927 3847 991 3919 δὴ
1034 3848 1297 3920 φλυαρεῖν
1336 3847 1694 3920 ἐπιχειροῦσι,

126 3938 450 4012 βλασφήμως
484 3941 594 4011 τῆς
631 3937 897 4005 ἀληθείας
932 3938 1294 4010 καταχέοντες
1332 3938 1544 4008 λόγους,
1577 3939 1698 4010 σφί-

124 4049 191 4086 σιν
216 4034 395 4098 αὐτοῖς
421 4033 498 4088 τὰ
537 4032 783 4104 μέγιστα
820 4031 928 4085 τῶν
967 4032 1137 4086 όντων
1166 4030 1463 4100 ἐγνωκέναι
1494 4049 1700 4103 συγχω-

126 4124 333 4193 ροῦντες,
362 4127 426 4180 οὐ
448 4123 761 4198 μαθόντες,
781 4123 842 4176 οὐ
867 4122 1224 4195 ζητήσαντες,
1253 4123 1316 4177 οὺ
1345 4124 1696 4190 πονέσαντες,

123 4216 202 4287 οὐχ
223 4218 477 4289 εὑρόντες
507 4214 617 4286 τὴν
662 4212 984 4268 ἀκολουθίαν
1008 4230 1021 4244 ·
1066 4212 1160 4278 οὓς
1203 4213 1479 4285 ἐλεήσειεν
1510 4214 1578 4269 ἄν
1614 4232 1701 4279 τις

125 4306 151 4376 ἢ
173 4310 442 4381 μισήσειεν
471 4308 580 4379 τῆς
608 4303 873 4374 τοιαύτης
893 4305 1245 4377 διαστροφῆς.
1276 4306 1339 4359 El
1372 4306 1430 4360 δέ
1454 4324 1537 4369 τις
1571 4306 1703 4361 ίάσι-

128 4418 207 4469 μος
231 4402 515 4472 τυγχάνει,
567 4397 767 4470 φέρειν
807 4397 1103 4469 δυνάμενος
1139 4399 1217 4463 ὡς
1250 4397 1363 4471 πῦρ
1407 4399 1445 4472 ἢ
1484 4399 1709 4470 σίδηρον

125 4490 207 4560 τῆς
229 4491 492 4565 ἀληθείας
517 4492 627 4563 τὴν
669 4491 1009 4562 παρρησίαν,
1046 4491 1483 4563 ἀποτέμνουσαν,
1525 4492 1705 4546 καίου-

1793 3313 1920 3360 ante
1955 3304 2227 3373 judicium
2257 3303 2411 3357 ’ﬁunt
2457 3303 2729 3374 patienter
2774 3301 3152 3363 sustinentes,
3192 3299 3370 3354 donec

1792 3395 1999 3467 pudore
2028 3395 2204 3452 affecti
2237 3396 2512 3450 ducantur
2545 3393 2901 3465 poenitentia:
2928 3407 3036 3446 non
3066 3398 3247 3446 autem
3275 3404 3376 3461 per

1792 3488 2085 3542 immanem
2119 3486 2546 3542 iuobedientiam
2595 3485 2810 3555 seipsos
2845 3482 3094 3551 injiciant
3141 3483 3196 3536 in
3228 3497 3371 3552 pert-

1793 3578 1997 3633 fectum
2055 3577 2361 3649 judiciuml
2418 3578 2561 3632 Sunt
2608 3577 2756 3632 enim
2806 3575 3054 3647 quaedam
3115 3574 3377 3644 partiales

1794 3670 2120 3742 disciplina},
2141 3686 2281 3742 quas
2300 3677 2501 3725 vocant
2527 3668 2945 3740 castigationes,
2966 3668 3022 3722 in
3046 3682 3186 3737 quas
3213 3665 3374 3719 multi

1792 3777 1862 3818 ex
1890 3763 2098 3818 nostris
2124 3763 2220 3833 qui
2250 3762 2305 3817 in
2334 3761 2535 3817 delicto
2564 3760 2816 3824 fuerunt,
2846 3775 2915 3814 ex
2956 3758 3157 3829 p0pulo
3186 3755 3374 3810 Domi-

1794 3853 1922 3908 nico
1965 3854 2273 3909 dilabentes
2320 3852 2592 3913 incidunt.
2638 3849 2841 3907 Verum
2873 3850 3017 3906 sicut
3049 3864 3080 3903 a
3116 3844 3381 3925 magistro

1796 3934 1883 4000 vei
1906 3952 2062 4015 patre
2092 3944 2286 4014 pueri,
2326 3945 2403 3998 ita
2434 3958 2537 3999 nos
2564 3944 2903 4014 castigamur
2936 3959 2966 3996 a
2990 3940 3155 4013 324
3188 3940 3382 3996 Provi-

1796 4035 2002 4091 dentia.
2045 4034 2194 4091 Deus
2218 4045 2402 4090 autem
2430 4051 2542 4091 non
2582 4037 2743 4105 punit
2785 4035 2891 4104 (est
2931 4035 3076 4089 enim
3127 4034 3377 4103 punitio,

1798 4129 1929 4182 mali
1969 4128 2280 4199 redditio),
2323 4128 2558 4199 castigat
2605 4137 2790 4183 autem
2841 4135 2897 4182 et
2927 4127 3294 4182 communiter
3324 4134 3381 4181 et

1799 4218 2057 4289 privatim
2095 4218 2166 4272 ad
2205 4219 2495 4275 utilitatem
2526 4235 2717 4275 eorum
2749 4218 2841 4288 qui
2884 4218 3201 4289 puniuntur.
3252 4216 3380 4274 Hac

1798 4310 2019 4381 quidem
2050 4309 2288 4374 adduxi,
2319 4310 2518 4381 partim
2553 4311 2699 4382 quod
2730 4311 2923 4366 vellem
2953 4308 3229 4365 adhortari
3265 4319 3383 4365 stu-

1799 4399 1987 4456 diosos
2030 4415 2101 4454 ne
2141 4398 2301 4455 facile
2344 4400 2703 4470 prolabantur
2750 4400 2807 4454 in
2854 4399 3129 4464 haereses;
3184 4400 3383 4469 partim

1803 4498 1986 4547 autem
2009 4498 2068 4545 ut
2096 4491 2164 4547 ab
2191 4492 2294 4548 hac
2316 4506 2439 4562 qute
2468 4492 2720 4547 consistit
2751 4492 2805 4545 in
2835 4490 3122 4562 superﬁcie
3153 4491 3268 4546 sive
3298 4491 3384 4546 in-

130 4597 209 4635 σιιν
236 4584 332 4649 τὰς
356 4583 593 4654 ψευδεῖς
632 4581 795 4646 δόξας
832 4582 1035 4647 αὐτῶν,
1067 4583 1319 4655 ὑπεχέτω
1357 4583 1425 4638 τά
1462 4578 1580 4638 ὦτα.
1606 4585 1694 4656 τῆς

1807 4585 2001 4654 scitia,
2045 4586 2160 4641 sive
2199 4586 2469 4650 stultitia,
2521 4585 2637 4642 sive
2683 4586 2827 4639 mala
2861 4584 3214 4649 habitudine,
3268 4583 3387 4641 sive

126 4676 294 4746 ςυῂς.
325 4679 531 4732 Ἔσται
552 4676 615 4730 δὲ
649 4673 830 4740 τοῦτο,
862 4677 957 4730 ἐὰν
987 4674 1083 4748 μὴ,
1110 4676 1377 4749 ῥᾳθυμεῖν
1409 4677 1703 4748 ἐπειγόμε-

126 4784 209 4830 νοι.
233 4769 664 4825 ἀποδιωθῶνται
686 4766 791 4839 τὴν
819 4766 1098 4839 ἀλήθειαν,
1133 4769 1191 4840 ἢ,
1223 4768 1384 4842 δόξης
1406 4768 1706 4842 ὀριγνώμε-

125 4875 210 4924 νοι,
234 4865 595 4934 καινοτομεῖν
650 4859 942 4931 βιάζωνται
962 4875 982 4891 ο
1011 4859 1316 4933 ῥᾳθυμοῦσι
1353 4863 1451 4933 μὲν
1487 4863 1599 4934 γὰρ
1630 4861 1705 4926 οἱ,

129 4953 278 5023 παρὸν
298 4955 400 5021 τὰς
429 4955 659 5016 οἰκείας
685 4953 808 5015 ταῖς
839 4949 1011 5018 θείαις
1042 4953 1286 5025 Γραιραῖς
1306 4953 1569 5019 ἐξαύτῶν
1597 4953 1707 5010 τῶν

129 5044 333 5117 Γραφῶν
364 5044 712 5119 πορίζεσθαι
738 5044 1058 5112 ἀποδείξεις,
1093 5045 1154 5099 τὸ
1183 5047 1451 5117 παράπαν
1472 5046 1571 5100 καὶ
1589 5048 1708 5109 ταῖς

131 5135 318 5205 ἡδοναῖς
354 5138 549 5195 αὐτῶν
572 5134 1005 5208 συναιρούμενον
1038 5137 1411 5208 ἐκλεγόμενοι.
1456 5138 1627 5209 Δόξης
1649 5137 1708 5192 δὲ

224 5324 280 5383 iis
320 5316 389 5373 Ρ.
421 5317 561 5382 895,
599 5314 716 5371 ED.
756 5313 1055 5384 POTTER,
1091 5313 1196 5370 762
1235 5315 1344 5373 ΕΙ).
1386 5315 1615 5372 PARIS.

188 5472 293 5547 (ἳίῗ)
327 5468 851 5547 Ἐναρτῆς-μῖιοτο
889 5472 1143 5543 ἓνεργής,
1182 5486 1497 5543 perperam.
1543 5470 1705 5527 Sus.

132 5539 217 5615 Is.
246 5539 454 5609 Paris..
477 5539 752 5615 'evspyﬁg.

188 5612 295 5698 (ει)
319 5620 395 5698 ιοι
435 5609 660 5698 ξιωεξὸί.
687 5609 1046 5698 ’Psaj.'t.vttt,
1078 5609 1211 5698 50,76.
1241 5626 1278 5698 ι’
1299 5610 1483 5698 Θυμὸς
1527 5609 1711 5698 αὐτοῖς

134 5678 384 5773 ’τήν
430 5678 712 5773 ὁμοίωσιν
737 5680 833 5766 τοῦ
864 5682 1059 5773 timenti,
1087 5678 1484 5773 $651.&67t’{50§
1519 5680 1713 5766 κωφῆς

138 5754 211 5806 καὶ
237 5747 598 5842 βυοῦσης;’τά
625 5747 745 5806 ὦτα
768 5747 973 5842 αὐτῆςι·
1019 5752 1144 5821 ἥτις
1188 5752 1291 5803 οὐκ
1334 5747 1714 5842 εἰσακούσεται

137 5817 301 5896 φωνὴν
344 5817 715 5896 missum»,
769 5817 1054 5893 φαρμάκου
1095 5838 1154 5876 τι
1217 5817 1713 5894 φαρμακευομένου

140 5894 277 5968 τινὶ
296 5894 504 5969 σοφοῦσ

1806 4693 2135 4749 quocunque
2169 4678 2278 4732 alio
2310 4678 2533 4733 nomine
2559 4692 2679 4733 eam
2708 4692 2908 4732 vocare
2929 4684 3181 4747 oporteat
3198 4714 3215 4740 ,
3240 4675 3388 4730 desi-

1806 4780 1956 4828 stant
1980 4811 1995 4836 ,
2039 4770 2251 4826 edicere
2277 4770 2538 4840 cupiens;
2587 4770 2784 4841 partim
2811 4785 3062 4840 quoque,
3111 4774 3171 4822 ut
3214 4784 3244 4821 a
3275 4769 3390 4837 pri-

1806 4864 1951 4919 stina
1985 4863 2255 4918 sententia
2302 4861 2667 4925 deducerem,
2712 4846 3042 4917 adducerem
3088 4866 3270 4915 autem
3320 4858 3390 4913 ad

1806 4955 2089 5010 veritatem
2123 4970 2221 5009 eos
2252 4955 2344 5025 qui
2380 4969 2489 5009 non
2525 4961 2655 5009 sunt
2680 4952 2906 5007 omnino
2931 4950 3389 5014 immedicabiles,

1809 5065 1943 5105 usus
1968 5064 2090 5104 sum
2115 5049 2203 5104 his
2232 5048 2599 5103 sermonibus.
2627 5046 2767 5100 Sunt
2784 5045 2929 5100 enim
2961 5045 3054 5115 qui
3077 5059 3145 5098 ne
3171 5042 3393 5113 quidem

1811 5139 1868 5195 in
1913 5141 2158 5196 animum
2206 5140 2473 5195 inducunt
2517 5137 2708 5194 audire
2746 5152 2845 5194 eos
2875 5137 2968 5208 qui
3003 5137 3293 5191 hortantur
3321 5135 3392 5190 ad

1882 5469 1997 5541 (22)
2026 5468 2166 5535 Θεὸς
2202 5466 2273 5522 δὲ
2296 5468 2370 5522 οὐ
2393 5466 2466 5522 τ’.
2499 5465 2672 5541 Favet
2699 5463 2959 5519 Clemens
2989 5461 3079 5517 isti
3111 5460 3397 5541 sententi;

1815 5530 2004 5610 (quam
2041 5530 2397 5597 vehementer
2425 5538 2710 5621 amplentus
2751 5541 2855 5621 est“
2879 5542 3068 5621 postea
3106 5530 3394 5621 O'rigenes)

1815 5602 1939 5688 qua:
1974 5625 2195 5666 omnem
2235 5623 2455 5688 penam
2493 5602 2577 5663 v'el
2621 5602 3047 5688 ἐπανορθῴσεως
3082 5602 3393 5688 Villam-pla”-

1815 5626 1939 5680 quaa
1974 5625 2195 5666 omnem
2235 5623 2455 5688 poenam
2493 5622 2577 5663 vet
2621 5622 3047 5727 επανορυωσεως
3082 5622 3168 5657 vei
3209 5622 3393 5688 ﬁta—pa”-

1815 5681 2110 5755 88‘E’rpcfzo;
2137 5694 2305 5755 causa
2331 5677 2783 5755 ἰηίιιοιιιῃὶνυιι.Δ
2838 5674 2925 5728 ide
2946 5688 3077 5755 pag.
3110 5671 3235 5734 668,
3276 5670 3395 5737 Ma,

1816 5745 1954 5805 edit:
1986 5750 2191 5814 Paris.,
2224 5749 2353 5803 licet
2379 5763 2505 5818 pag.
2538 5745 2646 5803 536
2673 5750 2882 5818 certam
2909 5745 3074 5818 etiam
3101 5757 3279 5814 poena:
3306 5757 3395 5797 ra-

1819 5821 2022 5879 tionem
2053 5813 2336 5894 aguOscat,
2366 5813 2673 5891 τιμῶρησιν
2698 5816 2924 5873 dictam.
2956 5813 3182 5871 Lowrs.
3344 5836 3347 5839 ·
