3840 6522
106 338 183 394 δεῖ

1239 327 1694 386 STROMATUM.
1734 325 1863 386 LIB.
1906 325 2045 386 VIII.

3160 344 3266 405 578

105 452 173 507 mi
197 449 341 503 πάντα
359 446 548 518 μᾶλλον
574 447 607 520 ἢ
633 447 787 514 ζῶον.
824 446 989 518 ’Ἄλλη
1012 445 1066 499 δέ
1093 461 1177 508 τις
1205 443 1288 516 εἴη
1314 443 1407 498 τοῦ
1442 441 1571 508 ζώοι

1683 443 1800 513 jam
1835 441 2118 509 didiceris,
2150 441 2240 498 dic
2263 453 2478 514 aperte,
2505 445 2575 504 de
2607 462 2847 519 quonam
2870 463 3105 523 quaeras.
3165 457 3265 514 Sin

103 543 243 614 φύσιςο
271 539 496 609 ἐναργῶς
528 539 638 610 γὰρ
665 539 928 594 ἐδείκνυτο
957 536 1050 591 τοῦ
1080 537 1398 608 πράγματος
1417 536 1582 590 αὑτοῦ

104 632 169 686 τοῦ
208 629 521 700 ζητουμένου,
564 629 706 698 λέγω
734 631 790 684 δὲ
824 629 916 683 τοῦ
951 628 1189 701 ὲμϐρὺου
1211 629 1322 699 (55)
1351 629 1448 700 τῆς
1493 629 1586 698 φύ-

103 722 363 787 σιως,όποία
375 721 455 785 τίς
473 723 621 778 ἐστιν
640 740 655 754 ·
682 723 864 794 ἕτερον
898 722 1139 795 ὑπάρχον
1165 720 1455 793 πρόϐλημα
1473 721 1581 793 (36)

100 818 144 870 τὸ
165 817 261 886 περὶ
305 815 404 871 τῶν
463 815 871 887 σημαινομένων
891 816 958 868 ἐκ
979 813 1073 867 τοῦ
1117 812 1262 874 ζῶον
1299 813 1578 883 ὀνόματος.

97 910 210 976 Λέγω
230 909 402 971 τοίνυν,
436 909 484 961 εἰ
529 908 685 962 τοῦτο
710 909 885 977 λέγεις
931 907 1076 969 ζῶον
1103 907 1164 961 τὸ
1189 907 1478 978 δυνάμενον
1510 908 1584 961 αἱ·

103 1001 317 1054 σθάνεσθαι
361 1019 416 1054 τε
446 1002 540 1055 καὶ
574 1001 857 1072 κινηθῆναι
891 999 1010 1053 καθ’
1046 1000 1242 1070 ὁρμὴν,
1275 999 1410 1064 ζῶόν
1435 1002 1582 1055 ἐστιν

97 1095 162 1161 οὐχ
185 1092 335 1155 ἁπλῶς
358 1092 416 1145 τὸ
445 1093 760 1163 κινούμενον
786 1092 905 1144 καθ’
934 1091 1107 1163 ὁρμὴν
1140 1092 1232 1146 καὶ
1268 1091 1584 1162 αἰσθανόμε-

96 1201 178 1236 νονο
214 1184 403 1236 δύναται
454 1185 564 1256 γάρ
605 1185 697 1238 καὶ
743 1184 1115 1254 κοιμᾶσθαι,ἦ
1170 1183 1244 1254 μὴ
1295 1185 1582 1255 παρόντων

95 1276 166 1328 τῶν
190 1275 424 1345 αἰσθητῶν
451 1276 527 1347 μὴ
565 1275 937 1330 αἰσθάνεσθαι·
973 1277 1033 1328 τὸ
1059 1275 1114 1328 δὲ
1149 1275 1441 1346 δυνάμενον
1467 1277 1580 1347 ἤτοι

93 1369 239 1437 ὁρμᾷν,
286 1368 314 1436 ἢ
365 1368 454 1420 καὶ
503 1367 851 1422 αἰσθάνεσθαι
917 1367 1194 1437 πεφυκὸς,
1252 1365 1390 1432 ζώου
1449 1367 1583 1436 γνὼ-

95 1477 232 1530 pupa.
260 1459 492 1515 Τοιοῦτον
537 1461 646 1532 γάρ
677 1478 726 1514 τι
750 1460 1069 1531 σημαίνεται
1101 1461 1164 1513 ὲκ
1185 1459 1408 1524 τούτων,
1442 1459 1583 1531 πρῶ-

89 1555 251 1622 τονμὲν,
268 1553 376 1606 εἰτὸ
397 1553 696 1624 κυούμενον
727 1552 844 1607 καθ’
873 1552 1047 1624 ὁρμὴν
1081 1552 1155 1624 μὴ
1180 1550 1576 1623 αἰσθάνεσθαιῆ

90 1645 282 1697 κινεῖσθαι
299 1645 507 1699 δύναται
524 1646 660 1715 (5'7),
675 1647 807 1716 ὅπερ
825 1644 1102 1715 πρόκειται
1122 1642 1455 1698 σκοπεῖσθαι·
1472 1643 1585 1696 ’ἐτε-

1683 543 1866 591 autem
1915 536 1969 590 in
2017 536 2360 593 excutiendis
2402 541 2720 600 nominibus
2750 547 3016 613 verseris,
3050 547 3265 605 clarum

1683 636 1766 684 est
1794 628 1940 698 quod
1987 629 2169 698 ipsum
2217 643 2415 688 nomen
2467 630 2626 700 fetus,
2663 649 2841 706 neque
2891 645 2976 694 est
3032 639 3259 704 animal.

1683 737 1862 791 neque
1895 722 2106 791 planta,
2144 721 2238 776 sed
2281 736 2503 788 nomen,
2531 731 2586 780 et
2617 741 2741 792 vox,
2768 735 2822 784 et
2849 743 3073 801 corpus,
3105 738 3162 788 et
3203 733 3262 788 id

1681 813 1829 883 quod
1851 824 1955 878 est,
1983 822 2036 868 et
2065 814 2294 884 aliquid,
2317 822 2371 871 et
2392 815 2610 886 quidvis
2637 818 2825 888 potius
2847 836 3011 891 quam
3031 825 3259 882 animal.

1683 905 1749 960 Et
1783 907 1828 962 si
1861 907 1966 961 hoc
2017 909 2372 977 proposuisti,
2426 909 2597 966 babes
2653 915 3090 984 responsionem.
3150 915 3261 974 Sed

1688 1013 1872 1068 neque
1904 999 2047 1068 quod
2083 999 2418 1070 signiﬁcatur
2464 1016 2532 1056 ex
2569 1004 2789 1059 nomine
2825 1004 2984 1080 fetus,
3021 1012 3106 1062 est
3139 1008 3260 1061 ani-

1689 1090 1799 1144 mal
1829 1110 1842 1144 :
1876 1091 1970 1145 sed
2020 1091 2150 1144 illud
2181 1092 2398 1160 quidem
2451 1099 2538 1148 est
2582 1103 2638 1149 et
2683 1095 3088 1166 incorporeum,
3117 1104 3176 1162 ᾗ(
3203 1103 3261 1152 et

1682 1180 1974 1236 dicendum
2000 1189 2084 1235 cst
2121 1182 2263 1236 idem
2291 1189 2345 1237 et
2391 1199 2505 1237 rem
2539 1192 2593 1238 et
2613 1185 2930 1255 cogitatum,
2959 1195 3013 1240 et
3039 1187 3259 1256 quidvis

1684 1275 1866 1344 potius
1900 1290 2063 1345 quam
2106 1276 2327 1330 animal.
2351 1274 2463 1328 Erit
2497 1283 2677 1331 autem
2708 1279 2955 1346 quaedam
2995 1280 3104 1333 alia
3154 1294 3256 1333 na-

1683 1372 1805 1419 tura
1840 1367 2111 1422 animalis.
2157 1366 2357 1436 Aperte
2406 1367 2550 1422 enim
2605 1377 2888 1425 ostensum
2943 1377 3049 1434 est,
3081 1371 3149 1427 de
3195 1387 3258 1428 re

1683 1458 1800 1529 ipsa
1843 1458 1911 1513 de
1959 1475 2066 1531 qua
2109 1460 2394 1530 quaeritur,
2426 1469 2645 1524 natura,
2675 1463 2922 1533 inquam,
2971 1464 3113 1520 fetus
3151 1466 3253 1537 qui

1680 1557 1766 1605 est
1791 1551 1844 1604 in
1872 1557 2049 1614 utero,
2089 1551 2392 1620 cnjusmodi
2422 1567 2484 1606 ea
2518 1554 2609 1606 sit.
2641 1553 2759 1619 Alia
2791 1561 2875 1609 cst
2900 1571 3021 1625 qua:
3049 1573 3256 1627 propo-

1681 1641 1832 1692 nitur
1857 1641 2090 1710 qumstio
2115 1641 2182 1695 de
2209 1640 2526 1711 signiﬁcatis
2555 1641 2719 1711 hujus
2755 1643 2990 1698 numinis
3023 1650 3245 1703 animal.

87 1752 147 1804 ραν
161 1736 219 1797 δὲ,
238 1738 276 1789 si
296 1736 348 1788 τὸ
375 1728 676 1806 κυούμενον
699 1735 976 1788 αἰσθέσθαι
996 1734 1125 1788 ποτὲ
1144 1735 1174 1805 ἢ
1193 1734 1571 1806 κινηθήσεσθαι

1677 1730 1814 1785 ‘Dico
1835 1748 1984 1802 ergo,
2012 1733 2057 1788 si
2093 1733 2194 1786 hoc
2245 1731 2382 1787 dicis
2412 1734 2610 1787 animal
2644 1734 2787 1804 quod
2828 1741 3006 1804 potest
3044 1738 3252 1791 sentire

83 1827 235 1880 δόναται
261 1826 370 1881 καθ’
393 1829 576 1900 ὁρμήν
596 1845 609 1857 ·
644 1827 762 1881 καθ’
793 1827 820 1879 δ
852 1827 1243 1898 σημαινόμενον
1288 1826 1459 1887 οὐδεὶς
1491 1825 1571 1897 ζη-

1678 1830 1730 1875 et
1760 1821 1963 1876 moveri
1991 1837 2058 1875 ex
2095 1822 2445 1892 appetitione,
2480 1820 2534 1876 id
2585 1822 2788 1878 animal
2831 1830 2914 1878 est
2961 1839 3068 1877 non
3099 1824 3248 1894 quod

83 1921 136 1968 τεῖ
156 1920 352 1989 ἐναργῶς
375 1919 450 1971 δν.
493 1918 761 1990 Ἑζήτητο
779 1919 854 1983 δὲ,
889 1919 1114 1990 πότερον
1142 1917 1278 1982 ζῶόν
1310 1921 1455 1972 ἐστιν
1476 1919 1573 1991 ἤδη

83 2009 348 2080 τὸίμϐρυον,
394 2006 426 2079 ἢ
471 2011 643 2080 φυτὸν
679 2011 798 2063 .ἔτι’
830 2010 1066 2064 κᾶπειτα
1123 2008 1432 2081 μετελήφθη
1473 2009 1570 2063 τοῦ

82 2098 174 2161 «ideo
214 2101 422 2172 τοῦνομα
459 2104 543 2165 εἰς
605 2100 779 2169 λόγον,
818 2102 880 2154 ἶν’
976 2101 1162 2169 σαεές.
1215 2099 1469 2171 Δίσθήσει
1512 2099 1575 2172 δὴ

83 2192 332 2264 καὶκινήσει
365 2195 426 2264 τῇ
489 2192 618 2246 καθ’
653 2193 823 2265 ὁρμὴν
858 2193 1108 2264 εὑρόντες
1149 2176 1280 2244 αὗτὸ
1323 2190 1575 2262 διαφέρον

80 2282 139 2334 τοῦ
177 2285 234 2355 μὴ
270 2284 418 2349 ζώου,
464 2286 635 2338 πάλιν
682 2286 837 2338 τοῦτο
865 2285 1232 2357 διωρισάμεθα
1264 2285 1370 2338 τῶν
1401 2303 1576 2356 παρα-

80 2377 270 2444 κειμένων
296 2377 430 2448 αὒτῷ
465 2379 833 2450 πραγμάτων,
877 2379 1061 2450 ἕτερον
1095 2379 1190 2449 μὲν
1226 2373 1364 2431 εἶναι
1396 2379 1573 2447 φάμε-

78 2467 190 2520 νῡιτδ
211 2468 410 2538 δυνάμει
444 2470 714 2534 τοιοῦτον,
747 2470 774 2522 ὃ
810 2472 974 2541 μήπω
1023 2471 1121 2540 μὲν
1153 2470 1298 2522 ἔστιν
1335 2469 1576 2523 αἰσθανό-

79 2558 185 2625 μενόν
226 2577 275 2612 τε
317 2563 404 2614 καὶ
454 2562 801 2632 κινούμενον,
859 2561 1010 2614 ἔσται
1055 2561 1110 2614 δέ
1144 2578 1270 2614 ποτε
1302 2560 1568 2614 τοιοῦτον·

76 2649 202 2719 ἕτερον
239 2652 284 2706 δὲ
330 2653 387 2707 τὸ
416 2655 540 2709 κατ’
575 2653 856 2726 ἐνέργειαν
901 2653 1141 2724 ὑπάρχον
1176 2654 1274 2725 ἤδη
1301 2654 1566 2707 τοιοῦτον·

77 2740 204 2793 τούτου
226 2743 274 2795 δὲ
315 2744 372 2797 τὺ
420 2745 522 2816 μὲν
563 2745 669 2816 ἤδη
699 2744 976 2816 ἐνεργοῦν,
1004 2746 1064 2798 τὸ
1105 2745 1160 2798 δὲ
1205 2747 1442 2818 ἐνεργεῖν
1474 2746 1571 2816 μὲν

75 2830 306 2904 ἃινὰμενον,
330 2835 612 2909 ἡσυχάζον
635 2837 691 2891 δὲ
720 2837 752 2908 ἣ
781 2835 1120 2907 κοιμώμενον
1139 2853 1151 2865 ·
1185 2835 1341 2889 τοῦτο
1369 2837 1425 2889 δέ
1455 2837 1570 2890 ἐστι

74 2924 112 2975 τὺ
131 2924 420 2998 ζητούμενον.
457 2932 533 2984 Οὐ
563 2930 678 3000 γὰρ
704 2930 768 2981 ὲκ
800 2927 893 2982 τοῦ
920 2927 1211 3000 τρέφεσθαι
1243 2927 1304 2980 τὸ
1334 2927 1569 3000 ἔμϐρυον

71 3013 161 3078 ζῶον
185 3013 296 3072 εἶναι
325 3020 565 3086 λεκτέον,
611 3021 640 3074 ὃ
689 3020 786 3091 τῆς
815 3021 998 3083 οὐσίας
1048 3020 1195 3073 ἐστὶν
1233 3020 1572 3091 ἀποχωρούν-

72 3120 141 3156 των
177 3110 248 3162 τοῦ
292 3112 661 3183 ζητουμένου,
712 3115 821 3175 τοῖς
869 3112 915 3165 δ’
966 3111 1137 3176 ἄλλως
1201 3111 1566 3182 συμϐεϐηκόσι
1594 3143 1634 3202 C

71 3203 358 3272 προσεχόντων
387 3205 480 3259 τὸν
534 3204 689 3258 νοῦν.
724 3203 892 3276 Κοινὴ
923 3204 966 3256 δ’
997 3205 1088 3257 ἐπὶ
1121 3205 1253 3257 πᾶσι
1282 3207 1395 3268 τοῖς
1427 3205 1568 3276 εὑρι-

75 3293 228 3346 uastat
267 3297 581 3368 λεγομένοις
610 3297 866 3351 τέτακται
907 3299 941 3368 η
978 3295 1269 3362 ἀπόδειξις,
1301 3297 1421 3366 ἥτις
1453 3298 1568 3350 ἐστὶ

70 3379 188 3451 λόγος,
215 3388 265 3453 ἐξ
307 3390 510 3462 ἑτέρων
557 3389 748 3462 ἕτερόν
775 3404 828 3441 τι
868 3387 1246 3458 πιστούμενος.
1285 3388 1372 3456 Ἐξ
1405 3381 1478 3442 ὧν
1510 3389 1566 3443 δὲ

71 3474 434 3544 χρὴπιστοῦσθαι
468 3482 532 3535 τὸ
568 3479 920 3552 ζητούμενον,
947 3477 1321 3550 ὁμολογεῖσθαι
1372 3496 1431 3532 τε
1475 3480 1568 3534 καὶ

69 3567 338 3629 γινώσκεσθαι
381 3574 464 3628 δεῖ
519 3572 608 3645 τῷ
658 3571 993 3644 μανθάνοντι.
1041 3571 1205 3644 Ἀρχὴ
1250 3572 1308 3625 δὲ
1365 3572 1568 3626 τούτων

69 3656 245 3716 ἁπάντων
269 3665 379 3719 ἐστὶ
420 3667 484 3720 τὸ
544 3665 688 3736 πρὸς
717 3664 968 3737 αἴσθησίν
993 3681 1053 3716 τε
1081 3665 1174 3717 καὶ
1209 3663 1390 3734 νόησιν
1419 3665 1570 3736 ἐναρ-

67 3749 137 3814 γές·
178 3753 225 3808 Ἡ
253 3760 344 3826 μὲν
373 3754 470 3812 οὖν
506 3757 708 3829 πρώτη
741 3757 1031 3823 ἀπόδειξις,
1061 3758 1124 3810 ἐκ
1151 3756 1359 3809 τούτων
1393 3757 1567 3810 ἁπάν-

65 3855 132 3892 των
156 3845 427 3913 σύγκειται·
463 3851 500 3920 ὴ
533 3849 584 3902 δ’
617 3849 682 3920 ἐκ
727 3849 834 3902 τῶν
872 3849 972 3919 ἥδη
1023 3846 1344 3916 φθασάντων
1379 3847 1570 3901 ἀποδε-

64 3929 218 4002 δεῖχθαι,
251 3941 329 3995 διὰ
364 3942 535 4012 τῆσδε
577 3941 691 4012 (58)
716 3941 876 3995 πάλιν
907 3941 1089 4012 ἕτερόν
1125 3957 1177 3993 τι
1213 3941 1565 4012 περαίνουσα,

192 4031 274 4099 μὲν
298 4033 445 4086 οὐδὲν
464 4029 638 4104 ἧττόν
665 4033 780 4086 ἐστι
807 4033 903 4103 τῆς
925 4031 1212 4104 προτέρας
1243 4033 1304 4085 οὐ
1338 4033 1443 4104 μὴν
1475 4033 1568 4086 καὶ

221 4121 582 4196 ὀνομάζεσθαι
625 4124 866 4190 δύναται,
898 4124 1031 4177 διότι
1065 4123 1185 4196 μηδ’
1224 4125 1287 4177 ὲκ
1337 4122 1566 4196 πρώτων

59 4214 290 4279 πραΰνεται
343 4219 699 4290 προτάσεων.
736 4217 809 4270 Τὸ
863 4217 963 4287 μὲν
1016 4211 1108 4271 οὖν
1161 4215 1376 4288 πρῶτον
1427 4211 1568 4280 εἶδος

59 4299 122 4369 τῆς
136 4307 217 4360 τῶν
233 4307 584 4383 ζητουμένων
609 4311 890 4382 διαφορᾶς,
919 4310 1083 4381 τριῶν
1107 4309 1295 4372 ὄντων,
1321 4307 1562 4378 ἐδείχθη*

56 4391 148 4460 εγω
186 4400 232 4453 δὲ
259 4402 362 4473 (39)
410 4404 498 4467 τδ,
537 4403 643 4474 τῆς
682 4402 870 4465 οὐσίας
905 4402 1332 4473 γινωσκομένηςς
1368 4402 1568 4470 ἀγνοεῖο

1677 1913 1999 1982 simpliciter
2027 1931 2091 1970 ex
2127 1915 2458 1985 appetitione
2485 1923 2734 1971 movetur
2773 1926 2830 1969 et
2885 1918 3072 1980 sentit,
3120 1931 3247 1971 nam

1675 2011 1852 2074 potest
1881 2006 2042 2058 etiam
2076 1991 2336 2068 dormire,
2371 2011 2464 2058 aut
2513 2005 2558 2058 si
2597 2020 2704 2058 non
2767 2004 2948 2059 adsint
2998 2005 3242 2070 sensilia,

1675 2111 1784 2150 non
1832 2097 2056 2152 sentire.
2090 2095 2244 2162 Quod
2272 2104 2450 2151 autem
2476 2103 2652 2166 potest
2686 2097 2768 2150 vel
2800 2097 3002 2166 impelli
3032 2097 3247 2168 appeti-

1673 2194 1843 2252 tione,
1867 2189 1947 2242 tel
1971 2189 2135 2243 etiam
2164 2190 2388 2253 sentire,
2411 2195 2495 2242 est
2524 2203 2554 2241 a
2591 2197 2782 2243 natura
2821 2189 3008 2243 datum
3029 2190 3245 2263 signum

1674 2299 1783 2353 quo
1821 2283 2021 2336 animal
2049 2283 2426 2353 cognoscitur.
2459 2281 2590 2337 Tale
2625 2283 2753 2353 quid
2775 2272 2926 2338 “enim
2956 2298 3021 2337 ex
3049 2283 3133 2338 his
3169 2285 3248 2339 si-

1673 2373 1981 2444 gniﬁcatur.
2017 2371 2259 2427 Primum
2303 2373 2542 2443 quidem,
2576 2388 2642 2428 an
2687 2373 2829 2429 fetus
2857 2373 2947 2444 qui
2996 2375 3050 2427 in
3076 2381 3235 2428 utero

1673 2470 1939 2532 gestatur,
1986 2479 2053 2517 ex
2100 2462 2435 2533 appetitione
2483 2477 2592 2516 non
2645 2463 2856 2518 sentire
2899 2467 2994 2516 aut
3043 2461 3247 2519 moveri

1669 2556 1868 2626 possit,
1920 2555 2065 2626 quod
2105 2553 2327 2626 quidem
2373 2555 2696 2624 proponitur
2740 2554 3242 2610 considerandum:

1672 2646 1902 2702 alterum
1933 2653 2134 2711 autem,
2164 2661 2233 2700 an
2285 2643 2427 2700 l‘etus
2453 2645 2544 2714 qui
2569 2655 2816 2715 gestatur
2841 2646 2895 2700 in
2929 2652 3105 2709 utero,
3148 2645 3250 2699 ali-

1670 2741 1891 2814 quando
1933 2741 2136 2796 sentire
2166 2747 2259 2792 aut
2284 2739 2490 2793 moveri
2535 2745 2715 2808 potest
2748 2755 2814 2795 ex
2859 2740 3196 2810 appetitione
3227 2753 3243 2792 :

1671 2838 1728 2894 in
1765 2854 1874 2908 quo
1907 2837 2214 2908 signiﬁcato
2255 2849 2415 2889 nemo
2461 2836 2677 2904 quaerit,
2713 2849 2835 2889 cum
2884 2835 2956 2888 sit
2997 2832 3244 2889 evidens.

1671 2928 1966 2996 Quaesitum
2008 2934 2187 2982 autem
2224 2928 2420 2991 fuerat,
2447 2933 2631 2978 utrum
2681 2922 2823 2978 fctus
2856 2922 2972 2991 jam
3019 2923 3092 2978 sit
3126 2923 3248 2976 ani-
3308 2955 3310 2958 τ

1671 3021 1802 3083 mal,
1823 3036 1891 3074 an
1925 3019 2088 3074 etiam
2116 3018 2294 3072 adhuc
2323 3018 2504 3087 planta
2532 3015 2761 3083 ;deinde
2781 3029 2977 3069 nomen
2995 3015 3247 3070 animalis

1669 3113 1984 3167 traductum
2025 3119 2110 3167 est
2160 3111 2228 3166 ad
2283 3110 2679 3171 deﬁnitionem,
2715 3113 2772 3160 ut
2817 3115 2963 3162 esset
3012 3104 3245 3162 manife-

1665 3212 1832 3260 stum.
1865 3204 1999 3258 Cum
2028 3211 2209 3257 autem
2240 3218 2304 3258 ex
2345 3217 2511 3256 sensu
2544 3206 2597 3254 et
2628 3209 2778 3252 motu
2813 3196 3125 3268 appetendi,
3158 3196 3246 3250 in-

1663 3298 2005 3353 venissemus
2035 3295 2212 3365 ipsum
2242 3293 2461 3349 diﬁ'erre
2497 3308 2525 3345 a
2549 3307 2659 3345 non
2691 3288 2937 3352 animali,
2971 3287 3025 3341 id
3048 3302 3243 3344 rursus

1667 3390 2026 3446 distinximus
2080 3405 2111 3442 a
2151 3389 2318 3443 rebus
2366 3387 2414 3442 ei
2469 3382 2741 3454 adjunctis
2766 3423 2781 3449 ,
2814 3380 3058 3436 dicentes
3096 3376 3243 3432 aliud

1666 3481 1888 3553 quidem
1918 3497 2043 3537 esse
2073 3480 2126 3535 id
2161 3479 2305 3551 quod
2341 3485 2614 3550 potestate
2647 3483 2733 3531 est
2771 3473 2901 3538 tale,
2929 3470 3076 3542 quod
3104 3485 3244 3524 non-

1665 3575 1792 3630 dum
1824 3575 2047 3645 quidem
2085 3574 2254 3629 sentit
2283 3582 2336 3628 et
2362 3577 2630 3634 movetur,
2657 3567 2764 3624 erit
2789 3572 2968 3621 autem
2995 3564 3246 3632 aliquan-

1665 3665 1734 3720 do
1758 3667 1905 3722 talec
1939 3667 2170 3720 alterum
2206 3673 2408 3729 autem,
2443 3662 2590 3734 quod
2649 3667 2777 3715 actu
2813 3659 2926 3729 jam
2978 3663 3061 3712 est
3111 3654 3244 3712 tale.

1665 3757 1839 3828 Hujus
1869 3766 2048 3814 autem
2085 3765 2168 3813 est
2191 3756 2338 3811 aliud
2367 3756 2585 3827 quidem
2617 3751 2764 3824 quod
2797 3751 2910 3820 jam
2940 3748 3071 3819 agit,
3097 3745 3246 3800 aliud

1666 3859 1868 3916 autem,
1901 3851 2046 3921 quod
2089 3865 2250 3922 agere
2281 3849 2502 3920 quidem
2541 3852 2742 3918 potest,
2769 3842 3006 3914 quiescit
3062 3846 3244 3893 autem

1665 3944 1750 3999 vel
1778 3943 1981 3998 dormit
2007 3961 2030 4004 τ,
2055 3944 2160 3998 hoc
2187 3952 2274 3999 est
2317 3949 2498 3998 autem
2532 3940 2584 3994 id
2615 3937 2760 4008 quod
2795 3935 3078 4006 queritur.
3113 3931 3235 3985 Non

1665 4031 1808 4088 enim
1848 4047 1914 4086 ex
1943 4047 2009 4086 eo
2041 4031 2188 4100 quod
2237 4032 2416 4084 alatur
2469 4029 2634 4091 fetus,
2660 4025 2952 4082 dicendum
2988 4027 3072 4076 est
3120 4033 3246 4075 esse

1667 4126 1889 4187 animal,
1922 4123 2066 4195 quod
2124 4123 2344 4192 quidem
2381 4130 2466 4176 est
2521 4135 2710 4174 eorum
2742 4119 2833 4188 qui
2886 4116 3149 4170 recedunt
3170 4112 3242 4167 ab

1665 4215 1927 4277 essentia,
1965 4216 2034 4269 iis
2063 4221 2244 4268 autem
2274 4228 2395 4282 qua:
2428 4212 2629 4280 alioqui
2683 4207 2940 4263 accidunt
3003 4214 3240 4262 mentem

1667 4310 1944 4366 adhibent.
1995 4306 2056 4362 in
2107 4305 2365 4360 omnibus
2409 4312 2590 4359 autem
2625 4317 2745 4372 quae
2777 4300 3037 4355 dicuntur
3091 4297 3243 4352 inve-

1669 4402 1798 4466 niri,
1845 4399 2027 4470 posita
2054 4406 2139 4452 est
2169 4394 2592 4460 demonstratio,
2617 4408 2738 4462 qua:
2766 4391 2984 4462 quidem
3016 4395 3099 4443 est
3118 4402 3246 4444 ora-

58 4483 138 4537 σθιί
177 4507 219 4542 τι
268 4494 372 4549 τῶν
427 4495 618 4568 ἔργων
647 4493 682 4565 ἢ
715 4493 902 4548 παθῶν
936 4493 1129 4564 αὐτῆςο
1163 4493 1388 4564 δευτέρα
1421 4491 1462 4544 δ’
1493 4486 1560 4562 ἦν

1674 4493 1764 4557 tio,
1799 4506 1921 4562 quae
1954 4490 2150 4561 probat
2179 4486 2326 4540 aliud
2369 4501 2433 4540 ex
2465 4484 2608 4541 aliis.
2638 4483 2714 4537 Ea
2737 4491 2919 4537 autem
2946 4495 3014 4534 ex
3043 4478 3244 4568 quibus

53 4573 216 4651 ita-sagit
241 4586 674 4657 προϐλημάτων,
705 4586 788 4654 ἐφ’
811 4579 869 4639 οὗ
909 4585 976 4638 τὰ
1018 4585 1114 4655 μὲν
1139 4583 1274 4655 ἔργα
1301 4585 1392 4638 καὶ
1417 4582 1561 4654 πάθη

54 4667 312 4744 γινώσκομεν
329 4677 604 4740 ἅπαντες,
635 4673 936 4744 ἀγνοοῦμεν
973 4674 1028 4727 δὲ
1058 4674 1156 4746 τὴν
1184 4675 1370 4729 οὐσίαν
1390 4692 1402 4707 ·
1427 4671 1560 4740 οἷον,

51 4753 88 4806 ὲν
109 4761 188 4815 τίνι
215 4766 315 4838 (40)
347 4768 445 4822 τοῦ
488 4768 750 4838 σώματος
776 4765 950 4838 μορίῳ
987 4767 1046 4820 τὸ
1079 4767 1401 4838 ἡγεμονικόν
1440 4769 1557 4822 ἐστι

51 4846 116 4916 τῆς
142 4853 292 4929 ψυχῆς
318 4859 402 4930 (ti
415 4867 459 4931 ).

93 5093 209 5157 ἆΡ.
241 5099 341 5156 913
377 5100 496 5156 ΕΙ).
538 5098 841 5167 POTTER,
878 5099 979 5156 7'76
1017 5098 1126 5156 ΕΙ).
1169 5097 1386 5154 PARIS.

198 5257 306 5332 [οὗ
337 5257 630 5332 ἐμϐρύου.
663 5256 754 5329 Τῷ
785 5256 1020 5332 ἐμϐρόῳῗ
1046 5272 1151 5312 ms.
1180 5254 1358 5332 Paris.

88 5320 171 5397 ‘36)
197 5320 464 5396 Ἕτερον-⁷
501 5320 781 5397 ὑπάρχὸν
817 5320 1168 5396 ’πρόϐλημα
1232 5325 1388 5397 Ηεεο
1424 5339 1551 5397 cum

45 5394 349 5470 melioribus
377 5394 766 5470 connecten’da
793 5394 967 5465 erant,
987 5394 1128 5470 quod
1154 5413 1275 5470 non
1305 5395 1556 5470 animad-

46 5464 159 5542 ξςηιε
176 5464 466 5542 interpres.
509 5467 721 5542 sensus
747 5485 802 5523 η.
835 5464 1332 5542 εβιέίιῖιαξειὶοηοω
1367 5467 1436 5522 de
1460 5480 1556 5520 va-

41 5538 424 5608 lflsgigniﬁcatis
455 5539 613 5596 vocis
637 5539 774 5603 ζῶον
826 5538 1139 5594 distinctam
1184 5543 1407 5593 omnino
1433 5551 1558 5608 esse

43 5597 201 5679 ξξδίιιὶ.
232 5624 338 5676 qua
380 5612 452 5666 de
501 5597 700 5664 natura
748 5609 1020 5676 animalis,
1071 5609 1125 5664 in
1162 5623 1272 5679 quo
1305 5609 1410 5664 sita
1459 5607 1552 5670 sit,

39 5661 336 5753 ἀίξεεριξιὶιῖέ
369 5661 610 5753 ista:

46 5743 169 5822 ..δη
376 5749 582 5822 ὁρμὴν
612 5750 698 5819 μὴ
746 5750 1131 5822 αἰσθάνεσθαι
1166 5749 1208 5822 ἢ
1261 5748 1554 5822 κ’νεῖσθξιι

39 5818 241 5870 avi-arat.
274 5818 646 5877 Scribendum
679 5821 800 5892 :Mi;
821 5820 1167 5876 αἰσθάνεσθαι
1184 5820 1215 5889 ἦ
1235 5820 1356 5872 καθ’
1377 5818 1556 5889 ὁρμὴν

1671 4581 1936 4653 probatur
1971 4579 2023 4634 id
2053 4576 2198 4650 quod
2223 4577 2506 4647 quaeritur,
2545 4581 2762 4644 oportet
2791 4586 2915 4628 eum
2953 4570 3044 4640 qui
3081 4567 3246 4623 discit

1670 4671 1918 4729 conﬁteri
1947 4680 2002 4726 et
2032 4683 2388 4742 cognoscere.
2421 4666 2631 4722 Horum
2657 4673 2840 4721 autem
2885 4661 3131 4718 omnium
3159 4665 3247 4714 est

1663 4765 2018 4837 principium,
2045 4764 2099 4818 id
2129 4763 2274 4834 quod
2301 4769 2385 4817 est
2409 4759 2639 4816 evidens
2660 4773 2828 4813 sensu
2857 4762 2912 4811 et
2941 4753 3246 4820 intelligen-

1670 4859 1766 4914 tia.
1801 4859 1980 4928 Atque
2021 4858 2196 4929 prima
2229 4855 2452 4927 quidem
2502 4839 2900 4909 demonstratio
2930 4853 3147 4904 constat
3178 4857 3244 4897 ex

1660 5251 1924 5308 κινεῖσθαι
1942 5251 2163 5305 δύναται
2182 5266 2195 5280 ·
2228 5267 2246 5298 ι
2266 5263 2376 5303 non
2405 5253 2583 5317 potest
2612 5244 2836 5317 sentire,
2856 5242 3246 5317 autappetitio-

1661 5340 1730 5379 ne
1753 5323 1976 5379 moveri.
1991 5341 2010 5374 ι
2037 5321 2127 5376 Sic
2149 5324 2312 5390 paulo
2329 5315 2456 5373 ante
2481 5336 2505 5390 εγ
2524 5315 2970 5390 Αῑσθάνεσθαίιτε
2991 5315 3085 5367 καὶ
3100 5331 3248 5390 κινητ

1662 5393 1818 5466 θῆναι
1871 5393 1993 5466 καθ’
2045 5383 2255 5466 όρμήν·
2293 5397 2348 5444 et
2381 5388 2568 5466 statim
2603 5402 2616 5437 :
2646 5386 2706 5466 τὸ
2759 5383 3244 5466 κινούμενονβρθ

1662 5410 1818 5466 υηναι
1871 5410 1990 5446 mu
2045 5410 2255 5514 ορὲιην·
2293 5410 2348 5444 et
2381 5410 2568 5444 statim
2603 5410 2616 5437 :
2646 5410 2706 5439 το
2759 5410 3226 5466 κινουμενυνμιαυ

1660 5465 1857 5536 ὁρμὴν,
1882 5463 1977 5517 καὶ
2009 5465 2100 5518 ala
2139 5462 2424 5531 ανόμενον.
2459 5458 2590 5514 Dein
2614 5457 2824 5528 εόρμᾷν
2857 5456 2891 5527 ἢ
2926 5455 3020 5508 καὶ
3055 5453 3239 5507 αισθά·

1661 5535 1866 5589 νεσθαι.

1739 5627 1852 5696 (58)
1872 5625 1976 5682 Διὰ
2003 5625 2214 5694 τῆσδε.
2250 5623 2444 5679 Melius
2478 5623 2751 5692 legeretur
2767 5617 2874 5672 τῶν
2903 5616 2982 5670 δέ.
3012 5615 3242 5670 Low'ra.

1711 5721 1845 5789 '(59)
1881 5717 2046 5790 Λέγω
2083 5718 2184 5790 μδέ.
2237 5716 2454 5788 Repetit
2513 5729 2635 5784 quat
2694 5712 2948 5781 superius
3003 5708 3242 5774 dixerat,

1661 5808 1713 5862 p.
1745 5788 1879 5855 775,
1921 5788 2052 5845 edit.
2078 5788 2254 5845 Paris.
