3840 6518
127 313 202 373 581
1310 313 1736 375 STROMATUM
1777 317 1904 378 ΜΒ.
1945 315 2078 377 Vlll.

3198 337 3305 394 582

116 433 196 486 εἴτε
217 428 406 484 πιστέον
425 431 597 504 αὐτῇ,
633 433 741 487 εἴτε
788 435 879 489 καὶ
906 435 1000 506 μή.
1036 435 1153 489 Ἔτι
1198 437 1248 490 εί
1295 435 1452 490 τοῦτο
1495 439 1589 492 αὐτ

1696 440 1964 502 λεὶοιιεω.
2009 439 2293 506 Quomodo
2346 445 2674 515 respondeat
2719 447 2878 504 etiam
2917 449 2984 505 ad
3013 456 3304 522 rogatum?

115 524 198 576 ἐστι
218 521 269 576 τὸ
286 519 480 592 ἀληθὲς
507 524 572 610 ea
603 526 678 596 μὴ
700 527 891 582 εἰδέναι
921 527 984 580 τὸ
1018 527 1232 598 ἀληθὲς,
1269 529 1388 582 οὐδὲ
1407 530 1506 602 τὴν
1531 530 1629 601 ἀρ-

115 611 439 684 χὴγάληθέςτι
473 617 611 686 παρ’
650 618 858 673 ἐκείνου
903 619 1120 673 δίδοται.
1163 621 1226 672 Εί
1254 621 1310 674 δὲ
1334 622 1429 674 καὶ
1470 620 1628 675 τοῦτο

111 702 538 773 ἀμφισϐητήσιμον
596 707 732 778 ἐρεῖ,
764 707 824 762 τὸ
852 711 1062 777 ἀγνοεῖν
1103 709 1349 782 τάληθὲς,
1379 713 1437 765 ὲν
1477 711 1624 782 αὐτῷ

111 794 238 864 τούτῳ
266 794 470 848 δίδωσιν
533 793 676 854 εἶναι
704 799 767 852 τὸ
811 801 1007 872 ἀληθὲς
1048 802 1340 874 γνώριμον,
1373 804 1430 856 ὲν
1457 798 1501 870 ᾧ
1525 804 1625 874 τὴν

109 887 201 956 περὶ
224 886 366 940 αὑτοῦ
391 887 612 960 ἐποχὴν
645 892 890 959 φαίνεται
914 893 986 963 μὴ
1018 892 1246 962 βεϐαιῶν
1295 893 1425 964 (49).
1470 895 1531 947 Εί
1567 893 1623 947 δὲ

73 1036 80 1045 ,
110 977 263 1046 αἵρεσίς
283 977 387 1048 (50)
416 980 543 1032 ἐστι
574 971 892 1052 πρόσκλισις
921 983 1225 1054 δογμάτων,
1267 984 1322 1054 ἣ,
1355 984 1430 1047 ὥς
1457 1001 1618 1058 τινες,

105 1064 354 1135 πρόσκλισις
379 1066 622 1138 δόγμασι
644 1070 855 1133 πολλοῖς
885 1071 1202 1127 ἀκολουθίαν
1242 1074 1378 1145 πρὸς
1415 1073 1619 1144 ἄλληλα

105 1158 170 1209 ul.
192 1157 245 1210 τὰ
269 1158 568 1229 φαινόμενα
622 1163 947 1233 περιέχουσα
981 1164 1112 1236 (51),
1158 1165 1292 1237 πρὸς
1324 1165 1385 1218 τὸ
1430 1162 1486 1219 εὖ
1519 1166 1616 1236 ζῇν

105 1249 399 1304 σιντείνουσα·
452 1254 553 1306 καὶ
600 1255 662 1306 τὸ
709 1257 805 1324 μὲν
833 1256 1004 1326 δόγμα
1047 1259 1164 1311 ἐστὶ
1209 1260 1510 1329 κατάληψίς
1535 1277 1618 1323 τις

99 1342 254 1413 λογική’
281 1341 587 1414 κατάληψις
625 1347 681 1398 δὲ
711 1348 819 1414 ἕξις
852 1349 940 1401 καὶ
969 1350 1358 1419 συγκατάθεσις
1377 1352 1476 1421 τῆς
1502 1351 1617 1405 δια-

98 1435 220 1496 νιὶιιςσ
244 1437 296 1488 οὐ
326 1436 494 1506 μόνον
533 1438 584 1490 οι
615 1439 890 1507 ἐφεκτικοὶ
918 1440 1050 1513 (52),
1081 1442 1216 1496 ἀλλὰ
1245 1442 1337 1494 καὶ
1368 1445 1473 1505 πᾶς
1493 1443 1616 1512 δογ-

99 1527 269 1595 μιτικὺς
295 1528 348 1580 ἐν
378 1546 530 1584 τισιν
561 1531 782 1601 ἐπέχειν
806 1532 1014 1596 εἴωθεν,
1056 1534 1172 1604 ἦτοι
1215 1533 1365 1605 παρὰ
1391 1535 1616 1606 γνώμης

93 1617 331 1682 ἀσθένειαν,
385 1620 420 1690 ἢ
474 1622 636 1692 παρὰ
690 1623 1026 1694 πραγμάτων
1056 1625 1344 1696 ἀσάφειαν,
1397 1625 1612 1697 ἤπαρὰ

91 1710 259 1778 τὴντῶν
287 1711 458 1779 λόγων
497 1713 826 1769 ίσοσθενίαν.

1727 545 1853 584 nam
1883 531 2090 585 clarum
2113 542 2196 588 est
2224 548 2345 589 eum
2368 535 2434 591 de
2465 539 2567 592 hoc
2587 553 2694 592 non
2722 542 2994 597 sustinere
3024 545 3304 599 assensio-

1727 637 1872 676 nem.
1925 621 2090 693 Atqui
2132 639 2191 678 se
2219 626 2493 682 sustinere
2536 631 2906 686 assensionem
2957 635 3298 704 pronuntiat.

1725 710 1880 776 Quod
1914 713 2192 782 sequendo
2221 715 2268 768 si
2297 725 2544 786 Oporteat
2592 734 2694 774 nos
2738 719 2804 774 de
2847 723 3010 778 rebus
3040 726 3298 780 omnibus

1735 802 2009 858 sustinere
2043 806 2433 874 assensioncm,
2467 807 2534 862 de
2564 808 2680 879 ipsa
2713 813 3047 868 assensionis
3076 822 3296 874 susten-

1722 893 1869 947 tione
1919 897 2293 951 assensiouem
2337 899 2569 967 primum
2619 902 3029 966 sustinebimus,
3072 905 3213 962 sitne
3244 907 3294 961 ei

1719 983 2071 1049 credendum,
2111 1002 2178 1040 an
2209 1003 2335 1041 non.
2374 989 2640 1046 Praeterea
2671 993 2717 1046 si
2755 992 2860 1046 hoc
2889 993 3065 1062 ipsum
3097 1012 3286 1051 verum

1718 1079 1824 1135 est,
1849 1073 1992 1141 quod
2018 1087 2201 1128 verum
2226 1077 2523 1144 ncsciatur,
2541 1094 2714 1148 neque
2739 1081 2962 1136 omnino
2985 1083 3098 1137 veri
3131 1085 3294 1154 quid-

1725 1179 1890 1237 quam
1922 1165 2100 1220 abillo
2123 1167 2310 1221 datur:
2343 1169 2388 1223 si
2420 1177 2598 1226 autem
2634 1172 2701 1227 de
2730 1172 2833 1226 hoc
2889 1189 3106 1246 quoque
3146 1177 3292 1231 dicet

1725 1254 1967 1311 dubitari
1997 1274 2178 1327 posse,
2212 1275 2279 1313 an
2314 1267 2371 1323 ᾖ
2396 1277 2582 1316 verum
2616 1264 2912 1334 ignoretur,
2954 1282 3020 1321 eo
3048 1268 3167 1338 ipso
3195 1269 3290 1324 tlat

1716 1361 1902 1410 verum
1931 1351 2187 1418 cognosci
2214 1366 2393 1420 posse,
2424 1353 2566 1422 quod
2596 1369 2748 1408 suam
2768 1353 2835 1410 de
2866 1357 2985 1424 ipso
3011 1360 3288 1414 assensio-

1714 1437 1804 1493 nis
1828 1439 2229 1494 sustentionem
2262 1441 2512 1496 videatur
2544 1458 2652 1496 non
2686 1445 3031 1502 conﬁrmare.
3054 1447 3210 1513 Quod
3239 1449 3286 1502 si

1715 1529 1940 1584 haeresis
1981 1541 2062 1584 est
2090 1530 2400 1601 dogmatum
2453 1533 2755 1602 inclinatio,
2805 1544 2918 1600 aut,
2967 1545 3026 1591 ut
3057 1540 3284 1609 quidam

1713 1620 1920 1683 dicunt,
1953 1620 2236 1675 inclinatio
2272 1636 2392 1690 quae
2439 1623 2626 1677 multis
2679 1623 3026 1693 dogmatibus
3075 1629 3285 1697 praebet

1713 1714 2156 1784 consequentiam
2183 1716 2324 1770 inter
2354 1730 2412 1770 se
2431 1721 2485 1768 et
2510 1731 2571 1770 ea
2597 1732 2716 1788 quae
2740 1727 3020 1787 apparent,
3051 1719 3283 1776 tendens

89 1801 136 1854 ad
154 1811 271 1858 recte
301 1805 636 1862 vivendum:
676 1815 731 1862 et
759 1809 950 1879 dogma
979 1818 1063 1865 est
1104 1813 1349 1880 quaedam
1377 1825 1496 1880 quae
1543 1809 1600 1862 ﬁt
1637 1807 1848 1862 ratione
1871 1807 2319 1877 comprehensio:
2352 1807 2768 1878 comprehensio
2798 1822 2978 1866 autem
3041 1820 3125 1867 est
3182 1813 3282 1867 ha-

87 1892 191 1948 bitus
212 1902 257 1948 et
281 1897 534 1952 assensio
562 1898 769 1954 animi:
801 1915 907 1954 non
940 1901 1116 1956 solum
1147 1901 1438 1971 ephectici,
1499 1899 1594 1954 sed
1632 1898 1793 1954 etiam
1823 1898 2051 1968 quilibet
2103 1895 2464 1968 dogmaticus,
2513 1899 2568 1953 in
2596 1902 2872 1957 nonnullis
2935 1901 3073 1958 solet
3108 1903 3281 1956 susti-

87 1997 176 2037 nere
199 1988 590 2056 assensionem,
633 1999 728 2046 aut
774 2000 994 2063 propter
1023 1996 1223 2050 mentis
1251 1993 1698 2058 imbecillitatem,
1729 1998 1823 2046 aut
1854 2006 2039 2046 rerum
2087 1990 2501 2060 obscuritatem,
2563 2001 2656 2048 aut
2712 1996 2856 2051 vires
2916 1995 3153 2066 aquales
3184 2009 3274 2048 ra-

81 2077 255 2132 tionum.

1495 2189 1723 2251 CAPUT
1763 2187 1853 2244 VI.

515 2305 602 2361 De
625 2323 829 2377 genere,
855 2310 1118 2378 speciebus
1147 2320 1197 2366 et
1222 2309 1555 2380 differentiis,
1582 2318 1632 2364 et
1653 2308 1772 2378 quis
1810 2305 1882 2359 sit
1912 2319 2097 2358 eorum
2125 2319 2252 2358 usus
2275 2305 2331 2358 in
2360 2304 2754 2374 deﬁnitionibus

120 2414 174 2468 Δί
200 2415 302 2469 τῶν
332 2417 653 2496 ζητῄσεων
672 2422 786 2496 (55)
827 2424 1027 2494 ἔφοδοι
1049 2425 1146 2478 καὶ
1180 2427 1356 2496 ἁρχαὶ
1396 2425 1526 2494 περὶ

1700 2420 2061 2488 Quaestionum
2084 2420 2466 2496 insinuatioues
2491 2429 2542 2472 et
2566 2419 2824 2488 principia
2851 2418 2994 2474 circa
3015 2421 3124 2477 Itaac
3139 2432 3188 2477 et
3216 2423 3268 2477 in

354 2489 559 2543 ταῦτα
587 2489 694 2544 καῖ
714 2489 783 2546 ἐκ
814 2489 1046 2561 τούτοις
1067 2489 1243 2550 static.

121 2573 419 2645 Προτακτέον
447 2579 518 2650 δὴ
549 2582 647 2634 καὶ
671 2582 780 2636 τῶν
807 2584 970 2654 ὅρων,
1002 2586 1094 2638 καὶ
1120 2585 1228 2639 τῶν
1248 2584 1590 2651 ἀποδείξεων,

69 2664 136 2714 χιι
157 2665 475 2739 διαιρέσεων,
511 2673 772 2741 ποσαχῶς
803 2673 1014 2743 λέγεται
1035 2675 1094 2728 τὸ
1131 2674 1480 2746 ζητούμενον·
1527 2676 1595 2730 τά

69 2771 110 2805 τε
128 2758 353 2831 ὁμώνυμα
384 2764 705 2834 χειριστέον
729 2765 860 2835 (54),
887 2767 1064 2820 καὶτὰ
1095 2766 1383 2837 συνώνυμα
1413 2768 1594 2839 εὐκρι-

66 2848 140 2909 νῶς
160 2854 363 2908 τακτέον
397 2855 555 2908 κατὰ
602 2856 704 2920 τὰς
750 2859 1040 2928 σημασίας
1073 2859 1261 2912 ἔπειτα
1312 2860 1590 2930 ζητητέον,

66 2940 97 2987 εἰ
113 2939 196 2994 τῶν
218 2943 345 3013 πρὸς
368 2946 549 3018 ἕτερα
579 2945 968 3019 θεωρουμένων
996 2951 1111 3002 ἐστὶ
1130 2951 1190 3003 τὸ
1211 2951 1588 3022 προκείμενον,

57 3028 82 3096 ἢ
104 3032 196 3084 καθ’
216 3036 338 3089 αὐτὸ
359 3036 736 3108 λαμϐάνεται·
766 3040 858 3092 ἐπὶ
883 3041 1108 3105 τούτοις,
1135 3043 1182 3094 εἰ
1207 3040 1341 3103 ἔστι,
1370 3041 1422 3093 τί
1451 3043 1586 3104 ἐστι,

61 3123 94 3169 τί
131 3124 253 3196 αὑτῷ
290 3129 678 3202 συμϐέϐηκεν
717 3130 750 3201 ἢ
778 3133 869 3184 καὶ
903 3132 1093 3196 οὕτως,
1127 3136 1175 3186 εἰ
1201 3132 1339 3195 ἔστι,
1369 3133 1420 3185 τί
1449 3135 1584 3199 ἐστι,

54 3211 150 3296 ibist
173 3218 289 3272 ἔστί.
321 3223 480 3292 Πρὸς
533 3223 595 3277 δὲ
623 3225 722 3295 τὴν
759 3225 960 3278 τούτων
991 3225 1222 3296 Θεωρίαν
1263 3227 1297 3296 ἡ
1327 3225 1434 3279 τῶν
1463 3225 1585 3294 καθ’

56 3295 210 3354 iusta
236 3308 432 3372 γνῶσις
466 3311 570 3363 καὶ
591 3311 625 3381 ἠ
653 3312 760 3364 τῶν
786 3313 1008 3366 καθόλου
1042 3295 1431 3368 συνυποὸάλλει
1447 3315 1581 3385 (55),

55 3389 192 3447 καὶτὰ
219 3398 490 3473 πρότερα,
551 3403 650 3455 καὶ
677 3401 746 3454 τὰ
801 3403 894 3456 ἐπὶ
940 3403 1038 3467 τὰς
1067 3403 1346 3475 διαφορὰς,
1397 3406 1489 3458 καὶ
1526 3405 1582 3456 αἱ

52 3479 281 3552 διαιρέσεις
305 3492 523 3547 αὐτῶν.
554 3493 623 3546 Ἦ
659 3494 757 3564 μὲν
786 3490 878 3548 οὖν
899 3495 1157 3566 ἐπαγωγὴ
1187 3495 1298 3566 (56)
1345 3497 1500 3567 φέρει.
1523 3495 1585 3548 τδ

51 3572 224 3630 καθόλου
244 3581 455 3636 καὶτὸν
501 3582 752 3653 ὁρισμόν·
784 3585 838 3636 αι
861 3584 917 3636 δὲ
936 3584 1224 3656 διαιρέσεις
1247 3585 1316 3638 τὰ
1347 3586 1458 3655 εἴδη
1489 3587 1581 3639 καὶ

47 3663 148 3717 τὸτί
170 3665 228 3739 ἦν
253 3667 391 3727 εἶναι
433 3673 568 3746 (57)
614 3675 710 3727 xui.
738 3675 798 3728 τὸ
828 3676 1042 3747 ἄτομον·
1079 3679 1112 3747 ὴ
1146 3677 1202 3730 δὲ
1238 3678 1438 3748 θεωρία
1473 3671 1580 3731 εοῦ

2352 2490 2433 2543 Itis
2469 2500 2613 2543 sunt.

1764 2582 1906 2637 Ante
1936 2581 2280 2636 deﬁnitiones
2308 2589 2512 2646 autem,
2547 2581 3066 2644 demonstrationes.
3100 2593 3156 2638 et
3183 2585 3268 2638 di-

1695 2674 1952 2740 visiones,
1984 2675 2134 2744 prius
2166 2673 2475 2744 ponendum
2517 2684 2602 2728 est
2643 2680 2777 2743 quot
2822 2675 3000 2731 modis
3049 2675 3266 2731 dicatur

1695 2765 1768 2831 id,
1805 2765 1948 2835 quod
1978 2765 2273 2835 quaeritur:
2305 2775 2359 2819 et
2401 2765 2686 2818 tractanda
2740 2773 2868 2820 sttnt
2912 2767 3260 2837 homonyma,

1692 2863 1747 2910 et
1787 2871 2085 2926 synonyma
2109 2863 2234 2911 sunt
2266 2869 2387 2926 apte
2421 2863 2475 2909 et
2503 2855 2762 2910 distincte
2791 2857 3040 2926 ponenda
3062 2873 3261 2913 secun-

1691 2944 1820 3000 dum
1851 2961 1980 3000 suas
2010 2946 2452 3016 signiﬁcationes.
2479 2944 2683 3000 Deinde
2699 2945 3051 3016 quarendum
3077 2957 3161 3003 est
3190 2963 3258 3002 an

1689 3050 1758 3090 ex
1786 3036 1874 3099 iis,
1921 3051 2042 3105 quae
2074 3036 2515 3100 considerantur,
2550 3043 2610 3088 ut
2641 3037 2812 3090 relata
2842 3036 2911 3090 ad
2937 3037 3061 3101 alia,
3103 3039 3175 3092 sit
3204 3039 3258 3093 id

1673 3123 1830 3196 ‘quod
1862 3124 2203 3194 proponitur,
2224 3139 2292 3178 an
2311 3139 2406 3194 per
2421 3125 2659 3194 seipsum
2679 3132 2946 3179 sumatur.
2969 3125 3100 3182 Post
3119 3127 3254 3190 haec,

1687 3232 1754 3272 an
1785 3217 1877 3282 sit,
1907 3218 2039 3288 quid
2075 3218 2167 3281 sit,
2200 3216 2330 3287 quid
2355 3218 2403 3272 ei
2431 3217 2676 3271 accidat:
2724 3227 2819 3271 aut
2851 3219 2933 3274 sic
2971 3220 3158 3284 etiam,
3183 3235 3254 3275 an

1686 3310 1778 3373 sit,
1808 3308 1939 3378 quid
1967 3309 2056 3373 sit,
2086 3316 2308 3379 pr0pter
2337 3308 2467 3378 quid
2513 3309 2603 3364 sit.
2635 3307 2716 3362 Ad
2753 3309 2868 3364 haec
2899 3318 3081 3365 autem
3107 3325 3245 3365 cor.-

1684 3400 1991 3471 templanda
2024 3400 2234 3456 confert
2256 3400 2596 3470 singulorum
2627 3399 2864 3471 cognitio
2893 3409 2947 3455 et
2972 3401 3253 3456 universo-

1684 3506 1827 3557 rum,
1866 3502 1918 3547 et
1939 3507 2000 3546 ea
2031 3476 2300 3562 quaa'sunt
2327 3492 2529 3562 priora,
2555 3498 2608 3545 et
2625 3490 2958 3553 diﬁerentiae,
2987 3499 3041 3546 et
3064 3507 3250 3546 earum

1682 3582 2002 3638 divisiones.
2033 3585 2208 3654 Atque
2261 3584 2504 3638 inductio
2553 3583 2774 3652 quidem
2825 3583 2979 3637 aﬁ‘ert
3008 3582 3062 3636 id
3103 3583 3252 3654 quod

1657 3669 1766 3728 ἐει
1791 3673 2104 3729 universum
2155 3683 2210 3728 et
2261 3673 2662 3729 deﬁnitionem:
2715 3673 3014 3729 divisiones
3044 3684 3248 3744 autem,

46 3759 242 3828 τισσχῶς
258 3762 354 3834 τὴν
385 3763 570 3835 λῆψιν
598 3765 691 3817 τοῦ
723 3766 940 3818 οἰκείουο
975 3767 1030 3818 αί
1051 3767 1107 3820 δὲ
1125 3767 1469 3839 διαπορήσεις
1485 3766 1583 3830 τὰς

1696 3765 1915 3835 species,
1960 3773 2015 3821 et
2055 3765 2185 3835 quid
2235 3767 2325 3831 sit,
2359 3775 2413 3822 et
2456 3765 2820 3821 individuum.
2848 3763 3248 3837 Contemplatio

43 3849 127 3898 nt‘
156 3853 310 3918 αὐτὰς
357 3857 486 3928 (58)
544 3857 806 3928 διαφορὰς
850 3859 942 3912 καὶ
983 3859 1082 3923 τὰς
1125 3859 1437 3923 ἀποδείξεις,
1482 3861 1578 3913 καὶ

41 3934 170 4002 ἆκὶως
189 3943 280 4015 τὴν
333 3946 593 4019 θεωρίαν
648 3947 988 4015 συναύξουσι,
1026 3950 1095 4003 τά
1120 3965 1178 4002 τε
1223 3949 1575 4020 παρεπόμενα

177 4034 234 4086 ὲκ
260 4038 494 4091 πάντων
522 4038 584 4090 δὲ
603 4039 876 4110 ἐπιστήμη
901 4057 958 4092 τε
987 4040 1311 4113 παρίσταται
1339 4040 1575 4113 καὶάλή-

37 4111 135 4170 θξια.
161 4123 320 4179 Πάλιν
359 4129 426 4182 τὸ
458 4128 839 4197 ηφαλαιωθὲν
887 4132 952 4184 ὲκ
985 4111 1083 4202 τῆς
1109 4131 1423 4203 διαιρέσεως
1449 4111 1574 4202 ὄρος

32 4210 203 4272 γίνεται·
257 4218 620 4290 λαμϐάνεται
653 4219 761 4292 γὰρ
807 4223 900 4275 καὶ
951 4223 1212 4294 πρότερος
1238 4223 1336 4294 τῆς
1367 4223 1570 4295 διαιρὲ-

78 4373 122 4431 Et
157 4369 214 4427 Ρ.
249 4373 357 4429 914
398 4374 522 4430 ED.
568 4373 870 4443 POTTER,
915 4377 1015 4432 778
1055 4377 1164 4432 ΕΙ).
1207 4376 1433 4432 PARIS.

1677 3865 1855 3912 autem
1887 3874 1993 3926 qua
2017 3859 2417 3925 consideratur,
2459 3868 2592 3929 quot
2623 3859 2800 3915 modis
2829 3859 3063 3924 dicatur,
3093 3858 3249 3913 aﬂ'ert

1673 3950 2098 4020 assumptiouem
2116 3951 2234 4020 ejus
2249 3951 2394 4020 quod
2416 3959 2500 4006 est
2525 3952 2803 4022 proprium
2827 3969 2839 4005 :
2874 3950 3244 4007 dubitationes

1675 4048 1876 4106 autem,
1903 4056 1996 4097 eas
2017 4057 2136 4110 quae
2162 4054 2289 4096 sunt
2317 4043 2371 4095 in
2414 4043 2550 4112 ipsis
2580 4041 2916 4096 diﬁ'erentias
2945 4050 2998 4095 et
3019 4041 3245 4095 demou-

1674 4133 1967 4188 strationes
1995 4149 2009 4187 :
2044 4140 2098 4188 et
2131 4133 2333 4201 alioqui
2376 4141 2576 4204 augent
2618 4132 3154 4201 contemplationem,
3188 4139 3243 4186 et

1673 4239 1738 4279 ea
1785 4240 1903 4295 quae
1951 4224 2122 4294 ipsam
2163 4232 2609 4294 consequuntur:
2644 4240 2707 4279 ex
2754 4223 3010 4279 omnibus
3057 4227 3235 4276 autem

73 4523 164 4602 U9)
192 4529 288 4600 Μὴ
310 4529 622 4598 βεϐαιῶν.
662 4529 897 4602 Delenda
923 4531 1137 4587 videtur
1165 4532 1430 4602 particula
1471 4547 1568 4602 ne-
1660 4528 1988 4602 v°etiversio,
2013 4547 2040 4602 ι
2061 4527 2342 4582 tractanda
2358 4533 2485 4584 sunt
2505 4525 2860 4599 homonyma:
2889 4546 2907 4579 ι
2935 4527 3028 4584 sed
3049 4530 3231 4588 verius

20 4595 155 4671 Em“
183 4595 284 4671 μήζ
309 4595 372 4658 ut
393 4617 616 4658 sensus
649 4603 720 4657 sit
753 4620 766 4654 :
800 4621 818 4652 ι
852 4601 964 4656 Hoc
996 4604 1112 4670 ipso
1141 4595 1390 4657 c'oncedit
1419 4601 1564 4656 veri-

20 4666 354 4760 glfmposse
413 4673 716 4760 cognosci,
753 4671 897 4741 quod
947 4666 1161 4727 videtur
1212 4673 1566 4760 retentionem

16 4739 308 4798 assensionis
343 4739 626 4799 suadére.
669 4760 689 4793 ι

66 4827 160 4903 (59)
184 4835 458 4903 Αἵρεσις.
481 4834 654 4891 ConI'.
678 4834 942 4903 Diogenes
961 4833 1209 4890 Laertius
1229 4833 1283 4888 in
1307 4830 1571 4903 prooemio

66 4850 158 4896 κου)
184 4850 458 4901 Αιρεσις.
481 4850 654 4891 uont.
679 4850 775 4890 uno
813 4850 942 4889 enes
962 4850 1209 4890 Laertius
1229 4850 1283 4888 tn
1307 4850 1571 4903 prommio

13 4898 187 5032 ἔξω
203 4902 410 4963 Sextus
427 4905 760 4976 Empiricus
775 4850 1035 4975 gypotyp.
1053 4904 1143 4960 lib.
1160 4921 1198 4971 ι,
1214 4903 1409 4958 Suidas
1422 4919 1473 4958 τι.
1487 4901 1576 4952 Αἴ-

61 5059 151 5131 (51)
187 5067 609 5135 Περιέχουσα.
638 5084 657 5116 ι
694 5065 1011 5120 Continens.
1035 5134 1042 5135 ί
1066 5085 1084 5118 ›
1118 5065 1385 5121 Hervetus
1435 5079 1559 5135 exp.

1664 4599 1978 4670 χωριστέον.
2009 4598 2271 4670 Sustine.

1757 4665 1844 4736 55)
1879 4666 2346 4722 Συνυυποϐάλλει.
2375 4665 2436 4719 L.
2471 4667 2864 4720 συνεπιϐάλλει.
2901 4665 3123 4724 Lowrn.

1757 4676 1844 4736 55)
1879 4676 2346 4722 Συνυυποῦᾱλλει.
2375 4676 2436 4719 L.
2471 4676 2864 4720 O’UVSTttGth-Zt.
2903 4676 3123 4724 Lowrn.

1734 4676 1849 4810 (56)
1894 4736 2209 4810 Ἐπαγῳγή.
2235 4737 2496 4810 inductio
2515 4737 2658 4810 enim
2682 4747 2764 4791 est
2783 4739 3084 4810 argumenti
3112 4755 3231 4809 spe-

1667 4807 1802 4870 cies,
1833 4807 1940 4876 qua
1971 4807 2050 4862 ex
2073 4807 2442 4877 singularibus
2470 4807 2743 4877 colligitur
2762 4809 3085 4877 universale.

1733 4871 1976 4948 (SD-Kal
2003 4877 2067 4930 τὸ
2097 4871 2261 4948 τίίῆν
2289 4873 2458 4948 εἶναι.
2496 4871 2635 4948 Quid
2669 4877 2738 4931 sit
2767 4890 2877 4948 res,
3011 4885 3094 4930 est
3141 4893 3230 4932 es-

1673 4945 1953 5004 sentialem
1983 4948 2102 5016 ejus
2143 4945 2534 5002 deﬁnitionem.
2567 4945 2702 4999 Nam
2728 4961 2792 5000 ex
2823 4945 3090 5016 divisione
3138 4963 3226 5001 re-

1669 5033 1813 5086 rum,
1852 5015 2034 5086 partes
2063 5032 2269 5080 earum,
2293 5026 2346 5072 et
2372 5017 2623 5086 essentia:
2648 5016 2910 5086 rationem
2943 5015 3222 5086 discimus.

1669 5085 1824 5142 Unde
1847 5084 1900 5142 et
1947 5087 2107 5156 paulo
2138 5093 2280 5156 post,
2329 5085 2661 5156 deﬁnitionis
2705 5084 3224 5156 demonstrationem

10 5134 288 5226 ξρρὶκδεηεί.
325 5134 664 5226 ’.ζειιιοςὶοεει
689 5135 1013 5207 παρέχουσα.
1033 5134 1221 5194 Posset
1256 5135 1359 5206 legi
1385 5134 1566 5204 περιέ-

1697 5157 1821 5226 equi
1862 5134 2186 5211 divisionem
2213 5134 2477 5210 aliirmat:
2502 5163 2559 5226 et
2611 5154 2934 5209 divisionem
2989 5152 3222 5226 τί-ὲστι,

9 5212 143 5264 κςυσι,
175 5224 194 5256 ι
233 5206 704 5263 continentibus.
743 5225 763 5258 ι

56 5288 148 5369 (⁵2)
196 5299 597 5369 ΑἙςρεκτικοί.
625 5299 938 5369 μἘφεκτοί.
993 5297 1152 5354 Forte
1199 5296 1382 5369 verius
1434 5298 1559 5369 ἐφε-

4 5365 166 5439 mni.
190 5365 479 5426 Srisunc.
509 5398 586 5409 -—
618 5366 712 5422 Sic
742 5365 992 5438 superius
1023 5367 1268 5439 μεθεκτοί
1295 5383 1393 5437 pro
1429 5365 1558 5439 μεθ-

4 5438 170 5510 εκτιξοξ
191 5439 403 5494 Suom.
446 5457 494 5501 ι,
537 5455 661 5510 pag.
691 5439 816 5510 348,
845 5439 937 5510 ubi
966 5438 1251 5510 c0nf.not.

59 5503 148 5577 (55)
177 5514 247 5564 Δί
279 5512 413 5565 τῶν
449 5503 587 5578 (ne.
614 5503 858 5563 Titulum
887 5509 1062 5578 ipsum
1092 5509 1358 5564 Hervetus
1386 5507 1560 5562 inter-

1 5586 94 5639 Ρτεε
117 5581 337 5649 omittit,
371 5591 434 5636 et
489 5580 705 5649 absque
734 5580 1072 5646 separatione
1094 5580 1374 5649 sequentia
1427 5592 1551 5632 cum

0 5647 395 5709 PWedentibus
438 5647 750 5704 connectit.
793 5649 1046 5702 Summe.

51 5721 138 5792 (54)
158 5721 556 5794 Χεφιστέον.
587 5719 898 5790 Χειριστέον
933 5719 1176 5790 agnoscit
1216 5717 1381 5774 etiam
1412 5717 1546 5774 Her-

1554 5274 1561 5280 .
1673 5245 1692 5278 ι
1718 5223 1848 5297 quid
1880 5227 1972 5288 sit,
2017 5245 2036 5278 ι
2072 5228 2284 5294 docere.
2319 5225 2601 5292 Quomodo
2625 5233 2803 5297 autem
2835 5232 2947 5276 tum
2980 5223 3224 5297 deﬁnitio

1666 5293 1752 5366 εί
1771 5297 2088 5366 inductione
2139 5297 2405 5366 procedit,
2453 5307 2510 5350 ut
2564 5294 2830 5366 sententia
2868 5293 3223 5366 praecedente

1664 5365 1902 5421 dicitur?
1941 5365 2096 5421 Hunc
2124 5361 2325 5420 nodum
2376 5367 2624 5420 Clemens
2661 5365 2835 5434 paulo,
2866 5361 3007 5434 infra
3036 5363 3219 5422 solvit.

1663 5437 1756 5491 ubi
1788 5437 1946 5491 docet
1975 5437 2340 5491 deﬁnitionem
2369 5444 2424 5492 et
2456 5432 2759 5506 praecedere
2789 5432 3136 5495 divisionem,
3167 5443 3220 5485 et

1657 5507 2105 5582 earn‘subsequia
2177 5575 2188 5582 _
2283 5577 2302 5582 _
2372 5575 2431 5582 __
2720 5574 2732 5582 _
2891 5574 2925 5582 ,Α
3054 5571 3066 5582 ,
3141 5570 3177 5582 _.

1729 5577 1841 5699 $58)
1871 5571 2009 5633 Kac"
2041 5575 2244 5643 αὑτάς.
2283 5577 2342 5632 ln
2372 5575 2518 5632 Flor.
2547 5585 2632 5631 est
2663 5574 2826 5630 etiam
2859 5574 3026 5627 altera
3053 5571 3218 5628 lectio

1764 5647 1777 5666 ‘
1809 5646 1996 5699 αὐτάς.
2037 5645 2278 5699 Priorem
2310 5649 2557 5699 sequitur
2591 5645 2800 5699 Ilervcti
2836 5644 3038 5699 versio.
3076 5660 3096 5694 ι
3123 5655 3218 5698 eas

1656 5644 1777 5710 καθ’
1809 5644 1996 5710 αὐτάς.
2037 5645 2278 5702 Priorem
2310 5649 2557 5716 sequitur
2591 5645 2800 5716 Ilerveti
2836 5644 3038 5710 versio,
3076 5660 3096 5694 ι
3123 5655 3221 5698 eas

1653 5733 1772 5786 qua
1802 5723 1927 5773 sunt
1957 5718 2010 5770 in
2045 5717 2176 5788 ipsis
2197 5714 2547 5774 diﬁ‘ercntias.
2601 5737 2618 5769 ι
2656 5714 2913 5770 Ξγιιιυιιε.
