3840 6540
516 339 643 402 ’885

1719 329 2113 390 CLEMENTIS
2151 325 2617 383 ALEXANDRINI

3653 324 3737 383 δθι

526 457 842 521 ostenditur
889 454 1119 513 scientia
1149 461 1205 510 et
1250 452 1478 510 veritas.
1536 450 1750 508 Rursus
1783 452 1835 507 id
1863 450 2010 521 quod
2056 449 2111 504 in

2234 462 2350 508 rem;
2382 444 2476 498 καὶ
2526 416 3131 515 ῦστεροςόδιορισμός·
3175 439 3437 513 πρότερος
3483 440 3594 511 μὲν,
3639 443 3740 498 ὅταν
3791 472 3797 482 ι

529 567 800 614 summam
831 551 1098 622 redigitur
1114 566 1178 606 ex
1198 549 1487 612 divisione,
1512 547 1814 618 appellatur
1833 546 2107 613 deﬁnitio;

529 644 769 705 sumitur
817 642 963 698 enim
1003 641 1390 698 determinatio
1441 647 1495 695 et
1542 639 1692 710 prior
1721 638 2008 703 divisione,
2057 644 2112 694 et

495 717 502 732 ’
530 733 832 808 posterior:
869 732 1022 803 prior
1054 731 1296 802 quidem,
1326 730 1549 800 quando
1575 744 1838 784 concessa
1865 729 1950 783 vel
1986 734 2112 781 tan-

529 830 647 879 tum
675 820 956 894 proposita
983 819 1178 886 fuerit;
1221 820 1494 889 posterior
1527 826 1728 881 autem,
1765 817 1986 886 quando
2015 815 2110 872 de-

533 922 861 979 monstrata,
921 923 977 969 et
1031 929 1126 984 per
1177 926 1422 973 sensum,
1474 927 1540 966 ex
1609 910 1995 980 singularibus,
2057 910 2111 963 in

534 1019 805 1062 summam
862 1005 1137 1075 colligitur
1197 1003 1542 1068 universale;
1587 1001 1920 1056 iuductionis
1967 1002 2112 1055 enim

537 1095 866 1170 principium
930 1103 1015 1152 est
1081 1110 1322 1154 sensus:
1378 1093 1501 1148 ﬁnis
1568 1101 1783 1155 autem,
1847 1091 1900 1146 id
1969 1091 2115 1162 quod

542 1193 631 1241 est
662 1186 992 1242 universale.
1042 1186 1217 1256 Atque
1255 1183 1496 1238 inductio
1526 1183 1742 1254 quidem
1777 1199 1887 1237 non
1931 1190 2116 1238 osten-

537 1275 620 1335 dit
689 1279 816 1350 quid
894 1280 1004 1344 sit,
1067 1279 1160 1334 sed
1225 1277 1370 1349 quod
1431 1277 1520 1341 sit,
1574 1277 1658 1332 vel
1704 1291 1813 1330 non
1879 1276 1998 1332 sit:
2053 1281 2111 1339 >14

538 1368 740 1426 divisio
770 1382 950 1426 autem
987 1370 1131 1442 quod
1154 1371 1248 1434 sit,
1281 1379 1336 1424 et
1355 1369 1736 1425 determinatio
1766 1369 2016 1425 similiter
2035 1376 2118 1422 at-

538 1479 648 1536 que
680 1464 901 1528 divisio,
935 1463 1226 1519 essentiam
1253 1462 1431 1525 docet,
1458 1469 1511 1516 et
1534 1461 1664 1531 quid
1694 1463 1785 1526 sit,
1810 1477 1920 1516 non
1938 1471 2117 1516 autem

539 1570 611 1612 an
639 1556 730 1612 sit.
766 1554 1174 1612 Demonstratio
1208 1563 1388 1609 autem
1421 1555 1557 1619 tria,
1597 1571 1790 1624 nempe
1820 1571 1888 1608 an
1920 1555 2031 1618 sit,
2065 1561 2120 1609 et

538 1649 670 1722 quid
724 1649 794 1704 sit
823 1687 837 1713 ,
887 1656 941 1703 et
977 1656 1198 1718 prepter
1243 1647 1372 1718 quid
1406 1649 1476 1703 sit
1510 1648 1705 1718 aperit.
1756 1646 1896 1702 Sunt
1937 1656 2118 1702 autem

541 1743 817 1798 nonnulla:
852 1757 1072 1812 quoque
1113 1741 1457 1796 deﬁnitiones
1501 1757 1623 1811 quae
1664 1757 1886 1797 causam
1935 1741 2115 1796 conti-

542 1843 694 1890 nent.
724 1832 995 1900 Quoniam
1020 1842 1199 1888 autem
1230 1833 1374 1888 scire
1398 1840 1502 1896 cst,
1535 1833 1752 1902 quando
1786 1848 2004 1888 causam
2035 1833 2118 1887 vi-

543 1925 792 1981 derimus
825 1943 841 1982 :
873 1934 1004 1981 sunt
1038 1937 1216 1981 autem
1251 1939 1434 1979 causa:
1473 1931 1744 1994 quatuor,
1781 1925 2039 1986 materia,
2070 1922 2126 1978 id

544 2017 688 2088 quod
733 2025 945 2080 movet,
980 2015 1151 2072 forma
1173 2057 1188 2080 ,
1219 2017 1343 2071 linis
1377 2035 1390 2071 :
1425 2017 1529 2072 erit
1562 2015 1901 2086 quadruplex
1947 2015 2128 2070 deter-

545 2108 798 2162 minatio.
827 2105 1069 2160 Primum
1093 2123 1222 2176 ergo
1255 2107 1579 2162 sumendum
1614 2117 1696 2160 est
1719 2122 1912 2176 genus,
1932 2110 1984 2160 in
2019 2121 2128 2176 quo

547 2205 678 2255 Sunt
705 2213 768 2250 ea
799 2214 920 2268 qua:
964 2207 1092 2253 sunt
1138 2199 1383 2266 proxima
1425 2199 1737 2266 supremis:
1773 2206 1958 2268 postea
2003 2213 2130 2268 pro-

549 2290 755 2361 pinqua
777 2289 1102 2343 diﬁ‘erentia.
1124 2288 1561 2344 Diﬁerentiarum
1583 2298 1762 2345 autem
1790 2291 2130 2346 continuatio

549 2382 723 2437 scissa
748 2390 802 2435 et
829 2383 1026 2448 divisa,
1049 2384 1283 2454 complet
1305 2382 1434 2453 quid
1455 2383 1527 2436 sit
1549 2398 1692 2444 esse,
1718 2399 1811 2438 seu
1839 2383 1916 2437 rei
1942 2398 2131 2438 essen-

455 2508 460 2516 .
552 2469 686 2524 tiam
721 2485 785 2525 ac
813 2470 1210 2527 deﬁnitionem.
1239 2471 1356 2526 Non
1385 2487 1608 2528 necesse
1637 2481 1718 2526 cst
1749 2481 1927 2526 autem
1951 2473 2131 2528 dicere

551 2577 746 2620 omnes
772 2563 1206 2634 uniuscujusque
1243 2564 1602 2626 diﬁ‘erentias,
1629 2563 1722 2620 sed
1746 2580 1840 2619 eas
1864 2581 1984 2635 qua:
2005 2581 2131 2634 spe-

553 2652 670 2708 cies
697 2655 1060 2708 constituunt.
1101 2651 1442 2709 Geometrica
1478 2655 1740 2708 resolutio
1772 2664 1825 2708 et
1860 2656 2133 2725 composi-

553 2743 634 2801 tio
685 2744 944 2802 divisioni
984 2745 1284 2801 dialecticze
1321 2753 1376 2802 et
1415 2746 1720 2802 deﬁnitioni
1761 2747 1977 2802 similis.
2007 2746 2074 2800 Et
2101 2761 2133 2801 a

555 2837 825 2895 divisione
853 2839 1074 2908 quidem
1122 2839 1460 2894 recurrimus
1489 2839 1558 2893 ad
1587 2854 1651 2896 ea
1690 2855 1810 2910 qua:
1839 2846 1967 2895 sunt
2003 2839 2136 2896 sim-

2213 533 2537 606 συγχωρηθῇ
2591 533 2624 604 ἢ
2677 532 2940 606 προτεθῇ·
2978 532 3202 602 ὕστερος
3235 531 3346 602 (59)
3385 529 3462 594 δὲ,
3493 532 3612 586 ὅταν
3634 533 3742 588 ἀπο-

2209 626 2424 697 δειχθῇ·
2454 627 2546 678 καὶ
2577 623 2720 678 κατά
2733 625 2831 694 τὴν
2859 622 3110 694 αἴσθησιν
3137 622 3193 675 δὲ
3223 623 3288 676 ὲκ
3317 621 3411 675 τοῦ
3441 622 3555 676 καθ’
3571 622 3742 681 ἕκαστα

2211 716 2600 786 κεφαλαιοῦται
2619 714 2680 768 τὸ
2695 715 2943 769 καθόλου’
2965 715 3107 784 ἀρχὴ
3125 713 3234 784 (60)
3252 713 3360 784 γὰρ
3373 713 3473 782 τῆς
3489 715 3740 784 ἐπαγωγῆς

2211 813 2246 883 ἡ
2261 811 2510 881 αἴσθησις
2525 827 2537 840 ·
2559 809 2732 880 πέρας
2760 808 2816 862 δὲ
2830 807 2891 860 rb
2910 805 3160 860 καθόλου.
3189 807 3258 860 Ἡ
3281 807 3378 878 μὲν
3402 803 3492 860 οῦν
3522 810 3740 883 ἐπαγωγὴ

2211 905 2274 956 οὐ
2305 903 2364 955 τὸ
2396 902 2447 954 τί
2479 903 2597 954 ἐστι
2624 900 2915 962 δείκνυσιν,
2945 899 3061 953 ἀλλ’
3096 900 3176 954 ὅτι
3203 899 3373 962 ἐστὶν,
3421 901 3454 968 ἦ
3481 901 3572 954 οὐκ
3596 903 3738 956 ἔστιν·

2213 995 2246 1063 ἡ
2280 992 2537 1063 διαίρεσις
2567 991 2645 1053 δὲ,
2679 991 2760 1044 ὅτι
2809 991 2926 1044 ἐστὶ
2971 969 3297 1061 παρίστησιν
3330 989 3464 1060 (61),
3485 991 3512 1044 ὃ
3533 1008 3587 1044 τε
3612 991 3743 1062 διορι-

2217 1083 2351 1154 σμὸς
2387 1082 2589 1152 ὁμοίως
2615 1083 2681 1152 τῇ
2699 1081 2960 1152 διαιρέσει
2992 1083 3088 1153 τὴν
3121 1083 3309 1136 οὐσίαν
3351 1083 3445 1135 καὶ
3478 1082 3537 1134 τὸ
3571 1085 3618 1137 τί
3650 1086 3740 1138 ἐστι

2215 1176 2482 1238 διδάσκει,
2529 1176 2649 1246 οὐχὶ
2688 1175 2746 1228 δὲ
2788 1174 2850 1228 rb
2890 1175 2938 1227 si
2983 1174 3159 1227 ἔστιν’
3194 1177 3227 1245 ή
3265 1192 3327 1226 τε
3367 1175 3650 1241 ἀπόδειξις,
3689 1177 3742 1231 τὰ

2215 1269 2362 1339 τρία,
2395 1268 2456 1321 τό
2485 1284 2543 1320 τε
2577 1268 2624 1320 ει
2656 1266 2822 1330 ἔστιν,
2855 1267 2949 1320 καὶ
2981 1266 3042 1319 rb
3068 1267 3119 1320 τί
3153 1268 3322 1322 ἐστιν.
3350 1269 3445 1321 καὶ
3474 1268 3533 1320 rb
3560 1269 3676 1321 διατ(
3701 1272 3742 1322 ὲ-

2220 1377 2356 1422 στιν,
2392 1355 2694 1431 σαφηνίζει.
2728 1361 2848 1413 Εἰσὶ
2890 1359 2947 1412 δὲ
2988 1358 3117 1412 ένιοι
3148 1360 3242 1411 καὶ
3275 1358 3376 1429 τῆς
3409 1359 3580 1423 αἰτίας
3604 1361 3743 1431 ἐμπε-

2219 1454 2482 1524 ριεκτικοὶ
2513 1453 2646 1524 ὅροι.
2694 1452 2846 1507 Ἐπεὶ
2874 1453 2930 1506 δὲ
2961 1451 3283 1506 ἐπίστασθαί
3315 1453 3494 1517 ἐστιν,
3518 1455 3632 1508 ὅταν
3651 1455 3745 1508 ἔδω-

2222 1563 2321 1618 μεν
2352 1546 2451 1617 τὴν
2482 1545 2660 1599 αἰτίαν
2680 1561 2695 1577 ο
2738 1545 2906 1598 αἰτίαι
2954 1544 3065 1614 (62)
3099 1543 3154 1597 δὲ
3191 1543 3472 1616 τέσσαρες,
3506 1548 3535 1616 ἡ
3567 1545 3680 1616 ὕλη,
3700 1548 3746 1602 τὸ

2220 1636 2403 1692 κινοῦν
2456 1636 2601 1707 (63),
2637 1634 2698 1688 rb
2751 1632 2916 1698 εἶδος,
2961 1634 3022 1687 rb
3061 1634 3246 1698 τέλοςο
3279 1637 3554 1707 τετραχῶς
3580 1638 3747 1693 Errare

2221 1728 2516 1800 διορισμός.
2545 1726 2788 1798 Ληπτέον
2819 1722 2912 1780 οῦν
2944 1725 3160 1798 πρῶτον
3185 1726 3246 1780 rb
3280 1727 3434 1795 γένος
3457 1769 3472 1792 ,
3515 1731 3570 1780 ἐν
3661 1733 3750 1782 ἐστι

2224 1822 2330 1875 τῶν
2361 1820 2546 1873 ἐπάνω
2575 1819 2645 1872 τὰ
2666 1817 2938 1887 ἐγγύτατα
2957 1834 2970 1846 ·
3008 1816 3147 1888 μετὰ
3177 1817 3336 1870 τοῦτο
3355 1857 3368 1880 ,
3415 1818 3510 1890 τὴν
3553 1821 3749 1892 προσεχῆ

2211 1915 2507 1987 διαφοράν.
2553 1913 2617 1967 Ἦ
2645 1913 2702 1966 δὲ
2733 1911 2978 1983 συνέχεια
3008 1911 3114 1965 τῶν
3141 1911 3415 1983 διαφορῶν
3447 1913 3573 1983 (64),
3603 1930 3754 1996 τεμνο-

2232 2007 2364 2078 μένη
2391 2007 2485 2059 καὶ
2523 2002 2980 2075 ἀποδιαιρουμένη
3003 2041 3017 2064 ,
3065 2003 3126 2056 rb
3158 2003 3212 2055 τί
3240 1999 3308 2074 ἦν
3336 2000 3474 2059 εἶναι
3517 2005 3752 2076 ἑκπληῴ.

2229 2100 2344 2153 Ούκ
2373 2099 2584 2167 ἀνάγκη
2614 2097 2670 2149 δὲ
2700 2095 2877 2159 πάσας
2901 2095 3077 2164 λέγειν
3115 2096 3347 2150 ἑκάστου
3377 2097 3476 2160 τὰς
3507 2097 3756 2170 διαφορὰς,

2229 2192 2362 2246 ἀλλά
2395 2192 2492 2256 τὰς
2517 2189 2902 2252 εἰδοποιούσας.
2957 2189 3021 2241 Ἦ
3050 2189 3398 2261 γεωμετρικὴ
3424 2191 3660 2253 ἀνάλυσις
3688 2191 3760 2243 καὶ

2233 2285 2499 2350 σύνθεσις,
2528 2287 2593 2356 τῇ
2627 2282 2937 2354 διαλεκτικῇ
2966 2281 3226 2352 διαιρέσει
3250 2283 3345 2334 καὶ
3381 2284 3585 2354 ὁρισμῷ
3617 2284 3758 2336 ἑοικε”

2232 2380 2324 2432 καὶ
2353 2379 2462 2432 ἀπὸ
2494 2378 2590 2450 μὲν
2617 2378 2714 2448 τῆς
2743 2375 3078 2448 διαιρέσεως,
3109 2374 3201 2428 ἐπὶ
3227 2374 3298 2427 τὰ
3341 2375 3665 2447 ἁπλούστερα
3692 2377 3762 2428 καὶ

2232 2471 2577 2543 ἀρχικώτερα
2609 2468 2994 2541 ἀνατρέχομεν.
3030 2467 3102 2522 Τδ
3141 2467 3272 2534 γοῦν
3306 2468 3462 2537 γένος
3499 2469 3586 2521 τοῦ
3612 2468 3764 2539 ζητου-

2236 2563 2396 2635 μένου
2423 2563 2746 2634 πράγματος
2783 2560 3093 2632 διαιροῦμεν
3133 2562 3214 2625 εἰς
3258 2562 3621 2632 ἐνυπάρχοντα
3646 2559 3765 2630 αὐτῷ

2233 2656 2350 2726 εἴδη
2372 2673 2384 2686 ’
2421 2651 2532 2710 οἷον
2559 2657 2651 2709 ἐπὶ
2676 2655 2769 2709 τοῦ
2798 2653 3086 2726 ἀνθρώπου
3117 2653 3178 2706 rb
3213 2653 3350 2718 ζῶον
3369 2693 3384 2718 ,
3410 2653 3562 2722 γένος
3591 2653 3672 2716 ὃν,
3704 2653 3766 2714 εις

2233 2748 2304 2802 τὰ
2326 2749 2698 2820 ἐμφαινόμενα
2729 2746 2841 2818 εἴδη
2881 2745 3212 2817 διαιροῦμεν,
3244 2745 3306 2799 rb
3337 2745 3530 2816 θνητὸν
3553 2745 3638 2799 καὶ
3663 2743 3767 2797 ἀθά-

2235 2859 2430 2895 νατον·
2475 2843 2569 2895 καὶ
2615 2839 2784 2904 οὕτως
2833 2839 2921 2892 ἀεὶ
2968 2838 3038 2892 τα
3083 2838 3314 2892 σύνθετα
3364 2838 3616 2893 δοκοῦντα
3660 2833 3772 2890 εἶναι

557 2929 812 3000 pliciora,
837 2936 892 2986 et
919 2929 1096 3000 magis
1124 2931 1471 3001 principalia.
1507 2931 1681 3001 Atque
1714 2948 1886 3002 genus
1916 2931 2129 3002 quidem

2237 2934 2366 3006 γένη
2391 2936 2471 2997 εἰς
2495 2933 2564 2986 τὰ
2583 2932 2924 3005 ἁπλούστερα
2945 2931 3057 3003 εἴδη
3087 2931 3392 3002 τέμνοντες,
3421 2932 3514 2984 ἐπὶ
3533 2930 3589 2983 τὸ
3613 2928 3676 3000 μὴ
3697 2929 3772 2999 ζη-

555 3022 638 3079 rei
667 3038 788 3093 qua:
829 3023 1092 3093 quaeritur
1124 3021 1419 3080 dividimus
1475 3023 1530 3078 in
1563 3039 1658 3079 eas
1705 3039 1825 3093 qua:
1861 3023 1910 3078 ei
1949 3026 2129 3079 insunt

2238 3027 2332 3081 τού
2341 3044 2499 3098 μενον
2517 3026 2625 3097 (65)
2646 3026 2740 3079 καὶ
2763 3023 3142 3096 μηκέτιτομὴν
3162 3022 3555 3093 ἀποδεχόμενον
3570 3037 3772 3092 παραγι-

555 3116 768 3187 Species
798 3134 811 3168 :
846 3123 904 3168 ut
937 3114 1172 3184 exempli
1199 3130 1388 3180 causa,
1419 3115 1472 3169 in
1493 3116 1736 3179 homine,
1759 3115 1960 3170 animal
1985 3115 2129 3186 quod

2239 3119 2460 3190 νόμεθα.
2493 3119 2567 3172 Τὸ
2586 3117 2692 3189 γὰρ
2725 3115 2861 3181 ζῶον
2882 3118 2962 3179 εἰς
2991 3115 3051 3169 rb
3087 3115 3280 3186 θνητὸν
3314 3116 3412 3168 καὶ
3428 3114 3673 3168 ἀθάνατον
3689 3112 3775 3166 διε-

557 3214 644 3263 est
670 3221 865 3278 genus,
897 3206 1196 3261 dividimus
1235 3208 1290 3260 in
1328 3221 1422 3262 eas
1455 3222 1577 3276 quae
1609 3207 1665 3262 in
1706 3207 1826 3276 ipso
1869 3215 2129 3278 apparent

2235 3211 2435 3277 λόντες,
2465 3207 2582 3264 εἶτα
2614 3209 2795 3281 μέντοι
2814 3208 2874 3261 τὸ
2905 3206 3095 3280 θνητὸν
3117 3209 3198 3272 εἰς
3220 3207 3282 3260 τὸ
3306 3210 3557 3279 χερσαῖον
3579 3206 3664 3260 καὶ
3683 3204 3772 3256 5w-

560 3298 771 3368 species
797 3340 812 3366 ,
860 3314 1058 3369 nempe
1084 3299 1314 3354 mortale
1343 3306 1397 3354 et
1426 3298 1753 3354 immortale.
1788 3297 1850 3353 Et
1881 3303 1960 3355 sic
1987 3315 2129 3354 sem-

2234 3303 2376 3375 δρον,
2411 3303 2506 3356 καὶ
2536 3300 2696 3354 πάλιν
2719 3300 2780 3353 rb
2811 3301 3063 3370 χερσαῖον
3093 3300 3172 3362 εἰς
3201 3297 3263 3351 rb
3296 3297 3498 3369 πτηνὸν
3515 3298 3605 3351 καὶ
3623 3293 3778 3358 πεζὸν,

561 3405 662 3463 per
683 3404 882 3460 genera
933 3404 1054 3460 quae
1088 3388 1340 3443 videntur
1367 3404 1491 3445 esse
1516 3390 1816 3459 composita
1837 3429 1853 3453 ,
1884 3399 2129 3446 secantes

2235 3397 2329 3450 atat
2351 3396 2523 3458 οὕτως
2565 3394 2624 3448 rb
2657 3391 2922 3464 προσεχὲς
2962 3390 3041 3462 τῷ
3074 3389 3393 3461 ζητουμένῳ
3439 3385 3604 3454 εἶδος,
3648 3389 3673 3440 δ
3705 3388 3779 3440 καὶ

564 3479 622 3533 in
670 3478 886 3550 species
939 3478 1334 3548 simpliciores,
1393 3479 1704 3534 accedimus
1747 3479 1821 3532 -ad
1883 3479 1936 3533 id
1988 3479 2129 3549 quod

2237 3487 2634 3560 περιλαμϐάνει
2660 3487 2721 3539 rb
2743 3483 3094 3556 ζητούμενον,
3122 3483 3483 3555 διαιροῦντες,
3518 3479 3779 3553 ἀφιξόμεθα

563 3571 849 3641 ιιιικτὶιυτ,
881 3579 936 3624 et
963 3585 1072 3624 non
1097 3569 1334 3639 amplius
1363 3571 1594 3638 suscipit
1621 3569 1966 3624 divisionem.
1999 3571 2129 3626 Cum

2236 3580 2524 3650 τέμνοντες
2551 3579 2643 3631 ἐπὶ
2677 3577 2738 3630 rb
2771 3575 3138 3631 ἁπλούστατον
3167 3571 3338 3639 εἶδος,
3387 3576 3524 3648 ὅπερ
3564 3575 3679 3629 ἀλλο
3704 3571 3782 3643 μὲν

563 3661 712 3717 enim
745 3661 948 3714 animal
977 3661 1330 3716 diviserimus
1362 3662 1415 3714 in
1446 3661 1674 3716 mortale
1703 3668 1757 3715 et
1799 3662 2129 3727 immortale,

2239 3671 2410 3733 οὐδὲν,
2455 3670 2613 3742 μόνον
2643 3669 2700 3722 δὲ
2725 3668 2786 3721 rb
2806 3666 3136 3739 ζητούμενον
3175 3667 3614 3738 παραλαμϐάνει.
3647 3664 3786 3717 Πάλιν

565 3751 764 3808 deinde
794 3767 923 3807 vero
950 3753 1178 3808 mortale
1201 3753 1254 3806 in
1284 3762 1545 3809 terrestre
1570 3762 1623 3808 et
1643 3755 1898 3823 aquatile,
1930 3764 1984 3810 et
2018 3773 2129 3810 rur-

2241 3762 2350 3834 γὰρ
2381 3763 2442 3816 τὸ
2473 3760 2635 3825 πεζὸν
2670 3761 2749 3824 εἰς
2793 3759 3007 3828 λογικὸν
3052 3760 3146 3812 καὶ
3196 3758 3393 3827 ἄλογον
3438 3754 3783 3829 διαιρούμεθα·

566 3858 665 3900 sus
690 3851 950 3899 terrestre
974 3845 1030 3899 in
1069 3846 1291 3900 volucre
1309 3854 1364 3900 et
1391 3845 1642 3915 pedestre
1664 3886 1679 3910 ,
1721 3855 1775 3901 et
1808 3847 1888 3902 sic
1920 3851 2129 3919 propin-

2244 3858 2478 3910 κᾶπειτα
2498 3855 2568 3908 τά
2594 3853 2834 3925 προσεχῆ
2863 3853 2974 3908 τῶν
2994 3853 3058 3906 ὲκ
3086 3852 3184 3922 τῆς
3209 3851 3530 3924 διαιρέσεως
3559 3847 3790 3920 λαμϐανο-

567 3949 732 4005 quam
761 3935 810 3989 ei
833 3934 980 4006 quod
1013 3939 1279 4005 quaritur
1319 3937 1553 4006 speciem
1574 3975 1589 3999 ,
1641 3951 1761 4006 quae
1801 3939 1963 3992 etiam
1993 3955 2129 3992 corn-

2250 3948 2423 4018 μένων
2461 3944 2617 4000 εἱδῶν
2643 3944 2720 4015 τῷ
2757 3943 3025 4016 ἀνθρώπῳ
3055 3942 3436 4013 ἐκλεγόμενοι,
3477 3943 3569 3996 καὶ
3608 3943 3794 3993 ἐπισυν-

566 4025 858 4098 prehendit
890 4025 944 4082 id
974 4027 1118 4098 quod
1150 4028 1416 4098 quaeritur
1440 4068 1455 4091 ,
1496 4029 1878 4092 diviserimus,
1907 4031 2129 4088 secandt

2247 4035 2432 4098 θέντες
2463 4037 2542 4098 εἰς
2565 4036 2662 4090 ἕνα
2682 4034 2838 4102 λόγον
2859 4072 2873 4096 ,
2900 4033 2993 4086 τὸν
3024 4033 3148 4103 ὅρον
3176 4033 3273 4085 τοῦ
3322 4031 3609 4104 ἀνθρώπου
3634 4026 3793 4082 ἀποδί-

566 4119 922 4175 deveniemus
945 4120 1012 4175 ad
1057 4121 1520 4190 simplicissimam
1559 4122 1793 4192 speciem
1815 4163 1828 4186 ,
1858 4138 1982 4192 quae
2011 4123 2126 4176 nihi

2245 4129 2430 4199 δομεν,
2463 4131 2521 4191 ὃς
2550 4129 2664 4181 ἐστὶ
2696 4125 2831 4191 ζῶον
2868 4125 3077 4196 θνητὸν,
3131 4127 3410 4196 χερσαῖον,
3451 4124 3632 4188 πεζὸν,
3677 4122 3798 4186 λογι-

567 4211 790 4282 quidem
823 4213 994 4275 aliud,
1020 4213 1116 4268 sed
1144 4214 1197 4268 id
1221 4215 1396 4268 solum
1420 4215 1563 4284 quod
1597 4217 1856 4285 quaeritur
1895 4232 2129 4286 compre-

2251 4219 2365 4271 κόν.
2402 4218 2565 4272 ’Ὀθεν
2603 4216 2733 4288 ὕλης
2775 4217 2872 4287 μὲν
2895 4216 3046 4282 τάξιν
3097 4217 3285 4287 ἐπέχει
3326 4219 3360 4287 ἡ
3402 4217 3694 4286 διαίρεσις,
3736 4207 3802 4278 τῷ

568 4304 780 4360 hendit.
805 4304 1020 4361 Rursus
1051 4308 1196 4361 enim
1232 4308 1484 4377 pedestre
1514 4309 1806 4363 dividimus
1835 4309 1891 4362 in
1922 4309 2129 4363 rationi:

2250 4312 2362 4384 ὅρῳ
2391 4310 2490 4382 τὴν
2515 4309 2794 4378 ἁπλότητα
2818 4309 2912 4362 τοῦ
2939 4309 3204 4380 ὀνόματος
3233 4307 3582 4379 ἀναζητοῦσα
3606 4324 3620 4336 ο
3649 4301 3802 4372 τεχνὶ-

567 4398 844 4467 particeps
871 4405 926 4452 et
959 4414 1156 4469 expers
1181 4400 1430 4455 rationis.
1461 4399 1665 4456 Deinde
1686 4417 1750 4455 ex
1777 4401 1844 4456 iis
1865 4401 2129 4471 speciebu:

2253 4421 2348 4456 του
2382 4403 2438 4455 δὲ
2475 4403 2567 4457 καὶ
2606 4400 2938 4474 δημιουργοῦ
2967 4403 3002 4455 ό
3043 4402 3168 4473 ὅρος
3213 4401 3580 4463 ὲπισυντιθεὶς
3609 4399 3694 4451 καὶ
3721 4408 3806 4447 κα·

571 4503 695 4560 qua:
717 4499 1012 4544 sumuntur
1041 4505 1107 4546 ex
1133 4490 1402 4548 divisione
1422 4532 1438 4557 ,
1470 4493 1734 4564 eligentes
1771 4508 1833 4550 ea
1867 4508 1987 4564 qua:
2024 4510 2128 4549 sun

2255 4495 2625 4559 τασκευάζων,
2659 4495 2754 4547 κα).
2774 4493 2871 4564 τὴν
2900 4492 3097 4561 γνῶσιν
3128 4492 3222 4545 τοῦ
3254 4492 3411 4556 ὄντος
3450 4490 3725 4563 παρις-τὰς’
3755 4483 3807 4537 οὗ

573 4581 751 4650 magis
787 4581 1094 4652 propinqua
1126 4584 1352 4647 homini,
1384 4601 1508 4640 cum
1536 4601 1602 4641 ex
1640 4586 1707 4641 iis
1737 4603 1899 4641 unam
1931 4602 2125 4657 compo

2260 4588 2463 4641 τούτων
2510 4587 2616 4640 τῶν
2659 4587 2995 4658 πραγμάτων
3033 4581 3106 4638 ὧν
3147 4584 3343 4656 ἔχομεν
3388 4583 3676 4644 καθολικας
3715 4579 3812 4631 8L9.—

576 4673 851 4728 suerimus
908 4677 1246 4740 oralionem,
1296 4676 1559 4733 eilicimus
1608 4678 1847 4735 hominis
1879 4680 2129 4736 deﬁnitio

2263 4665 2429 4756 νοίας3
2452 4680 2669 4734 Τούτων
2697 4681 2807 4734 τῶν
2831 4678 3076 4734 διανοιῶν
3121 4681 3246 4743 τοὺς
3283 4676 3705 4749 ὲρμηνευτικοὺς
3743 4670 3815 4722 λά·

657 4830 717 4888 >Ῑ4
757 4823 820 4880 Ρ.
864 4826 968 4881 915
1006 4827 1114 4884 ED.
1158 4827 1471 4897 POTTER,
1515 4832 1617 4886 779
1656 4831 1764 4888 ΕΙ).
1807 4831 2038 4890 PARIS.

649 4962 760 5035 (59)
792 4963 1086 5042 Ὕςτερος.
1111 4964 1272 5020 Conf.
1300 4967 1609 5025 Aristotelis
1632 4970 1852 5042 Analyt.
1882 4979 2023 5038 post.
2051 4969 2129 5024 lib

2258 4977 2541 5042 etc_._,_qua3_
2575 4965 2688 5021 fere
2711 4964 2858 5042 κατά
2875 4964 3018 5042 λέξιν
3041 4965 3238 5042 repetit
3261 4964 3543 5042 Clemens.

576 5035 898 5114 ιπηςιςρηιδ.
959 5104 972 5114 _
1039 5105 1076 5114 _
1132 5107 1146 5114 _
1285 5107 1298 5114 _
1470 5109 1544 5114 __
1700 5112 1710 5114 _
1778 5035 1838 5114 ’ν
1882 5035 1946 5114 “,

2258 5107 2302 5114 __
2330 5035 2450 5108 (65)
2481 5037 2550 5091 Τὸ
2582 5037 2821 5114 κινοιῇ..
2841 5035 2898 5090 1d
2931 5047 3036 5114 est,
3064 5036 3123 5088 τὸ
3149 5037 3464 5114 ποιητικόν.Δ
3483 5039 3548 5094 Η,
3573 5037 3823 5093 Sancus.

649 5104 759 5177 (60)
805 5104 997 5181 ᾎρχή.
1038 5105 1237 5162 Eadem
1269 5107 1429 5164 docet
1454 5109 1778 5166 Aristoteles
1808 5111 2024 5181 Analyt.
2056 5110 2129 5165 lib

2257 5104 2462 5181 Nempe
2495 5123 2664 5181 causa
2687 5106 3022 5181 eihcienstij
3048 5104 3341 5181 ruﬁpﬂﬁov
3373 5109 3594 5181 ἐκίνησε
3615 5149 3630 5171 ,
3663 5129 3680 5160 ι
3721 5122 3824 5181 quae

579 5190 620 5243 t,
655 5177 905 5249 c_ap.}8.
957 5247 966 5249 μ
1058 5248 1064 5249 ί
1345 5248 1350 5249 ί
1950 5177 1966 5181 ⁷
2259 5179 2496 5249 primum
2527 5179 2735 5241 movit,
2774 5197 2791 5229 ι
2838 5185 2898 5249 ut
2929 5177 2997 5249 ab
3039 5177 3335 5249 Aristotele
3361 5177 3585 5249 dicitur
3605 5181 3708 5233 loc.
3742 5180 3824 5231 cit.

650 5247 766 5321 (6t)
797 5246 918 5300 Ὀτι
943 5247 1073 5321 ἐστὶ
1101 5261 1239 5318 παρ.
1279 5267 1298 5300 ι
1329 5248 1486 5316 Quod
1511 5251 1602 5313 sit,
1643 5269 1662 5302 ι
1697 5258 1806 5321 etc.
1827 5250 2154 5321 Perperam:

577 5314 634 5372 Id
659 5314 831 5381 enim,
864 5325 923 5372 ut
949 5319 1154 5373 dictum
1174 5314 1279 5382 est,
1301 5314 1461 5377 docet
1489 5321 1751 5375 inductio.
1774 5314 2156 5383 Scribendum,

576 5387 711 5463 rb_ri
745 5391 906 5463 ἐστι·Δ
929 5391 1034 5463 vel,
1088 5390 1116 5442 ὅ
1151 5407 1204 5443 τι
1237 5392 1387 5444 εστί-
1420 5410 1439 5444 ι
1495 5393 1626 5462 quid
1674 5393 1763 5446 sit.
1804 5411 1823 5442 ι
1857 5391 1915 5445 ld
1957 5393 2158 5463 quippe

581 5457 774 5513 aﬂ’erre
803 5459 1146 5523 divisionem,
1177 5478 1302 5514 mox
1328 5464 1422 5517 ait.

651 5528 775 5602 (62)Δ
795 5530 1014 5602 Αἰτίαι,
1033 5529 1194 5586 Conf.
1223 5530 1545 5588 Aristoteles
1578 5532 1794 5602 Analyt.
1826 5543 2020 5601 poster.
2055 5532 2153 5586 lib.

581 5613 648 5688 Ill-,-
659 5598 1132 5688 ⁸(ξς-1ἰέ-(ιιιοιιωεηξο
1171 5602 1378 5688 ἱηοὶρὶῑ.
1396 5621 1414 5676 ε
1429 5675 1442 5688 ο
1457 5603 1607 5688 ἐπεὶ
1649 5603 1706 5688 δε
1721 5598 2054 5688 ’ξπίσξασθαι
2080 5604 2158 5655 οἱ-

581 5665 936 5744 όμεθα,-ὃταῖν
980 5670 1209 5742 εἰδῶμεν
1251 5665 1599 5744 τῆνιαίτίαν·
1647 5672 1816 5726 αἰτίαι
1857 5673 1915 5725 δὲ
1961 5674 2156 5744 τέσσα-

587 5749 698 5806 ρες.
740 5754 758 5786 ι
784 5737 919 5791 Cum
954 5737 1132 5814 autem
1158 5737 1412 5810 putemus
1440 5759 1540 5798 nos
1569 5753 1698 5797 tunc
1729 5744 1870 5797 scire
1890 5783 1905 5804 ,
1935 5743 2154 5814 quando

583 5819 807 5861 causam
835 5811 1220 5877 cognoscimus
1248 5831 1262 5879 ;
1313 5828 1492 5869 causa
1527 5829 1656 5868 vero
1689 5824 1925 5885 quatuor
1947 5811 2090 5882 sint,
2130 5832 2149 5866 ι

2333 5249 2443 5320 (64)
2477 5249 2764 5318 Συγέχεια
2796 5246 2912 5320 τῶν
2939 5246 3255 5320 διαφορῶν.
3296 5267 3315 5296 ι
3347 5247 3705 5306 Coacervatio
3737 5249 3824 5302 dii.

2262 5318 2641 5382 ferentiarum,
2681 5339 2700 5372 ι
2728 5319 2888 5388 cujus
2938 5319 3215 5387 specimen
3265 5325 3518 5374 occurrit
3559 5323 3611 5375 in
3651 5321 3824 5388 deﬁni-

2259 5391 2412 5513 Eone
2439 5391 2677 5445 hominis
2704 5385 2846 5445 infra
2881 5385 3095 5460 posita,
3147 5404 3272 5460 pag.
3331 5390 3438 5444 779
3487 5393 3617 5446 edit.
3665 5385 3823 5444 Paris.

2305 5476 2488 5513 owrn.

2305 5476 2488 5519 OWTB.

2329 5531 2439 5601 (65)
2481 5529 2548 5583 Τὸ
2580 5529 2665 5598 μὴ
2696 5529 2817 5598 (nt.
2856 5527 3094 5601 Delenda
3121 5537 3206 5601 est
3240 5531 3521 5601 particula
3565 5547 3692 5596 περ.
3751 5530 3818 5601 μή

2329 5544 2439 5601 (οδ)
2481 5544 2548 5583 1'0
2580 5544 2665 5598 μη
2696 5544 2817 5598 (nt.
2858 5544 3094 5584 uerenda
3121 5544 3206 5583 est
3219 5544 3521 5653 (particula
3565 5547 3692 5596 neg.
3751 5544 3818 5601 μη

2259 5616 2454 5656 sensus
2493 5601 2638 5654 enim
2671 5613 2772 5664 est,
2804 5615 2900 5668 per
2929 5599 3198 5669 ejusmodi
3259 5601 3552 5670 ivisionem
3576 5604 3823 5670 pervenit

2260 5673 2476 5741 tandem
2496 5672 2588 5723 ἐπὶ
2607 5671 2668 5722 rb
2697 5670 3049 5741 ζητούμενον,
3089 5686 3106 5718 ι
3145 5671 3210 5723 ad
3242 5669 3298 5723 id
3353 5673 3502 5741 quod
3543 5669 3810 5741 quaeritur

2257 5740 2403 5810 quod
2434 5709 3221 5808 ulteriorigdivis‘ionis’capax
3251 5709 3512 5805 nonqest;
3543 5709 3643 5796 iiut
3661 5746 3824 5797 statin

2257 5809 2523 5884 sequitur.
2560 5811 2706 5868 Idem
2739 5809 2987 5866 Lovvthio
3016 5825 3235 5880 quoque
3257 5811 3443 5868 visum
3471 5821 3572 5869 est.
