3840 6546
155 382 231 437 585

1315 368 1748 429 STROIIATUM
1791 366 1920 426 LIB.
1958 369 2096 429 Vill.

3225 362 3330 430 sas

152 515 252 571 γους
274 490 392 549 εἶναι
415 491 599 564 φαμέν
629 508 644 524 ι
677 492 880 547 τούτων
901 490 1008 563 γάρ
1031 488 1138 546 τῶν
1159 490 1402 545 διανοιῶν
1421 529 1436 554 ,
1476 490 1570 544 καὶ
1603 491 1660 544 αῖ

1781 502 1912 551 rem,
1949 502 2070 557 quae
2095 495 2180 543 est
2213 486 2412 542 animal
2443 488 2691 553 mortale,
2727 496 3006 554 terrestre,
3039 490 3295 560 pedestre
3315 535 3332 553 .

150 585 380 659 διαιρέσεις
403 583 666 652 γίνονται.
695 581 817 637 Τῶν
854 582 912 636 δὲ
943 582 1254 654 διαιρέσεων
1281 582 1314 653 ἡ
1342 580 1443 652 μέν
1471 596 1556 644 τις
1577 581 1657 645 εἰς

152 682 234 751 εἴδη
257 680 428 749 διαιρεῖ
451 675 513 730 τὸ
545 675 941 748 διαιρούμενον,
970 675 1050 739 ῶς
1081 674 1235 744 γένος
1256 690 1271 704 ·
1312 675 1347 744 ὴ
1382 672 1438 725 δέ
1466 690 1549 737 τις
1580 674 1661 737 είς

152 772 275 844 μέρη,
296 770 363 833 ὡς
387 769 506 822 ὅλον
526 784 541 799 ο
572 770 608 840 ἡ
633 769 691 822 δὲ
714 769 795 832 εις
819 765 888 821 τὰ
914 765 1310 838 συμϐεϐηκότα.
1353 766 1419 818 Ἠ
1447 764 1546 835 μὲν
1568 761 1661 820 οὖν

149 862 334 917 τοῦὸλον
362 862 435 923 εἰς
458 859 531 913 τὰ
574 859 716 931 μέρη
756 857 1050 930 διαίρεσις,
1078 856 1156 921 ὼς
1196 857 1289 910 ἐπὶ
1319 854 1382 910 τδ
1413 855 1662 912 πλεῖστον

147 955 253 1009 κατὰ
276 953 483 1025 μέγεθος
527 953 860 1005 ὲπινοεῖται’
892 951 925 1021 ἠ
962 949 1019 1004 δὲ
1059 951 1139 1014 είς
1176 948 1245 1003 τὰ
1282 948 1663 1022 συμϐεϐηκότα

147 1046 346 1100 οὐδέποτε
381 1043 472 1115 ὅλη
514 1043 746 1098 δύναται
770 1042 1126 1114 διαληφθῆναι
1145 1082 1161 1107 ,
1210 1040 1326 1111 είγε
1354 1041 1447 1095 καὶ⁵
1476 1042 1662 1096 οὐσίαν

145 1138 312 1207 ἑκάστῳ
332 1135 410 1189 δεῖ
442 1135 670 1200 πάντως
698 1135 808 1190 τῶν
835 1135 1003 1188 ὄντων
1032 1135 1315 1207 ὑπάρχειν.
1353 1134 1516 1189 Ὅθεν
1543 1120 1674 1188 ἀδόέ

145 1244 259 1297 κιμοι
282 1226 435 1297 ἄμφω
459 1220 627 1281 αὗται
669 1226 728 1281 αι
758 1225 1067 1298 διαιρέσεις,
1096 1225 1230 1297 μόνη
1248 1226 1310 1280 δὲ
1332 1225 1607 1298 εὐδοκιμεῖ
1627 1228 1661 1296 ἡ

141 1316 389 1385 τοῦγένους
407 1318 487 1381 είς
508 1316 630 1387 εἴδη
657 1317 818 1390 τομὴ,
846 1318 934 1387 ὑφ’
957 1310 1026 1388 ἧς
1049 1315 1509 1389 χαρακτηρίζεται
1535 1318 1571 1388 ἦ
1604 1333 1665 1370 τε

141 1407 353 1478 ταυτότης
376 1409 408 1477 η
433 1408 584 1461 κατὰ
605 1406 782 1477 γένος,
804 1408 839 1478 ἦ
868 1424 929 1460 τε
959 1407 1214 1479 ἑτερότης
1244 1408 1279 1478 ή
1317 1407 1455 1461 κατὰ
1495 1407 1667 1472 ίδικάς

138 1501 366 1574 διαφοράς.
397 1500 468 1553 Τὸ
501 1486 652 1565 εἶδος
677 1501 766 1555 ἀεὶ⁸
802 1499 859 1553 έν
890 1516 998 1553 τινι
1040 1498 1197 1571 μέρει
1234 1497 1549 1571 θεωρεῖται*
1603 1499 1665 1551 οὐ

144 1591 221 1661 μὴν
238 1590 509 1655 ἀνάπαλιν,
538 1591 597 1645 εἴ
624 1608 681 1644 τι
716 1590 880 1664 μέρος
908 1589 1025 1644 ἐστί
1046 1607 1209 1657 τινος,
1239 1589 1508 1645 τοῦτοκαὶ
1531 1586 1668 1654 εἶδος

138 1681 391 1753 γενήσεταιο
428 1684 462 1752 η
492 1680 611 1754 γὰρ
639 1681 762 1753 χεὶρ
788 1680 951 1751 μέρος
977 1680 1077 1751 μέν
1106 1682 1224 1734 εστι
1245 1678 1339 1735 τοῦ
1360 1680 1666 1751 ἀνθρώπου,

138 1766 309 1835 εἷδοςδὶ
339 1771 435 1825 οὐκ
457 1771 636 1826 ἔστιν.
668 1772 779 1826 Καὶ
800 1771 861 1825 τὸ
896 1771 995 1843 μὲν
1036 1773 1191 1840 γένος
1234 1772 1293 1826 ἐν
1328 1775 1440 1839 τοῖς
1474 1772 1667 1827 εἴδεσιν

137 1862 399 1935 ἐνυπάρχειο
412 1863 473 1917 τὸ
500 1863 618 1937 γὰρ
639 1862 780 1929 ζῶον
807 1863 901 1919 καὶ
921 1865 979 1917 ὲν
1001 1863 1080 1935 τῷ
1104 1863 1380 1937 ἀνθρώπῳ
1391 1865 1487 1918 καὶ
1508 1865 1567 1918 ὲν
1591 1863 1670 1935 τῷ
1706 1843 1746 1900 Β

139 1946 228 2016 βθϊό
255 1950 309 2004 τὸ
327 1950 380 2004 δὲ
404 1952 555 2016 ὅλον,
592 1953 655 2005 ὲν
683 1954 796 2016 τοῖς
838 1953 1060 2030 μέρεσιν
1087 1953 1189 2007 οὐκ
1227 1953 1522 2027 ἐνυπάρχει
1546 1972 1559 1985 ·
1606 1957 1669 2009 οὐ

138 2038 218 2109 γὰρ
234 2042 259 2093 ὁ
279 2042 562 2115 ἄνθρωπος
587 2045 650 2097 ἐν
673 2047 786 2108 τοῖς
813 2045 970 2099 ποσὶν
996 2045 1251 2118 ὑπάρχει.
1280 2047 1372 2100 Διὸ
1405 2045 1670 2118 κυριώτε-

137 2133 269 2203 ροντὺ
292 2130 423 2199 εἶδος
458 2134 563 2189 τοῦ
601 2135 801 2207 μέρους
818 2152 832 2168 ·
861 2137 956 2191 καὶ
981 2137 1080 2190 ὅσα
1109 2135 1203 2191 τοῦ
1235 2137 1423 2207 γένους
1448 2155 1675 2210 κατηγο-

136 2223 288 2291 ρεῖται,
310 2223 475 2278 ταῦτα
495 2224 687 2279 πάντα
710 2226 805 2279 καὶ
833 2225 927 2279 τοῦ
952 2225 1126 2296 εζδους
1151 2227 1668 2301 κατηγορηθήσεται.

135 2314 343 2385 Ἀριστον
360 2316 459 2388 μὲν
485 2313 591 2371 οὖν
614 2320 699 2381 είς
727 2317 819 2371 δύο
835 2317 1057 2391 θεωρεῖν
1069 2318 1180 2392 (66)
1199 2319 1314 2392 είδη
1347 2321 1409 2374 τὸ
1428 2321 1604 2390 γένος·
1623 2323 1671 2374 εί

133 2404 174 2457 δὲ
203 2406 294 2478 μὴ,
324 2410 400 2472 είς
425 2409 588 2482 τρία.
619 2408 705 2463 Τὰ
742 2409 919 2463 τοίνυν
972 2410 1085 2483 εἴδη
1106 2451 1122 2474 ,
1168 2410 1526 2484 γενικώτερον
1576 2414 1674 2485 μὲν

129 2497 446 2570 διαιρούμενα,
466 2501 945 2573 χαρακτηρίζεται
958 2504 1034 2576 τῷ
1047 2520 1108 2557 τε
1128 2494 1309 2576 ταῦτῷ
1329 2506 1423 2558 καὶ
1442 2504 1673 2578 θατέρῳ·

133 2588 280 2643 ἔπειτα
300 2592 353 2646 δὲ
368 2593 458 2648 διὰ
493 2595 618 2649 τῶν
652 2594 884 2664 γενικῶς
904 2598 1314 2670 σημαινομένων
1332 2598 1679 2671 διαιρούμενα

130 2684 583 2756 χαρακτηρίζεται.
611 2686 879 2741 Ἕκαστον
898 2686 1006 2760 γὰρ
1042 2688 1152 2742 τῶν
1196 2688 1351 2743 εἱδῶν
1375 2688 1492 2761 ἦτοι
1522 2690 1678 2743 οὐσία

131 2772 259 2826 ἐστίν’
273 2774 455 2849 ῶσπερ
477 2779 625 2832 ὅταν
648 2777 917 2850 λέγωμεν,
939 2778 1059 2834 Τῶν
1081 2779 1249 2835 ὅντων
1270 2779 1337 2835 τὰ
1365 2781 1465 2852 μὲν
1488 2779 1675 2853 σώμα-

127 2864 178 2917 τά
206 2866 326 2931 ἐστι,
348 2869 418 2922 τὰ
437 2868 497 2923 δὲ
530 2868 842 2941 ἀσώματα·
877 2871 910 2943 ἢ
940 2871 1123 2936 ποσὸν,
1151 2870 1184 2945 ἢ
1214 2873 1351 2944 πρός
1379 2888 1452 2937 τι,
1480 2873 1514 2942 ἢ
1550 2872 1678 2938 ποῦ,

129 2955 348 3034 ἢπὸτε,ῆ
374 2967 586 3029 ποιεῖν,
613 2963 650 3035 ἢ
677 2965 925 3036 πάσχειν.
951 2967 1161 3031 Παντὸς
1182 2957 1244 3020 οὗ
1282 2984 1425 3031 τινος
1439 2962 1533 3021 οὗν
1558 2969 1680 3024 έπι-

129 3049 307 3122 στήμων
331 3055 415 3119 τίς
451 3055 611 3123 ἐστι,
646 3055 840 3109 τούτου
884 3056 1092 3112 καὶτὸν
1119 3057 1245 3128 ὅρον
1276 3057 1573 3112 ἀποδώσει⁸
1605 3058 1681 3124 ὡς

125 3142 309 3245 ἥτε-μὴ
333 3148 651 3221 δυνάμενος
691 3146 837 3222 λόγῳ
896 3150 1205 3223 περιλαϐεῖν
1256 3152 1352 3205 καὶ
1399 3152 1681 3224 ὁρίσασθαι
1708 3188 1751 3245 c

122 3233 279 3303 ὁτιοῦν,
300 3240 494 3296 τούτου
521 3242 858 3314 ἐπιστήμων
881 3244 981 3296 οὐκ
1002 3241 1067 3297 ἄν
1093 3260 1221 3297 ποτε
1252 3244 1358 3316 εἴη.
1376 3245 1470 3298 Ἐκ
1498 3243 1554 3299 δὲ
1578 3245 1678 3316 τῆς

124 3327 195 3380 τοῦ
220 3332 333 3402 ὅρου
362 3335 611 3404 ἀγνοίας
635 3333 732 3389 καὶ
770 3333 869 3399 τάς
899 3333 1101 3400 πολλάς
1130 3336 1566 3409 ἀμφισϐητήσεις
1592 3338 1679 3406 γί-

124 3420 270 3477 νεσθαι
323 3426 418 3480 καὶ
476 3425 596 3490 τὰς
644 3424 882 3491 ἀπάτας,
907 3425 1212 3497 συμϐαίνει.
1268 3428 1332 3481 Εἰ
1390 3427 1499 3500 γὰρ
1543 3430 1573 3482 ὁ
1620 3426 1682 3481 τὸ

124 3516 315 3584 πρᾶγμα
344 3517 508 3582 εἰδὼς
536 3517 665 3588 ἔχει
695 3516 840 3570 κατὰ
865 3517 1099 3571 διάνοιαν
1122 3516 1222 3590 τὴν
1247 3519 1449 3590 εἴδησιν
1471 3519 1636 3573 αὑτοῦ
1664 3558 1680 3582 ,

123 3601 299 3660 δὺναται
322 3607 379 3662 δὲ
414 3610 516 3663 καὶ
538 3608 698 3680 λόγῳ
725 3607 1013 3679 σαφηνίσαι
1043 3608 1071 3661 ὃ
1095 3606 1402 3675 διανοεῖται,
1430 3610 1464 3681 η
1496 3611 1554 3664 δὲ
1584 3611 1683 3681 τῆς

124 3695 315 3764 διανοέας
340 3701 631 3774 ἑρμηνεία
661 3700 791 3770 ὅρος
816 3701 984 3764 ἐστὶν,
1020 3701 1312 3771 ἀναγκαῖόν
1339 3704 1452 3756 ἐστι
1483 3702 1576 3757 τὸν
1606 3706 1685 3757 εί-

122 3784 219 3843 δότα
238 3791 294 3846 τὸ
318 3796 570 3866 πρᾶγμα
612 3792 875 3847 δύνασθαι
900 3793 1065 3848 αὐτοῦ
1104 3795 1199 3848 καὶ
1228 3795 1319 3848 τὸν
1345 3795 1469 3867 ὅρον
1495 3795 1683 3850 ἀποδι-

120 3876 249 3935 ὃῦναι.
272 3882 786 3956 Προσλαμῦάνεται
828 3882 886 3936 δὲ
916 3883 1061 3956 ὅροις
1098 3884 1194 3937 καὶ
1224 3884 1258 3955 ἡ
1283 3883 1544 3955 διαφορὰ,
1586 3902 1684 3957 ση-

122 3971 245 4038 μείου
266 3974 418 4041 τάξιν
453 3975 754 4046 ἐπέχουσα
779 3974 859 4045 τῷ
894 3974 1023 4046 ὅρῳ.
1056 3973 1146 4046 Τῷ
1175 3974 1306 4044 γοῦν
1339 3974 1435 4029 τοῦ
1479 3976 1686 4049 ἀνθρώ-

119 4067 318 4139 πουὸρῳ
332 4071 397 4124 τὸ
412 4066 807 4142 γελαστικὸν
821 4065 1133 4138 προστεθὲν,
1162 4071 1302 4123 ποιεῖ
1312 4068 1371 4123 τὸ
1391 4068 1528 4123 ὅλοψ
1549 4069 1687 4136 ζῶον

118 4154 328 4228 λογικὸν,
361 4163 575 4236 θνητὸν
604 4201 619 4227 ,
646 4166 903 4235 χερσαῖον
923 4203 938 4226 ,
968 4163 1158 4228 πεζὸν,
1204 4163 1540 4233 γελαστικόν.
1586 4166 1689 4238 Ση-

119 4255 219 4319 μεῖα
252 4258 360 4329 γάρ
404 4258 537 4311 ἐστι
588 4254 665 4309 τὰ
707 4254 851 4309 κατὰ
894 4255 1157 4330 διαφορὰν
1196 4257 1578 4331 προσαγόμενα
1611 4258 1688 4329 τῷ

116 4343 203 4418 ὅρῳ
234 4351 451 4407 οίκείων
506 4354 899 4426 πραγμάτωνν
934 4353 1032 4425 τὴν
1071 4352 1127 4406 δὲ
1165 4352 1326 4421 φύσιν
1374 4352 1551 4406 αὐτῶν
1581 4351 1688 4405 τῶν

115 4444 429 4512 πραγμάτων
464 4445 585 4498 οὐκ
620 4442 979 4496 ἐνδείκνυται.
1020 4442 1228 4496 Αὐτίκα
1267 4441 1397 4496 ἰδίου
1437 4441 1690 4496 ἀπόδοσιν

1762 578 1993 635 rationis
2024 579 2316 651 particeps.
2362 579 2482 647 Quo
2518 581 2574 635 ﬁt
2620 590 2680 636 ut
2723 583 2966 638 materiae
2996 583 3216 653 quidem
3248 586 3334 640 lo-

1758 685 1886 726 cum
1919 680 2139 743 prmstet
2169 671 2398 737 divisio,
2432 671 2734 727 deﬁnitioni
2779 688 3031 744 quaerens
3067 675 3334 747 simplici-

1759 771 1923 818 tatem
1956 764 2196 821 nominis
2225 764 2490 820 :artiﬁcis
2512 771 2691 820 autem
2722 773 2789 841 et.
2813 766 3026 836 opiﬁcis
3064 767 3333 833 deﬁnitio,

1761 870 1883 924 quae
1911 857 2186 927 componit
2209 865 2264 912 et
2291 859 2583 921 construit,
2617 865 2671 912 et
2698 858 2819 929 ejus
2847 859 2993 929 quod
3032 869 3119 917 est
3147 869 3338 918 osten-

1761 947 1843 1001 dit
1898 949 2283 1018 cognitionem.
2333 947 2450 1003 Non
2492 949 2687 1003 harum
2732 957 2913 1004 autem
2952 965 3177 1018 rerum,
3234 968 3338 1010 nec

1762 1036 2007 1092 idearum
2038 1038 2195 1109 331
2224 1047 2351 1096 sunt
2368 1039 2732 1104 deﬁnitiones,
2763 1039 2859 1097 sed
2896 1055 3079 1095 rerum
3104 1057 3337 1112 quarum

1763 1131 2030 1188 habemus
2057 1121 2395 1188 universales
2417 1135 2473 1186 in
2502 1132 2685 1187 animo
2712 1133 2981 1190 notiones.
3010 1130 3214 1188 Harum
3238 1149 3340 1190 no-

1764 1225 1974 1281 tionum
2008 1224 2242 1280 dicimus
2274 1239 2396 1280 esse
2425 1225 2704 1280 orationes
2732 1225 3208 1295 interpretativas;
3239 1226 3340 1281 ha-

1766 1330 1887 1370 rum
1917 1313 2060 1370 enim
2082 1313 2366 1369 notionum
2388 1312 2524 1369 ﬁunt
2551 1313 2713 1369 etiam
2737 1312 3055 1370 divisiones.
3094 1312 3170 1368 Ex
3201 1314 3343 1370 diri-

1770 1402 2017 1460 sionibus
2040 1410 2242 1466 autem,
2260 1417 2367 1457 una
2387 1403 2606 1473 quidem
2624 1408 2683 1467 >14
2700 1402 2893 1458 dividit
2908 1417 3022 1459 rem
3039 1403 3270 1459 divisam
3283 1406 3343 1461 in

1768 1495 2002 1567 species,
2034 1503 2094 1550 ut
2125 1510 2296 1565 genus
2328 1515 2340 1550 :
2372 1497 2544 1551 altera
2579 1504 2761 1551 autem
2796 1498 2852 1553 in
2891 1506 3110 1570 partes,
3158 1506 3219 1553 ut
3258 1507 3346 1553 to-

1767 1597 1879 1643 tum
1906 1607 1920 1643 :
1957 1587 2060 1642 alia
2088 1602 2216 1643 vero
2247 1589 2302 1643 in
2332 1588 2660 1645 accidentia.
2705 1589 2883 1661 Atque
2918 1591 3088 1647 totius
3120 1590 3342 1662 quidem

1771 1678 1826 1735 in
1855 1688 2038 1751 partes
2059 1679 2280 1745 divisio,
2315 1689 2374 1735 ut
2403 1682 2697 1752 plurimum
2728 1683 3114 1740 consideratur
3138 1686 3193 1740 in
3226 1701 3346 1741 ma-

1771 1773 2055 1844 gnitudine
2088 1792 2101 1828 :
2132 1789 2255 1845 qua:
2282 1774 2340 1829 ﬁt
2370 1782 2550 1830 autem
2591 1775 2646 1830 in
2677 1776 2979 1832 accidentia
3005 1817 3021 1842 ,
3062 1794 3344 1850 nunquam

1772 1872 1951 1935 potest
1979 1873 2091 1922 tota
2137 1864 2434 1937 explicari,
2477 1867 2745 1938 siquidem
2777 1877 2994 1939 oportet
3047 1871 3357 1942 unicuique.

1774 1958 1982 2013 entium
2014 1958 2240 2013 omnino
2270 1958 2452 2015 inesse
2475 1961 2793 2015 essentiam.
2844 1956 3002 2016 Unde
3045 1962 3209 2016 etiam
3258 1978 3350 2018 re-

1776 2050 2080 2119 probantur
2111 2050 2283 2106 amba:
2304 2049 2387 2104 hae
2418 2050 2715 2106 divisiones
2747 2070 2760 2104 :
2791 2052 2908 2105 sola
2940 2059 3119 2107 autem
3149 2054 3348 2124 proba-

1776 2150 1864 2196 tur
1889 2141 2089 2198 divisio
2112 2141 2329 2212 generis
2367 2140 2422 2195 in
2450 2141 2683 2212 species,
2731 2156 2762 2195 a
2807 2157 2915 2212 qua
2942 2141 3174 2197 formam
3214 2144 3348 2199 cba~

1775 2243 2151 2304 racteremque
2185 2233 2383 2304 accipit
2410 2247 2530 2305 quae
2557 2240 2642 2289 est
2675 2235 2973 2290 secundum
2996 2250 3167 2307 genus
3192 2236 3348 2292 iden-

1777 2323 1943 2391 titas,
1990 2336 2042 2381 et
2089 2324 2383 2381 diversitas
2432 2324 2612 2396 quoad
2670 2324 3007 2383 diﬁ‘erentias
3063 2327 3352 2398 speciales.

1780 2419 2002 2490 Species
2034 2433 2248 2491 semper
2289 2419 2346 2474 in
2387 2418 2569 2490 aliqua
2598 2427 2754 2490 parte
2796 2419 3210 2488 consideratur,
3241 2438 3350 2477 non

1779 2519 1959 2567 tamen
2003 2519 2194 2569 contra
2242 2512 2289 2568 si
2330 2511 2463 2583 quid
2510 2520 2595 2569 est
2633 2528 2760 2582 pars
2801 2513 3071 2583 alicujus,
3118 2515 3222 2570 hoc
3250 2515 3355 2570 erit

1779 2604 1942 2659 etiam
1971 2604 2183 2674 species
2212 2622 2224 2658 :
2252 2618 2446 2658 manus
2469 2601 2615 2657 enim
2639 2611 2723 2658 est
2752 2618 2879 2674 pars
2908 2603 3126 2673 quidem
3178 2603 3356 2659 homi-

1779 2698 1888 2763 nis,
1914 2712 2022 2752 non
2047 2704 2133 2753 est
2159 2704 2341 2754 autem
2381 2698 2613 2770 species.
2652 2699 2716 2752 Et
2747 2713 2921 2771 genus
2965 2697 3183 2769 quidem
3213 2699 3356 2755 inest

1780 2789 1837 2844 in
1858 2789 2145 2860 speciebus
2178 2810 2190 2845 :
2222 2790 2423 2845 animal
2454 2791 2598 2847 enim
2624 2791 2763 2847 inest
2791 2793 2847 2846 in
2878 2791 3100 2846 homine
3121 2800 3173 2845 ct
3195 2790 3352 2846 bove.

1781 2878 1979 2936 Totum
2027 2889 2208 2936 autem
2254 2897 2363 2937 non
2407 2880 2550 2937 inest
2591 2882 2645 2936 in
2691 2881 2957 2952 partibus.
3000 2880 3175 2937 Homo
3208 2882 3355 2938 enim

1782 2985 1890 3025 non
1922 2969 2070 3025 inest
2103 2972 2157 3025 in
2186 2970 2438 3042 pedibus.
2483 2970 2752 3038 Quocirca
2805 2972 3016 3043 species
3064 2979 3150 3028 est
3204 2980 3357 3043 parte

1784 3060 1983 3132 potior.
2034 3059 2099 3115 Et
2146 3076 2487 3132 quaecunque
2520 3062 2587 3117 de
2631 3077 2828 3134 genere
2859 3062 3257 3132 praedicantur,
3290 3077 3355 3118 ea

1783 3157 1945 3210 etiam
1973 3157 2155 3210 omnia
2182 3157 2625 3227 praedicabuntur
2657 3158 2725 3215 de
2763 3160 2964 3230 specie.
3007 3160 3186 3231 Atque
3217 3162 3359 3231 opti-

1785 3259 1932 3299 mum
1965 3244 2185 3315 quidem
2230 3243 2394 3299 fuerit
2435 3246 2787 3316 contemplari
2827 3261 2999 3316 genus
3042 3246 3097 3300 in
3140 3246 3358 3302 duabus

1786 3333 2073 3406 speciebus
2108 3353 2122 3390 :
2171 3335 2256 3391 sin
2305 3336 2489 3393 minus
2541 3345 2721 3392 autem
2748 3377 2765 3403 ,
2802 3340 2857 3393 in
2902 3338 3100 3393 tribus.
3135 3335 3358 3409 Species

1785 3443 1916 3500 ergo
1937 3427 2127 3484 divisa
2166 3428 2386 3499 quidem
2431 3430 2772 3500 generalius,
2806 3431 3183 3485 characterem
3212 3432 3362 3485 οςεὶε

1788 3519 1944 3589 piunt
1974 3534 2037 3573 ex
2071 3518 2261 3574 eodem
2296 3527 2351 3575 et
2379 3520 2572 3575 altero.
2614 3518 2821 3576 Deinde
2851 3535 2985 3576 vero
3018 3520 3235 3586 divisa},
3265 3528 3362 3592 per

1788 3627 1849 3665 ea
1867 3626 1989 3682 quae
2016 3611 2342 3682 generaliter
2378 3610 2761 3682 signiﬁcantur
2800 3612 3175 3668 characterem
3220 3610 3368 3666 acci-

1788 3703 1964 3773 piunt.
2000 3700 2352 3773 Unaquaeque
2378 3703 2524 3758 enim
2544 3703 2758 3775 species
2787 3712 2882 3758 aut
2913 3710 2997 3759 est
3020 3701 3361 3759 substantia:

1789 3804 1849 3852 ut
1879 3811 2002 3851 cum
2029 3795 2298 3852 dicimus:
2323 3792 2401 3849 Ex
2429 3795 2496 3853 iis
2531 3811 2653 3867 quae
2685 3804 2835 3862 sunt,
2854 3795 2960 3850 alia
2987 3793 3205 3866 quidem
3236 3800 3367 3850 sunt

1790 3903 2076 3960 corporea,
2103 3889 2210 3942 alia
2242 3903 2371 3945 vero
2405 3889 2728 3961 incorporea
2762 3907 2776 3944 ι
2811 3895 2907 3942 aut
2937 3893 3239 3958 quantum,
3269 3891 3367 3939 aut

1790 3983 1933 4053 quod
1967 3980 2202 4038 refertur
2229 3980 2298 4036 ad
2329 3980 2555 4052 aliquid,
2580 3987 2673 4035 aut
2705 3980 2819 4042 ubi,
2847 3986 2941 4033 aut
2965 3978 3217 4049 quando,
3270 3983 3366 4031 aut

1792 4088 1973 4144 agere,
2000 4080 2093 4126 aut
2122 4073 2257 4142 pati.
2283 4071 2675 4142 Cujuscunque
2694 4068 2833 4141 ergo
2861 4070 2940 4126 rei
2980 4069 3141 4125 habet
3167 4068 3369 4137 aliquis

1793 4163 2102 4228 scientiam,
2135 4160 2256 4233 ejus
2279 4165 2444 4219 etiam
2474 4161 2625 4217 dabit
2646 4161 3018 4218 deﬁnitionem
3047 4178 3062 4214 :
3103 4158 3369 4230 quemad-

1792 4258 2013 4314 modum
2045 4257 2139 4328 qui
2176 4271 2286 4311 non
2316 4263 2495 4327 potest
2538 4254 2788 4312 oratione
2815 4252 3278 4326 comprehendere
3314 4258 3372 4305 et

1793 4349 2021 4405 deﬁnire
2046 4347 2335 4419 quidlibet,
2365 4345 2488 4416 ejus
2510 4347 2588 4403 rei
2621 4340 2903 4416 nunquam
2936 4343 3160 4399 habebit
3191 4341 3372 4398 scien-

1793 4444 1945 4495 tiam.
1984 4439 2060 4496 Ex
2100 4438 2440 4510 ignoratione
2467 4445 2647 4493 autem
2675 4435 3044 4500 deﬁnitionis,
3080 4432 3284 4489 accidit
3313 4443 3374 4488 ut

115 4535 249 4598 φασιν
271 4533 409 4592 εἶναι
440 4538 555 4611 τὴν
576 4534 849 4607 διαφοράν
863 4551 877 4565 ·
917 4535 1011 4589 καὶ
1033 4534 1166 4588 καθὸ
1188 4534 1296 4588 τῶν
1319 4533 1493 4589 ἄλλων
1519 4534 1677 4588 ἁπάν-

1797 4535 1979 4590 multa:
2000 4532 2368 4589 dubitationes
2388 4530 2634 4585 oriantur
2658 4537 2714 4585 et
2741 4527 3106 4599 deceptiones.
3140 4524 3194 4581 Si
3223 4527 3369 4581 enim

110 4639 197 4679 των
219 4629 469 4703 διαφέρει
492 4631 565 4685 τὸ
592 4629 724 4703 έχον
752 4627 853 4698 τὴν
883 4625 1142 4700 διαφοράν
1162 4670 1178 4694 ,
1218 4626 1246 4681 ὃ
1286 4628 1429 4699 μόνῳ
1454 4627 1689 4699 ὑπάρχει

112 4717 188 4769 καὶ
213 4700 751 4794 ἀντικατηγορεῖται
781 4717 876 4771 τοῦ
918 4719 1236 4790 πράγματος
1273 4719 1331 4772 ὲν
1366 4723 1479 4784 τοῖς
1504 4720 1650 4791 ὅροις
1673 4760 1689 4784 ,

107 4806 294 4885 ἀιὰτκῃ
327 4814 395 4867 τὸ
426 4812 673 4886 πρῶτον
703 4809 861 4879 γένος
893 4807 969 4872 ὡς
994 4809 1233 4880 ἀρχηγὸν
1264 4810 1359 4863 καὶ
1390 4809 1691 4863 ὑποστατδν

110 4895 199 4971 (67)
229 4903 309 4956 δεῖ
342 4902 851 4979 παραλαμϐάνειν.
894 4902 982 4956 Ἐν
1022 4901 1119 4972 μὲν
1147 4896 1240 4955 οὖν
1281 4903 1395 4964 τοῖς
1422 4899 1691 4971 μακροτέ-

108 5006 199 5058 ροις
220 4995 367 5066 ὅροις
397 4997 471 5049 τὸ
501 4994 726 5065 πλῆθος
763 4992 873 5047 τῶν
914 4992 1068 5047 εἰδῶν
1095 4992 1202 5046 τῶν
1229 4991 1692 5065 ὲξευρισκομένων

105 5081 179 5136 διὰ
202 5087 307 5140 τῶν
335 5090 482 5143 δέκα
509 5086 905 5159 κατηγοριῶν·
939 5087 997 5139 ὲν
1029 5084 1086 5138 δὲ
1116 5087 1228 5148 τοῖς
1257 5083 1559 5155 ἐλαχίστοις
1581 5123 1595 5146 ,
1624 5080 1696 5135 τὰ

102 5181 479 5254 προηγούμενα
510 5179 634 5233 τῶν
670 5176 955 5251 προσεχῶν
987 5177 1140 5231 εἰδῶν
1167 5176 1460 5248 ληφθέντα,
1482 5175 1580 5247 τὴν
1607 5174 1697 5228 οὐ-

104 5271 206 5324 σίαν
230 5278 324 5328 καὶ
352 5277 536 5346 φύσιν
563 5268 1035 5344 διασημαίνειτοῦ
1062 5269 1380 5341 πράγματος
1397 5285 1413 5300 ο
1443 5270 1471 5322 ὁ
1495 5267 1552 5321 δὲ
1573 5265 1699 5320 ἐλά-

100 5378 258 5430 χιστος
283 5369 353 5420 ἐκ
385 5365 584 5439 τριῶν
611 5362 935 5432 συνέστηκε,
958 5360 1053 5415 τοῦ
1080 5361 1270 5430 γένους
1295 5360 1390 5414 καὶ
1414 5359 1556 5414 δυεῖν
1585 5358 1694 5412 τῶν

187 5548 245 5607 ’Β
286 5542 351 5599 P.
398 5540 525 5600 916
561 5538 687 5595 ΕΙ).
726 5535 1032 5603 POTTER,
1077 5536 1318 5593 779-780
1353 5532 1461 5589 ΕΙ).
1505 5532 1718 5594 PARIS.

156 5696 262 5773 (55)
312 5695 618 5768 θεωρεῖν.
662 5691 912 5773 ,θεωρεῖν
955 5692 1202 5773 agnoscit
1255 5692 1417 5748 etiam
1454 5689 1691 5773 .iierveti

99 5762 278 5834 mgis,
312 5789 331 5819 ‹
362 5762 763 5834 εοῖιιεῐηριιιιιὶ
801 5762 969 5834 genus
997 5762 1052 5817 in
1077 5763 1289 5817 duabus
1322 5762 1637 5834 speciebus:
1668 5780 1687 5810 ι

99 5845 240 5907 atque
266 5830 342 5895 ita
374 5848 474 5895 est
501 5840 568 5891 in
604 5830 658 5904 ρ.
695 5830 1034 5904 pneccdente
1061 5874 1076 5900 ,
1105 5849 1213 5888 non
1242 5830 1582 5903 aspernanda
1612 5840 1697 5885 ta-

406 5933 719 5993 Pn‘nOL.
761 5926 856 5989 Gn
928 5924 1042 5987 ιχ.

1794 4627 1888 4698 qui
1924 4642 2037 4683 rem
2067 4624 2249 4687 novit,
2282 4622 2447 4677 habet
2483 4621 2540 4676 in
2570 4622 2757 4678 animo
2786 4619 2907 4690 ejus
2952 4618 3319 4691 cognitionem
3353 4635 3368 4671 :

1796 4725 1976 4790 potest
2000 4724 2181 4772 autem
2210 4715 2336 4786 quis
2357 4713 2608 4769 oratione
2642 4712 2918 4783 explicare
2951 4710 3004 4767 id
3038 4709 3185 4781 quod
3211 4708 3373 4763 liabet

1798 4809 1852 4865 in
1880 4809 2065 4865 animo
2094 4825 2107 4863 :
2140 4806 2260 4877 ejus
2293 4811 2471 4860 autem
2508 4802 2656 4876 quod
2688 4803 2872 4857 animo
2900 4802 3172 4873 cogitatur
3198 4799 3373 4869 expli-

1797 4901 1963 4965 catio,
1997 4908 2082 4955 est
2104 4897 2349 4953 deﬁnitio
2375 4915 2389 4952 :
2417 4911 2645 4953 necesse
2666 4909 2797 4966 ergo
2815 4904 2899 4949 est
2923 4902 2983 4947 ut
3009 4891 3100 4963 qui
3129 4905 3242 4946 rem
3270 4903 3373 4944 no-
3462 4970 3465 4973 η

1798 4992 1891 5054 rit,
1918 4991 2093 5060 possit
2123 4987 2245 5059 ejus
2269 4989 2432 5043 etiam
2462 4986 2599 5042 dare
2625 4983 3020 5041 deﬁnitionem.
3057 4978 3374 5035 Assumitur

1800 5089 1978 5138 autem
2012 5082 2067 5137 in
2097 5079 2507 5137 deﬁnitionibus
2537 5080 2701 5137 etiam
2723 5076 3050 5138 diti‘erentia,
3078 5089 3199 5145 qua:
3227 5072 3370 5142 signi

1799 5175 1980 5230 locum
2005 5174 2215 5229 obtinet
2243 5173 2299 5227 in
2333 5169 2669 5227 deﬁnitione.
2704 5167 3150 5236 Hominisitaque
3177 5162 3373 5219 deﬁni-

1805 5266 1940 5321 tioni
1966 5265 2274 5336 adjectum,
2304 5265 2357 5319 vi
2382 5262 2596 5318 ridendi
2624 5260 2913 5334 praeditum
2940 5298 2955 5324 ,
2990 5256 3121 5311 facit
3153 5261 3325 5309 totum
3354 5270 3368 5308 :

1803 5357 2005 5413 animal
2033 5356 2262 5413 rationis
2289 5355 2582 5427 particeps,
2620 5352 2866 5418 mortale,
2898 5356 3177 5415 terrestre,
3210 5346 3374 5418 pedes

1798 5704 1921 5743 men
1955 5696 2040 5743 est
2069 5687 2131 5741 A.
2157 5686 2318 5742 lectio
2347 5687 2657 5758 Sumsiter
2698 5683 2961 5758 dividere.
2988 5699 3014 5758 ρ

1801 5827 1842 5883 L
1871 5758 1961 5827 67)
1996 5759 2387 5813 ’Υποστατόν.
2420 5776 2437 5808 ι
2465 5751 2630 5825 'Quod
2651 5755 2878 5826 reliquis
2917 5751 3301 5811 substernitur
3348 5761 3372 5803 ρ

1846 5843 2023 5884 owru.

3029 5917 3101 5977 ιο
