3840 6538
429 376 538 436 B37

1587 357 1974 418 CLEMENTIS
2011 348 2477 410 ALEXANDRINI

3568 332 3662 391 538

436 507 568 562 stre,
599 494 652 551 vi
681 491 888 548 ridendi
926 489 1232 560 praeditum.
1262 485 1394 552 Quae
1421 484 1566 540 enim
1607 499 1704 553 per
1745 479 1999 536 dill'eren—

2124 473 2544 543 ιναγκαιοτάτων
2596 467 2771 524 εἱδῶν.
2819 459 3034 518 Γίνεται
3070 459 3131 516 δὲ
3166 457 3326 513 τοῦτο
3351 455 3443 514 διὰ
3482 469 3661 510 συντο-

437 594 569 648 tiam
602 588 930 644 adhibentur
959 579 1295 644 deﬁnitioni,
1325 583 1453 632 sunt
1481 576 1635 646 signa
1667 587 1848 628 rerum
1874 585 2002 641 pro-

436 685 700 756 priarum,
742 679 983 748 ipsarum
1015 681 1196 727 autem
1238 685 1420 725 rerum
1449 675 1700 722 naturam
1729 679 1836 718 non
1863 662 2005 716 indi—

436 753 584 831 cant.
626 771 747 828 lam
792 784 922 825 vero
968 767 1158 822 dicunt
1208 761 1568 818 diﬁerentiam
1624 773 1747 812 esse
1801 753 2002 824 proprii

437 867 821 930 redditionem,
856 870 910 917 et
945 857 1246 916 secundum
1291 853 1434 926 quod
1482 849 1660 907 dill'ert
1699 850 1768 904 ab
1795 848 1917 928 aliis
1950 845 2006 901 id

435 958 584 1030 quod
611 957 775 1012 habet
813 952 1205 1014 differentiam,
1235 947 1380 1018 quod
1420 945 1520 1000 soli
1551 943 1727 1004 inest,
1759 948 1812 995 et
1849 939 1916 994 de
1945 953 2006 993 re

2101 569 2248 639 μίαν.
2274 566 2457 636 Φαμὲν
2479 560 2590 617 οὖν·
2639 559 2960 632 Ἄνθρωπός
2994 558 3112 610 ἐστι
3147 555 3208 608 τὺ
3250 552 3388 617 ζῶον
3417 547 3660 617 γελαστι-

2099 659 2212 712 κόν·
2237 658 2298 710 τό
2318 672 2376 710 τε
2397 654 2686 727 ἐξαιρέτως
2711 647 3051 720 συμϐεϐηκὸς
3073 644 3151 717 τῷ
3172 641 3481 716 ὁριζομένῳ
3505 654 3664 709 προσ-

2101 747 2486 822 παραληπτέον
2508 787 2524 813 ,
2572 745 2606 816 ἢ
2647 745 2748 815 τὴν
2783 743 2918 796 ίδίαν
2942 739 3141 812 ἀρετὴν
3165 735 3330 790 αὑτοῦ
3354 775 3368 799 ,
3403 732 3440 802 ἢ
3459 733 3522 785 τὸ
3545 731 3664 783 [διον

2102 819 2257 915 ἔργον
2284 819 2472 903 αὑτοῦ,
2505 839 2600 892 καὶ
2621 837 2877 891 τοιούτων
2905 833 3066 888 τινῶν
3091 831 3284 886 ἄλλων.
3323 819 3664 896 Ἑξηγητικδς

2104 933 2196 990 οὖν
2228 937 2256 988 ὁ
2281 936 2405 1006 ὅρος
2435 932 2510 986 ὢν
2535 931 2634 1002 τῆς
2669 929 2763 984 τοῦ
2791 929 3112 1000 πράγματος
3133 923 3340 987 οὐσίας,
3362 916 3666 991 περιλαϐεῖν

438 1007 584 1030 Ί““’“’
612 1007 773 1012 --ν-νυ
822 1007 865 1010 τί
921 1007 930 1009 ~
985 1007 994 1008 ί
1192 1007 1202 1014 ι
1253 1007 1270 1018 .

438 1058 627 1106 mutuo
673 1046 1047 1119 praedicatur:
1088 1055 1312 1097 necesse
1359 1045 1444 1092 est
1493 1036 1548 1089 in
1598 1029 2005 1089 deﬁnitionibus

2124 1031 2206 1084 ιὲν
2234 1028 2477 1100 ἀκριϐῶς
2503 1026 2603 1098 τὴν
2631 1024 2788 1094 φύσιν
2810 1020 2904 1075 τοῦ
2941 1021 3260 1100 πράγματος
3281 1013 3564 1069 ἀδυνατεῖ’
3587 1007 3668 1062 διὰ

438 1099 878 1214 primumrgenus
922 1148 1204 1191 assumere
1257 1137 1316 1184 ut
1362 1127 1700 1198 principale,
1761 1130 1814 1178 et
1858 1119 2003 1192 quod

2124 1120 2162 1172 se
2208 1099 2320 1171 τῶν
2359 1115 2710 1188 κυριωτάτων
2756 1113 2911 1167 εἰδῶν
2942 1110 3042 1184 τὴν
3073 1099 3310 1180 δήλωσιν
3342 1104 3447 1174 τῆς
3491 1099 3667 1162 οὐσίας

746 1191 897 1287 litin
919 1227 1255 1300 longioribus
1272 1191 1487 1293 quidem
1497 1191 1969 1284 iidelinitionibus
1986 1253 2001 1276 ,

2124 1214 2338 1265 traicitur.
2358 1251 2372 1275 ,
2399 1210 2491 1262 καὶ
2525 1207 2708 1278 σχεδὸν
2742 1207 2800 1260 ἐν
2831 1203 3076 1275 ποιότητι
3111 1201 3142 1254 ὁ
3182 1201 3307 1272 ὅρος
3349 1197 3452 1269 τὴν
3489 1191 3669 1249 ούσίαν

439 1326 732 1382 multitudo
773 1323 1075 1394 specierum
1111 1332 1230 1388 quae
1267 1316 1620 1370 inveniuntur
1672 1325 1768 1380 per
1815 1308 2002 1362 decem
2106 1304 2237 1374 ἔχει.

437 1375 856 1488 ριίιιάἱυεωεηῖα
881 1433 894 1469 :
922 1413 977 1468 in
1009 1409 1248 1466 minimis
1281 1412 1497 1470 autem,
1530 1375 1770 1472 quas—ex
1802 1396 2122 1470 propinquis
2191 1392 2477 1464 speciebus
2506 1398 2738 1461 sumpta:
2779 1387 2981 1443 fuerint
3012 1383 3374 1457 principales,
3441 1375 3521 1432 rei
3583 1386 3670 1428 es-

440 1467 892 1488 r""-"‘-'-v—--'~-
948 1467 952 1468 ν
1482 1467 1491 1470 -
1549 1467 1564 1472 -
1804 1467 1816 1470 -
1907 1467 1919 1469 ,

439 1513 673 1566 sentiam
739 1517 793 1563 et
848 1512 1098 1561 naturam
1131 1497 1460 1570 signiﬁcant.
1521 1493 1653 1560 Qua:
1684 1501 1768 1547 est
1793 1499 1970 1544 autem
2031 1487 2256 1542 minima
2281 1525 2296 1550 ,
2353 1490 2572 1539 constat
2612 1497 2676 1537 ex
2715 1481 2925 1542 tribus.
2980 1494 3047 1534 ex
3089 1489 3324 1547 genere,
3366 1481 3422 1525 et
3465 1467 3669 1524 duabus

439 1601 728 1671 speciebus
788 1595 1022 1651 maxime
1085 1588 1435 1645 necessariis.
1472 1585 1586 1639 Hoc
1628 1590 1808 1638 autem
1850 1581 1908 1634 ﬁt
1946 1584 2168 1648 propter
2221 1574 2566 1631 brevitatem.
2638 1572 2879 1628 Dicimus
2908 1583 3084 1640 ergo:
3123 1565 3299 1621 Homo
3341 1569 3429 1618 est
3477 1557 3668 1615 animal

748 1688 1054 1761 praeditum.
1083 1682 1238 1737 Tunc
1260 1678 1651 1736 assumendum
1671 1682 1754 1729 est
1782 1673 1834 1728 id
1861 1670 2006 1742 quod
2047 1668 2315 1739 prmipue
2342 1667 2543 1722 accidit
2568 1665 2616 1722 ei
2647 1664 2791 1735 quod
2826 1662 3102 1726 deﬁnitur,
3159 1667 3254 1713 aut
3283 1655 3506 1728 prepria
3555 1651 3669 1721 ejus

438 1789 648 1847 virtus,
689 1745 782 1837 au‘t
815 1778 1093 1852 proprium
1126 1774 1248 1844 ejus
1293 1786 1493 1826 munus
1533 1784 1598 1824 ac
1629 1767 1864 1823 ollicium
1885 1804 1901 1830 ,
1931 1771 2025 1818 aut
2054 1761 2259 1833 aliquid
2291 1759 2439 1815 aliud
2469 1757 2758 1830 ejusmodi.
2791 1755 2970 1823 Quare
3001 1769 3125 1810 cum
3172 1751 3419 1807 deﬁnitio
3485 1745 3670 1801 debeat

441 1880 516 1935 rei
538 1873 832 1934 essentiam
853 1882 1148 1940 exponere,
1187 1879 1295 1918 non
1331 1869 1511 1932 potest
1552 1859 1772 1930 quidem
1803 1857 1881 1912 rei
1913 1862 2164 1910 naturam
2193 1858 2447 1908 accurate
2499 1849 2958 1920 comprehendere
3019 1865 3033 1902 :
3069 1861 3166 1916 per
3214 1844 3522 1916 praecipuas
3576 1853 3670 1895 att-

440 1983 546 2026 tein
597 1966 808 2038 species
845 1939 1086 2018 declarat
1121 1958 1414 2014 essentiam
1446 1971 1458 2007 :
1489 1959 1544 2008 et
1579 1951 1741 2006 habet
1774 1947 2015 2004 deﬁnitio
2053 1943 2445 2016 prOpemodum
2468 1941 2763 1997 essentiam
2795 1941 2851 1996 in
2877 1939 3159 2010 qualitate.

1842 2060 2073 2118 CAPUT
2133 2059 2243 2115 VII.

1385 2161 1460 2216 De
1486 2159 1661 2214 causis
1693 2153 1972 2210 dubitandi
2005 2155 2110 2210 sive
2139 2167 2409 2207 assensum
2443 2148 2754 2206 sustinendi.

513 2292 644 2358 Qua:
687 2286 927 2343 efﬁciunt
981 2289 1040 2334 ut
1096 2277 1430 2334 sustineatur
1479 2273 1758 2336 assensio,
1827 2260 2007 2323 causae

2176 2267 2256 2321 Τὰ
2289 2264 2544 2338 ποιητικὰ
2584 2263 2684 2334 τῆς
2731 2261 2930 2333 ἐποχῆς
2961 2258 3111 2314 αἴτια
3155 2255 3250 2314 δύο
3283 2255 3402 2309 ἐστὶ
3445 2255 3515 2309 τὰ
3542 2255 3674 2309 ἀνω-

448 2393 577 2443 sunt
625 2382 747 2436 duae
784 2390 1070 2448 supremae.
1117 2371 1236 2425 Una
1285 2367 1538 2438 quidem,
1573 2380 1730 2418 mens
1777 2362 2015 2416 humana

445 2491 567 2548 qua:
602 2481 686 2528 est
716 2469 999 2538 multiplex
1029 2471 1081 2519 et
1109 2460 1382 2517 instabilis
1403 2498 1418 2523 ,
1453 2458 1540 2511 cui
1574 2454 1790 2524 quidem
1823 2459 2014 2506 natura

445 2545 531 2624 est
561 2565 789 2620 insitum
839 2567 900 2613 ut
938 2561 1158 2628 generet
1196 2550 1592 2607 dissensionem
1613 2586 1628 2610 ,
1663 2553 1756 2599 aut
1788 2545 2015 2598 aliorum

448 2665 589 2718 inter
613 2673 672 2714 se
693 2653 926 2709 invicem
955 2657 1046 2702 aut
1079 2648 1165 2702 sui
1191 2646 1434 2715 ipsorum
1466 2656 1496 2694 a
1526 2639 1742 2708 seipsis.
1769 2635 2016 2691 Secunda

447 2758 650 2812 autem,
669 2760 734 2800 ea
765 2757 886 2814 qua:
908 2747 992 2796 est
1023 2739 1078 2792 in
1111 2737 1275 2792 rebus
1304 2729 1694 2801 discrepantia,
1715 2743 1834 2798 qua:
1853 2726 2017 2782 etiam

446 2839 686 2894 maxime
732 2832 896 2890 eﬂicit
940 2838 998 2884 ut
1041 2828 1377 2885 sustineatur
1422 2821 1692 2878 assensio.
1724 2817 1859 2871 Nam
1892 2830 2017 2869 cum

447 2945 629 3000 neque
657 2927 913 2984 omnibus
941 2923 1075 2978 visis
1110 2918 1384 2990 possimus
1416 2913 1640 2968 credere
1679 2918 1899 2981 pr0pter
1931 2922 2020 2962 re-

451 3021 804 3096 pugnantiam
842 3037 856 3074 :
904 3029 1078 3086 neque
1121 3009 1375 3066 omnibus
1420 3005 1577 3062 ﬁdem
1626 3019 1738 3058 non
1789 3001 2016 3064 habere,

452 3094 688 3187 quodid
717 3111 859 3183 quod
900 3107 1032 3163 dicit
1063 3102 1246 3159 omnia
1299 3114 1424 3156 esse
1474 3094 1848 3162 incredibilia,
1893 3107 2018 3146 cum

455 3210 526 3264 sit
563 3222 629 3262 ex
660 3182 932 3262 omnibus,
969 3199 1022 3251 in
1055 3207 1342 3250 numerant
1367 3191 1529 3246 etiam
1576 3187 1816 3242 omnium
1850 3182 2021 3237 ascri-

454 3301 649 3360 batur;
682 3307 858 3361 neque
887 3287 1158 3358 aliquibus
1199 3282 1417 3354 quidem
1473 3278 1716 3340 credere,
1753 3273 2022 3344 aliquibus

454 3403 584 3444 vero
616 3401 722 3440 non
758 3382 1000 3444 credere,
1033 3386 1254 3449 propter
1280 3372 1643 3443 aequalitatem
1671 3385 1684 3420 :
1715 3382 1779 3423 eo
1801 3364 2021 3420 deducti

457 3498 648 3538 sumus
681 3486 740 3534 ut
767 3475 1138 3533 sustineamus
1186 3468 1580 3525 assensionem.
1610 3463 1812 3518 llarum
1842 3469 2021 3516 autem

458 3571 842 3649 principalium
873 3580 1198 3626 causarum,
1231 3567 1453 3632 prapter
1482 3572 1619 3629 quas
1651 3555 2021 3610 assensionem

2111 2361 2289 2415 τάτω·
2327 2358 2384 2413 ἓν
2420 2359 2519 2429 μὲν
2569 2356 2630 2409 τὸ
2666 2355 2996 2427 πολύτροπον
3043 2350 3138 2406 καὶ
3183 2351 3417 2404 ἄστατον
3457 2347 3555 2417 τῆς
3587 2348 3676 2400 άν-

2115 2449 2390 2522 θρωπίνης
2445 2444 2688 2517 γνώμης,
2739 2446 2876 2514 ὅπερ
2921 2440 3234 2512 γεννητικὸν
3284 2434 3427 2492 εἶναι
3476 2439 3679 2505 πέφυκε

2113 2542 2212 2613 τῆς
2243 2539 2556 2610 διαφωνίας,
2575 2539 2691 2608 ήτοι
2714 2538 2810 2607 τῆς
2838 2535 2946 2607 (68)
2975 2534 3216 2606 ἀλλήλων
3238 2531 3377 2604 πρὸς
3403 2529 3678 2600 ἀλλήλους.

2115 2631 2149 2700 ἢ
2197 2630 2298 2700 τῆς
2331 2628 2535 2684 ἑαυτῶν
2569 2627 2704 2700 πρὸς
2757 2625 3012 2691 ἑαυτούς·
3061 2624 3312 2697 δεύτερον
3343 2622 3402 2676 δέ
3423 2624 3458 2693 ή
3497 2623 3555 2675 ἐν
3579 2621 3680 2680 τοῖς

2115 2716 2232 2773 οὖσι
2265 2719 2548 2788 διαφωνία,
2582 2718 2616 2789 ἥ
2651 2716 2745 2771 καὶ
2777 2717 3000 2780 είκότως
3031 2713 3364 2786 ἐμποιητικὴ
3383 2711 3682 2778 καθέστηκε

2117 2811 2213 2882 τῆς
2249 2809 2471 2881 ἐποχῆς.
2508 2810 2662 2880 Μήτε
2695 2809 2802 2880 γὰρ
2835 2808 3033 2872 πάσαις
3067 2805 3390 2875 φαντασίαις
3415 2801 3682 2856 πιστεύειν

2118 2900 2435 2972 δυνηθέντες
2457 2898 2542 2952 διὰ
2568 2897 2666 2970 τὴν
2687 2898 2888 2968 μάχην,
2911 2898 3044 2968 μήτε
3079 2897 3281 2958 πάσαις
3310 2895 3561 2946 ἀπιστεῖν
3579 2889 3681 2962 (69)

2118 2992 2205 3046 διὰ
2236 2992 2295 3045 τὸ
2326 2991 2422 3045 καὶ
2452 2991 2550 3062 τὴν
2571 2989 2835 3058 λέγουσαν
2892 2989 3069 3052 πάσας
3116 2986 3378 3051 ἀπίστους
3427 2984 3684 3056 ὑπάρχειν

2121 3083 2182 3151 ἐξ
2213 3083 2436 3137 ἁπασῶν
2469 3079 2632 3136 οὖσαν
2669 3078 3212 3153 συμπεριγράφεσθαι
3261 3079 3495 3142 πάσαιςο
3551 3075 3684 3146 μήτε

2120 3177 2231 3230 τισὶ
2267 3178 2366 3248 μὲν
2382 3173 2804 3239 πιστεύειν,τισὶ
2835 3173 2891 3226 δὲ
2924 3174 3170 3226 ἀπιστεῖν
3195 3170 3282 3225 διὰ
3314 3169 3412 3232 τὴν
3449 3167 3682 3238 ἰσότητα,

2123 3268 2478 3341 κατήχθημεν
2512 3271 2590 3332 είς
2629 3268 2853 3338 ἐποχήν.
2902 3265 3116 3320 Τούτων
3149 3264 3206 3317 δέ
3240 3263 3423 3318 αὐτῶν
3453 3261 3562 3317 τῶν
3586 3262 3686 3332 ἀρ·

2123 3361 2438 3433 χικωτάτων
2469 3360 2567 3431 τῆς
2602 3358 2802 3430 ἐποχῆς
2821 3357 2881 3410 τὸ
2907 3357 3006 3428 μὲν
3039 3355 3297 3412 ἀϐέϐαιον
3322 3356 3421 3426 τῆς
3459 3351 3684 3414 διανοίαις

2123 3453 2437 3525 γεννητικόν
2463 3455 2578 3506 ἐστι
2610 3450 2932 3521 διαφωνίαςο
2952 3452 2986 3521 ἡ
3017 3449 3073 3503 δὲ
3106 3449 3393 3518 διαφωνία,
3429 3444 3687 3520 προσεχὲς

2123 3549 2294 3601 αῑτιον
2310 3545 2408 3617 τῆς
2441 3547 2675 3618 ἐποχῆς·
2710 3544 2831 3600 ὅθεν
2864 3542 3077 3616 πλήρης
3107 3543 3206 3614 μὲν
3245 3546 3272 3596 ὁ
3298 3541 3410 3612 βίος
3437 3540 3686 3610 δικαστη-

455 3631 812 3723 sustinemus,
845 3653 1192 3727 cogitationis
1223 3650 1438 3721 quidem
1465 3647 1792 3702 inslabilitas
1813 3684 1827 3706 ,
1857 3659 2019 3714 gene-

2130 3639 2257 3710 ρίων
2290 3656 2348 3693 τε
2383 3641 2477 3693 καὶ
2513 3637 2926 3710 βουλευτηρίων,
2945 3636 3038 3690 καὶ
3060 3633 3288 3689 καθόλου
3313 3635 3412 3706 τῆς
3434 3633 3560 3705 περὶ
3581 3631 3688 3702 (70)

456 3769 542 3813 rat
568 3752 966 3811 dissensionem
1007 3766 1019 3800 :
1065 3740 1335 3799 dissensio
1363 3747 1540 3794 autem
1582 3745 1664 3793 est
1709 3734 2021 3791 immediata

456 3862 622 3904 causa
652 3849 876 3915 pr0pter
898 3851 1061 3908 quam
1089 3831 1389 3886 sustinetur
1410 3824 1676 3880 assensio.
1704 3822 1841 3876 llinc
1863 3821 2022 3891 plena

457 3937 678 4010 quidem
709 3941 792 3989 est
837 3931 946 3984 vita
988 3921 1211 3996 judiciis
1245 3927 1299 3976 et
1326 3917 1528 3981 curiis,
1576 3923 1631 3970 et
1673 3915 1729 3968 in
1772 3926 2020 3976 summa,

456 4007 646 4087 eorum
681 4040 801 4097 qua:
833 4022 1092 4076 dicuntur
1125 4016 1267 4071 bona
1298 4021 1353 4068 et
1387 4011 1530 4064 mala
1565 4007 1871 4063 electione:
1901 4021 2023 4076 qua:

457 4117 674 4187 quidem
698 4095 883 4167 dubia:
908 4106 1108 4161 mentis
1135 4114 1189 4159 et
1221 4099 1286 4156 ad
1314 4097 1687 4170 oppositurum
1717 4109 1898 4149 rerum
1940 4095 2025 4148 in-

458 4210 768 4264 ﬁrmitatem
789 4197 1174 4260 claudicantis,
1205 4202 1332 4251 sunt
1359 4198 1699 4262 argumenta.
1751 4187 1892 4241 Sunt
1919 4188 2024 4241 ita-

457 4310 562 4364 que
604 4292 759 4347 libris
789 4290 962 4360 plenaa
1007 4283 1381 4345 bibliotheca},
1425 4281 1740 4347 classesque
1785 4284 1838 4331 et
1878 4291 2026 4331 com-

2124 3732 2193 3784 τὰ
2215 3732 2485 3803 λεγόμενα
2517 3729 2696 3800 ἀγαθὰ
2727 3730 2821 3784 καὶ
2846 3729 2992 3783 κακὰ
3017 3727 3302 3800 αἱρέσεως,
3320 3726 3466 3798 ἅπερ
3495 3729 3687 3796 ήπορηι

2127 3823 2298 3895 μένης
2333 3823 2450 3877 ἐστὶ
2481 3823 2718 3886 διανοίας
2750 3823 2842 3876 καὶ
2877 3820 3010 3893 πρὸς
3051 3819 3147 3890 τὴν
3173 3819 3278 3872 τῶν
3311 3818 3424 3890 (71)
3471 3819 3694 3872 ἀντικει-

2130 3914 2304 3985 μένων
2337 3916 2677 3985 πραγμάτων
2703 3915 2782 3976 είς
2815 3912 3097 3967 ἀσθένειαν
3124 3911 3232 3981 (72)
3258 3907 3691 3981 μετοκλαζούσης

2126 4007 2435 4077 τεκμήρια·
2466 4005 2690 4077 πλήρεις
2720 4004 2764 4057 δ’
2808 4005 2865 4057 αἱ
2899 4003 3064 4074 θῆκαι
3101 4002 3208 4057 τῶν
3244 4001 3484 4072 βιϐλίων,
3515 4000 3607 4055 καὶ
3639 3996 3694 4051 αἱ

2131 4097 2409 4163 συντάξεις
2441 4097 2534 4152 κα)¹
2567 4097 2623 4152 αἱ
2657 4098 3024 4167 πραγματεῖαι
3056 4095 3164 4147 τῶν
3207 4092 3611 4163 διαφωνούντων
3637 4092 3695 4142 ἐν

2129 4190 2241 4253 τοῖς
2274 4189 2541 4260 δόγμασι,
2584 4189 2680 4242 καὶ
2721 4187 3054 4241 πεποιθότων
3095 4187 3318 4250 ἑαυτοὺς
3359 4187 3457 4258 τὴν
3497 4187 3553 4238 ἐν
3579 4185 3694 4245 τοῖς

2133 4276 2282 4332 οὖσιν
2311 4279 2566 4352 ἀλήθειαν
2594 4278 2898 4348 γινώσκειν.

457 4386 816 4442 mentationes
862 4383 931 4437 iis
999 4380 1093 4450 qui
1162 4379 1220 4433 in
1252 4375 1596 4446 dogmatibus
1629 4373 1772 4427 inter
1821 4387 1880 4427 se
1933 4372 2303 4440 dissentiunt,
2372 4383 2427 4431 et
2486 4375 2588 4431 sibi
2653 4383 3040 4444 persuaserunt
3083 4387 3144 4428 se
3183 4372 3240 4428 in
3292 4370 3460 4428 rebus
3510 4378 3696 4426 tenere

461 4477 740 4529 veritatem
751 4512 765 4525 .

1887 4555 2116 4611 CAPUT
2157 4557 2271 4611 Vlll

1059 4655 1178 4722 Qua
1201 4651 1440 4708 methodo
1467 4661 1576 4704 tum
1616 4667 1719 4714 res,
1758 4659 1866 4702 tum
1901 4653 2115 4706 nomina
2140 4650 2207 4704 ad
2230 4661 2399 4707 certas
2421 4652 2618 4706 classes
2643 4651 2822 4707 reduci
2857 4661 3095 4722 possunt.

537 4771 593 4827 In
622 4788 755 4828 voce
798 4773 903 4827 tria
946 4779 1237 4828 versantur
1271 4789 1284 4825 :
1318 4783 1514 4838 nempe
1549 4776 1603 4822 et
1638 4765 1860 4820 nomina
1911 4784 2019 4837 qua

2205 4767 2343 4843 Τρία
2379 4769 2489 4840 (75)
2527 4768 2644 4822 ἐστὶ
2674 4768 2800 4838 περὶ
2831 4768 2930 4839 τὴν
2973 4768 3189 4839 φωνήν
3223 4766 3295 4821 τά
3324 4781 3386 4819 τε
3425 4763 3700 4835 ὀνόματα,

461 4876 589 4923 sunt
614 4867 768 4938 signa
799 4881 989 4923 eorum
1011 4879 1133 4935 quae
1162 4863 1344 4917 animo
1373 4863 1681 4932 cogitantur
1712 4861 2027 4932 principali-

537 5026 595 5084 ἧι
639 5019 700 5074 Ρ.
736 5018 841 5074 917
879 5017 987 5071 ΕΙ).
1028 5013 1328 5079 POTTEB,
1371 5013 1466 5068 78l
1515 5013 1622 5069 ΕΙ).
1663 5012 1888 5070 PARIS.

525 5152 649 5233 .(68)
692 5153 849 5207 Ἤτοι
867 5151 1019 5233 hanc.
1037 5149 1332 5233 .l)_uplicem
1375 5150 1771 5233 dissensionem
1805 5150 2028 5230 statuit;

466 5220 672 5286 aliam,
700 5237 806 5291 qua
850 5220 1050 5276 diversi
1094 5220 1344 5291 homines
1388 5222 1530 5275 inter
1575 5235 1634 5275 se
1666 5220 2025 5281 dissentiunt;

465 5294 628 5346 aliam
662 5288 778 5361 qua
798 5293 921 5360 quis
946 5305 977 5343 a
999 5290 1181 5361 seip_so
1210 5288 1502 5358 discrepat.

538 5362 649 5433 (69)
681 5357 853 5433 Μήτε
890 5373 953 5433 at.
990 5379 1048 5414 a.
1083 5357 1311 5433 'Sensus
1341 5357 1426 5413 est
1457 5379 1472 5413 :
1511 5357 1684 5433 credi
1721 5373 1830 5412 non
1869 5372 2030 5433 posse

465 5426 610 5486 hanc
633 5426 1085 5502 propositionem,
1122 5448 1140 5480 ι
1171 5428 1316 5502 Nihil
1344 5437 1433 5502 est
1453 5426 1854 5502 credendum.)
1891 5427 2029 5492 Quia

466 5510 585 5583 turn
614 5495 681 5557 n'e
713 5495 824 5554 hinc
848 5501 1064 5583 quidem
1095 5499 1396 5583 propositio
1414 5505 1560 5552 esset
1590 5495 1880 5583 credenda,
1904 5513 2026 5550 cum

466 5573 630 5625 etiam
676 5585 738 5626 ea
768 5566 1006 5639 generali
1044 5566 1176 5623 voce
1203 5566 1400 5639 ’r_nihi_l
1433 5585 1452 5618 ι
1486 5566 1882 5639 excluderetur.
1937 5566 2025 5619 Si-

467 5642 582 5694 mili
611 5635 931 5710 argumento
960 5639 1222 5710 adversus
1243 5635 1670 5710 PJvrr‘honiorum
1701 5635 1900 5706 ἐποχήν
1931 5652 2026 5691 su-

468 5725 564 5779 pra
594 5695 840 5779 estvusus
877 5724 930 5779 p.
965 5708 1069 5761 777
1097 5708 1234 5779 edit:
1264 5695 1440 5759 Paris.

539 5780 650 5848 (70)
692 5778 801 5832 Καὶ
850 5771 1110 5832 κὶιθόλου
1161 5775 1272 5842 τῆς
1326 5790 1387 5826 π.
1443 5773 1603 5839 Vult,
1656 5771 2028 5831 diﬁicultatem

2137 4859 2378 4931 σύμϐολα
2407 4859 2535 4915 ὄντα
2567 4860 2672 4913 τῶν
2701 4859 2983 4929 νοημάτων
3015 4857 3155 4912 κατὰ
3178 4857 3239 4911 τὸ
3269 4855 3702 4929 προηγούμενον,

2132 5144 2557 5230 eligendi-Aquod
2591 5145 2998 5230 optimumnest.
3039 5145 3395 5230 qliaauhique
3454 5143 3702 5230 gentium

2132 5214 2492 5287 conspicitur,
2541 5214 2662 5271 esse
2709 5214 3070 5287 manifestum
3103 5214 3404 5282 indicium,
3455 5215 3595 5285 quod
3640 5214 3702 5265 in

2132 5285 2319 5341 multis
2347 5288 2510 5342 rebus
2533 5285 2813 5340 retinenda
2841 5287 2913 5340 sit
2943 5289 3212 5342 assensio.

2174 5357 2314 5438 .(71)
2349 5357 2467 5438 ,Καὶ
2495 5355 2657 5438 ξρύς
2700 5356 2814 5438 rip:
2858 5353 2995 5438 ger.
3040 5355 3526 5438 Tﬁvdsuperﬂuum
3578 5358 3700 5408 est.

2131 5425 2221 5480 Sic
2241 5425 2384 5496 erpl.
2411 5447 2422 5480 :
2445 5447 2462 5478 ι
2490 5425 2620 5491 Quae
2652 5427 2990 5480 suntindicia
3022 5425 3219 5481 mentis
3250 5425 3445 5486 dubia).
3469 5437 3704 5492 quaeque

2130 5511 2466 5620 g‘ﬁldli‘ggltlm
2512 5499 2655 5550 inter
2695 5512 2754 5552 se
2801 5499 3159 5568 repugnantia
3203 5499 3274 5552 ob
3319 5498 3700 5551 inﬁrmitatem

2411 5607 2420 5616 .
2474 5585 2492 5618 ι

2131 5582 2420 5620 etauuicat.
2474 5585 2492 5618 ι

2205 5637 2317 5707 (72)
2353 5638 2459 5707 Εἰς
2483 5635 2820 5707 deﬂentur.
2856 5634 2984 5691 Dele
3009 5637 3108 5698 εἰς.
3141 5635 3367 5691 Low'rn.

2207 5705 2318 5775 (73)
2363 5705 2517 5772 Τρία.
2555 5705 2680 5775 llaec
2728 5721 2784 5760 se
2828 5709 2930 5758 tria
2977 5715 3324 5774 sequuntur:
3363 5721 3480 5769 res,
3508 5716 3710 5757 conce-

2136 5772 2503 5846 ptus,'voces.
2554 5772 2728 5831 Voces
2759 5772 3155 5846 repraesentant
3204 5786 3526 5846 conceptus,
3556 5787 3715 5827 con-
