3840 6528
385 5043 391 5054 “
456 5035 484 5086 6
530 5033 719 5096 αὐτός·

442 376 539 432 591

443 585 534 631 tur
565 578 665 632 sub
697 576 882 631 decem
905 575 1374 646 pnedicamentis,
1408 573 1510 626 alia
1555 569 1770 641 quidem
1813 583 1908 639 per
1947 583 2005 624 se

443 669 720 733 dicuntur,
747 675 810 723 ut
839 683 1033 724 novem
1061 667 1480 737 pmdicamenta
1499 704 1515 729 ,
1547 663 1652 718 alia
1699 668 1878 717 autem
1915 676 2005 715 re-

445 762 554 814 lata
583 761 652 815 ad
681 759 904 830 aliquid.
948 759 1014 814 Et
1045 775 1236 815 rursus
1265 774 1330 814 ex
1367 758 1433 812 iis
1459 771 1580 828 quae
1610 762 1740 812 sunt
1781 753 1883 809 sub
1921 753 2006 808 his

443 854 628 908 decem
658 852 1112 923 prredicamentis,
1146 852 1249 905 alia
1277 849 1494 920 quidem
1528 853 1657 904 sunt
1680 860 2002 916 synonyma,

445 945 588 999 sicut
635 945 735 1000 bos
785 952 839 998 et
880 944 1076 1008 homo,
1120 951 1392 1010 quatenus
1429 939 1649 995 animal.
1683 937 1821 993 Sunt
1861 937 2006 992 enim

445 1051 766 1107 synonyma,
785 1051 1016 1105 quorum
1047 1035 1329 1089 amborum
1353 1047 1550 1087 nomen
1581 1039 1662 1087 est
1698 1043 2005 1093 commune,

446 1133 508 1182 ut
554 1127 756 1181 animal
797 1143 810 1177 :
863 1135 917 1181 et
967 1127 1107 1180 ratio
1151 1123 1375 1188 eadem,
1433 1124 1536 1179 hoc
1580 1129 1697 1186 est,
1744 1121 2005 1184 delinitio,

446 1235 660 1289 nempe,
701 1219 939 1273 essentia
969 1219 1226 1271 animata.
1258 1215 1615 1286 Heteronyma
1644 1220 1822 1268 autem
1859 1219 2006 1276 sunt,

447 1326 567 1380 qua;
587 1311 733 1365 circa
766 1310 906 1364 idem
940 1309 1247 1378 subjectum
1284 1316 1412 1363 sunt
1440 1307 1493 1360 in
1523 1307 1753 1362 diversis
1784 1307 2013 1360 nomini-

445 1401 570 1465 bus,
605 1408 664 1455 ut
691 1416 956 1457 ascensus
978 1406 1032 1456 et
1059 1401 1358 1456 descensus
1387 1414 1400 1448 :
1442 1403 1500 1460 »Ῑς
1531 1403 1617 1452 est
1646 1397 1789 1451 enim
1822 1396 2009 1452 eadem

448 1493 567 1555 via,
611 1491 725 1546 sive
773 1506 1014 1555 sursum,
1062 1492 1176 1546 sive
1223 1490 1503 1545 deorsum.
1551 1483 1649 1544 Est
1688 1496 1866 1543 autem
1905 1487 2010 1542 alia

447 1585 658 1653 Species
692 1585 1196 1654 heteronymorum,
1247 1588 1438 1652 utpote
1482 1595 1692 1651 equus,
1740 1587 1795 1635 et
1839 1579 2008 1650 niger,

447 1689 568 1743 quae
588 1679 642 1728 et
671 1687 866 1728 nomen
909 1678 965 1727 et
1004 1671 1270 1726 rationem
1315 1670 1540 1736 habent,
1573 1671 1804 1725 alterum
1833 1669 1906 1724 ab
1932 1669 2012 1722 al-

446 1771 562 1818 tero
609 1763 884 1818 diversum
904 1801 920 1827 ,
952 1769 1008 1816 et
1032 1776 1209 1831 neque
1239 1761 1441 1816 habent
1481 1761 1621 1816 idem
1661 1759 1968 1830 subjectum
1994 1777 2008 1813 :

1594 363 1982 423 CLEMENTIS
2015 362 2476 419 ALEXANDBINI

445 489 670 558 primam
699 473 1134 554 applicationem.
1184 478 1262 535 Ex
1289 479 1355 534 iis
1378 484 1558 533 autem
1583 493 1705 547 qua:
1727 476 2001 531 collocan-

2129 475 2271 532 Ῑῶον·
2298 475 2410 528 ἔστι
2443 475 2552 546 γὰρ
2591 470 2796 526 συνώνυ

3568 350 3664 406 5θῖ

2907 469 3051 542 (81),
3087 461 3162 522 ὧν
3191 467 3251 522 τό
3286 485 3347 521 τε
3377 467 3548 537 ὁνομα
3573 467 3664 537 ἁμ-

2107 571 2224 638 φοίν
2253 568 2447 630 κοινὸν,
2471 566 2534 620 16
2557 564 2692 630 ζῶον
2711 584 2722 594 ·
2755 555 2848 615 κιῖὶ
2867 563 2895 614 6
2917 562 3094 630 λόγος,
3125 561 3153 614 6
3179 556 3364 621 αὐτὸς,
3391 555 3662 610 τουτέστιν

2104 664 2132 715 6
2174 662 2332 733 ὅρος,
2377 657 2652 714 τουτέστιν
2693 654 2854 709 οὐσία
2897 653 3174 724 ἔμψυχος·
3225 649 3547 721 ἑτερὼνυμα
3582 647 3662 710 δὲ,

2103 753 2203 807 ὅσα
2251 753 2379 823 περὶ
2421 750 2480 804 16
2525 748 2654 802 αὐτὸ
2695 743 3050 814 ὑποκείμενον
3105 743 3162 795 ὲν
3205 740 3488 811 διαφόροις
3531 737 3666 790 ἐστὶν

2104 843 2360 913 ὁνὸμασιν
2383 881 2396 903 ,
2427 834 2536 894 οἷον
2575 836 2836 897 ἀνάϐασις
2862 833 2954 886 καὶ
2985 831 3312 895 κατάὖασις·
3346 829 3470 891 ὁδὸς
3505 827 3665 913 γὰρὴ

2107 911 2266 1003 αὐτὴ,
2300 933 2417 1002 ἤτοι
2451 933 2528 993 είς
2555 929 2615 982 16
2642 927 2772 991 ἅνω,
2797 927 2831 998 ἢ
2865 927 2944 990 είς
2971 924 3032 978 τὸ
3060 923 3229 976 κάτω.
3256 921 3330 973 T6
3360 919 3404 972 δ’
3436 918 3564 973 ἄλλο
3590 911 3662 969 εῖ-

2106 1023 2193 1086 δος
2238 1024 2346 1076 τῶν
2397 1020 2750 1092 έτερωνύμων
2774 1057 2789 1081 ,
2837 1011 2948 1070 οἷον
2995 1015 3164 1074 ἵππος
3205 1011 3300 1066 καὶ
3338 1009 3544 1081 μέλας,
3584 1007 3668 1060 καὶ

2106 1116 2273 1188 ὖνομα
2300 1114 2392 1168 καὶ
2422 1112 2578 1181 λόγον
2614 1111 2809 1180 ἕτερον
2855 1105 3099 1178 ἀλλήλων
3132 1103 3323 1173 ἔχοντα
3342 1143 3358 1165 ,
3415 1100 3553 1172 μηδὲ
3582 1099 3666 1153 τοῦ

2108 1207 2462 1278 ὑποκειμένου
2517 1200 2905 1257 κοινωνοῦνταο
2959 1198 3124 1269 ἕτερα
3173 1197 3230 1249 δὲ
3274 1192 3534 1256 λεκτέον,
3580 1191 3668 1262 οὐχ

2108 1301 2441 1373 έτερώνυμα.
2474 1295 2810 1366 Πολυώνυμα
2843 1292 2900 1346 δὲ
2928 1291 2996 1345 τὰ
3023 1290 3115 1342 τὸν
3152 1289 3248 1359 μὲν
3278 1286 3439 1354 λόγον
3467 1283 3558 1339 16v
3587 1283 3670 1373 αὑ-

2106 1370 2434 1461 τὸν-ἔχοντα,
2463 1387 2632 1457 ὄνομα
2659 1384 2715 1437 δὲ
2745 1383 2998 1454 διάφορον
3017 1395 3031 1408 °
3063 1378 3139 1441 ὼς
3167 1377 3290 1447 ἄορ,
3321 1375 3513 1442 ξίφος,
3544 1370 3670 1440 φάσ-

2117 1500 2276 1554 γανον
2301 1501 2314 1512 ·
2351 1478 2654 1552 παρώνυμα
2681 1475 2725 1528 δ’
2759 1473 2876 1528 ἐστὶ
2911 1471 2982 1525 τὰ
3023 1468 3174 1541 παρά
3216 1484 3269 1520 τι
3309 1466 3500 1536 ἕτερον
3545 1463 3668 1554 ὠνο-

2121 1553 2402 1645 μασμένα,
2443 1570 2532 1634 ,ὡς
2591 1566 2698 1621 ἀπὸ
2753 1565 2854 1636 τῆς
2905 1562 3154 1635 ἀνδρείας
3203 1560 3232 1612 6
3272 1557 3537 1645 ἀνδρεῖος.
3599 1553 3669 1606 Τὰ

2110 1644 2166 1719 δὲ
2194 1663 2460 1736 ὁμώνυμα
2487 1659 2599 1731 (82)
2620 1698 2634 1724 ,
2666 1657 2743 1729 τῷ
2778 1655 2924 1727 αὑτῷ
2951 1653 3174 1724 ὀνόματι
3202 1647 3464 1722 χρώμενα
3483 1685 3498 1711 ,
3527 1644 3668 1736 λὸγον

2109 1758 2164 1812 δὲ
2191 1735 2252 1810 ού
2277 1756 2368 1810 τὸν
2395 1753 2555 1808 αὐτὸν
2585 1750 2804 1822 ἔχοντα’
2857 1741 2968 1801 οἷον
3017 1741 3402 1815 ἄνθρωπος,τό
3447 1755 3507 1791 τε
3547 1735 3670 1800 ζῶον

446 1863 574 1908 sunt
611 1869 673 1909 ea
721 1861 903 1908 autem
951 1827 1183 1909 dicenda
1226 1853 1431 1916 altera,
1485 1867 1594 1906 non
1639 1827 2009 1922 heteronyma.

2129 1849 2206 1904 ιαὶ
2241 1849 2269 1901 6
2295 1843 2697 1917 γεγραμμένος.
2729 1840 2849 1895 Τῶν
2887 1838 2944 1892 δὲ
2985 1834 3290 1908 ὁμωνύμων
3333 1831 3404 1884 τὰ
3437 1830 3549 1922 μὲν

445 1943 776 2016 Polyonyma
803 1952 984 1999 autem
1008 1951 1138 1999 sunt
1159 1958 1280 2013 quas
1309 1940 1553 1997 eamdem
1579 1940 1797 2010 quidem
1819 1940 2018 1995 habent

447 2036 736 2101 rationem,
767 2051 965 2091 nomen
998 2043 1180 2090 autem
1205 2035 1506 2095 diversum,
1527 2039 1586 2086 ut
1604 2034 1772 2095 ensis,
1803 2031 2014 2101 spatha,

447 2129 678 2199 gladius.
729 2126 1143 2182 Denominativa
1189 2133 1369 2182 autem
1403 2134 1565 2189 sunt,
1596 2140 1718 2196 qua:
1744 2139 1807 2179 ex
1838 2125 2019 2195 aliquo

447 2219 618 2274 altero
677 2225 806 2275 sunt
859 2219 1177 2282 nominata,
1236 2225 1294 2271 ut
1365 2233 1394 2271 a
1455 2217 1774 2272 fortitudine
1830 2217 2017 2280 ,fortis.

448 2309 784 2381 Homonyma
832 2318 1012 2364 autem
1048 2316 1207 2374 sunt,
1253 2325 1374 2377 qua:
1417 2316 1645 2364 utuntur
1683 2307 1872 2364 eodem
1922 2323 2021 2363 no-

449 2403 630 2466 mine,
683 2417 792 2456 non
844 2401 1046 2456 habent
1098 2408 1280 2456 autem
1324 2401 1572 2456 eamdem
1620 2405 1916 2466 rationem,
1961 2408 2022 2454 ut

450 2495 633 2561 homo,
674 2496 769 2566 qui
796 2502 880 2552 est
902 2503 957 2550 et
985 2496 1208 2561 animal,
1238 2504 1292 2552 et
1322 2497 1484 2551 homo
1505 2497 1701 2568 pictus.
1726 2496 1804 2552 Ex
1834 2497 2023 2553 homo-

450 2585 628 2656 nymis
662 2595 865 2654 autem,
900 2588 1006 2642 alia
1038 2587 1258 2658 quidem
1288 2588 1489 2643 habent
1528 2589 1671 2644 idem
1723 2604 1921 2645 nomen
1953 2604 2020 2643 ex

450 2675 667 2731 fortuna
694 2716 709 2742 ,
742 2685 802 2732 ut
829 2677 966 2748 Ajax
995 2677 1225 2743 Locrus,
1263 2687 1318 2734 et
1347 2679 1484 2749 Ajax
1518 2679 1881 2747 Salaminius;
1915 2681 2020 2735 alia

449 2775 630 2824 autem
675 2786 740 2824 ex
784 2770 1107 2828 intentione.
1155 2771 1220 2826 Et
1249 2789 1316 2828 ex
1343 2773 1429 2829 his
1455 2812 1471 2837 ,
1522 2772 1629 2826 alia
1669 2774 1889 2844 quidem
1922 2789 2020 2844 per

451 2859 860 2916 similitudinem
887 2899 902 2925 ,
933 2868 992 2914 ut
1023 2861 1188 2916 homo
1207 2900 1222 2926 ,
1249 2871 1303 2918 et
1333 2863 1426 2932 qui
1455 2871 1540 2918 est
1571 2863 1805 2930 animal,
1837 2870 1892 2918 et
1923 2864 2016 2933 qui

2111 1939 2281 2011 τύχης
2312 1937 2607 2008 ὁμωνυμεῖ,
2632 1932 2706 1997 ὡς
2737 1931 2872 1994 Δίας
2900 1929 3011 2000 (83)
3043 1929 3072 1980 6
3099 1925 3306 1996 Λοκρὸς
3338 1923 3435 1977 καὶ
3457 1923 3486 1974 6

2120 2009 2290 2105 μίνιος
2309 2047 2321 2060 ·
2360 2028 2428 2083 τὰ
2463 2027 2521 2082 δὲ
2549 2026 2656 2081 ἀπὸ
2681 2022 2920 2084 διανοίας
2937 2037 2950 2051 ·
2983 2021 3077 2092 καὶ
3105 2019 3308 2073 τούτων
3330 2014 3402 2068 τὰ
3434 2013 3532 2084 μὲν
3561 2009 3669 2065 καθ’

2118 2125 2440 2197 ὁμοιότητα,
2471 2121 2546 2186 ὠς
2578 2118 2862 2190 ἄνθρωπος
2905 2114 2963 2168 τό
2988 2129 3048 2166 τε
3077 2111 3214 2176 ζῶον
3261 2109 3355 2163 καὶ
3383 2109 3413 2160 6
3439 2121 3671 2176 γεγραμμ-

2123 2217 2307 2288 μένος·
2337 2215 2405 2268 τὰ
2431 2214 2488 2266 δὲ
2518 2212 2657 2266 κατὰ
2685 2207 2974 2276 ἀναλογίαν
2998 2245 3013 2270 ,
3052 2205 3128 2268 ὡς
3155 2202 3311 2265 πόδες
3355 2201 3506 2288 Ιξιδτλς
3536 2197 3668 2267 (84),

2123 2287 2214 2362 καὶ
2243 2309 2292 2360 οἱ
2322 2306 2577 2378 ἡμέτεροι
2603 2302 2780 2365 πόδες,
2813 2298 2899 2353 διὰ
2922 2299 2982 2352 τὸ
3012 2293 3305 2366 κατωτέρω
3339 2287 3508 2346 εἶναι’
3533 2290 3596 2343 τὰ
3623 2289 3671 2341 δὲ

2124 2401 2242 2454 κατ’
2272 2398 2572 2471 ἐνέργειαν,
2597 2395 2672 2459 ὼς
2698 2391 2831 2456 ποῦς
2860 2389 3043 2444 πλοίου
3077 2387 3210 2458 (85),
3238 2385 3304 2438 δι’
3334 2379 3396 2438 οὗ
3423 2383 3484 2436 16
3509 2383 3672 2436 πλοῖον

2126 2493 2270 2556 πλεῖ,
2305 2490 2399 2545 καὶ
2433 2488 2566 2552 ποῦς
2595 2488 2622 2540 6
2657 2485 2940 2557 ἡμέτερος,
2975 2481 3041 2534 δι’
3072 2472 3132 2533 οὗ
3165 2475 3486 2549 κινούμεθα.
3522 2473 3673 2540 Λέγε-

2121 2603 2209 2639 ται
2238 2581 2500 2655 ὁμώνυμα
2543 2578 2650 2632 ἀπὸ
2676 2575 2769 2629 τοῦ
2809 2573 2970 2627 αὑτοῦ
3017 2572 3109 2626 καὶ
3141 2569 3278 2643 πρὸς
3310 2568 3370 2620 16
3411 2565 3567 2618 αὑτό·
3601 2565 3665 2626 ὡς

2121 2676 2229 2731 ἀπὸ
2247 2674 2340 2728 τοῦ
2365 2671 2548 2744 ίατροῦ
2569 2668 2680 2743 (86)
2701 2669 2759 2721 τὸ
2781 2665 2980 2738 βιϐλίον
3005 2663 3176 2718 καὶτὸ
3200 2659 3415 2732 σμιλίον
3448 2656 3670 2728 ἰατρικὰ,

2120 2768 2226 2822 ἀπό
2263 2784 2321 2820 τε
2351 2764 2444 2818 τοῦ
2477 2761 2757 2835 χρωμένου
2803 2756 3017 2830 ἰατροῦ,
3067 2755 3161 2809 καὶ
3203 2752 3342 2824 πρὸς
3388 2750 3478 2805 τὸν
3527 2749 3673 2803 αὐτὸν

2119 2861 2274 2930 λόγον
2302 2859 2393 2914 τὸν
2429 2855 2688 2927 ἰατρικόν.

451 2952 663 3020 pictus;
693 2953 798 3007 alia
861 2961 1041 3008 autem
1073 2969 1167 3022 per
1232 2954 1636 3025 proportionem
1677 2969 1740 3009 ac
1809 2953 2279 3015 convenientiam,
2334 2959 2394 3004 ut
2461 2945 2626 3018 pedes
2670 2941 2804 3008 Idae,
2858 2949 2911 2997 et
2951 2939 3122 2996 nostri
3166 2937 3360 3010 pedes,
3404 2940 3674 3006 pmpterea

449 3043 595 3112 quod
617 3043 727 3097 sint
753 3042 1015 3111 inferius;
1043 3046 1146 3099 alia
1176 3054 1358 3099 autem
1385 3061 1451 3099 ex
1481 3044 1816 3115 operatione,
1835 3052 1896 3100 ut
1924 3059 2020 3114 pes
2060 3040 2238 3106 navis,
2273 3055 2367 3111 per
2415 3051 2575 3107 quem
2604 3033 2761 3088 navis
2792 3031 3046 3110 navigat,
3079 3037 3135 3085 et
3184 3043 3278 3098 pes
3329 3033 3533 3089 noster,
3589 3033 3676 3091 per

449 3148 609 3202 quem
668 3150 967 3191 movemur.
1023 3135 1292 3191 Dicuntur
1340 3114 1532 3191 etiam,
1558 3135 1886 3208 homonyma
1945 3136 2014 3190 ab
2052 3133 2241 3190 eodem
2273 3139 2328 3187 et
2355 3128 2426 3185 ad
2446 3127 2627 3190 idem,
2662 3131 2722 3178 ut
2749 3137 2782 3178 a
2842 3121 3052 3178 medico
3081 3120 3218 3176 liber
3284 3125 3341 3173 et
3376 3114 3674 3184 scalpellum

451 3224 695 3292 medica,
742 3237 796 3283 et
839 3242 869 3280 a
911 3227 1122 3282 medico
1172 3229 1268 3298 qui
1315 3228 1507 3292 utitur,
1549 3234 1603 3282 et
1634 3226 1702 3282 ad
1750 3227 2016 3282 rationem
2056 3223 2342 3281 medicam.

1892 3356 2122 3414 CAPUT
2164 3356 2256 3412 IX.

1735 3470 1808 3528 De
1827 3472 2044 3526 diversis
2071 3468 2366 3541 generibus.

524 3597 602 3652 Ex
635 3596 839 3661 causis,
902 3593 1021 3648 alia:
1042 3589 1262 3662 quidem
1299 3597 1426 3645 sunt
1455 3604 1576 3659 qua:
1606 3588 1866 3643 dicuntur
1894 3603 2017 3658 pro-

2193 3583 2312 3638 Τῶν
2353 3581 2540 3636 αἰτίων
2578 3579 2646 3633 τὰ
2691 3578 2791 3651 μὲν
2829 3570 3310 3662 προκατιᾳρκτικά·
3359 3569 3428 3623 τὰ
3461 3568 3513 3621 δὲ
3557 3583 3674 3620 συν·

452 3689 784 3752 catarcticac,
811 3686 932 3740 alia:
961 3699 1089 3740 vero
1119 3682 1432 3755 synecticaz,
1469 3681 1591 3737 aliae
1626 3689 1809 3736 autem
1863 3681 2020 3750 adju-

454 3791 667 3842 vantcs,
696 3779 816 3833 alia:
853 3777 971 3832 sine
1006 3775 1206 3846 quibus
1235 3789 1364 3828 non.
1412 3771 1850 3838 Procatarcticaz,
1899 3785 2022 3841 quae

455 3875 631 3945 primo
649 3874 780 3928 dant
801 3871 1147 3927 occasionem
1169 3869 1236 3923 ad
1259 3869 1363 3923 hoc
1387 3875 1446 3922 ut
1468 3866 1670 3936 aliquid
1699 3867 1810 3931 dat,
1829 3881 2022 3937 quem-

455 3965 746 4022 admodum
797 3960 1147 4035 pulchritudo
1198 3962 1290 4016 dat
1334 3959 1799 4016 incontinentibus
1861 3973 2023 4013 occa-

455 4061 664 4115 sionem
708 4057 950 4119 amoris;
1007 4055 1088 4111 eis
1139 4055 1286 4110 enim
1329 4054 1446 4109 visa
1498 4053 1677 4107 solum
1738 4051 2023 4122 ingenerat

455 4153 796 4207 allectionem
859 4148 1216 4212 amatoriam,
1270 4161 1373 4202 nec
1425 4153 1611 4200 tamen
1680 4144 2018 4198 necessario.

456 4243 773 4314 Synecticae,
802 4257 924 4312 qua:
975 4241 1141 4297 etiam
1189 4256 1287 4311 per
1333 4237 1712 4311 synonymiam
1758 4253 1856 4294 seu
1899 4237 2022 4292 uni-

457 4348 588 4388 voce
620 4342 906 4395 vocantur,
936 4348 1032 4401 per
1062 4346 1123 4387 se
1155 4330 1410 4401 perfecta:
1447 4329 1888 4400 quandoquidem
1922 4343 2019 4398 per

456 4438 516 4478 se
541 4431 626 4478 est
653 4424 810 4493 plene
851 4421 1091 4478 elﬁciens
1113 4421 1359 4477 ell‘ectus.
1395 4421 1659 4490 Deinceps
1689 4429 1867 4474 autem
1895 4433 2016 4472 om-

456 4514 607 4568 nium
639 4529 932 4570 causarum
961 4515 1204 4584 exempla
1225 4513 1584 4569 ostendentur
1614 4512 1665 4566 ei
1711 4510 1803 4580 qui
1831 4509 2012 4565 discit.

530 4674 588 4731 ’Β
630 4667 692 4723 Ρ.
733 4667 839 4724 919
878 4667 984 4721 ED.
1025 4666 1322 4732 POTTER,
1367 4667 1472 4722 785
1512 4664 1623 4719 ΕΙ).
1665 4661 1891 4718 PARIS.

2125 3675 2335 3731 εκτικά·
2366 3674 2436 3728 τὰ
2457 3674 2514 3727 δὲ
2549 3671 2801 3745 συνεργὰ·
2831 3669 2901 3723 τὰ
2928 3669 3004 3732 δὲ,
3030 3661 3103 3721 ὧν
3128 3666 3227 3720 ούκ
3255 3665 3408 3720 ἄνευ.
3446 3664 3677 3734 Προκατ-

2125 3768 2364 3842 αρκτικὰ
2411 3769 2511 3840 μὲν
2554 3767 2623 3821 τὰ
2663 3766 2893 3838 πρώτως
2936 3760 3187 3834 ἀφορμὴν
3228 3757 3571 3830 παρεχόμενα
3602 3754 3677 3814 εἰς

2125 3861 2186 3915 τὸ
2215 3859 2496 3929 γίγνεσθαί
2530 3876 2603 3922 τι,
2634 3857 2880 3925 καθάπερ
2911 3851 2973 3905 16
3016 3848 3208 3911 κάλλος
3236 3851 3349 3911 τοῖς
3377 3845 3690 3904 ἀκολάστοις-

2126 3952 2218 4006 τοῦ
2257 3951 2455 4023 ἔρωτος
2476 3968 2489 3982 ’
2529 3949 2689 4019 ὀφθὲν
2717 3946 2826 4017 γὰρ
2850 3945 3054 4006 αὐτοῖς,
3093 3942 3191 4011 τὴν
3219 3940 3483 4011 ἐρωτικὴν
3505 3934 3674 3989 διάθε-

2128 4062 2212 4100 σιν
2253 4046 2471 4115 εμποιεῖ
2515 4042 2694 4114 μόνον,
2732 4040 2793 4093 οὐ
2828 4037 2932 4110 μὴν
2975 4031 3532 4104 κατηναγκασμένους·
3566 4043 3681 4078 ow-

2126 4137 2316 4190 εκτικὰ
2330 4136 2406 4199 δὲ,
2426 4135 2528 4189 ἆπε
2534 4153 2565 4205 ρ
2579 4132 2686 4204 (87)
2702 4127 3029 4198 συνωνύμως
3043 4126 3135 4178 καὶ
3151 4122 3407 4193 αὐτοτελῆ
3423 4121 3675 4178 καλεῖται,

2125 4226 2424 4298 ἐπειδήπερ
2441 4221 2809 4295 αὐτάρκωςδι*
2828 4219 2989 4274 αὐτοῦ
3012 4216 3292 4286 ποιητικόν
3309 4218 3423 4268 ἐστι
3442 4211 3528 4265 τοῦ
3545 4212 3678 4262 ἁπο-

2119 4321 2465 4392 τελέσματος.
2508 4317 2667 4387 Ἑξῆς
2698 4315 2754 4368 δὲ
2792 4315 2969 4369 πάντα
3007 4310 3075 4364 τὰ
3115 4309 3263 4362 αἴτια
3295 4309 3386 4360 ἐπὶ
3429 4304 3513 4359 τοῦ
3551 4319 3679 4372 μαν-

2128 4412 2379 4476 θάνοντος
2413 4411 2650 4466 δεικτέον
2673 4425 2688 4440 ⁸
2718 4407 2746 4460 6
2766 4408 2862 4479 μὲν
2892 4404 3073 4476 πατὴρ
3105 4400 3272 4456 αἴτιόν
3303 4401 3415 4453 ἐστι
3452 4409 3680 4468 προκατ-

2123 4505 2383 4578 αρκτικὸν
2445 4505 2544 4575 τῆς
2580 4501 2870 4574 μαθήσεως
2896 4517 2909 4530 ·
2949 4501 2977 4552 ὁ
3016 4493 3332 4557 διδάσκαλος
3360 4492 3416 4546 δὲ
3446 4501 3680 4544 συνεκτι-

531 4823 642 4893 (81)
682 4821 1030 4893 Συνώνιτμα.
1082 4820 1402 4893 Aristoteles
1432 4818 1574 4893 libro
1609 4816 1860 4893 superius
1879 4815 2017 4893 dicto

2130 4819 2420 4893 (κομι-εει,
2444 4805 2647 4893 animal
2680 4805 2902 4893 dicitur.
2943 4821 2964 4856 ι

458 4880 578 4962 cap.
624 4880 685 4957 1,
731 4901 861 4947 sect.
899 4880 943 4944 Ξ
968 4908 980 4942 :
1018 4890 1410 4962 Eovcbvopaﬁe
1451 4880 1703 4962 λέγεται]
1747 4880 1822 4962 ᾦν
1863 4886 2025 4962 τὸιτε

457 4954 624 5034 ὄνομα
648 4954 836 5034 κοινὸν
847 5003 860 5027 ,
889 4963 999 5034 καὶμ
1017 4963 1045 5014 ὁ
1086 4954 1490 5034 κατὰποῌῦνομα
1527 4954 1685 5026 λόγος
1712 4954 2028 5034 τῆςρούσίας

780 5024 890 5085 οἷον
933 5030 1164 5104 ζῶον,μὸ
1201 5047 1260 5082 τε
1292 5024 1614 5104 ἄνθρωπος,
1664 5024 1779 5081 καὶ⁷
1804 5028 1832 5079 ὁ
1880 5024 2024 5094 βοῦς.

461 5122 480 5154 ι
513 5104 826 5174 Synonyma
851 5114 1028 5174 autem
1049 5101 1344 5174 dicuntur,
1375 5101 1610 5171 quorum
1640 5105 1694 5154 et
1717 5112 1915 5174 nomen
1944 5105 2028 5174 est

455 5164 784 5238 commune,
831 5185 886 5227 et
935 5172 1002 5226 ad
1048 5171 1181 5225 illud
1231 5164 1430 5226 nomen
1477 5167 1889 5224 accommodata
1929 5164 2030 5238 _de-

458 5244 629 5298 ﬁnitio
664 5252 748 5298 est
769 5235 1004 5310 eadem;
1038 5242 1499 5313 quemadmodum
1533 5246 1586 5293 et
1620 5239 1895 5302 homo,‘et
1929 5235 2031 5290 bos

455 5315 658 5369 dicitur
683 5313 906 5367 animal.
947 5330 965 5362 ι
1017 5361 1028 5370 .

529 5384 641 5454 (82)
657 5382 988 5454 Ὀμώνξυμω
1008 5381 1337 5454 Aristoteles
1349 5377 1473 5454 libri
1494 5377 1658 5432 modo
1674 5375 1806 5454 dicti
1825 5388 1960 5454 cap._
1974 5375 1999 5427 1
2014 5414 2028 5436 .

455 5445 666 5509 ἱῐιιὶίυ’;
708 5445 1015 5524 νῖυμῲνυμα
1033 5450 1288 5524 λέγεταιζ
1305 5445 1378 5503 ὧν
1417 5448 1591 5524 ῥνομα
1619 5447 1780 5524 μόνον
1818 5445 2026 5524 κοινὸν·

453 5528 482 5578 ὁ
508 5526 564 5578 δὲ
593 5523 732 5576 κατὰ.
756 5511 993 5592 τοῦνομα
1033 5511 1189 5589 λόγος
1230 5511 1328 5592 τῆς
1379 5511 1566 5580 οὐσίας
1608 5511 1803 5592 ⁸ἕτερος
1826 5531 1870 5592 ,ζ
1916 5511 2026 5568 οἷον

456 5595 589 5659 ζῶον
629 5596 656 5646 ὅ
689 5611 762 5664 τε
789 5583 1075 5664 ἄνθρωπος
1101 5583 1194 5643 καὶ
1234 5583 1294 5643 16
1330 5583 1731 5664 γεγραμμένον.
1769 5604 1786 5634 ι
1808 5583 2026 5664 1101ηο-

455 5680 618 5733 nyma
673 5659 952 5733 dicuntur,
1013 5676 1247 5730 quorum
1286 5673 1484 5712 nomen
1513 5659 1687 5733 solum
1739 5662 1823 5733 est
1856 5669 2025 5733 “eom-

458 5725 642 5794 mune,
682 5732 746 5784 ad
778 5731 908 5786 illud
939 5725 1070 5785 vero
1104 5745 1303 5784 nomen
1334 5726 1742 5781 accommodata
1777 5725 2024 5779 deﬁnitio

456 5813 540 5857 est
576 5801 791 5856 diversa
831 5822 841 5855 :
873 5799 1332 5871 quemadmodum
1367 5809 1419 5851 et
1454 5797 1634 5864 homo,
1671 5805 1722 5852 et
1756 5795 1900 5866 quod
1937 5796 2020 5864 pi-

2204 4881 2315 4951 (83)
2345 4868 2746 4951 Ata¢._Aja_ces
2766 4877 2875 4930 duo
2899 4890 2930 4928 a
2964 4871 3191 4943 Troiani
3225 4871 3356 4928 belli
3379 4868 3687 4927 auctoribus

2131 4947 2362 5006 multum
2398 4947 2682 5002 celebrati.

2204 5021 2316 5108 ςει)
2347 5019 2548 5108 "(255439
2558 5017 2755 5108 11.639;
2765 5011 3401 5108 P6992_“33399293_‘.';.
3413 5005 3684 5108 5.12;”-

2132 5080 2361 5156 Πάντες
2391 5089 2442 5142 δ’
2474 5080 2789 5142 ἐὰσείοίθτο
2825 5087 3007 5152 πόδες
3029 5083 3437 5156 πολυπίδακος
3461 5080 3624 5156 Ἵὸῃς.
3671 5143 3684 5154 _

2207 5147 2516 5232 (85)’Ποῦς
2542 5159 2778 5232 πλοίου.
2809 5147 3038 5232 l‘fonius
3067 5154 3358 5232 Marcellus
3388 5147 3442 5232 ί·
3467 5165 3485 5198 ι
3533 5147 3689 5232 hermi

2136 5217 2264 5285 sunt
2300 5217 2518 5284 navales
2545 5229 2731 5299 pedes.
2762 5247 2781 5280 ι
2809 5226 3086 5299 Vocantur
3116 5225 3251 5277 alias
3289 5242 3307 5274 ι
3346 5222 3522 5299 pedes,
3553 5217 3691 5299 ..[υυ

2139 5317 2237 5356 nes
2285 5301 2515 5358 nautici,
2547 5285 2763 5368 quibus
2796 5299 2914 5351 vela
2957 5285 3360 5368 astringuntur;
3390 5291 3536 5368 Unde
3575 5285 3688 5364 Ly-

2138 5373 2382 5442 cophron
2426 5361 2635 5442 110M131
2673 5368 2816 5442 λίναΔ
2847 5361 3556 5442 vocat.‘_Conf._diem-sius
3598 5361 3687 5442 _in

2139 5431 2298 5497 istius
2354 5448 2526 5512 poeta:
2572 5437 2894 5512 Cassandra:
2941 5455 2992 5492 v.
3029 5435 3098 5490 97
3145 5442 3200 5490 et
3228 5433 3386 5496 lOl5,
3422 5441 3473 5486 et
3503 5431 3693 5482 noster

2137 5512 2340 5566 ibidem
2356 5511 2359 5512 ⁷
2375 5511 2822 5564 commentarius.

2540 5579 2645 5652 τοῦ
2689 5562 2908 5652 ἰατροῦ.
2949 5575 3274 5652 ῌοιὶιιηᾶςιτο
3323 5571 3562 5626 videntur
3596 5562 3694 5615 ha

2131 5645 2314 5707 voces.
2339 5649 2503 5705 Forte
2535 5651 2628 5702 ἐπὶ
2667 5645 2986 5720 106161905
3013 5645 3317 5720 legendum.

2205 5723 2316 5792 (87)
2362 5721 2751 5792 Συνωνύμως.
2808 5714 2914 5792 Sir;
2934 5716 3222 5792 legendum
3257 5727 3377 5770 esse
3410 5723 3502 5783 pro
3536 5714 3692 5774 vuig.

2133 5789 2442 5862 συνώνυμα,
2472 5791 2638 5860 liquet
2668 5806 2730 5847 ex
2763 5807 2817 5861 p.
2849 5789 2973 5846 554.
