3840 6524
181 415 257 471 505
1332 410 1758 467 STBOMATUM
1800 410 1928 467 LIB.
1972 405 2107 466 VIII.

3254 415 3356 469 595

181 533 269 586 κόν·
299 531 326 599 ἡ
362 527 418 581 δὲ
459 527 556 582 τοῦ
608 526 966 598 μανθάνοντος
997 525 1156 597 φύσις
1197 527 1455 601 συνεργὸν
1500 529 1688 582 αἴτιον·

1800 525 1962 580 Pater
1984 524 2212 595 quidem
2243 531 2327 580 est
2367 539 2531 580 causa
2581 527 2970 596 procatarctica
3011 527 3310 596 disciplina:
3339 549 3354 585 :

179 623 262 679 ὁδὲ
287 621 465 692 χρόνος
497 619 608 674 τῶν
655 613 730 673 ὧν
761 620 859 672 οὐκ
903 620 1028 673 ἄνευ
1079 618 1234 687 λόγον
1275 619 1478 688 ἐπέχει.
1518 619 1694 673 Αῐτιον

177 715 219 767 δὲ
237 712 414 784 κυρίως
442 711 661 780 λέγεται
687 711 746 764 τὸ
775 711 1101 782 παρεκτικόν
1127 727 1271 774 τινος
1302 709 1691 782 ὲνεργητικῶςσ

179 804 266 856 ἐπεὶ
292 804 375 857 καὶ
403 801 496 857 τὸν
531 801 748 873 σίδηρον
774 801 1037 873 τμητικὸν
1065 801 1244 872 φαμὲν
1272 796 1410 854 εἶναι
1441 801 1502 854 οὐ
1540 803 1695 873 μόνον

180 894 220 947 ἐν
251 891 316 958 τῷ
338 892 577 962 τέμνειν,
623 891 759 946 ἀλλὰ
799 893 891 945 καὶ
926 893 986 947 ὲν
1020 892 1098 963 τῷ
1133 891 1208 963 μὴ
1247 890 1480 964 τέμνειν.
1513 890 1697 955 Οὕτως

178 983 244 1041 οὖν
269 986 350 1038 καὶ
388 985 451 1038 τὸ
488 986 819 1057 παρεκτικὸν
859 987 1024 1057 ἄμφω
1065 986 1338 1058 σημαίνει,
1373 987 1466 1040 καὶ
1505 984 1564 1040 τὸ
1595 986 1694 1057 ἤδη

178 1077 402 1149 ἐνεργοῦν,
437 1077 532 1130 καὶ
556 1076 618 1130 τὸ
661 1075 885 1148 μηδέπω
925 1077 1043 1147 μὲν,
1075 1076 1300 1147 δυνάμει
1327 1075 1383 1128 δὲ
1425 1074 1695 1146 κεχρημέ-

175 1187 240 1224 νον
257 1166 337 1220 τοῦ
366 1167 679 1240 ἐνεργῆσαι.
711 1169 774 1220 Οἰ
809 1167 908 1239 μὲν
933 1163 1048 1232 οῦν,
1083 1169 1371 1238 σωμάτων,
1398 1168 1446 1220 οἰ
1467 1167 1533 1230 δ’,
1561 1168 1696 1220 άσω·

177 1258 319 1328 μάτων
349 1258 510 1326 φασιν
539 1254 680 1312 εἶναι
708 1256 778 1311 τὰ
805 1257 954 1312 αἴτια
976 1275 991 1290 °
1028 1258 1077 1311 οἰ
1101 1257 1157 1310 δὲ
1189 1257 1250 1311 τὺ
1282 1258 1378 1328 μὲν
1411 1257 1568 1328 σῶμα
1597 1275 1695 1311 κυ-

175 1347 272 1420 ρίως
311 1348 474 1402 αἰτιον
519 1347 674 1418 φασὶ,
709 1348 771 1400 τὸ
810 1348 867 1402 δὲ
903 1348 1192 1419 ἀσώματον
1247 1350 1694 1422 καταχρηστικῶς

173 1442 242 1497 καὶ
263 1435 359 1494 οἷον
388 1441 674 1505 αἰτιωδῶς.
708 1442 890 1496 ¹Ἀλλοι
921 1443 965 1495 δ’
1006 1443 1240 1514 ἔμπαλιν
1273 1443 1691 1514 άναστρέφουσι,

172 1533 220 1585 τὰ
243 1533 323 1603 μὲν
341 1533 607 1605 ἀσώματα
629 1534 831 1606 κυρίως
861 1537 1010 1589 αἴτια
1035 1535 1298 1604 λέγοντες,
1330 1553 1692 1608 καταχρηστι-

172 1620 253 1684 xiii;
274 1621 323 1674 δὲ
351 1622 417 1674 τὰ
447 1621 678 1694 σώματα
697 1639 710 1653 °
735 1617 852 1686 ,οἷον
875 1623 974 1696 τὴν
996 1625 1187 1696 τομὴν,
1212 1626 1489 1698 ἐνέργειαν
1508 1621 1690 1691 οὖσαν,

169 1710 408 1784 ἀσώματον
440 1710 602 1778 εἶναι,
632 1715 726 1770 καὶ
763 1714 940 1768 αἰτίαν
976 1710 1114 1770 εἶναι
1147 1716 1240 1770 τοῦ
1268 1717 1506 1788 τέμνειν,
1537 1719 1691 1789 ἐνερ-

169 1802 285 1868 γείας
336 1803 499 1875 οὔσης
555 1807 652 1858 καὶ
711 1807 1024 1877 ἀσωμάτου,
1056 1867 1058 1869 _
1086 1807 1181 1861 καὶ
1229 1808 1322 1861 τοῦ
1375 1808 1687 1880 τέμνεσθαι,

1797 616 2057 688 magister
2097 623 2299 680 autem,
2332 616 2623 686 synectica.
2660 615 2789 686 Ejus
2835 628 3012 672 autem
3054 616 3353 687 quidiscit,

1796 709 2108 780 ingenium,
2157 716 2243 763 est
2294 721 2460 762 causa
2512 692 2840 776 I'adjuvans;
2894 713 3110 777 tempus
3175 714 3357 761 autem

1795 801 2004 856 obtinet
2028 797 2294 851 rationem
2323 812 2615 852 causarum
2650 799 2768 852 sine
2797 797 2996 865 quibus
3021 812 3149 852 non.
3179 797 3358 854 Causa

1799 901 1978 947 autem
2011 891 2229 962 proprie
2249 889 2450 944 dicitur
2477 889 2528 942 id
2560 890 2704 959 quod
2744 897 2929 960 aptum
2971 897 3056 943 est
3097 898 3360 960 prmstare

1797 984 2033 1055 aliquem
2095 983 2347 1038 effectum
2401 1000 2415 1038 :
2468 982 2610 1037 sicut
2663 982 2827 1036 etiam
2889 979 3091 1036 ferrum
3123 981 3358 1036 dicimus

1797 1090 1920 1131 esse
1971 1089 2158 1131 secare
2202 1081 2413 1144 aptum,
2477 1089 2586 1128 non
2637 1074 2814 1128 solum
2857 1087 2979 1127 cum
3037 1081 3206 1137 secat,
3261 1074 3356 1128 sed

1795 1167 1960 1221 etiam
1989 1181 2114 1220 cum
2147 1179 2257 1220 non
2288 1175 2456 1220 secat.
2486 1163 2577 1219 Sic
2606 1180 2736 1234 ergo
2759 1165 3089 1236 παρεκτικόν
3116 1181 3354 1236 quoque,

1799 1257 1850 1310 id
1885 1263 1988 1321 est,
2015 1262 2276 1326 praestare
2304 1261 2510 1325 aptum,
2543 1254 2704 1308 ambo
2731 1254 3023 1326 signiﬁcat,
3049 1263 3104 1308 ct
3130 1254 3182 1308 id
3211 1253 3358 1324 quod

1791 1346 1903 1416 jam
1928 1355 2203 1416 operatur,
2244 1356 2297 1401 et
2325 1345 2468 1416 quod
2520 1345 2762 1401 nondum
2822 1346 3040 1415 quidem
3073 1353 3354 1415 operatur,

1796 1438 1890 1495 sed
1922 1438 2029 1492 vim
2062 1438 2259 1493 habeat
2284 1437 2566 1509 operandi.
2597 1437 2766 1492 Porro
2793 1448 2972 1492 autem
3003 1438 3093 1491 alii
3139 1437 3357 1507 quidem

1793 1525 1983 1581 dicunt
2031 1541 2228 1583 causas
2270 1543 2392 1583 esse
2435 1543 2502 1582 ex
2550 1528 2870 1598 corporibus
2916 1545 2932 1583 ε
2990 1528 3082 1582 alii
3135 1541 3358 1582 veroex

1793 1619 2132 1690 incorporeis
2162 1635 2177 1672 :
2213 1620 2303 1675 alii
2335 1627 2516 1674 autem
2543 1620 2731 1674 dicunt
2759 1633 2959 1688 corpus
2981 1618 3202 1688 quidem
3227 1634 3353 1674 esse

1794 1712 2011 1783 proprie
2036 1727 2280 1776 causam,
2304 1712 2684 1781 incorporeum
2719 1715 2776 1772 ἧς
2807 1717 2985 1764 autem
3014 1725 3111 1781 per
3135 1709 3358 1765 abusio-

1792 1819 1914 1859 nem
1939 1811 1994 1859 et
2018 1803 2419 1875 quodammodo
2447 1801 2762 1857 causaliter.
2791 1800 2895 1854 Alii
2923 1807 3102 1856 autem
3133 1816 3360 1856 convcr-

168 1894 324 1964 ὁμοίως
346 1898 411 1966 τῇ
453 1913 517 1948 τε
557 1897 801 1970 μαχαίρᾳ
830 1898 924 1951 καὶ
960 1897 1037 1969 τῷ
1070 1899 1402 1970 τεμνομένῳ,
1443 1897 1688 1970 σώμασιν

1794 1903 1912 1951 tunt
1940 1911 1971 1950 e
2000 1895 2299 1958 contrario,
2345 1909 2436 1949 res
2467 1895 2823 1964 incorporeas
2860 1894 3077 1964 quidem
3137 1895 3359 1965 praprie

167 1983 270 2042 οὖσι.
308 1990 375 2042 Τὸ
402 1988 565 2045 τινῶν
601 1992 752 2046 ἐστιν
786 1990 956 2046 αἴτιον
978 1991 1193 2060 λέγεται
1224 1992 1452 2063 τριχῶς·
1480 1991 1542 2045 τὸ
1573 1994 1690 2063 μὲν,

167 2081 188 2134 ὅ
230 2082 354 2134 ἐστιν
405 2083 602 2147 αῑτιον,
659 2075 769 2136 οἷον
817 2085 846 2137 ὁ
886 2083 1354 2155 ἀνδριαντοποιόςο
1391 2084 1450 2139 τὸ
1505 2086 1584 2152 δὲ,
1632 2080 1693 2140 οὗ

165 2173 278 2226 ἐστιν
302 2173 487 2234 αἴτιον,
520 2170 618 2225 τοῦ
651 2171 894 2240 γίνεσθαι
932 2174 1024 2227 τὸν
1068 2173 1388 2246 ἀνδριάνταο
1424 2174 1484 2228 τὸ
1522 2175 1601 2244 δὲ,
1649 2170 1694 2245 ᾧ

166 2260 274 2315 ἐστιν
301 2262 487 2324 αἴτιον,
537 2261 792 2334 ὥσπερὴ
837 2263 936 2335 ὕλη
961 2280 974 2294 ·
1016 2262 1094 2334 τῷ
1141 2265 1321 2335 χαλκῷ
1367 2267 1476 2338 7&9
1524 2270 1694 2332 αῐτιός

165 2353 250 2404 ἐστι
271 2352 352 2406 τοῦ
371 2353 619 2422 γίνεσθαι
651 2355 744 2408 τὸν
769 2355 1080 2426 ἀνδριάντα.
1109 2357 1182 2409 Τὸ
1211 2356 1456 2425 γίνεσθαι
1478 2355 1572 2414 οῦν
1601 2363 1692 2414 καὶ

164 2444 208 2496 τὸ
246 2444 552 2516 τέμνεσθαι,
598 2447 669 2501 τὰ
707 2443 766 2503 οὗ
807 2448 955 2502 ἐστιν
1005 2448 1170 2516 αἴτια,
1210 2450 1474 2523 ἐνέργειαι
1511 2448 1688 2517 οὖσαι,

166 2531 395 2604 ἀσώματοί
441 2538 601 2590 εἰσιν.
651 2537 746 2601 Εἰς
791 2538 850 2593 ὃν
899 2538 1054 2607 λόγον
1103 2543 1594 2614 κατηγορημάτων,
1634 2543 1688 2615 ἢ,

1793 1985 2040 2043 dicentes
2090 2002 2214 2042 esse
2236 2001 2472 2052 causas;
2507 2001 2604 2056 per
2643 1986 2960 2040 abusionem
3001 1993 3180 2041 autem
3228 2001 3356 2041 cor-

1792 2092 1922 2147 pora
1952 2094 1967 2129 :
1995 2087 2074 2142 ut,
2101 2077 2254 2132 verbi
2281 2091 2470 2142 causa,
2503 2077 2822 2140 sectionem,
2841 2091 2964 2131 cum
2991 2079 3063 2132 sit
3088 2077 3356 2146 operatio,

1791 2186 1912 2226 esse
1943 2172 2320 2240 incorpoream
2342 2187 2356 2236 ;
2381 2181 2436 2225 et
2469 2183 2591 2224 esse
2615 2169 2823 2238 pariter
2851 2183 3074 2224 causam
3113 2171 3358 2236 corpori-

1790 2260 1911 2323 bus,
1939 2259 2120 2330 gladio
2144 2258 2362 2329 quidem
2401 2258 2645 2324 secandi,
2677 2257 2823 2328 quod
2855 2265 2940 2312 est
2966 2259 3110 2312 actio
3142 2268 3195 2313 et
3225 2260 3358 2329 quid

1789 2351 2210 2420 incorporeum;
2252 2358 2308 2404 et
2347 2350 2426 2405 rei
2450 2357 2636 2413 sectae,
2667 2356 2997 2404 ut'secetur.
3038 2349 3358 2419 Aliquorum

1790 2451 1974 2498 autem
2001 2457 2165 2498 causa
2192 2442 2395 2497 dicitur
2423 2443 2602 2497 tribus
2633 2442 2826 2497 modis.
2859 2440 2981 2497 Uno
3013 2441 3255 2512 quidem,
3301 2441 3357 2496 id

1788 2534 1933 2604 quod
1981 2542 2073 2590 est"
2109 2549 2300 2597 causa,
2353 2541 2414 2587 ut
2445 2534 2780 2600 statuarius;
2811 2533 2921 2588 alio
2946 2541 3148 2597 autem,
3177 2533 3231 2586 id
3261 2549 3359 2586 cu-

166 2623 220 2687 ὦς
238 2642 380 2691 τινες,
414 2627 626 2682 λεκτῶν
658 2627 844 2699 (λεκτὰ
872 2627 983 2700 (88)
1026 2630 1135 2702 7&9
1166 2631 1234 2685 τά
1261 2633 1688 2704 κατηγορήματα

1794 2625 1877 2693 ius
1918 2638 2086 2679 causa
2111 2632 2216 2689 est,
2248 2632 2310 2678 ut
2355 2623 2450 2678 ﬁat
2479 2631 2693 2691 statua;
2727 2625 2835 2679 alio
2867 2639 3018 2689 vero,
3061 2623 3115 2678 id
3143 2624 3231 2677 cui
3270 2631 3356 2678 est

166 2716 370 2772 καλοῦσιν
403 2719 698 2790 Κλεάνθης
741 2721 835 2774 καὶ
873 2721 1266 2794 Ἀρχέδημοςὴ
1297 2723 1366 2778 τὰ
1406 2725 1582 2778 αῐτιαο
1632 2726 1687 2795 ἢ,

163 2807 265 2878 ὅπερ
297 2810 381 2864 καὶ
416 2811 642 2882 μᾶλλον,
678 2811 748 2865 τὰ
781 2813 878 2884 μὲν
921 2815 1388 2886 κατηγορημάτων
1421 2818 1566 2869 αἴτια
1603 2816 1688 2869 λε-

161 2900 392 2971 χθήσεται,
424 2898 537 2957 οἷον
565 2903 628 2956 τὸ
650 2903 926 2974 τέμνεται,
951 2898 1012 2958 οὗ
1037 2907 1245 2972 πτῶσις
1273 2908 1334 2961 τὸ
1361 2909 1650 2979 τέμνεσθαι
1671 2928 1684 2941 ο

161 2989 211 3040 τὰ
233 2989 268 3041 δ’
294 2992 638 3064 ἀξιωμάτων,
663 2993 739 3057 ὡς
759 2993 852 3046 τοῦ
883 2993 1014 3058 ναῦς
1047 2996 1289 3065 γίνεσθαι
1323 2997 1453 3068 (89),
1481 2991 1542 3052 οὗ
1582 3001 1679 3054 πάι

161 3080 222 3134 λιν
248 3083 274 3152 ἡ
303 3084 501 3149 ⁴ιττῶσίς
529 3087 650 3137 ἐστι
681 3085 743 3138 τὺ
762 3085 896 3140 ναῦν
926 3088 1188 3156 γίνεσθαι.
1231 3090 1601 3164 Ἀριστοτέλης
1632 3092 1686 3146 δὲ

162 3176 485 3247 προσηγορίαν
516 3176 653 3247 (90),
694 3171 804 3232 οἷον
843 3178 949 3234 τῶν
985 3179 1259 3245 τοιούτων,
1293 3182 1484 3246 οἰκίας,
1528 3183 1683 3250 νεὼς,

1787 2730 1974 2780 causa,
2009 2724 2068 2770 ut
2099 2717 2324 2771 materia
2362 2731 2374 2767 :
2403 2717 2499 2770 aeri
2524 2717 2670 2771 enim
2711 2729 2877 2773 causa
2911 2727 2994 2772 est
3018 2724 3076 2770 ut
3117 2717 3207 2771 ﬁat
3244 2725 3359 2773 sta-

1786 2816 1896 2861 tua.
1934 2806 2077 2862 Fieri
2128 2822 2258 2878 ergo
2296 2815 2351 2863 ει
2403 2808 2600 2873 scindi,
2656 2823 2777 2878 quae
2819 2816 2946 2863 sunt
2972 2824 3154 2863 causae
3193 2810 3357 2878 cujus

1788 2906 1939 2964 sunt,
1969 2913 2093 2953 cum
2125 2899 2237 2955 sint
2287 2899 2653 2968 operationes,
2703 2907 2832 2954 sunt
2861 2900 3203 2970 incorporea.
3239 2901 3357 2966 Qua

1787 2991 2021 3055 ratione,
2081 2997 2567 3061 categorematum,
2611 2991 2694 3044 vel
2744 2997 2804 3045 ut
2863 2992 3108 3046 nonnulli
3143 2992 3353 3054 dicunt,

1787 3083 2054 3138 dictorum
2096 3083 2514 3154 (categorcmata
2537 3084 2678 3138 enim
2707 3082 2892 3147 λεκτά,
2926 3083 3029 3138 hoc
3055 3090 3140 3138 est
3185 3083 3352 3143 dicta.

1790 3181 1988 3230 vocant
2016 3175 2309 3231 Cleanthes
2335 3184 2389 3229 ει
2413 3173 2800 3244 Archidemus)
2830 3181 2958 3230 sunt
2979 3189 3159 3230 causae
3193 3193 3206 3228 :
3246 3174 3352 3237 vel,

405 3241 620 3337 τομῆςί
653 3269 688 3340 ἡ
715 3268 923 3333 πτῶσις
941 3271 998 3324 δὲ
1027 3241 1315 3344 ἀσώματος
1337 3241 1481 3329 εἶναι
1503 3241 1688 3346 ὁμολολ

1794 3268 1935 3338 quod
1960 3267 2142 3338 potius
2189 3266 2480 3322 dicendum
2518 3274 2624 3332 est,
2677 3241 2796 3322 aliae
2847 3265 3064 3337 quidem
3097 3266 3356 3322 dicentur

161 3357 314 3420 γείται.
346 3358 434 3410 Διὸ
472 3359 570 3412 καὶ
599 3358 664 3412 τὸ
691 3359 929 3430 σόφισμα
965 3362 1140 3417 ἐκεῖνο
1177 3362 1318 3416 οὕτω
1362 3363 1568 3420 λύεται.
1625 3369 1689 3419 Ὃ

161 3444 316 3513 λέγεις,
352 3448 625 3521 διέρχεταί
670 3466 763 3505 σου
800 3451 889 3505 διὰ
919 3451 1012 3506 τοῦ
1055 3454 1353 3526 στόματος·
1393 3457 1528 3529 ὅπερ
1561 3457 1692 3527 ἁλη-

161 3533 251 3598 θές·
286 3540 450 3595 οἰκίαν
497 3540 557 3594 δὲ
594 3541 792 3609 λέγεις,
834 3543 980 3595 οἰκία
1021 3544 1128 3616 ἄρα
1166 3544 1254 3598 διὰ
1296 3545 1392 3598 τοῦ
1427 3547 1690 3616 στόματός

163 3642 231 3678 σου
253 3628 506 3700 διέρχεται
525 3649 539 3662 ·
569 3633 708 3704 ὅπερ
735 3632 927 3703 ψεῦδος
947 3651 960 3664 ·
996 3633 1118 3688 οὒτε
1141 3635 1251 3706 7&9
1277 3635 1377 3708 τὴν
1408 3637 1581 3690 οἰκίαν
1607 3636 1690 3689 λέ-

162 3733 294 3788 γομεν
326 3723 477 3794 σῶμα
504 3719 695 3786 οὖσαν,
727 3723 862 3778 άλλά
890 3724 987 3796 τὴν
1020 3725 1247 3790 πτῶσιν,
1281 3726 1568 3797 ἀσώματον
1598 3724 1688 3781 οῦ-

163 3823 253 3876 σσν,
276 3809 335 3884 ἧς
359 3817 500 3868 οἱκία
531 3815 809 3885 τυγχάνει.
837 3817 946 3869 Καὶ
965 3815 1056 3871 τὸν
1089 3817 1365 3888 οἰκοδόμον
1390 3818 1690 3889 οἰκοδομεῖν

160 3897 345 3972 λέγομεν
367 3906 506 3959 κατὰ
531 3907 634 3978 τὴν
666 3907 757 3959 ἐπὶ
784 3907 844 3959 τὸ
871 3908 1230 3978 γενησόμενον
1259 3909 1555 3980 ἀναφοράν.
1587 3910 1690 3963 Οὓ-

162 4005 218 4041 τω
245 3996 403 4064 φαμὲν
428 3995 677 4067 χλαμύδα
704 3996 1020 4065 ὑφαίνεσθαι
1039 4014 1052 4028 ο
1091 3999 1153 4052 τὸ
1182 3999 1291 4070 7&9
1320 3997 1510 4053 ποιοῦν
1534 4000 1688 4070 ἐνερ-

161 4082 281 4148 γείσς
301 4087 588 4158 δηλωτικὸν
621 4089 874 4160 ὑπάρχει.
911 4090 1022 4143 οὐκ
1053 4088 1168 4142 ἔστι
1191 4089 1249 4143 δὲ
1280 4090 1466 4164 ἑτέρου
1505 4092 1602 4162 μὲν
1631 4093 1688 4145 τὸ

161 4176 331 4241 ποιοῦν,
365 4181 549 4252 ἐτέρου
585 4180 643 4234 δὲ
672 4181 736 4234 τὸ
774 4184 967 4247 αἴτιον,
995 4184 1128 4238 ἀλλὰ
1163 4185 1382 4249 ταύτοῦ,
1426 4186 1524 4256 τῆς
1562 4186 1689 4255 χλα-

162 4264 310 4335 μύδος,
355 4272 443 4325 καί⁵
474 4272 576 4342 τῆς
612 4273 820 4337 οἰκίας’
859 4275 979 4327 καθ’
1007 4276 1035 4328 ὃ
1061 4276 1168 4348 γὰρ
1213 4278 1382 4341 αἴτιος
1408 4276 1502 4330 τοῦ
1539 4278 1687 4345 γίνε-

1790 3376 1970 3416 causae
1992 3368 2474 3432 catcgorematum,
2521 3367 2582 3414 ut
2621 3359 2805 3429 hujus,
2842 3359 3135 3424 scinditur,
3195 3359 3355 3428 cujus

1790 3469 1951 3509 casus
1996 3460 2080 3510 est
2129 3453 2352 3508 scindi:
2398 3453 2519 3508 aliae
2563 3468 2715 3517 vero,
2761 3452 3265 3524 pronuntiatorum,
3299 3460 3358 3506 ut

1790 3547 1974 3616 hujus,
2037 3547 2192 3602 navis
2245 3545 2324 3611 ﬁt,
2373 3547 2534 3617 cujus
2575 3561 2770 3602 rursus
2820 3561 2982 3602 casus
3026 3553 3130 3609 est,
3163 3558 3357 3599 navem

1791 3637 1926 3693 ﬁeri.
1954 3639 2276 3694 Aristoleles
2305 3645 2491 3693 autem
2511 3647 2670 3692 vocat
2692 3639 3134 3708 appellationem,
3163 3651 3359 3706 nempe

1789 3745 1976 3784 eorum
2008 3746 2128 3800 qua:
2161 3739 2289 3786 sunt
2333 3731 2626 3800 ejusmodi,
2672 3731 2892 3796 domus,
2942 3728 3148 3799 templi,
3185 3728 3359 3782 ustio-

1789 3823 1898 3884 nis,
1930 3823 2210 3878 sectionis.
2263 3821 2359 3878 Est
2383 3831 2565 3878 autem
2596 3830 2753 3878 extra
2782 3820 3235 3883 controversiam,
3266 3832 3359 3872 ca-

1790 3930 1908 3969 sum
1933 3929 2056 3969 esse
2095 3915 2498 3984 incorporeum,
2530 3915 2789 3984 quocirca
2841 3914 2972 3967 illud
3017 3927 3235 3982 quoque
3275 3924 3358 3965 so-

1790 4004 2003 4075 phisma
2037 4003 2115 4059 sic
2143 4005 2397 4059 solvitur.
2431 4004 2586 4069 Quod
2614 4016 2671 4057 tu
2707 4002 2847 4058 dicis
2890 4001 3091 4055 transit
3139 4014 3236 4069 per
3292 4013 3356 4052 os

1787 4103 1962 4159 tuum,
1980 4094 2124 4164 quod
2138 4093 2358 4164 quidem
2377 4103 2460 4150 est
2480 4109 2667 4149 verum
2697 4108 2709 4145 :
2734 4094 2958 4148 domum
2983 4099 3162 4145 autem
3189 4089 3350 4150 dicis,

1787 4185 1982 4240 domus
2021 4199 2150 4255 ergo
2176 4185 2370 4239 transit
2393 4201 2491 4255 per
2519 4201 2582 4241 os
2611 4182 2956 4248 tuum.Quod
2982 4179 3202 4252 quidem
3255 4178 3355 4231 fal-

1789 4294 1909 4332 sum
1934 4287 2038 4334 est.
2068 4277 2254 4352 Neque
2279 4277 2423 4332 enim
2452 4276 2674 4331 domum
2705 4276 2938 4330 dicimus
2963 4289 3084 4343 quae.
3121 4282 3203 4326 est
3230 4286 3356 4325 cor-

161 4351 277 4420 σθαι,
299 4362 428 4415 κατὰ
448 4363 610 4417 τοῦτο
633 4364 729 4418 καὶ
755 4365 1028 4434 ποιητικός
1058 4366 1172 4418 ἐστι
1200 4365 1292 4419 τοῦ
1321 4367 1581 4435 γίνεσθαι.
1617 4368 1688 4420 Τὸ

1794 4385 1913 4438 ριιε,
1951 4370 2045 4425 sed
2071 4351 2256 4424 casum
2298 4369 2391 4438 qui
2422 4381 2507 4423 εει
2564 4369 2940 4438 incorporeus,
2989 4379 3152 4435 quem
3190 4364 3356 4418 habet

158 4445 201 4498 Et
225 4451 340 4506 αὐτὸ
360 4453 463 4526 ἄρα
494 4459 670 4510 αἴτιον
694 4458 785 4510 καὶ
815 4458 1090 4528 ποιητικὸν
1113 4459 1202 4512 καί
1224 4458 1290 4512 δι’
1316 4459 1362 4512 ὃ.
1390 4460 1564 4512 Καιεί
1590 4459 1688 4530 μέν

1794 4459 2002 4516 domus.
2027 4459 2185 4532 333
2219 4457 2284 4513 Et
2304 4458 2686 4514 aediﬁcatorem
2707 4459 2942 4513 dicimus
2968 4456 3234 4512 aediﬁcare
3261 4469 3356 4524 per

155 4535 198 4585 τί
217 4537 344 4596 ἐστιν
363 4543 529 4600 αἴτιον
559 4546 657 4600 καὶ
677 4545 976 4616 ποιητικὸν,
1013 4547 1170 4601 τοῦτο
1203 4548 1419 4612 πάντως
1447 4549 1564 4602 ἐστὶ
1596 4551 1688 4603 καὶ

1794 4566 1907 4605 eam
1947 4553 2263 4608 relationem
2302 4568 2421 4623 quae
2447 4552 2519 4607 sit
2552 4552 2619 4607 ad
2666 4551 2720 4606 id
2763 4551 2911 4621 quod
2957 4549 3200 4604 futurum
3247 4555 3352 4600 est.

155 4623 207 4677 δι’
229 4631 278 4682 δ’
304 4637 348 4688 εἰ
371 4636 426 4692 δέ
454 4639 507 4690 τί
545 4640 662 4692 ἐστι
685 4639 751 4690 δι’
775 4639 823 4703 ὃ,
863 4640 922 4691 οὐ
957 4641 1172 4704 πάντως
1199 4641 1358 4695 τοῦτο
1379 4643 1470 4696 καὶ
1493 4642 1680 4696 αἴτιον.

1794 4641 1884 4696 Sic
1917 4643 2152 4700 dicimus
2198 4646 2310 4698 texi
2348 4644 2713 4715 chlamydem,
2745 4643 2798 4697 id
2824 4642 2972 4698 enim
3022 4638 3167 4711 quod
3204 4638 3352 4699 facit,

156 4715 304 4776 nam
333 4727 458 4795 γοῦν
486 4730 572 4798 ἐφ’
599 4729 658 4784 ἒν
685 4731 1026 4800 ἀποτέλεσμα
1056 4731 1354 4804 συντρέχει,
1385 4733 1452 4786 δι’
1473 4733 1508 4788 a
1537 4734 1683 4802 γίνε-

1794 4735 2060 4804 signilicat
2086 4736 2477 4807 operationem.
2523 4735 2641 4789 Non
2669 4743 2755 4790 est
2783 4743 2963 4789 autem
2981 4732 3207 4786 alterius
3230 4731 3354 4798 qui-

154 4823 224 4862 ται
258 4815 313 4866 τὸ
351 4818 528 4883 τέλος⁸
563 4819 681 4874 ἀλλ’
729 4821 828 4874 οὐκ
870 4822 984 4875 ἐστι
1032 4823 1209 4876 πάντα
1253 4823 1420 4877 αἴτια.
1466 4827 1539 4879 Οὐ
1576 4827 1684 4898 γὰρ

1794 4828 1934 4894 dem,
1969 4829 2023 4884 id
2051 4830 2194 4899 quod
2224 4828 2374 4892 facit,
2401 4828 2629 4884 alterius
2653 4843 2802 4894 vero,
2847 4840 3036 4891 causa,
3075 4823 3168 4878 sed
3209 4823 3360 4891 ejus-

214 4993 264 5050 ὦ
302 4988 359 5047 Ρ.
394 4994 497 5051 920
535 4993 648 5050 ΕΙ).
687 4993 985 5062 POTTER,
1028 4997 1131 5054 784
1172 4997 1280 5054 ED.
1323 4998 1544 5056 PARIS.

209 5141 311 5213 (88)
331 5146 534 5222 Aemi.
553 5145 672 5222 v9:
692 5163 724 5222 _a
750 5148 948 5222 Stoicis
970 5153 1217 5222 usurpari
1236 5153 1414 5207 solita.
1435 5151 1616 5206 Λεκτά
1641 5159 1688 5206 ει

1797 5155 2060 5210 visionem
2109 5155 2379 5210 subsistit.
2415 5174 2434 5208 ι
2468 5154 2671 5210 lnidem
2726 5156 2888 5209 etiam
2922 5156 3108 5212 λεκτόν
3147 5164 3200 5211 ει
3230 5174 3360 5212 κατ-

153 5218 550 5290 κιτηγελρήματα
578 5217 866 5290 distinguit
888 5222 953 5290 in
987 5217 1192 5276 Zenone
1225 5222 1476 5278 Laertius
1500 5223 1593 5276 lib.
1639 5223 1688 5287 7,

280 5283 350 5366 ιξ
380 5283 529 5341 ε’Καὶ
556 5288 665 5366 τῶν
807 5289 1009 5366 τούτων
1047 5293 1426 5366 ὑφισταμένων
1464 5283 1687 5366 λεκτῶν,

153 5355 463 5434 ίξξξξυμάτων,
518 5360 615 5412 καὶ
669 5359 1013 5434 αύτοτελῶν,
1050 5355 1145 5416 καὶ
1197 5355 1684 5434 κατηγορημάτωνζ

158 5431 177 5502 ξ
208 5415 391 5502 Ερξιιω
424 5415 544 5497 quae
595 5443 663 5482 ει
713 5429 835 5483 istis
869 5415 1686 5502 subsistunt,dictorhﬁippro-

154 5497 519 5572 ngugntiatorum,
551 5506 627 5572 get
677 5514 745 5572 ex
779 5514 840 5553 se
875 5500 1275 5572 Apcrl‘ectorum,
1312 5511 1367 5558 ει
1420 5497 1684 5572 praedica-

155 5567 451 5637 tnentorum.
491 5587 510 5619 ι
534 5569 718 5620 Λεκτὰ
751 5567 902 5637 apud
924 5569 1138 5628 Stoicos
1172 5567 1468 5627 secundum
1496 5572 1682 5626 Philo-

156 5635 334 5713 [limum
358 5643 451 5713 est
483 5635 860 5713 εγηοηῖιῑιιέιχιΔ
899 5643 1016 5713 ταῖς
1055 5646 1310 5713 φωναῖςᾷ
1334 5643 1492 5698 Conf.
1561 5658 1682 5713 quae

155 5707 494 5786 fff‘ifilali
511 5707 642 5786 39"}
669 5707 730 5775 ι).
762 5707 886 5786 772.
910 5707 1158 5786 Laertius
1189 5714 1241 5786 in
1269 5711 1475 5768 Zenone
1495 5707 1610 5786 lib.
1631 5715 1681 5775 7,

283 5769 368 5856 (ἓξ,
399 5776 582 5856 deli-nit
613 5769 808 5831 λεὶιτόν
839 5793 977 5856 esse,
1012 5782 1071 5834 τὸ
1110 5783 1248 5836 κατὰ
1274 5783 1573 5852 φαντασίαν
1602 5769 1686 5836 λοᾷ

157 5845 293 5906 τικὴν
329 5845 681 5916 ὑφιστάμενον
710 5864 722 5878 ο
762 5865 778 5897 ι
823 5850 963 5917 quod
1020 5845 1315 5907 secundum
1360 5855 1680 5908 rationalem

1793 5226 2053 5297 ηγόρημα
2116 5225 2419 5297 distinguit.
2484 5227 2643 5282 Conf.
2719 5223 2938 5297 Suidas,
3003 5245 3053 5280 v.
3118 5231 3356 5297 κατηγό-

1797 5295 1986 5420 ρηεὲἒὲ
2033 5305 2087 5351 ει
2138 5295 2338 5352 Sextus
2394 5297 2704 5368 Empiricus
2763 5296 2895 5350 Adv.
2950 5295 3355 5354 Mathematicus

1791 5381 1845 5436 p.
1993 5409 2007 5421 .

1858 5479 1971 5551 (89)
2027 5480 2138 5536 Τοῦ
2194 5481 2346 5548 ναῦς
2377 5483 2668 5551 τίνεσθαι.
2702 5480 2793 5537 Sic
2832 5489 2982 5536 recte
3009 5480 3142 5535 edit.
3181 5479 3354 5546 Flor.,

1787 5552 1952 5624 quod
1983 5553 2314 5624 posteriores
2331 5623 2339 5624 ί
2357 5554 2625 5624 editiones
2684 5567 2991 5624 perperam
3007 5559 3357 5624 mutaverunt

1789 5621 1842 5674 in
1870 5621 1961 5673 τοῦ
1981 5623 2142 5686 ναοὺς
2168 5623 2430 5691 γίνεσθαι.
2465 5621 2708 5680 Lowthio
2742 5621 3089 5678 scribendum
3113 5621 3352 5687 videtur,

1789 5693 1847 5743 τὸ
1886 5691 2018 5755 ναῦς
2043 5693 2275 5760 γίνεται.

1864 5784 1996 5854 (90)
2027 5785 2435 5854 Ἀριστοτέλης
2469 5786 2535 5839 δὲ
2586 5785 3013 5854 προσηγορίαν.
3052 5781 3213 5840 Deest
3254 5783 3356 5838 ali-

1791 5855 1941 5924 quid.
1978 5853 2201 5910 Lovvnt.
2626 5853 2632 5854 ⁷
2730 5886 2733 5888 -
