3840 6534
439 401 542 454 595
1590 392 1984 449 CLEMENTIS
2023 391 2501 446 Al‘.EXANDR‘INl
3555 389 3649 446 596

438 515 560 568 dem
591 522 641 569 et
671 515 970 586 chlamydis
997 524 1051 571 et
1077 515 1291 572 domus.
1329 517 1608 584 Quatenus
1659 517 1804 570 etaim
1830 530 1954 568 caus

2136 533 2163 567 ν
2219 516 2629 587 ὲτεκνοκτόνησε
2690 515 2922 588 Μήδεια,
2983 516 3032 568 εἰ
3094 515 3168 587 μὴ
3216 513 3504 586 ὠργίσθη·
3555 513 3648 565 οὐδ’

438 614 523 660 est
566 616 623 659 ut
653 607 766 670 fiat,
818 623 882 661 ea
913 607 1123 662 ratione
1150 620 1234 664 est
1261 609 1422 664 etiam
1449 607 1709 668 eﬂiciens,
1748 616 1804 661 ut
1855 606 1944 659 fiat

2135 622 2164 656 ν
2198 605 2475 676 ὠργίσθη,
2519 610 2566 660 εἰ
2621 608 2693 679 μὴ
2736 607 3005 678 ἐζήλωσεν
3034 622 3052 638 ο
3099 607 3220 660 οὐδὲ
3265 605 3463 669 τοῦτο,
3496 604 3543 656 εἰ
3582 603 3648 674 μὴ

435 695 624 750 eadem
656 704 836 751 autem
863 698 1088 753 omnino
1124 707 1209 754 cst
1243 715 1410 755 causa
1433 707 1488 754 et
1515 698 1771 764 eﬂiciens,
1789 708 1858 752 .ct
1880 713 1951 767 pr:

2139 697 2310 768 ράσθη
2332 715 2344 728 ο
2375 699 2496 752 οὐδὲ
2531 699 2706 762 τοῦτο,
2732 700 2779 750 εἰ
2813 697 2888 769 μὴ
2928 698 3111 753 Ἰάσων
3136 698 3399 752 ἔπλευσεν
3429 698 3513 761 εἰς
3532 696 3651 749 Κολ-

437 791 556 854 pter
587 787 752 856 quod.
786 787 853 840 Et
901 788 949 844 si
991 790 1197 860 aliquid
1231 791 1450 860 quidem
1480 798 1564 846 est
1596 806 1760 846 causa
1793 798 1847 844 et
1887 790 1953 844 ell'

2136 791 2255 852 ούς·
2289 791 2407 844 οὐδὲ
2450 791 2627 856 τοῦτο,
2656 795 2703 845 εἰ
2741 792 2814 863 μὴ
2859 791 3035 863 Ἀργὼ
3065 791 3514 862 κατεσκευάσθη*
3547 792 3652 851 οὒδδ

435 878 612 941 ciens,
673 879 777 934 hoc
821 896 1042 952 quoque
1087 890 1172 938 est
1220 885 1443 937 omnino
1482 893 1701 952 propter
1731 883 1874 952 quod
1912 899 1925 933 :

2133 881 2273 946 οὖτο,
2329 885 2376 936 ει
2428 884 2501 954 μὴ
2549 882 2617 935 τά
2671 882 2799 949 ξύλα
2861 883 2925 936 ὲκ
2982 882 3076 936 τοῦ
3131 883 3360 952 Ιιηλείου
3429 885 3649 955 ἐτμήθη.

436 969 567 1038 quid
599 977 783 1026 autem
819 979 904 1027 est
937 980 1160 1042 pr0pter
1190 973 1358 1042 quod,
1399 988 1511 1028 non
1563 980 1647 1027 est
1689 972 1742 1026 id
1777 973 1952 1026 omnin

2131 975 2197 1026 Εν
2219 974 2425 1038 τούτοις
2447 974 2554 1046 γάρ
2579 973 2880 1028 ἅπασιντοῦ
2898 974 2962 1026 δι’
2989 975 3016 1027 ὃ
3043 974 3151 1045 (91)
3177 975 3537 1045 τυγχάνοντος
3553 1014 3567 1036 ,
3594 976 3647 1027 ού

436 1073 655 1128 quoque
686 1074 876 1114 causa.
929 1060 1094 1116 Multa
1149 1061 1371 1131 quidem
1395 1069 1541 1116 certe
1565 1069 1903 1116 concurrunt
1931 1077 1952 1115 ο

2135 1069 2273 1120 τάντα
2305 1068 2403 1138 τῆς
2435 1066 2806 1131 τεκνοκτονίας
2847 1066 2996 1120 αἴτια
3037 1068 3319 1137 τυγχάνει,
3372 1067 3509 1137 μόνη
3538 1067 3593 1119 δὲ
3624 1069 3651 1138 ἡ

436 1163 608 1202 unum
657 1148 928 1216 effectum,
990 1158 1208 1220 propter
1269 1167 1388 1220 quae
1464 1152 1520 1205 fit
1569 1152 1731 1208 linis:
1764 1153 1856 1206 sed
1890 1168 1952 1206 no

2137 1160 2305 1231 Ιήδεια
2323 1177 2334 1189 ·
2365 1159 2443 1212 διὸ
2463 1159 2523 1212 τὸ
2551 1160 2622 1229 μὴ
2651 1158 2856 1211 κωλῦον
2881 1157 3236 1228 ἁνενέργητόν
3262 1158 3410 1211 ἐστιν
3427 1175 3441 1187 ·
3465 1158 3546 1210 διὸ
3568 1159 3653 1212 οὒκ

437 1249 567 1294 sunt
589 1241 772 1296 omnia
807 1257 1006 1298 causae.
1045 1243 1212 1300 Filios
1247 1244 1524 1299 enimnon
1559 1245 1851 1301 occidisset
1884 1245 1953 1300 Με

2137 1267 2243 1302 στιν
2266 1248 2433 1302 αἴτιον
2454 1249 2514 1301 τὸ
2540 1249 2612 1318 μὴ
2643 1246 2846 1300 κωλῦον
2866 1287 2880 1310 ,
2916 1246 3052 1299 ἀλλὰ
3078 1247 3139 1299 τὸ
3167 1246 3399 1299 κωλῦον.
3443 1246 3533 1300 Ἐν
3560 1245 3653 1315 γὰρ

438 1332 562 1394 dea,
596 1333 700 1387 nisi
729 1332 920 1388 fuisset
947 1335 1119 1401 irata;
1147 1351 1326 1405 neque
1359 1333 1559 1392 fuisset
1586 1336 1746 1401 irata,
1782 1337 1888 1392 nisi
1923 1337 1954 1389 l:

2138 1338 2176 1408 ᾧ
2212 1339 2452 1408 ἐνεργεῖν
2483 1339 2576 1390 καὶ
2605 1337 2735 1408 δρᾷν
2764 1355 2814 1390 τι
2839 1337 2900 1388 τὸ
2928 1335 3093 1389 αἴτιον
3115 1339 3333 1389 νοεῖται.
3355 1337 3480 1388 Ἔτι
3511 1335 3568 1388 τὸ
3594 1333 3654 1404 μὴ

439 1425 688 1479 borasset
734 1426 1040 1497 zelotypia;
1093 1443 1266 1497 neque
1312 1428 1506 1483 fuisset
1552 1430 1836 1500 zelotypa,
1889 1431 1955 1482 ni:

2139 1429 2305 1482 ωλῦον
2337 1428 2662 1500 κεχώρισται
2691 1429 2784 1481 τοῦ
2824 1428 3105 1498 γινομένου
3125 1445 3138 1458 ο
3169 1427 3230 1480 τὸ
3258 1428 3315 1481 δὲ
3343 1428 3516 1480 αἰτιον
3537 1427 3655 1495 πρὸς

439 1524 710 1583 amasset;
737 1532 912 1587 neque
939 1526 1193 1581 amasset,
1220 1519 1325 1574 nisi
1352 1518 1519 1575 Jason
1558 1520 1794 1577 Colchos
1844 1538 1948 1576 nav

2137 1522 2159 1574 ὸ
2193 1522 2490 1592 γινόμενον.
2520 1523 2632 1574 Ούκ
2655 1521 2719 1576 ἂν
2744 1517 2834 1575 οὖν
2858 1521 2940 1593 εἴη
2984 1521 3151 1574 αἴτιον
3186 1521 3248 1574 τὸ
3299 1519 3375 1590 μὴ
3444 1515 3653 1570 κωλῦον.

437 1615 655 1676 gasset;
688 1623 863 1677 neque
885 1607 1121 1663 Colchos
1151 1609 1480 1680 navigasset,
1507 1611 1614 1666 nisi
1644 1613 1788 1683 Argo
1811 1611 1953 1667 fuiss«

2145 1613 2198 1666 ιὰ
2218 1613 2374 1666 τοῦτο
2393 1614 2521 1682 γοῦν
2544 1614 2891 1676 ἐπιτελεῖται,
2917 1613 2999 1666 ὅτι
3023 1612 3085 1664 τὸ
3109 1612 3406 1680 δυνάμενον
3447 1609 3655 1661 κωλύειν

435 1695 742 1762 aedificata;
787 1711 963 1766 neque
995 1697 1140 1767 Argo
1176 1697 1368 1754 fuisset
1401 1698 1689 1766 aedificata,
1725 1703 1831 1757 nisi
1859 1703 1951 1771 ligr

2139 1709 2160 1760 5
2190 1707 2469 1778 πάρεστιν.
2503 1707 2789 1778 Τετραχῶς
2809 1708 2870 1760 τὸ
2895 1708 3064 1762 αἴτιον
3087 1705 3325 1773 λέγεται,
3353 1703 3416 1754 τὸ
3447 1699 3655 1763 ποιοῦν,

437 1783 669 1840 fuissent
723 1787 893 1841 scissa
945 1802 1010 1842 ex
1042 1786 1210 1842 Pelio.
1252 1794 1310 1850 >11
1348 1787 1406 1844 In
1442 1791 1528 1846 his
1560 1791 1706 1846 enim
1747 1792 1953 1846 onmibl

2140 1817 2177 1862 »ς
2200 1802 2227 1853 ό
2250 1799 2683 1870 ἀνδριαντοποιός
2702 1816 2715 1829 ·
2739 1800 2832 1852 καὶ
2859 1800 2890 1869 ἡ
2917 1798 3039 1870 ὕλη,
3067 1797 3142 1860 ῶς
3170 1799 3198 1849 ὁ
3220 1793 3421 1866 χαλκός
3440 1811 3456 1824 ·
3497 1793 3585 1846 καὶ
3608 1791 3656 1845 τὸ

435 1890 560 1929 cum
590 1879 660 1931 sit
698 1889 916 1949 propter
951 1880 1118 1950 quod,
1153 1896 1260 1934 non
1299 1890 1427 1935 sunt
1469 1883 1650 1936 omnia
1685 1898 1864 1938 causa:
1893 1899 1951 1936 ca

2139 1853 2259 1954 ἴδος,
2288 1853 2362 1954 ὡς
2393 1893 2420 1944 ό
2442 1853 2724 1961 χαρακτηρ
2749 1907 2760 1918 ·
2806 1853 2898 1942 καί
2919 1889 2978 1941 τὸ
3175 1928 3188 1952 ,
3331 1888 3364 1956 ἡ
3401 1853 3540 1955 τιμὴ
3575 1881 3655 1936 τού

436 1968 522 2024 dis
544 1969 800 2035 ﬁliorum,
835 1971 928 2027 scd
961 1974 1075 2028 sola
1107 1973 1316 2030 Medea.
1362 1975 1727 2040 Quamobrem
1767 1975 1820 2028 id
1852 1991 1952 2045 quo

2139 1983 2528 2054 υμνασιάρχου.
2553 1981 2672 2036 Τῶν
2697 1974 2768 2035 ὧν
2793 1981 2892 2034 ούκ
2912 1980 3044 2034 ἄνευ
3071 1979 3226 2047 λόγον
3246 1981 3274 2030 ὁ
3310 1976 3515 2046 χαλκὸς
3540 1974 3655 2028 ἐπέ-

435 2078 545 2118 non
601 2065 886 2134 prohibet,
943 2083 1052 2120 non
1109 2076 1371 2137 Operatur
1411 2084 1423 2118 :
1469 2068 1726 2137 quocirca
1767 2083 1874 2122 non
1917 2085 1946 2123 e

2143 2091 2184 2126 ει
2216 2075 2351 2147 πρὸς
2370 2075 2431 2126 τὸ
2452 2073 2702 2142 γενέσθαι
2724 2073 2813 2126 τὸν
2837 2072 3147 2142 ἀνδριάντα,
3176 2069 3268 2122 καὶ
3293 2068 3499 2138 ὁμοίως
3527 2065 3659 2119 ἐστὶν

435 2171 606 2212 causa
639 2156 692 2210 id
715 2159 860 2227 quod
891 2174 998 2212 non
1025 2160 1275 2229 impedit,
1307 2161 1403 2216 sed
1449 2160 1502 2214 id
1531 2159 1678 2230 quod
1710 2161 1951 2230 prohibet

2143 2169 2289 2220 ἴτιον.
2325 2167 2439 2220 Πᾶν
2479 2165 2587 2236 γὰρ
2627 2160 2688 2218 οὗ
2720 2164 2886 2236 χωρὶς
2922 2165 3021 2216 οὐκ
3055 2161 3402 2232 ἐνδεχόμενον
3424 2156 3659 2226 γενέσθαι

438 2249 492 2302 in
522 2248 736 2317 agendo
774 2249 916 2303 enim
949 2250 1172 2320 aliquod
1211 2258 1266 2305 et
1303 2250 1580 2320 operando
1605 2264 1770 2304 causa
1806 2250 1954 2305 intell

2145 2263 2162 2311 'i
2193 2258 2566 2328 ἀποτέλεσμα,
2605 2257 2744 2311 κατὰ
2783 2256 3024 2326 ἀνάγκην
3064 2255 3210 2307 ἐστὶν
3261 2251 3435 2305 αἴτιον
3459 2268 3473 2281 ’
3508 2250 3661 2304 αἴτιον

437 2338 604 2408 gitur.
642 2335 934 2402 Praeterea,
965 2340 1112 2410 quod
1141 2355 1249 2394 non
1281 2340 1551 2409 prohibet,
1582 2348 1891 2410 separatum
1923 2357 1952 2395 e

2143 2353 2157 2400 ὲ
2188 2349 2285 2418 ούχ
2315 2347 2528 2410 ἁπλῶς·
2553 2348 2612 2400 ού
2639 2346 2746 2418 γάρ
2767 2349 2882 2400 ἐστι
2912 2343 3222 2400 συνεκτικὸν
3245 2344 3306 2396 τὸ
3334 2335 3396 2395 οὗ
3430 2341 3505 2412 μὴ
3528 2342 3659 2403 ἄνευ,

437 2428 510 2482 ab
559 2443 625 2482 eo
673 2429 816 2498 quod
868 2429 948 2493 fit,
987 2445 1155 2486 causa
1184 2440 1364 2484 autem
1393 2428 1632 2485 refertur
1669 2430 1736 2484 ad
1766 2430 1819 2484 id
1859 2447 1953 2500 qll(

2146 2440 2362 2510 υνεργδν
2391 2438 2448 2492 δέ
2470 2456 2483 2470 ·
2523 2440 2628 2492 πᾶν
2655 2438 2710 2491 δὲ
2733 2437 2794 2491 τὸ
2823 2436 3100 2508 ἐνεργοῦν,
3128 2435 3357 2506 παρέχει
3384 2433 3447 2486 τὸ
3482 2430 3662 2486 ἀποτέ-

438 2519 543 2585 ﬁt;
593 2535 702 2573 non
752 2521 856 2574 erit
896 2535 1024 2592 ergo
1071 2537 1236 2578 causa
1291 2522 1345 2576 id
1385 2523 1532 2592 quod
1577 2538 1684 2576 non
1727 2523 1954 2594 prohibe

2138 2547 2275 2601 εσμα
2299 2531 2411 2598 μετ’
2440 2528 2871 2600 ἐπιτηδειότητος
2902 2526 2996 2580 τού
3032 2526 3357 2595 πάσχοντοςο
3399 2521 3654 2592 διατίθησι

436 2609 738 2681 Propterea
778 2612 998 2682 quidem
1026 2621 1174 2668 certe
1205 2613 1508 2684 perﬁcitur,
1544 2615 1690 2684 quod
1730 2629 1837 2670 non
1866 2613 1952 2668 ads

2143 2624 2208 2676 ,ὲν
2236 2623 2342 2694 γὰρ
2363 2622 2425 2674 τὸ
2441 2624 2608 2676 αἴτιον
2622 2621 2754 2693 (92)°
2779 2621 2974 2690 πάσχει
2999 2619 3053 2672 δὲ
3079 2619 3306 2672 ἕκαστον
3333 2619 3412 2680 εἰς
3437 2615 3466 2668 δ
3505 2614 3659 2682 πέφυ-

440 2705 497 2759 id
524 2705 672 2774 quod
719 2714 899 2776 potest
952 2707 1262 2776 prohibere.
1311 2708 1558 2774 Quatuor
1609 2717 1788 2764 autem
1834 2709 1955 2763 mod

2135 2715 2170 2768 εέ
2202 2733 2276 2777 τι,
2298 2713 2636 2785 παρεκτικῆς
2662 2711 2760 2782 τῆς
2783 2709 3212 2781 ἐπιτηδειότητος
3231 2706 3420 2777 οὔσης,
3447 2703 3651 2758 καὶτῶν

439 2799 644 2853 dicitur
671 2814 836 2852 causa
875 2817 886 2852 :
924 2798 1188 2863 elliciens,
1221 2810 1278 2854 ut
1306 2801 1638 2865 statuarius;
1669 2811 1724 2856 et
1757 2803 1955 2855 materia

2143 2824 2182 2858 ιν
2208 2805 2308 2858 ούκ
2337 2805 2462 2857 ἄνευ
2486 2804 2641 2872 λόγον
2664 2801 2963 2872 ἐπεχούσης
2979 2817 2992 2830 °
3017 2793 3407 2870 ἄπρακτονιοῦν
3425 2796 3484 2848 τὸ
3507 2795 3659 2848 αἴτιον

443 2898 502 2943 ut
528 2905 634 2956 aes;
671 2898 726 2945 et
753 2878 952 2951 forma,
996 2898 1054 2944 ut
1087 2890 1404 2959 character;
1448 2899 1504 2948 et
1549 2892 1692 2957 finis,
1741 2901 1798 2947 ut
1836 2892 1959 2947 hom

2146 2914 2236 2949 νευ
2270 2897 2368 2967 τῆς
2402 2893 2856 2965 ἐπιτηδειότητος·
2904 2891 3003 2943 ούκ
3038 2888 3152 2941 ἐστι
3195 2887 3252 2940 δὲ
3314 2886 3498 2950 αἰτία,
3539 2883 3661 2938 ἀλλὰ

439 2981 892 3051 gymnasiarcbae.
925 2981 1125 3035 Eorum
1154 2997 1283 3052 ergo
1323 2984 1441 3038 sine
1497 2984 1696 3053 quibus
1740 2999 1871 3046 non,
1922 3003 1955 3039 r;

2145 2988 2395 3060 υνεργός·
2425 2987 2549 3039 ἐπεὶ
2575 2986 2682 3038 πᾶν
2709 2985 2875 3038 αἴτιον
2904 2983 2960 3034 ὲν
2984 2979 3060 3050 τῷ
3083 2979 3213 3050 δρᾷν
3243 2981 3474 3032 νοεῖται·
3509 2975 3661 3046 αὑτὴν

439 3070 642 3125 tionem
693 3085 767 3124 ωε
797 3077 972 3134 tenet,
1003 3069 1069 3123 ad
1131 3071 1231 3124 hoc
1288 3079 1346 3123 ut
1403 3071 1495 3124 fiat
1553 3080 1766 3136 statua,
1820 3080 1874 3127 et
1927 3089 1955 3126 e

2147 3079 2166 3131 ὲ
2193 3079 2293 3131 ούκ
2325 3077 2388 3130 ἂν
2421 3075 2597 3146 ποιοίη
2628 3077 2661 3146 ἡ
2689 3074 2788 3144 γῆο
2819 3073 2959 3125 ὥστε
2989 3070 3108 3124 οὐδὲ
3147 3069 3295 3122 αἰτία
3335 3067 3400 3121 ἂν
3436 3069 3518 3138 εἴη
3548 3068 3663 3119 ἑαν-

442 3162 696 3217 similiter
750 3178 936 3218 causa.
993 3161 1127 3218 Nam
1161 3165 1423 3235 quidquid
1453 3165 1685 3220 estsine
1742 3180 1851 3235 quo
1905 3181 1958 3219 nt

2146 3173 2227 3241 ἧς.
2262 3168 2680 3238 Καταγέλαστον
2707 3167 2762 3219 δὲ
2794 3166 2853 3218 τὸ
2880 3165 3054 3232 λέγειν
3078 3203 3094 3227 ,
3139 3163 3212 3234 μὴ
3253 3161 3313 3215 τὺ
3354 3159 3466 3231 πῦρ
3509 3159 3662 3212 αἴτιον

441 3254 708 3326 contingit
770 3254 884 3310 fieri
943 3254 1228 3319 effectum,
1297 3269 1462 3311 causa
1531 3265 1618 3312 est
1668 3257 1957 3312 necessarii

2147 3259 2215 3328 ἧς
2239 3258 2504 3321 καύσεως,
2533 3256 2665 3311 ἀλλά
2688 3255 2756 3308 τὰ
2782 3255 2913 3322 ξύλα
2933 3271 2945 3282 ·
2983 3252 3116 3324 μηδὲ
3147 3251 3246 3323 τὴν
3283 3249 3553 3320 μάχαιραν
3577 3247 3663 3316 τῆς

442 3358 611 3401 causa
638 3354 820 3402 autem
861 3360 971 3400 non
1007 3347 1279 3412 absolute,
1310 3361 1419 3402 non
1446 3353 1532 3402 est
1553 3346 1700 3400 enim
1729 3347 1958 3417 synectii

2148 3352 2303 3422 ομῆς,
2331 3349 2466 3404 ἀλλὰ
2499 3349 2597 3420 τὴν
2646 3350 2850 3419 σάρκα·
2885 3347 3016 3418 μηδὲ
3051 3343 3146 3397 τοῦ
3176 3339 3664 3408 ωταπαλαισθῆναι

444 3453 636 3503 causa,
684 3439 738 3494 id
778 3440 897 3495 sine
945 3456 1053 3511 quo
1095 3456 1240 3502 non,
1292 3439 1388 3494 sed
1423 3439 1706 3507 adjuvans.
1737 3438 1960 3507 Quidth

2147 3443 2226 3510 95)
2242 3442 2332 3494 τὸν
2355 3440 2588 3512 ἀθλητὴν
2610 3439 2707 3510 τὴν
2740 3439 2888 3510 ἰσχὺν
2915 3437 3006 3490 τοῦ
3037 3433 3459 3504 ἀντιπάλου,τὴν
3487 3428 3663 3484 ἑαυτοῦ

447 3539 629 3584 autem
669 3542 956 3600 operatur,
1008 3531 1264 3587 effectum
1309 3530 1485 3585 reddit
1526 3545 1652 3584 cum
1697 3530 1816 3599 ejus
1865 3547 1963 3600 que

2148 3532 2172 3584 ὲ
2206 3530 2509 3585 ἀσθένειαν.
2535 3530 2608 3583 Τὸ
2638 3529 2946 3582 συνεκτικὸν
2972 3529 3140 3580 αἴτιον
3165 3526 3225 3578 ού
3259 3525 3427 3577 δεῖται
3455 3522 3660 3593 χρόνου·

447 3622 653 3688 patitur
695 3621 1031 3690 aptitudine;
1081 3636 1206 3674 nam
1250 3621 1491 3691 disponit
1546 3620 1765 3692 quidem
1821 3637 1963 3675 caus:

2153 3629 2176 3682 δ
2205 3629 2314 3701 γάρ
2337 3629 2630 3699 καυτήριον
2669 3626 2783 3696 ἅμα
2813 3623 2890 3695 τῷ
2916 3622 3056 3676 κατὰ
3095 3621 3193 3692 τῆς
3234 3621 3434 3692 σαρκὸς
3465 3621 3669 3687 ἐπερει-

450 3713 654 3782 patitur
693 3721 876 3767 autem
908 3729 1074 3767 unum
1106 3712 1358 3784 quodque
1390 3721 1552 3784 prout
1602 3715 1653 3768 ei
1697 3713 1860 3768 fuerit
1912 3716 1959 3768 al

2153 3721 2310 3791 θῆναι
2339 3719 2436 3790 τὴν
2471 3717 2734 3788 ἀλγηδόνα
2767 3715 3016 3786 παρέχει.
3047 3711 3168 3765 Τῶν
3199 3704 3669 3784 προκαταρκτικῶν

449 3804 580 3873 quid
614 3820 644 3857 a
691 3814 888 3859 natura
939 3805 1186 3870 insitum,
1226 3821 1351 3860 nam
1391 3806 1670 3860 concurrit
1715 3806 1832 3877 ipsa
1875 3817 1962 3877 apt

2157 3811 2187 3864 ὰ
2217 3813 2315 3882 μὲν
2348 3811 2538 3882 χρόνου
2582 3809 2785 3871 δεῖται,
2821 3807 2978 3878 ἄχρις
3023 3805 3089 3858 ἂν
3140 3803 3365 3873 γένηται
3396 3801 3455 3852 τὸ
3489 3795 3673 3853 ἀποτέ-

450 3897 586 3952 tudo
610 3904 670 3954 et
691 3913 878 3954 eorum
915 3899 1036 3953 sine
1060 3901 1264 3970 quibus
1290 3914 1422 3964 non,
1461 3899 1726 3955 rationem
1781 3901 1966 3956 obtine

2155 3916 2290 3972 εσμα
2315 3918 2327 3931 °
2359 3900 2428 3954 τὰ
2458 3899 2514 3953 δὲ
2543 3899 2602 3952 ού
2631 3898 2796 3951 δεῖται
2822 3937 2837 3961 ,
2868 3897 2943 3960 ὡς
2974 3898 3007 3967 ἡ
3039 3894 3244 3956 πτῶσις
3275 3891 3368 3945 τοῦ
3399 3890 3671 3956 κατάγμα-

451 3987 547 4044 Est
571 4004 700 4060 ergo
728 4004 897 4044 causa
925 3989 1168 4045 inefﬁcax
1199 3990 1404 4059 absque
1429 3990 1734 4060 aptitudine
1759 4009 1771 4044 :
1802 4005 1863 4044 ea
1885 4005 1967 4043 vel

2159 4011 2228 4056 ος.
2264 3993 2410 4063 Μήτι
2441 3991 2502 4044 ού
2544 3988 2685 4042 κατὰ
2715 3987 2966 4058 στέρησιν
3005 3984 3194 4056 χρόνου
3227 3983 3428 4054 ἄχρονα
3455 3977 3552 4046 (94)
3592 3974 3675 4028 λέ-

450 4098 564 4138 non
614 4091 699 4140 est
739 4097 939 4146 causa,
1001 4082 1093 4137 sed
1131 4081 1306 4136 solum
1349 4081 1590 4149 adjuvat.
1642 4079 1832 4135 Omnis
1869 4083 1966 4136 enil

2160 4101 2276 4135 εται
2300 4080 2490 4144 ταῦτα,
2521 4078 2655 4132 ἀλλὰ
2679 4075 2820 4130 κατὰ
2851 4075 3092 4146 μείωσιν,
3114 4074 3190 4136 ὼς
3210 4072 3382 4124 καὶτὸ
3409 4068 3673 4135 ἐξαίφνης,

449 4194 622 4234 causa.
647 4177 1033 4234 consideratur
1085 4177 1140 4231 in
1182 4177 1412 4248 agendo.
1435 4176 1679 4245 Scipsam
1695 4186 1874 4231 autem
1906 4193 1965 4230 nc

2161 4175 2259 4245 ,ηδὲ
2299 4174 2430 4226 αὐτὸ
2467 4172 2634 4242 χωρὶς
2680 4169 2869 4240 χρόνου
2901 4166 3206 4236 γενόμενον.
3244 4165 3358 4216 Πᾶν
3399 4162 3555 4216 αἴτιον
3601 4157 3677 4217 ὡς

454 4271 646 4325 fecerit
685 4279 831 4324 terra
871 4289 882 4324 :
919 4283 1092 4340 quare
1129 4283 1230 4322 nec
1275 4266 1440 4322 fuerit
1479 4281 1645 4322 causa
1690 4269 1775 4346 sui
1819 4268 1970 4338 ipsiu:

2163 4267 2292 4346 ῖτιον
2325 4267 2530 4336 διανοίᾳ
2555 4264 2758 4334 ληπτὸν
2777 4261 3029 4332 τυγχάνει
3062 4260 3152 4312 ὲπῖ
3182 4275 3341 4321 τινος,
3369 4256 3457 4310 καὶ
3474 4251 3604 4320 πρός
3621 4265 3674 4346 τξ

453 4361 767 4417 Ridiculum
795 4368 880 4415 est
910 4370 1090 4415 autem
1119 4360 1324 4423 dicere,
1357 4361 1536 4430 ignem
1583 4373 1692 4412 non
1719 4342 1856 4413 .esse
1881 4374 1969 4413 cau

2159 4342 2354 4415 οεῖται·
2399 4360 2542 4421 τινὸς
2594 4359 2776 4429 μέντοι
2822 4356 3256 4424 ἀποτελέσματος
3281 4368 3297 4382 ο
3355 4347 3590 4414 καθάπερ
3643 4342 3675 4410 ή

453 4470 570 4508 sam
623 4455 879 4518 ustionis,
909 4453 1004 4508 sed
1035 4453 1178 4524 ligna
1211 4472 1223 4506 :
1256 4467 1431 4522 neque
1457 4450 1695 4520 gladium
1735 4451 1969 4505 sectioni:

2165 4454 2375 4523 ,ἀχαιρα
2401 4450 2494 4504 τοῦ
2520 4449 2738 4520 τέμνειν
2757 4467 2770 4479 ο
2797 4448 2932 4520 πρός
2954 4464 3058 4500 τινι
3083 4445 3159 4506 δὲ,
3191 4443 3436 4511 καθάπερ
3462 4435 3532 4505 τῷ

455 4547 552 4602 sed
606 4561 864 4600 carnem:
924 4520 1100 4616 neque
1123 4546 1266 4614 quod
1301 4520 1481 4598 victus
1521 4542 1593 4598 sit
1621 4543 1845 4607 athleta,
1876 4543 1971 4597 Vil‘t

2164 4520 2350 4616 ηδειως
2381 4542 2578 4613 ἔχοντι,
2609 4539 2859 4610 καθάπερ
2890 4537 2952 4590 τὸ
2987 4536 3096 4606 πῦρ
3126 4533 3204 4604 τῷ
3237 4531 3402 4600 ξύλῳ·
3445 4527 3527 4580 τὸν
3552 4520 3680 4616 asa:

456 4635 792 4701 adversarii,
830 4637 925 4691 sed
967 4652 1122 4690 suam
1168 4634 1615 4689 imbecillitatem.
1644 4631 1820 4687 Causa
1861 4648 1972 4704 syn:

2166 4609 2303 4687 ,αντα
2317 4609 2547 4704 (95)-γὰρ
2569 4631 2630 4684 οὐ
2657 4609 2866 4685 καύσει.
2890 4627 2964 4681 Τὸ
2989 4628 3157 4679 αἴτιον
3173 4623 3281 4676 τῶν
3307 4619 3438 4692 πρός
3455 4631 3520 4669 τιο
3540 4609 3682 4665 κατὰ

455 4728 597 4782 ctica
635 4742 743 4782 non
787 4741 924 4796 opus
951 4727 1115 4783 habet
1143 4737 1422 4797 tempore:
1466 4741 1588 4780 nam
1617 4725 1918 4780 cauterium
1948 4741 1971 4779 s

2166 4726 2236 4796 ἀρ
2261 4725 2358 4796 τὴν
2388 4723 2521 4795 πρὸς
2553 4723 2740 4794 ἕτερον
2769 4724 2965 4774 νοεῖται
2995 4718 3202 4788 σχέσινο
3239 4713 3377 4766 ὥστε
3403 4711 3533 4763 δυεῖν
3557 4706 3681 4806 ἐπει-

455 4820 568 4873 tnul
623 4835 688 4876 ac
731 4792 885 4874 carni
915 4819 1078 4874 fuerit
1124 4792 1476 4890 applicatum,
1522 4819 1726 4888 praebet
1753 4817 1971 4874 doloren

2169 4792 2414 4886 άλλομεν,
2433 4792 2530 4867 *ἵνα
2555 4814 2616 4864 τὸ
2639 4792 2806 4866 αἴτιον
2825 4811 2900 4874 ὼς
2915 4808 3084 4862 αἴτιον
3109 4795 3407 4876 νοήσωμεν.
3445 4799 3498 4852 '0
3521 4792 3685 4854 αὐτὸς

531 4981 590 5037 >14
635 4973 693 5029 P.
738 4974 834 5028 921
881 4972 987 5027 ΕΙ).
1031 4972 1328 5036 POTTEB,
1372 4973 1474 5028 785
1516 4972 1624 5025 ΕΙ).
1665 4971 1890 5027 PARIS.

533 5132 644 5202 (9-1)
683 5131 762 5184 Δι’
809 5131 859 5184 ὅ.
893 5129 1039 5183 Flor.
1069 5131 1358 5202 coniuncte
1381 5129 1482 5202 διό,
1511 5128 1694 5202 minus
1723 5126 2029 5202 perspicue.

2173 5123 2256 5202 it:
2290 5123 2349 5175 1ο
2378 5121 2517 5202 κατὰ
2552 5118 2804 5202 στέρησιν
2833 5134 2846 5146 ·
2880 5131 2978 5202 pro
3007 5129 3065 5169 re
3091 5128 3215 5202 quis
3243 5110 3688 5202 tempore-925

461 5181 782 5256 ιιίὲὶιύὧὶη
817 5181 1037 5254 ’άιιίιέίὲί
1077 5181 1588 5268 εδιῖἁύήριοιοέυιυ
1639 5181 2030 5250 ΜεὶιεωἘιιιὴ-
2137 5181 2445 5261 cujusmodi
2495 5199 2581 5245 est
2635 5181 2797 5268 Deus,
2853 5181 3215 5268 litemusi?
3259 5181 3653 5268 ’ξατέξηεῇείῗξῗξξ

466 5249 792 5341 Ξίίᾱεεὲῗῖιὶῖῑ
824 5249 1578 5340 τῖιὲιῖἇῖῖίὲὲὲοῖιέιῖᾱιὶὸῗιῖιο
1605 5249 1898 5336 θὲβτοίεευε
1924 5272 2026 5341 εει·
2137 5249 2236 5341 βτί)
2292 5279 2348 5317 τε
2395 5277 2514 5331 quae
2563 5249 2820 5341 ριίευυηι
2865 5249 3695 5341 ιειῐινμὶέανῐξιέςηὲιξέῗ-ἱῗὲἷῖ

463 5316 1464 5410 'dIa'EJusB'31366133133;
1477 5316 2030 5408 ἒῖιῇιῖᾶἶὲξιὲὶςὶιὶιιαέ
2135 5316 2846 5456 χρόνοςῑειίψοτίελῖἶοηιιη
2869 5316 3184 5410 ιιοιεὶι.Ἠοο
3208 5319 3498 5402 Hesychius
3527 5316 3694 5408 V0.03}

463 5414 575 5456 tius
599 5429 652 5456 ιι-
681 5412 805 5456 4M-
837 5411 1100 5456 Svrmma-
2149 5404 2161 5422 ’
2207 5403 2563 5456 γοονοτοιὸὲς.
2621 5399 2902 5456 σύντομον,
2939 5412 3114 5456 ταχυ·
3163 5391 3312 5456 παρὰ
3346 5390 3402 5440 τὸ
3431 5403 3498 5456 μη
3513 5397 3694 5456 Ξεξρίῖ

463 5390 1457 5476 ῐῑὶῖἔῦζ’ἱὲιῗὲγῖιιῖιίὸῖ“”””’””’
1727 5474 1768 5476 __
1813 5474 1822 5476 _
2136 5390 2563 5476 ’Ἀχροῖιοτριϐὲςν
2621 5399 2902 5476 σύντομᾳν,
2939 5395 3114 5476 “xii;
3163 5391 3312 5476 πειρά
3346 5390 3402 5476 ῖδτ
3422 5390 3699 5476 ξὴξίξξξξ

537 5429 575 5464 IS
637 5451 652 5465 .
681 5429 806 5466 104.
837 5429 1101 5464 DYLBURG.
2162 5429 2563 5476 δχρονυτριυες,
2621 5429 2902 5468 υυννιυμυν,
2940 5429 3106 5480 νιηιιχυ.⁸
3170 5429 3312 5462 ηυγ...
3357 5429 3401 5480 π
3431 5429 3498 5456 ,πη
3528 5429 3637 5477 ηε..
3661 5447 3691 5474 ³,

537 5429 650 5552 (νζ)
706 5482 1007 5546 Διατιθησι
1051 5478 1314 5552 μὲν-γὰρ
1358 5477 1422 5529 τὸ
1471 5477 1682 5530 αἴτιον.
1727 5474 1862 5530 Vide
1907 5491 2026 5544 quae
2136 5474 2262 5542 φθαι
2325 5477 2404 5552 ἐν·
2439 5472 2633 5542 χρόνῳ,
2678 5469 2741 5552 ἢν
2763 5467 2950 5538 χρόνον
2989 5464 3155 5552 πολύν
3188 5451 3697 5552 ὶδιατεέξξαέἶῆξι

537 5515 650 5552 με,
706 5515 1007 5546 unum...”
1051 5515 1152 5549 μοι
1213 5515 1313 5546 μιν
1362 5515 1421 5529 ιν
1471 5515 1682 5530 mm...
1745 5515 1862 5530 ..μυ
1907 5515 1983 5544 Ψ,

467 5552 628 5620 paulo
665 5562 787 5620 post
815 5559 1146 5620 sequuntur.
1170 5547 1392 5620 Lowru.
1654 5613 1709 5620 __
1839 5613 1873 5620 _

2180 5561 2303 5598 ausu
2355 5515 2503 5596 {defui
2545 5515 2665 5608 cii).
2699 5515 2953 5608 ’ἄχρονοῆ
3016 5535 3074 5588 τὸ
3143 5533 3215 5604 μὴ
3259 5515 3539 5599 ἀρξάμενον
3593 5515 3696 5569 ἐπὶ

539 5613 1272 5689 (95)’Καταπὰλαισθῆναι.
1331 5617 1606 5689 Sicrecte
1654 5613 1798 5689 Flor.
1839 5613 2030 5689 Poste-

2138 5616 2347 5689 χρόνῗῖλ
2397 5679 2521 5689 η-.
2797 5675 2834 5689 η
2966 5675 2979 5689 .
3153 5680 3193 5689 ,γ
3262 5681 3415 5689 ω---
3484 5659 3561 5689 ,ιςμ

468 5659 649 5760 rio‘resl
697 5691 968 5745 editiones
1017 5659 1303 5760 perperam
1355 5685 1614 5740 exhibent
1656 5686 1796 5737 κατὰ
1835 5684 1984 5736 παλαι

2397 5679 2754 5760 Ἁιῖιξέέανταέ
2796 5675 2870 5732 De
2917 5675 3202 5729 adamante
3258 5681 3433 5738 super.
3483 5659 3700 5715 dictum

468 5758 680 5827 σθῆναι.
1019 5745 1035 5760 ⁵
1121 5745 1135 5756 ’
1502 5825 1511 5827 _

1502 5825 1511 5827 _
1990 5825 1996 5827 _
2141 5745 2250 5809 se.
2285 5753 2334 5816 7,
2375 5767 2427 5820 p.
2465 5745 2565 5804 759
2596 5747 2683 5804 ed.
2715 5745 2837 5801 Par.

541 5825 651 5899 (94;
686 5831 956 5897 Ἄκρον-τι.
1014 5827 1222 5896 Duplici
1277 5841 1437 5880 sensu
1500 5825 1636 5878 hanc
1676 5840 1857 5879 vocem
1889 5825 2025 5878 acci-
