3840 6524
167 383 244 440 597
1324 369 1752 429 STROMATUM
1796 368 1924 424 LIB.
1966 366 2100 425 VIII.
3262 364 3366 419 598

165 498 232 553 καὶ
262 494 371 565 περὶ
403 493 504 547 τοῦ
541 489 876 565 δημιουργοῦ
899 491 991 546 καὶ
1021 488 1244 562 ποιητοῦ
1273 489 1427 558 λόγος
1458 491 1551 543 καὶ
1591 507 1681 543 πα-

1849 502 1877 540 ιι
1914 483 2325 556 procatareticis
2343 483 2460 538 alia:
2475 482 2947 554 quidemtempore
2971 496 3109 551 opus
3140 479 3365 537 habent.

163 589 272 660 τρός.
301 588 410 640 Οὐκ
451 586 607 641 ἔστιν
629 586 761 641 αὑτό
791 603 843 639 τι
869 584 1061 639 ἑαυτοῦ
1101 587 1271 638 αἴτιον
1291 626 1305 650 ,
1344 585 1464 638 οὐδὲ
1499 583 1679 637 ὲαυτοῐ

1850 593 1967 633 inec
1988 575 2056 631 ad
2084 574 2244 631 linem
2289 576 2584 646 perductus
2608 577 2772 631 fuerit
2797 577 3060 643 ed‘ectus;
3096 575 3214 629 alia:
3267 589 3366 627 au-

165 697 226 742 τις
245 678 404 748 πατήρ
421 693 435 706 δ
474 677 603 730 ἐπεὶ
631 675 692 730 τὸ
717 673 926 747 πρῶτον
951 673 1234 745 γενήσεται
1259 671 1524 744 δεύτερον·
1551 671 1612 724 τό
1630 685 1681 738 γε

1851 687 1901 725 m
1928 685 2036 724 non
2067 667 2334 737 indigent,
2364 675 2422 722 ut
2446 683 2609 724 casus
2634 667 2907 724 fracturae.
2927 667 3064 721 Num
3091 681 3222 737 ergo
3252 666 3363 720 lucc

167 774 246 844 μὴν
271 769 434 824 αἴτιον
461 770 686 840 ἐνεργεῖ
716 768 807 822 καὶ
827 765 1096 836 διατίθησι
1117 782 1132 796 ο
1172 764 1232 818 τὸ
1264 765 1367 817 ὑπὸ
1397 763 1490 816 τοῦ
1520 762 1683 816 αἰτίου

1847 777 1903 816 ›ιι
1928 761 2188 816 dicuntur
2213 760 2454 830 expertia
2485 761 2746 830 temporis
2787 776 2884 831 per
2929 761 3050 830 ejus
3099 760 3363 830 privatio-

164 841 405 933 γενόμενον
433 861 640 932 πάσχει
664 860 756 913 καὶ
783 857 1095 912 διατίθεται.
1120 858 1194 911 οὐ
1216 855 1434 910 δύναται
1449 855 1576 908 δὲτὸ
1599 855 1680 908 αὐ·

1842 872 1942 917 em.
1992 859 2087 914 sed
2137 871 2232 927 per
2286 853 2742 918 diminutionem,
2791 865 2850 910 ut
2897 841 3064 910 etiam
3113 859 3358 924 repente.

164 954 208 1006 τὸ
223 952 335 1024 πρὸς
371 951 556 1022 ἐαυτῷ
597 949 1002 1021 λαμϐανόμενον
1034 951 1272 1020 ἐνεργεῖν
1303 946 1420 1017 ἅμα
1465 946 1556 998 καὶ
1583 945 1680 1000 δια·

1857 948 1942 1003 ιοι]
1977 963 2078 1002 nec
2110 947 2288 1018 ipsum
2325 946 2546 1017 quidem
2587 944 2792 1000 factum
2841 952 2926 1002 est
2973 945 3178 1015 absque
3229 953 3367 1000 tem-

163 1043 389 1107 τίθεσθαι,
421 1043 546 1096 οὐδὲ
585 1043 702 1106 υίὸς
738 1037 876 1095 εἶναι
915 1042 1009 1095 καὶ
1042 1042 1243 1113 πατήρ.
1291 1040 1401 1094 Καὶ
1437 1039 1608 1100 ἄλλως
1636 1037 1679 1091 τί

1851 1040 1961 1095 ire?
1996 1038 2185 1094 Omnis
2231 1053 2433 1104 causa,
2487 1045 2760 1103 quatenus
2809 1052 3000 1101 causa,
3056 1037 3367 1108 concipitur

163 1137 294 1190 αίτιον
317 1133 412 1187 τοῦ
447 1133 542 1188 ὑπ’
573 1130 738 1186 αὐτοῦ
765 1130 1048 1203 γινομένου
1087 1132 1379 1203 προχρονεῖ
1424 1127 1562 1184 κατά
1599 1127 1679 1198 τὴι

1853 1147 1919 1187 se
1950 1130 2203 1201 alicujus,
2235 1138 2289 1186 et
2318 1131 2525 1186 versari
2557 1131 2612 1184 in
2645 1131 2849 1200 aliquo.
2881 1129 3128 1200 Alicnjus
3151 1128 3369 1200 quidem

163 1227 331 1290 οὐσίαν,
365 1226 442 1289 ὡς
471 1228 506 1297 ἡ
545 1225 790 1297 μάχαιρα
820 1224 922 1294 τῆς
951 1224 1143 1295 τομῆς.
1191 1224 1264 1276 Οὐ
1309 1221 1526 1276 δύναται
1557 1221 1613 1274 δὲ
1638 1220 1679 1274 τί

1858 1224 2022 1279 lectus
2055 1263 2070 1288 ,
2106 1232 2164 1276 ut
2190 1224 2406 1294 gladius
2438 1223 2660 1279 secandi
2683 1227 2777 1291 ;‘in
2813 1223 2999 1292 aliquo
3039 1235 3220 1279 autem
3253 1237 3374 1276 ver-

162 1319 262 1374 αὺτὸ
287 1317 426 1372 κατά
451 1318 515 1370 τὺ
545 1317 681 1370 αὐτὸ
713 1318 807 1370 καὶ
847 1317 1165 1387 προχρονεῖν
1192 1317 1257 1386 τῇ
1305 1313 1406 1387 ὓλῃ
1443 1312 1576 1366 καθὸ
1616 1310 1678 1365 αίτ

1857 1317 1934 1380 τι,
1957 1332 2150 1386 nempe
2169 1316 2223 1369 in
2247 1315 2443 1370 idoneo
2467 1316 2736 1386 subjecto,
2755 1315 3212 1387 quemadmodum
3232 1317 3373 1387 ignis

163 1409 246 1466 τεόν
270 1412 433 1472 ἔστιν,
462 1409 583 1480 ἅμα
607 1408 702 1462 καὶ
727 1409 971 1479 ὑστερεῖν
993 1407 1084 1460 καὶ
1111 1406 1539 1477 ὕστεροχρονεῖν,
1566 1402 1679 1458 καθί

1918 1424 2051 1482 ηεηο,
2077 1425 2185 1462 non
2218 1416 2336 1464 uret
2391 1410 2534 1463 enim
2589 1409 2954 1464 adamantem.
2987 1409 3166 1465 Causa
3195 1417 3278 1464 est
3309 1424 3376 1463 ex
3431 1421 3434 1432 ‘

161 1503 234 1572 τῆς
265 1501 437 1565 αἰτίας
470 1503 621 1554 ἐστιν
648 1501 828 1572 ἔργον.
861 1501 1118 1571 Διαφέρει
1140 1516 1201 1553 τε
1229 1499 1292 1552 τὸ
1323 1495 1464 1552 εἶναι
1492 1497 1586 1550 τοῦ
1609 1515 1677 1566 γει

1861 1517 1869 1554 ι
1897 1516 2016 1570 qua:
2047 1499 2357 1555 referuntur
2386 1500 2452 1554 ad
2479 1500 2718 1570 aliquid;
2756 1501 3063 1571 concipitur
3106 1501 3251 1554 enim
3281 1514 3377 1569 per

163 1591 328 1645 νέτθαιο
378 1590 523 1644 οὕτω
565 1590 663 1644 καὶ
712 1591 882 1644 αἴτιον
918 1590 1016 1662 μὲν
1048 1589 1142 1642 τοῦ
1167 1590 1445 1661 γινομένου
1467 1630 1482 1655 ,
1521 1588 1679 1660 πατὴε

1869 1608 1917 1644 m
1944 1608 2064 1662 qua:
2079 1599 2161 1649 est
2185 1593 2250 1646 ad
2274 1593 2502 1647 alterum
2528 1593 2921 1648 habitudinem.
2943 1591 3064 1658 Quo
3090 1593 3146 1646 lit
3168 1600 3226 1646 ut
3247 1591 3379 1645 duo-

160 1684 202 1736 δὲ
222 1683 343 1737 υίοῦ.
375 1685 490 1738 Οὐκ
514 1683 790 1754 ἐνδέχεται
817 1683 925 1755 γὰρ
951 1683 1010 1736 τὸ
1043 1684 1174 1737 αὐτὸ
1204 1681 1346 1738 κατά
1372 1682 1432 1735 τὺ
1461 1681 1589 1735 αὐτὸ
1608 1698 1676 1734 κα

1863 1698 1904 1738 ιε
1933 1683 2034 1738 sibi
2064 1683 2292 1737 invicem
2317 1683 2622 1751 applicatis,
2648 1698 2869 1738 causam
2899 1689 2957 1737 ut
2979 1697 3199 1742 causam
3221 1680 3379 1737 intel-

164 1770 269 1828 εἶναι
294 1774 409 1846 ἃμα
430 1775 527 1829 καὶ
553 1775 801 1846 γίνεσθαι
821 1793 833 1805 ·
880 1775 1037 1829 οὐθὲν
1075 1771 1169 1829 οὖν
1209 1777 1353 1828 ἐστιν
1400 1771 1592 1827 ἑαυτοῦ
1619 1771 1680 1825 αίτ

1862 1791 2054 1845 gamus.
2073 1775 2269 1830 Eadem
2293 1783 2471 1830 autem
2494 1783 2578 1831 est
2601 1777 2740 1830 ratio
2760 1775 2993 1846 opilicis,
3012 1774 3304 1839 eliectoris,
3322 1783 3378 1828 et

161 1883 264 1920 τιον.
301 1867 569 1938 Ἀλλήλων
601 1869 702 1922 οὐκ
736 1867 942 1921 ἔστιτά
966 1866 1137 1932 αἴτια,
1171 1867 1418 1938 ἀλλήλοις
1445 1865 1500 1918 δὲ
1527 1866 1672 1918 αἴτια

1869 1869 1986 1922 tris.
2005 1866 2123 1922 Non
2144 1875 2227 1923 est
2243 1867 2448 1937 aliquid
2472 1867 2649 1938 ipsum
2677 1868 2761 1924 sui
2792 1869 2967 1938 ipsius
2995 1882 3182 1931 causa,
3203 1882 3379 1936 neque

163 1960 301 2031 ἡγὰρ
331 1960 606 2032 σπληνικὴ
640 1959 882 2024 διάθεσις
918 1959 1360 2032 προῦποκειμένη
1383 1996 1398 2022 ,
1431 1959 1492 2010 οὐ
1536 1973 1679 2028 πυρει

1855 1965 1964 2014 rest
1993 1959 2190 2028 aliquis
2215 1966 2368 2028 pater
2389 1974 2526 2015 suus
2557 1975 2712 2013 :nam
2741 1959 2822 2014 sic
2853 1961 3108 2030 primum,
3129 1959 3371 2012 futurum

164 2049 235 2103 τεῦ
253 2050 436 2116 αἴτιος,
469 2051 609 2106 ἀλλά
630 2051 726 2105 τοῦ
757 2052 1000 2121 γίνεσθαι
1025 2053 1116 2106 τὸν
1145 2051 1403 2123 πυρετόνο
1433 2048 1526 2103 καὶ
1551 2050 1580 2102 ό
1601 2067 1680 2101 πυ⁴

1865 2060 1946 2107 εει
1974 2051 2294 2108 secundum.
2339 2053 2516 2108 Causa
2542 2053 2758 2122 quidem
2782 2061 2928 2108 certe
2956 2054 3068 2123 agit
3094 2061 3147 2108 et
3175 2053 3335 2110 allicit
3363 2071 3378 2110 :

167 2141 308 2210 ρετδς,
333 2143 827 2214 προῦποκείμενος,
860 2144 920 2198 οὺ
953 2142 1222 2214 σπληνὸς,
1253 2141 1388 2197 ἀλλά
1416 2139 1511 2194 τοῦ
1551 2139 1683 2204 αὔξει

1865 2143 1947 2198 ιοιι
1964 2159 1992 2197 a
2010 2159 2175 2200 causa
2196 2143 2395 2199 factum
2424 2153 2530 2209 est,
2564 2144 2770 2215 patitur
2794 2152 2848 2200 ct
2872 2144 3120 2199 allicitur.
3154 2145 3270 2200 Non
3292 2160 3381 2216 po-

168 2233 263 2288 σθαι
285 2235 384 2307 τὴν
413 2236 676 2292 διάθεσιν.
710 2236 868 2292 Οὕτω
896 2239 991 2291 καὶ
1019 2237 1074 2290 αί
1112 2236 1304 2309 ἀρεταὶ
1346 2234 1601 2306 ἀλλήλαις
1626 2234 1684 2287 at

1863 2246 1913 2292 st
1940 2246 2120 2292 autem
2147 2238 2289 2294 idem
2320 2255 2348 2292 a
2366 2238 2548 2308 seipso
2575 2240 3104 2308 sumptum,operari
3134 2239 3296 2293 simul
3325 2247 3378 2292 et

164 2341 252 2378 τιαι
274 2326 350 2397 τῷ
385 2328 459 2400 μὴ
487 2329 818 2400 χωρίζεσθαι
842 2330 976 2400 (96),
1011 2328 1102 2383 διὰ
1133 2328 1230 2400 τὴν
1254 2326 1672 2383 ἀντακολουθίαν

1868 2329 1968 2387 lici.
2022 2343 2197 2398 neque
2223 2343 2344 2383 esse
2368 2328 2511 2382 lilius
2533 2335 2587 2383 et
2618 2336 2792 2397 pater.
2820 2327 2886 2382 Et
2917 2328 3122 2398 alioqui
3156 2329 3207 2382 id
3237 2329 3384 2398 quod

168 2420 240 2470 καὶ
256 2422 297 2472 oi
320 2422 412 2474 ἐπὶ
432 2421 535 2492 τῆς
567 2422 790 2492 ψαλίδος
813 2422 949 2476 λίθοι
971 2422 1224 2493 ἀλλήλοις
1251 2420 1389 2475 εἰσὶν
1422 2419 1584 2473 αἴτιοι
1614 2420 1684 2472 τοὶ

1872 2426 2075 2474 tcausa
2099 2434 2163 2474 eo
2181 2419 2322 2488 quod
2346 2417 2402 2473 lit
2425 2419 2492 2473 ab
2515 2419 2653 2489 ipsa,
2675 2428 2760 2475 est
2776 2421 2928 2490 prius
2945 2429 3184 2490 tempore
3207 2421 3385 2489 quoad

170 2509 320 2578 μένειν
344 2514 815 2585 ,κατηγορήματος
853 2514 998 2585 (97),
1040 2513 1284 2587 ἀλλήλων
1319 2512 1377 2566 δὲ
1427 2512 1528 2565 οὐκ
1575 2512 1686 2565 elo):

1869 2513 2129 2575 sentiam,
2175 2519 2235 2566 ut
2274 2512 2487 2584 gladius
2518 2513 2803 2568 incisione.
2841 2511 2960 2568 Non
2999 2519 3175 2582 potest
3205 2520 3385 2567 autem

168 2601 298 2656 αἴτιοι
319 2619 332 2634 ’
368 2606 462 2658 καὶ
487 2604 518 2658 ὁ
541 2603 862 2669 διδάσκαλος
891 2605 948 2658 δὲ
983 2606 1076 2659 καὶ
1098 2607 1126 2658 6
1154 2603 1436 2676 μανθάνων
1467 2602 1682 2673 ἀλλήλοι

1871 2618 1955 2656 em
1986 2603 2149 2656 simul
2182 2609 2236 2657 et
2265 2609 2506 2672 tempore
2533 2618 2656 2658 εεεε
2675 2594 2838 2673 prius
2874 2602 3050 2672 quoad
3081 2600 3387 2657 materiam.

169 2693 279 2744 εἰσὶν
300 2694 456 2748 αἴτιοι
492 2695 591 2748 τοῦ
627 2695 956 2767 προκόπτειν
983 2697 1452 2768 κατηγορήματος.
1483 2694 1685 2762 Λέγετα

1874 2700 2085 2746 latenus
2116 2698 2418 2758 estcausa;
2449 2699 2503 2748 et
2531 2701 2772 2762 tempore
2799 2709 2922 2747 esse
2944 2692 3390 2762 posterius,qua-

170 2785 212 2836 δὲ
230 2787 459 2859 ἀλλήλοις
481 2789 660 2852 αἴτια,
688 2788 816 2842 ποτὲ
847 2789 944 2859 μὲν
963 2788 1074 2842 τῶν
1104 2789 1304 2852 αὐτῶν,
1334 2789 1409 2852 ὡς
1429 2793 1458 2844 6
1482 2790 1686 2861 !p.mpo

1876 2801 1978 2839 nus
2006 2793 2089 2840 est
2119 2799 2258 2857 opus
2286 2800 2485 2841 causae.
2524 2785 2588 2838 Et
2611 2785 3009 2842 dilreruntesse
3035 2799 3100 2838 ac
3130 2784 3265 2839 ﬁeri.
3301 2784 3392 2837 Sic

169 2877 245 2928 καὶ
271 2879 297 2929 6
325 2878 570 2950 κάπηλος
599 2877 851 2950 ἀλλήλοις
884 2880 1020 2932 εἰσιν
1052 2877 1213 2931 αἴτιοι
1259 2877 1355 2932 τοῦ
1381 2879 1682 2952 κερδαίνειν

1877 2877 1979 2929 iam
1995 2891 2160 2931 causa
2176 2875 2396 2946 quidem
2412 2876 2532 2946 ejus
2548 2876 2690 2946 quod
2713 2877 2792 2941 lit,
2820 2886 2975 2946 pater
2990 2892 3116 2933 vero
3135 2876 3251 2931 lilii.
3270 2875 3393 2932 Non

173 2969 278 3022 ποτὲ
295 2971 347 3024 δὲ
374 2971 536 3025 ἄλλου
587 2973 684 3026 καὶ
708 2971 867 3027 ἄλλου
888 3013 902 3037 ,
941 2971 1193 3044 καθάπερ
1221 2975 1253 3044 ὴ
1283 2973 1526 3043 μάχαιρα
1564 2973 1656 3025 καὶ
1683 2989 1689 3002 ε

1877 2965 2088 3036 mtingit
2115 2965 2260 3020 enim
2291 2965 2434 3020 idem
2463 2966 2766 3022 secundum
2800 2968 2942 3022 idem
2977 2975 3030 3023 et
3057 2983 3182 3024 esse
3227 2967 3393 3023 simul

172 3061 305 3132 σάρξ·
330 3065 361 3133 ὴ
381 3065 478 3134 μὲν
497 3064 610 3135 γὰρ
629 3065 696 3134 τῇ
716 3064 877 3136 σαρκὶ
896 3063 989 3117 τοῦ
1011 3065 1316 3136 τέμνεσθαι’
1339 3067 1372 3136 ἡ
1406 3063 1540 3134 σὰρξ
1567 3063 1623 3116 δὲ
1653 3080 1688 3115 τ

1909 3057 2049 3113 ﬁeri.
2083 3056 2230 3111 Nihil
2261 3063 2346 3112 est
2391 3073 2522 3126 ergo
2583 3058 2668 3112 sui
2732 3059 2906 3128 ipsius
2957 3074 3145 3114 causa.
3200 3059 3394 3114 Causa

181 3152 387 3223 μαχαίρᾳ
423 3153 520 3207 τοῦ
571 3154 794 3224 τέμνειν
838 3153 898 3208 τὸ
934 3154 1208 3226 ὀφθαλμὸν
1233 3154 1346 3228 (98)
1378 3155 1498 3209 ἀντὶ¹
1525 3153 1697 3224 όφθαλ

1875 3164 1934 3202 an
1966 3155 2094 3203 sunt
2123 3149 2292 3203 altera
2333 3149 2560 3203 alterius
2591 3149 2844 3214 invicem,
2887 3150 2983 3205 sed
3011 3149 3181 3203 altera
3215 3149 3391 3204 alteri.

177 3206 269 3307 gas:
299 3206 385 3298 ,ἐαὶ
415 3244 598 3316 ψυχὴν
641 3206 782 3300 ι...
801 3206 1197 3318 nmiae.
1217 3206 1693 3319 regem“...

1881 3241 2112 3312 pleniaca
2141 3242 2285 3296 enim
2321 3258 2442 3312 quae
2480 3241 2632 3312 prius
2657 3241 2872 3296 exsistit
2900 3241 3136 3306 aﬂectio,
3168 3255 3278 3296 non
3313 3251 3397 3296 est

177 3329 455 3406 θανασίμως
471 3337 650 3400 αἴτιός
675 3338 820 3390 ἐστιν
843 3337 990 3408 αὐτῷ
1020 3337 1112 3390 τοῦ
1135 3337 1386 3402 θανάτου,
1411 3337 1442 3409 ἢ
1471 3336 1563 3391 τοῦ
1588 3337 1693 3406 γίνε

1881 3351 1990 3390 lusa
2032 3333 2222 3398 febris,
2258 3333 2372 3389 .sed
2413 3343 2471 3388 ut
2500 3333 2592 3386 liat
2639 3332 2843 3398 febris;
2886 3340 2940 3387 et
2985 3347 3104 3402 quae
3139 3333 3397 3402 precedit

129 3455 143 3478 ο
177 3421 279 3476 σθαι
306 3427 390 3478 τὸν
414 3427 674 3481 θάνατον·
713 3428 1062 3500 ἀντιπληγεὶς
1086 3429 1140 3482 δὲ
1181 3431 1271 3481 ὑπ’
1306 3429 1469 3483 αὑτοῦ
1505 3429 1639 3482 θανα

1882 3426 2018 3490 bris,
2049 3441 2159 3480 non
2188 3425 2393 3495 splenis
2425 3439 2592 3479 causa
2613 3432 2719 3490 cst,
2748 3423 2842 3478 sed
2872 3432 2932 3478 ut
2973 3431 3235 3494 augeatur
3268 3423 3398 3478 alie-

180 3529 292 3580 μως,
325 3516 473 3588 ἔσχεν
494 3517 663 3572 αὐτὸν
687 3520 976 3582 ἀνταίτιον,
993 3520 1052 3572 οὐ
1078 3520 1211 3573 καθὸ
1232 3520 1445 3590 ἐγένετο
1464 3519 1612 3592 αὐτῷ
1639 3522 1696 3574 αῖ

1886 3524 1958 3578 io.
1992 3522 2084 3578 Sic
2116 3523 2282 3578 etiam
2310 3522 2544 3578 virtutes
2569 3527 2696 3576 sunt
2725 3520 2831 3575 sibi
2858 3520 3088 3575 invicem
3119 3533 3301 3574 causa
3331 3534 3400 3571 ne

177 3619 290 3669 τιος,
319 3609 431 3661 καθ’
470 3611 662 3681 ἕτερον
697 3610 786 3663 δέ·
832 3610 1004 3675 αἴτιος
1049 3611 1147 3682 μὲν
1178 3612 1287 3684 γὰρ
1315 3611 1462 3683 αὑτῷ
1499 3612 1693 3666 θανάτο

1891 3623 2177 3684 parentur,
2226 3623 2450 3685 propter
2495 3622 2740 3668 mutuam
2799 3610 3292 3681 consequentiam:
3346 3618 3401 3663 et

180 3695 376 3761 γίνεται,
397 3701 493 3771 οὐχ
513 3705 544 3755 6
575 3700 805 3766 θάνατος
836 3702 892 3757 δὲ
921 3703 1096 3774 τούτῳ
1123 3703 1282 3758 πάλιν
1307 3703 1416 3776 (99)
1439 3703 1537 3776 τὴν
1569 3703 1696 3757 θανα

1887 3707 1924 3760 ii
1972 3714 2098 3762 sunt
2137 3707 2192 3760 in
2227 3704 2435 3762 fornice
2462 3705 2671 3775 lapides
2701 3712 2833 3760 sunt
2861 3703 2967 3760 sibi
2996 3702 3228 3756 invicem
3272 3715 3403 3755 cau-

184 3784 323 3857 σξμην
348 3790 690 3862 ἀντεπέθηκε
747 3793 994 3864 πληγὴν,
1033 3793 1148 3847 ἀλλ’
1190 3794 1350 3858 αὐτὸς
1404 3795 1432 3847 6
1475 3793 1700 3866 τρωθείς

1885 3815 1908 3852 ε
1961 3797 2139 3870 quoad
2190 3797 2548 3868 praedicatum
2574 3795 2850 3860 manendi,
2884 3811 2993 3850 non
3047 3801 3175 3850 sunt
3220 3802 3401 3848 autem

184 3876 312 3930 ἀπ’
337 3879 487 3935 ἄλλου
517 3884 618 3952 μὲν
641 3884 800 3947 αὐτὸς
823 3885 1043 3954 γέγονεν
1074 3886 1271 3948 αἴτιος,
1303 3884 1460 3939 ἀλλον
1487 3883 1541 3937 δὲ
1573 3883 1696 3956 ἔσχε

1886 3889 2068 3943 ιινὶεειιι
2133 3904 2332 3944 causae.
2384 3887 2646 3958 Magister
2696 3903 2916 3958 quoque
2973 3895 3027 3941 et
3097 3885 3402 3954 discipulus

187 3963 354 4022 αἴτιον.
377 3972 482 4026 Καὶ
514 3976 543 4027 6
577 3974 844 4046 ἀδικήσας
877 3975 1037 4030 ἄλλου
1067 3976 1166 4048 μὲν
1185 3977 1356 4040 αίτιος
1387 3976 1703 4032 καθίσταται

1886 3988 1961 4034 ιιιι
2001 3979 2108 4034 sibi
2151 3979 2386 4033 invicem
2430 3994 2612 4034 causa:
2659 3979 2837 4049 quoad
2890 3979 3241 4048 praadicatum
3275 3991 3402 4045 pro-

185 4059 268 4112 τοῦ
289 4061 618 4133 ἀδικηθέντος
638 4083 654 4097 ·
681 4069 710 4120 6
740 4066 796 4119 δὲ
820 4067 1286 4140 ἀντιτιμωρεῖσθαι
1310 4069 1545 4122 κελεύων
1571 4070 1701 4140 νόμο

1885 4072 2072 4126 :iendi.
2091 4071 2356 4126 Dicuntur
2377 4078 2557 4126 autem
2581 4071 2735 4125 alteri
2759 4070 2984 4124 alterius
3007 4070 3150 4123 inter
3184 4082 3242 4121 se
3271 4081 3401 4120 cau—

187 4151 276 4205 οὒκ
287 4155 428 4226 ἀδική
438 4175 628 4228 ματος,
653 4157 786 4210 ἀλλά
803 4158 878 4228 τῷ
902 4161 998 4229 μὲν
1015 4159 1274 4224 ἐκδικίας,
1296 4159 1372 4231 τῷ
1385 4161 1441 4214 δὲ
1465 4160 1703 4224 παιδείας

1887 4177 1938 4225 e,
1993 4161 2284 4232 aliquando
2327 4163 2544 4231 quidem
2585 4159 2936 4222 eorumdem,
3007 4166 3067 4213 ut
3131 4164 3403 4210 mercator

191 4244 332 4300 Ὥστε
351 4250 444 4303 οὐκ
464 4251 712 4322 ἀλλήλων
738 4250 807 4303 τὰ
837 4252 984 4306 αίτια
1009 4252 1084 4314 ὡς
1107 4254 1284 4318 αἴτια,
1319 4253 1354 4307 ἃ
1378 4255 1439 4325 δή
1465 4256 1612 4309 ἐστιν
1648 4256 1707 4308 ατ

1869 4259 2092 4320 tcaupo
2137 4259 2266 4307 sunt
2313 4251 2417 4306 sibi
2468 4250 2702 4304 invicem
2743 4262 2924 4303 causa:
2955 4253 3015 4300 ut
3063 4243 3383 4315 proﬁciant;

189 4352 288 4389 τια.
339 4341 450 4395 Ἔτι
510 4341 803 4414 ζητεῖται,
849 4343 897 4396 εί
947 4342 1117 4396 πολλά
1170 4343 1311 4398 κατά
1358 4344 1574 4398 σύνοδον
1619 4345 1704 4398 ὲνὸ

1893 4343 2129 4414 iquando
2191 4349 2370 4395 autem
2434 4339 2660 4394 alterius
2709 4345 2764 4392 ει
2819 4337 3084 4399 alterius,
3142 4333 3405 4404 qucmad~

191 4429 318 4482 αιτια
361 4433 564 4501 γίνεται
614 4433 818 4487 πολλά·
866 4435 916 4486 οἱ
959 4433 1068 4504 γὰρ
1122 4435 1432 4506 ἄνθρωποι,
1492 4435 1706 4489 συνελόν

1891 4436 2056 4490 odum
2103 4435 2252 4490 ensis
2277 4441 2332 4489 et
2369 4447 2528 4499 caro;
2567 4433 2656 4486 ille
2695 4430 2916 4501 quidem
2947 4428 3120 4495 carni,
3162 4435 3221 4480 ut
3258 4426 3407 4480 scin~

193 4535 275 4583 τίς
318 4524 416 4594 (I),
458 4526 621 4580 αἴτιοί
692 4525 799 4577 εἰσι
851 4523 946 4578 τοῦ
1002 4525 1362 4580 καθέλκεσθαι
1411 4527 1524 4598 ὶτὴν
1562 4527 1691 4580 ναῦν

1892 4536 2032 4594 ιιιιι·;
2079 4542 2207 4581 caro
2260 4533 2440 4579 autem
2485 4522 2686 4594 gladio,
2719 4530 2778 4576 ut
2807 4521 3021 4578 scindat
3058 4519 3276 4574 oculum
3309 4533 3408 4586 pro

192 4609 312 4668 ἀλλὰ
359 4621 446 4673 σὺν
500 4623 614 4684 τοῖς
669 4619 867 4683 ἄλλοις,
901 4622 948 4673 εί
991 4621 1066 4692 μή
1107 4635 1158 4672 τι
1205 4620 1298 4673 καὶ
1354 4620 1415 4673 τὸ
1465 4620 1708 4674 συναίτια

1893 4621 2018 4684 :ulo,
2071 4629 2125 4674 et
2176 4619 2412 4672 animam
2476 4633 2574 4686 pro
2626 4615 2838 4676 anima.
2885 4613 2987 4686 Qui
3037 4612 3185 4675 enim
3245 4609 3409 4669 alicui

265 4804 313 4863 Et
348 4798 401 4855 P.
438 4801 543 4858 929.
581 4799 690 4854 ΕΙ).
733 4798 1029 4866 POTTER,
1072 4800 1310 4856 786—787
1347 4799 1454 4854 ΕΙ).
1495 4797 1731 4863 PARlS.

264 4971 358 5050 (96)
397 4978 606 5041 Αἷτιαι,
640 4975 723 5040 τῷ
750 4977 837 5046 μὴ
891 4977 1254 5045 χωρίζεσθαι.
1293 4975 1518 5032 Rectius
1567 4975 1737 5030 αἴτιαι

264 5059 285 5091 υ
322 5045 383 5092 ui!
409 5047 761 5092 νιιιοίζεσθαι-
795 5056 852 5092 ιιι
885 5048 1154 5092 internum
1183 5061 1420 5092 mmmm-
1460 5066 1478 5092 ι
1515 5047 1617 5092 sibi
1653 5046 1737 5092 in-

1913 4973 2024 5056 (97)
2069 4973 2180 5028 Τοῦ
2204 4972 2410 5042 μένειν
2440 4968 2940 5092 κατηῖρρήματος.
2963 4989 2980 5023 ι
3017 4967 3192 5040 Hujus
3216 4967 3412 5039 pradi-

1896 5055 1951 5092 ιιι
1985 5059 2221 5092 manere.
2259 5062 2278 5092 ι
2311 5042 2390 5092 lla
2423 5057 2569 5092 mox.
2643 5055 2824 5092 OWTH.

201 5042 285 5118 τῷ
321 5042 386 5116 μὴ
409 5042 765 5120 χωρίζεσθαι,
795 5042 852 5100 ιιί
884 5042 1154 5116 interpres
1183 5061 1421 5120 quoque,
1460 5066 1478 5098 ι
1515 5047 1633 5120 sibi
1653 5046 1717 5099 in

1307 5061 1421 5116 que,
1460 5066 1478 5098 ι
1515 5046 1737 5120 sibiin-
1844 5042 2221 5120 catirnanere.
2259 5062 2278 5120 ξ
2311 5042 2390 5120 Ita
2423 5057 2583 5120 mox;
2598 5042 2823 5120 bowru.

205 5106 353 5166 vicem
375 5106 572 5171 causa!
588 5125 721 5172 sunt
749 5106 825 5172 ne
851 5106 1233 5187 separentur...
1255 5106 1721 5187 Sintiam—(jam

1914 5113 2026 5183 (98)
2071 5115 2143 5168 Τὸ
2169 5112 2493 5187 ὀφθαλμόν.
2541 5111 2644 5187 Τόν
2675 5110 2879 5164 mavult
2905 5111 2968 5162 Α.
3017 5107 3125 5164 Sed
3159 5106 3219 5160 τό
3265 5113 3415 5187 recte

206 5189 467 5246 autem,ne
487 5188 653 5256 vulgo
678 5182 952 5256 receptam
983 5187 1264 5241 lectionem
1291 5187 1568 5242 sollicites.
1603 5185 1740 5240 Sen-
1845 5182 2148 5254 scriptum;
2192 5184 2391 5256 quippe
2425 5182 2593 5256 quod
2616 5189 2782 5256 totam
2833 5188 3153 5256 sequentem
3193 5184 3412 5256 senten-

208 5263 293 5304 ιω
327 5256 457 5308 enim
505 5246 656 5313 εεινει
675 5246 919 5313 Virtutes
961 5257 1066 5312 sibi
1090 5257 1322 5311 invicem
1363 5272 1544 5312 causa:
1588 5263 1737 5316 sunt,
1846 5246 1975 5308 tiam
2003 5246 2228 5324 respicit
2260 5246 2355 5307 :in
2381 5246 2670 5324 cui]lls_ﬁne
2697 5246 3133 5305 subaudiendum
3178 5246 3415 5315 εὐλόγως

209 5331 272 5370 eo
293 5328 419 5389 quod
442 5339 664 5396 propter
684 5333 930 5397 mutuam
959 5327 1401 5396 consequentiam
1445 5343 1553 5381 non
1583 5341 1741 5394 sepa-
1845 5321 2194 5397 εἴρηται,’νε1
2227 5324 2406 5397 simile
2434 5321 2592 5397 quid1
2613 5322 2884 5397 Δδιῖιλιιιιιίξ.

213 5341 272 5370 cu
293 5341 419 5389 quou
442 5341 664 5396 propter
684 5341 930 5379 mutuam
959 5341 1401 5396 consequentiam
1445 5343 1553 5381 non
1583 5341 1729 5394 sepa-

213 5398 391 5446 rentur.
429 5413 446 5446 ι
479 5397 691 5466 Quippe
719 5396 970 5457 virtutes.
1010 5412 1133 5450 cum
1164 5397 1303 5451 inter
1338 5412 1398 5450 se
1441 5397 1550 5451 sint
1607 5411 1729 5466 con-

1900 5341 2080 5447 931m,
2111 5341 2194 5378 vel
2227 5341 2406 5378 srmue
2434 5341 2587 5393 quia.
2619 5341 2884 5376 ornamus.

1919 5396 1935 5463 (
1979 5398 2031 5462 9)
2064 5397 2187 5463 Οὐχ
2212 5398 2244 5448 ό
2281 5393 2534 5459 θάνατος
2563 5391 2631 5445 δὲ
2657 5393 2846 5457 τούτῳ
2877 5387 3082 5446 πάλιν.
3117 5387 3413 5458 Corrupta.

212 5469 362 5523 nexa,
389 5473 441 5517 ιιι
470 5465 1037 5537 loquunturmorales
1067 5466 1394 5537 philosOpbi,
1426 5465 1742 5537 necessario
1846 5465 2072 5537 Lovv‘rn.

215 5539 481 5607 senmutuo
529 5526 744 5607 ponunt
781 5535 835 5607 in
862 5526 1083 5607 eodem'
1105 5526 1390 5607 subjecto,
1417 5545 1472 5590 ει
1502 5534 1731 5590 vicissim

1919 5534 1994 5605 (ι)
2042 5534 2429 5607 Συνελόντες.
2481 5531 2642 5592 Malet
2691 5529 2833 5607 [orte
2871 5529 3070 5600 aliquis
3129 5526 3414 5583 συνέλκον-

216 5597 424 5679 tollunt;
448 5597 593 5679 licet
617 5605 827 5674 alioqui
854 5606 1103 5679 nonhsint
1135 5597 1223 5661 sui
1254 5606 1484 5679 invicem
1518 5620 1697 5679 causa:
1727 5619 1738 5653 ε
1847 5597 1987 5679 τες(
2013 5623 2032 5656 ι
2081 5619 2188 5658 una
2230 5597 2512 5679 trabentes
2533 5622 2581 5679 _:_
2620 5621 2637 5651 ι
2693 5601 2856 5679 ferri.
2888 5597 3073 5679 tamen
3153 5608 3208 5654 et
3261 5613 3420 5679 συνε-

219 5665 267 5716 ίά
290 5665 420 5737 Quod
440 5674 692 5748 Clemens
733 5665 902 5748 supra
947 5675 1244 5748 dicitesse
1288 5675 1535 5748 ἀλλήλοις
1574 5676 1735 5748 αῖῖιῇ

1914 5665 2028 5748 ντες
2044 5681 2250 5748 potest.
2275 5675 2411 5728 Aliis
2438 5673 2616 5729 verbis
2655 5687 2821 5742 supra
2844 5672 2898 5726 in
2921 5671 3108 5727 eadem
3139 5686 3196 5724 re
3223 5669 3430 5731 utitur”

344 5746 727 5869 ιξέἓςάλλήὶων
762 5742 928 5801 αἴτια.
971 5744 1127 5803 Conl.
1164 5747 1360 5803 Slrom.
1395 5742 1455 5816 1⁷1,
1492 5762 1610 5818 pag.
1643 5744 1743 5800 ’.579

918 5787 928 5798 .
971 5744 1127 5803 Conl.
1164 5747 1360 5803 Slrom.
1395 5742 1455 5816 1⁷1,
1492 5762 1610 5818 pag.
1643 5744 1745 5800 ’.579
1852 5761 1976 5820 pag.
2013 5744 2133 5801 I37.
2165 5742 2428 5802 Susum.
