3840 6570
418 345 520 402 599

418 561 478 607 ut
509 555 561 610 ei
587 570 736 610 mors
764 555 977 611 accidat
1002 574 1018 624 ;
1052 557 1145 628 qui
1177 564 1357 614 autem
1388 559 1456 614 ab
1489 559 1609 631 ipso
1635 567 1719 615 est
1747 559 1987 615 vicissim

418 642 691 700 lethaliler
716 646 1020 711 sauciatus,
1074 664 1199 704 eum
1247 647 1491 706 vicissim
1535 665 1756 705 causam
1797 649 1988 704 habuit

418 751 530 792 non
564 752 662 808 per
709 736 764 791 id
815 754 927 809 quo
976 740 1026 795 ei
1058 740 1161 795 fuit
1182 755 1372 807 causa,
1403 741 1497 797 sed
1529 757 1626 813 per
1656 741 1802 797 aliud
1832 758 1845 793 :
1882 742 1986 811 ipsi

419 828 563 882 enim
614 826 673 882 ﬁt
720 843 890 885 causa
938 832 1165 899 mortis;
1218 849 1329 889 non
1356 841 1537 889 autem
1570 849 1719 890 mors
1758 836 1987 890 mortale

420 919 526 990 ipsi
574 921 777 979 vulnus
837 924 1081 980 vicissim
1137 927 1340 991 intulit,
1389 927 1483 983 sed
1530 927 1646 998 ipse
1687 928 1984 985 sauciatus.

420 1011 603 1079 Quare
635 1013 755 1084 ipse
781 1013 1000 1084 quidem
1027 1014 1130 1070 fuit
1158 1017 1382 1073 alterius
1405 1012 1593 1083 causa,
1618 1019 1779 1074 aliam
1807 1026 1987 1075 autem

419 1119 643 1160 causam
684 1105 895 1161 habuit.
944 1106 1012 1161 Et
1059 1109 1162 1179 qui.
1197 1110 1288 1164 alii
1321 1108 1448 1166 fecit
1486 1110 1766 1180 injuriam,
1821 1126 1990 1167 causa

421 1198 642 1269 quidem
670 1209 755 1256 est
780 1201 1025 1266 alterius,
1052 1201 1215 1277 335
1243 1220 1435 1274 nempe
1464 1205 1583 1275 ejus
1621 1206 1709 1261 cui
1746 1205 1887 1262 facta
1909 1214 1991 1263 est

424 1291 647 1363 injuria.
681 1293 791 1349 Lex
824 1301 1009 1349 autem
1037 1310 1157 1366 qua:
1191 1305 1381 1351 contra
1426 1296 1580 1367 jubet
1621 1313 1746 1354 eum
1776 1299 1989 1369 suppli-

425 1386 516 1441 cio
565 1384 727 1450 allici,
761 1402 873 1442 non
903 1385 1117 1456 injuria:
1150 1402 1214 1443 ac
1252 1387 1531 1454 maleficii,
1564 1389 1660 1444 sed
1690 1390 1843 1446 alteri
1871 1391 1993 1461 qui-

423 1478 547 1533 dem
596 1478 868 1542 vindictae,
929 1480 1084 1535 alteri
1139 1493 1271 1534 vero
1316 1478 1621 1549 disciplina:
1677 1496 1845 1538 causa
1886 1491 1988 1538 est.

427 1567 790 1635 Quamobrem
823 1585 932 1625 non
968 1577 1095 1625 sunt
1120 1569 1205 1625 sui
1238 1569 1469 1625 invicem
1497 1584 1677 1628 causa:
1702 1581 1763 1628 ut
1794 1589 1991 1640 causa},

425 1660 523 1716 sed
572 1661 663 1716 illa
703 1677 824 1733 quae
873 1678 1051 1720 causa:
1099 1671 1250 1721 sunt.
1304 1663 1575 1722 Praeterea
1635 1665 1896 1736 queritur
1924 1679 1994 1719 an

427 1751 597 1806 multa
658 1768 758 1822 per
804 1768 1158 1825 congressum
1186 1756 1319 1812 ﬁant
1367 1758 1552 1813 multa:
1598 1773 1776 1813 causae
1808 1758 1990 1813 unius.

424 1841 713 1911 Conjuncti
773 1845 919 1900 enim
977 1847 1226 1904 homines
1283 1864 1465 1907 causae
1521 1860 1648 1906 sunt
1723 1859 1782 1905 ut
1840 1849 1994 1904 navis

422 1932 712 2000 trahatur;
759 1941 970 2000 {verum
1025 1952 1149 1993 cum
1206 1941 1372 2005 aliis,
1438 1942 1547 1998 nisi
1601 1957 1875 1998 concausa
1925 1942 1997 1997 sit

422 2038 610 2079 causa.
668 2025 775 2081 Alii
835 2035 1016 2084 autem
1069 2030 1294 2101 dicunt,
1353 2033 1397 2087 si
1468 2035 1653 2090 multa:
1702 2041 1761 2099 »Β
1819 2050 1999 2093 causa:

423 2115 603 2181 fiunt,
667 2133 915 2174 seorsum
978 2136 1085 2176 una
1126 2129 1210 2177 est
1252 2123 1416 2180 unius
1467 2139 1669 2189 causa,
1718 2124 1882 2180 veluti
1939 2135 1999 2181 ut

423 2208 549 2278 quis
584 2208 656 2264 sit
687 2209 903 2277 beatus,
946 2213 1092 2282 quod
1141 2229 1308 2268 unum
1357 2221 1460 2280 est,
1495 2229 1676 2271 causa
1714 2228 1841 2271 sunt
1884 2218 1993 2271 vir-

423 2307 600 2365 totes,
645 2315 766 2372 quae
797 2309 926 2359 sunt
976 2305 1192 2373 multae;
1241 2314 1297 2362 et
1344 2306 1465 2376 ejus
1501 2307 1647 2379 quod
1705 2315 1789 2363 est
1845 2308 1994 2363 cale-

425 2387 565 2457 ﬁeri,
601 2400 658 2449 et
684 2393 889 2459 dolere,
913 2397 1098 2452 multa
1128 2405 1257 2453 sunt
1313 2414 1497 2455 causa;
1539 2387 1810 2456 similiter.
1849 2398 1998 2457 Nun-

423 2485 552 2554 quid
576 2500 708 2556 ergo
728 2487 912 2542 multa;
936 2489 1167 2546 virtutes
1194 2499 1324 2546 sunt
1356 2508 1462 2547 una
1496 2500 1784 2565 potestate,
1805 2503 1858 2549 et
1878 2509 2000 2564 qua:

423 2574 773 2643 calefaciunt,
808 2588 863 2635 et
891 2579 1077 2636 dolore
1105 2580 1382 2639 alliciunt:
1411 2592 1464 2639 et
1501 2585 1791 2642 multitudo
1829 2585 2001 2641 virtu-

422 2676 541 2722 tum
569 2684 691 2738 qua:
716 2678 801 2726 est
829 2687 997 2726 unum
1027 2688 1245 2743 genere,
1300 2674 1357 2730 lit
1388 2690 1553 2732 causa
1588 2678 1771 2741 unius,
1806 2692 2000 2749 nempe

425 2768 486 2813 ut
535 2761 661 2830 quis
689 2761 764 2818 sit
792 2762 1025 2819 beatus?
1084 2762 1291 2821 Revera
1346 2775 1527 2823 autem
1592 2768 2001 2839 procatarctica:

425 2850 645 2921 quidem
675 2868 853 2910 causa:
879 2862 1009 2910 sunt
1037 2857 1200 2914 unius
1228 2858 1411 2929 plures
1467 2867 1522 2915 et
1564 2874 1762 2931 genere
1785 2868 1837 2916 et
1878 2875 2001 2931 spe-

426 2944 544 3000 cie:
574 2952 630 3000 et
652 2962 847 3017 genere
876 2949 1118 3021 quidem,
1157 2958 1214 3004 ut
1244 2951 1539 3021 cujuslibet
1563 2953 1759 3017 morbi,
1812 2968 1998 3008 exem-

425 3035 501 3104 pli
539 3040 738 3106 gratia,
762 3040 936 3111 algor,
970 3041 1257 3106 resolutio,
1288 3044 1463 3104 labor.
1490 3043 1632 3098 mala
1695 3044 1997 3111 concoctio,

424 3125 663 3185 ebrietas
693 3149 706 3184 :
740 3131 924 3201 specie
954 3140 1135 3188 autem
1170 3133 1359 3190 febris.
1415 3135 1769 3192 Cnntinentes
1817 3143 1999 3191 autem

425 3233 627 3284 causae,
659 3237 857 3293 genere
921 3225 1120 3293 solum,
1182 3241 1293 3281 non
1346 3225 1529 3282 itidem
1580 3228 1744 3283 etiam
1792 3228 1992 3298 specie.
2022 3244 2065 3303 (ς

424 3306 563 3365 Nam
601 3319 663 3367 ut
691 3312 815 3383 quis
838 3313 966 3369 boni
1000 3315 1071 3370 sit
1122 3314 1328 3380 odoris,
1378 3315 1523 3387 quod
1566 3326 1652 3372 est
1700 3333 1868 3373 unum
1902 3334 1998 3388 ge-

426 3416 583 3468 nere,
615 3403 799 3459 multae
820 3413 948 3460 sunt
976 3420 1156 3461 causze
1214 3407 1417 3476 specie,
1447 3417 1634 3479 utpote
1670 3409 1819 3469 thus,
1848 3425 1996 3474 rosa,

428 3506 646 3555 crocus.
679 3502 887 3567 styrax,
911 3497 1153 3566 myrrha,
1178 3506 1529 3568 unguentum.
1552 3497 1693 3555 Rosa
1722 3500 1865 3556 enim
1892 3517 2002 3555 non

429 3586 535 3639 erit
568 3585 704 3641 adeo
755 3586 1051 3651 odorifera,
1111 3596 1171 3641 ut
1218 3590 1460 3660 myrrha.
1513 3590 1660 3647 Idem
1715 3602 1894 3649 autem
1943 3595 2003 3651 ﬁt

430 3690 598 3732 causa
631 3677 1055 3744 contrariorum,
1085 3680 1230 3749 quod
1284 3680 1582 3750 aliquando
1629 3681 1830 3736 accidit
1875 3700 2004 3754 pro-

431 3775 558 3837 pter
585 3768 764 3837 ipsius
783 3783 964 3823 causa
993 3769 1442 3839 magnitudinem,
1462 3784 1526 3825 ac
1555 3771 1689 3835 vim,
1709 3772 2003 3843 aliquando

431 3865 612 3912 autem
645 3857 717 3912 ob
746 3858 888 3927 ejus,
914 3858 1060 3929 quod
1089 3859 1315 3929 patitur,
1353 3860 1737 3931 aptitudinem.
1768 3862 1850 3919 Ob
1882 3880 2005 3921 cer-

431 3956 545 4003 tam
570 3946 789 4020 quidem
813 3951 944 4015 vim,
974 3951 1162 4007 eadem
1186 3952 1391 4008 chorda
1413 3962 1684 4017 quatenus
1709 3955 2005 4015 intenditur

433 4047 528 4094 aut
549 4042 863 4104 remittitur,
900 4051 1119 4098 acutum
1161 4053 1254 4100 aut
1286 4060 1504 4117 gravem
1537 4047 1650 4103 edit
1684 4050 2004 4115 sonum;ob

431 4134 792 4202 aptitudinem
819 4142 1000 4191 autem
1026 4152 1213 4191 eorum
1246 4153 1366 4207 qua:
1389 4139 1693 4209 patiuntur,
1740 4140 1845 4196 mel
1879 4141 2004 4213 qui-

431 4223 554 4277 dem
594 4236 760 4279 sanos
787 4222 1077 4279 dulcedine
1132 4226 1315 4294 allicit,
1378 4242 1628 4284 amarnre
1688 4238 1870 4284 autem
1907 4246 2003 4286 eos

431 4312 528 4382 qui
554 4311 709 4369 febre
736 4314 1018 4382 laborant;
1049 4324 1102 4371 et
1125 4332 1294 4371 unum
1354 4325 1410 4373 et
1457 4318 1599 4373 idem
1630 4319 1836 4383 vinum,
1865 4321 2003 4376 alios

431 4404 656 4476 quidem
686 4408 793 4463 ciet
821 4408 888 4464 ad
919 4408 1080 4472 iram,
1119 4411 1255 4467 alios
1290 4427 1419 4466 vero
1443 4412 1744 4480 exhilarat;
1779 4422 1834 4468 et
1863 4412 2005 4468 idem

434 4499 517 4553 sol
553 4513 736 4554 ceram
784 4500 1004 4570 quidem
1053 4503 1358 4572 liquefacit,
1394 4503 1570 4558 lutum
1621 4512 1801 4559 autem
1829 4504 2005 4561 exsic-

1526 341 1919 401 CLEMENTIS
1956 341 2426 399 ALEXANDRINI

414 462 617 517 vulnus
641 459 838 518 inﬂixit
886 461 1068 527 letale,
1113 462 1161 519 is
1189 463 1239 519 ei
1289 477 1455 521 causa
1500 475 1583 523 est
1622 465 1834 529 mortis,
1892 472 1985 519 aut

2100 464 2280 519 ιῖτιον.
2349 464 2532 518 ’Δλλοι
2588 463 2646 519 δέ
2703 479 2865 535 φασιν
2907 501 2924 528 ,

3548 343 3647 401 σοι)

2985 464 3035 517 εἰ
3089 462 3260 518 πολλὰ
3325 463 3478 520 αἴτια
3534 476 3648 525 κατ’

2100 556 2253 622 ἰδίαν,
2275 554 2502 612 ἕκαστον
2550 556 2667 622 ἑνὸς
2718 555 2890 610 αἴτιον
2930 554 3159 626 γίνεται.
3221 556 3331 611 Τοῦ
3381 558 3513 627 γοῦν
3563 560 3647 613 εὐι

2086 648 2356 721 δαιμονεῖν
2407 647 2525 712 ἑνὸς
2580 648 2734 713 ὄντος
2780 648 2951 722 αἴτιαι
3015 649 3374 720 τυγχάνουσιν
3422 650 3481 705 αἰ
3532 652 3653 724 ἀρε-

2084 737 2209 802 ταὶ,
2259 738 2451 792 πολλαὶ
2496 734 2671 793 οὖσαι·
2721 737 2817 792 καὶ
2864 736 2958 792 τοῦ
2997 737 3385 811 θερμαίνεσθαι
3426 741 3521 794 καὶ
3565 740 3650 796 τοῦ

2086 830 2271 898 ἀλγεῖν
2306 830 2505 901 ὁμοίως
2535 828 2707 883 πολλὰ
2741 828 2810 884 τὰ
2852 830 3020 887 αίτια.
3073 833 3221 904 Μήτι
3296 828 3395 888 οῦν
3434 835 3492 887 αἰ
3530 834 3652 886 πολ-

2087 920 2176 974 λαὶ
2213 921 2401 992 ἀρεταὶ
2453 920 2551 992 μία
2591 921 2708 976 ἐστὶ
2744 922 2885 977 κατὰ
2914 922 3164 995 δύναμιν,
3201 925 3392 979 καὶτὰ
3437 924 3654 999 θερμαί-

2089 1028 2246 1066 νοντα
2272 1013 2367 1066 καὶ
2402 1011 2472 1067 τὰ
2491 1012 2776 1081 ἀλγοῦντα·
2829 1014 2923 1068 καῖ⁵
2968 1014 3031 1068 τὸ
3065 1014 3270 1086 πλῆθος
3298 1014 3356 1069 δὲ
3407 1015 3516 1068 τῶν
3541 1016 3652 1087 ἀρε-

2089 1103 2216 1167 τῶν,
2245 1103 2386 1159 κατὰ
2414 1103 2566 1173 γένος
2590 1104 2648 1159 ἓν
2681 1105 2963 1176 τυγχάνον,
2989 1105 3109 1171 ἑνὸς
3141 1106 3313 1162 αἴτιον
3334 1107 3545 1176 γίνεται
3568 1108 3655 1161 τοῦ

2090 1193 2458 1264 εὐδαιμονεῖνς
2488 1192 2578 1264 Τῷ
2616 1193 2731 1248 δντι
2764 1193 2821 1249 δὲ
2868 1196 3325 1271 προκαταρκτικὰ
3367 1196 3469 1268 μὲν
3514 1198 3654 1251 αἰτια

2090 1287 2209 1349 ἐνὸς
2236 1285 2444 1356 γίνεται
2464 1286 2702 1353 πλείονα,
2727 1286 2869 1342 κατὰ
2896 1287 3053 1359 γένος
3083 1289 3177 1342 καὶ
3225 1289 3348 1344 κατ’
3376 1285 3533 1352 εἶδος·
3570 1290 3654 1344 καί

2092 1377 2232 1433 κατὰ
2288 1378 2442 1447 γένος
2487 1379 2605 1450 μὲν,
2660 1379 2754 1433 τοῦ
2789 1383 2962 1435 νοσεῖν
3012 1379 3286 1445 ὁπωσοῦν,
3327 1370 3441 1437 οἷον
3484 1380 3653 1452 ψύξις,

2092 1471 2327 1535 ἔκλυσις,
2361 1471 2546 1536 κόπος,
2601 1472 2830 1542 ἀπεψία,
2884 1472 3047 1545 μέθη·
3107 1475 3229 1529 κατ’
3263 1469 3409 1539 εἶδος
3434 1474 3513 1537 δὲ,
3570 1474 3656 1528 τοῦ

2093 1562 2348 1636 πυρετοῦ.
2379 1563 2461 1618 Τὰ
2503 1563 2559 1618 δὲ
2605 1564 2898 1619 συνεκτικὰ
2940 1564 3093 1619 αἴτια
3128 1564 3269 1620 κατὰ
3291 1565 3449 1634 γένος
3486 1566 3655 1637 μόνον,

2092 1654 2192 1708 οὐκ
2217 1653 2299 1709 ἔτι
2335 1653 2391 1708 δὲ
2444 1655 2538 1709 καὶ
2569 1656 2690 1709 κατ’
2723 1651 2882 1721 εἶδος.
2948 1656 3055 1712 Τοῦ
3107 1657 3217 1729 γὰρ
3279 1656 3658 1721 εὐωδιάζεσθαι

2095 1747 2235 1802 κατὰ
2256 1747 2412 1817 γένος
2446 1748 2562 1814 ἑνὸς
2610 1749 2782 1815 ὄντος,
2814 1749 2984 1803 πολλὰ
3033 1749 3104 1804 τὰ
3160 1751 3309 1804 αττια
3360 1753 3483 1805 κατ’
3509 1747 3656 1815 εἶδος·

2095 1836 2204 1892 οἷον
2237 1838 2552 1905 λιϐανωτὸς,
2585 1840 2758 1912 ῥόδον,
2790 1841 3004 1912 κρόκος,
3041 1840 3264 1915 στύραξ,
3299 1842 3537 1915 σμύρνα,
3565 1842 3657 1914 μύ-

2101 1948 2211 2003 ρον·
2243 1930 2438 2004 τὸγὰρ
2492 1932 2643 2004 ῥόδον
2678 1932 2778 1987 οὐκ
2828 1932 2894 1987 ἂν
2938 1932 3111 1998 οὕτως
3159 1934 3360 1999 εὐῶδες
3410 1934 3497 2007 εἴη
3522 1934 3595 2000 ὠς
3629 1937 3658 2005 ἡ

2100 2024 2331 2096 σμύρνα.
2360 2024 2433 2079 Τὸ
2469 2025 2527 2080 δὲ
2561 2025 2692 2080 αὐτὸ
2736 2017 2855 2078 ’τῶν
2911 2026 3165 2081 ἐναντίων
3211 2028 3386 2082 αῐτιον
3438 2026 3656 2096 γίνεται·

2099 2116 2228 2170 ποτὲ
2259 2116 2355 2188 μὲν
2384 2116 2538 2188 παρὰ
2578 2118 2639 2171 τὸ
2674 2117 2901 2190 μέγεθος
2926 2118 3019 2173 τοῦ
3044 2118 3217 2172 αἰτίου
3249 2119 3345 2173 καὶ
3389 2118 3489 2191 τὴν
3515 2118 3661 2173 δύνα-

2101 2224 2213 2278 μιν,
2248 2208 2378 2261 ποτὲ
2408 2207 2468 2262 δὲ
2497 2209 2647 2280 παρὰ
2677 2207 2775 2280 τὴν
2824 2206 3233 2279 ἐπιτηδειότητα
3281 2208 3379 2263 τοῦ
3431 2209 3659 2280 πάσχον-

2097 2317 2206 2365 τος.
2242 2301 2400 2375 Παρὰ
2454 2302 2551 2373 μὲν
2599 2301 2697 2373 τὴν
2749 2301 2907 2357 ποιὰν
2942 2301 3191 2374 δύναμιν,
3234 2303 3269 2373 ἡ
3311 2302 3454 2373 αὑτὴ
3510 2300 3663 2374 χορδὴ

2099 2393 2248 2466 παρὰ
2277 2393 2375 2466 τὴν
2406 2395 2655 2449 ἐπίτασιν
2686 2393 2720 2467 ἢ
2748 2393 2845 2467 τὴν
2872 2394 3052 2450 ἄνεσιν
3077 2393 3203 2460 ὀξὺν
3227 2395 3261 2465 ἢ
3300 2393 3476 2466 βαρὺν
3499 2393 3664 2448 ἀποδί-

2096 2483 2228 2538 δωσι
2249 2483 2343 2538 τὸν
2375 2483 2629 2555 φθόγγον·
2681 2483 2832 2557 παρὰ
2861 2482 2918 2536 δὲ
2957 2482 3056 2555 τὴν
3113 2483 3531 2555 ἐπιτηδειότητα
3565 2482 3662 2536 τῶν

2100 2577 2415 2647 πασχόντων
2442 2576 2505 2631 τὸ
2546 2576 2668 2649 μέλι
2698 2576 2958 2645 γλυκάξει
3005 2576 3103 2645 μὲν
3146 2576 3272 2640 τοὺς
3304 2575 3662 2644 ὑγιαίνοντας,

2100 2667 2354 2741 πικράζει
2388 2667 2445 2721 δὲ
2488 2668 2616 2733 τοὺς
2665 2667 3049 2741 πυρέσσοντας·
3092 2669 3184 2723 καί
3216 2662 3298 2732 εἷς
3330 2668 3429 2721 καὶ
3455 2668 3487 2720 ό
3517 2667 3664 2730 αὐτὸς

2098 2754 2241 2825 οἶνος
2271 2760 2344 2832 (Ξ)
2369 2760 2496 2824 τοὺς
2525 2760 2623 2831 μὲν
2658 2761 2739 2823 εἰς
2786 2759 2975 2833 ὀργὴν,
3023 2759 3150 2823 τοὺς
3208 2757 3266 2810 δὲ
3300 2759 3383 2821 εἰς
3428 2757 3669 2831 διάχυσιν

2098 2854 2241 2922 ἄγει·
2281 2855 2377 2907 καὶ
2422 2854 2451 2906 ό
2483 2852 2646 2917 αὐτὸς
2676 2852 2826 2923 ἥλιος
2854 2852 3010 2924 τήκει
3060 2850 3158 2921 μὲν
3219 2850 3312 2904 τὸν
3360 2848 3553 2921 κηρὸν,
3586 2846 3664 2919 Er,-

2102 2946 2275 3017 ραίνει
2304 2945 2360 2999 δὲ
2419 2946 2510 3000 τὸν
2567 2945 2755 3017 πηλόν.
2783 2943 2901 2998 Τῶν
2928 2938 3022 2997 οὖν
3067 2943 3255 2996 αἰτίων
3312 2940 3382 2995 τὰ
3416 2940 3517 3012 μέν
3559 2943 3664 2994 ἐστι

2100 3037 2361 3109 πρόδηλα,
2409 3038 2477 3092 τὰ
2526 3038 2584 3092 δὲ
2642 3034 2980 3108 ἐπιλογισμῷ
3033 3035 3442 3106 λαμϐανόμενα·
3497 3033 3566 3086 τὰ
3614 3033 3670 3111 δὲΔ

2099 3128 2288 3201 ἄδηλα·
2325 3130 2392 3184 τὰ
2429 3130 2486 3184 δὲ
2525 3127 2892 3200 ἀναλογισμιῖκ
2928 3127 3038 3182 Καὶ
3085 3127 3191 3181 τῶν
3228 3126 3441 3197 ἀδήλων
3473 3124 3541 3179 τὰ
3571 3124 3665 3195 μὲν

2100 3223 2236 3294 πρὸς
2260 3222 2449 3294 καιρὸν
2468 3221 2660 3295 ἄδηλα,
2682 3219 2821 3276 κατὰ
2843 3219 2945 3293 μὲν
2968 3219 3085 3274 τινὰ
3108 3217 3298 3290 καιρὸν
3319 3218 3669 3293 ἁποκεκρυμτ

2105 3315 2264 3387 μένα,
2295 3313 2437 3369 κατὰ
2467 3314 2523 3369 δὲ
2576 3311 2697 3367 τινὰ
2728 3311 2891 3366 πάλιν
2920 3309 3117 3382 ἔκδηλα
3149 3308 3475 3381 βλεπόμενα·
3504 3310 3573 3361 τὰ
3612 3306 3665 3359 δὲ

2102 3407 2261 3477 φύσει
2296 3406 2488 3477 ἄδηλα,
2514 3405 2583 3459 τὰ
2622 3403 2764 3457 κατὰ
2794 3402 2996 3475 μηδένα
3028 3402 3217 3474 καιρὸν
3247 3400 3491 3473 πρόδηλα
3517 3399 3638 3469 γενέ
3650 3426 3671 3471 ο,
3697 3436 3715 3457 .

2103 3498 2226 3552 σθαι
2257 3498 2547 3568 δυνάμενα·
2584 3497 2676 3549 καὶ
2720 3493 2826 3548 τῶν
2885 3493 2984 3564 μὲν
3029 3493 3189 3563 φύσει
3244 3490 3312 3545 τὰ
3349 3491 3452 3562 μὲν
3503 3508 3665 3546 κατα-

2101 3588 2300 3658 ληπτά·
2337 3589 2479 3662 ἆπερ
2504 3589 2606 3643 οὐκ
2635 3586 2805 3657 ἄδηλά
2835 3602 2977 3650 τινες
3010 3585 3257 3650 ἐκάλουν,
3307 3584 3398 3640 διὰ
3431 3585 3667 3657 σημείων

2102 3679 2526 3749 ἀναλογιστικῶς
2556 3676 2959 3749 λαμϐανόμενα,
2994 3676 3244 3749 καθάπερ
3276 3679 3309 3749 η
3363 3677 3668 3749 συμμετρία

2103 3772 2210 3825 τῶν
2242 3772 2387 3843 λόγῳ
2409 3770 2699 3843 θεωρητῶν
2731 3771 2912 3841 πόρων
2944 3769 3042 3841 (5)·
3076 3768 3145 3823 τὰ
3193 3770 3254 3823 δὲ
3291 3770 3665 3840 ἀκατάληπτα,

2102 3862 2170 3917 τὰ
2191 3863 2332 3917 κατὰ
2367 3863 2569 3935 μηδένα
2597 3863 2799 3935 τρόπον
2832 3863 2935 3917 ὑπὸ
2955 3861 3261 3935 κατάληψιν
3293 3866 3485 3917 πεσεῖν
3513 3861 3667 3915 δυνά-

2107 3973 2263 4025 μενα,
2301 3953 2337 4008 ἃ
2366 3954 2431 4026 δὴ
2459 3956 2552 4009 καὶ
2582 3953 2771 4025 ἄδηλα,
2804 3955 2864 4007 ἐν
2889 3953 2966 4024 τῷ
2996 3951 3254 4019 καθάπαξ
3283 3952 3540 4022 λέγεσθαι
3571 3952 3665 4024 (4).

2103 4048 2215 4101 Καὶ
2245 4045 2316 4100 τὰ
2347 4046 2446 4118 μὲν
2475 4044 2945 4118 προκαταρκτικὰ,
2978 4045 3049 4099 τὰ
3074 4045 3131 4099 δὲ
3172 4044 3488 4109 συνεκτικὰ,
3518 4044 3586 4098 τὰ
3615 4043 3669 4097 δὲ

2104 4138 2372 4201 συναίτια,
2396 4138 2463 4191 τὰ
2483 4137 2537 4190 δὲ
2572 4136 2822 4209 συνεργά·
2856 4137 2951 4189 καλ⁸
2978 4134 3047 4189 τὰ
3071 4136 3168 4207 μὲν
3189 4134 3284 4190 τοῦ
3318 4135 3464 4190 κατὰ
3493 4134 3666 4203 φύσιν,

2104 4229 2173 4283 τὰ
2198 4230 2255 4283 δὲ
2302 4229 2395 4284 τοῦ
2430 4228 2581 4301 παρὰ
2613 4228 2795 4298 φύσιν,
2852 4226 2922 4281 τὰ
2950 4226 3007 4281 δὲ
3051 4226 3237 4292 νόσου,
3298 4226 3396 4280 καὶ
3445 4223 3585 4279 κατὰ
3612 4224 3668 4277 τὺ

2106 4320 2443 4393 ὑποϐεϐηκὸς
2478 4321 2576 4393 (5),
2606 4320 2672 4374 τὰ
2706 4321 2802 4392 μὲν
2842 4318 3051 4383 παθῶν,
3104 4317 3249 4371 τὰδὲ
3278 4317 3376 4371 τοῦ
3412 4317 3668 4388 μεγέθους

2105 4413 2302 4479 αὐτῶν,
2331 4413 2400 4467 τὰ
2426 4414 2484 4468 δὲ
2514 4413 2719 4485 χρόνων
2750 4413 2845 4468 καὶ
2875 4411 3100 4483 καιρῶν.
3134 4411 3255 4464 Τῶν
3290 4411 3389 4480 μὲν
3420 4406 3516 4464 οὖν
3540 4426 3670 4480 προ-

2105 4505 2486 4577 καταρκτικῶν
2518 4505 2820 4578 αἰρομένων
2855 4504 3003 4576 μένει
3063 4503 3125 4557 τὸ
3150 4502 3516 4574 ἀποτέλεσμα·
3554 4518 3671 4554 συν-

433 4598 544 4651 cat.
574 4588 746 4646 Porro
774 4602 956 4648 autem
985 4608 1052 4648 ex
1080 4594 1265 4650 causis
1294 4596 1414 4650 aliae
1436 4594 1655 4666 quidem
1699 4603 1829 4652 sunt
1853 4611 1997 4666 aper-

2106 4601 2320 4655 εκτικὺν
2349 4599 2406 4654 δέ
2439 4601 2584 4653 ἐστιν
2616 4598 2808 4664 αἴτιον,
2856 4590 2917 4652 οὗ
2949 4595 3234 4669 παρόντος,
3276 4596 3430 4667 μένει
3462 4595 3522 4648 τὸ
3549 4595 3672 4647 ἀπο-

433 4682 661 4749 tai,aliae
692 4698 829 4753 quas
855 4685 1141 4755 cogitando
1171 4688 1532 4758 assequimur,
1551 4688 1671 4743 aliae
1699 4688 1947 4743 obscurae
1982 4707 1995 4742 :

433 4775 555 4829 alia
606 4790 745 4845 quas
796 4776 1122 4847 colligimus.
1186 4778 1264 4833 Ex
1323 4778 1576 4835 obscuris
1634 4786 1837 4847 autem,
1882 4781 2002 4836 alia:

432 4867 654 4937 quidem
684 4876 812 4925 sunt
842 4869 1088 4925 obscurae
1142 4871 1207 4925 ad
1253 4880 1487 4942 tempus.
1531 4879 1591 4925 ut
1644 4887 1765 4942 qua:
1820 4873 2006 4943 aliquo

433 4962 649 5031 quidem
679 4954 922 5032 tempore
957 4964 1151 5018 abdita:
1201 4963 1443 5032 fuerint,.
1480 4964 1775 5039 aliquando
1822 4974 2002 5021 autem

580 5145 640 5203 »14
673 5137 738 5194 Ρ.
773 5137 880 5194 925
906 5138 1013 5194 El).
1044 5137 1341 5206 POTTEB,
1373 5138 1608 5197 787-788
1630 5140 1739 5198 ΕΙ).
1771 5140 1995 5197 PARIS.

507 5298 583 5369 (2)
613 5300 807 5369 οἰνος.
843 5298 1041 5353 Vinum
1080 5299 1221 5354 idem
1257 5299 1393 5355 alios
1444 5298 1880 5369 aliteruallicere.
1915 5300 2007 5351 do-

435 5367 525 5425 cet
545 5371 708 5425 etiam
763 5368 919 5424 Philo
948 5371 1087 5437 Περὶ
1142 5370 1261 5422 τῶν
1308 5367 1652 5437 petor-opai:
1698 5383 1821 5437 pag.
1879 5370 2002 5423 17:2.

439 5439 766 5510 Plutarchus
795 5455 918 5510 pag.
949 5439 1073 5503 I99,
1107 5440 1236 5505 587,
1262 5448 1318 5494 et
1357 5438 1588 5494 Aristot.
1616 5439 1877 5508 problem.
1915 5440 2003 5502 17,

438 5518 571 5564 sect.
602 5511 656 5564 3.
687 5509 754 5564 ll.
784 5509 1047 5565 Simone.

508 5580 585 5647 (3)
616 5580 737 5634 Τῶν
766 5582 928 5648 λόγῳ
957 5582 1120 5647 θεωρ.
1156 5580 1289 5647 πόρ.
1341 5576 1399 5631 ld
1456 5586 1559 5638 est.
1621 5598 1642 5628 ι
1672 5592 1951 5646 porornm,
1983 5597 2000 5629 ι

436 5666 530 5704 seu
560 5669 578 5700 ι
606 5657 904 5711 meatuum,
929 5670 946 5700 ι
964 5650 1233 5718 corporis,
1253 5648 1370 5717 qui,
1394 5648 1519 5703 licet
1532 5648 1717 5702 sensui
1738 5648 1879 5701 haud
1896 5650 2006 5701 sint

434 5719 603 5780 obvii,
646 5737 664 5769 ι
699 5719 908 5774 ratione
952 5739 971 5770 ι
1009 5726 1192 5775 tamen
1238 5718 1721 5781 deprehenduntur
1777 5732 1841 5771 ac
1873 5736 1890 5767 ι
1925 5718 2006 5771 vi-

439 5790 690 5845 denlur.»
753 5788 871 5841 Τῶν
935 5788 1107 5858 λόγων
1169 5786 1457 5858 θεωρητῶν
1505 5804 1563 5842 π.
1623 5788 1781 5842 habet
1831 5786 2001 5851 Ποῖ..

2104 4692 2361 4764 τέλεσμα·
2397 4693 2491 4746 καὶ
2523 4692 2831 4764 αἰρομένου,
2881 4692 3111 4763 αἴρεται.
3146 4690 3219 4744 Τὸ
3271 4689 3329 4743 δὲ
3362 4684 3671 4742 συνεκτιιοδν

2113 4785 2439 4858 συνωνύμως
2468 4783 2560 4840 καὶ
2588 4783 2867 4848 αὐτοτελὲς
2922 4783 3193 4837 καλοῦσιν·
3233 4780 3424 4852 ἐπειδὴ
3474 4778 3670 4849 αὐτάρ-

2109 4857 2223 4940 κως
2252 4877 2317 4930 δι*
2337 4877 2501 4931 αύτου
2535 4874 2609 4948 (6)
2643 4875 2920 4947 ποιητικόν
2947 4876 3062 4928 ἐστι
3091 4874 3185 4928 τοῦ
3216 4872 3668 4941 ἀποτελέσματος.

2109 4970 2173 5023 Εἰ
2217 4969 2276 5024 δὲ
2323 4970 2382 5024 τὸ
2412 4971 2583 5025 αἴτιον
2623 4967 2941 5032 αὐτοτελοῦς
2966 4966 3244 5039 ἐνεργείας
3276 4966 3397 5020 ἐστὶ
3448 4964 3670 5034 δηλωτι-

2109 5295 2257 5367 quod
2282 5295 2558 5367 explicare
2595 5292 2797 5367 frustra
2817 5301 3060 5367 conatus
3089 5298 3173 5348 est
3226 5289 3521 5367 interpres.

2187 5311 2257 5352 οα
2282 5311 2347 5352 ex
2391 5311 2558 5349 ucare
2595 5311 2797 5349 ll'llSll'a
2826 5311 3060 5348 conatus
3089 5311 3173 5348 εει
3226 5311 3521 5363 Interpres.

2183 5367 2260 5434 (ό)
2290 5311 2599 5435 Λόὶγεσθαι.
2664 5362 2868 5434 Supple
2911 5361 3217 5434 δυνάμενα,
3274 5362 3362 5418 vel
3421 5364 3536 5433 lege
3589 5356 3676 5412 λέ-

2146 5454 2283 5490 εται.

2109 5455 2714 5575 Υεἷς).⁸Υιιτοεῖεόήριός.
2739 5500 3219 5575 Ποιηύπεβηκός·
3243 5499 3391 5575 quod
3421 5515 3497 5575 ne
3512 5498 3673 5575 Ionis-

2111 5568 2253 5648 mu's'
2297 5576 2516 5648 quidem
2568 5568 2728 5629 facile
2756 5644 2768 5648 _
2791 5568 3102 5648 admiserit;
3137 5568 3423 5648 Begulare
3449 5568 3672 5648 _or:o6s-

2109 5639 2466 5717 Gnttdgs'tlpra
2494 5658 2713 5714 quoque
2756 5644 2951 5714 legitur
2980 5658 3102 5715 pag.
3137 5639 3263 5705 59.5,
3292 5649 3349 5696 et
3383 5639 3525 5696 infra
3550 5654 3670 5708 pag.

2110 5715 2233 5771 336.
2264 5716 2527 5769 Svuwnc.

2179 5784 2256 5854 (li)
2288 5786 2365 5837 Δι’
2394 5783 2599 5838 αὐτοῦ.
2637 5783 2734 5840 Vel
2766 5785 2946 5857 potius
2986 5782 3052 5834 δι’
3086 5779 3270 5845 αὑτοῦ,
3312 5798 3331 5831 ι
3362 5796 3459 5852 per
3492 5795 3595 5833 se.
