3840 6542
97 380 163 436 6θί
1179 375 1610 446 ΞΤΒΟΜΑΤΠΜ
1651 380 1780 435 LIB.
1823 379 1956 434 VIII.

3186 385 3292 439 602

98 503 174 562 κὸν,
197 495 246 551 τὺ
286 496 562 569 συνεργὸν
604 498 906 571 ὑπηρεσίαν
935 496 1214 571 σημαίνει,
1252 501 1347 555 καὶ
1378 501 1475 572 τὴν
1522 502 1616 556 σὺν

1725 519 1919 559 rursus
1950 511 2152 572 apertae
2179 501 2470 570 videntur;
2503 504 2621 558 alia:
2672 511 2850 559 autem
2911 505 3159 561 obscura:
3193 521 3288 559 na-

97 593 214 664 ἑτέρῳ
250 591 620 662 λειτουργίαν.
673 593 736 646 Εἰ
796 592 894 663 μὲν
948 587 1040 646 οὖν
1077 594 1241 666 μηδὲν
1293 595 1608 667 παρέχεται,

96 686 177 739 οὖὲ
198 683 437 754 συνεργὸν
493 683 842 754 λεχθήσεταν
873 683 1010 738 εἰδὲ
1049 685 1366 758 παρέχεται,
1422 688 1610 742 τούτου

97 779 250 839 sine);
276 775 492 844 γίνεται
551 777 747 840 αἴτιον,
781 768 841 829 οὗ
875 776 968 830 καὶ
1001 777 1320 848 παρέχεται,
1366 781 1611 835 τουτέστι

98 869 159 922 τοῦ
198 868 248 920 δι’
271 865 434 920 αὐτοῦ
470 866 785 936 γινομένου.
843 868 1030 920 Ἔστιν
1080 864 1174 922 οὖν
1225 870 1502 941 συνεργὸν,
1553 867 1612 926 οὗ

102 963 289 1034 παρόντος
318 960 535 1028 ἐγίνετο
567 960 631 1014 τὸ
663 960 1028 1034 ἀποτέλεσμα·
1075 962 1354 1035 προδήλως
1407 965 1482 1034 (7)
1517 966 1613 1037 μὲν

101 1051 159 1109 οὖν
182 1052 416 1122 παρόντος
445 1053 548 1123 (8),
586 1052 798 1125 ἀδήλως
829 1053 885 1107 δὲ
918 1053 1132 1124 ἀδήλου.
1181 1056 1290 1110 Καὶ
1340 1055 1401 1108 τὸ
1433 1058 1615 1112 συναί-

103 1147 232 1200 τιονδὲ
256 1147 312 1198 ἐκ
350 1144 447 1198 τοῦ
482 1145 686 1214 γένους
727 1147 844 1199 ἐστὶ
888 1146 996 1199 τῶν
1039 1147 1248 1213 αἰτίων,
1299 1148 1552 1222 καθάπερ
1585 1153 1614 1203 ὁ

103 1237 436 1310 συστρατιώτης
471 1238 838 1311 στρατιώτης,
886 1240 978 1293 καὶ
1007 1242 1036 1294 ὁ
1061 1241 1360 1312 συνέφηϐος
1393 1241 1611 1316 ἔφηϐος.

103 1332 150 1385 Τὸ
173 1332 245 1402 μὲν
269 1324 359 1384 οὖν
388 1331 663 1403 συνεργὸν
714 1332 884 1384 αἴτιον
913 1331 990 1404 τῷ
1020 1334 1323 1405 συνεκτικῷ
1359 1337 1496 1410 πρὸς
1517 1338 1616 1408 τὴν

103 1425 278 1476 ἐπίτασιν
309 1421 501 1494 βοηθεῖ
530 1422 630 1475 τοῦ
660 1424 752 1476 ὑπ’
782 1423 944 1476 αὐτοῦ
978 1426 1285 1497 γινομένου·
1319 1427 1379 1481 τὸ
1410 1427 1466 1480 δὲ
1501 1446 1617 1482 συν-

104 1516 218 1568 αίτιον
257 1515 349 1568 οὐκ
394 1514 492 1566 ἐπὶ
535 1512 640 1584 τῆς
702 1515 872 1586 αὐτῆς
926 1517 1074 1569 ἐστιν
1128 1519 1356 1582 ἐννοίας·
1393 1519 1616 1574 δύναται

103 1608 172 1679 γὰρ
197 1607 441 1661 συναίτιον
475 1607 773 1679 ὑπάρχειν,
807 1607 909 1662 κᾶν
963 1607 1036 1680 μὴ
1083 1610 1396 1663 συνεκτικὸν
1445 1612 1616 1664 αἴτιον

101 1695 193 1770 ﬁet.
238 1699 448 1751 Νοεῖται
501 1698 617 1770 γὰρ
672 1701 769 1753 σὺν
823 1699 994 1772 ἑτέρῳ
1044 1699 1106 1752 τὸ
1156 1701 1446 1764 συναίτιον,
1506 1702 1614 1754 οὐδ’

98 1788 203 1860 αὑτῷ
224 1790 286 1860 (9)
328 1790 620 1862 δυναμένῳ
651 1793 771 1845 κατ’
797 1791 931 1845 ἰδίαν
965 1792 1188 1863 ποιῆσαι
1240 1792 1301 1846 τὸ
1355 1793 1616 1847 ἀποτέλε-

1713 603 1859 659 tura,
1895 612 2015 665 quae
2045 595 2194 649 nullo
2223 604 2469 666 tempore
2523 607 2755 664 possunt
2786 612 2910 652 esse
2955 605 3172 668 apertae.
3227 595 3290 648 Et

1712 704 1777 743 ex
1807 689 1895 743 his
1919 688 2136 758 quidem
2167 703 2287 757 qua:
2315 696 2444 742 sunt
2493 695 2710 750 natura,
2769 688 2887 742 alia:
2915 687 3138 758 quidem
3163 703 3292 758 pos-

1715 789 1841 836 sunt
1866 780 2218 850 deprehendi,
2251 795 2389 850 quas
2447 781 2666 849 quidem
2723 780 2992 834 vocabant
3039 795 3148 834 non
3180 780 3282 834 ob-

1715 886 1926 936 scuras,
1956 881 2015 927 ut
2038 888 2158 942 quae
2183 887 2279 943 per
2308 873 2462 942 signa
2490 871 2793 942 reputando
2815 887 2878 924 ac
2903 871 3283 926 ratiocinando

1715 964 2064 1034 colligantur,
2115 963 2570 1034 quemadmodum
2625 962 2940 1034 symmetria
2998 961 3288 1017 dubiarum

1718 1056 2031 1110 orationum
2058 1070 2180 1125 quae
2207 1054 2412 1109 cadunt
2461 1055 2516 1109 in
2569 1054 3123 1124 contemplationem:
3173 1054 3293 1108 aliae

1715 1143 1848 1203 vero
1869 1163 1990 1218 quae
2021 1148 2350 1219 deprehendi
2404 1156 2703 1218 nequeunt,
2742 1163 2861 1217 quae
2912 1146 3064 1201 nullo
3128 1146 3292 1200 modo

1717 1247 1945 1309 possunt
1992 1239 2187 1294 cadere
2233 1240 2336 1294 sub
2397 1238 2911 1308 deprehensionem,
2956 1252 3078 1308 quae
3129 1239 3294 1292 etiam

1717 1331 1974 1385 dicuntur
2005 1332 2224 1400 penitus
2283 1331 2550 1386 obscuras.
2603 1330 2670 1384 Et
2729 1332 2849 1385 aliae
2903 1329 3123 1399 quidem
3165 1336 3296 1384 sunt

1717 1423 2148 1493 procatarcticze,
2201 1423 2320 1478 alia:
2370 1438 2499 1478 vero
2556 1423 2866 1494 synecticae,
2935 1423 3052 1476 alia:
3109 1429 3292 1476 autem

1717 1532 2024 1581 concausa},
2059 1517 2177 1571 alia:
2202 1531 2330 1570 vero
2387 1515 2727 1586 adjuvantes.
2765 1514 2833 1569 Et
2880 1516 2998 1570 aliae
3046 1515 3290 1584 quidem,

1716 1609 1838 1677 ejus
1867 1607 2013 1677 quod
2037 1615 2124 1662 est
2151 1605 2451 1662 secundum
2474 1615 2763 1672 naturam;
2820 1606 2940 1658 aliae
2979 1619 3124 1669 vero,
3171 1604 3293 1672 ejus

1718 1698 1860 1768 quod
1896 1704 2090 1768 praeter
2115 1705 2390 1751 naturam.
2419 1696 2551 1750 Aliae
2606 1703 2784 1751 autem
2811 1696 2986 1750 morbi
3014 1703 3067 1750 et
3096 1710 3297 1750 secun-

1718 1791 1846 1844 dum
1879 1790 2171 1855 accidens;
2205 1789 2324 1844 alia:
2347 1789 2564 1860 quidem
2595 1788 2966 1851 aﬁectionum,
3018 1787 3136 1841 aliae
3165 1800 3296 1842 vero

101 1899 194 1953 αμα,
215 1885 362 1936 αίτιον
391 1882 454 1937 ὃν
488 1885 594 1938 σὺν
625 1884 802 1955 αἰτίῳ.
837 1884 1094 1955 Διαφέρει
1125 1885 1181 1938 δὲ
1213 1884 1307 1938 τοῦ
1339 1887 1613 1940 συναιτίου

1725 1896 1907 1937 earum
1936 1881 2349 1952 magnitudinis,
2403 1881 2522 1935 alia!
2557 1889 2740 1934 autem
2777 1887 3080 1948 temporum
3113 1886 3166 1932 et
3199 1893 3296 1932 oc-

100 1976 139 2026 τὸ
164 1975 384 2046 συνεργὸν
415 1977 476 2030 ὲν
501 1975 586 2047 τῷ
617 1977 680 2030 τὸ
729 1977 827 2048 μὲν
880 1975 1148 2030 συναίτιον
1202 1977 1326 2030 κατ’
1377 1977 1510 2031 ἰδίαν
1541 1978 1614 2049 μὴ

99 2067 312 2131 ποιοῦντος
342 2069 401 2121 τὸ
433 2068 791 2139 ἀποτέλεσμα
829 2069 1112 2139 παρέχειν·
1157 2069 1219 2122 τὸ
1267 2069 1324 2122 δὲ
1357 2069 1617 2139 συνεργὸν

100 2162 138 2212 ἰν
160 2159 218 2230 τῷ
243 2163 348 2215 κατ’
377 2161 518 2216 ίδίαν
557 2162 635 2233 μὴ
669 2164 864 2229 ποιεῖν,
889 2163 1060 2232 ἑτέρῳ
1091 2161 1148 2214 δὲ
1177 2161 1616 2234 προσερχόμενον

100 2252 150 2321 τῷ
172 2253 264 2305 κατ’
299 2251 430 2306 ἰδίαν
465 2252 739 2319 ποιοῦντι,
777 2256 1028 2324 συνεργεῖ
1059 2253 1205 2324 αὑτῷ
1235 2254 1372 2324 πρὸς
1402 2254 1462 2307 τὸ
1484 2270 1614 2324 σφο-

99 2342 285 2414 δρότατον
314 2344 563 2414 γίνεσθαι
595 2346 658 2399 τὸ
699 2346 1064 2417 ἀποτέλεσμα.
1094 2346 1343 2400 Μάλιστα
1373 2347 1431 2400 δὲ
1459 2347 1518 2400 τὸ
1550 2349 1616 2401 ὲκ

102 2436 507 2508 προκαταρκτικοῦ
544 2438 810 2508 συνεργὸν
865 2438 1147 2507 γεγονέναι
1189 2438 1288 2510 τὴν
1318 2438 1411 2492 τοῦ
1441 2439 1615 2493 αἰτίου

99 2525 310 2582 διατείνειν
336 2529 570 2600 δύναμιν
605 2530 932 2602 παρίστησιν
963 2528 1092 2601 (I0).

1721 1973 2030 2026 casionum.
2056 1971 2230 2041 Atque
2262 1973 2308 2027 si
2337 1972 2600 2026 tollantur
2648 1969 2868 2040 quidem
2898 1984 3077 2024 causa:
3099 1983 3296 2039 proca-

1716 2064 1981 2127 tarcticze,
2019 2071 2200 2119 manet
2248 2071 2430 2118 tamen
2469 2061 2712 2117 effectus.
2775 2059 3058 2132 Synectica
3109 2067 3294 2115 autem

1717 2171 1884 2211 causa
1914 2163 2018 2220 est,
2045 2172 2164 2226 quae
2195 2156 2240 2211 si
2273 2155 2438 2218 adsit,
2473 2163 2656 2209 manet
2702 2153 2968 2220 effectus;
2997 2160 3052 2207 et
3093 2153 3138 2206 si
3188 2152 3296 2206 tol-

1709 2249 1874 2310 latur,
1904 2249 2135 2304 tollitur.
2169 2245 2520 2319 Synecticam
2559 2261 2656 2316 per
2686 2246 3064 2317 synonymiam
3101 2249 3159 2308 >3
3187 2259 3285 2313 ap-

1714 2341 1940 2410 pellant,
1970 2342 2134 2396 etiam
2191 2357 2289 2413 per
2348 2357 2407 2396 se
2461 2340 2785 2411 perfectam,
2845 2337 3290 2409 quandoquidem

1704 2439 1801 2488 est
1829 2432 2162 2488 sufﬁcienter
2191 2447 2288 2502 per
2330 2446 2390 2486 se
2421 2431 2667 2486 efﬁciens
2700 2429 2948 2484 effectus.
3012 2427 3072 2482 Si
3117 2434 3298 2482 autem

1711 2539 1878 2579 causa
1915 2539 2010 2594 per
2047 2539 2106 2580 se
2129 2523 2428 2594 perfectam
2462 2522 2736 2594 signiﬁcat
2764 2521 3163 2592 operationem,
3204 2518 3301 2572 ad-

1707 2616 1908 2688 iuvans
1938 2633 2107 2673 causa
2137 2617 2411 2689 signiﬁcat
2435 2616 2820 2682 ministerium,
2851 2621 2906 2670 et
2928 2629 3128 2670 munus
3153 2611 3300 2683 quod

102 2708 292 2763 obitcum
330 2711 459 2766 alio.
501 2710 688 2781 Atque
743 2710 789 2767 si
830 2710 966 2765 nihil
1018 2708 1236 2780 quidem
1269 2714 1509 2779 prmstet,
1537 2725 1606 2765 ne
1647 2699 1859 2767 dicetur
1891 2712 2109 2783 quidem
2135 2713 2439 2782 adjuvans;
2488 2717 2574 2767 sin
2643 2719 2824 2766 autem
2872 2717 3115 2780 praestet,
3178 2709 3303 2777 ejus

103 2796 140 2849 ιι
155 2802 337 2857 omnino
373 2819 570 2869 causa,
600 2804 746 2872 quod
769 2803 932 2858 etiam
964 2811 1206 2873 praestat,
1238 2801 1342 2856 hoc
1369 2810 1476 2868 est,
1497 2803 1619 2873 ejus
1657 2804 1806 2875 quod
1831 2805 1889 2860 ﬁt
1918 2821 2012 2876 per
2035 2807 2229 2876 ipsam.
2264 2806 2360 2862 Est
2423 2821 2555 2876 ergo
2602 2819 2769 2860 causa
2821 2803 3109 2873 adjuvans,
3171 2815 3293 2870 quae

101 2904 181 2946 man
227 2896 367 2953 adest
427 2897 486 2951 ﬁt
540 2897 794 2961 effectus,
852 2906 1073 2966 apertus
1130 2897 1348 2967 quidem
1393 2905 1631 2968 apertas,
1674 2898 1946 2954 obscurus
2017 2907 2198 2954 autem
2248 2898 2515 2954 obscurae.
2565 2896 2738 2952 Porro
2790 2901 2970 2949 autem
3029 2905 3303 2946 concausa

100 3003 256 3060 quoque
277 3003 356 3048 est
401 3009 471 3049 ex
529 3009 732 3063 genere
775 3008 1089 3059 causarum,
1151 2992 1607 3064 quemadmodum
1646 2994 1946 3050 commilito
1975 3003 2058 3051 est
2088 2995 2267 3060 miles,
2335 3003 2390 3050 et
2421 2993 2734 3063 coéphebus
2761 2997 2845 3045 est
2872 2988 3149 3059 ephebus;
3218 2993 3302 3040 at-

99 3085 420 3152 queadjuvans
450 3086 678 3156 quidem
724 3099 891 3139 causa
933 3084 1038 3140 fert
1087 3101 1246 3155 opem
1298 3100 1481 3141 causae
1525 3087 1836 3158 synecticm,
1867 3086 1934 3142 ad
1965 3087 2330 3142 intentionem
2377 3086 2499 3156 ejus
2548 3085 2695 3154 quod
2746 3087 2815 3137 ab
2875 3083 2993 3152 ipsa
3018 3081 3095 3133 ﬁt.
3157 3079 3298 3134 Con-

100 3188 227 3231 causze
253 3186 422 3234 autem
479 3195 594 3234 non
628 3189 713 3234 est
762 3180 951 3234 eadem
1011 3180 1199 3246 notio;
1241 3188 1423 3249 potest
1468 3181 1612 3236 enim
1653 3181 1859 3252 aliquid
1888 3197 2012 3238 esse
2041 3197 2332 3246 concausa,
2358 3182 2461 3236 etsi
2497 3197 2605 3236 non
2644 3181 2716 3236 sit
2783 3192 2950 3234 causa
2999 3177 3297 3246 synectica.

102 3265 354 3343 Intelligitur
387 3276 538 3331 enim
570 3291 850 3332 concausa
882 3292 1007 3331 cum
1039 3278 1169 3343 alio,
1225 3279 1369 3349 quod
1406 3295 1501 3349 per
1552 3296 1610 3336 se
1650 3295 1761 3335 non
1805 3288 1987 3352 potest
2013 3281 2265 3337 effectum
2293 3281 2534 3347 efﬁcere,
2561 3289 2622 3336 ut
2651 3296 2771 3352 qua:
2805 3279 2876 3334 sit
2943 3291 3110 3332 causa
3167 3289 3295 3330 cum

101 3378 236 3421 causa.
261 3368 438 3426 Difl'ert
467 3379 656 3426 autem
703 3372 970 3442 adjuvans
1008 3388 1176 3429 causa
1233 3389 1264 3427 a
1309 3389 1608 3438 concausa,
1642 3376 1788 3447 quod
1857 3391 2129 3434 concausa
2161 3378 2403 3448 quidem,
2449 3378 2499 3433 ei
2549 3377 2695 3448 quod
2735 3387 2982 3431 seorsum
3045 3386 3157 3426 non
3216 3369 3301 3423 ef-

103 3457 430 3533 ficit,pr:ebeat
492 3467 786 3536 effectum;
848 3469 1110 3539 adjuvans
1167 3478 1348 3526 autem
1401 3486 1648 3527 seorsum
1690 3473 1908 3544 quidem
1962 3489 2072 3529 non
2130 3474 2354 3538 efﬁciat,
2428 3475 2584 3530 alteri
2645 3483 2828 3528 autem
2878 3469 3142 3526 accedens
3182 3482 3303 3538 quae

103 3568 290 3615 seorsum
321 3564 508 3629 efﬁcit,
536 3568 592 3620 ei
621 3565 762 3620 ferat
783 3580 941 3635 opem
969 3565 1035 3620 ad
1057 3566 1160 3620 hoc
1193 3573 1253 3621 ut
1303 3567 1376 3621 sit
1441 3566 1666 3624 effectus
1704 3569 2243 3626 vehementissimus.
2292 3568 2526 3625 Maxime
2571 3576 2754 3624 autem
2802 3582 2868 3622 ex
2906 3563 3303 3637 procatarctica

105 3665 227 3707 causa
253 3655 435 3713 factam
499 3674 626 3715 esse
676 3674 904 3714 causam
967 3661 1335 3731 adjuvantem,
1381 3661 1449 3716 ad
1498 3663 1608 3717 vim
1647 3665 2240 3722 causaintendendam
2262 3653 2497 3722 confert.

163 3816 206 3873 Et
227 3811 277 3869 Ρ.
303 3815 400 3871 9*ὶὶ
428 3817 540 3872 ED.
566 3814 868 3873 POT’I‘ER.

107 3985 542 4108 ἁδξξλυξῖροδήλως
579 4037 594 4051 .
637 4036 650 4047 .
689 3994 992 4062 .ἀδήλως.
1028 3993 1200 4063 Flor.,
1257 3995 1622 4068 προδήλῳ.....

166 4093 560 4210 flag-ﬂammae.
600 4134 961 4210 Scribendum
994 4136 1281 4210 προδήλου,
1328 4137 1474 4210 quod
1533 4153 1622 4191 re-

107 4205 239 4277 ίζῗντὲῑ
267 4205 644 4258 sententiarum
677 4208 972 4276 oppositio.
1009 4205 1188 4277 A'tque
1217 4208 1319 4262 hoc
1347 4205 1511 4263 etiam
1544 4210 1626 4258 vi-

212 4270 479 4349 l'MFPI‘E’Sg
517 4265 910 4349 Παρόνέᾷς-εχ
971 4265 1230 4349 periocha
1284 4277 1626 4349 prazccdente

109 4335 622 4418 fideturir'repsissei
665 4335 944 4402 vel'forte
973 4335 1233 4418 'margini
1286 4335 1626 4418 ascriptum,

109 4415 266 4528 gestes
314 4415 361 4469 in
410 4425 618 4471 textum
680 4417 750 4474 ab
796 4419 1052 4489 imperito
1108 4415 1292 4476 scriba
1349 4415 1628 4485 receptum

139 4497 204 4528 3.
1081 4507 1084 4511 ’

139 4497 204 4528 δι.
1081 4507 1084 4511 ·

1805 3997 1884 4065 (9)
1917 3995 2106 4061 Αὐτῷ.
2133 3993 2281 4050 Flor.
2324 3995 2518 4065 divise,
2567 3990 2632 4048 αὖ
2676 3993 2774 4064 τῷ.
2831 3992 2946 4065 Sed
3001 3989 3300 4065 pronomen

1731 4064 1878 4137 αὑτῷ
1927 4069 2174 4136 agnoscit
2223 4064 2648 4137 etianrwllerveti
2679 4064 2900 4137 “versio,
2930 4081 2973 4137 _¢
3003 4064 3144 4131 quod
3199 4077 3300 4116 nec

1735 4131 1913 4208 ipsum
1940 4131 2033 4206 per
2058 4153 2114 4208 se
2144 4143 2323 4204 potest
2351 4134 2598 4208 effectum
2632 4134 2896 4208 efficere.»
2928 4131 3190 4208 Sustine.

1801 4207 1910 4276 (I0)
1940 4202 2348 4272 Ἡαρίοίτησιν.
2393 4203 2642 4276 Mancttm
2686 4204 2984 4276 essehunc
3032 4202 3296 4276 Στρωμα-

1729 4276 1846 4339 τέα,
1886 4273 1916 4329 e
1966 4277 2307 4344 superiorum
2343 4275 2620 4344 prooemiis
2649 4281 2702 4327 et
2723 4273 2949 4342 epilogis
2971 4279 3056 4324 sat
3084 4274 3294 4344 clarum

1733 4358 1837 4401 est.
1870 4345 1952 4400 An
1979 4340 2106 4399 vero
2135 4343 2272 4397 idem
2327 4340 2489 4396 etiam
2543 4340 2768 4396 ultimus
2801 4340 2891 4405 sit,
2948 4355 3055 4394 non
3115 4340 3211 4393 abs
3242 4354 3301 4391 re

1735 4417 2089 4472 dubitaveris.
2124 4414 2288 4467 Plura
2321 4414 2464 4466 enim
2507 4413 2849 4481 superiorum
2877 4411 3086 4480 prologi
3117 4409 3302 4481 _nobis

1737 4488 2065 4560 pollicentur
2091 4501 2253 4557 quam
2275 4484 2381 4539 huc
2406 4478 2710 4554 usquc'sint
2737 4478 3088 4554 pertractata.
3117 4478 3192 4537 In.

2959 4565 2980 4588 σ
