3818 6568
507 382 614 441 007

1679 385 2072 443 CLEMENTIS
2109 386 2570 448 ALEXANDRINI
3637 393 3719 447 69-8

506 506 640 559 nino
667 505 915 574 repulsos
938 519 1033 560 eos
1063 504 1131 560 ab
1158 504 1470 561 hzereditate
1506 506 1660 576 regni
1685 506 1973 570 caelorum,
2031 507 2079 562 si

2194 507 2456 578 βασιλείας
2487 508 2592 562 τῶν
2633 506 2898 580 οὐρανῶν,
2933 506 3028 561 έάν
3061 505 3412 560 ὑπακούσωσι
3463 507 3580 568 ut;
3605 505 3724 558 ἐντο-

507 597 672 651 modo
699 597 846 652 dicto
873 598 1154 654 audientes
1185 599 1294 654 sint
1318 607 1376 653 ut
1403 597 1658 652 mandata
1673 607 2075 667 exsequantur:

507 687 705 742 deinde
743 688 1094 751 admoneant,
1141 690 1336 745 timere
1367 705 1462 745 eos
1510 689 1603 744 ubi
1637 690 1822 745 nullus
1853 690 2081 745 timendi

475 778 478 779 ⁷
507 780 683 845 locus,
719 795 923 850 eosque
948 782 1044 851 qui
1077 783 1268 845 velint,
1317 781 1602 836 Dominum
1648 781 1858 852 placide
1905 783 2080 836 susci-

506 889 636 944 pere
669 892 684 929 :
717 881 940 944 tumque
956 874 1022 928 ad
1044 874 1158 928 haec
1183 872 1472 929 ostendere
1487 881 1540 929 et
1568 873 1911 930 institutione
1927 882 2079 928 cate-

508 965 720 1020 chetica
747 964 942 1020 docere
971 981 1068 1035 par
1088 966 1213 1027 erit,
1236 980 1341 1035 qua
1370 979 1564 1035 nempe
1585 967 1796 1021 ratione
1814 966 2082 1036 quibusve

508 1057 768 1127 operibus
799 1058 1003 1128 pariter
1035 1058 1426 1127 aifectibusque
1465 1072 1591 1127 spes
1622 1058 1819 1120 alatur,
1866 1069 1926 1112 ut
1961 1073 2081 1127 qua:

509 1165 610 1204 nec
640 1149 749 1202 illis
778 1149 1003 1203 omnino
1035 1157 1227 1219 negata
1252 1148 1344 1212 sit,
1379 1163 1479 1204 nec
1509 1164 1701 1204 rursus
1728 1158 1929 1204 temere
1959 1149 2082 1203 nul-

508 1242 669 1311 loque
711 1242 944 1296 hominis
989 1249 1190 1297 conatu
1238 1243 1512 1297 obveniat.
1566 1241 1671 1297 Sed
1716 1242 1862 1298 sicut
1916 1258 1976 1298 se
2025 1243 2080 1296 in

509 1333 725 1388 athletis
773 1348 860 1388 res
918 1334 1080 1387 habet
1130 1333 1212 1405 (ut
1252 1348 1415 1402 parva
1445 1339 1499 1386 et
1537 1334 1914 1403 corruptibilia
1955 1347 2080 1387 cum

510 1425 724 1495 magnis
749 1433 804 1480 et
833 1424 1336 1495 incorruptibilibus
1358 1425 1748 1496 conferamus),
1775 1426 1848 1479 ita
1864 1439 2083 1495 quoque

510 1516 567 1570 in
600 1517 721 1587 ipso
751 1518 1070 1587 contingere
1118 1516 1320 1587 cogitet
1349 1519 1440 1587 qui
1482 1518 1667 1572 saeculi
1705 1517 1901 1588 opibus
1929 1517 2082 1572 dives

509 1613 610 1660 est.
638 1605 849 1660 Etenim
883 1607 1198 1676 quicunque
1227 1607 1294 1662 de
1324 1607 1552 1662 victoria
1583 1615 1637 1661 et
1667 1621 1868 1662 corona
1898 1605 2084 1676 despe-

511 1698 732 1760 raverit,
767 1697 814 1751 is
842 1712 941 1752 nec
966 1698 1190 1753 omnino
1214 1707 1271 1752 ut
1294 1699 1347 1752 in
1378 1713 1599 1754 arenam
1628 1697 1944 1760 descendat,
1985 1713 2082 1752 no-

511 1799 636 1839 men
668 1783 914 1852 dederit;
981 1786 1075 1856 qui
1126 1801 1254 1841 vero
1303 1785 1445 1841 hanc
1493 1788 1611 1856 ipse
1653 1785 1869 1856 quidem
1899 1785 2082 1840 animo

511 1889 661 1943 spem
693 1876 1028 1945 conceperit,
1063 1876 1276 1932 labores
1316 1887 1496 1932 tamen
1526 1883 1580 1931 et
1617 1877 1769 1933 cibos
1795 1884 1849 1932 et
1873 1878 2082 1932 exerci-

510 1966 749 2022 tationes
775 1967 832 2020 in
865 1982 984 2021 eam
1018 1982 1131 2022 rem
1159 1983 1430 2038 congruas
1459 1982 1569 2022 non
1599 1966 1856 2034 admittit,
1881 1983 2084 2022 corona

513 2058 806 2114 indonatus
836 2066 1038 2122 manet,
1063 2073 1127 2113 ac
1155 2075 1278 2128 spes
1308 2061 1458 2113 illum
1478 2058 1739 2115 frustrata
1771 2068 1875 2115 est.
1911 2059 2004 2114 Sic
2030 2069 2081 2115 et

511 2149 762 2218 quisquis
815 2149 1050 2204 terrenis
1079 2152 1274 2220 opibus
1314 2151 1502 2215 afﬂuit,
1551 2158 1738 2206 caveat
1768 2165 1836 2205 ne
1867 2166 1926 2206 se
1971 2151 2086 2221 ipse

513 2242 746 2309 primum
779 2255 808 2293 a
839 2238 1138 2297 Salvatoris
1173 2243 1566 2300 certaminibus
1613 2244 1957 2314 praemiisque
1990 2260 2087 2300 ex-

512 2331 726 2385 clusum
749 2332 934 2396 ducat,
962 2332 1122 2389 modo
1147 2333 1319 2390 fidelis
1349 2336 1599 2397 exsistat,
1626 2350 1690 2389 ac
1713 2335 1911 2390 divinae
1932 2336 2088 2392 boni-

511 2424 644 2479 tatis
696 2425 1125 2495 magnitudinem
1180 2426 1482 2498 intelligat;
1548 2443 1648 2482 nec
1683 2443 1878 2484 rursus
1934 2430 2084 2484 nulla

478 2570 484 2574 ,
513 2517 903 2571 exercitatione
943 2517 1202 2586 nulloque
1232 2519 1529 2573 certamine
1569 2518 1766 2587 posito,
1799 2517 1935 2572 citra
1961 2519 2084 2588 pul-

515 2623 696 2663 verem
728 2618 890 2678 atque
922 2609 1177 2664 sudorem
1213 2610 1641 2666 immortalitatis
1673 2624 1733 2666 se
1759 2623 1963 2666 corona
1991 2612 2092 2666 do-

516 2699 755 2754 nandum
783 2709 986 2770 speret,
1021 2701 1116 2754 sed
1138 2716 1196 2755 se
1225 2699 1404 2756 Verbo
1435 2700 1613 2756 tradat
1647 2716 1710 2756 ac
1740 2703 1936 2757 rationi
1966 2710 2088 2756 tan-

517 2804 678 2857 quam
727 2789 992 2859 palaestra:
1044 2792 1324 2861 magistro,
1365 2791 1691 2862 Christoque
1729 2793 2088 2848 certaminum

518 2880 734 2949 praesidi
765 2882 1042 2950 subjiciat.
1089 2882 1257 2937 Cibus
1312 2883 1390 2937 illi
1436 2898 1501 2938 ac
1527 2891 1690 2954 potus
1730 2885 2086 2954 praestitutus,

518 2970 728 3027 Novum
753 2971 966 3028 Domini
999 2972 1405 3028 Testamentum
1427 2974 1911 3042 ;exercitamenta,
1945 2990 2094 3028 man-

519 3063 676 3132 data;
711 3048 938 3122 ornatus
970 3081 1035 3120 ac
1058 3066 1258 3133 cultus,
1287 3067 1443 3121 bona:
1472 3067 1642 3120 animi
1668 3065 1981 3122 affectiones
2027 3081 2092 3120 ac

2181 600 2316 663 λαῖς·
2347 595 2444 653 εἶθ’
2476 599 2952 671 ὑπομνημονεῦσαι
2982 597 3093 670 (16)
3119 598 3195 661 ὡς
3221 598 3374 660 ἀδεὲς
3394 596 3593 650 δεδίασι
3609 597 3721 660 δέος,

2181 694 2275 746 καὶ
2301 694 2382 746 ὅτι
2417 692 2769 764 βουλομένους
2797 692 2994 755 αὐτοὺς
3022 691 3051 742 6
3082 690 3272 762 Σωτὴρ
3303 689 3568 760 ’ἀσμένως
3605 689 3722 759 δέχε-

2179 800 2288 836 ται·
2317 783 2437 836 τότε
2479 784 2570 838 καὶ
2600 782 3008 854 προσδεικνύναι
3063 783 3157 836 καὶ
3199 782 3580 852 μυσταγωγεῖν
3606 780 3723 843 ὅπως

2182 873 2248 928 ἂν
2268 875 2364 928 καὶ
2389 875 2455 926 δι’
2471 876 2596 928 οἴων
2624 875 2798 946 ἐργων
2813 891 2874 927 τε
2889 875 2983 928 καὶ
3008 873 3298 928 διαθέσεων
3320 873 3721 943 ὲπαίροιντοίίῖ)

2181 966 2248 1020 τά
2262 966 2362 1037 τῆς
2387 965 2618 1032 ἐλπίδος,
2647 966 2722 1030 ὡς
2742 965 2852 1019 οὔτ’
2874 965 3154 1036 ἀμηχάνου
3179 964 3536 1034 καθεστώσης
3555 964 3722 1027 αὐτοῖς,

2182 1055 2304 1110 οὗτε
2331 1057 2638 1118 τούναντίον
2669 1056 2793 1125 είκῆ
2814 1055 3248 1127 περιγινομένης·
3287 1053 3402 1107 ἀλλ’
3433 1055 3602 1124 ὅνπερ
3625 1054 3723 1123 τρό-

2183 1165 2283 1202 πον
2326 1147 2436 1218 ἔχει
2466 1147 2526 1200 τὸ
2567 1147 2674 1202 τῶν
2727 1147 2994 1218 ἀθλητῶν,
3027 1148 3116 1201 ἵνα
3170 1146 3341 1218 μικρά
3391 1147 3489 1198 καὶ
3520 1146 3724 1213 ἐπίκηρα

2185 1239 2440 1311 μεγάλοις
2468 1239 2561 1292 καὶ
2590 1238 2886 1311 ἀφθάρτοις
2915 1238 3338 1310 παραϐάλωμεν,
3370 1238 3525 1290 τουτὶ
3550 1237 3636 1289 καὶ
3659 1239 3722 1305 ἐφ’

2181 1331 2357 1402 ἑαυτῷ
2395 1334 2423 1385 6
2454 1331 2594 1385 κατά
2625 1331 2825 1402 κόσμον
2859 1330 3102 1384 πλουτῶν
3143 1329 3461 1399 λογιζέσθω.
3504 1329 3612 1381 Καὶ
3642 1330 3724 1399 γὰρ

2182 1423 2404 1478 ἐκείνων
2433 1427 2462 1478 6
2492 1425 2591 1496 μὲν
2643 1425 2724 1479 δτι
2756 1425 3042 1498 δυνήσεται
3097 1425 3274 1496 νικᾷν,
3331 1423 3427 1475 καὶ
3483 1421 3724 1488 στεφάνων

2180 1518 2466 1589 τυγχάνειν
2518 1518 2843 1582 ἀπελπίσας,
2902 1516 3009 1570 οὐδ’
3069 1515 3204 1579 ὅλως
3255 1516 3346 1568 ἐπὶ
3397 1514 3499 1584 τὴν
3539 1512 3724 1582 ἄθλησιν

2183 1610 2561 1682 ἀπεγράψατο·
2597 1612 2625 1664 6
2649 1609 2707 1663 δὲ
2740 1609 2943 1680 ταύτην
2985 1609 3082 1679 μὲν
3114 1607 3488 1678 ἐμϐαλόμενος
3515 1607 3581 1674 τῇ
3618 1604 3716 1671 γνὼ-

2185 1717 2259 1770 μῃ
2292 1700 2391 1770 τὴν
2416 1699 2624 1764 ἐλπίδα,
2656 1699 2849 1762 πόνους
2875 1698 2933 1752 δὲ
2970 1698 3064 1752 καὶ
3095 1696 3302 1769 τροφὰς
3343 1695 3443 1748 καὶ
3484 1694 3722 1764 ruinam

2192 1792 2265 1862 μὴ
2294 1790 2650 1862 προσιέμενος
2672 1788 3034 1860 προσφόρους,
3064 1786 3446 1856 ἀστεφάνωτος
3471 1785 3721 1853 διεγένετο,

2188 1884 2280 1936 καὶ
2306 1884 2574 1954 διήμαρτε
2596 1881 2704 1935 τῶν
2723 1879 2971 1934 ἐλπίδων.
3005 1877 3160 1931 Οὕτω
3178 1894 3261 1937 τις
3283 1877 3377 1929 καὶ
3404 1876 3505 1946 τὴν
3525 1876 3724 1942 ἐπίγειον

2185 1972 2644 2045 περιϐεϐλημένος
2689 1971 3000 2043 περιϐολὴν,
3043 1970 3178 2040 μήτε
3214 1967 3314 2038 τὴν
3346 1967 3527 2037 ἀρχὴν
3573 1967 3723 2018 sum

2184 2065 2358 2118 ἄθλων
2383 2065 2490 2118 τῶν
2522 2065 2770 2134 Σωτῆρος
2797 2059 3204 2132 ὲκκηρυσσέτω,
3237 2058 3430 2120 πιστός
3449 2073 3515 2124 γε
3547 2055 3634 2117 ὣν,
3656 2058 3724 2107 καὶ

2184 2153 2246 2206 τδ
2281 2154 2561 2224 μεγαλεῖον
2593 2151 2831 2222 συνορῶν
2861 2152 2960 2222 τῆς
3003 2149 3097 2202 τοῦ
3147 2147 3282 2202 Θεοῦ
3312 2145 3722 2218 φιλανθρωπίας·

2189 2249 2324 2318 μήτε
2357 2244 2460 2316 μὴν
2492 2240 2648 2306 αὖθις
2677 2242 2980 2312 ἀνάσκητος
3008 2240 3100 2292 καὶ
3153 2235 3521 2306 ἀναγώνιστος
3554 2235 3722 2306 μείνας,

2186 2336 2393 2390 ἀκονιτὶ
2417 2334 2703 2403 κάνιδρωτὶ
2730 2333 2836 2386 τῶν
2868 2329 3141 2398 στεφάνων
3167 2326 3269 2397 τῆς
3288 2324 3596 2397 ἀφθαρσίας
3618 2325 3725 2376 ἐλπ-

2188 2431 2324 2495 ζέτω
2351 2428 2690 2501 μεταλαϐεῖν·
2733 2425 2846 2479 ἀλλ’
2881 2423 3041 2477 αὑτὸν
3069 2419 3385 2475 ὑποϐαλέτω
3412 2419 3594 2489 φέρων
3614 2436 3723 2485 γυμ-

2188 2523 2354 2590 ναστῇ
2378 2518 2487 2589 (18)
2523 2518 2619 2589 μὲν
2642 2515 2720 2586 τῷ
2751 2514 2926 2584 Λόγῳ,
2955 2508 3265 2581 ἀγωνοθέτῃ
3295 2508 3350 2561 δὲ
3378 2507 3458 2578 τῷ
3508 2506 3722 2576 Χριστῷ·

2187 2611 2361 2685 τροφὴ
2387 2611 2443 2664 δὲ
2465 2608 2615 2680 αὐτῷ
2647 2608 2741 2662 καί
2769 2605 2928 2660 ποτὸν
2947 2601 3185 2673 γενέσθω
3211 2598 3600 2669 τεταγμένονὴ
3631 2599 3726 2650 Και-

2189 2705 2254 2776 νὴ
2278 2702 2520 2773 Διαθήκη
2548 2699 2642 2753 τοῦ
2675 2697 2900 2770 Κυρίου·
2933 2695 3206 2766 γυμνάσια
3227 2693 3284 2745 δὲ
3311 2689 3547 2753 ἐντολαὶ,
3571 2691 3728 2758 εὐσχη-

2194 2790 2398 2862 μοσύνη
2425 2790 2482 2843 δὲ
2532 2789 2627 2842 καὶ
2673 2787 2876 2858 κόσμος
2927 2785 2985 2838 αἱ
3031 2783 3197 2838 καλαὶ
3229 2780 3521 2846 διαθέσεις,
3554 2779 3724 2848 ἀγάπη,

2191 2882 2392 2946 πίστις,
2421 2881 2595 2944 ἐλπὶς,
2613 2879 2813 2948 γνῶσις
2837 2876 3108 2946 ἀληθείας,
3132 2869 3466 2946 [ὲπιείκεια,]
3492 2873 3723 2943 πραότης.

2191 2970 2577 3042 εὐσπλαγχνία,
2615 2968 2899 3039 σεμνότης,
2931 2966 3037 3027 ἵνα,
3085 2965 3212 3016 ὅταν
3249 2961 3456 3034 ὲσχάτῃ
3506 2960 3726 3026 σάλπιγγι

2193 3067 2366 3135 ὑποση
2377 3065 2521 3135 μήνη
2552 3060 2644 3114 τοῦ
2673 3059 2872 3131 δρόμου
2899 3058 2993 3111 καὶ
3019 3056 3118 3127 τῆς
3149 3053 3398 3108 ἐντεῦθεν
3426 3052 3627 3117 ἐξόδου,
3654 3067 3727 3101 κσ-

520 3156 708 3222 dotes;
753 3155 908 3220 ﬁdes,
963 3172 1110 3227 spes,
1151 3157 1410 3222 charitas,
1457 3159 1571 3213 veri
1613 3157 1854 3228 cognitio
1907 3156 2089 3229 [beni-

2194 3155 2367 3226 θάπερ
2398 3155 2462 3206 ὲκ
2501 3150 2713 3204 σταδίου
2735 3149 2828 3202 τοῦ
2866 3141 2999 3218 βίου
3019 3146 3132 3218 μετ’
3153 3144 3362 3214 ἀγαθοῦ
3410 3142 3506 3196 τοῦ
3537 3139 3729 3194 συνειδό-

519 3245 744 3318 gnitas],
785 3246 1000 3310 lenitas,
1036 3247 1431 3310 misericordia,
1461 3249 1716 3314 castitas;
1746 3255 1804 3301 ut
1833 3263 1956 3302 cum
1987 3264 2088 3302 no-

519 3337 744 3392 vissima
775 3338 906 3392 tuba
946 3338 1167 3394 ineundi
1196 3353 1392 3394 cursus
1427 3339 1641 3408 signum
1685 3339 1893 3394 dederit
1932 3347 2094 3408 atque

521 3426 650 3481 hinc
687 3429 988 3498 emigrandi
1018 3429 1164 3483 velut
1191 3427 1370 3483 stadio
1402 3440 1451 3494 ει,
1491 3444 1556 3482 ex
1588 3429 1801 3484 mortali
1834 3427 1938 3482 hac
1961 3428 2091 3486 vita.

2190 3261 2282 3306 τος
2306 3242 2382 3313 τῷ
2421 3240 2685 3312 ἀθλοθέτῃ
2706 3240 2959 3310 παραστῇ
2994 3236 3303 3306 νικηφόρος,
3333 3229 3728 3303 ὡμολογημένα

2193 3335 2292 3405 τῆς
2323 3334 2434 3388 ἄνω
2462 3331 2714 3404 πατρίδος
2743 3329 2910 3396 ἄξιος,
2946 3330 3025 3391 εἰς
3068 3328 3135 3398 ἢν
3169 3324 3306 3398 μετά
3345 3323 3625 3392 στεφάνων
3662 3319 3728 3372 ui

2196 3426 2562 3499 κηρυγμάτων
2596 3422 2898 3493 ἀγγελικῶν
2930 3419 3306 3490 ἐπανέρχεται.

521 3522 666 3578 bona
704 3522 876 3578 fretus
919 3524 1276 3589 conscientia,
1307 3524 1666 3578 certaminum
1709 3523 1926 3594 praesidi
1955 3524 2129 3578 victor
2171 3530 2546 3594 praesentetur,
2606 3519 2818 3576 caelesti
2841 3516 3026 3585 palam
3059 3513 3258 3584 dignus
3295 3510 3496 3584 patria,
3527 3508 3730 3578 inquam

523 3616 763 3681 coronis,
787 3617 1213 3687 angelorumque
1241 3618 1513 3686 praeconio
1539 3633 1601 3672 ac
1630 3619 1822 3688 plausu
1854 3620 2086 3675 donatus
2124 3621 2435 3675 revertitur.

594 3709 854 3782 θεων.
872 3710 970 3766 Det
983 3713 1145 3782 igitur
1157 3713 1316 3767 nobis
1330 3711 1804 3779 Salvator,utbinc
1817 3715 2093 3770 ordientes

524 3817 852 3867 sermonem,
881 3818 1008 3858 vera
1029 3813 1081 3860 et
1105 3804 1500 3869 convenientia,
1522 3821 1750 3876 quaeque
1773 3805 1840 3860 ad
1864 3805 2092 3860 fratrum

526 3895 756 3950 salutem
792 3895 1016 3963 faciunt,
1047 3897 1424 3964 conferamus;
1463 3899 1697 3967 primum
1733 3898 1799 3954 de
1829 3914 1925 3970 spe
1954 3899 2092 3969 ipsa,

525 3986 720 4042 deinde.
749 3988 815 4043 iis
859 4003 982 4058 qua:
1008 3989 1076 4044 ad
1099 4005 1246 4059 spem
1270 3991 1606 4046 conducunt.
1639 3989 1732 4046 llle
1755 3992 1975 4062 quidem
2008 3992 2094 4046 in-

524 4077 836 4148 digentibus
866 4079 1113 4150 largitur,
1135 4081 1401 4152 docetque
1431 4089 1708 4153 rogantes,
1755 4098 1918 4153 porro
1950 4083 2096 4154 igno-

526 4169 759 4223 rantiam
789 4171 972 4236 solvit,
1001 4179 1162 4242 atque
1196 4172 1628 4242 desperationem
1667 4175 1912 4242 excutit;
1973 4189 2097 4230 eos-

526 4259 646 4315 dem
673 4277 867 4318 rursus
891 4264 958 4319 de
980 4263 1238 4320 divitibus
1259 4281 1538 4322 sermones
1563 4265 1849 4330 inducens,
1879 4265 1973 4335 qui
1994 4265 2098 4336 ipsi

527 4353 737 4421 seipsos
765 4357 1430 4426 interpretanturtutoque
1459 4364 1753 4426 exponant.
1777 4355 1923 4410 Nihil
1951 4357 2098 4412 enim

2267 3717 2340 3771 A'.
2371 3713 2494 3784 Δοίη
2531 3711 2710 3766 τοίνυν
2749 3711 2881 3781 ἡμῖν
2909 3707 2938 3760 6
2979 3706 3191 3776 Σωτὴρ,
3236 3701 3487 3756 ἐντεῦθεν
3537 3695 3731 3769 ἀρξαμέ-

2196 3822 2307 3868 νοις
2330 3805 2421 3858 τοῦ
2461 3803 2639 3871 λόγου,
2671 3800 2879 3872 τάληθῆ
2914 3799 3008 3852 καὶ
3038 3797 3106 3850 τὰ
3148 3795 3427 3867 πρέποντα
3447 3794 3548 3846 καὶ
3577 3792 3732 3844 τὰσω-

2196 3899 2359 3968 τήρια
2388 3893 2755 3966 συμϐαλέσθαι
2789 3895 2899 3954 τοῖς
2933 3889 3198 3957 ἀδελφοῖς,
3227 3887 3362 3957 πρός
3400 3902 3459 3937 τε
3481 3884 3584 3954 τὴν
3611 3880 3735 3934 ἐλπί-

2196 3990 2262 4043 δα
2285 3988 2495 4059 πρῶτον
2521 3986 2711 4056 αὐτὴν,
2745 3985 2838 4039 καὶ
2861 3981 3108 4053 δεύτερον
3145 3978 3279 4051 πρὸς
3305 3979 3405 4048 τὴν
3435 3976 3538 4046 τῆς
3565 3971 3734 4029 ἐλπίδος

2195 4079 2579 4151 προσαγωγὴν.
2615 4079 2672 4130 '0
2691 4076 2754 4146 δὴ
2779 4073 3061 4147 χαρίζεται
3075 4071 3368 4141 δεομένοις,
3384 4066 3736 4122 καὶαίτοῦντεις

2196 4171 2454 4225 διδάσκει·
2489 4168 2605 4222 λύει
2647 4184 2706 4220 τε
2741 4168 2839 4238 τὴν
2891 4167 3132 4233 ἄγνοιαν,
3181 4163 3275 4215 καὶ
3319 4159 3419 4230 τὴν
3466 4158 3735 4225 ἀπόγνωσιν

2198 4262 2532 4326 ἀποσείεται,
2569 4263 2696 4324 τοὺς
2746 4259 2940 4321 αὐτοὺς
2969 4257 3129 4310 πάλιν
3157 4253 3390 4321 εἰσάγων
3421 4250 3613 4318 λόγους
3640 4245 3736 4313 περὶ

2198 4352 2308 4405 τῶν
2333 4352 2602 4405 πλουσίων
2629 4349 2835 4404 ἑαυτῶν
2864 4345 3136 4420 ἑρμηνέας
3171 4341 3488 4413 γινομένους
3532 4339 3618 4393 καὶ
3641 4337 3735 4400 tif,-

529 4442 608 4496 sic
624 4443 798 4511 juvet,
833 4459 896 4499 ac
924 4447 1041 4515 ipsa
1065 4463 1256 4503 rursus
1273 4449 1463 4504 audire
1482 4449 1669 4514 verba,
1692 4463 1812 4518 quae
1837 4449 1892 4503 in
1917 4447 2090 4504 Evan-

2203 4443 2374 4516 γητάς
2417 4443 2696 4513 ἀσφαλεῖς.
2728 4441 2891 4495 Οὐδὲν
2929 4439 3037 4510 γὰρ
3072 4431 3180 4489 οἷον
3208 4433 3387 4488 αὐτῶν
3418 4427 3576 4493 αὖθις
3601 4425 3734 4482 dmi-

528 4535 684 4604 geliis
715 4543 982 4604 exposita,
1020 4541 1294 4609 necjusto
1332 4543 1466 4596 satis
1513 4541 1763 4596 examine
1816 4548 1980 4612 atque
2011 4557 2099 4596 er-

530 4641 654 4679 rore
681 4626 1019 4683 auditoribus
1056 4646 1166 4699 pra:
1207 4632 1436 4686 infantia
1479 4632 1676 4688 mentis
1718 4641 1964 4703 accepta,
2001 4633 2099 4687 ha-

531 4728 722 4776 ctenus
749 4737 846 4777 vos
878 4725 1292 4781 conturbarunt.
1323 4745 1342 4778 ι
1380 4726 1446 4780 Et
1474 4742 1600 4782 cum
1632 4727 1805 4782 exiret
1841 4729 1899 4782 in
1931 4727 2096 4792 viam,

533 4810 798 4864 accedens
827 4812 1046 4881 quidam
1076 4830 1216 4884 genu
1261 4816 1532 4879 flectebat,
1567 4816 1756 4873 dicens
1784 4835 1798 4872 :
1843 4817 2101 4890 Magister

531 4900 693 4966 bone,
724 4902 856 4971 quid
881 4901 1080 4958 faciam
1113 4913 1170 4958 ut
1191 4912 1250 4969 ᾖ(
1279 4906 1446 4960 vitam
1477 4913 1733 4962 aeternam
1755 4908 2106 4977 possideam?

531 4991 691 5049 Iesus
723 5002 902 5048 autem
935 4996 1012 5050 ait
1040 5015 1054 5052 :
1090 4995 1233 5062 Quid
1270 5013 1356 5053 me
1382 4998 1522 5054 dicis
1546 4999 1792 5053 bonum?
1819 5013 1981 5054 nemo
2005 4998 2105 5053 ho-

533 5101 638 5140 nus
664 5085 772 5140 nisi
802 5102 966 5151 unus,
1002 5087 1166 5144 Deus.
1198 5087 1474 5160 Praecepta
1498 5091 1642 5146 nosti
1669 5090 1780 5147 :Ne
1809 5092 2103 5153 adulteres,

533 5191 601 5230 ne
630 5177 875 5244 occidas,
925 5195 994 5234 ne
1023 5179 1246 5245 furoris,
1285 5198 1352 5237 ne
1381 5181 1578 5238 falsum
1609 5184 1982 5238 testimonium
2017 5183 2106 5238 di-

536 5267 702 5336 xeris,
727 5284 795 5324 ne
825 5269 1071 5326 fraudem
1104 5270 1323 5334 feceris,
1371 5271 1579 5328 honora
1615 5283 1823 5344 patrem
1867 5281 2020 5327 tuum
2052 5281 2108 5327 et

536 5370 761 5417 matrem
790 5369 959 5416 tuam.
993 5362 1062 5416 At
1089 5363 1178 5418 ille
1208 5364 1563 5438 respondens,
1591 5365 1667 5418 ait
1690 5365 1769 5420 illi
1794 5381 1807 5417 :
1833 5363 1958 5419 llaac
1987 5379 2108 5420 om-

613 5521 670 5580 >14
713 5514 775 5570 P.
813 5516 919 5573 9‘28
954 5515 1063 5572 ΕΙ).
1102 5514 1397 5572 POTTER.
1510 5529 1538 5558 αν
1572 5515 1593 5569 l
1622 5517 1749 5573 Cor.
1784 5533 1860 5581 ix,
1885 5517 1977 5572 24.

547 5739 583 5794 F
613 5671 725 5742 με)
795 5673 1360 5744 ’Υπομνημονεῦσαι.
1434 5673 1944 5744 ’Υποκαυμάτωσιν,
2002 5688 2105 5730 ms.

589 5757 707 5794 εει..

589 5757 707 5794 ειι.

614 5811 723 5882 (i7)
761 5813 1138 5880 Ἐπαιξροίιτο.
1187 5815 1500 5884 Ἐπαίροντο
1526 5814 1643 5884 τῆς,
1671 5829 1774 5870 'ns.
1809 5814 1881 5869 in.

2200 4553 2290 4591 σαι
2321 4535 2428 4588 τῶν
2464 4534 2664 4606 ῥητῶν,
2689 4533 2831 4604 ἅπερ
2862 4531 3005 4601 ὑμᾶς
3036 4529 3095 4581 έν
3125 4529 3239 4589 τοῖς
3267 4523 3618 4592 Εὐαγγελίοις
3641 4519 3737 4586 ἄχρι

2199 4628 2296 4684 νῦν
2339 4628 2722 4700 διετάρασσεν,
2767 4618 3266 4683 ἀϐασανίστως-καὶ
3315 4610 3738 4687 διημαρτημένως

2201 4720 2308 4774 ὑπὸ
2331 4719 2651 4792 νηπιότητος
2675 4714 3057 4787 ἀκροωμένους
3073 4729 3088 4742 ’
3123 4729 3142 4763 ε
3193 4707 3637 4779 Ἐκπορευομένφ
3660 4700 3734 4792 ’θ’

2199 4813 2277 4885 τῷ
2305 4790 2393 4876 εἰς
2406 4810 2520 4864 ὁδὸν
2571 4806 2883 4880 προσελθών
2911 4822 2995 4868 τις
3025 4801 3354 4872 ὲγονυπέτει,
3387 4799 3580 4866 λέγων·
3610 4790 3734 4846 Διδάο

2205 4883 2368 4959 σκαλε
2417 4901 2609 4970 ἀγαθὲ,
2642 4900 2695 4953 τί
2740 4898 2938 4967 ἀγαθὸν
2970 4897 3207 4966 ποιήσω,
3249 4891 3337 4944 ἵνα
3372 4889 3520 4958 ζωὴν
3563 4883 3739 4939 αἰώνιον

2200 4995 2622 5067 κληρονομήσω;
2663 4993 2722 5046 '0
2743 4991 2799 5044 δὲ
2843 4987 3048 5061 Ἰησοῦς
3069 4987 3234 5054 λέγει·
3263 4982 3328 5034 Τί
3353 4998 3422 5051 με
3441 4979 3615 5046 λέγεις
3632 4975 3739 5067 ἀγα·

2202 5061 2322 5151 θόνῖξ
2373 5061 2546 5149 οὐδείς
2585 5081 2787 5151 ἀγαθὸς
2819 5084 2868 5134 εί
2901 5081 2975 5150 μὴ
3006 5074 3108 5140 εἷς,
3140 5078 3169 5128 6
3214 5074 3369 5133 Θεός.
3405 5071 3517 5132 Τάς
3560 5061 3742 5120 ἐντολὰς

2201 5176 2366 5241 οἶδας·
2403 5177 2496 5248 Μὴ
2527 5174 2838 5247 μοιχεύσῃς,
2887 5171 2960 5243 μὴ
3003 5168 3288 5238 φονεύσῃς,
3331 5163 3408 5260 μὴ
3445 5152 3740 5260 κλέψῃς,

2201 5269 2741 5340 ψευδομαρτυρήσῃς,
2770 5265 2841 5335 μὴ
2871 5262 3268 5333 ἀποστερήσῃς,
3293 5257 3431 5327 τίμα
3457 5253 3546 5306 τὸν
3570 5253 3741 5340 πατέρι

2203 5338 2297 5418 καὶ
2328 5338 2426 5433 την
2449 5338 2684 5432 μητέρα.
2731 5358 2791 5411 '0
2817 5357 2876 5410 δὲ
2903 5352 3222 5424 ἀποκριθεὶς
3257 5349 3404 5417 λέγει
3426 5343 3596 5412 αὐτῷ·
3629 5338 3743 5392 Πάν-

2287 5669 2397 5739 (18)
2423 5665 2831 5737 Γυμναστικῇ.
2863 5662 3252 5739 Ρτξορεᾶεηῑία,
3283 5673 3384 5714 nec
3425 5670 3528 5739 πρε]
3553 5659 3608 5739 et
3649 5658 3744 5717 qua

2218 5724 2525 5811 scqtui'ntur
2547 5740 2614 5794 ad
2661 5724 3154 5808 rem'agonisticam
3174 5738 3436 5800 spectant.
3471 5724 3628 5777 FELL.
