3818 6556
78 390 155 443 σου
1068 385 1266 440 LIBER
1311 384 1472 452 QUIS
1513 385 1710 441 DIV'ES
1752 383 2139 442 SALVETUR.

3127 392 3233 448 σιθ

76 527 124 560 τι
140 503 276 558 ταῦτα
299 499 537 571 ἐφύλαξα.
569 503 630 556 ’0
657 502 713 557 δὲ
752 503 956 575 Ἰησοῦς
981 505 1254 575 ἐμϐλέψας
1279 491 1552 576 ἠγάπησεν

1662 506 1752 560 nia
1782 505 2088 562 observavi.
2131 503 2290 562 Jesus
2335 511 2517 560 autem
2567 506 2796 562 intuitus
2838 522 2987 572 eum,
3035 507 3227 562 dilexit

73 597 191 652 αὑτὸν
214 596 292 648 καὶ
322 591 481 648 εἶπεν·
518 595 612 649 Ἔν
652 613 731 648 σοι
781 597 1014 668 ὑστερεῖο
1057 599 1106 652 εί
1153 598 1325 662 Θέλεις
1355 601 1556 665 τέλειος

73 686 190 749 εἶναι,
215 686 436 756 πώλησον
477 687 571 739 ὅσα
597 687 758 757 ἔχεις,
814 689 905 741 καὶ
934 689 1110 752 διάδος
1156 691 1410 760 πτωχοῖς,
1457 691 1556 744 καὶ

69 780 174 846 ἕξεις
196 777 436 849 θησαυρὸν
459 779 514 830 ἐν
545 780 604 832 οὒ
615 779 776 851 ρανῷο
800 781 894 833 καὶ
915 780 1095 852 δεῦρο,
1123 781 1406 836 ἀκολούθει
1441 801 1551 854 μοι.

75 873 118 926 ὀ
140 872 200 934 δὲ,
226 871 506 938 στυγνάσας
521 873 612 925 ἐπὶ
642 872 719 943 τῷ
749 872 911 944 λόγῳ,
951 873 1160 945 ἀπῆλθε
1199 875 1552 946 λυπούμενοςο

67 958 114 1033 ἦν
146 961 230 1031 γὰρ
253 961 506 1026 πλούσιος,
554 963 690 1033 ἔχων
726 965 981 1035 κτήματα
1010 965 1195 1019 πολλά.
1224 966 1558 1037 Περιῦλεψά-

67 1070 183 1123 μενος
204 1053 251 1106 δέ
287 1054 313 1106 6
361 1053 561 1124 Ἰησοῦς
588 1053 733 1124 λέγει
770 1058 882 1119 τοῖς
917 1055 1182 1128 μαθηταῖς
1217 1058 1400 1110 αὐτοῦ’
1433 1059 1556 1122 Πῶς

63 1144 272 1208 δυσκόλως
295 1145 340 1196 oi
389 1145 458 1198 τὰ
497 1147 755 1218 χρήματα
786 1147 999 1218 ἔχοντες
1031 1149 1422 1204 εἰσελεύσονται
1478 1152 1557 1215 είς

62 1237 130 1304 τὴν
156 1235 394 1304 βασιλείαν
417 1236 510 1290 τοῦ
544 1238 708 1293 Θεοῦε
756 1242 818 1294 Οί
856 1241 912 1292 δέ
947 1241 1182 1312 μαθηταὶ
1227 1241 1557 1312 ἐθαμϐοῦντο

63 1325 126 1374 ἐπὶ
150 1327 237 1386 τοῖς
260 1324 422 1392 λόγοις
445 1327 625 1380 αὐτοῦ.
647 1328 813 1382 Πάλιν
850 1329 907 1383 δὲ
941 1331 969 1382 6
1007 1330 1213 1402 Ἰησοῦς
1239 1330 1557 1402 ἀποκριθεὶς

59 1416 163 1482 λέγει
187 1417 360 1480 αὐτοῖς’
389 1419 605 1484 Τεκνία,
631 1421 748 1486 πῶς
773 1422 1028 1476 δύσκολόν
1054 1425 1169 1476 ἐστι
1206 1424 1332 1487 τοὺς
1361 1439 1554 1476 πεποι-

61 1507 173 1569 Θὸτας
200 1509 276 1560 ἐπὶ
293 1509 559 1580 χρήμασιν
587 1513 666 1576 είς
689 1513 787 1584 τὴν
811 1513 1080 1584 βασιλείαν
1098 1514 1191 1569 τοῦ
1225 1514 1359 1568 Θεοῦ
1387 1515 1556 1568 εἰσελ-

60 1598 157 1650 θεῖνῑ
198 1600 552 1672 Εὐκολώτερον
603 1603 689 1657 διὰ
730 1606 828 1676 τῆς
849 1607 1157 1678 τρυμαλιᾶς
1203 1606 1304 1677 τῆς
1337 1607 1556 1678 βελόνης

58 1691 242 1760 κάμηλος
273 1691 626 1748 εἰσελεύσεται
659 1696 691 1766 ἢ
731 1697 983 1761 πλούσιος
1015 1700 1094 1762 είς
1121 1697 1220 1770 τὴν
1283 1696 1556 1767 βασιλείαν

56 1779 120 1831 τοῦ
141 1780 266 1834 Θεοῦ.
295 1784 355 1836 Οί
376 1783 431 1837 δὲ
461 1785 738 1857 περισσῶς
767 1787 1176 1860 ἐξεπλήσσοντο,
1207 1789 1301 1842 καὶ
1339 1788 1550 1858 ἔλεγον

1656 610 1802 659 eum,
1834 603 1888 651 et
1914 595 2093 649 dixit:
2146 593 2324 650 Unum
2355 597 2454 650 tibi
2505 596 2676 652 deest.
2718 597 2775 652 Si
2819 599 2902 653 vis
2949 598 3224 669 perfectus

1654 703 1796 750 esse.
1828 690 2002 744 vende
2035 705 2374 760 quaecunque
2414 691 2604 755 habes,
2641 702 2695 747 et
2725 693 2990 748 distribue
3020 709 3225 764 paupe-

1655 777 1830 842 ribus,
1863 787 1918 834 et
1954 781 2180 836 habebis
2211 781 2528 836 thesaurum
2565 783 2618 836 in
2649 784 2822 849 coelo;
2849 793 2903 838 et
2930 785 3073 849 veni,
3131 801 3225 840 se-

1655 884 1822 938 quere
1850 885 1956 927 me.
1984 870 2086 937 Qui
2117 873 2470 928 contristatus
2504 874 2559 928 in
2586 875 2772 937 verbo,
2796 875 2929 929 abiit
2952 892 3226 945 moerens;

1655 971 1773 1016 erat
1815 964 1959 1018 enim
2004 963 2178 1028 dives,
2227 965 2434 1019 habens
2475 965 2675 1019 multas
2711 967 3106 1035 possessiones.
3161 969 3227 1023 Et

1655 1054 2103 1124 circumspiciens
2130 1055 2310 1120 Jesus,
2341 1058 2417 1111 ait
2439 1057 2723 1128 discipulis
2745 1060 2891 1114 suis:
2921 1057 3094 1124 Quam
3127 1061 3232 1114 dif-

1657 1146 1796 1201 ficile
1842 1146 1934 1216 qui
1964 1149 2222 1217 pecunias
2271 1150 2490 1214 habent,
2541 1151 2598 1204 in
2637 1167 2862 1222 regnum
2906 1151 2999 1206 Dei
3031 1152 3228 1207 introi-

1657 1237 1810 1292 bunt.
1836 1237 2095 1308 Discipuli
2123 1247 2302 1296 autem
2326 1241 2785 1312 obstupescebant
2806 1245 2860 1296 in
2887 1243 3063 1298 verbis
3085 1243 3230 1314 ejus.

1656 1328 1725 1382 At
1747 1326 1905 1384 Jesus
1934 1345 2126 1385 rursus
2156 1331 2514 1402 respondens,
2544 1334 2620 1387 ait
2653 1333 2794 1389 illis:
2829 1334 3029 1399 Filioli,
3058 1350 3223 1406 quam

1655 1420 1870 1476 dillicile
1917 1429 2001 1476 est
2031 1423 2368 1479 confidentes
2408 1423 2465 1477 in
2494 1425 2762 1494 pecuniis,
2797 1428 3025 1482 introire
3055 1428 3108 1480 in
3141 1443 3232 1481 re-

1655 1526 1820 1580 gnum
1853 1509 1974 1565 Dei!
2005 1511 2244 1568 Facilius
2274 1520 2359 1568 est
2387 1515 2655 1569 camelum
2700 1531 2798 1586 per
2827 1516 3071 1572 foramen
3096 1531 3230 1572 acus

1655 1603 1889 1674 ingredi,
1924 1619 2087 1674 quam
2116 1604 2336 1660 divitem
2371 1607 2576 1662 intrare
2608 1608 2662 1661 in
2703 1623 2930 1678 regnum
2960 1607 3075 1663 Dei.
3124 1607 3229 1675 Qui

1654 1695 1828 1766 magis
1863 1695 2292 1761 admirabantur,
2339 1707 2502 1768 atque
2539 1697 2794 1753 dicebant
2830 1718 2842 1753 :
2878 1698 2944 1751 Et
2971 1700 3100 1769 quis
3126 1715 3231 1769 po—

1656 1793 1764 1841 test
1787 1787 1971 1843 salvus
2003 1786 2156 1844 ﬁeri?
2187 1787 2252 1842 Et
2283 1789 2502 1845 intuens
2534 1791 2656 1845 illos
2696 1789 2858 1846 Jesus
2893 1791 2969 1844 ait
3003 1810 3016 1845 :
3069 1791 3230 1861 Apud

56 1872 120 1935 Τίς
128 1870 198 1926 σῧν
207 1874 401 1929 δύναται
420 1851 657 1947 σωθῆναι
674 1896 688 1944 ;
705 1879 762 1932 Ὀ
777 1851 853 1944 δέ,
874 1851 1146 1950 ἐμθλέψας
1159 1851 1360 1944 αὐτοῖς,
1380 1851 1550 1935 εἶπεν·

1655 1877 1904 1934 homines
1932 1879 2266 1950 impossibile
2293 1887 2397 1943 est,
2430 1880 2526 1936 sed
2564 1897 2672 1937 non
2703 1883 2845 1951 apud
2880 1880 3082 1949 Deum;
3112 1851 3234 1936 om-

58 1965 100 2017 '0
109 1981 146 2016 τι
156 1967 276 2036 παρὰ
287 1967 585 2039 ἀνθρώποις
597 1969 854 2024 ἀδύνατον
868 1972 1018 2043 παρὰ
1033 1972 1151 2043 Θεῷ
1163 1973 1387 2028 δυνατόν
1407 1991 1419 2003 ·
1429 1975 1556 2028 πάν-

53 2071 99 2106 τι
111 2056 376 2127 γὰρδυνατά
395 2062 510 2114 ἐστι
527 2061 679 2133 παρά
691 2062 769 2133 τῷ
789 2061 925 2134 Θεῷ.
947 2062 1187 2136 Ἠρξατο
1201 2068 1229 2118 6
1245 2065 1450 2137 Πέτρος
1475 2065 1556 2119 λέ-

55 2164 133 2214 γειν
154 2149 292 2221 αὐτῷ’
317 2152 438 2216 Ἴδε,
456 2154 621 2224 ἡμεῖς
639 2154 930 2226 ἀφήκαμεν
950 2156 1125 2210 πάντα
1143 2156 1238 2210 καλ⁸
1260 2157 1555 2230 ἠκολουθή-

56 2242 175 2310 σαμέν
189 2253 272 2294 σοι.
301 2244 638 2316 Ἀποκριθεὶς
665 2246 720 2300 δὲ
741 2248 770 2299 6
793 2247 1020 2318 Ἰησοῦς,
1044 2247 1207 2317 λέγει’
1235 2249 1405 2322 Ἀμὴν
1426 2251 1554 2322 ὑμῖν

54 2332 166 2398 λέγω,
193 2332 242 2398 ὃς
270 2334 329 2388 ἀν
360 2337 469 2408 ἀφῇ
487 2336 560 2390 τὰ
582 2337 690 2391 ἴδια
717 2339 809 2391 καὶ
823 2342 1021 2407 γονεῖς,
1048 2340 1143 2392 καὶ
1169 2340 1555 2411 ἀδελφοὺς,καὶ

53 2425 244 2494 χρήματα
284 2426 457 2480 ἕνεκεν
515 2427 652 2498 ἐμοῦ
695 2429 790 2483 καὶ
837 2429 1023 2483 ἕνεκεν
1069 2429 1163 2484 τοῦ
1221 2432 1552 2500 Εὐαγγελιου

57 2532 139 2583 μου,
166 2517 466 2589 ἀπολήψεται
521 2521 994 2590 ἐκατομπλασίονα
1025 2520 1119 2576 νῦν
1172 2524 1230 2576 ἐν
1271 2523 1350 2594 τῷ
1377 2523 1554 2596 καιρῷ

53 2604 190 2674 τούτῳ,
204 2608 384 2678 ἀγροὺς
411 2609 506 2663 καὶ
537 2611 797 2681 χρήματα
840 2612 935 2664 καὶ
966 2612 1144 2676 οἰκίας
1170 2614 1264 2666 καὶ
1291 2613 1552 2684 ἀδελφοὺς

57 2697 150 2763 μετὰ
167 2697 406 2770 διωγμῶν,
432 2702 491 2754 ἐν
507 2700 566 2754 δὲ
581 2701 659 2772 τῷ
690 2702 970 2773 ἐρχομένῳ
986 2701 1098 2774 ζωή
1133 2705 1280 2757 ἐστιν
1310 2704 1550 2769 αἰώνιος.

54 2787 190 2842 Πολλοὶ
226 2792 275 2844 δὲ
309 2792 516 2846 ἔσονται
565 2792 772 2864 πρῶτοι
813 2793 1051 2865 ἔσχατοι,
1102 2796 1197 2848 καὶ
1242 2796 1294 2849 οἱ
1333 2796 1552 2868 ἔσχατοι

55 2895 216 2949 spumat.
245 2901 261 2934 ι

99 2970 151 3022 E'.
171 2973 326 3026 Ταῦτα
351 2975 446 3046 μὲν
475 2976 541 3028 ἐν
570 2973 648 3046 τῷ
671 2973 812 3027 κατά
846 2975 1074 3047 Μάρκον
1109 2976 1426 3049 Εὑαγγελίῳ
1459 2978 1552 3047 γέ-

52 3076 243 3129 γραπται·
265 3067 350 3118 καὶ
383 3069 440 3120 ἐν
482 3069 605 3129 τοῖς
629 3065 806 3129 ἄλλοις
827 3065 884 3120 δὲ
926 3068 1090 3122 πᾶσιν
1125 3065 1236 3140 (19)
1261 3068 1552 3139 ὁμολογου-

1653 1969 1745 2023 nia
1773 1970 1918 2024 enim
1942 1971 2223 2040 possibilia
2252 1971 2394 2041 apud
2428 1971 2615 2026 Deum.
2641 1972 2819 2043 Cmpit
2847 1982 2901 2030 et
2921 1972 3117 2029 Petrus
3148 1973 3231 2027 di—

1653 2074 1809 2115 cere:
1857 2059 1997 2115 Ecce
2038 2076 2138 2116 nos
2173 2060 2481 2118 dimisimus
2508 2063 2712 2127 omnia,
2743 2071 2796 2117 et
2823 2062 2995 2118 secuti
3038 2077 3232 2118 sumus

1654 2161 1726 2208 te.
1757 2151 2112 2224 Respondens
2139 2152 2321 2217 Jesus,
2347 2155 2422 2208 ait
2447 2173 2460 2209 :
2493 2155 2663 2210 Amen
2689 2155 2812 2210 dico
2840 2156 3015 2219 vobis,
3049 2155 3235 2210 omnis

1652 2245 1745 2314 qui
1771 2259 1870 2299 sua
1893 2245 2176 2315 reliquerit
2199 2252 2252 2300 et
2279 2253 2531 2316 parentes
2559 2253 2612 2300 et
2649 2245 2846 2302 fratres
2875 2253 2929 2301 et
2966 2245 3235 2316 pecunias

1653 2343 1874 2405 propter
1898 2351 1986 2392 me
2004 2344 2058 2390 et
2092 2344 2313 2408 propter
2345 2336 2728 2408 Evangelium;
2771 2337 2978 2392 centies
3015 2344 3231 2391 tantum

1653 2441 1798 2481 nunc
1837 2429 1893 2482 in
1921 2435 2164 2499 tempore
2194 2428 2299 2484 hoc
2329 2429 2576 2499 recipiet,
2617 2444 2777 2500 agros
2806 2436 2860 2484 et
2888 2428 3150 2498 pecunias
3177 2437 3234 2483 et

1651 2517 1843 2575 domos
1876 2527 1930 2575 et
1958 2519 2158 2576 fratres
2193 2535 2316 2575 cum
2347 2520 2842 2590 persecutionibus,
2869 2527 2924 2575 et
2956 2519 3012 2574 in
3043 2519 3230 2574 futuro

1650 2610 1758 2664 vita
1798 2619 2001 2667 aatema
2041 2613 2166 2667 erit.
2205 2611 2360 2667 Multi
2402 2620 2582 2667 autem
2611 2620 2772 2668 erunt
2801 2611 2964 2683 primi
2993 2611 3235 2667 novissi-

1653 2701 1746 2765 mi,
1780 2710 1835 2756 et
1861 2703 2142 2759 novissimi
2173 2704 2335 2774 primi
2361 2716 2410 2760 ι.
2453 2723 2472 2756 ι

1726 2963 1786 3018 ν.
1821 2967 1945 3022 Haec
1975 2965 2196 3036 quidem
2226 2965 2282 3020 in
2315 2965 2478 3020 Marci
2507 2964 2796 3037 Evangelia
2826 2965 3035 3035 scripta
3069 2971 3238 3033 sunt;

1651 3060 1782 3130 quin
1822 3067 1880 3116 et
1907 3059 1964 3114 in
1999 3059 2226 3129 reliquis
2257 3060 2414 3129 plane
2433 3059 2686 3114 omnibus
2717 3058 2906 3114 eadem
2938 3058 3232 3124 habentur,

53 3153 193 3218 μένως.
212 3155 366 3224 ὀλίγον
399 3159 496 3228 μὲν
534 3157 664 3221 ῐσως
691 3156 994 3228 ἑκασταχοῦ
1027 3157 1136 3212 τῶν
1168 3159 1428 3231 ῥημάτων
1466 3163 1551 3214 ἐν-

1654 3151 1838 3221 paucis
1855 3149 2080 3207 forsitan
2097 3166 2190 3222 per
2205 3151 2451 3222 singulos
2462 3152 2642 3206 verbis
2663 3151 2993 3211 immutatis,
3007 3149 3101 3206 sed
3113 3166 3239 3219 qua:

52 3240 253 3305 σλλάσσει,
285 3246 452 3299 πάντα
503 3246 566 3300 δὲ
597 3247 697 3318 τὴν
729 3245 896 3317 αὐτὴν
940 3246 1040 3317 τῆς
1078 3245 1302 3319 γνώμης
1329 3265 1550 3320 συμφω·

51 3328 130 3379 νέαν
156 3331 504 3412 ἐπιδείκνυται.
567 3337 659 3388 Δεῖ
685 3335 760 3398 δέ,
809 3335 997 3404 σαφῶς
1037 3336 1265 3402 εἰδότας,
1296 3338 1373 3402 ὡς
1399 3338 1569 3393 οὐδὲν-

52 3417 329 3489 ἀνθρωπίνως
365 3428 393 3478 6
446 3426 666 3497 Σωτὴρ,
701 3425 838 3479 ἀλλά
876 3428 1055 3482 πάντα
1101 3426 1223 3500 θείᾳ
1262 3429 1426 3501 σοφίᾳ
1456 3431 1550 3484 καὶ

54 3518 223 3586 μυστικῇ
249 3515 476 3572 διδάσκει
512 3520 642 3582 τοὺς
682 3519 899 3584 ἑαυτοῦ,
934 3521 1008 3592 μὴ
1043 3522 1316 3594 σαρκίνως
1342 3523 1547 3595 ἀκροᾶ-

53 3602 135 3655 σθαι
152 3607 238 3662 τῶν
275 3609 599 3682 λεγομένων,
631 3610 767 3664 ἀλλὰ
793 3611 884 3666 τὸν
922 3613 980 3665 ἐν
1007 3613 1191 3676 αὐτοῖς
1231 3615 1549 3686 κεκρυμμέ-

50 3709 108 3747 νιν
122 3697 216 3751 νοῦν
239 3702 362 3771 μετά
378 3704 476 3774 τῆς
505 3703 668 3768 ἀξίας
690 3704 968 3776 ζητήσεως
983 3705 1076 3758 καὶ
1102 3707 1370 3771 συνέσεως
1395 3709 1550 3780 ἐρευ-

50 3788 114 3854 νᾷν
135 3791 206 3843 καὶ
244 3795 694 3866 καταμανθάνειν.
727 3797 836 3849 Καὶ
879 3795 988 3866 γὰρ
1014 3795 1084 3849 τὰ
1127 3797 1219 3850 ὑπ’
1255 3798 1420 3852 αὐτοῦ
1449 3799 1546 3854 τοῦ

49 3875 192 3947 Κυρίου
213 3883 449 3941 δοκοῦντα
484 3887 772 3958 ἡπλῶσθαι
823 3888 958 3958 πρὸς
989 3889 1116 3951 τοὺς
1157 3889 1406 3961 μαθητὰς
1437 3891 1547 3946 τῶν

49 3969 275 4041 ᾐνιγμένως
293 3979 670 4052 ὕπειρημένων
691 3980 841 4033 οὐδὲν
865 3980 1106 4050 ἥττονος,
1137 3981 1274 4034 ἀλλά
1304 3982 1548 4048 πλείονος

49 4059 99 4113 ἔτι
120 4064 190 4118 νῦν
212 4070 298 4141 τῆς
325 4073 665 4136 ἐπιστάσεως
696 4071 1006 4144 εὑρίσκεται
1051 4072 1278 4142 δεόμενα
1314 4073 1403 4126 διὰ
1445 4074 1544 4146 τὴν

47 4150 403 4224 ὑπερῦἀλλουσαν
415 4163 522 4233 τῆς
554 4163 869 4232 φρονήσεως
899 4162 957 4215 ἐν
1003 4161 1187 4225 αὐτοῖς
1221 4161 1542 4235 ὑπερϐολήν.

48 4239 224 4302 Ὅπουδέ
245 4253 328 4307 καὶ
354 4254 423 4309 τὰ
447 4253 782 4324 νομιζόμενα
807 4253 899 4307 ὑπ’
919 4253 1084 4307 αὑτοῦ
1112 4253 1410 4324 διηνοῖχθαι
1433 4254 1546 4315 τοῖς

46 4333 134 4403 lim,
156 4345 232 4396 καὶ
252 4347 424 4411 αὐτοῖς
452 4349 574 4410 τοίς
596 4347 694 4417 τῆς
714 4345 991 4417 βασιλείας
1020 4345 1232 4409 τέκνοις
1263 4346 1355 4399 ὑπ’
1380 4343 1546 4398 αὐτοῦ

45 4430 334 4502 καλουμένοις,
366 4438 445 4491 ἐτι
468 4437 664 4509 χρῄζει
702 4437 982 4509 φροντίδος
1008 4436 1270 4500 πλείονος,
1307 4437 1448 4507 ἦπου
1480 4453 1544 4505 γε

1649 3245 1893 3300 eamdem
1920 3244 2118 3315 ubique
2138 3245 2461 3301 sententiam
2485 3245 2823 3300 contineant.
2853 3242 3018 3298 Decet
3047 3250 3231 3298 autem

1650 3352 1751 3392 nos
1797 3335 1892 3406 qui
1939 3342 2125 3405 aperte
2175 3336 2437 3399 sciamus,
2491 3334 2630 3390 nihil
2673 3333 3010 3389 Salvatorem
3064 3334 3226 3404 quasi

1648 3429 1889 3484 humano
1921 3442 2071 3483 more
2093 3427 2336 3483 locutum
2367 3443 2511 3491 esse,
2545 3427 2639 3484 sed
2678 3426 2865 3482 divina
2896 3426 3236 3496 mysticaque

1648 3521 1914 3592 sapientia
1950 3535 2082 3575 suos
2111 3527 2312 3574 cuncta
2351 3519 2640 3586 docuisse;
2681 3533 2963 3576 sermones
2990 3518 3090 3574 hos
3121 3533 3234 3572 non

1648 3612 1942 3666 carnaliter
1972 3611 2182 3676 audire,
2213 3611 2307 3666 sed
2337 3611 2593 3666 latentem
2617 3611 2672 3665 in
2699 3610 2784 3666 eis
2810 3625 3033 3666 sensum
3064 3610 3230 3681 digna

1649 3702 2066 3774 investigatione
2104 3702 2413 3773 mentisque
2441 3702 2665 3758 solertia
2689 3717 2754 3757 ac
2785 3701 3082 3773 sagacitate
3106 3716 3233 3772 per-

1647 3795 1864 3864 quirere
1882 3803 1937 3850 et
1961 3793 2268 3850 addiscere.
2300 3793 2436 3849 Nam
2466 3809 2591 3848 cum
2632 3801 2687 3849 et
2718 3794 2838 3864 ipsa
2867 3808 3084 3864 quoque
3106 3808 3232 3864 qua:

1647 3889 1717 3944 ab
1745 3889 1863 3959 ipso
1903 3887 2132 3944 Domino
2162 3887 2418 3943 videntur
2437 3885 2726 3957 discipulis
2765 3883 2936 3941 fuisse
2957 3883 3228 3954 exposita,

1647 3995 1757 4034 non
1807 3981 2027 4043 minori,
2061 3979 2156 4035 sed
2211 3979 2408 4049 majori
2444 3978 2741 4034 etiamnum
2786 3976 3231 4032 consideratione

1647 4069 1889 4140 indigere
1926 4076 2246 4133 noscantur,
2299 4083 2463 4138 quam
2501 4083 2623 4138 qua:
2655 4067 2945 4123 obscurius
2965 4082 3029 4122 ac
3081 4068 3230 4123 velut

1646 4161 1930 4232 aenigmate
1950 4161 2094 4216 dicta
2117 4169 2264 4224 sunt,
2296 4160 2366 4216 ob
2387 4158 2872 4230 profundissimam
2903 4159 2960 4212 in
2996 4160 3076 4213 eis
3105 4159 3229 4212 alti-

1646 4253 1891 4308 tudinem
1922 4266 2182 4308 sensuum
2207 4268 2222 4317 ;
2247 4265 2480 4320 cumque
2513 4250 2649 4305 adeo
2675 4249 2836 4303 etiam
2872 4249 2986 4314 illa,
3015 4265 3136 4320 quae
3157 4250 3229 4305 ab

1645 4357 1711 4398 eo
1736 4342 1938 4398 schola:
1956 4340 2276 4397 domesticis
2292 4339 2544 4395 videntur
2559 4338 2869 4408 explanata,
2895 4352 2958 4392 ac
2979 4338 3066 4404 iis,
3085 4353 3229 4408 quos

1648 4435 1718 4489 ab
1743 4451 1807 4491 eo
1849 4434 1992 4490 filios
2020 4433 2174 4504 regni
2207 4431 2516 4488 invenimus
2544 4437 2791 4494 vocatos,
2818 4428 3013 4498 majori
3048 4430 3231 4486 adhuc

45 4521 88 4570 τὰ
106 4522 291 4590 ieiuna
336 4531 431 4601 μὲν
461 4529 652 4592 ἁπλῶς
695 4527 1064 4599 ἐξενηνέχθαι,
1115 4529 1208 4582 καὶ
1242 4527 1331 4581 διὰ
1383 4528 1541 4582 τοῦτο

1654 4541 1782 4596 opus
1809 4526 2044 4581 habeant
2073 4525 2438 4595 indagatione,
2462 4537 2627 4594 quam
2654 4537 2776 4592 qua:
2813 4520 3067 4577 videntur
3092 4522 3230 4577 sim-

46 4615 510 4694 μηδὲδιηριιηημένα
554 4623 692 4696 πρὸς
741 4622 850 4676 τῶν
894 4624 1264 4685 ἀκουσάντων,
1302 4625 1383 4687 είς
1419 4623 1539 4676 ὅλον

45 4700 76 4753 Et
95 4707 286 4775 τὸτέλος
311 4715 437 4767 αὐτὸ
463 4715 567 4785 τῆς
610 4713 884 4785 σωτηρίας
919 4712 1302 4786 διαφερόντων,
1338 4731 1543 4787 σκοπη-

45 4797 220 4863 σομένων
240 4803 291 4856 δὲ
318 4807 615 4878 θαυμαστῷ
636 4809 731 4862 καὶ
771 4807 1150 4879 ὑπερουρανίῳ
1181 4807 1422 4870 διανοίας
1447 4807 1544 4878 βά-

46 4881 108 4948 Ξει,
127 4893 206 4944 οὐκ
233 4897 555 4962 ἐπιπολαίως
583 4899 831 4969 δέχεσθαι
861 4902 982 4962 ταῖς
1007 4899 1200 4963 ἀκοαῖς
1241 4897 1540 4970 προσῆκεν,

45 4976 132 5032 ἀλλὰ
171 4987 436 5054 καθιέντας
464 4992 558 5044 τὸν
589 4991 713 5045 νοῦν
760 4993 848 5044 ἐπ’
901 4991 1034 5044 αὐτὸ
1077 4991 1138 5044 τὺ
1193 4991 1416 5063 Πνεῦμα
1446 4991 1542 5046 τοῦ

45 5066 228 5146 Σωτῆρος
258 5083 348 5135 καὶ
372 5083 434 5135 τὸ
457 5084 557 5154 τῆς
582 5082 805 5155 γνώμης
837 5084 1163 5156 ἀπόρρητον.

87 5250 154 5315 εἷ’.
193 5255 483 5331 Ἦρώτηται
517 5262 615 5333 μὲν
644 5263 752 5333 γὰρ
782 5261 950 5333 ἡδέως
979 5263 1008 5314 6
1039 5261 1241 5334 Κύριος
1259 5261 1419 5333 ἡμῶν
1446 5261 1542 5315 καὶ

211 5349 461 5422 ἐρώτημα
492 5353 954 5424 καταλληλότατον
977 5333 1144 5423 αὑτῷέ
1199 5355 1232 5424 ἡ
1264 5352 1385 5424 Ζωὴ
1414 5354 1542 5423 περὶ

45 5439 154 5500 ιωὴς,
181 5439 204 5490 6
231 5441 412 5518 Σωτὴρ
459 5446 589 5518 περὶ
622 5446 912 5518 σωτηρίας,
958 5447 986 5498 ὁ
1029 5445 1358 5510 Διδάσκαλος
1413 5447 1542 5518 περὶ

1644 4617 1858 4688 pliciter
1889 4617 1958 4672 ab
1986 4633 2052 4673 eo
2068 4617 2300 4687 prolata,
2327 4630 2449 4686 qua:
2465 4614 2695 4684 proinde
2719 4629 2882 4669 nemo
2915 4613 3226 4671 auditorum

1645 4713 1996 4784 interrogavit
2061 4722 2121 4768 ut
2169 4721 2592 4783 exponerentur,
2658 4716 2716 4773 >14
2772 4710 3100 4780 pertinentia
3155 4709 3224 4764 ad

1645 4806 1825 4877 ipsum
1877 4805 2068 4860 salutis
2118 4803 2300 4871 tinem,
2333 4801 2694 4873 mirandoque
2744 4817 2808 4856 ac
2848 4802 3223 4872 supercmlesti

1647 4897 1842 4953 mentis
1892 4895 2289 4952 consideranda
2343 4892 2648 4964 profundo;
2682 4908 2793 4948 non
2849 4890 3223 4961 perfunctorie

1644 4987 1761 5042 haec
1789 4987 2014 5042 auribus
2047 4985 2366 5048 haurienda,
2398 4983 2493 5040 sed
2520 4985 2594 5038 ita
2632 4991 2691 5038 ut
2723 4983 2788 5037 ad
2823 4983 3000 5051 ipsum
3033 4979 3223 5034 Salva-

1647 5077 1781 5132 toris
1823 5074 2084 5146 Spiritum
2112 5090 2176 5130 ac
2205 5076 2489 5130 sententia:
2535 5088 2798 5128 arcanum
2832 5072 3076 5126 animum
3125 5069 3222 5124 de-

1645 5171 1950 5222 mittamus.
2585 5219 2588 5222 .

1718 5259 1807 5314 Vl.
1859 5257 2110 5314 Jucunda
2157 5264 2304 5310 certe
2334 5254 2564 5313 Domino
2612 5259 2803 5309 nostro
2856 5265 2919 5305 ac
2951 5247 3218 5303 Salvatori

1646 5353 1829 5408 oblata
1859 5351 2090 5422 quastio
2127 5358 2232 5414 est,
2258 5351 2358 5420 ipsi
2391 5349 2648 5404 nimirum
2679 5341 3219 5416 convenientissima.

1646 5441 1850 5514 Nempe
1892 5443 2073 5497 oblata
2119 5441 2348 5511 quaestio
2379 5438 2518 5494 Vitae
2563 5437 2631 5493 de
2659 5438 2790 5500 vita,
2823 5429 3091 5488 Salvatori
3151 5427 3224 5486 de

85 5593 128 5650 ὦ
158 5590 209 5649 Ρ.
247 5597 348 5654 929
386 5599 498 5657 ΕΙ).
537 5599 832 5658 POTTER.
910 5614 935 5643 α
959 5599 1128 5657 Marc.
1170 5617 1233 5667 x,
1267 5601 1358 5667 l7,
1396 5601 1482 5668 l8,
1516 5615 1668 5671 seqq.

83 5745 408 5830 (Ιφηᾶσιν.
442 5754 692 5830 Matthaeo
739 5757 997 5814 nimirum
1026 5765 1094 5830 _et
1137 5755 1358 5823 Marco;
1404 5770 1530 5810 nam
1568 5753 1806 5812 Joannes
1838 5769 1924 5811 res
1952 5763 2134 5827 gestas
2175 5751 2244 5808 ad
2267 5749 2509 5808 historia:
2539 5744 2761 5803 modum
2800 5741 3024 5800 minime
3063 5753 3219 5798 enar-

45 5819 186 5876 'andas
211 5829 460 5899 suscepit.
493 5825 653 5883 tht.
756 5895 762 5900 _
