3818 6538
629 349 735 403 6H

1790 343 2186 403 'CLEMENTIS
2226 341 2694 397 ALEXANDIHNI
3674 351 3733 407 ιιι
3760 302 3761 307 γ

632 466 832 529 salute,
882 462 1142 535 Magistro
1176 478 1240 518 ac
1277 462 1489 518 doctori
1534 462 1601 518 de
1632 462 1808 532 capite
1851 478 2040 518 eorum
2084 477 2181 531 qua

2307 459 2598 528 κεφαλαίου
2652 457 2758 512 τῶν
2807 457 3202 529 διδασκομένων
3256 458 3530 530 δογμάτων,
3578 462 3733 535 Ἀλήθεια

631 554 882 627 dogmate
923 554 1297 619 tradebantur,
1324 552 1553 609 Veritati
1605 553 1675 609 de
1704 568 1831 608 vera
1880 554 2202 608 immortali-

629 654 761 711 tate,
786 646 965 703 Verbo
993 650 1059 703 de
1085 655 1315 719 paterno
1345 647 1511 702 verbo
1546 654 1709 717 atque
1754 646 2027 709 doctrina,
2069 646 2202 701 Per-

629 737 772 793 fecto
801 738 869 793 de
893 738 1129 809 perfecta
1164 738 1373 808 requie,
1404 737 1812 807 Incorruptibili
1835 737 1902 792 de
1936 737 2088 791 ﬁrma
2117 737 2202 792 in-

627 829 1000 899 corruptione.
1022 828 1096 884 De
1125 829 1233 883 illis
1256 830 1436 884 oblata
1463 828 1541 882 illi
1570 828 1798 897 quaestio
1829 839 1934 892 est,
1964 842 2199 897 quorum

626 923 789 978 etiam
818 937 985 977 causa
1014 921 1385 984 descenderat,
1418 920 1618 990 quibus
1657 920 1913 981 instituit,
1949 934 2070 992 quae
2099 920 2199 973 do-

626 1021 735 1077 cet,
774 1028 895 1084 qua:
928 1012 1152 1083 praebet,
1196 1022 1254 1066 ut
1284 1011 1535 1067 osmndat
1582 1010 1856 1081 Evangelii
1911 1025 2199 1082 argumen-

625 1116 741 1161 tum
768 1121 910 1171 esse,
945 1112 1007 1161 ut
1033 1106 1142 1160 vita
1171 1113 1371 1159 aeterna
1400 1104 1517 1175 ipsa
1544 1105 1836 1158 tribuatur.
1872 1102 2197 1159 Prmsciebat

626 1207 811 1255 autem
843 1206 903 1253 ut
942 1197 1106 1261 Deus,
1147 1208 1258 1253 tum
1289 1211 1410 1267 qua
1448 1195 1864 1266 interrogandus
1893 1203 2032 1260 erat,
2068 1196 2195 1248 “tum

626 1291 770 1360 quod
793 1305 1115 1360 responsum
1142 1289 1481 1357 interrogans
1520 1295 1663 1343 esset
1692 1300 2035 1357 accepturus.
2061 1285 2196 1352 Quis

622 1383 771 1435 enim
802 1380 854 1434 id
888 1380 1069 1450 potius
1101 1379 1286 1435 fecerit
1306 1394 1467 1448 quam
1500 1378 1761 1449 propheta
1782 1378 2190 1447 prophetarum,

623 1473 911 1541 omnisque
934 1471 1233 1541 prophetici
1277 1469 1502 1540 spiritus
1554 1470 1758 1526 arbiter
1786 1484 1850 1525 ac
1889 1469 2193 1525 Dominus?

623 1561 863 1619 Vocatus
885 1569 1065 1618 autem
1117 1566 1312 1629 bonus,
1351 1579 1381 1617 a
1411 1563 1589 1633 primo
1634 1562 1739 1617 hoc
1767 1563 1932 1618 verbo
1974 1571 2192 1634 sumpta

619 1655 916 1710 occasione
950 1655 1077 1711 inde
1130 1655 1293 1709 etiam
1338 1655 1644 1709 doctrinam
1674 1657 2013 1726 auspicatur,
2053 1671 2188 1711 con-

621 1758 838 1804 vertens
903 1748 1159 1818 discipuli
1209 1750 1449 1803 animum
1497 1751 1552 1804 in
1590 1746 1759 1804 Deum
1814 1749 2040 1815 bonum,
2078 1749 2190 1820 pri-

616 1856 877 1911 mumque
918 1856 983 1895 ac
1021 1841 1197 1897 solum
1228 1842 1351 1896 vitae
1376 1850 1593 1897 aeternae
1620 1841 1987 1912 praebitorem,
2023 1856 2187 1913 quam

617 1935 689 1989 ab
714 1934 780 1991 eo
803 1943 1099 2005 acceptam,
1138 1935 1299 1989 nobis
1326 1934 1537 1990 confert
1577 1933 1769 1989 Filius.

689 2024 804 2082 Vll.
839 2025 1024 2096 Itaque
1044 2026 1342 2080 maximum
1378 2034 1432 2081 et
1464 2028 1799 2097 praecipuum
1833 2025 2190 2082 documento-

616 2134 740 2173 rum
786 2118 858 2173 ad
898 2119 1061 2172 vitam
1094 2118 1479 2188 spectantium,
1507 2117 1575 2172 ab
1604 2118 1761 2172 initio
1789 2118 1971 2173 statim
2003 2119 2188 2175 animo

619 2208 971 2263 inserendum
1000 2214 1120 2275 est;
1168 2214 1229 2261 ut
1262 2206 1408 2263 Deus
1435 2215 1672 2263 aeternus
1705 2222 1829 2264 esse
1854 2222 1919 2262 ac
1950 2216 2186 2265 aeterno-

618 2314 740 2352 rum
773 2297 949 2363 dator,
987 2308 1345 2368 agnoscatur;
1386 2299 1731 2369 primumque
1756 2314 1820 2354 ac
1849 2314 2184 2370 supremum,

613 2400 671 2446 et
701 2405 870 2444 unum
902 2404 966 2444 ac
992 2390 1195 2445 bonum
1235 2389 1427 2455 Deum,
1481 2390 1651 2447 Deum
1694 2391 1854 2447 nobis
1883 2406 1980 2461 per
2006 2393 2187 2447 scien-

616 2484 749 2537 tiam
791 2488 847 2538 et
885 2482 1430 2553 comprehensionem
1475 2483 1837 2540 vindicemus.
1882 2482 1996 2539 Hoc
2039 2485 2184 2538 enim

612 2573 895 2627 immobile
915 2574 1410 2643 inconcussumque
1439 2573 1766 2643 principium
1794 2581 1850 2629 et
1886 2574 2186 2644 principale

614 2662 742 2716 vitae
770 2661 1170 2729 fulcimentum,
1204 2661 1320 2727 Dei,
1347 2662 1545 2732 quiest
1576 2677 1702 2717 vere
1732 2663 1980 2728 scientia,
2011 2672 2067 2720 et
2091 2664 2185 2734 qui

614 2767 680 2807 ea
708 2768 829 2823 quae
851 2763 981 2807 sunt
1005 2754 1226 2824 (aeterna
1252 2753 1482 2824 scilicet)
1516 2754 1774 2825 largitur;
1802 2770 1868 2810 ex
1888 2770 1998 2824 quo
2019 2756 2182 2811 etiam

615 2844 740 2900 aliis
773 2845 1040 2915 provenit,
1077 2852 1136 2899 ut
1182 2860 1307 2901 esse
1356 2847 1647 2916 accipiant,
1688 2862 1862 2917 eoque
1887 2848 2183 2903 incolumia

611 2936 746 2993 sint.
772 2936 944 3007 Hujus
967 2938 1166 3008 quippe
1191 2938 1456 3010 ignoratio
1480 2955 1629 2995 mors
1653 2950 1738 2995 est
1755 2957 1771 3007 ;
1790 2940 2028 3011 cognitio
2053 2957 2183 2997 vero

610 3036 667 3084 et
695 3030 1042 3086 necessitudo
1070 3037 1232 3100 atque
1262 3030 1330 3084 ad
1355 3046 1479 3085 eum
1507 3029 1729 3087 dilectio
1761 3032 2031 3105 ductaque
2056 3049 2180 3089 cum

610 3136 677 3175 eo
707 3121 1027 3185 similitudo,
1062 3122 1177 3177 sola
1207 3122 1319 3176 vita
1350 3124 1584 3180 exsistit.

680 3210 841 3282 337
862 3209 997 3266 Vill.
1031 3209 1188 3267 Hunc
1231 3227 1362 3283 ergo
1397 3214 1632 3284 primum
1665 3215 2072 3286 agnoscendum
2096 3216 2188 3287 ju-

610 3302 702 3357 bet
734 3305 782 3358 ei
815 3305 912 3377 qui
927 3320 1113 3360 veram
1139 3308 1309 3361 vitam
1354 3308 1428 3363 sit
1476 3316 1733 3365 acturus:
1766 3329 1785 3362 ι
1815 3308 1987 3377 Quem
2018 3327 2179 3367 nemo

608 3396 883 3452 novitnisi
916 3395 1109 3463 Filius,
1133 3404 1187 3454 et
1202 3399 1291 3453 cui
1326 3398 1497 3456 Filius
1521 3402 1841 3458 revelaverit
1875 3416 1923 3458 ο.
1964 3423 1984 3455 ι
2020 3403 2181 3458 Exin-

608 3487 678 3542 de
729 3491 1116 3561 cognoscenda
1184 3500 1269 3547 est
1322 3495 1638 3564 magnitudo
1702 3494 2003 3553 Salvatoris
2055 3505 2181 3569 post

608 3577 763 3631 illum
813 3594 1061 3648 novaque
1091 3581 1285 3649 gratia,
1335 3583 1590 3652 quodque
1634 3584 1792 3654 juxta
1831 3585 2175 3657 Apostolum,

613 3684 634 3718 ι
668 3666 757 3721 lex
788 3681 885 3736 per
920 3667 1159 3738 Moysem
1206 3669 1333 3723 data
1368 3679 1483 3738 est;
1515 3674 1688 3744 gratia
1745 3682 1800 3730 et
1838 3677 2041 3735 veritas
2081 3695 2179 3750 per

604 3759 788 3817 Jesum
819 3760 1098 3818 Christum
1127 3763 1265 3820 facta
1286 3773 1372 3821 est
1408 3767 1465 3834 b;
1505 3786 1524 3819 ›
1556 3784 1657 3824 nec
1683 3770 1835 3839 paria
1856 3778 2006 3837 sunt,
2055 3787 2178 3841 qua;

607 3868 707 3924 per
729 3869 945 3909 servum
986 3855 1199 3911 ﬁdelem
1245 3857 1374 3912 data
1422 3866 1571 3926 sunt,
1602 3867 1659 3915 et
1680 3876 1801 3931 quae
1824 3877 1855 3916 a
1899 3877 2028 3917 vero
2064 3863 2175 3918 ﬁlio

603 3944 805 3999 donata
839 3953 986 4001 sunt.
1019 3946 1263 4017 Denique
1301 3949 1349 4004 si
1380 3948 1581 4022 Moysis
1618 3952 1704 4007 lex
1736 3953 2009 4010 sulliciens
2058 3964 2176 4011 erat

602 4045 664 4089 ut
694 4038 860 4091 vitam
889 4046 1211 4107 praestarem
1233 4058 1249 4108 ;
1274 4040 1479 4098 frustra
1507 4044 1767 4099 nimirum
1786 4043 2035 4102 Salvator
2057 4047 2175 4117 ipse

601 4128 901 4194 adveniret,
926 4133 1210 4205 nostrique
1242 4149 1408 4192 causa
1435 4144 1736 4207 pateretur,
1767 4139 1837 4194 ab
1868 4146 1992 4195 ortu
2023 4140 2169 4194 nati-

597 4220 784 4276 vitatis
813 4221 878 4275 ad
903 4231 1099 4278 metam
1128 4241 1303 4296 usque
1328 4241 1552 4285 emenso
1582 4229 1834 4286 humanm
1855 4231 1979 4286 vitae
2001 4233 2174 4287 curri-

599 4313 742 4368 culo.
786 4312 1011 4370 Frustra
1034 4333 1274 4389 quoque,
1305 4320 1398 4390 qui
1422 4321 1608 4376 omnia
1651 4322 1787 4393 legis
1827 4325 2083 4379 mandata
2137 4340 2170 4379 a

594 4402 881 4471 juventute
912 4407 1231 4477 impleverat
1262 4409 1315 4476 ἀ,
1347 4417 1405 4474 μΙ<
1441 4412 1510 4467 ab
1539 4412 1665 4477 alio,
1711 4413 1786 4467 illi
1825 4416 2165 4483 provolutus,

599 4490 924 4549 immortalis
970 4498 1096 4551 vita:
1141 4508 1464 4569 exposceret
1501 4503 1746 4570 praemia.
1788 4502 1974 4574 Neque
2021 4507 2165 4560 enim

600 4585 776 4638 solum
802 4586 973 4656 legem
1010 4598 1342 4657 servaverat,
1391 4591 1488 4647 sed
1535 4600 1590 4649 et
1629 4608 1662 4647 a
1693 4595 1866 4664 prima
1895 4604 2054 4653 aetate
2109 4597 2166 4653 in

597 4689 718 4727 eam
748 4689 858 4729 rem
892 4676 1233 4733 incubuerat.
1272 4677 1415 4745 Quid
1446 4680 1592 4734 enim
1622 4682 1805 4752 magni
1847 4689 1942 4736 aut
1968 4685 2168 4755 egregii

597 4770 703 4828 est,
735 4773 993 4822 senectus
1026 4783 1135 4827 non
1165 4768 1239 4823 ita
1270 4770 1591 4827 delictorum
1621 4772 1809 4829 ferax?
1838 4773 1937 4830 sed
1967 4776 2014 4830 si
2040 4775 2167 4845 quis

596 4854 915 4911 lasciviente
932 4857 1153 4926 juventa
1193 4874 1258 4915 ac
1291 4862 1470 4917 aetatis
1496 4870 1632 4919 aestu
1669 4876 1939 4919 maturum
1969 4881 2080 4935 pra:
2106 4881 2166 4921 se

596 4963 818 5003 sensum
853 4948 1011 5014 lerat,
1035 4958 1091 5006 et
1120 4967 1282 5022 quam
1321 4969 1421 5023 pro
1450 4955 1713 5025 temporis
1744 4958 1958 5013 ratione
1980 4958 2166 5015 senior

594 5045 888 5108 appareat;
928 5040 1018 5095 hic
1045 5042 1208 5112 plane
1238 5042 1592 5101 admirandus
1624 5061 1689 5100 ac
1719 5047 2015 5117 praeclarus
2057 5064 2161 5118 pu-

593 5130 688 5199 gil,
719 5138 774 5185 et
806 5130 1017 5201 judicio
1043 5148 1236 5189 canus.
1290 5132 1391 5188 llic
1427 5143 1605 5190 tamen
1637 5151 1760 5190 cum
1792 5144 1977 5193 tantus
2013 5144 2181 5200 esset,

592 5222 838 5292 apprime
882 5232 1110 5280 noverat
1139 5234 1432 5296 certusque
1458 5236 1597 5293 erat,
1622 5229 1761 5282 nihil
1802 5228 1906 5283 sibi
1936 5228 2158 5299 quidem

590 5313 658 5366 ad
683 5312 956 5382 justitiam
996 5315 1190 5371 deesse
1227 5335 1240 5370 ε
1273 5317 1497 5373 omnino
1530 5326 1712 5374 autem
1745 5318 1823 5372 illi
1866 5321 1976 5374 vita
2018 5336 2159 5391 opus

586 5411 736 5469 erat;
761 5401 971 5459 idcirco
1001 5406 1249 5476 praestari
1294 5416 1449 5479 rogat
1476 5408 1547 5464 ab
1572 5423 1660 5475 eo,
1698 5410 1794 5480 qui
1835 5410 1988 5466 solus
2025 5410 2158 5467 dare

661 5563 720 5621 >14
763 5556 825 5613 Ρ.
864 5558 968 5615 950
1006 5560 1114 5617 ED.
1156 5559 1450 5617 POTTER.

715 5712 771 5788 θ)
800 5713 1025 5788 ξεῖναι.
1057 5713 1218 5788 Forte
1250 5716 1324 5788 μὴ
1356 5711 1513 5788 εἶναι.
1546 5716 1709 5773 Ἐειι.

675 5783 764 5855 Si)
801 5785 927 5837 Ἴσα
959 5785 1047 5839 τά.
1090 5785 1215 5853 Ms,
1251 5783 1330 5852 εἰς
1362 5784 1448 5839 τά.
1480 5785 1555 5843 In.

1529 5578 1551 5600 ι
1592 5561 1782 5619 Matth.
1819 5579 1906 5631 xl,
1939 5563 2024 5618 l7.
2100 5565 2128 5605 ιι
2166 5563 2325 5621 Joan.
2362 5582 2417 5631 ι,
2448 5567 2536 5622 l7.

2305 551 2433 623 περὶ
2463 551 2560 621 τῆς
2581 549 2837 620 ἀληθινῆς
2861 548 3181 613 ἀθανασίας,
3213 552 3241 603 6
3266 551 3424 619 Λόγος
3454 554 3561 624 περὶ
3582 554 3647 608 τοῦ
3670 559 3733 612 Πι.

2300 641 2425 713 τρδς
2449 642 2629 711 λόγου,
2663 644 2691 695 6
2724 642 2939 705 Τέλειος
2970 643 3098 713 περὶ
3126 643 3221 713 τῆς
3251 642 3445 709 τελείας
3472 646 3731 714 ἀναπαύσεως,

2299 737 2327 788 6
2366 734 2671 806 Ἀφθαρτος
2716 734 2845 806 περὶ
2875 734 2976 805 τῆς
3008 734 3228 805 βεϐαίας
3256 736 3544 808 ἀφθαρσίας.
3579 740 3730 811 ’Πρώτη-

2297 843 2391 880 ται
2434 828 2560 899 περ)⁹
2605 827 2807 880 τούτων
2853 827 2983 900 περὶ
3010 820 3084 881 ὧν
3116 828 3209 881 καὶ
3255 829 3589 900 κατελήλυθεν,
3614 833 3638 884 ἃ
3662 852 3730 887 w-

2296 914 2460 982 δεύει,
2484 915 2521 970 ἃ
2550 916 2810 982 διδάσκει,
2840 916 3138 989 ἃπαρέχει,
3172 917 3257 970 ἴνα
3285 916 3425 991 δείξῃ
3452 918 3533 990 τὴν
3546 921 3615 973 τοῦ
3630 923 3730 992 Εὐαγ-

2298 1007 2475 1076 γελίου
2509 1008 2782 1073 ὑπόθεσιν,
2806 1010 2886 1062 ὅτι
2906 1008 3049 1072 δόσις
3067 1009 3213 1062 ἐστὶν
3242 1010 3447 1063 αἰωνίου
3467 1011 3598 1081 ζωῆς.
3619 1013 3730 1084 Πραί-

2295 1099 2352 1153 δε
2384 1101 2440 1153 δὲ
2468 1100 2544 1164 ὠς
2572 1101 2703 1165 Θεὸς
2736 1103 2830 1155 καὶ
2860 1101 2896 1155 ἃ
2928 1100 3110 1173 μέλλει
3142 1102 3603 1174 διερωτηθήσεσθαι,
3626 1109 3684 1160 mi
3710 1109 3729 1161 ί

2296 1191 2479 1262 μέλλει
2509 1209 2593 1257 τις
2633 1193 2779 1265 αύτῷ
2810 1193 3223 1265 ἀποκρίνεσθαι.
3259 1195 3353 1258 Τίς
3384 1195 3481 1266 γὰρ
3508 1196 3584 1250 καὶ
3612 1199 3729 1267 μᾶλλον

2293 1281 2327 1352 ἦ
2352 1283 2379 1335 ὁ
2411 1283 2695 1354 προφήτης
2725 1283 3038 1356 προφητῶν,
3073 1284 3167 1338 καὶ
3194 1284 3393 1357 Κύριος
3422 1287 3586 1349 παντὸς
3605 1304 3729 1358 προςη.

2292 1373 2444 1426 τικοῢ
2504 1373 2845 1445 πνεύματος;
2892 1376 3130 1448 κληθεὶς
3165 1376 3221 1430 δὲ
3279 1376 3484 1445 ἀγαθὸς,
3535 1378 3609 1432 d3"
3635 1381 3726 1433 αὐτοῦ

2292 1462 2509 1535 πρώτου
2534 1464 2628 1519 τοῦ
2656 1467 2897 1539 ῥήματος
2922 1467 3113 1522 τούτου
3144 1468 3207 1522 τὸ
3237 1467 3495 1540 ἐνδόσιμον
3521 1470 3662 1535 λαδὼν,
3680 1474 3726 1523 ἑν-

2290 1553 2479 1608 τεῦθεν
2502 1555 2596 1609 καὶ
2621 1554 2721 1626 τῆς
2748 1556 3093 1621 διδασκαλίας
3122 1558 3367 1630 ἄρχεται,
3394 1558 3663 1629 ἐπιστρέφων
3679 1560 3727 1611 τίν

2293 1646 2538 1720 μαθητὴν
2569 1648 2662 1701 ἐπὶ
2696 1649 2786 1703 τὸν
2827 1649 2960 1703 Θεὸν
2990 1649 3080 1704 τὸν
3113 1649 3333 1721 ἀγαθὸν,
3366 1650 3453 1703 καὶ
3480 1649 3640 1721 πρῶτον
3673 1651 3725 1701 ul

2296 1739 2455 1811 μόνον
2491 1740 2636 1810 ζωῆς
2667 1741 2886 1796 αἰωνίου
2917 1743 3144 1815 ταμίαν,
3175 1742 3242 1815 ἢν
3270 1742 3300 1795 6
3331 1740 3455 1805 Υίὺς
3475 1741 3636 1795 δίδωσιν
3654 1742 3725 1811 ἡμῖν

2293 1834 2423 1903 παρ’
2446 1833 2653 1887 ἐκείνου
2678 1831 2875 1887 λαϐών.

2360 2016 2433 2069 Z'.
2468 2014 2674 2070 Ούκοῦν
2723 2015 2785 2069 τὸ
2847 2013 3101 2087 μέγιστον
3161 2012 3257 2068 καὶ
3285 2013 3641 2086 κορυφαιότατον
3670 2012 3727 2063 τῶν

2289 2105 2427 2179 πρὸς
2454 2092 2553 2183 τὴν
2583 2095 2764 2177 ζωὴν⁰
2787 2105 3147 2178 μαθημάτων,
3200 2104 3309 2159 ἀπὸ
3357 2105 3447 2177 τῆς
3485 2104 3618 2177 ἀρχῆς
3638 2104 3727 2164 r56");

2287 2196 2689 2281 ἐγκατέθέσθαι
2711 2202 2776 2272 τῇ
2807 2198 2952 2271 ψυχῇ
2980 2198 3079 2252 δεῖ·
3108 2199 3313 2267 γνῶναι
3343 2201 3429 2254 τδν
3455 2198 3565 2259 Θεὸν
3587 2195 3728 2250 viruit}:-
3760 2190 3761 2197 ‘

2287 2311 2421 2358 νιον,
2456 2294 2549 2353 καὶ
2578 2292 2777 2364 δοτῆρα
2813 2291 3067 2357 αἰωνίων,
3108 2293 3204 2347 καὶ
3237 2291 3462 2364 πρῶτον,
3491 2291 3567 2345 καὶ
3588 2289 3728 2361 ὑπέρει-

2285 2403 2399 2451 τον,
2432 2372 2528 2447 καὶ
2557 2384 2673 2448 ἕνα,
2704 2385 2800 2438 καὶ
2831 2384 3030 2453 ἀγαθὸν
3083 2377 3528 2456 Θεὸνκτήσασθαι
3556 2381 3619 2434 διὰ
3652 2377 3730 2446 pd-

2289 2494 2425 2541 σεως
2454 2476 2548 2530 καὶ
2577 2475 2950 2546 καταλήψεως.
2996 2474 3144 2546 Αὕτη
3184 2476 3297 2548 γὰρ
3318 2476 3555 2548 ἄτρεπτος
3569 2473 3635 2528 καὶ
3654 2471 3729 2525 ἀσί-

2286 2567 2473 2631 λευτος
2502 2567 2667 2640 ἀρχὴ,
2698 2567 2794 2621 καὶ
2824 2567 3030 2638 κρηπὶς
3065 2567 3234 2637 ζωῆς,
3287 2569 3540 2639 ἐπιστήμη
3574 2558 3727 2617 Θεοῦτοῦ

2286 2662 2454 2725 ὅντως
2467 2660 2643 2724 ὄντος,
2680 2661 2774 2713 καὶ
2801 2659 2871 2713 τὰ
2888 2659 3037 2721 ὄντα,
3061 2660 3311 2713 τουτέστι
3338 2659 3404 2713 τὰ
3421 2657 3596 2723 αίώνια,
3615 2655 3730 2723 6w»-

2290 2754 2475 2825 μένου·
2499 2753 2562 2819 ἐξ
2592 2748 2653 2807 οὗ
2684 2752 2781 2807 καὶ
2802 2751 2866 2806 τὸ
2891 2746 3029 2805 εἶναι
3067 2754 3179 2815 τοῖς
3210 2751 3392 2816 ἄλλοις
3413 2750 3604 2821 ὑπάρχει
3622 2748 3680 2800 καί
3696 2744 3729 2797 τί

2290 2847 2469 2918 μεῖναι
2492 2844 2815 2917 (20)λα6εῖν.
2847 2843 2914 2898 Ἦ
2940 2843 3036 2916 μὲν
3063 2842 3171 2914 γὰρ
3201 2843 3393 2897 τούτου
3410 2843 3572 2911 ἄγνοια

2285 2942 2452 3003 ἐστιν,
2510 2940 2545 3010 ἡ
2594 2937 2651 2992 δὲ
2710 2937 3002 3006 ἐπίγνωσις
3060 2935 3226 2989 αῖοτοῦ
3278 2935 3372 2989 καὶ
3422 2933 3648 2993 οίκείωσις,
3676 2926 3729 2979 καὶ

2285 3028 2420 3102 πρὸς
2474 3027 2634 3083 αὑτὸν
2678 3025 2867 3097 ἀγάπη
2923 3026 3019 3080 καὶ
3072 3026 3412 3097 ἐξομοίωσις,
3443 3023 3556 3096 μόνη
3578 3020 3670 3090 ζωή.

2300 3210 2384 3264 Η’.
2422 3208 2627 3263 Τοῦτον
2660 3200 2755 3262 οὖν
2816 3205 3047 3279 πρῶτον
3097 3207 3405 3277 ἐπιγνῶναι
3447 3207 3515 3278 τῷ
3549 3201 3729 3276 (amare

2280 3302 2379 3376 τὴν
2409 3303 2578 3366 ὅντως
2605 3301 2752 3372 ζωὴν
2779 3300 3228 3373 παρακελεύεται,
3273 3300 3360 3354 «ὃν
3394 3300 3546 3363 οὐδεὶς
3568 3292 3730 3362 ἐπιγινώ-

2281 3412 2421 3458 σκει,
2455 3396 2503 3447 εί
2539 3392 2613 3466 μὴ
2638 3394 2668 3445 6
2685 3392 2813 3456 Υἱὸς
2840 3392 3184 3464 ἀποκαλύψῃ.
3222 3411 3245 3444 ι
3283 3394 3498 3445 Ἔπειτα
3521 3389 3571 3442 τὸ
3592 3383 3730 3458 μέγεθος
3760 3464 3761 3467 η

2278 3488 2374 3543 τοῦ
2403 3488 2653 3560 Σωτῆρος
2677 3490 2791 3558 μετ’
2822 3488 3027 3540 ἐκεῖνον
3058 3486 3149 3540 καί
3184 3485 3294 3558 τὴν
3317 3483 3577 3556 καινότητα
3592 3479 3659 3548 τῆς
3676 3474 3731 3546 χί-

2282 3598 2427 3653 ριτος
2450 3579 2659 3651 μαθεῖν,
2676 3579 2757 3631 ὃτι
2784 3577 2869 3647 δὴ,
2902 3575 3046 3630 κατὰ
3068 3576 3161 3630 τὸν
3204 3575 3531 3638 Ἀπόστολον,
3555 3591 3571 3623 ι
3598 3568 3729 3636 ὀνόμῡς
3760 3570 3761 3577 “

2276 3672 2366 3726 διὰ
2396 3671 2672 3734 Μωῦσέως
2696 3669 2872 3742 ἐδόθη,
2893 3671 2927 3741 ἡ
2951 3669 3112 3741 χάρις
3141 3669 3239 3721 καὶ
3261 3670 3295 3739 ή
3325 3667 3531 3741 ἀλήθεια
3554 3664 3604 3719 δι’
3626 3654 3731 3731 113503

2278 3763 2514 3837 Χριστοῦ
2530 3763 2763 3833 ἐγένετο·
2790 3782 2809 3815 ι
2835 3762 2927 3817 καὶ
2953 3762 3053 3815 οὐκ
3075 3761 3164 3814 ίσα
3191 3760 3268 3814 τὰ
3297 3762 3406 3832 (Si)
3434 3760 3512 3813 διὰ
3536 3755 3666 3810 δούλου
3682 3765 3731 3802 =1-

2279 3856 2403 3910 στοῦ
2455 3855 2705 3926 διδόμενα
2733 3857 2846 3918 τοῖς
2876 3853 2981 3907 ὑπὸ
3028 3852 3121 3908 τοῦ
3152 3854 3383 3924 γνησίου
3419 3850 3534 3905 Υίοῦ
3553 3841 3730 3916 δωρουμέσ

2274 3965 2404 4012 νοις.
2428 3948 2490 4000 Ei
2521 3946 2650 4016 γοῦν
2680 3946 2862 4009 ίκανδς
2883 3941 2951 4016 ἦν
2980 3948 3009 3999 6
3041 3946 3324 4010 Μωῡσέως
3359 3944 3511 4016 νόμος
3535 3940 3641 4009 ζωὴν
3661 3931 3732 3988 αἰέν

2275 4054 2386 4092 νιον
2416 4039 2732 4108 παρασχεῖν,
2764 4035 2941 4108 μάτην
2967 4035 3066 4108 μὲν
3085 4038 3114 4090 6
3146 4037 3342 4109 Σωτὴρ
3367 4035 3515 4097 αὐτὸς
3538 4026 3733 4100 mydria-

2270 4147 2380 4195 ται,
2402 4131 2498 4185 καὶ
2521 4130 2718 4200 πάσχει
2749 4130 2815 4184 δι’
2842 4130 2988 4201 ἡμᾶς
3007 4130 3116 4183 ἀπὸ
3144 4130 3412 4198 γενέσεως
3444 4127 3580 4199 μέχρι
3600 4118 3665 4175 τοῦ
3677 4132 3733 4183 σί·

2274 4224 2424 4296 μείου
2459 4225 2557 4295 τὴν
2589 4222 2982 4294 ἀνθρωπότητα
3019 4220 3339 4293 διατρέχων·
3378 4219 3536 4291 μάτην
3563 4211 3642 4284 (22)
3663 4202 3732 4259 δὲά

2270 4316 2451 4379 πάσας
2475 4312 2789 4386 πεποιηκὼς
2817 4313 2882 4368 ἐκ
2900 4313 3151 4384 νεότητος
3179 4313 3285 4377 τὰς
3314 4310 3554 4382 νομίμους
3580 4298 3733 4357 ἐντολὰς.

2269 4406 2419 4478 παρὰ
2443 4405 2603 4462 ἄλλου
2622 4406 2737 4477 ᾔτει
2761 4404 3071 4475 γονυπετῶν
3098 4404 3196 4477 τὴν
3220 4403 3529 4460 ἀθανασίαν.
3557 4394 3655 4452 Οὐδὲ
3670 4389 3733 4458 τὶΡ

2271 4496 2599 4569 πεπλήρωκε
2634 4496 2791 4567 μόνον
2848 4495 2939 4551 τὸν
2981 4497 3163 4569 νόμον,
3210 4497 3352 4551 ἀλλὰ
3395 4498 3484 4552 καὶ
3520 4490 3643 4550 εὐθὺς
3672 4480 3735 4536 ἀπὸ

2271 4586 2491 4660 πρώτης
2547 4587 2762 4659 ἡλικίας
2812 4587 3132 4660 ἀρξάμενος.
3204 4590 3360 4644 Ἐπεὶ
3391 4589 3478 4645 καὶ
3519 4585 3565 4640 τί
3603 4574 3732 4653 μέταῆ

2270 4680 2658 4753 ὑπέρλαμπρον
2703 4680 2882 4753 γῆρας
2923 4680 3114 4750 ἀγονον
3152 4682 3583 4755 ἁμαρτημάτων;
3612 4664 3737 4727 me!

2267 4791 2352 4837 τις
2373 4776 2430 4828 ἐν
2457 4774 2784 4845 σκιρτήματι
2815 4774 3076 4845 νεοτησίῳ
3099 4775 3194 4828 καὶ
3221 4774 3305 4845 τῷ
3332 4773 3550 4829 καύσωνι
3574 4768 3647 4838 τῆς
3667 4762 3735 4831 ἠδ’

2267 4865 2391 4928 κίας
2421 4866 2726 4937 παρέχηται
2756 4865 3012 4937 φρόνημα
3035 4865 3301 4932 πεπανδν,
3334 4867 3428 4921 καὶ
3474 4859 3735 4935 πρεσῦύτερσν

2265 4956 2360 5010 τοῦ
2391 4956 2608 5029 χρόνου,
2641 4955 2951 5027 θαυμαστὸς
2979 4950 3133 5020 οὗτος
3160 4957 3465 5028 ἀγωνιστὴς
3494 4955 3574 5009 καὶ
3590 4951 3735 5013 διαπρε⁸

2268 5046 2397 5116 πῆς,
2425 5046 2518 5100 καὶ
2541 5045 2638 5117 τὴν
2670 5044 2895 5117 γνώμην
2942 5044 3287 5118 πολιώτερος,
3334 5046 3466 5102 Ἀλλ’
3491 5045 3615 5114 ὅμως
3640 5035 3737 5090 οὗτθς

2262 5138 2292 5189 6
2318 5138 2557 5201 τοιοῦτος
2596 5138 2838 5210 ἀκριϐῶς
2870 5136 3180 5201 πέπεισται,
3210 5138 3347 5192 διότι
3384 5135 3522 5206 αύτῷ
3543 5131 3647 5203 πρὸς
3677 5123 3735 5192 μὲν

2262 5228 2604 5300 δικαιοσύνην
2647 5230 2799 5284 οὐδὲν
2842 5229 3000 5295 ἐνδεῖ,
3044 5228 3187 5301 ζωῆς
3215 5230 3273 5283 δὲ
3305 5230 3439 5294 ὅλως
3468 5223 3668 5299 προσδεῖ·
3689 5211 3736 5264 διὸ

2264 5323 2433 5394 αὐτὴν
2460 5326 2601 5377 αίτεῖ
2630 5322 2782 5395 παρὰ
2808 5320 2903 5376 τοῦ
2931 5319 3115 5375 δοῦναι
3165 5320 3329 5391 μόνου
3376 5315 3646 5388 δυναμένου.
3669 5302 3736 5395 Kal

2267 5393 2402 5484 πρὸς
2432 5413 2530 5484 μὲν
2549 5413 2638 5468 τὸν
2663 5393 2828 5484 νόμον
2853 5412 2977 5482 ἄγει
3004 5410 3337 5483 παρρησίαν,
3368 5408 3459 5465 τοῦ
3486 5404 3599 5462 Θεοῦ
3621 5400 3663 5454 δὲ
3682 5393 3737 5448 τὸν

2615 5578 2637 5607 ε
2678 5567 2797 5623 Gal.
2828 5584 2906 5635 ιι,
2938 5568 3027 5624 21.
3100 5568 3127 5610 ά
3167 5568 3339 5625 Marc.
3372 5584 3427 5636 ι,
3456 5566 3539 5622 30.

2332 5718 2441 5823 (ξὲ)
2501 5723 2725 5791 Μάτην.
2782 5722 2942 5780 Conf.
2990 5724 3187 5781 Strom.
3243 5739 3347 5790 vn,
3399 5737 3452 5794 p.
3509 5704 3736 5823 767g)?“-

2263 5788 2439 5844 Paris.
