3818 6528
35 394 113 449 613

1053 364 1252 422 LlBER
1294 354 1695 432 QUISﬁDlVES
1736 346 2124 408 SALVE’I‘UR.

3093 329 3198 386 θιι

35 516 128 570 Υἱὺν
154 501 371 563 ἱκετεύει.
413 499 508 555 Ἐκ
537 497 770 558 πίστεως
802 493 880 556 είς
905 491 1086 546 πίστιν
1108 485 1522 560 μετατάσσεται.

237 598 250 607 ·
331 595 354 607 ···
434 594 448 607 ·
596 590 611 607 ο
743 585 972 607 “LL-..
1026 583 1114 607 ---ι
1171 575 1522 607 ι-..,...π.ς.ι...ρ

1646 475 1822 532 )ossit.
1858 473 1928 526 At
1954 468 2171 542 quidem
2201 463 2268 520 ad
2299 463 2468 607 legam
2493 458 2639 532 quod
2669 463 2901 530 spectat,
2931 453 3092 524 longe
3113 467 3201 507 se-

1646 581 1793 607 ιιιιιιις
1817 570 1964 607 erat-
2013 559 2107 607 Dei
2135 565 2319 607 tamen
2409 553 2500 606 ilio
2530 551 2817 607 sunnlicat.
2877 546 2958 602 Ex
2994 546 3098 600 fide
3142 543 3201 598 in

41 609 105 668 Ὠς
145 595 396 669 σφαλερῶς
432 594 492 644 ὲν
553 590 702 660 νόμῳ
734 585 972 640 σαλεύων
1026 583 1120 636 καὶ
1171 575 1522 638 ἐπικινδύνως

33 691 260 764 ναυλοχῶν,
288 689 363 750 είς
392 685 484 738 τὸν
503 681 733 751 Σωτῆρα
769 674 1172 750 μεθορμίξεται.

79 1003 137 1056 Θ.
173 999 221 1056 '0
244 996 372 1068 γοῦν
428 992 643 1068 Ἰησοῦς
687 991 791 1045 οὒκ
842 988 1050 1058 ἐλέγχει
1093 984 1192 1056 μὲν
1236 981 1416 1043 αὐτὸν,
1451 974 1528 1042 ὼς

34 1093 228 1152 πάντατὰ
253 1095 314 1146 ὲκ
339 1090 504 1162 νόμου
543 1089 618 1160 μὴ
648 1083 1073 1156 πεπληρωκότα,
1105 1077 1240 1132 ἀλλά
1270 1077 1364 1129 καὶ
1393 1076 1531 1142 ἁγα-

33 1192 86 1260 τᾷ
106 1188 178 1242 καὶ
205 1177 752 1255 ύπερασπάζεταιτῆς
773 1178 830 1229 ὲν
858 1170 938 1238 οἷς
965 1171 1164 1244 ἔμαθεν
1200 1166 1524 1230 εὐπειθείας·

33 1257 149 1349 ἀτελῆ
171 1278 218 1330 δὲ
247 1270 384 1329 εἷναι
408 1272 569 1343 φησὶν
597 1270 673 1333 ὡς
713 1267 848 1338 πρὸς
875 1267 972 1338 τὴν
1007 1263 1220 1317 αἰώνιον
1247 1258 1412 1330 ζωὴν,
1454 1257 1529 1321 ὡς

31 1373 72 1423 οὗ
95 1370 236 1422 τέλεια
263 1362 676 1436 πεπληρωκότα·
707 1360 804 1414 καὶ
827 1357 988 1429 νόμου
1023 1355 1120 1426 μὲν
1148 1351 1403 1424 ἐργάτην,
1433 1350 1532 1420 ἀρ⁶

32 1463 96 1530 γὸν
119 1463 163 1514 δὲ
187 1459 317 1530 ζωῆς
337 1455 615 1526 ἀληθινῆς.
645 1450 803 1506 Καλά
853 1449 950 1520 μὲν
991 1447 1236 1500 κάκεῖνα·
1269 1441 1353 1504 τίς
1393 1441 1436 1493 δ’
1468 1437 1530 1493 οὗ

32 1569 173 1624 grew;
211 1551 268 1604 Ἡ
294 1549 407 1620 γὰρ
444 1567 464 1599 ι
521 1544 707 1617 ἐντολὴ
757 1542 887 1612 ἁγία
938 1560 957 1593 ι
1000 1540 1128 1611 ἄχρι
1160 1533 1533 1603 παιδαγωγίας

31 1647 131 1706 τινὸς
159 1641 275 1714 μετά
304 1639 475 1710 φόϐου
504 1638 597 1692 καὶ
623 1633 998 1708 προπαιδείας,
1033 1630 1125 1683 ἐπὶ
1160 1627 1257 1698 τὴν
1289 1625 1383 1680 τοῦ
1429 1625 1535 1695 Ἰη-

33 1737 97 1790 seu
116 1734 403 1806 νομοθεσίαν
449 1733 546 1804 τὴν
597 1731 773 1801 ἄκραν
820 1727 914 1780 καὶ
962 1723 1123 1796 χάριν
1154 1717 1529 1792 προχωροῦσα·

31 1834 235 1902 πλήρωμα
261 1831 319 1884 δὲ
342 1829 511 1899 νόμου
543 1824 776 1897 Χριστὸς
803 1823 881 1886 είς
898 1816 1240 1888 δικαιοσύνην
1268 1814 1428 1868 παντὶ
1455 1811 1532 1884 τῷ

1627 543 1793 621 eurus
1817 570 1964 622 erat,
2013 559 2107 614 Dei
2135 565 2319 611 tamen
2362 543 2500 607 Filio
2530 551 2817 622 supplicat.
2877 546 2958 602 Ex
2994 546 3098 600 fide
3142 543 3201 598 in

1625 659 1785 715 ﬁdem
1806 652 2154 709 transfertur.
2189 647 2368 703 Veluti
2399 644 2491 714 qui
2522 660 2632 699 non
2656 651 2770 697 tuto
2792 642 2846 695 in
2874 639 3011 710 legis
3041 636 3201 692 navi-

1627 750 1717 821 gio
1741 748 2040 817 jactaretur
2061 758 2124 797 ac
2151 739 2457 811 periculose
2487 737 2775 792 stationem
2809 733 3097 794 habuerat,
3131 725 3201 780 ad

1631 840 1968 896 Salvatorem
2000 831 2341 889 transmittit.

1699 979 1790 1035 1X.
1821 979 1888 1034 At
1914 992 2042 1033 vero
2062 975 2222 1031 Iesus
2247 989 2352 1027 non
2381 971 2531 1026 illum
2555 968 2856 1039 redarguit,
2888 966 3032 1038 quod
3064 965 3203 1034 legis

1628 1072 1810 1127 omnia
1835 1085 1945 1124 non
1974 1066 2294 1138 impleverit,
2337 1063 2468 1133 quin
2519 1063 2684 1117 etiam
2722 1059 2920 1129 diligit,
2959 1065 3015 1113 et
3052 1055 3201 1128 quod

1630 1167 1720 1231 iis,
1754 1164 1956 1233 quibus
1985 1160 2159 1214 fuerat
2190 1158 2494 1220 institutus,
2519 1161 2743 1210 strenue
2773 1154 3072 1208 obsecutus
3103 1149 3199 1210 sit,

1629 1253 1807 1324 passis
1843 1250 1986 1305 ulnis
2021 1248 2400 1318 amplectitur,
2428 1245 2494 1300 ad
2525 1247 2693 1299 vitam
2723 1250 2904 1296 tamen
2939 1247 3202 1295 aeternam

1630 1343 1773 1416 quod
1803 1343 2013 1405 attinet,
2064 1339 2438 1409 imperfectum
2489 1353 2610 1392 eum
2666 1334 3004 1405 pronuntiat,
3055 1329 3205 1402 quod

1630 1449 1694 1490 ea
1719 1447 1838 1504 qua:
1861 1429 2210 1501 perfectionis
2243 1435 2391 1491 sunt,
2432 1442 2542 1481 non
2590 1425 2930 1495 impleverit;
2956 1437 3019 1476 ac
3066 1420 3205 1490 legis

1631 1530 1848 1601 quidem
1883 1525 2194 1596 operarium
2223 1522 2378 1583 dicit,
2423 1535 2611 1576 verum
2649 1521 2704 1573 in
2723 1529 2940 1572 aeterna:
2971 1517 3094 1570 vita:
3117 1531 3206 1569 re-

1634 1625 1736 1679 bus
1765 1628 2119 1676 cessatorem.
2142 1615 2291 1669 Bona
2321 1614 2538 1684 quidem
2573 1620 2626 1667 et
2658 1613 2779 1677 illa;
2805 1611 2928 1679 quis
2958 1616 3045 1663 eat
3084 1607 3210 1661 infi-

1632 1715 1770 1770 tias?
1803 1712 1938 1766 Nam
1993 1729 2012 1762 ι
2050 1708 2364 1763 mandatum
2416 1715 2664 1760 sanctum
2695 1705 2722 1733 ⁸
2760 1722 2778 1755 ι
2828 1703 3091 1756 hactenus
3141 1705 3202 1752 ut

1633 1805 1908 1879 paedagogi
1930 1803 2215 1872 cujusdam
2245 1802 2363 1855 vice
2393 1815 2516 1853 cum
2569 1798 2760 1850 timore
2792 1795 3049 1864 fungatur
3075 1807 3209 1862 pm-

31 1885 286 1976 πιςέεύὲντι-
329 1885 453 1991 οὐχι
484 1919 540 1976 δὲ
569 1885 788 1978 ssnon;
841 1885 1008 1967 ποιων
1040 1911 1116 1974 ὡς
1145 1885 1346 1971 δοῦλος,
1396 1905 1530 1959 ἀλλὰ

1646 1901 1835 1969 ιίίιηιιο
1869 1894 2228 1951 institutionis
2251 1893 2302 1955 δ,
2343 1890 2409 1944 ad
2443 1903 2716 1945 summum
2753 1887 2887 1957 legis
2917 1885 3046 1940 Jesu
3083 1899 3208 1937 ver-

31 2017 95 2069 καὶ
106 2017 222 2079 υἱοὺς
246 2014 342 2068 καὶ
375 2011 634 2080 ἀδελφοὺς
662 2009 756 2062 καὶ
783 2003 1253 2076 συγκληρονόμους
1273 2002 1399 2063 τοὺς
1421 2001 1538 2052 ὲπι-

31 2108 249 2174 τελοῦντας
283 2107 350 2161 τὺ
371 2105 584 2176 θέλημα
610 2102 705 2170 τοῦ
735 2101 964 2172 Πατρός.

78 2398 120 2449 l'.
145 2416 162 2448 ι
190 2396 245 2451 El
275 2393 457 2460 θέλεις
482 2393 684 2456 τέλειος
706 2388 975 2461 γενέσθαι·
1020 2405 1038 2440 ι
1076 2388 1175 2442 οὐκ
1201 2385 1308 2458 ἄρα
1337 2401 1423 2438 πω
1451 2380 1541 2436 τέ-

30 2487 128 2552 λειος
153 2484 224 2559 ἦν·
251 2488 407 2542 οὐδὲν
443 2486 553 2558 γὰρ
599 2483 804 2538 τελείου
843 2480 1186 2551 τελειότερον.
1227 2477 1337 2531 Καὶ
1380 2474 1538 2538 θείως

29 2579 86 2639 τὺ,
116 2597 130 2629 ι
159 2580 212 2632 Εἰ
239 2578 434 2642 θέλεις,
488 2596 508 2630 ι
562 2576 622 2630 τὸ
652 2571 995 2638 αὐτεξούσιον
1022 2571 1122 2641 τῆς
1152 2566 1539 2641 προσδιαλεγο-

33 2671 154 2741 μένης
194 2670 336 2742 αὐτῷ
366 2669 542 2740 ψυχῆς
585 2667 870 2738 ἐδήλωσεν·
903 2665 997 2718 ἐπὶ
1018 2662 1096 2733 τῷ
1121 2659 1390 2732 ἀνθρώπῳ
1430 2658 1538 2730 γὰρ

27 2757 75 2832 ἦν
98 2764 122 2832 ἡ
146 2763 361 2833 αἵρεσις,
394 2761 470 2824 ὡς
499 2759 788 2830 ἐλευθέρῳ·
823 2757 917 2810 ἐπὶ
947 2755 1065 2826 Θεῷ
1097 2755 1153 2808 δὲ
1199 2755 1232 2824 ὴ
1261 2753 1425 2815 δόσις.
1465 2751 1542 2814 ὼς

30 2855 184 2925 Κυρίῳ.
229 2856 424 2908 Δίδωσι
455 2854 512 2907 δὲ
547 2849 886 2923 βουλομένοις
923 2847 1015 2901 καὶ
1070 2845 1540 2916 ὕπερσπουδακόσι

27 2948 94 2998 καὶ
119 2947 390 3018 δεομένοις,
440 2929 509 2998 iv;
547 2942 717 3006 οὕτως
747 2942 876 3004 ῐδιος
907 2939 1087 2993 αὐτῶν
1119 2941 1152 3010 ἡ
1178 2937 1420 3010 σωτηρία
1446 2935 1540 3004 γέ-

28 3058 159 3108 νηται.
202 3043 269 3095 Οὐ
320 3040 433 3110 γὰρ
463 3037 762 3107 ἀναγκάζει
803 3037 832 3088 ὁ
877 3033 1008 3096 Θεὸς
1052 3029 1163 3101 (βία
1202 3029 1310 3101 γὰρ
1350 3026 1541 3099 ἐχθρὸν

25 3132 146 3202 Θεῷ),
194 3134 323 3188 ἀλλά
361 3136 474 3196 τοῖς
511 3129 730 3202 ζητοῦσι
781 3125 1011 3199 πορίζει,
1041 3125 1134 3178 καὶ
1177 3125 1289 3186 τοῖς
1333 3117 1542 3174 αίτοῦσι

1638 1992 1802 2045 ticem
1859 1988 2198 2057 gratiamque
2241 1983 2383 2036 viam
2416 1989 2667 2036 sternens
2699 1997 2713 2033 :
2766 1976 3043 2048 plenitudo
3077 1990 3211 2030 vero

1639 2083 1771 2153 legis
1787 2081 2040 2136 Christus
2058 2079 2125 2131 ad
2153 2076 2422 2146 justitiam
2444 2073 2592 2126 omni
2615 2068 2860 2125 credenti
2885 2079 2906 2108 ο
2931 2086 2946 2135 ;
2975 2084 3082 2122 non
3112 2067 3206 2136 qui

1637 2183 1698 2231 ut
1729 2182 1918 2230 servus
1949 2187 2138 2229 servos
2195 2169 2380 2232 faciat,
2418 2165 2514 2221 sed
2543 2172 2596 2219 et
2651 2163 2790 2218 filios
2831 2170 2884 2217 et
2927 2159 3124 2216 fratres
3154 2167 3210 2214 et

1637 2265 1970 2330 cohaeredes,
2005 2263 2184 2318 Patris
2216 2261 2550 2315 voluntatem
2590 2256 2856 2311 facientes
2891 2259 3134 2324 praestet.

1706 2398 1774 2454 Χ.
1807 2417 1826 2451 ι
1869 2397 1926 2453 Si
1957 2396 2042 2452 vis
2078 2395 2352 2467 perfectus
2375 2407 2497 2448 esse
2525 2387 2572 2443 δ.
2611 2409 2630 2443 ι
2660 2388 2909 2444 Nondum
2941 2401 3070 2457 ergo
3095 2400 3214 2455 per-

1641 2489 1815 2545 fectus
1843 2495 1994 2543 erat:
2033 2485 2276 2556 perfecto
2314 2496 2552 2552 namque
2598 2479 2731 2534 nihil
2764 2475 3061 2548 perfectius
3099 2482 3206 2529 est.

1638 2578 1894 2636 Ceterum
1944 2577 2206 2650 praeclare
2255 2575 2387 2629 illud
2421 2580 2583 2643 atque
2610 2571 2837 2626 divine:
2875 2587 2894 2620 ι
2938 2567 2995 2622 Si
3030 2567 3136 2630 vis,
3184 2584 3208 2618 ι

1640 2670 2003 2742 colloquentis
2063 2669 2263 2723 anima:
2336 2667 2564 2720 liberam
2624 2659 2836 2716 arbitrii
2900 2657 3214 2712 facultatem

1640 2761 1917 2817 ostendit:
1949 2761 2003 2814 in
2029 2759 2247 2815 homine
2262 2759 2482 2828 quippe,
2515 2764 2776 2824 tanquam
2813 2752 3007 2814 libero,
3041 2751 3214 2805 libera

1641 2864 1757 2909 erat
1792 2852 2085 2907 voluntatis
2107 2849 2329 2916 electio;
2360 2849 2414 2901 in
2443 2846 2553 2901 Deo
2586 2851 2763 2898 autem
2783 2841 2934 2910 dare,
2954 2853 3211 2910 tanquam

1642 2945 1872 2999 Domino
1913 2951 2076 3013 atque
2127 2942 2354 2995 arbitro.
2403 2938 2504 2992 Dat
2562 2945 2742 2991 autem
2801 2934 3106 2989 volentibus
3162 2939 3216 2986 et

1643 3052 1854 3092 summo
1905 3034 2087 3091 studio
2137 3031 2510 3086 adnitentibus
2538 3035 2592 3084 et
2645 3027 2966 3088 orantibus,
3029 3033 3090 3079 ut
3135 3023 3218 3077 sic

1643 3130 1858 3184 illorum
1888 3126 2106 3197 propria
2140 3126 2366 3179 exsistat
2388 3122 2558 3176 salus.
2581 3118 2766 3188 Neque
2789 3118 2932 3173 enim
2955 3113 3098 3170 Deus
3123 3129 3221 3168 co—

27 3226 224 3297 παρέχει,
265 3227 366 3280 καὶ
406 3226 520 3287 τοῖς
551 3220 837 3294 κρούουσιν
868 3217 1088 3286 ἀνοίγει.
1125 3217 1187 3269 El
1226 3213 1400 3276 θέλεις
1426 3208 1539 3274 οὖν,

1646 3221 1720 3292 git
1749 3219 1853 3288 (vis
1873 3217 2018 3272 enim
2043 3216 2262 3270 inimica
2284 3222 2368 3270 est
2389 3212 2542 3283 Deo),
2575 3210 2668 3266 sed
2714 3208 3084 3282 quaarentibus
3115 3205 3220 3260 tri-

25 3318 60 3371 tI
85 3317 224 3384 ὅντως
249 3319 448 3382 θέλεις,
471 3316 564 3370 καὶ
587 3314 662 3386 μὴ
697 3312 890 3367 ἑαυτὸν
930 3309 1222 3380 ἐξαπατᾷς,
1251 3305 1448 3375 κτῆσαι
1483 3304 1544 3356 τὸ

28 3409 174 3463 ἑνδέον.
215 3412 312 3465 Ἐν
341 3427 424 3463 σοι
451 3408 645 3471 λείπει,
665 3405 728 3458 τὸ
758 3404 815 3458 ἓν
844 3403 905 3457 τὸ
936 3402 1114 3474 μένον,
1146 3399 1211 3453 τὸ
1244 3397 1462 3467 ἀγαθὸν,
1485 3393 1546 3447 τὸ

27 3499 98 3572 ἤδη
125 3503 247 3575 ὑπὲρ
274 3503 464 3574 νόμον,
494 3500 633 3571 ὅπερ
660 3499 823 3569 νόμος
854 3497 915 3550 οὐ
953 3494 1183 3554 δίδωσιν,
1215 3492 1352 3561 ὅπερ
1383 3488 1547 3559 νόμος

25 3591 68 3642 οὐ
97 3598 255 3664 χωρεῖ,
281 3593 312 3647 ὃ
341 3593 451 3646 τῶν
471 3591 688 3656 ζώντων
717 3589 845 3643 ἴδιόν
875 3589 1038 3641 ἐστιν.
1082 3583 1294 3655 Ἀμέλει
1315 3581 1343 3632 ό
1370 3579 1547 3634 πάντα

24 3680 154 3734 τὰτοῦ
173 3683 328 3754 νόμου
369 3679 662 3753 πληρώσας
681 3681 744 3732 ὲκ
768 3677 1015 3746 νεότητος
1043 3673 1136 3727 καὶ
1167 3671 1236 3724 τὰ
1263 3669 1542 3741 ὑπέρογκα

24 3774 372 3845 φρυαξὸῳενος,
397 3773 454 3826 ἓν
472 3771 630 3826 τοῦτο
646 3769 918 3842 πραθῆναι
943 3767 1054 3829 τοῖς
1074 3763 1215 3827 ὅλοις
1241 3762 1302 3816 οὐ
1332 3759 1549 3831 δεδύνη-

23 3875 107 3924 ται,
138 3865 192 3918 τὸ
216 3865 309 3919 τοῦ
341 3863 598 3934 Σωτῆρος
628 3861 925 3932 ἐξαίρετον,
947 3858 1034 3912 ἵνα
1064 3855 1203 3927 λάϐῃ
1249 3852 1392 3926 ζωὴν
1420 3851 1549 3907 αίώ-

22 3970 122 4016 νιον,
150 3957 208 4027 ἣν
234 3955 441 4010 ἐπόθει·
470 3952 606 4007 ἀλλὰ
622 3951 954 4024 δυσχεράνας
976 3947 1236 4018 ἀπῆλθεν,
1268 3944 1549 4016 ἀχθεσθεὶς

22 4043 80 4113 τῷ
103 4047 504 4118 παραγγέλματι
536 4044 638 4114 τῆς
682 4043 848 4114 ζωῆς,
893 4041 1034 4113 ὑπὲρ
1069 4035 1137 4111 ἧς
1167 4037 1423 4091 ἱκέτευεν.
1471 4035 1546 4089 Οὐ

22 4136 104 4208 γάρ
141 4138 351 4211 ἀληθῶς
392 4131 538 4209 ζωὴν
582 4135 794 4207 ῆθελεν,
828 4132 903 4196 ὡς
933 4131 1189 4201 ἔφασκεν,
1225 4126 1362 4183 ἀλλά
1393 4125 1550 4190 δόξαν

22 4231 354 4302 προαιρέσεως
382 4229 591 4298 ἀγαθῆς
635 4226 801 4298 μόνην
831 4221 1232 4296 περιεϐάλλετο·
1283 4219 1378 4273 καὶ
1423 4219 1550 4290 περὶ

22 4317 152 4371 πολλά
168 4322 261 4389 μὲν
288 4315 400 4382 οἷός
430 4336 489 4372 τε
524 4313 592 4389 ἦν
645 4314 1018 4387 ἀσχολεῖσθαι,
1051 4311 1114 4365 τὸ
1157 4310 1212 4365 δὲ
1251 4313 1328 4375 ἓν,
1361 4308 1423 4362 τὸ
1452 4309 1550 4378 τῆς

22 4407 137 4479 ζωῆς
172 4412 329 4485 ἔργον
378 4411 634 4474 ἀδύνατος
683 4409 778 4462 καὶ
832 4405 1145 4477 ἀπρόθυμος
1184 4400 1278 4456 καὶ
1323 4399 1552 4470 ἀσθενὴς

21 4501 240 4559 ἐκτελεῖν.
295 4504 509 4557 Ὀποῖόν
548 4519 600 4555 τι
637 4502 731 4555 καὶ
763 4499 900 4571 πρὸς
927 4496 1028 4568 τὴν
1064 4493 1296 4567 Μάρθαν
1343 4489 1494 4546 εἶπεν
1523 4493 1552 4544 ὁ

1645 3309 1784 3373 buit,
1808 3315 1864 3364 et
1889 3307 2202 3378 petentibus
2232 3305 2453 3374 prabet,
2491 3317 2554 3356 ac
2583 3299 2929 3371 pulsantibus
2966 3297 3141 3367 aperit
3165 3306 3215 3348 ε.

1648 3399 1705 3455 Si
1734 3401 1818 3456 vis
1848 3401 2036 3471 igitur,
2082 3398 2131 3454 si
2174 3412 2303 3452 vere
2353 3396 2456 3460 vis,
2505 3403 2560 3449 et
2609 3393 2842 3463 teipsum
2895 3406 3004 3445 non
3050 3388 3218 3456 fallis,

1646 3493 1780 3548 illud
1799 3507 2054 3563 compara
2084 3507 2192 3562 quo
2222 3488 2492 3545 deficeris.
2523 3485 2701 3542 Unum
2735 3484 2832 3540 tibi
2861 3483 3046 3550 deest;
3085 3480 3220 3536 illud

1645 3601 1817 3642 unum
1846 3585 1993 3656 quod
2014 3591 2221 3646 manet,
2262 3581 2404 3652 quod
2439 3581 2639 3634 bonum
2680 3583 2784 3639 est,
2819 3573 2963 3645 quod
2985 3580 3069 3629 est
3105 3573 3218 3643 jam

1647 3693 1812 3750 supra
1855 3678 2051 3748 legem,
2083 3673 2228 3747 quod
2264 3675 2350 3728 lex
2390 3689 2499 3728 non
2537 3671 2651 3734 dat,
2684 3668 2829 3739 quod
2860 3668 2946 3722 lex
2982 3681 3092 3720 non
3124 3678 3223 3718 ca-

1647 3771 1744 3840 pit,
1781 3770 1925 3839 quod
1955 3767 2252 3824 viventium
2277 3764 2557 3836 proprium
2595 3769 2698 3817 est.
2733 3759 2976 3829 Denique
3003 3756 3095 3826 qui
3140 3762 3225 3810 to-

1648 3871 1756 3917 tam
1781 3863 1952 3933 legem
1985 3877 2015 3915 a
2049 3861 2333 3931 juvenlute
2378 3856 2716 3927 impleverat,
2748 3860 2802 3908 et
2837 3851 2929 3923 qui
2959 3851 3025 3906 de
3055 3864 3114 3905 se
3142 3848 3224 3902 sic

1650 3968 1846 4024 magna
1875 3963 2036 4022 atque
2068 3949 2300 4020 superba
2319 3949 2533 4003 locutus
2552 3955 2688 4012 erat,
2722 3959 2891 3998 unum
2924 3942 3025 3996 hoc
3051 3939 3227 3994 omni-

1651 4045 1754 4100 bus
1787 4059 1980 4114 parare
2004 4041 2268 4112 nequivit,
2299 4039 2444 4110 quod
2480 4036 2781 4092 Salvatoris
2813 4034 3086 4104 singulare
3116 4037 3223 4092 est,

1652 4145 1712 4192 ut
1731 4137 1894 4191 vitam
1915 4143 2196 4197 aeternam,
2219 4133 2376 4202 cujus
2398 4146 2522 4186 eum
2545 4126 2874 4184 desiderium
2903 4127 3224 4187 incesserat,

1651 4229 1947 4300 arriperet:
1989 4231 2046 4290 ᾖ
2101 4223 2193 4281 sed
2225 4222 2403 4278 tristis
2455 4221 2608 4284 abiit,
2641 4220 2766 4274 vitae
2811 4215 3068 4270 mandato
3099 4229 3226 4284 gra-

1651 4329 1831 4385 vatus,
1862 4318 2020 4388 cujus
2058 4316 2232 4388 gratia
2256 4312 2619 4384 supplicatum
2651 4314 2892 4366 venerat.
2932 4305 3050 4362 Non
3081 4305 3226 4361 enim

1653 4428 1782 4467 vere
1813 4411 1977 4466 vitam
2007 4409 2301 4471 ambiebat,
2337 4414 2396 4459 ut
2419 4404 2602 4460 verbis
2629 4399 2974 4473 proferebat;
3001 4396 3097 4454 sed
3128 4395 3228 4450 bo-

1655 4519 1738 4559 na:
1779 4503 2044 4558 duntaxat
2087 4498 2384 4555 voluntatis
2436 4497 2634 4550 famam
2686 4491 3064 4562 aucupabatur
3090 4507 3124 4544 :.
3167 4503 3233 4542 ac

21 4590 175 4666 Σωτὴρ
203 4595 607 4668 ἀσχολουμένην
648 4592 816 4647 πολλά
863 4591 956 4645 καὶ
1005 4586 1430 4660 περιελκομένην
1462 4586 1542 4638 καπ

1661 4596 1877 4667 quidem
1915 4595 2059 4649 circa
2106 4593 2275 4648 multa
2319 4589 2586 4646 sollicitus
2615 4602 2738 4642 esse
2786 4591 3018 4654 poterat,
3062 4595 3230 4636 unum

21 4689 395 4759 ταρασσομένην
417 4685 755 4748 διακονικῶς·
789 4684 888 4755 τὴν
923 4683 980 4736 δὲ
1019 4681 1255 4752 ἀδελφὴν
1295 4678 1556 4749 αἰτιωμέ-

22 4792 111 4843 mv,
134 4779 210 4831 ὁτι
240 4780 303 4833 τδ
333 4779 629 4850 ὑπηρετεῖν
659 4773 1021 4835 ἀπολιποῦσα,
1051 4774 1168 4835 τοῖς
1201 4771 1356 4824 ποσὶν
1387 4766 1555 4823 αὑτοῦ

21 4871 390 4943 παρακάθηται,
429 4868 730 4942 μαθητικὴν
754 4867 962 4935 ἄγουσα
1003 4865 1219 4936 σχολήν·
1260 4881 1280 4915 ι
1336 4863 1408 4916 Σὺ
1432 4862 1560 4935 περὶ

21 4961 160 5014 πολλὰ
174 4963 440 5035 ταράσσῃ·
473 4961 662 5033 Μαρία
694 4957 752 5012 δὲ
776 4959 873 5029 τὴν
902 4957 1112 5028 ἀγαθὴν
1152 4954 1343 5028 μερίδα
1387 4953 1561 5019 ἐξελέ-

21 5048 136 5116 Em,
169 5058 262 5109 καὶ
290 5057 390 5110 οὐκ
415 5053 844 5126 ἀφαιρεθήσεται
876 5051 970 5105 ἀπ’
1009 5049 1197 5119 αὐτῆς·
1241 5067 1260 5100 ι
1296 5047 1438 5101 οὕτω
1463 5046 1556 5100 καὶ

21 5144 172 5198 ιοῦτον
227 5148 463 5211 ἐκέλευε,
505 5147 605 5218 τῆς
661 5141 1188 5214 πολυπραγμοσύνης
1245 5139 1555 5209 ἀφειμένον,

21 5234 77 5287 ἐνὶ
105 5240 526 5312 προστετηκέναι
560 5239 652 5292 καὶ
674 5233 1145 5308 προσκαθέζεσθαι
1166 5237 1231 5305 τῇ
1264 5228 1556 5304 χάριτιτοῦ

21 5330 134 5399 ζωὴν
157 5331 371 5385 αἰώνιον
416 5329 784 5402 προτιθέντος.

1661 4703 1787 4744 vero
1829 4687 1982 4749 illud,
2008 4699 2148 4755 opus
2177 4682 2308 4736 illud
2343 4680 2534 4737 salutis
2560 4686 2619 4733 ut
2653 4679 2959 4747 perliceret,
2992 4688 3100 4727 non
3133 4685 3232 4724 va-

1663 4778 1843 4842 lebat;
1895 4774 2059 4844 inque
2091 4788 2203 4828 rem
2266 4771 2495 4840 supinus
2535 4775 2589 4823 et
2619 4767 2868 4822 infirmus
2899 4771 3037 4818 erat.
3081 4759 3234 4815 Sicut

1662 4869 1806 4925 enim
1843 4867 2066 4922 Martha:
2100 4864 2237 4920 dixit
2281 4861 2567 4926 Dominus,
2599 4875 2723 4914 cum
2777 4859 2832 4912 in
2874 4855 3062 4910 multis
3089 4859 3235 4907 esset

1664 4959 1902 5015 sollicita
1947 4965 2000 5013 et
2041 4953 2390 5011 ministrandi
2425 4967 2557 5007 cura
2587 4950 2987 5008 distraheretur
3020 4962 3083 5000 ac
3117 4953 3237 4997 tur-

1664 5051 1920 5115 baretur,
1967 5047 2252 5116 sororique
2283 5045 2416 5099 vitio
2455 5043 2610 5096 daret
2642 5041 2810 5112 quod,
2856 5039 3043 5093 relicto
3075 5035 3237 5089 mini-

1667 5138 1855 5201 sterio,
1923 5136 2136 5191 sederet
2190 5134 2257 5189 ad
2307 5133 2472 5204 pedes
2532 5132 2674 5201 ejus,
2737 5128 3020 5198 discipulae
3063 5124 3236 5180 otium

1665 5238 1921 5299 captans:
1955 5246 1974 5279 ι
2029 5226 2110 5281 Tu
2159 5242 2286 5297 erga
2320 5227 2489 5280 multa
2531 5223 2806 5278 turbaris:
2854 5220 3022 5274 Maria
3055 5227 3236 5271 autem

1665 5323 1920 5392 optimam
1943 5328 2147 5390 partem
2172 5319 2356 5389 elegit,
2382 5333 2500 5388 qua:
2521 5333 2630 5372 non
2655 5315 2933 5369 auferetur
2952 5311 3023 5366 ab
3050 5325 3109 5365 ea
3133 5307 3150 5347 ί
3173 5327 3185 5362 :
3213 5327 3232 5359 ι

21 5421 74 5472 ita
107 5423 253 5477 hunc
283 5440 520 5496 quoque,
546 5423 826 5494 negotiosa
853 5421 1213 5493 occupatione
1237 5419 1465 5484 omissa,
1493 5419 1587 5473 uni
1623 5427 1830 5473 tantum
1865 5417 2142 5471 adhaerere
2183 5415 2360 5486 jubet,
2385 5414 2613 5484 ejusque
2651 5410 2892 5467 assidere
2915 5409 3122 5479 gratiae,
3145 5405 3236 5476 qui

22 5528 111 5580 pse
138 5517 304 5570 vitam
331 5525 593 5572 sternam
623 5521 968 5585 proponeret.

72 5723 127 5779 ’Β
167 5716 234 5772 Ρ.
272 5719 365 5776 951
413 5719 524 5775 ED.
564 5717 860 5775 POTTER.
974 5728 1000 5758 ι
1040 5715 1198 5771 Rom.
1243 5731 1342 5779 vn,
1382 5713 1468 5772 l2.

21 5794 32 5820 '
69 5785 256 5844 Hatth.
289 5807 383 5859 vn,
421 5791 485 5861 7;
528 5790 661 5845 Luc.
719 5788 898 5862 x1,_9.
983 5787 1002 5825 ί
1044 5787 1176 5842 Luc.
1214 5804 1267 5852 χ,
1300 5789 1386 5841 M.

1587 5714 1616 5756 δ
1653 5710 1772 5770 Gal.
1821 5729 1903 5782 in,
1943 5718 2036 5771 Ἦ.

2150 5722 2173 5764 .e
2215 5709 2376 5770 Rom.
2414 5728 2468 5780 χ,
2511 5712 2564 5768 ι.
2671 5709 2696 5750 ιι
2740 5704 2932 5765 Matth.
2987 5719 3105 5771 xu,
3147 5701 3239 5758 2|.
