3818 6550
611 360 721 418 6l5

1761 353 2154 413 CLEMENTIS
2195 352 2662 410 ALEXANDRINI
3655 367 3710 420 (εις

683 496 776 555 XI.
825 498 964 566 Quid
1001 514 1130 571 ergo
1155 498 1257 554 fuit
1290 497 1454 569 quod
1476 497 1554 552 illi
1584 493 1766 568 fugam
1803 496 1999 561 suasit,
2035 495 2188 552 fecit-

2359 478 2461 531 lA'.
2498 476 2562 529 Τί
2587 475 2768 529 τοίνυν
2794 469 2864 547 ἦν
2889 473 2952 529 τὸ
2991 474 3416 547 προτρεψάμενον
3443 477 3572 532 mm“
3592 484 3644 544 είῖ
3660 504 3710 552 9"

610 608 718 664 que
751 599 810 646 ut
859 608 917 648 se
971 607 1000 645 a
1039 593 1334 664 magistro,
1387 607 1418 644 a
1477 589 1899 660 supplicatione,
1949 604 1979 643 a
2014 605 2130 659 spe,
2160 604 2190 643 a

609 687 740 746 vita.
780 701 807 739 a
843 685 1145 749 laboribus,
1180 685 1381 754 quibus
1405 683 1519 754 jam
1546 681 1864 753 perfunctus
1895 690 2032 746 erat,
2062 683 2192 737 sub-

610 778 872 834 duceret?
903 777 1130 848 Nempe,
1177 796 1196 829 ι
1223 776 1402 832 Vende
1448 792 1568 848 qua:
1620 775 1846 831 habes.»
1886 773 2026 841 Quid
2061 790 2190 831 vero

611 870 714 926 hoc
750 869 853 924 sibi
888 869 1048 923 vult?
1073 868 1230 924 Haud
1261 884 1413 931 sane,
1439 867 1586 938 quod
1614 868 1834 937 quidam
1883 868 2044 921 obvio
2077 876 2191 922 sta-

611 962 706 1016 tim
735 977 900 1018 sensu
938 963 1234 1033 accipiunt,
1267 961 1556 1017 facultates
1598 961 1790 1030 projici
1827 960 1986 1029 jubet
2013 968 2066 1014 et
2093 976 2187 1029 pe-

610 1055 805 1109 cunias
859 1068 890 1106 a
947 1069 1006 1110 se
1054 1069 1348 1122 amovere;
1402 1052 1501 1107 sed
1537 1053 1764 1130 quasde
1811 1052 2020 1106 divitiis
2049 1067 2188 1106 vana

607 1145 817 1216 judicia
849 1157 977 1201 sunt
1005 1146 1188 1200 animo
1220 1145 1614 1209 exterminare,
1655 1161 1784 1214 erga
1807 1160 1902 1199 eas
1930 1143 2187 1200 ell'renem

612 1239 897 1294 libidinem
942 1254 1007 1294 ac
1037 1239 1279 1294 avaritiae
1299 1239 1496 1302 labem,
1547 1237 1965 1304 sollicitudines,
2003 1237 2188 1292 seaculi

612 1332 822 1401 spinas.
851 1348 975 1402 quae
1007 1332 1275 1387 sulfocant
1314 1333 1436 1386 vita:
1463 1346 1666 1386 semen.
1711 1329 1868 1384 Haud
1899 1329 2042 1384 enim
2074 1345 2190 1382 ma-

613 1441 776 1496 gnum
805 1426 1141 1496 dignumque
1166 1425 1540 1487 zemulatione,
1583 1431 1811 1488 temere,
1860 1439 1972 1478 non
2027 1431 2086 1477 ut
2110 1424 2190 1477 vi-

612 1519 1116 1584 tamnanciscaris,
1165 1518 1371 1574 divitiis
1405 1532 1632 1572 carere:
1689 1517 1771 1572 sic
1831 1531 2070 1586 namque
2096 1517 2188 1586 qui

612 1609 746 1664 nihil
767 1625 994 1678 prorsus
1027 1611 1249 1674 habent,
1277 1610 1394 1674 sed,
1433 1609 1582 1664 omni
1619 1610 1868 1665 destituti
1901 1610 2022 1666 vitae
2047 1613 2190 1667 sola-

611 1703 709 1766 tio,
767 1703 1070 1772 quotidiani
1113 1701 1350 1758 mendici
1401 1719 1497 1774 per
1549 1704 1667 1758 vias
1717 1703 1908 1774 inopes
1961 1703 2191 1774 projecti

611 1804 760 1859 sunt,
786 1811 907 1850 cum
943 1804 998 1851 et
1053 1796 1222 1850 Deum
1273 1796 1524 1867 ignorent
1547 1795 1750 1866 Deique
1784 1795 2076 1866 justitiam,
2125 1812 2191 1852 ea

610 1886 876 1942 duntaxat
915 1889 1126 1944 ratione
1152 1887 1298 1958 quod
1330 1895 1573 1944 extrema
1604 1897 1924 1959 premantur
1956 1905 2190 1960 pauper-

609 1987 741 2041 tate,
777 1981 1040 2050 omnique
1071 1982 1193 2036 vitae
1228 1981 1476 2036 subsidio
1528 1989 1776 2047 careant,
1812 1997 1877 2037 ac
1918 1983 2000 2038 vel
2029 1983 2192 2037 mini-

609 2073 718 2127 mis
740 2073 1087 2135 deﬁciantur,
1119 2073 1364 2128 omnium
1418 2073 1724 2129 beatissimi
1750 2082 1937 2130 essent
1963 2089 2027 2130 ac
2058 2075 2189 2129 reli-

611 2164 934 2233 giosissimi,
1001 2165 1224 2235 solique
1266 2175 1547 2237 compotes
1599 2167 1726 2221 vitae
1775 2175 2012 2222 αξιοι-ηπ.
2081 2165 2194 2223 Nec

610 2271 752 2310 nova
787 2271 881 2312 res
934 2260 1192 2314 abdicare
1237 2258 1477 2324 divitias,
1513 2266 1567 2313 et
1617 2259 1674 2313 in
1725 2273 1995 2330 pauperes
2029 2269 2194 2330 atque

611 2364 814 2419 egenos
847 2350 1099 2420 elargiri;
1129 2349 1273 2421 quod
1299 2357 1353 2404 et
1395 2350 1552 2404 multi
1597 2357 1724 2405 ante
1760 2348 2062 2407 Salvatoris
2096 2349 2193 2404 ad-

611 2448 834 2495 ventum
869 2441 1260 2510 praastiterunt,
1281 2456 1388 2512 qua
1413 2447 1474 2494 ut
1493 2441 1800 2497 litterarum
1829 2441 2028 2497 studiis
2054 2457 2195 2496 mor-

609 2538 829 2602 tuaque
858 2533 1140 2602 sapientiae
1173 2540 1454 2600 vacarent,
1504 2548 1614 2603 qua
1645 2543 1705 2588 ut
1751 2533 1898 2588 inani
1926 2533 2194 2604 jactantia

610 2626 850 2681 nominis
873 2626 1179 2681 claritatem
1237 2641 1302 2680 ac
1350 2626 1594 2696 gloriolae
1640 2641 1831 2681 curam
1883 2636 2189 2698 captarent,

610 2716 968 2787 Anaxagorzc,
1003 2716 1320 2782 Democriti,
1351 2716 1621 2774 Cratetes.

681 2808 848 2880 338
867 2808 980 2863 XII.
1010 2809 1151 2876 Quid
1181 2811 1348 2882 igitur
1368 2819 1426 2864 ut
1456 2827 1656 2866 novum
1687 2811 1891 2884 Deique
1915 2815 2190 2886 proprium

607 2900 783 2970 jubet,
816 2918 880 2957 ac
908 2904 1084 2958 solum
1117 2903 1386 2974 ejusmodi
1418 2915 1476 2958 ut
1509 2903 1782 2961 vivificare
1815 2915 1998 2976 queat,
2047 2909 2193 2978 quod

612 2994 852 3064 antiquis
885 2997 1114 3051 salutem
1169 3012 1279 3051 non
1314 2995 1702 3063 attulit?Quid
1751 3014 1880 3053 vero
1933 3000 2191 3055 eximium

611 3087 739 3156 quid
769 3102 833 3141 ac
867 3088 1144 3159 singulare
1177 3103 1315 3143 nova
1346 3096 1620 3153 creatura,
1658 3087 1752 3143 Dei
1800 3087 1972 3146 Filius
2001 3093 2194 3161 praeci-

2291 568 2416 642 γὴν,
2468 569 2562 622 καὶ
2601 567 2835 639 ποιῆσαν
2873 567 3312 638 ἀπαυτομολῆσαι
3357 567 3442 620 τοῦ
3486 568 3711 639 διδασκάλω,

2290 663 2388 732 τῆς
2419 661 2644 724 ἱκεσίας,
2667 659 2766 730 τῆς
2792 659 3025 722 ἐλπίδος,
3056 660 3155 730 τῆς
3201 659 3356 730 ζωῆς,
3379 661 3472 713 τῶν
3488 678 3710 735 προπππη.

2295 755 2498 824 μένων;
2526 771 2542 802 ι
2569 750 2824 822 Πώλησον
2858 750 2926 804 τά
2954 751 3266 822 ὑπάρχοντά
3313 767 3447 804 σου.»
3483 752 3536 804 Τί
3555 753 3597 806 δὲ
3626 757 3713 812 triti

2289 847 2465 910 ὲστιν;
2497 846 2606 914 Οὐχ
2640 844 2675 898 ἃ.
2722 845 3028 916 προχείρως
3078 843 3317 915 δέχονταί
3357 861 3498 908 τινες,
3523 845 3596 917 τὴν
3617 850 3712 919 ὑπὲρ

2290 955 2486 1009 χουσαν
2521 939 2707 991 οὐσίαν
2731 938 3032 1009 ἀπορῤίψαι
3085 936 3404 1010 προστάσσει
3429 938 3508 990 καὶ
3525 941 3713 1010 ἀποστῆναι

2291 1031 2398 1085 ἀπὸ
2421 1030 2530 1083 τῶν
2559 1031 2872 1103 χρημάτων
2909 1030 3044 1084 ἀλλά
3079 1029 3150 1083 τά
3189 1031 3420 1100 δόγματα
3469 1034 3714 1103 περίκρημ-

2289 1143 2395 1178 των
2425 1125 2662 1196 ἐξορίσαι
2692 1125 2789 1198 τῆς
2816 1124 3016 1195 ψυχῆς,
3076 1125 3176 1196 τὴν
3220 1123 3345 1195 περὶ
3375 1124 3495 1177 αὺτά
3517 1128 3650 1179 πτοίαν
3667 1131 3716 1181 ul

2289 1219 2462 1284 νόσον,
2497 1219 2594 1284 τάς
2633 1220 2921 1290 μερίμνας,
2970 1219 3068 1284 τὰς
3103 1216 3339 1282 ἀκάνθας
3378 1217 3461 1271 τοῦ
3507 1219 3660 1288 Bima!
3685 1224 3716 1274 τὸ

2293 1313 2511 1384 σπέρμα
2564 1314 2662 1383 τῆς
2710 1312 2852 1383 ζωῆς
2893 1312 3304 1383 συμπνίγουσιν.
3367 1311 3486 1366 Ulli-ra
3530 1311 3609 1384 γὰρ
3637 1315 3715 1384 μέτι

2291 1406 2384 1459 καὶ
2418 1405 2655 1476 ζηλωτὸν
2686 1405 2744 1458 τὸ
2771 1405 3048 1478 τηνάλλως
3085 1407 3311 1477 ἀπορεῖν
3337 1406 3586 1477 χρημάτων
3606 1408 3652 1475 μὴ

2291 1499 2434 1570 λόγῳ
2471 1497 2638 1570 ζωῆς·
2676 1499 2818 1552 οὕτω
2871 1499 2970 1571 μὲν
3003 1499 3112 1570 γὰρ
3153 1494 3292 1569 ἦσαν
3340 1501 3384 1552 οἱ
3437 1499 3570 1569 μηδὲν
3596 1499 3714 1568 ἔχοντες

2296 1590 2546 1660 μηδαμῆ,
2576 1588 2711 1642 ἀλλὰ
2741 1589 2936 1660 ἔρημοι
2963 1588 3057 1642 καὶ
3092 1590 3342 1658 μεταῖται
3373 1587 3467 1640 τῶν
3492 1588 3558 1656 ἐφ’
3579 1590 3715 1657 ἡμέραν,

2293 1683 2343 1736 οἱ
2378 1683 2516 1737 κατὰ
2543 1682 2641 1746 τὰς
2666 1681 2816 1746 ὁδοὺς
2851 1680 3176 1754 ἐρριμμένοι
3212 1681 3423 1751 πτωχοὶ,
3452 1679 3717 1748 ἀγνοοῦντεςᾶ

2295 1773 2425 1826 Θεὸν
2453 1774 2547 1828 καὶ
2575 1773 2918 1846 δικαιοσύνην
2933 1772 3090 1835 Θεοῦ,
3108 1772 3229 1827 κατ’
3255 1772 3381 1826 αὐτὸ
3403 1772 3538 1843 μόνον
3555 1773 3598 1824 τὸ
3616 1773 3717 1840 ἄκρως

2291 1866 2516 1937 ἀπορεῖν
2572 1866 2667 1920 καὶ
2725 1867 3025 1936 ἀμηχανεῖν
3073 1864 3188 1936 βίου
3249 1865 3342 1918 καὶ
3398 1862 3493 1914 τῶν
3539 1861 3716 1931 tinxisset

2293 1957 2576 2022 σπανίζειν
2608 1956 3016 2029 μακαριώτατα
3045 1958 3140 2010 καὶ
3177 1954 3562 2024 θεοφιλέστατοι,
3591 1957 3653 2006 καὶ
3671 1955 3719 2022 μὸ-

2289 2067 2369 2104 νοι
2389 2051 2534 2123 ζωὴν
2564 2050 2776 2121 ἔχοντες
2797 2049 3032 2104 αἰώνιον.
3066 2049 3202 2103 Οὔτε
3228 2049 3408 2103 καινὸν
3433 2049 3484 2101 τὸ
3509 2046 3719 2101 (intrari:

2290 2143 2516 2197 πλοῦτον
2549 2144 2640 2197 κα)⁵
2665 2143 2990 2214 χαρίσασθαι
3021 2143 3310 2214 πτωχοῖςῆ
3343 2140 3554 2211 πένησιν,
3574 2139 3596 2192 ὃ
3619 2139 3720 2190 mliti:

2290 2237 2397 2308 πρὸ
2417 2236 2516 2308 τῆς
2540 2236 2634 2290 τοῦ
2667 2236 2918 2308 Σωτῆρος
2967 2235 3193 2289 καθόδου
3255 2236 3588 2306 πεποιήκασιν,
3619 2234 3649 2284 ol
3669 2232 3722 2301 μὲν

2289 2329 2391 2400 τῆς
2428 2331 2508 2393 είς
2535 2329 2726 2398 λόγους
2753 2328 2952 2400 σχολῆς
2982 2329 3079 2383 καὶ
3121 2329 3324 2400 νεκρᾶς
3359 2326 3528 2396 σοφίας
3547 2324 3720 2385 tumo!

2291 2421 2347 2474 δὲ
2380 2422 2567 2494 φήμης
2600 2421 2762 2492 κενῆς
2819 2422 2914 2476 και
2974 2419 3302 2486 κενοδοξίας,
3370 2418 3648 2488 Ἀναξαγόραι
3673 2417 3722 2465 ιιι

2293 2515 2623 2588 Δημόκριτοι
2651 2515 2748 2570 καὶ
2779 2516 3086 2588 Κράτητες.

2276 2702 2311 2723 κ

2365 2807 2465 2859 IB'.
2506 2805 2571 2859 Τί
2604 2799 2698 2858 οὖν
2729 2805 2805 2868 ὼς
2829 2803 3035 2868 καινὸν,
3061 2803 3190 2857 ῐδιον
3220 2802 3356 2856 Θεοῦ
3377 2799 3660 2874 παραγγέλλει
3675 2795 3725 2846 καὶ

2298 2897 2457 2968 μόνον
2488 2897 2770 2962 ζωοποιὸν,
2810 2895 2839 2950 ὃ
2859 2896 2985 2960 τοὺς
3018 2894 3322 2968 προτέρους
3349 2895 3442 2947 οὑκ
3469 2892 3624 2953 Eamus;
3646 2886 3728 2941 Τεδὲ

2294 2989 2567 3063 ἐξαίρετόν
2594 3008 2647 3043 τι
2681 2991 2714 3062 ἡ
2745 2989 2906 3061 καινὴ
2935 2989 3134 3055 κτίσις,
3165 2990 3194 3042 ό
3225 2989 3356 3052 Υἱὸς
3387 2987 3505 3040 Θεοῦ
3534 2983 3663 3057 μηνύει
3680 2979 3729 3030 ul

2294 3082 2566 3149 διδάσκεις
2603 3084 2678 3138 Οὐ
2701 3082 2760 3136 τὸ
2793 3081 3140 3153 φαινόμενον,
3163 3082 3303 3153 ὅπερ
3329 3080 3469 3135 ἄλλοι
3496 3076 3729 3142 «statim.

610 3178 688 3248 pit
723 3194 786 3234 ac
817 3180 1011 3235 docet?
1039 3179 1157 3236 Non
1215 3181 1319 3236 hoc.
1379 3180 1602 3236 mandat
1633 3180 1777 3252 quod
1821 3183 1876 3236 in
1911 3193 2190 3254 aspectum

2301 3177 2606 3250 παρεγγυᾷ,
2643 3175 2756 3230 ἀλλ’
2787 3175 2974 3248 ἕτερόν
3021 3194 3077 3230 τι
3122 3175 3210 3229 διά
3260 3173 3414 3229 τοῦτο
3465 3169 3730 3261 σημαινόμενον

610 3269 778 3334 cadit,
814 3271 960 3341 quod
1001 3271 1092 3326 alii
1125 3269 1304 3326 fecere
1328 3311 1342 3335 ,
1395 3269 1492 3327 sed
1524 3271 1670 3326 aliud
1709 3271 1840 3342 quid
1884 3273 2064 3342 majus
2111 3273 2194 3326 di-

610 3363 907 3433 viniusque
935 3371 988 3418 et
1019 3363 1340 3434 perfectius,
1400 3363 1546 3434 quod
1594 3364 1688 3418 illo
1717 3364 2095 3434 significatur:
2137 3374 2196 3420 ut

613 3455 856 3508 animum
891 3455 1104 3510 scilicet
1161 3454 1526 3524 affectumque
1573 3455 1724 3510 vitiis
1781 3456 2073 3518 nudemus,
2131 3472 2196 3512 ac

613 3560 734 3614 quae
755 3545 933 3599 aliena
987 3551 1138 3609 sunt,
1196 3543 1462 3600 radicitus
1491 3560 1560 3599 ex
1607 3559 1674 3598 eo
1721 3544 2110 3600 exscindamus
2143 3553 2198 3599 et

614 3636 917 3705 ejiciamus.
966 3635 1080 3691 lloc
1137 3635 1396 3690 nimirum
1435 3634 1539 3688 viri
1583 3634 1758 3691 fidelis
1786 3637 2064 3706 pr0prium
2097 3637 2197 3690 do-

619 3734 960 3789 cumentum,
997 3726 1272 3797 dignaque
1331 3726 1616 3781 Salvatore
1670 3725 1940 3780 doctrina.
1975 3724 2197 3797 Antiqui

621 3820 792 3884 enim,
813 3819 1146 3889 contemptis
1175 3819 1564 3881 exterioribus,
1583 3819 1960 3889 possessiones
1980 3819 2197 3888 quidem

615 3909 953 3980 reliquerunt
984 3916 1042 3974 >14
1095 3925 1160 3965 ac
1199 3910 1543 3978 amiserunt;
1601 3909 1697 3965 sed
1742 3909 1875 3964 vitia
1915 3910 2082 3964 animi
2135 3926 2199 3968 ac

616 4003 1060 4074 perturbationes
1085 4004 1324 4058 arbitror
1355 4011 1410 4058 et
1440 4010 1732 4058 auxerunt.
1777 4000 2008 4072 Superbi
2054 4004 2198 4058 enim

613 4113 680 4152 ex
706 4098 810 4152 hoc
832 4103 886 4152 et
909 4097 1036 4151 elati
1062 4103 1378 4161 evaserunt,
1411 4095 1592 4150 inanis
1621 4095 1809 4166 gloriae
1845 4096 2010 4165 pleni,
2030 4103 2083 4151 et
2106 4097 2200 4166 qui

617 4192 952 4262 reliquorum
987 4199 1306 4260 contemptu
1360 4189 1726 4252 ducerentur,
1771 4189 1930 4258 quasi
1960 4187 2066 4259 ipsi
2098 4189 2196 4242 ali-

614 4285 747 4354 quid
771 4300 938 4355 supra
991 4285 1269 4339 hominem
1323 4285 1644 4353 gessissent.
1699 4282 1983 4348 Quomodo
2040 4282 2202 4354 igitur

620 4376 872 4430 Salvator
903 4376 956 4429 in
997 4384 1262 4430 aeternum
1292 4375 1519 4429 victuris
1552 4374 1891 4444 praeciperet,
1937 4389 2057 4444 quae
2091 4374 2202 4429 sint

621 4466 868 4520 nocitura
917 4466 1200 4535 labemque
1231 4467 1483 4528 allatura,
1509 4464 1656 4534 quod
1694 4465 1889 4520 attinet
1916 4467 1983 4520 ad
2008 4467 2198 4529 vitam,

2301 3269 2485 3340 μεῖζον
2512 3269 2607 3322 καὶ
2643 3267 2913 3340 θειότερον
2943 3270 3037 3322 καὶ
3074 3267 3424 3339 τελειότερον,
3456 3263 3508 3317 τὸ
3538 3262 3610 3332 τὴν
3631 3255 3731 3327 ’Μὴν

2297 3361 2466 3431 αὐτὴν
2485 3361 2580 3414 καὶ
2611 3359 2708 3430 τὴν
2741 3360 2982 3414 διάθεσιν
3030 3358 3324 3432 γυμνῶσαι
3348 3359 3450 3412 τῶν
3476 3355 3562 3410 ἀπὸ
3585 3351 3656 3404 τῶν
3676 3364 3732 3397 τι·

2299 3451 2406 3504 θῶν
2428 3453 2523 3505 καὶ
2551 3451 2822 3524 πρόρριζα
2870 3452 2938 3506 τά
2959 3452 3213 3523 ἀλλότρια
3244 3453 3343 3523 τῆς
3370 3448 3563 3520 γνώμης
3586 3438 3733 3509 ἐκτεμεῖν

2298 3545 2394 3597 καὶ
2417 3543 2685 3598 ἐκϐαλεῖν.
2718 3543 2888 3598 Τοῦτο
2907 3544 3016 3615 γὰρ
3048 3545 3180 3598 ίδιον
3205 3544 3310 3614 μὲν
3339 3542 3430 3596 τοῦ
3459 3535 3608 3594 πιστοῦ
3625 3533 3662 3584 τὸ
3681 3529 3734 3597 μά-

2299 3639 2470 3710 Θημα,
2497 3639 2644 3706 ἀξιον
2675 3638 2733 3691 δὲ
2751 3637 2842 3693 τοῦ
2879 3638 3133 3709 Σωτῆρος
3159 3637 3219 3690 τὸ
3267 3635 3504 3703 δίδαγμα.
3536 3631 3584 3683 Ol
3611 3624 3734 3694 γάρτοι

2298 3731 2562 3804 πρότερον
2596 3731 3110 3802 καταφρονήσαντες
3142 3726 3252 3781 τῶν
3295 3728 3462 3790 ἐκτὸς,
3492 3722 3549 3776 τὰ
3569 3720 3637 3791 μὲν

2303 3803 2449 3896 ματα
2490 3824 2708 3895 ἀφῆκαν
2753 3823 2849 3878 καὶ⁴
2901 3821 3328 3895 παραπώλεσαν,
3373 3820 3438 3874 τὰ
3479 3817 3528 3870 δὲ
3564 3810 3663 3878 πάθη
3680 3803 3737 3855 τίαν

2298 3917 2485 3988 ψυχῶν
2514 3915 2666 3988 οἶμαι
2706 3917 2786 3970 ὃτι
2829 3916 2924 3970 καὶ
2982 3914 3435 3986 προσεπέτειναν.
3479 3910 3552 3962 Ἐν
3574 3899 3739 3970 {mpm

2300 4003 2410 4078 γὰρ
2440 4005 2686 4072 ἐγένοντο
2713 4005 2808 4057 καὶ
2845 4001 3135 4075 ἀλαζονείᾳ
3169 4005 3266 4058 καὶ
3294 3998 3544 4068 κενοδοξίᾳ
3563 3993 3630 4048 καὶ
3652 4003 3738 4057 περί·

2302 4099 2558 4170 φρονήσει
2587 4096 2693 4150 τῶν
2721 4096 2893 4150 ἄλλων
2922 4095 3249 4167 ἀνθρώπων,
3312 4095 3386 4158 ὡς
3437 4089 3566 4146 αὐτοί
3600 4103 3634 4138 τι

2301 4169 2584 4261 ἄνθρωπον
2611 4188 2985 4261 ἐργαζόμενοι.
3039 4189 3164 4253 Πῶς
3200 4187 3270 4241 ἂν
3301 4183 3392 4242 οὖν
3419 4187 3446 4238 ὁ
3475 4180 3624 4249 Σωτὴρ

2301 4300 2382 4335 νει
2413 4284 2526 4346 τοῖς
2557 4282 2643 4334 ἀεὶ
2683 4280 3032 4352 βιωσομένοις
3063 4282 3130 4336 τὰ
3164 4281 3432 4351 βλάψοντα
3479 4276 3560 4329 καὶ
3583 4271 3744 4360 lup-1%.»-

2306 4390 2438 4444 μενα
2471 4374 2608 4444 πρὸς
2638 4374 2734 4444 τὴν
2761 4372 2905 4444 ζωὴν
2940 4373 3008 4445 ἣν
3052 4373 3477 4442 ἐπαγγέλλεται;
3519 4365 3606 4421 Καὶ
3627 4359 3743 4452 γάρξν

2302 4471 2521 4524 κάκεῖνό
2551 4473 2685 4535 ἐστι,
2723 4470 2945 4524 δύναταί
2971 4488 3054 4535 τις
3083 4467 3566 4542 ἀωφορτισάμενος
3588 4455 3654 4524 τὴν

619 4542 785 4625 quam
827 4563 1016 4611 sancte
1047 4555 1369 4626 pollicetur?
1395 4553 1530 4608 Nam
1574 4554 1678 4609 etsi
1710 4554 1842 4608 illud
1886 4555 2194 4625 contigerit,

2310 4581 2415 4629 σιν,
2454 4564 2606 4618 οὐδὲν
2643 4560 2806 4636 ἦττον
2849 4562 2931 4617 ἔτι
2979 4563 3077 4635 τὴν
3105 4536 3403 4633 ἐπιθυμίαν
3444 4558 3524 4611 καὶ
3553 4536 3747 4636 r‘rybpzin

623 4658 803 4719 potest
831 4649 977 4719 quis,
1007 4649 1256 4719 deposito
1287 4649 1606 4702 facultatum
1637 4663 1824 4711 onere,
1843 4649 2200 4704 nihilominus

621 4741 801 4796 adhuc
835 4743 1191 4812 pecuniarum
1217 4741 1569 4812 cupiditatem
1600 4755 1663 4794 ac
1692 4740 1836 4796 sitim
1871 4742 2055 4796 animo
2078 4742 2199 4795 ino-

623 4834 776 4887 litam
816 4835 1197 4904 vigentemque
1228 4833 1430 4888 habere
1457 4853 1470 4888 :
1505 4850 1569 4888 ac
1616 4849 1776 4889 usum
1802 4831 2021 4903 quidem
2051 4833 2202 4902 abje-

621 4929 789 4993 cisse,
824 4927 1117 4997 indigentia
1173 4935 1356 4981 tamen
1395 4927 1671 4998 simulque
1703 4925 1976 4981 desiderio
2005 4926 2201 4996 dilapi-

621 5021 764 5076 datae
802 5022 877 5075 rei
913 5019 1217 5081 familiaris,
1241 5019 1532 5088 dupliciter
1557 5019 1762 5083 dolere,
1798 5027 1910 5073 tum
1943 5019 2200 5074 nimirum

623 5113 771 5184 quod
817 5112 996 5168 desint
1028 5113 1340 5167 necessaria
1374 5113 1616 5177 servitia,
1660 5121 1771 5166 tum
1811 5112 1955 5182 quod
1991 5127 2054 5166 ea
2104 5114 2200 5167 abv

620 5209 821 5278 jecisse
856 5207 1138 5277 pmniteat.
1181 5203 1323 5260 Fieri
1355 5205 1498 5259 enim
1533 5221 1642 5258 non
1682 5212 1882 5275 potest,
1916 5219 2017 5259 nec
2039 5220 2202 5261 secus

627 5313 866 5368 unquam
907 5297 986 5357 ﬁt.
1036 5304 1096 5349 nt
1143 5297 1230 5350 cui
1283 5294 1465 5350 desint
1515 5296 1827 5352 necessaria
1865 5296 2066 5366 quibus
2118 5297 2202 5350 vi-

2303 4657 2410 4709 τῶν
2437 4657 2732 4728 Χρημάτων
2770 4655 2913 4727 ἔχειν
2959 4657 3310 4727 ἐντετηκυῖαν
3344 4653 3436 4706 καὶ
3478 4644 3677 4710 συζῶσαν³
3700 4643 3750 4730 ιπξ

2303 4747 2400 4819 τὴν
2431 4749 2529 4820 μὲν
2561 4749 2762 4819 χρῆσιν
2793 4747 3248 4818 ἀποϐεϐληκέναι,
3287 4743 3496 4816 ἀπορῶν
3528 4738 3573 4790 δὲ
3701 4731 3750 4815 χιι

2307 4819 2486 4893 ποθῶν
2518 4839 2662 4910 ἆπερ
2687 4837 2988 4910 ἐσπάθησε,
3018 4837 3176 4908 διπλῆ
3207 4833 3508 4894 λυπεῖσθαι,
3546 4826 3619 4878 καὶ
3643 4819 3751 4913 ἐἷ

2307 4933 2614 5005 ὑπηρεσίας
2641 4931 2878 5004 ἀπουσίᾳ
2910 4930 3003 4984 καὶ
3031 4932 3096 5000 τῇ
3121 4929 3222 4997 τῆς
3261 4924 3535 4998 μετανοίας
3562 4917 3752 5005 “ﬁeri.

2319 5004 2630 5094 Ἀνέφικτον
2662 5024 2771 5095 γάρ
2821 5023 2916 5076 καὶ
2952 5021 3252 5094 ἀμήχανον,
3303 5017 3536 5088 δεόμενον
3578 5004 3654 5059 τῶν

2306 5119 2365 5172 τὸ
2393 5118 2654 5189 βιοτεύειν
2677 5115 2986 5185 ἀναγκαίων
3023 5114 3096 5186 μὴ
3134 5109 3500 5168 κατακλᾶσθαι
3522 5103 3602 5172 τὴν

2307 5183 2403 5263 καῖ
2432 5208 2687 5281 ἀσχολίαν
2708 5183 2860 5278 ἄγειν
2880 5207 2986 5260 ἀπὸ
3015 5183 3121 5259 θεῶ-ν
3151 5201 3490 5277 κρειττόνων,
3509 5183 3753 5248 mmmam!

2306 5300 2524 5355 ὁθενοῦν
2556 5300 2726 5354 ταῦτα
2759 5296 3094 5371 πειρώμενον
3123 5292 3448 5366 ἐκπορίζειν.

626 5399 739 5446 tam
773 5401 1058 5456 sustentet,
1082 5408 1190 5446 non
1225 5392 1410 5446 animo
1433 5392 1608 5463 frangi
1635 5401 1800 5463 atque
1847 5407 1878 5446 a
1917 5395 2222 5462 potioribus
2261 5398 2554 5452 sollicitata
2603 5405 2783 5452 mente
2840 5360 3121 5458 avocetur,
3150 5391 3280 5446 dum
3335 5385 3518 5460 quovis
3557 5370 3676 5434 modo
3708 5360 3754 5413 3‘“

629 5489 858 5542 undevis
884 5488 1002 5542 haec
1039 5503 1232 5559 parare
1258 5496 1509 5542 conatur.

706 5577 842 5631 XIII.
872 5579 940 5631 At
967 5587 1173 5648 quanto
1206 5581 1382 5634 satius
1441 5578 1774 5649 oppositum,
1831 5586 1890 5632 ut
1919 5594 2016 5650 per
2070 5594 2203 5650 opes

2383 5581 2480 5634 ll".
2521 5580 2631 5635 Καὶ
2660 5580 2810 5650 πόσῳ
2861 5575 3272 5650 χρησιμώτερον
3321 5573 3380 5626 τὸ
3410 5565 3628 5624 ἐναντίον,
3664 5544 3754 5606 imi

633 5667 934 5728 mediocres
960 5682 1014 5727 ct
1045 5673 1158 5742 ipse
1190 5673 1328 5726 mala
1358 5687 1466 5725 non
1498 5672 1711 5740 toleret,
1734 5678 1786 5728 et
1817 5671 2020 5744 quibus
2041 5687 2194 5747 opor-

2313 5674 2648 5746 κεκτημένον
2680 5672 2843 5726 αὐτόν
2898 5688 2956 5724 τε
2987 5669 3116 5741 περὶ
3166 5667 3264 5740 τὴν
3297 5664 3483 5736 κτῆσιν
3513 5657 3576 5730 μὴ
3598 5656 3754 5705 xum-3'

713 5833 773 5892 >Ι<
815 5827 875 5885 Ρ.
913 5829 1016 5886 952
1057 5829 1161 5885 ED.
1194 5827 1488 5886 POTTEﬂ.
