3818 6538
105 391 192 449 ΕΠ

1146 382 1345 442 LlBER
1384 382 1549 450 QUIS
1589 379 1790 438 DIVES
1833 379 2216 436 SALVETUR.

3189 384 3294 442 618

45 542 51 572 ,
104 508 216 571 θεῖν,
240 503 329 564 καὶ
375 497 457 569 οἷς
484 505 722 576 καθῆκεν
766 505 1112 577 ὲπικουρεῐνς
1145 504 1243 568 Τίς
1279 505 1388 576 γὰρ
1417 504 1485 562 ἂν
1510 520 1624 557 κοι-

1735 511 1800 558 tet
1827 500 2154 572 suppeditet.
2203 497 2336 566 Qum
2369 500 2517 558 enim
2549 501 2663 572 jam
2701 503 2846 574 apud
2875 503 3131 561 homines
3158 507 3290 561 reli-

101 597 243 654 νωνία
271 595 612 650 καταλίποιτο
655 595 804 669 παρὰ
835 596 1161 670 ἀνθρώποις,
1195 598 1243 650 εἰ
1285 595 1472 668 μηδεὶς
1521 595 1631 667 ἔχει

51 711 61 728 κ
106 687 244 758 μηδὲν
267 701 280 748 ;
307 685 431 749 Πῶς
463 685 530 740 ἂν
553 685 711 740 τοῦτο
746 687 808 740 τὸ
846 686 1022 757 δόγμα
1060 685 1273 750 πολλοῖς
1319 685 1495 749 ἄλλοις
1538 687 1631 740 καὶ

68 811 82 832 ,ι
104 777 259 842 καλοῖς
285 777 376 832 τοῦ
414 777 617 850 Κυρίου
644 777 906 849 δόγμασιν
930 777 1051 854 οὑχ).
1077 777 1327 848 φανερῶς
1361 776 1633 831 ἐναντιού-

106 888 239 942 μενον
272 871 575 944 εὑρίσκοιτο
623 872 718 925 καὶ
758 871 1094 943 μαχόμενον;
1150 890 1169 923 ι
1197 871 1462 942 Ποιήσατε
1509 871 1634 924 ἐαυ-

99 963 193 1023 τοῖς
223 960 404 1028 φίλους
438 962 503 1016 ἐκ
531 961 622 1016 τοῦ
661 964 923 1033 μαμμονᾶ
963 962 1064 1032 τῆς
1100 961 1333 1027 ἀδικίας,
1368 961 1477 1025 ἵνα,
1504 961 1630 1015 ὃταν

99 1050 350 1122 ἐκλίπήτε,
404 1051 658 1117 δέξωνται
689 1055 835 1124 ὑμᾶς
879 1055 954 1117 εἰς
997 1054 1095 1117 τὰς
1127 1051 1375 1117 αἰωνίους
1405 1051 1627 1124 σκηνάς.

99 1143 361 1212 Κτήσασθε
409 1143 714 1216 θησαυροὺς
765 1146 824 1198 ἐν
880 1145 1129 1216 οὐρανῷ,
1170 1145 1304 1200 ὅπου
1348 1145 1484 1216 μήτε
1534 1143 1630 1217 σὴς

99 1236 213 1305 μήτε
232 1234 432 1306 βρῶσις
456 1237 794 1306 ἀφανίζουσι,
816 1239 949 1310 μήτε
979 1237 1209 1292 κλέπται
1234 1237 1591 1309 διορύσσουσι.
1606 1256 1624 1288 ι

98 1326 199 1391 Πῶς
225 1327 288 1382 ἄν
327 1347 411 1393 τις
456 1331 720 1384 πεινῶντα
749 1331 958 1404 τρέφοι,
993 1332 1088 1385 καὶ
1130 1331 1374 1399 διψῶντα
1401 1330 1630 1396 ποτίζοι,

96 1422 173 1476 καὶ
200 1423 402 1492 γυμνὸν
446 1420 725 1485 σκεπάζοι,
767 1422 860 1478 καὶ
895 1423 1120 1490 ἄστεγον
1157 1421 1398 1490 συνάγοι,
1446 1419 1483 1474 ἃ
1520 1423 1630 1484 τοῖς

97 1513 156 1583 μή
179 1515 462 1585 ποιήσασιν
493 1513 708 1568 ἀπειλεῖ
737 1512 850 1586 πῦρ
883 1514 978 1568 καὶ
1032 1513 1221 1578 σκότος
1257 1514 1318 1567 τὸ
1346 1512 1628 1583 ἐξώτερον,

91 1605 130 1656 εί
149 1604 354 1660 πάντων
384 1605 546 1669 αὐτὸς
601 1605 829 1669 ἕκαστος
870 1605 1058 1678 φθάνοι
1119 1604 1322 1660 τούτων
1351 1603 1627 1674 ὑστερῶν;

101 1695 238 1749 Ἀλλὰ
261 1697 374 1768 μὴν
400 1697 564 1761 αὐτός
593 1715 654 1750 τε
698 1697 1074 1764 ὲπιξενοῦσθαι
1122 1696 1376 1767 Ζακχαίῳ
1423 1694 1630 1750 κελεύει

90 1789 167 1840 ml
194 1788 456 1859 Ματθαίῳ
479 1791 588 1853 τοῖς
623 1787 734 1860 (25)
763 1789 1037 1853 πλουσίοις
1079 1790 1175 1844 καὶ
1207 1789 1479 1853 τελώναις.
1523 1790 1632 1842 Καὶ

88 1879 143 1975 τὰ
165 1880 259 1975 μιν
292 1882 550 1975 χρήματα
584 1882 779 1975 αὑτοὺς
810 1882 869 1975 ού
905 1881 1115 1975 κελεύει
1149 1882 1420 1975 μεθεῖναι,
1443 1879 1540 1952 τὴν
1570 1881 1627 1934 δὲ
1661 1920 1702 1975 Β

86 1970 278 2028 δικαίαν
308 1973 492 2043 κρίσιν
518 1972 747 2040 ἐπιθεὶς,
776 1973 870 2026 καὶ
901 1975 998 2042 τὴν
1051 1973 1233 2030 ἄδικον
1264 1973 1494 2043 ἀφελὼν,
1529 1990 1629 2026 κα-

87 2062 302 2132 ταλέγει·
341 2082 359 2114 ι
389 2065 631 2138 Σήμερον
663 2065 908 2137 σωτηρία
929 2064 1004 2135 τῷ
1035 2064 1170 2136 οἴκῳ
1197 2065 1370 2135 τούτῳ
1394 2065 1628 2133 ἐγένετο,

86 2153 248 2208 καθότι
289 2154 382 2206 καὶ
407 2155 568 2220 αὑτὸς
602 2157 716 2220 υἱὸς
759 2156 1006 2228 Ἀϐραάμ
1063 2158 1268 2210 ἐστιν.»
1333 2155 1489 2209 Οὑτω
1535 2157 1632 2225 τὴν

87 2248 250 2317 χρείαν
278 2247 454 2302 αὑτῶν
485 2250 712 2312 ἐπαινεῖ,
736 2248 875 2304 ὥστε
906 2249 999 2307 καὶ
1029 2247 1165 2319 μετὰ
1189 2248 1289 2318 τῆς
1320 2247 1634 2320 προσθήκης

86 2340 270 2411 ταύτης
311 2340 408 2412 τήν
441 2341 723 2395 κοινωνίαν
776 2341 1076 2404 ἐπιτάσσει,
1135 2340 1370 2403 ποτίζειν
1423 2340 1514 2394 τὸν
1560 2340 1636 2392 δι-

83 2431 271 2500 ψῶντα,
293 2433 455 2504 ἄρτον
486 2433 682 2488 διδόναι
716 2432 793 2504 τῷ
822 2433 1095 2498 πεινῶντι,
1151 2432 1505 2504 ὑποδέχεσθαι
1546 2433 1635 2486 τὸν

84 2522 314 2590 ἀστεῖον,
359 2524 719 2594 ἁμφιεννύναι
750 2524 843 2577 τὸν
869 2523 1093 2596 γυμνόν.
1125 2525 1189 2576 Et
1237 2524 1293 2576 δὲ
1320 2522 1420 2588 τὰς
1449 2523 1636 2595 χρείας

81 2613 163 2684 οὐχ
195 2609 313 2668 οἷόν
357 2632 416 2668 τε
463 2615 772 2688 ἐκπληροῦν
804 2615 1005 2680 ταύτας
1055 2615 1130 2687 μὴ
1179 2615 1288 2670 ἀπὸ
1317 2616 1633 2687 χρημάτων,

82 2705 172 2757 τῶν
197 2707 254 2760 δὲ
291 2707 594 2778 χρημάτων
634 2708 963 2777 ἀφίστασθαι
1003 2709 1236 2773 κελεύει,
1267 2709 1318 2762 τί
1355 2708 1418 2763 ἂν
1455 2709 1638 2778 ἕτερον

82 2795 151 2865 εἴη
184 2797 352 2851 ποιῶν
397 2800 425 2851 ὁ
474 2800 698 2872 Κύριος,
741 2802 774 2873 ἢ
811 2801 884 2856 τὰ
913 2802 1051 2858 αὐτὰ
1085 2803 1289 2858 διδόναι
1327 2818 1387 2856 τε
1422 2803 1518 2858 καὶ
1561 2801 1638 2873 μὴ

81 2885 260 2944 διδόναι
302 2890 604 2963 παραινῶν,
644 2892 866 2964 τρέφειν
910 2911 971 2947 τε
1002 2897 1096 2948 καὶ
1132 2893 1206 2966 μὴ
1231 2894 1475 2969 τρέφειν,
1508 2892 1641 2948 ὑπο-

79 2975 311 3048 δέχεσθαι
369 2982 466 3037 καὶ
507 2983 836 3048 ἀποκλείειν,
872 2989 1144 3040 κοινωνεῖν
1179 2990 1274 3042 καὶ
1334 2985 1410 3059 μὴ
1447 3003 1638 3041 κοινω-

81 3075 212 3138 νεῑν;
248 3073 390 3144 ὅπερ
413 3075 669 3136 ἁπάντων
728 3077 1082 3147 ἀλογώτατον.

1731 607 1839 663 qua
1869 589 2298 646 communicatio
2320 590 2412 656 sit,
2447 591 2494 646 si
2525 607 2684 647 nemo
2730 592 3027 663 quidquam
3061 593 3297 648 habeat?

1733 683 2015 752 Quomodo
2043 697 2174 741 vero
2201 682 2398 753 dogma
2440 684 2545 740 hoc
2595 701 2704 742 non
2728 695 2911 755 aperte
2940 693 3144 758 pugnet
3168 701 3294 741 cum

1730 777 1919 835 multis
1943 777 2062 832 aliis
2086 790 2149 832 ac
2173 777 2451 846 praeclaris
2470 818 2486 843 ,
2519 792 2640 848 quae
2686 776 2946 833 Dominus
2995 779 3177 833 sanxit
3205 793 3296 832 ra-

1731 878 1894 940 taque
1925 871 2132 925 voluit?
2163 889 2180 922 ι
2210 869 2397 926 Facite
2440 871 2598 924 vobis
2659 871 2865 925 amicos
2890 870 2956 925 de
2984 886 3293 927 mammona

1729 962 2053 1032 iniquitatis,
2093 971 2171 1029 ut,
2223 977 2348 1018 cum
2391 961 2722 1026 defeceritis,
2783 962 3047 1032 recipiant
3099 979 3196 1018 vos
3238 964 3293 1018 in

1727 1061 1932 1110 aeterna
1965 1055 2316 1110 tabernacula
2340 1067 2388 1110 ι.
2410 1054 2604 1112 Parate
2627 1056 2916 1112 thesauros
2943 1055 2997 1110 in
3019 1057 3176 1122 caelo,
3202 1057 3296 1112 ubi

1729 1162 1904 1217 neque
1935 1162 2118 1217 aerugo
2141 1163 2317 1217 neque
2345 1150 2487 1204 tinea
2513 1147 2905 1211 demoliuntur,
2933 1164 3109 1219 neque
3145 1148 3296 1206 fures

1729 1238 1991 1294 effodiunt
2047 1240 2094 1294 δ.
2128 1259 2148 1292 ι
2207 1239 2454 1306 Quanam
2511 1241 2660 1310 quis‘
2690 1243 2902 1296 ratione
2965 1243 3294 1297 esurientem

1729 1331 1863 1395 alat,
1899 1331 2102 1388 sitienti
2127 1340 2311 1402 potum
2346 1333 2507 1395 dcte,
2565 1333 2772 1388 nudum
2821 1340 3096 1402 contegat,
3141 1348 3296 1404 pere-

1729 1422 1946 1494 grinum
1985 1423 2224 1494 colligat,
2258 1439 2380 1494 qua?
2412 1425 2519 1480 nisi
2558 1426 2682 1494 quis
2725 1423 2912 1487 faciat.
2944 1425 3120 1494 ignem
3145 1439 3296 1486 com-

1732 1515 1971 1570 minatur
2021 1526 2074 1571 et
2122 1517 2374 1572 tenebras
2424 1517 2743 1580 exteriores,
2813 1516 2861 1571 si
2910 1516 3142 1586 quisque
3177 1517 3295 1586 ipse

1729 1608 1879 1678 prior
1906 1609 2101 1663 horum
2153 1609 2397 1663 omnium
2451 1625 2654 1679 egenus
2705 1608 3012 1664 exstiterit?
3055 1609 3209 1673 Quin
3239 1616 3295 1664 et

1731 1700 1848 1770 ipse
1873 1702 2051 1771 excipi
2069 1716 2127 1756 se
2149 1700 2384 1770 hospitio
2411 1716 2441 1755 a
2471 1701 2730 1758 Zacchaeo
2751 1702 2906 1771 jubet
2939 1710 2992 1757 et
3020 1702 3290 1766 Matthao,
3356 1689 3370 1704 ’

1730 1793 1822 1862 qui
1859 1793 2057 1849 divites
2115 1800 2302 1849 essent
2329 1801 2385 1848 et
2431 1793 2707 1864 publicani
2746 1793 2794 1845 ἀ.
2846 1794 2923 1848 Ac
2951 1795 3168 1864 quidem
3210 1795 3294 1849 di-

1731 1885 1947 1940 mittere
1965 1900 2061 1940 eos
2090 1887 2351 1955 pecunias
2378 1899 2490 1938 non
2537 1885 2726 1954 jubet;
2761 1885 2856 1939 sed
2903 1885 3119 1955 adjecto
3143 1885 3296 1954 justo

1725 1975 1934 2043 judicio
1961 1977 2254 2048 ablatoque
2279 1977 2507 2046 injuste,
2569 1976 2848 2047 subjungit
2879 1997 2891 2032 :
2949 1996 2968 2030 ι
3002 1977 3174 2034 Hodie
3206 1993 3295 2033 sa-

1731 2067 1817 2122 lus
1870 2067 1998 2122 huic
2047 2067 2233 2123 domui
2289 2067 2432 2122 facta
2470 2076 2574 2131 est,
2607 2083 2672 2124 eo
2701 2068 2847 2138 quod
2900 2079 2952 2125 et
3003 2069 3120 2139 ipse
3152 2070 3297 2123 ﬁlius

1730 2158 2015 2214 Abrahae.»
2053 2157 2143 2214 Sic
2195 2176 2327 2215 vero
2374 2161 2558 2216 laudat
2618 2163 2970 2232 pecuniarum
3002 2179 3186 2226 usum,
3237 2171 3298 2217 ut

1732 2269 1857 2309 cum
1909 2254 2011 2309 hac
2048 2254 2356 2324 adjectione
2401 2256 2946 2312 communicationem
2996 2257 3296 2327 praecipiat,

1731 2355 1918 2416 potum
1947 2347 2078 2403 dare
2105 2347 2333 2411 sitienti,
2385 2348 2646 2403 esurienti
2677 2349 2870 2418 panem
2912 2349 3171 2417 prmbere,
3201 2362 3298 2418 pe-

1737 2441 2008 2510 regrinum
2033 2439 2337 2509 suscipere,
2381 2441 2586 2496 nudum
2638 2441 2857 2496 vestire.
2899 2441 3054 2506 Quod
3099 2442 3144 2496 si
3186 2441 3301 2496 haec

1735 2546 1894 2587 nemo
1925 2533 2112 2587 munia
2144 2532 2350 2602 absque
2373 2533 2621 2603 pecuniis
2643 2534 2860 2603 explere
2893 2540 3092 2602 potest,
3119 2534 3303 2603 jubet-

1735 2639 1841 2693 que
1862 2633 1923 2679 ut
1949 2624 2186 2680 divortio
2216 2625 2359 2680 facto
2388 2627 2511 2682 illas
2541 2626 2946 2696 relinquamus;
2974 2626 3108 2696 quid
3129 2625 3299 2691 aliud,

1737 2731 1942 2784 quaeso,
1973 2715 2104 2771 facit
2126 2715 2410 2778 Dominus,
2445 2732 2607 2788 quam
2645 2717 2909 2779 uteadem
2963 2717 3094 2773 dare
3116 2724 3171 2773 et
3193 2731 3301 2772 non

1737 2806 1869 2861 dare
1893 2807 2102 2876 jubea‘t,
2139 2809 2283 2862 alere
2327 2817 2380 2863 et
2428 2823 2535 2863 non
2566 2810 2732 2873 alere,
2789 2809 3068 2879 suscipere
3109 2816 3164 2864 et
3191 2825 3300 2864 non

1739 2898 2039 2968 suscipere,
2055 2899 2459 2954 communicare
2483 2909 2534 2955 et
2557 2915 2667 2955 non
2687 2915 2862 2955 comm
2871 2900 3130 2957 unicarc?
3147 2900 3301 2968 Quod

1739 2990 1980 3044 omnium
2013 2990 2440 3046 insulsissimum
2468 2999 2572 3048 est.

139 3257 226 3310 [Δν.
270 3259 381 3314 Οὐκ
427 3260 538 3331 ἄρα
589 3262 957 3335 άπορῤιπτέον
1013 3263 1080 3318 τὰ
1143 3265 1239 3320 καὶ
1290 3266 1414 3329 τοὺς
1467 3261 1635 3329 πέλας

1807 3251 1948 3309 XIV.
1979 3250 2095 3307 Non
2125 3268 2255 3323 ergo
2284 3251 2604 3322 abiicienda:
2639 3259 2768 3308 sunt
2805 3267 2935 3322 opes
2958 3294 2973 3318 ,
3012 3266 3132 3322 quae
3164 3257 3219 3310 et
3245 3249 3303 3306 in

77 3345 377 3416 ὠφελοῦντα
407 3355 686 3424 χρήματα·
727 3355 981 3427 κτήματα
1015 3356 1123 3430 γάρ
1147 3359 1261 3412 ἐστι
1280 3361 1452 3430 κτητὰ
1483 3361 1634 3423 ὄντα,

80 3442 160 3494 καὶ
193 3445 456 3516 χρήματα
505 3447 755 3517 χρήσιμα
801 3447 928 3501 ὄντα
964 3450 1059 3502 καὶ
1095 3451 1173 3514 είς
1207 3450 1401 3521 χρῆσιν
1433 3449 1641 3522 ἀνθρὼ-

79 3550 183 3588 πων
220 3539 723 3610 παρεσκευασμένα
779 3541 884 3595 ὑπὸ
918 3540 1011 3594 τοῦ
1073 3541 1228 3596 Θεοῦ·
1268 3542 1305 3597 ἃ
1344 3543 1408 3616 δὴ
1461 3543 1640 3616 παρά-

79 3642 242 3680 κειται
289 3629 387 3682 καὶ
432 3629 797 3700 ὑποϐέϐληται
849 3631 1097 3703 καθάπερ
1132 3630 1232 3702 ῦλη
1293 3650 1375 3697 τις
1416 3635 1512 3688 καὶ
1543 3634 1638 3706 δρ-

80 3733 206 3783 γανα
251 3720 389 3790 πρὸς
424 3720 622 3791 χρῆσιν
661 3720 871 3792 ἀγαθὴν
911 3724 1024 3787 τοῖς
1073 3722 1237 3776 εἰδόσι
1289 3723 1350 3777 τὸ
1385 3723 1634 3796 ὄργανον.

89 3809 203 3861 Ἐάν
222 3814 327 3883 χρῇ
348 3813 631 3881 τεχνικῶς,
671 3813 915 3883 τεχνικόν
952 3816 1121 3868 ἐστιν’
1149 3814 1242 3867 ἐὰν
1279 3816 1511 3888 ὑστερῇς
1543 3818 1639 3888 τῆς

77 3899 284 3972 τέχνης,
305 3903 567 3956 ἀπολαύει
597 3903 694 3972 τῆς
737 3903 834 3973 σῆς
867 3903 1220 3968 ἀπαιδευσίας
1253 3905 1363 3977 (24)
1395 3906 1453 3959 ὃν
1486 3907 1640 3961 ἀναί-

78 4009 198 4048 τιον.
231 3995 481 4048 Τοιοῦτον
518 3998 613 4050 καὶ
641 3997 669 4048 ὁ
702 3995 929 4060 πλοῦτος
961 3996 1190 4068 ὄργανόν
1231 3999 1365 4053 ἐστι.
1404 3999 1639 4056 Δύνασαι

75 4085 302 4155 χρῆσθαι
335 4086 559 4152 δικαίως
580 4087 760 4157 αύτῷ;
806 4089 939 4156 πρὸς
959 4089 1301 4160 δικαιοσύνην
1331 4092 1641 4163 καθυπηρε-

76 4179 168 4230 τεί.
227 4178 454 4242 Ἀδίκως
504 4196 587 4244 τις
650 4178 795 4250 αύτῷ
852 4180 1094 4252 χρῆταις
1148 4180 1309 4234 πάλιν
1365 4182 1639 4253 ὑπηρέτης

77 4265 278 4332 ἀδικίας
313 4268 646 4339 εὑρίσκεται.
683 4269 897 4337 Πέφυκε
926 4270 1034 4341 γὰρ
1074 4272 1386 4342 ὑπηρετεῖν,
1408 4273 1520 4326 ἀλλ’
1542 4273 1640 4326 οὑκ

72 4357 275 4427 ἄργειν.
303 4361 381 4413 Ui)
411 4359 516 4432 χρὴ
550 4361 728 4413 τοίνυν
746 4359 807 4413 τὸ
845 4360 902 4426 ἐξ
933 4361 1097 4414 αὑτοῦ
1137 4361 1212 4434 μὴ
1245 4360 1367 4432 ἕχον
1407 4363 1544 4434 μήτε
1581 4363 1640 4416 τὸ

73 4450 274 4517 ἀγαθὸν
323 4453 461 4524 μήτε
481 4453 541 4506 τὸ
580 4452 776 4516 κακὸν,
813 4454 1049 4506 ἀναίτιον
1089 4453 1168 4518 ὗν,
1215 4454 1510 4508 αἰτιᾶσθαι·
1543 4453 1638 4506 ἀλ-

71 4540 136 4593 λὰ
172 4543 238 4598 τὺ
267 4526 567 4616 δυνάμενον
622 4546 716 4597 καὶ
762 4545 940 4609 καλῶς
984 4545 1194 4610 τούτοις
1249 4546 1483 4618 χρῆσθαι
1544 4547 1638 4600 καὶ

74 4633 277 4702 κακῶς,
309 4636 405 4704 ἀφ’
445 4629 520 4689 ὧν
555 4637 620 4691 ἂν
658 4637 844 4708 ἕληται
898 4638 1020 4693 καθ’
1055 4639 1206 4692 αὑτὰ
1244 4639 1402 4692 τοῦτο
1433 4639 1490 4690 δέ
1526 4642 1640 4691 ἐστι

73 4722 197 4786 νοῦς
239 4723 520 4796 ἀνθρώπου
576 4728 668 4781 καὶ
712 4730 1014 4801 κριτήριον,
1085 4729 1365 4802 ἐλεύθερον
1413 4729 1533 4799 ἕχον
1586 4731 1642 4782 ἐν

75 4813 252 4885 ἑαυτῷ
283 4819 378 4871 καὶ¹
429 4818 489 4871 τὸ
521 4818 864 4885 αὐτεξούσιον
914 4821 1012 4892 τῆς
1070 4821 1503 4894 μεταχειρήσεως
1535 4820 1641 4874 τῶν

70 4905 356 4962 δοθέντων.
413 4911 576 4965 Ὥστε
640 4913 715 4982 μὴ
754 4913 820 4966 τὰ
873 4915 1131 4985 κτήματά
1191 4932 1274 4979 τις
1341 4915 1642 4983 άφανιζέτω

75 5000 280 5067 μᾶλλον
309 5002 343 5073 ῆ
383 5003 452 5056 τὰ
477 5003 622 5075 πάθη
656 5006 751 5074 τῆς
790 5005 989 5075 ψυχῆς,
1042 5007 1110 5060 τὰ
1151 5008 1224 5079 μὴ
1258 5008 1643 5080 συγχωροῦντα

69 5092 170 5164 τὴν
203 5095 410 5166 ἀμείνω
442 5097 638 5168 χρῆσιν
671 5096 776 5150 τῶν
809 5097 1176 5168 ὑπαρχόντων·
1229 5099 1334 5163 ἵνα,
1367 5099 1524 5163 καλὸς
1547 5101 1640 5152 καὶ

71 5185 277 5251 ἀγαθὸς
306 5188 616 5259 γενόμενος,
639 5189 733 5242 καὶ
760 5187 970 5252 τούτοις
1005 5192 1114 5253 τοῖς
1145 5191 1387 5261 χρήμασι
1408 5188 1641 5260 χρῆσθαι

68 5275 276 5349 δυνηθῇ
307 5280 504 5346 καλῶς.
540 5282 614 5335 Τὸ
639 5277 730 5335 οὖν
761 5281 1134 5350 ἀποτάξασθαι
1166 5284 1300 5337 πᾶσι
1321 5284 1434 5346 τοῖς
1468 5281 1643 5353 ὑπάρο

66 5386 238 5438 post
263 5374 355 5426 κα)⁸
391 5374 638 5444 πωλῆσαι
680 5374 860 5430 πάντα
887 5375 958 5430 τὰ
981 5376 1313 5448 ὑπάρχοντα,
1344 5374 1532 5429 τοῦτον
1554 5375 1644 5429 τὸν

170 5528 235 5584 K4
273 5521 330 5579 P.
373 5523 479 5580 955
514 5521 624 5580 ΕΙ).
664 5523 958 5580 POTTER.

1065 5541 1090 5568 ι
1129 5526 1265 5582 Luc.
1304 5543 1432 5593 xvr,
1465 5526 1520 5583 9.

65 5609 168 5647 ιιι
193 5632 212 5657 ,
247 5594 297 5650 5.

147 5747 264 5816 (25)
298 5749 440 5815 Τοῖς.
467 5747 630 5801 Addit
652 5743 1012 5816 Combelisius
1053 5751 1241 5799 contra
1269 5741 1425 5798 (idem
1457 5757 1639 5799 exem-

71 5813 274 5887 plaris,
303 5813 710 5873 συνδειπνεῖται.
736 5813 899 5869 FELL.

319 5936 562 5996 Parnm.
622 5925 740 5987 GR.
788 5931 900 5993 1X.

1623 5525 1654 5568 δ
1691 5525 1880 5581 Matth.
1911 5541 1987 5594 vr,
2025 5524 2113 5581 19.

1740 3347 1970 3419 proximi
2022 3345 2218 3402 cedant
2280 3346 2566 3402 utilitatem
2610 3365 2624 3401 :
2673 3345 2871 3401 etenim
2927 3345 3303 3414 possessiones

1738 3440 2018 3502 dicuntur,
2045 3439 2173 3510 quia
2207 3453 2394 3494 earum
2424 3452 2490 3492 ea
2518 3436 2730 3492 indoles
2765 3444 2850 3492 est
2892 3445 2952 3491 ut
2980 3435 3304 3507 possidean-

1738 3540 1862 3599 tur;
1919 3532 2140 3602 insuper
2193 3545 2324 3602 opes
2378 3529 2719 3600 appellantur
2769 3525 2832 3592 ἦ
2863 3529 2991 3598 quia
3031 3542 3190 3598 opem
3225 3526 3306 3582 fe-

1738 3633 1889 3690 runt,
1921 3632 1975 3680 ct
1998 3624 2254 3679 humanis
2283 3623 2476 3701 usibus
2503 3630 2629 3680 sunt
2658 3636 2688 3674 a
2728 3619 2838 3676 Deo
2862 3620 3302 3676 accommodatae.

1737 3717 1908 3776 Porro
1936 3718 2138 3774 divitia:
2194 3731 2258 3772 ac
2312 3732 2444 3787 opes
2488 3725 2688 3785 praesto
2737 3721 2866 3770 sunt
2915 3714 3307 3785 subjacentque

1738 3808 1886 3863 velut
1920 3805 2146 3861 materia
2181 3805 2428 3875 quaedam
2456 3810 2510 3860 et
2539 3803 2985 3864 instrumentum,
3021 3801 3146 3855 boni
3174 3814 3306 3854 usus

1738 3895 2028 3970 praestandi
2061 3911 2250 3958 causa,
2279 3895 2365 3948 his
2413 3894 2508 3964 qui
2559 3893 2670 3947 vim
2710 3890 3060 3946 instrumenti
3106 3889 3303 3945 sciant.

1741 3987 1800 4046 Si
1829 4005 1897 4044 ex
1929 3987 2065 4042 artis
2109 3985 2415 4041 rationibus
2442 3984 2639 4050 utaris,
2670 3981 2952 4038 artiﬁciale
2974 3990 3089 4044 est;
3121 3980 3166 4035 si
3192 3987 3308 4033 arte

1739 4096 1950 4144 careas,
2011 4081 2292 4150 imperitiae
2335 4088 2439 4133 tuae
2474 4079 2650 4133 labem
2704 4076 2997 4140 contrahit,
3050 4090 3176 4130 cum
3236 4074 3307 4127 sit

1739 4175 1918 4246 ipsum
1953 4174 2021 4229 ab
2057 4172 2206 4226 omni
2253 4172 2494 4226 immune
2529 4171 2708 4240 culpa.
2749 4169 2907 4225 Tales
2936 4169 3139 4224 divitia:
3167 4182 3306 4236 quo-

1738 4283 1843 4338 que
1880 4273 2036 4330 sunt;
2067 4264 2487 4320 instrumentum
2517 4270 2665 4317 sunt.
2699 4260 2860 4316 Potes
2885 4261 2994 4315 illis
3017 4259 3116 4324 uti,
3136 4257 3305 4330 justi—

1739 4361 1814 4413 tia
1844 4359 2073 4414 comite?
2112 4356 2179 4411 ad
2206 4355 2476 4425 justitiam
2504 4355 2769 4410 ministras
2798 4361 2946 4409 sunt.
2974 4351 3155 4408 Utitur
3181 4351 3304 4422 quis

1739 4453 1874 4521 illis,
1898 4467 1959 4508 ea
1989 4467 2098 4505 non
2123 4449 2360 4504 comite?
2381 4449 2643 4506 ministrae
2690 4462 2883 4503 rursus
2912 4445 3048 4500 ﬁunt
3072 4443 3299 4514 injusti-

1738 4547 1844 4600 tiaa.
1873 4544 2083 4598 Divitiis
2110 4543 2256 4597 enim
2281 4556 2369 4605 ,ex
2401 4540 2582 4596 indole
2613 4547 2696 4595 est
2755 4547 2813 4594 ut
2843 4538 3163 4600 inserviant,
3196 4552 3302 4590 non

1672 4617 1716 4674 ί)
1745 4647 1802 4692 ιιι
1828 4635 2049 4707 praesint
2079 4642 2174 4688 aut
2207 4634 2497 4703 imperent,
2529 4631 2663 4686 Cum
2690 4632 2852 4701 igitur
2873 4645 3001 4701 opes
3034 4643 3097 4684 ex
3123 4642 3185 4682 se
3209 4642 3308 4680 ne-

1741 4745 1848 4800 que
1874 4729 2075 4783 bonum
2111 4741 2286 4795 neque
2315 4725 2518 4778 malum
2555 4724 2811 4783 habeant,
2846 4730 3010 4792 atque
3033 4718 3181 4776 omni
3212 4732 3304 4772 va-

1743 4827 1868 4876 cent
1898 4818 2146 4881 crimine,
2199 4815 2344 4870 haud
2402 4814 2533 4885 ipsae
2585 4812 2958 4882 vituperanda:
2996 4816 3159 4874 sunt;
3213 4807 3302 4862 sed

1743 4911 1888 4984 quod
1929 4926 2030 4965 suo
2058 4908 2348 4970 arbitratu,
2378 4914 2432 4962 et
2455 4921 2484 4959 a
2516 4921 2574 4961 se
2623 4906 2731 4960 illis
2764 4905 2900 4959 bene
2943 4912 3035 4956 aut
3065 4901 3205 4955 male
3227 4899 3303 4952 uti

1744 5010 1955 5076 potest;
1984 5016 2136 5056 mens
2168 4999 2378 5054 scilicet
2429 4997 2668 5052 humana
2721 5011 2784 5049 ac
2824 4993 3018 5065 judicii
3052 4991 3302 5052 facultas,

1744 5099 1833 5153 cui
1860 5097 2087 5153 liberum
2131 5093 2204 5150 sit
2253 5109 2360 5162 qua
2389 5094 2601 5147 ratione
2624 5090 2702 5145 uti
2749 5089 2876 5144 velit
2906 5086 3013 5141 illis
3053 5084 3118 5138 ad
3147 5096 3306 5137 usum

1743 5189 2044 5244 concessis.
2069 5186 2239 5242 Nemo
2268 5185 2434 5256 igitur
2462 5183 2682 5239 divitias
2703 5189 2756 5236 et
2785 5195 2940 5249 opes,
2977 5183 3030 5230 et
3058 5189 3166 5229 non
3190 5189 3309 5225 ma-

1746 5282 1829 5350 gis
1867 5279 2092 5334 aﬂ‘ectus
2126 5291 2188 5331 ac
2248 5274 2686 5345 perturbationes
2725 5271 2990 5331 destruat,
3041 5279 3138 5334 per
3172 5279 3307 5332 quas

1747 5386 1854 5426 nou
1881 5371 2042 5426 liceat
2072 5371 2149 5424 uti
2180 5367 2530 5422 facultatibus
2563 5366 2617 5420 in
2665 5364 2868 5419 bonum
2915 5357 3170 5418 virtutis;
3200 5369 3308 5425 qua

2231 5531 2251 5560 ε
2293 5522 2481 5576 Matth.
2514 5538 2638 5583 xxv,
2675 5519 2762 5574 55.

1815 5746 1926 5817 (ει)
1989 5747 2415 5813 Ἀπαίδευσὶας.
2471 5743 2760 5805 Ἀπουσίας
2793 5755 2897 5795 ms.
2927 5735 3101 5796 FELL.

2922 5919 3002 5977 20

2885 5515 2913 5554 ἀ
2953 5513 3085 5568 Luc.
3111 5527 3170 5579 ν,
3199 5512 3305 5578 20;
3410 5527 3414 5530 '
