3818 6550
507 428 611 480 610

1660 401 2047 462 CLEMENTIS
2085 393 2544 456 ALEXANDRINI
3607 379 3687 433 620

508 541 766 597 nimirum
801 536 980 590 bonus
1013 530 1137 602 quis
1167 543 1230 584 ac
1280 525 1484 599 probus
1534 521 1780 584 effectus,
1821 520 1906 574 his
1934 533 2069 588 quo-
2097 576 2098 580 η

2207 515 2365 586 ρόπον
2391 506 2687 570 ἐκδεκτέον,
2717 505 2791 566 ὡς
2825 501 2917 554 ἐπὶ
2955 499 3062 553 τῶν
3096 498 3339 569 ψυχικῶν
3367 493 3550 548 παθῶν
3575 495 3691 564 εἰρη-

505 649 612 703 que
648 628 850 686 divitiis
878 641 940 679 ac
969 621 1215 693 pecuniis
1235 619 1402 690 probe
1425 629 1599 685 exque
1621 611 1832 667 honesti
1854 609 2065 664 ratione

2173 609 2348 680 μένων
2383 605 2511 676 (25).

507 673 611 703 ww
649 673 850 686 νιν-νην
878 673 939 679 νη
973 673 1209 693 ινν-νηί-
1237 673 1254 690 ι
1386 673 1389 674 ν
1513 673 1530 685 .

507 724 586 780 uti
613 720 806 794 possit.
837 715 993 782 Quod
1040 712 1206 783 igitur
1251 707 1464 763 cunctis
1509 703 1704 773 opibus
1755 697 2068 754 renuntiare
2101 673 2400 767 iubemur,
2436 673 2490 748 et
2518 699 2578 746 ut
2629 706 2748 760 qua:
2811 691 2867 744 in
2900 701 3068 743 censu
3111 688 3262 742 sunt,
3304 675 3493 733 omnia
3538 673 3694 727 venda-

2169 785 2212 794 --
2276 786 2327 794 Α..
2534 783 2545 794 .
2611 782 2621 794 .
2868 787 2880 794 .
2958 772 3261 794 ι-.ε-..ξι..-..
3328 768 3531 794 λέΛῦ-ιηι
3582 763 3694 794 mm}-

615 763 806 794 γυνη...
844 763 993 782 ,οη-
1547 763 1561 773 _

508 832 666 883 mus;
701 814 754 867 in
799 811 944 864 hunc
984 804 1205 860 modum
1245 795 1654 868 intelligendum
1704 799 1808 858 est,
1877 795 1938 842 ut
2003 786 2071 842 de
2103 763 2416 841 'affectibus
2459 782 2623 838 animi
2673 795 2737 836 ac
2768 772 3264 850 perturbationibus
3325 768 3535 822 dictum
3582 763 3695 816 acci-

545 909 706 961 iatur.

545 923 706 961 ratur.

506 923 543 978 Ρ
577 999 740 1072 339
788 992 906 1049 XV.
955 991 1068 1061 Ego
1135 993 1281 1040 certe
1329 980 1462 1036 illud
1520 977 1682 1033 etiam
1745 970 2066 1028 addiderim.

436 1090 443 1097 ⁷
509 1087 962 1160 Quandoquidem
996 1083 1100 1136 alia
1129 1077 1345 1148 quidem
1372 1079 1526 1129 extra
1572 1069 1828 1128 animam,
1859 1063 1962 1118 alia
1987 1061 2073 1114 in-

511 1197 600 1244 tus
645 1188 810 1254 inque
861 1179 1040 1234 anima
1089 1180 1250 1235 sunt;
1310 1182 1373 1220 ac
1415 1161 1684 1232 siquidem
1751 1157 1931 1212 anima
1965 1153 2072 1208 illis

511 1281 648 1336 bene
677 1249 1012 1341 honesteque
1045 1274 1248 1326 utatur,
1281 1261 1369 1315 illa
1396 1270 1612 1328 quoque
1654 1253 1794 1306 bona
1817 1249 2073 1304 honesta-

511 1385 618 1441 que
653 1366 936 1426 videntur;
971 1359 1056 1415 sin
1086 1361 1264 1410 autem
1293 1349 1451 1413 male,
1483 1345 1660 1410 mala;
1693 1357 1842 1405 num,
1865 1351 2070 1410 quaeso,

513 1430 606 1530 qui
668 1455 952 1510 facultates
996 1446 1304 1502 abalienare
1329 1438 1503 1509 jubet,
1559 1434 1661 1488 has
1710 1430 1882 1500 magis
1911 1442 2075 1497 repu-

513 1529 649 1615 diat,
679 1547 877 1618 quibus
906 1539 1136 1597 sublatis
1159 1534 1337 1588 adhuc
1367 1529 1498 1585 vitia
1532 1531 1752 1580 manent
1775 1537 1838 1574 ac
1861 1529 2076 1590 pertur-

439 1718 443 1720 _
515 1643 905 1706 bationes;an
955 1646 1084 1688 vero
1140 1627 1286 1686 illas,
1343 1621 1542 1692 quibus
1595 1614 1891 1686 peremptis
1945 1611 2078 1680 ipsa:

515 1750 732 1808 quoque
759 1731 918 1786 utiles
950 1723 1151 1781 divitia:
1213 1717 1378 1773 fiant?
1408 1712 1688 1783 Siquidem
1741 1709 1904 1776 igitur
1930 1705 2080 1774 abje-

516 1831 618 1884 etis
641 1797 766 1897 quis
787 1818 1066 1880 saecularis
1095 1814 1270 1869 fastus
1322 1806 1550 1867 divitiis,
1600 1803 1858 1856 vitiorum
1905 1797 2081 1852 adhuc

2247 965 2347 1018 IE'.
2391 960 2530 1030 Ἐγὼ
2560 958 2690 1029 γοῦν
2717 958 2935 1011 κάκεῖνο
2993 951 3217 1024 φήσαιμ’
3269 948 3354 1003 ἄν.
3425 943 3701 1017 Ἐπειδὴτά

2166 1056 2277 1128 ’μὲν
2307 1053 2454 1116 ὲντός
2482 1053 2596 1104 ἐστι
2625 1050 2726 1119 τῆς
2766 1047 2962 1118 ψυχῆς,
3009 1043 3079 1096 τὰ
3107 1043 3164 1096 δὲ
3195 1039 3370 1101 ἐκτός·
3427 1038 3530 1090 κᾶν
3575 1035 3701 1108 μὲνὴ

2175 1147 2320 1219 ψυχὴ
2352 1145 2542 1217 χρῆται
2599 1141 2797 1203 καλῶς,
2828 1136 2966 1193 καλά
2995 1136 3089 1190 καὶ
3121 1132 3294 1187 ταῦτα
3323 1131 3507 1184 δοκεῖ·
3563 1128 3643 1180 ἐὰν
3663 1128 3704 1182 δὲ

2176 1239 2444 1311 πονηρῶς,
2477 1236 2702 1307 πονηρά·
2739 1236 2768 1288 ὁ
2795 1233 3026 1287 κελεύων
3063 1223 3454 1295 ἀπαλλοτριοῦν
3484 1220 3550 1274 τὰ
3570 1221 3705 1289 ὑπάρ-

2177 1331 2588 1404 χοντανπότερον
2616 1327 2788 1382 ταῦτα
2817 1324 3180 1396 παραιτεῖται,
3227 1312 3300 1372 ὧν
3349 1313 3705 1385 ἀναιρεθέντοιν

2182 1427 2260 1481 ἔτι
2285 1425 2354 1479 τὰ
2384 1424 2530 1494 πάθη
2568 1423 2734 1494 μένει·
2788 1421 2821 1491 ἢ
2857 1420 3037 1472 ἐκεῖνα
3070 1412 3285 1485 μᾶλλον,
3332 1404 3406 1464 ὧν
3437 1406 3708 1477 ἀναιρεθέν-

2177 1536 2284 1573 των
2317 1519 2410 1572 καὶ
2429 1516 2496 1570 τὰ
2534 1517 2784 1586 κτήματα
2814 1513 3058 1584 χρήσιμα
3112 1506 3354 1574 γίνεται;
3399 1503 3467 1555 Εἰ
3509 1499 3707 1552 τοίνννό

2180 1609 2463 1684 ἀποὸαλῲν
2521 1609 2619 1678 τὴν
2681 1601 2946 1675 κοσμικὴν
3015 1597 3330 1671 περιουσίαν
3385 1594 3469 1647 ἔτι
3527 1591 3710 1644 δύναται

2182 1705 2428 1759 πλουτεῖν
2455 1701 2561 1755 τῶν
2590 1699 2796 1761 παθῶν,
2826 1695 3038 1764 καὶτῆς
3067 1691 3197 1762 ὕλης
3232 1689 3305 1760 μὴ
3331 1684 3611 1757 παρούσης
3658 1683 3710 1750 (ἡ

2182 1798 2289 1868 γάρ
2318 1813 2398 1848 τοι
2428 1792 2663 1855 διάθεσις
2691 1789 2753 1842 τὸ
2783 1787 2953 1857 αὐτῆς
2979 1784 3192 1855 ἐνεργεῖ
3222 1781 3314 1836 καὶ
3364 1777 3460 1832 τὸν
3491 1773 3712 1844 λογισμὸν

519 1866 618 1884 ...η
641 1866 766 1897 ψη..
788 1866 1005 1880 ηπ.--
1022 1866 1064 1872 --
1098 1866 1174 1869 μ.-

519 1937 579 1975 ac
621 1918 908 1973 affectuum
939 1917 1120 1980 segete
1155 1903 1308 1957 dives
1325 1911 1452 1954 esse
1483 1901 1682 1964 potest,
1729 1887 1942 1944 tametsi
1971 1895 2080 1941 ter—

2201 1866 2360 1980 ἱγγει,
2389 1887 2482 1939 καί.
2528 1883 2701 1948 πιέζει
2748 1880 2843 1934 καὶ
2893 1876 3211 1948 φλεγμαίνει
3247 1875 3367 1935 ταῖς
3425 1866 3714 1938 συντρόφοις

519 2027 650 2068 rena
701 1979 1019 2066 substantia
1052 2000 1102 2055 ei
1143 2011 1251 2051 n0n
1301 1989 1538 2060 suppetit
1589 1981 1880 2054 (cupiditas
1935 1979 2080 2034 enim

519 2106 665 2179 quod
693 2117 850 2159 suum
881 2106 965 2153 est
986 2095 1116 2164 agit,
1151 2089 1502 2153 animumque
1521 2080 1669 2135 velut
1696 2072 1954 2146 praefocat
1987 2085 2084 2123 an-

522 2158 706 2269 gitque
752 2200 807 2248 et
843 2158 1061 2261 premit,
1103 2177 1447 2244 alumnisque
1477 2186 1540 2225 ac
1570 2166 1775 2222 inolitis
1799 2158 2086 2218 desideriis

525 2249 816 2348 geeenﬁdit),
849 2249 988 2333 nihil
1016 2275 1173 2344 plane
1195 2270 1242 2324 ei
1272 2263 1493 2337 profuit,
1547 2256 1689 2329 quod
1721 2267 1922 2325 egenus
1947 2249 2086 2306 divi-

525 2383 616 2438 tiis
643 2379 821 2434 factus
850 2377 954 2433 est,
986 2341 1079 2436 qui
1109 2361 1259 2417 vitiis
1291 2369 1345 2412 et
1367 2353 1648 2410 affectibus
1679 2348 1828 2404 dives
1859 2341 2087 2401 sit.Non

526 2475 671 2532 enim
708 2485 771 2526 ea
803 2462 1002 2534 abiecit
1059 2472 1180 2529 quae
1233 2447 1539 2522 abiicienda
1589 2452 1779 2508 erant;
1828 2437 1923 2495 sed
1969 2451 2090 2507 qua:

526 2560 825 2638 promiscui
850 2529 1015 2612 usus:
1067 2565 1130 2604 ac
1171 2545 1276 2601 sibi
1320 2541 1539 2612 quidem
1567 2534 1786 2592 servitia
1841 2529 2086 2594 abstulit,

531 2618 616 2638 τη

529 2661 774 2714 innatam
804 2662 931 2703 vero
974 2640 1218 2699 libidinis
1239 2635 1465 2703 vitiique
1507 2626 1790 2683 materiam
1831 2618 2089 2678 exteriori

531 2746 757 2820 penuria
782 2736 1084 2798 succendit.
1107 2725 1546 2786 Renuntiandum
1577 2733 1706 2790 ergo
1740 2712 2091 2770 facultatibus

431 2865 436 2872 η
531 2847 651 2913 quae
675 2837 851 2894 noxiae
883 2832 1015 2896 sint,
1045 2841 1156 2882 non
1199 2822 1268 2877 iis
1311 2820 1476 2875 rebus
1503 2829 1623 2886 qua:
1655 2811 1701 2867 si
1727 2809 1849 2880 quis
1884 2812 2092 2861 rectum

531 2948 691 2992 usum
715 2919 1358 2988 attenderin'conducere
1397 2911 1559 2966 etiam
1606 2904 1840 2976 possint.
1873 2897 2093 2955 Condu-

531 3034 665 3084 cunt
684 3038 813 3080 vero
871 3033 992 3090 qua:
1047 3006 1337 3085 prudentia
1368 3001 1566 3059 comite
1607 3005 1661 3052 ct
1709 2993 2002 3052 sobrietate
2029 3002 2094 3042 ac

532 3121 733 3192 pietate
788 3086 1196 3182 dispensantur.
1241 3099 1413 3155 Porro
1460 3109 1524 3150 ea
1573 3086 1941 3147 submovenda
1976 3097 2095 3154 quae

534 3210 732 3267 noxia:
763 3217 883 3276 qua:
911 3209 1089 3256 autem
1140 3193 1273 3248 foris
1323 3193 1471 3250 sunt,
1504 3199 1568 3240 ea
1593 3181 1727 3237 nihil
1753 3177 1937 3234 damni
1972 3175 2095 3231 alTe-

2184 1958 2537 2048 ὲπιθυμίαις)·
2573 1973 2722 2027 οὐδὲν
2750 1967 2842 2025 οὖν
2867 1968 3141 2041 προύργου
3167 1965 3386 2034 γέγονεν
3420 1958 3570 2029 αὑτῷ
3602 1973 3712 2009 πτω-

2184 2071 2360 2143 χεύειν
2389 2068 2704 2140 χρημάτων,
2738 2061 3051 2117 πλουτοῦντι
3079 2058 3188 2112 τῶν
3209 2055 3415 2110 παθῶν.
3449 2053 3528 2105 Οὐ
3557 2049 3653 2121 γὰρ
3665 2047 3716 2100 τὰ

2185 2139 2464 2232 ἀπόϐλητα
2496 2157 2782 2223 ἀπέϐαλεν,
2824 2153 2956 2209 ἀλλά
2988 2152 3057 2206 τά
3089 2149 3371 2218 ἀδιάφορα·
3400 2145 3495 2198 και
3517 2142 3623 2196 τῶν
3646 2139 3717 2210 μὲν

2187 2251 2531 2326 ὑπηρετικῶν
2586 2249 2771 2303 ἑαυτὸν
2833 2243 3172 2318 περιέκοψεν,
3235 2239 3494 2304 ἐξέκαυσε
3544 2233 3601 2286 δὲ
3644 2232 3718 2298 τὴν

2189 2325 2318 2416 ὓλην
2344 2347 2442 2416 τῆς
2471 2343 2666 2406 κακίας
2698 2340 2795 2413 τὴν
2845 2339 3078 2410 ἔμφυτον
3103 2338 3170 2405 τῇ
3201 2333 3308 2386 τῶν
3337 2329 3493 2392 ἐκτὸς
3529 2325 3718 2395 ἀπορίᾳ.

2201 2437 2554 2493 Ἀποτακτέον
2611 2429 2704 2488 οὖν
2753 2435 2865 2496 τοῖς
2922 2431 3223 2500 ὑπάρχουσι
3276 2426 3388 2486 τοῖς
3438 2417 3719 2491 βλαϐεροῖς,

2189 2533 2306 2603 οὐχὶ
2335 2534 2465 2593 τοῖς,
2493 2529 2586 2582 ἐὰν
2619 2524 2904 2596 ὲπιστῆταί
2955 2539 3039 2585 τις
3068 2522 3166 2590 τὴν
3195 2517 3358 2589 ὀρθὴν
3414 2513 3628 2584 χρῆσιν,
3652 2508 3722 2560 καὶ

2192 2601 2514 2692 συννωφελεῖν
2559 2617 2890 2690 δυναμένοις.
2939 2613 3145 2682 Ὠφελεῖ
3168 2611 3224 2662 δὲ
3252 2607 3321 2661 τά
3356 2605 3493 2677 μετὰ
3555 2601 3721 2672 φρονή-

2193 2734 2329 2780 σεως
2361 2715 2453 2769 καὶ
2483 2710 2830 2783 σωφροσύνης
2880 2706 2970 2761 καὶ
3007 2701 3282 2764 εύσεὸείας
3310 2695 3718 2767 οίκονομούμενι

2205 2798 2485 2861 Ἀπωστέα
2514 2805 2570 2857 δὲ
2590 2804 2684 2856 καὶ
2711 2800 2993 2870 ἐπιζήμια·
3023 2796 3093 2850 τά
3119 2795 3175 2848 δὲ
3225 2791 3380 2854 ἐκτὸς
3413 2789 3472 2842 οὐ
3507 2788 3723 2858 βλάπτει.

2194 2900 2377 2962 Οὕτως
2410 2895 2501 2950 οὖν
2529 2896 2557 2948 ὁ
2581 2895 2782 2966 Κύριος
2811 2893 2906 2945 καὶ
2946 2890 3044 2959 τὴν
3072 2887 3176 2940 τῶν
3207 2883 3364 2946 tua;
3387 2880 3582 2953 χρείαν
3612 2874 3725 2929 εἱσά-

2193 3008 2301 3061 γει,
2334 2988 2565 3042 κελεύων
2599 2984 2891 3039 ἀποθέσθαι
2921 2982 2982 3035 οὐ
3014 2979 3081 3034 τά
3108 2975 3355 3050 βιωτικὰ,
3383 2973 3522 3026 ἀλλὰ
3549 2970 3616 3023 τά
3629 2966 3725 3020 τού·

2193 3059 2305 3144 τοις
2336 3077 2517 3142 κακῶς
2551 3076 2823 3148 χρώμενα·
2866 3071 3039 3126 ταῦτα
3066 3069 3110 3122 δ’
3139 3063 3206 3138 ἦν
3233 3064 3302 3120 τά
3331 3065 3431 3136 τῆς
3459 3061 3632 3134 ψυχῆς
3652 3059 3726 3128 ἁρ-

2199 3173 2526 3245 ρωστήματα
2547 3169 2641 3223 καὶ
2659 3168 2728 3220 τὰ
2746 3167 2912 3237 πάθη.

535 3247 695 3267 ...ηιμ
721 3250 732 3261 .
763 3247 883 3276 νη,
911 3247 1089 3256 πη---
1145 3247 1182 3248 η
1459 3247 1467 3250 _

534 3315 683 3364 runt.
744 3302 836 3358 Sic
864 3298 1030 3371 igitur
1098 3290 1363 3347 Dominus
1414 3283 1577 3340 etiam
1633 3278 1962 3334 exteriorum
2005 3285 2164 3326 usum
2205 3269 2485 3333 insinuat,
2541 3266 2740 3337 jubens
2789 3276 2991 3334 ponere
3043 3275 3153 3315 non
3211 3272 3314 3322 ea,
3375 3251 3584 3324 quibus
3647 3247 3730 3300 vita

536 3353 918 3458 sustentatur:
949 3394 1008 3452 ἧς
1041 3384 1138 3442 sed
1171 3395 1293 3453 quae
1329 3378 1436 3432 illis
1481 3373 1622 3432 male
1659 3375 1902 3432 utantur,
1933 3361 2280 3435 aegritudines
2311 3359 2476 3414 animi
2509 3358 2747 3428 vitiaque
2772 3372 2868 3413 seu
2898 3353 3142 3408 affectus.

607 3493 746 3551 XV‘l.
778 3490 984 3545 Horum
1015 3482 1171 3554 copia
1202 3481 1320 3550 ipsa
1349 3473 1566 3545 quidem
1612 3472 1926 3538 suppetens,
1961 3476 2098 3516 cun-
2127 3462 2173 3525 ο

538 3592 646 3647 etis
667 3585 947 3644 mortifera
995 3587 1118 3641 est;
1167 3585 1223 3630 et
1261 3573 1304 3627 si
1336 3574 1542 3641 pereat,
1583 3559 1777 3616 salutis
1807 3560 2098 3611 causaest.

539 3685 622 3737 Ab
645 3697 710 3738 ea
737 3676 1017 3737 mundam,
1048 3671 1152 3724 hoc
1188 3675 1293 3728 est,
1323 3669 1613 3732 pauperem
1653 3649 1960 3717 nudamque
1981 3644 2102 3698 aui-

541 3789 684 3830 mam
708 3775 966 3842 praestare
998 3761 1172 3822 decet,
1199 3756 1386 3824 sicque
1412 3750 1524 3820 jam
1550 3745 1888 3800 Salvatorem
1918 3735 2105 3792 audire

542 3869 849 3923 dicentem:
889 3876 908 3909 ι
943 3852 1104 3918 Veni,
1140 3860 1367 3919 sequere
1395 3857 1481 3896 me
1530 3851 1611 3894 ει.»
1654 3835 1755 3890 Via
1798 3832 1940 3888 enim
1990 3832 2106 3899 ipse

541 3970 674 4014 tunc
715 3956 792 4019 fit,
827 3950 1048 4008 habenti
1077 3958 1172 4000 cor
1212 3951 1448 4013 purum:
1491 3934 1548 3987 in
1599 3931 1868 3998 impuram
1925 3929 2105 3976 autem

542 4052 802 4111 animam,
837 4043 933 4098 Dei
962 4039 1140 4112 gratia
1180 4047 1294 4089 non
1320 4025 1486 4085 subit.
1538 4023 1751 4092 lmpura
1811 4022 1992 4070 autem
2025 4018 2108 4067 est

543 4159 662 4216 quae
687 4136 974 4196 desideriis
1003 4132 1178 4192 dives,
1231 4123 1526 4190 multisque
1583 4113 1882 4174 amoribus,
1935 4107 2111 4176 iisque

545 4201 1036 4293 stecularibusﬁeta
1059 4229 1144 4278 est
1179 4227 1340 4287 atque
1378 4209 1634 4286 parturit.
1680 4204 1813 4259 Nam
1863 4201 1953 4272 qui
1985 4213 2111 4269 pos-

546 4325 886 4384 sessionibus
908 4316 1170 4387 locuples,
1196 4320 1499 4375 aurumque
1538 4309 1592 4356 et
1633 4303 1915 4370 argentum
1939 4300 1993 4348 et
2021 4289 2114 4344 do-

549 4434 664 4474 mos
697 4425 952 4486 tanquam
981 4383 1074 4462 Dei
1102 4405 1245 4460 dona
1299 4398 1482 4458 habet,
1515 4393 1731 4460 Deoque
1773 4383 2017 4456 largitori
2054 4383 2108 4435 in

547 4510 826 4566 hominum
853 4503 1080 4560 salutem
1108 4512 1175 4551 ex
1205 4494 1284 4548 eis
1315 4486 1664 4556 obsequitur;
1721 4479 1977 4547 novitque
2003 4474 2114 4529 fra-

547 4613 694 4656 trum
724 4597 906 4669 potius
927 4604 1112 4652 causa,
1159 4599 1322 4656 quam
1365 4581 1422 4635 in
1473 4576 1557 4633 sui
1597 4572 1824 4645 gratiam
1855 4569 1967 4624 haec
1998 4583 2029 4620 a
2055 4579 2114 4621 se

549 4687 853 4763 possideri;
886 4682 1175 4748 animoque
1206 4688 1368 4745 quam
1399 4683 1502 4740 pro
1528 4667 1742 4720 illorum
1767 4659 2114 4732 possessione

548 4778 914 4854 praestantior,
949 4788 1060 4828 non
1098 4777 1158 4822 ut
1194 4779 1386 4822 servus
1411 4762 1608 4828 hisque
1637 4753 2001 4822 mancipatus,
2050 4762 2114 4804 ea

2271 3458 2386 3525 IG'.
2433 3456 2489 3510 '0
2515 3453 2717 3508 τούτων
2746 3450 2990 3513 πλοῦτος,
3025 3445 3211 3519 παρὼν
3247 3443 3363 3515 μὲν,
3400 3441 3576 3493 ἅπασι
3603 3437 3730 3490 θανα-

2201 3551 2454 3623 τηφόρος,
2501 3546 2867 3617 ἀπολλύμενος
2918 3543 2994 3606 δὲ,
3033 3539 3314 3610 σωτήριος·
3372 3525 3434 3586 οὗ
3485 3532 3571 3584 δεῖ
3596 3528 3733 3583 καθα-

2205 3643 2486 3716 ρεύουσαν,
2543 3639 2784 3694 τουτέστι
2840 3635 3223 3705 πτωχεύουσαν
3275 3629 3370 3682 καὶ
3428 3624 3634 3696 γυμνὴν
3660 3622 3735 3688 τὴν

2196 3708 2375 3806 ἀμυχὴν
2409 3732 2837 3805 παρασχόμενον,
2875 3728 3048 3789 οὕτως
3079 3726 3177 3796 ἤδη
3201 3721 3297 3776 τοῦ
3327 3719 3584 3789 Σωτῆρος
3608 3708 3737 3767 ﬁxo;-

2205 3803 2310 3884 σαι
2335 3803 2616 3896 λέγοντος·
2679 3844 2697 3874 ι
2725 3821 2913 3892 Δεῦρο,
2949 3816 3226 3873 ἀκολούθει
3281 3830 3420 3884 μοι.»
3469 3808 3620 3869 Ὀδὸς
3654 3803 3737 3871 γάρ

2205 3920 2366 3982 αὐτὸς
2391 3892 2490 3990 ἤδη
2536 3915 2615 3986 τῷ
2648 3912 2870 3985 καθαρῷ
2926 3911 3023 3982 τὴν
3074 3906 3295 3979 καρδίαν
3326 3903 3560 3972 γίνεται·
3612 3892 3739 3956 εἱςίὲ

2207 3987 2513 4086 ἀκάθαρτον
2540 4009 2714 4082 ψυχὴν
2742 4005 2875 4060 Θεοῦ
2901 4003 3056 4075 χάρις
3089 4002 3149 4054 ού
3169 3995 3574 4069 παρεισδύετει.
3613 3987 3740 4041 Ἀκὲο

2210 4109 2404 4180 θαρτος
2431 4106 2487 4158 δὲ
2516 4106 2549 4174 ἡ
2571 4099 2870 4156 πλουτοῦσα
2893 4096 2998 4150 τῶν
3029 4092 3351 4163 ἐπιθυμιῶν,
3384 4090 3480 4143 καὶ
3512 4085 3743 4140 ὠδίνουσι

2210 4174 2421 4261 πολλοῖς
2453 4196 2613 4268 ἔρωσι
2654 4194 2745 4247 καὶ
2776 4191 3074 4261 κοσμικοῖς.
3122 4187 3178 4239 Ὀ
3217 4183 3313 4256 μὲν
3342 4181 3450 4251 γὰρ
3482 4179 3619 4248 ἔχων

2214 4309 2358 4364 ματα
2398 4260 2496 4343 καί
2523 4284 2720 4359 χρυσὸν
2751 4283 2847 4338 καὶ
2879 4283 3145 4352 ἄργυρον,
3200 4275 3293 4329 καὶ
3319 4273 3494 4334 οἰκίας
3528 4271 3604 4330 ὡς
3636 4260 3741 4317 Θεοῦ

2210 4382 2434 4455 δωρεάς·
2469 4381 2561 4434 καὶ
2591 4378 2668 4449 τῷ
2716 4395 2778 4431 τε
2805 4375 2996 4428 διδόντι
3037 4371 3154 4441 Θεῷ
3184 4366 3512 4438 λειτουργῶν
3554 4361 3641 4416 ἀπ’
3672 4356 3745 4410 αὑ·

2213 4475 2318 4528 τῶν
2345 4474 2424 4535 είς
2459 4468 2757 4542 ἀνθρώπων
2793 4465 3083 4536 σωτηρίαν·
3144 4463 3237 4513 καὶ
3277 4455 3454 4519 εἰδὼς,
3491 4455 3574 4508 ὅτι
3603 4446 3744 4502 ττῦτι

2213 4568 2474 4638 κέκτηται
2506 4540 2593 4617 διά
2622 4563 2748 4625 τοὺς
2809 4558 3066 4627 ἀδελφοὺς
3106 4550 3363 4627 μᾶλλονῆ
3418 4547 3624 4602 ἑαυτὸν·
3675 4540 3746 4593 11‘.

2215 4659 2476 4732 κρείττων
2507 4655 2763 4726 ὑπάρχων
2814 4653 2912 4723 τῆς
2942 4647 3182 4720 κτήσεως
3210 4642 3410 4704 αὐτῶν,
3475 4638 3548 4710 μὴ
3594 4633 3748 4690 δοῦλος

2218 4727 2292 4806 ὧν
2327 4750 2609 4819 κέκτηται,
2657 4745 2791 4816 μηδὲ
2842 4745 2899 4795 ἐν
2937 4743 3000 4811 τῇ
3032 4741 3176 4809 ψυχῇ
3223 4733 3396 4789 ταῦτα
3447 4727 3748 4800 περιφέρων.

550 4811 914 4854 μιωδιαηιιυι,
950 4811 1060 4828 ιιυιι
1101 4811 1158 4822 υ-
1195 4811 1274 4822 υν-
1299 4811 1384 4818 ν..-
1413 4811 1554 4828 --ητ
1592 4811 1596 4812 ν
1821 4811 1837 4822 _
1989 4811 1996 4814 γ

550 4871 830 4946 possidet;
910 4877 1086 4934 neque
1115 4860 1298 4930 animo
1324 4851 1661 4914 circumfert,
1704 4861 1806 4902 nec
1832 4846 1911 4900 eis
1947 4844 2098 4896 vitan

2223 4844 2356 4916 μηδὲ
2389 4845 2446 4894 ἐν
2481 4840 2687 4900 τούτοις
2715 4835 2908 4910 ὁρίζων
2949 4836 3043 4888 καὶ
3073 4829 3424 4902 περιγράφων
3455 4824 3552 4893 τὴν
3585 4811 3748 4872 ἑαυτοῦ

2226 4936 2252 4946 ..
2306 4935 2316 4946 .
2439 4933 2510 4946 ..ε
2541 4933 2552 4946 ο
2749 4930 2762 4946 ι
2853 4927 2964 4946 ηει,
3021 4925 3176 4946 ι----..
3233 4921 3322 4946 --.Α
3376 4917 3516 4946 an-..
3558 4913 3635 4946 Aci
3662 4909 3748 4946 λεη-

552 4981 706 5023 suam
735 4933 923 5017 definit
947 4933 1446 5009 accircumscribit,
1472 4943 1563 5000 sed
1591 4952 1644 4996 et
1674 4937 1886 4993 honesti
1910 4933 2116 5003 aliquid

551 5056 734 5129 operis
763 5062 924 5121 atque
941 5044 1113 5100 divini
1153 5043 1206 5096 in
1235 5037 1440 5094 laboris
1472 5041 1680 5106 partem
1711 5041 1926 5097 semper
1958 5040 2116 5078 assu-

555 5117 674 5213 uiit,
708 5154 760 5201 et
784 5117 1080 5212 siquando
1130 5146 1354 5190 necesse
1406 5129 1570 5183 fuerit
1609 5125 1717 5178 illis
1751 5119 1973 5191 privari,
2001 5117 2116 5185 pla-

556 5241 680 5297 cido
703 5237 885 5292 animo
908 5231 1133 5303 parique
1167 5223 1441 5279 hilaritate
1465 5232 1655 5274 eorum
1683 5215 1956 5284 jacturam
1979 5209 2118 5261 ferre

558 5340 737 5405 potest
766 5343 830 5383 ac
857 5299 1276 5380 abundantiam:
1312 5315 1401 5368 hic
1425 5313 1514 5366 ille
1564 5317 1648 5365 est
1675 5305 1767 5377 qui
1813 5319 1843 5357 a
1891 5299 2120 5354 Domino

557 5390 748 5479 beatus
784 5415 1133 5489 praedicatur,
1155 5414 1208 5462 et
1239 5419 1445 5478 pauper
1467 5399 1661 5470 spiritu
1692 5399 1920 5448 vocatur
1950 5390 1999 5452 ι),
2025 5403 2123 5442 ex-

559 5516 774 5585 peditus
799 5511 970 5565 haeres
1005 5501 1159 5572 regni
1194 5499 1481 5557 ccelorum,
1528 5506 1638 5545 non
1685 5486 1777 5558 qui
1805 5483 2119 5540 divitiarum

562 5609 848 5678 impatiens
877 5615 1064 5658 earum
1095 5596 1244 5652 cultu
1277 5593 1456 5644 vivere
1482 5601 1588 5640 non
1621 5588 1818 5653 potest.

2221 4909 2383 5007 ζωὴν,
2429 4933 2563 4988 ἀλλὰ
2592 4949 2644 4984 τι
2678 4909 2772 4982 καί.
2807 4927 2966 4982 καλὸν
3021 4925 3176 4995 ἔργον
3233 4921 3328 4974 καὶ
3376 4917 3516 4970 θεῖον
3558 4913 3639 4965 ἀεὶ
3662 4909 3754 4960 δια·

2221 5027 2417 5081 πονῶν·
2453 5027 2554 5080 κᾶν
2587 5021 3020 5094 ἀποστερηθῆναι
3066 5017 3160 5088 δέῃ
3193 5012 3322 5067 ποτὲ
3357 5008 3581 5069 τούτων,
3620 4998 3752 5053 δυνά-

2227 5141 2382 5196 μενος
2412 5122 2538 5192 ἵλεῳ
2556 5122 2620 5190 τῇ
2653 5115 2865 5186 γνώμῃ,
2887 5113 2979 5164 καὶ
2995 5105 3308 5175 ἀπαλλαγὴν
3342 5101 3518 5156 αὐτῶν
3542 5090 3754 5162 ἐνεγκεῖν

2225 5216 2284 5281 ἐξ
2315 5216 2451 5278 ἴσου,
2501 5211 2750 5279 καθάπερ
2782 5206 2877 5260 καὶ
2908 5204 3004 5274 τὴν
3054 5196 3389 5271 περιουσίαν·
3445 5186 3590 5251 οὗτος
3620 5188 3646 5238 ὁ
3673 5197 3755 5253 μισ

2224 5271 2579 5380 καριζόμενος
2609 5271 2730 5356 ὑπὸ.
2760 5299 2855 5352 τοῦ
2888 5271 3115 5366 Κυρίου,
3145 5291 3238 5344 καὶ
3274 5285 3486 5356 πτωχὸς
3518 5279 3594 5350 τῷ
3623 5271 3758 5328 πνεύ-

2229 5369 2355 5475 ματι
2388 5369 2737 5468 καλούμενος,
2762 5389 3091 5465 κληρονόμος
3119 5385 3335 5454 ’ἐτοιμος
3375 5372 3594 5450 ούρανοῦ
3627 5369 3756 5440 βαπ-

2226 5497 2392 5562 λείας,
2421 5495 2482 5550 οὐ
2515 5490 2762 5553 πλούσιος
2797 5485 2956 5556 ζῆσαι
2989 5480 3064 5552 μὴ
3089 5478 3402 5548 δυνάμενος.

637 5731 696 5790 ᾖ
739 5723 802 5780 Ρ.
841 5721 947 5778 954
981 5717 1091 5772 ED.
1129 5708 1428 5768 POTTER.
1471 5718 1496 5746 ι
1539 5703 1702 5758 Marc.
1742 5715 1797 5765 Χ,
1826 5696 1918 5752 21.
1993 5693 2021 5733 δ
2060 5691 2098 5747 Μ

2201 5689 2250 5744 l1.
2287 5703 2342 5754 ν,
2372 5685 2425 5741 3.

636 5884 747 5948 (25)
780 5875 1134 5946 Elpmrérwr.
1184 5867 1374 5922 Scribe
1408 5859 1710 5934 εἰρημένον.
