3818 6546
126 409 198 463 69,]
1149 399 1348 454 LIBER
1389 399 1549 467 QUlS
1588 401 1789 456 DlVES
1829 403 2214 460 SALVETUR.

3170 418 3277 472 62?.

177 525 250 579 lZ'.
288 521 336 574 '0
366 519 417 572 δὲ
467 519 523 570 ὲν
639 517 784 588 ψυχῇ
835 517 925 571 τὸν
983 517 1209 573 πλοῦτον
1263 519 1464 591 φέρων,
1516 521 1604 574 καὶ

1777 519 1940 576 XVII.
1977 522 2044 576 At
2071 521 2164 593 qui
2197 520 2300 578 fert
2328 537 2460 593 opes
2491 524 2547 578 in
2574 527 2778 594 animo,
2801 537 2857 583 et
2886 529 3006 585 loco
3037 528 3276 602 Spiritus

120 617 210 671 ἀντὶ
228 612 338 667 Θεοῦ
361 609 661 681 Πνεύματος
680 611 738 664 ὲν
784 613 848 682 τῇ
884 611 1078 682 καρδίᾳ
1129 611 1325 685 χρυσὸν
1357 613 1536 684 φέρων
1573 613 1606 684 ἢ

121 709 263 781 ἀγρὸν,
291 706 370 759 καὶ
389 703 481 775 τὴν
520 704 710 773 κτῆσιν
745 705 980 775 ἄμετρον
1017 706 1104 759 ἀεὶ
1143 705 1330 769 ποιῶν,
1358 709 1452 760 καὶ
1480 707 1609 760 ἐκά-

119 819 234 855 ποτε
261 800 312 852 τὺ
336 797 504 850 πλεῖον
534 796 763 866 βλέπων,
785 797 934 851 κάτω
965 796 1230 861 νενευκὼς
1259 799 1352 852 καὶ
1380 802 1492 864 τοῖς
1514 801 1608 854 τοῦ

118 896 272 964 κόσμου
299 890 567 962 θηράτροις
619 889 1010 960 πεπεδημένος,
1059 891 1132 960 γῆ
1174 889 1249 943 ὣν
1276 891 1369 944 καὶ
1399 894 1478 956 είς
1506 893 1610 963 γῆν

115 983 492 1052 ἀπελευσόμενος,
557 981 719 1035 πόθεν
775 981 993 1036 δύναται
1051 981 1326 1052 βασιλείας
1365 983 1609 1055 οὐρανῶν

115 1074 384 1144 ἐπιθυμῆσαι
435 1073 528 1125 καὶ
583 1072 884 1142 φροντίσαι,
919 1072 1201 1142 ἄνθρωπος
1250 1074 1310 1126 ού
1363 1073 1606 1145 καρδίαν,

114 1167 213 1219 ἀλλὰ
240 1165 384 1235 ἀγρὸν
431 1163 463 1233 ἢ
514 1163 773 1234 μέταλλον
807 1163 1008 1234 φορῶν,
1052 1165 1110 1216 ἐν
1145 1164 1353 1228 τούτοις
1381 1165 1608 1236 εὑρεθη-

113 1252 287 1322 σόμενος
312 1250 608 1318 ἐπάναγκες
640 1253 697 1304 ὲν
734 1246 815 1315 οἷς
837 1251 1010 1305 εἵλετο
1037 1268 1052 1318 ;
1091 1254 1264 1306 Ὅπου
1295 1253 1403 1324 γὰρ
1431 1256 1459 1308 6
1486 1255 1608 1319 νοῦς

111 1343 178 1394 τοῦ
208 1341 477 1414 ἀνθρώπου,
529 1344 644 1395 ἐκεῖ
683 1344 776 1396 καὶ
805 1345 834 1396 6
873 1342 1141 1416 θησαυρὸς
1171 1344 1356 1398 αὑτοῦ.
1395 1345 1607 1416 Θησαυ-

111 1437 204 1504 pou;
229 1434 280 1504 δή
309 1451 363 1501 γε
384 1434 411 1485 6
439 1433 639 1505 Κύριος
695 1429 802 1487 οἶδε
833 1435 1059 1499 διττούς·
1109 1434 1199 1488 τὸν
1251 1437 1349 1507 μὲν
1385 1437 1603 1506 ἀγαθὸν,

119 1527 159 1579 ὀ
185 1527 269 1598 γὰρ
302 1547 317 1576 ι
336 1525 528 1594 ἀγαθὸς
563 1526 845 1597 ἄνθρωπος
875 1529 938 1596 ἐκ
962 1527 1055 1581 τοῦ
1085 1527 1290 1596 ἀγαθοῦ
1334 1528 1604 1600 θησαυροῦ

106 1619 177 1689 τῆς
199 1619 394 1690 καρδίας
419 1619 679 1692 προφέρει
709 1621 771 1672 τὸ
824 1620 1076 1688 ἀγαθόν’»
1125 1622 1216 1674 τὸν
1247 1620 1302 1673 δὲ
1351 1623 1602 1693 πονηρὸν,

115 1714 155 1764 ’0
183 1710 271 1783 γὰρ
299 1731 314 1762 ι
344 1712 505 1776 κακὸς
532 1714 596 1765 ὲκ
617 1711 710 1765 τοῦ
736 1712 906 1766 κακοῦ
933 1711 1205 1784 θησαυροῦ
1257 1715 1521 1785 προφέρει
1546 1714 1607 1766 τὸ

104 1804 345 1857 ωκόνοότι
380 1808 442 1858 ὲκ
487 1803 580 1858 τοῦ
629 1804 1065 1878 περισσεύματος
1116 1805 1215 1876 τῆς
1267 1806 1496 1878 καρδίας
1545 1807 1605 1859 τὸ

1712 611 1805 668 Dei
1837 615 1941 670 fert
1969 630 2160 670 aurum
2220 615 2275 669 in
2303 615 2467 671 corde
2513 617 2627 673 sive
2671 633 2882 690 agrum,
2919 625 3178 696 nulloque
3207 626 3279 682 iis

1710 705 1952 761 adhibito
1990 707 2150 761 modo
2177 706 2380 776 praedia
2423 716 2473 763 et
2511 712 2884 780 possessiones
2933 731 3148 786 semper
3179 732 3278 772 au-

1709 807 1817 866 get.
1840 814 1902 853 ac
1930 799 2173 870 quotidie
2202 801 2306 853 alia
2334 801 2596 872 pluraque
2625 806 2808 860 animo
2841 810 3063 878 cogitat,
3082 811 3137 864 in
3166 818 3278 866 ter-

1711 907 1823 945 ram
1856 907 2060 961 pronus
2090 908 2454 963 cernuusque,
2501 911 2564 950 ac.
2614 898 2801 952 mundi
2854 900 3060 969 laqueis
3094 902 3277 958 irreti-

1711 993 1816 1048 tus,
1844 985 1935 1054 qui
1965 991 2106 1040 terra
2131 985 2202 1040 sit
2245 994 2299 1042 et
2332 987 2389 1041 in
2428 995 2627 1043 terram
2661 1005 2983 1048 reversurus
3011 995 3101 1060 sit,
3133 995 3277 1051 unde

1710 1077 1757 1134 is
1795 1077 1948 1148 regni
1975 1078 2238 1132 caelorum
2264 1077 2536 1135 desiderio
2567 1081 2898 1136 accendatur
2923 1099 2986 1137 ac
3007 1085 3127 1153 ejus
3141 1101 3274 1142 cura

1708 1168 1843 1223 afﬁci
1869 1170 2074 1239 possit;
2105 1169 2264 1224 homo
2293 1171 2525 1237 scilicet,
2557 1173 2650 1242 qui
2687 1191 2794 1229 non
2825 1191 2940 1240 cor,
2966 1176 3061 1232 sed
3085 1193 3276 1248 agrum

1707 1270 1801 1314 aut
1822 1261 2095 1315 metallum
2127 1269 2298 1330 gerat,
2332 1277 2493 1332 quem
2538 1264 2698 1332 plane
2752 1281 2976 1323 necesse
3001 1268 3072 1323 sit
3098 1269 3152 1323 in
3206 1269 3276 1323 iis

1707 1350 2057 1422 deprehendi,
2103 1365 2337 1421 quorum
2393 1369 2578 1410 amore
2628 1364 2821 1426 captus
2877 1358 3278 1416 exsistit?libi

1705 1444 1848 1498 enim
1878 1455 1961 1500 est
1991 1459 2146 1502 mens
2169 1442 2433 1516 hominis,
2483 1449 2557 1504 ibi
2588 1454 2642 1505 et
2670 1449 2962 1507 thesaurus
3018 1454 3140 1522 ejus
3170 1462 3273 1508 est.

1709 1534 1979 1604 Duplicem
2010 1535 2499 1608 porrothesaurum
2529 1542 2679 1598 novit
2709 1539 2968 1597 Dominus
2999 1560 3013 1596 :
3045 1543 3278 1598 alterum

1707 1627 1906 1680 bonum
1932 1645 1946 1692 ;
1983 1646 2000 1677 ι
2031 1627 2208 1685 bonus
2233 1628 2378 1684 enim
2409 1630 2572 1684 homo
2603 1631 2671 1686 de
2699 1633 2841 1687 bono
2860 1632 3120 1688 thesauro
3149 1648 3278 1688 cor-

1706 1715 1789 1770 dis
1811 1717 1892 1771 sui
1932 1716 2141 1787 profert
2166 1719 2404 1787 bonum;
2445 1740 2463 1772 ι
2523 1721 2754 1775 alterum
2786 1722 3015 1789 malum,
3049 1742 3066 1774 ι
3099 1725 3276 1780 malus

1705 1807 1849 1860 enim
1879 1807 1947 1862 de
1970 1809 2113 1862 malo
2141 1809 2397 1865 thesauro
2457 1811 2662 1880 profert
2718 1813 2960 1880 malum;
3004 1830 3071 1869 ex
3110 1815 3282 1871 abun-

107 1894 237 1965 στόμα
263 1896 445 1950 λαλεῖ.»
506 1899 715 1970 Ὠσπερ
760 1894 854 1952 οῦν
902 1896 1174 1968 θησαυρὸς
1205 1898 1303 1969 οὐχ
1351 1893 1434 1963 εἷς
1478 1899 1604 1970 παρ’

1708 1899 1892 1953 dantia
1930 1899 2072 1953 enim
2103 1900 2285 1955 cordis
2312 1917 2372 1958 os
2409 1903 2654 1973 loquitur
2687 1916 2768 1960 δ.»
2812 1903 3275 1970 Quemadmodum

101 1985 234 2055 αὐτῷ,
285 1988 408 2040 καθὸ
463 1989 559 2042 καὶ
608 1989 735 2059 παρ’
772 1991 932 2060 ἡμῖν,
989 1992 1017 2043 6
1059 1991 1118 2043 τὸ
1147 1989 1406 2060 αἰφνίδιον
1465 1993 1606 2061 μέγα

104 2076 246 2146 κέρδος
261 2078 311 2129 ὲν
335 2078 543 2150 εὑρέσει
570 2078 764 2142 διδούς·
803 2078 938 2132 ἀλλὰ
973 2081 1066 2133 καὶ
1104 2080 1351 2152 δεύτερος
1381 2083 1409 2135 6
1442 2081 1608 2152 ἀκερ-

99 2165 170 2234 δὴς
191 2168 267 2219 καὶ
291 2165 478 2237 ἄζηλος
505 2169 600 2222 καὶ
627 2169 924 2240 δύσκτητος
957 2171 1050 2224 καὶ
1101 2171 1408 2242 ἐπιζήμιος
1465 2172 1607 2226 οὕτω

103 2258 168 2309 καὶ
186 2258 383 2323 πλοῦτος
410 2261 439 2313 6
494 2261 596 2332 μέν
630 2279 713 2326 τις
761 2261 1000 2330 ἀγαθῶν,
1057 2265 1086 2317 6
1123 2263 1180 2316 δὲ
1227 2264 1428 2319 κακῶν·
1462 2264 1516 2317 cf
1541 2281 1605 2333 γε

97 2349 161 2400 τὸν
179 2348 374 2404 πλοῦτον
426 2354 523 2406 καὶ
572 2353 664 2406 τὸν
707 2353 976 2424 θησαυρὸν
1035 2355 1135 2408 οὐκ
1187 2356 1607 2427 ἀπηρτημένους

97 2438 214 2506 ἴδμεν
239 2439 462 2512 ἀλλήλων
495 2445 564 2514 τῇ
593 2441 770 2512 φύσει.
806 2444 916 2497 Καὶ
934 2447 962 2498 6
987 2445 1085 2515 μέν
1115 2461 1199 2509 τις
1233 2444 1459 2508 πλοῦτος
1479 2463 1609 2517 κτη-

95 2527 160 2591 τὸς
184 2529 239 2583 ἄν
271 2531 348 2602 εἴη
388 2534 484 2587 καὶ
542 2534 886 2606 περίδλητος,
925 2537 955 2588 6
1005 2535 1061 2588 δὲ
1087 2537 1319 2607 ἄκτητος
1351 2537 1444 2590 καὶ
1471 2538 1608 2590 ἀπό-

95 2619 261 2701 ϐλητοςἶ
292 2625 390 2679 Τὸν
421 2626 587 2680 αὐτὸν
618 2627 673 2679 δὲ
700 2627 900 2700 τρόπον
919 2629 1011 2681 καὶ
1030 2629 1271 2698 πτωχεία
1300 2628 1607 2701 μακαριστὴ

94 2713 213 2785 μὲνὴ
242 2719 594 2788 πνευματική·
639 2717 718 2771 διὸ
757 2721 852 2772 καὶ
878 2719 1212 2790 προσέθηκεν
1239 2721 1267 2772 6
1295 2719 1602 2784 Ματθαίος·

95 2807 357 2880 «Μακάριοι
385 2811 434 2863 οί
465 2812 728 2880 πτωχοί.»
764 2810 915 2876 Πῶς;
963 2831 982 2862 ι
1013 2809 1102 2882 Τῷ
1131 2810 1452 2881 πνεύματι.»
1495 2811 1607 2865 Καὶ

93 2897 228 2972 τᾴλιν·
287 2903 607 2974 «Μακάριοι
638 2905 686 2955 οἱ
718 2903 1011 2966 πεινῶντες
1049 2903 1144 2956 καὶ
1202 2903 1460 2974 διψῶντες
1506 2902 1606 2974 τὴν

89 2990 373 3064 δικαιοσύνην
408 2995 504 3048 τοῦ
565 2991 755 3048 Θεοῦ.)
800 2996 1006 3049 Οὐκοῦν
1062 2996 1233 3050 ἄθλιοι
1277 2997 1326 3049 οί
1376 2994 1607 3049 ἐναντίοι

89 3087 265 3154 πτωχοὶ,
293 3088 422 3140 θεοῦ
467 3088 574 3159 μὲν
605 3090 844 3162 ἄμοιροι,
900 3090 1245 3161 ἀμοιρότεροι
1289 3089 1346 3143 δὲ
1374 3088 1474 3158 τῆς
1509 3088 1605 3141 ἀν-

84 3174 307 3251 θρωπίνης
341 3185 612 3256 κτήσεως,
635 3183 888 3252 ἄγευστοι
919 3183 975 3236 δὲ
995 3181 1334 3253 δικαιοσύνης
1377 3180 1534 3234 Θεοῦ.

1709 1988 1874 2059 igitur
1901 1989 2191 2044 thesaurus
2222 2006 2331 2044 non
2379 2008 2520 2047 unus
2563 1992 2704 2061 apud
2753 2009 2900 2058 eum,
2943 1997 3087 2051 velut
3115 1999 3276 2053 etiam

1707 2097 1767 2136 se
1804 2097 1894 2137 res
1946 2082 2001 2136 in
2050 2082 2208 2138 nobis
2257 2083 2440 2149 habet,
2471 2100 2578 2154 quo
2619 2086 2827 2141 scilicet
2878 2088 3160 2158 in0pinato
3192 2090 3278 2144 in-

1706 2180 1888 2238 vento,
1917 2173 2106 2244 ingens
2139 2175 2350 2227 lucrum
2393 2174 2687 2230 offendenti
2743 2185 3062 2247 praestatur;
3094 2179 3188 2234 sed
3223 2189 3278 2234 et

1706 2263 1846 2318 alius
1876 2269 1960 2318 est
1977 2263 2181 2318 nullius
2209 2261 2404 2334 frugis,
2436 2264 2684 2333 nihilque
2716 2266 3072 2335 expetendus,
3098 2265 3279 2320 infau-

1708 2360 1804 2409 sta:
1827 2352 2191 2423 possessionis
2221 2360 2384 2422 atque
2409 2351 2743 2410 damnosus:
2805 2354 2884 2410 sic
2916 2363 3043 2410 sunt
3063 2373 3280 2427 quoque

1706 2447 1996 2509 bonorum,
2024 2445 2201 2515 deque
2254 2445 2518 2501 malorum
2566 2461 2785 2516 genere,
2840 2445 3071 2513 divitiae;
3105 2449 3280 2520 siqui-

1707 2538 1828 2594 dem
1868 2537 2090 2592 divitias
2114 2543 2168 2591 e‘t
2192 2536 2507 2592 thesaurum
2542 2537 2686 2592 haud
2717 2537 2858 2592 inter
2886 2553 2945 2593 se
2973 2547 3169 2593 natura
3195 2539 3282 2594 di-

1707 2627 1832 2682 rimi
1863 2627 2086 2684 scimus.
2118 2625 2196 2680 Ac
2225 2627 2440 2695 quidem
2475 2635 2660 2684 erant.
2676 2627 2881 2682 divitia:
2918 2631 3110 2683 merito
3155 2645 3280 2700 pos-

1709 2721 1946 2776 sidenda:
1974 2735 2037 2774 ac
2068 2716 2456 2789 amplexanda,
2483 2719 2719 2789 itemque
2751 2736 2818 2775 ne
2849 2721 3026 2792 dignae
3060 2723 3280 2792 quidem

1708 2815 1828 2883 quae
1874 2811 2257 2882 possideantur
2313 2825 2376 2865 ac
2428 2811 2767 2880 respuendae.
2807 2812 2888 2865 Ad
2936 2819 2994 2875 >14
3028 2814 3278 2870 eumdem

1709 2903 1930 2957 modum
1984 2902 2149 2957 etiam
2201 2910 2492 2971 paupertas
2531 2904 2795 2972 Spiritalis
2843 2906 3063 2974 quidem
3125 2907 3278 2961 beata

1709 2992 2085 3065 praedicanda;
2141 2991 2286 3046 unde
2340 2999 2393 3045 et
2451 2992 3022 3060 adjecit'Matthazus:
3081 2995 3278 3051 (Beati

1710 3099 1976 3155 pauperes
2008 3083 2092 3136 ι’.»
2127 3081 2247 3147 Quo
2290 3081 2346 3136 id
2395 3082 2590 3135 modo?
2643 3082 2908 3136 Nimirum
2969 3104 2987 3134 ι
3015 3101 3282 3159 pauperes
3320 3103 3326 3108 ‘

1711 3176 1959 3247 spiritu.»
1992 3175 2069 3229 Ac
2097 3188 2328 3229 rursus:
2365 3191 2382 3224 ι
2423 3170 2573 3229 Beati
2611 3175 2702 3246 qui
2732 3175 2982 3232 esuriunt
3010 3186 3062 3231 et
3087 3178 3282 3232 sitiunt

82 3266 298 3332 iustitiam
348 3274 444 3332 Dei
475 3289 562 3332 ο.»
622 3277 792 3356 Igitur
830 3277 1014 3331 miseri
1038 3291 1301 3346 pauperes
1339 3275 1626 3331 contraria:
1652 3272 1873 3338 indolis,
1904 3271 1996 3342 qui
2054 3268 2150 3325 Dei
2171 3276 2420 3341 expertes
2467 3271 2746 3341 magisque
2786 3280 3037 3342 expertes
3086 3272 3283 3328 huma-

83 3376 229 3418 narum
275 3367 617 3434 facultatum,
658 3372 752 3428 Dei
781 3373 1051 3443 justitiam
1096 3387 1166 3426 ne
1210 3371 1429 3442 quidem
1457 3371 1793 3426 delibarunt.

132 3460 215 3514 lH'.
247 3465 397 3521 Ὥστε
429 3471 564 3532 τοὺς
588 3469 874 3533 πλουσίους
906 3467 1298 3540 μαθηματικῶς
1316 3467 1426 3540 (26)
1446 3469 1599 3522 ἀκου-

1769 3463 1932 3536 340
1959 3462 2144 3518 XVIII.
2189 3462 2391 3519 Divites
2439 3477 2568 3534 ergo
2610 3461 2702 3532 qui
2734 3461 2950 3518 difficile
2995 3464 3280 3518 intrabunt

81 3548 211 3617 στέεν,
238 3556 356 3620 τοὺς
384 3557 665 3629 δυσκόλως
693 3558 1164 3629 εἰσελευσομένους
1205 3560 1284 3621 εἰς
1325 3557 1423 3627 τὴν
1455 3557 1605 3628 βασι-

79 3636 210 3707 λείαν,
237 3645 302 3716 μὴ
335 3650 546 3712 σκαιῶς
570 3650 701 3721 μηδὲ
729 3651 1004 3721 ἀγροίκως
1055 3649 1187 3720 μηδὲ
1219 3648 1513 3719 σαρκικῶς.
1540 3649 1604 3701 Et

76 3733 158 3802 γὰρ
185 3735 309 3791 οὕτω
328 3741 611 3806 λέλεκται,
649 3742 768 3796 οὐδὲ
797 3743 891 3796 ἐπὶ
927 3746 1039 3807 τοῖς
1093 3743 1247 3807 ἐκτὸς
1278 3744 1311 3813 ή
1343 3741 1602 3812 σωτηρία,

76 3821 169 3875 οὔτε
194 3830 234 3880 εί
259 3831 426 3886 πολλά
451 3832 584 3887 οὔτε
628 3837 676 3888 εί
715 3835 872 3902 ὀλίγα
914 3834 1105 3903 ταῦτα,
1165 3835 1198 3904 ἢ
1237 3833 1470 3905 μικράἢ
1507 3850 1604 3903 με-

75 3915 197 3982 γάλα,
225 3921 256 3991 ἢ
284 3922 470 3991 ἔνδοξα
500 3927 538 3996 ἢ
565 3925 744 3991 ἄδοξα,
783 3927 816 3998 ἢ
851 3925 1166 3997 εὐδόκιμαῆ
1209 3925 1459 3995 ἀδόκιμα·
1491 3924 1604 3978 ἀλλ’

76 4005 208 4079 ini-.11
223 4012 314 4082 τῆς
330 4014 518 4088 ψυχῆς
538 4017 727 4088 ἀρετῇ,
746 4017 946 4081 πίστει,
966 4017 1058 4070 καὶ
1081 4016 1273 4080 ἐλπίδι,
1287 4017 1380 4069 κα)⁸
1396 4016 1602 4086 ἀγάπῃ,

74 4098 142 4150 ’τίῖ
168 4102 496 4179 φιλαδελφίᾳ,
517 4111 616 4162 καὶ
653 4109 872 4178 γνώσει,
907 4110 998 4164 καὶ
1028 4107 1312 4180 πραότητι,
1355 4107 1448 4160 καὶ
1473 4109 1606 4160 ἀτυ-

72 4190 163 4259 95.1.
191 4196 277 4248 καὶ
301 4199 560 4272 ἀληθείᾳ,
591 4193 665 4253 ὧν
696 4196 855 4254 ἆθλον
883 4203 916 4272 ἡ
939 4198 1197 4270 σωτηρία.
1230 4197 1362 4251 Οὐδὲ
1388 4197 1497 4268 γὰρ
1520 4197 1607 4251 διά

69 4280 223 4347 uno;
248 4287 503 4358 σώματος
537 4289 758 4361 ζήσεταί
789 4308 892 4353 τις,
914 4290 948 4360 ἢ
975 4287 1282 4342 τούναντίον
1303 4287 1602 4340 ἀπολεῖται·

178 4377 202 4427 6
223 4378 316 4445 μὲν
347 4379 430 4451 τῷ
458 4379 670 4434 δοθέντι
704 4379 936 4451 σώματι,
967 4380 1147 4449 ἁγνῶς
1182 4381 1276 4434 καὶ
1303 4379 1444 4433 κατά
1475 4379 1606 4432 Θεὸν

66 4455 320 4528 κρὼμ-ενος,
378 4464 630 4537 ζήσεται·
682 4470 711 4522 6
759 4468 816 4522 δὲ
872 4468 1106 4540 φθείρων
1157 4469 1248 4522 τὸν
1290 4469 1417 4522 ναὸν
1472 4468 1606 4523 Θεοῦ

66 4549 380 4624 φθαρήσεται.
406 4559 650 4612 Δύναται
668 4557 725 4612 δέ
755 4577 838 4622 τις
869 4559 963 4612 καὶ
989 4559 1214 4630 αἰσχρὸς
1242 4559 1604 4629 ἀσελγαίνειν,

66 4642 136 4691 καὶ
156 4645 302 4712 καλὸς
332 4655 659 4725 σωφρονεῖν.
701 4651 834 4704 Οὐδὲ
883 4653 1035 4721 ἰσχὺς
1084 4653 1177 4704 καὶ⁹
1232 4653 1479 4722 σώματος
1510 4654 1605 4723 μέ-

1707 3559 1762 3613 ἰη
1811 3572 2036 3628 regnum
2085 3556 2348 3610 cmlorum
2398 3554 2654 3610 subtilius
2697 3554 3020 3610 ae'erudite
3081 3555 3284 3610 intellio

1705 3649 1896 3722 gandi,
1927 3665 2035 3703 non
2061 3664 2228 3718 pravo
2259 3664 2422 3703 sensu
2457 3647 2828 3718 rusticiusque
2857 3661 2921 3702 ac
2953 3647 3160 3702 carnali
3195 3646 3284 3700 in-

1706 3744 1944 3798 tellectu.
1985 3740 2103 3796 Non
2141 3741 2284 3797 enim
2320 3741 2394 3794 ita
2423 3739 2628 3794 dictum
2654 3749 2738 3795 est
2760 3780 2775 3804 ,
2807 3755 2907 3795 nec
2945 3740 3000 3794 in
3039 3740 3120 3794 eis
3157 3755 3280 3810 quae

1706 3833 1843 3890 foris
1888 3841 2018 3888 sunt
2051 3833 2201 3888 salus
2251 3832 2430 3901 posita
2483 3840 2600 3894 est,
2653 3831 2771 3886 sive
2808 3831 2900 3884 illa
2953 3831 3123 3884 multa
3167 3830 3285 3885 sive

1706 3942 1879 3996 pauca
1909 3926 2038 3993 sint,
2065 3925 2179 3980 sive
2208 3938 2372 3993 parva
2403 3927 2516 3978 sive
2542 3938 2759 3993 magna,
2801 3923 2916 3978 sive
2947 3923 3104 3978 laude
3133 3923 3283 3977 clara

1707 4020 1820 4076 sive
1868 4019 2135 4081 obscura,
2185 4017 2300 4072 sive
2343 4016 2567 4085 probata
2602 4016 2714 4069 sive
2760 4014 3029 4083 reproba;
3075 4015 3172 4069 sed
3224 4016 3282 4069 in

1707 4111 1872 4167 animi
1915 4111 2153 4173 virtute,
2221 4109 2357 4173 fide,
2415 4121 2512 4176 spe
2567 4114 2621 4161 et
2682 4106 2980 4168 charitate,
3040 4106 3282 4162 fraterno

1707 4219 1921 4265 arnore,
1954 4210 2007 4258 et
2037 4201 2262 4257 scientia
2285 4240 2298 4260 ,
2336 4207 2389 4254 et
2419 4197 2872 4262 mansuetudine,
2907 4205 2961 4252 et
2991 4198 3277 4264 modestia,

1707 4303 1761 4350 et
1810 4295 2071 4357 veritate,
2125 4305 2357 4361 quorum
2405 4290 2688 4359 praemium
2739 4289 2889 4346 salus
2939 4297 3044 4344 est.
3095 4287 3282 4359 Neque

1706 4386 1851 4442 enim
1883 4385 2023 4438 vivet
2044 4382 2314 4452 quispiam
2359 4382 2504 4451 quod
2536 4381 2766 4457 pulchro
2798 4381 2870 4435 sit
2901 4395 3153 4449 corpore,
3186 4387 3282 4434 aut

1708 4483 1920 4538 contra,
1967 4474 2196 4545 peribit;
2229 4471 2322 4527 sed
2352 4473 2446 4542 qui
2499 4478 2646 4526 caste
2674 4487 2848 4541 exque
2876 4470 3077 4525 divinis
3107 4471 3280 4525 ratio-

1709 4567 1871 4621 nibus
1919 4566 2092 4620 utitur
2123 4579 2387 4620 concesso
2436 4566 2685 4633 corpore,
2737 4562 2785 4619 is
2818 4563 2994 4628 vivet;
3029 4563 3122 4632 qui
3151 4577 3282 4616 vero

1667 4712 1674 4717 κ
1709 4657 1802 4712 Dei
1840 4659 2100 4728 templum
2134 4656 2458 4725 corrumpit,
2489 4653 2903 4725 disperdeturd.
2936 4653 3119 4708 Potest
3152 4667 3282 4707 vero

62 4734 187 4798 Τεθος
204 4738 478 4808 ζωοποιεῖ,
513 4744 636 4797 οὐδὲ
662 4745 771 4797 τῶν
809 4744 982 4815 μελῶν
1010 4744 1157 4797 οὐδὲν
1185 4744 1460 4797 ἀπολλύει·
1493 4745 1604 4798 ἀλλ’

1709 4751 1833 4819 quis
1861 4751 2021 4804 etiam
2053 4750 2314 4806 deformis
2340 4748 2620 4819 indulgere
2651 4748 2898 4810 libidini,
2926 4755 2980 4802 et
3022 4745 3114 4817 qui
3159 4745 3280 4816 pul-

62 4823 292 4896 ἠτούτοις
346 4835 503 4906 ψυχὴ
559 4837 814 4908 χρωμένη
863 4837 961 4909 τὴν
988 4837 1165 4889 αἰτίαν
1217 4837 1302 4905 ἐφ’
1336 4837 1602 4908 ἑκατέραν

1707 4818 1836 4896 cher
1866 4842 1968 4907 sit,
2001 4843 2221 4898 studere
2247 4818 2514 4898 castitati.
2557 4840 2746 4910 Neque
2782 4840 2950 4894 robur
2997 4838 3281 4907 molesque

58 4922 336 4990 παρέχεται.
381 4929 662 5000 ’Υπόφερε
689 4927 839 4998 γοῦν,
864 4929 1014 5000 φησὶ,
1035 4930 1323 5000 παιόμενος
1351 4931 1414 4982 τὸ
1436 4931 1603 5002 πρόσ-

1708 4949 1772 4988 ac
1795 4933 2094 5002 proceritas
2117 4933 2364 5003 corporis
2387 4933 2552 4986 vitam
2576 4931 2828 4994 afferunt,
2855 4943 2956 4984 nec
2980 4928 3280 4983 membrum

58 5025 191 5064 ωπον·
235 5017 372 5091 ὅπερ
398 5020 630 5075 δύναται
659 5024 754 5075 καὶ
784 5021 1001 5092 ἷσχυρός
1027 5039 1110 5085 τις
1134 5021 1211 5075 ὢν
1239 5023 1331 5075 καὶ
1363 5022 1602 5076 εὐεκτῶν

1710 5023 1928 5094 aliquod
1959 5024 2051 5078 dat
2089 5024 2423 5093 perniciem;
2475 5022 2838 5077 sedcausam
2889 5020 2946 5074 in
2989 5027 3280 5086 utrumque

55 5101 341 5174 ἐπακοῦσαι,
397 5114 502 5166 καὶ
552 5111 714 5166 πάλιν
751 5112 1034 5176 ἀσθενικός
1092 5131 1176 5176 τις
1226 5112 1302 5166 ὢν
1358 5114 1600 5185 ἀκρασίᾳ

1707 5114 1939 5184 praebet,
1968 5106 2088 5184 qua:
2118 5114 2206 5168 his
2239 5113 2419 5167 anima
2453 5112 2647 5167 utitur.
2684 5111 2906 5167 Sustine
2927 5148 2944 5173 ,
2991 5107 3201 5177 inquit,
3230 5106 3278 5161 si

55 5194 251 5288 Τξὼμης
279 5204 626 5276 παραϐῆναι.
684 5203 839 5258 Οὕτω
873 5207 966 5259 καὶ
1024 5205 1228 5277 ἄπορός
1264 5223 1349 5269 τις
1391 5203 1458 5260 αὖ
1510 5207 1604 5260 καὶ

1707 5207 1828 5276 quis
1863 5214 1918 5260 te
1941 5205 1998 5260 in
2035 5204 2228 5261 faciem
2278 5205 2436 5260 caedit
2470 5216 2526 5270 ος
2573 5204 2662 5260 cui
2694 5210 2748 5258 et
2778 5202 3038 5256 robustus
3063 5205 3117 5253 et
3145 5213 3276 5268 pro-

51 5286 174 5352 ἄξιος
196 5285 451 5367 εύρεθείη
494 5299 613 5350 ποτ’
647 5297 714 5352 ἂν
745 5295 958 5370 μεθύων
981 5299 1102 5361 ταῖς
1133 5297 1469 5368 ἐπιθυμίαις,
1509 5299 1604 5352 καὶ

1707 5312 1864 5368 spera
1885 5306 2045 5353 utens
2073 5297 2385 5353 valetudine
2427 5295 2691 5351 obaudire
2730 5300 2932 5363 potest;
2983 5301 3037 5345 et
3084 5296 3278 5344 contra

52 5381 258 5448 [βήμασι
304 5387 594 5453 πλούσιος,
650 5391 833 5460 νήφων
890 5389 986 5441 καὶ
1042 5389 1336 5458 πτωχεύων
1378 5388 1601 5458 ἡδονῶν,

1707 5390 1831 5460 quis
1873 5390 2147 5455 infirmus,
2190 5390 2386 5446 mentis
2419 5388 2718 5460 petulantia
2755 5385 2875 5455 ejus
2903 5391 3278 5453 transgressor

49 5479 403 5547 πεπεισμένος,
467 5482 711 5546 συνετὸς,
766 5481 1021 5553 καθαρὸς,
1076 5480 1491 5552 κεκολασμένος.
1540 5482 1604 5535 Εἰ

1707 5495 1848 5536 esse.
1888 5478 1980 5533 Sic
2012 5488 2068 5534 et
2110 5496 2304 5536 rursus
2333 5496 2539 5552 egenus
2569 5478 2790 5549 quidam
2821 5483 2875 5528 et
2907 5474 3084 5542 inops,
3122 5469 3280 5540 cupi-

104 5629 247 5702 >IvP.
292 5634 402 5691 935
443 5633 562 5690 ΕΙ).
601 5635 895 5692 POTTER.
977 5650 1002 5676 ιι
1040 5633 1228 5688 Matth.
1271 5650 1348 5699 v1,
1380 5634 1604 5702 9.1;xu,

1707 5635 1849 5701 L34.
1948 5633 2348 5702 utauh.v,5.
2427 5647 2448 5674 ο
2492 5632 2702 5688 lbid.6.
2798 5626 3040 5684 dtCor.
3070 5639 3157 5692 ιιι,
3187 5622 3277 5681 u.

1948 5633 2178 5690 Hlatth.
2211 5652 2262 5702 v,
2295 5635 2348 5691 5.
2427 5647 2448 5674 ο
2492 5633 2622 5688 Ibid.
2649 5632 2702 5686 6.

102 5705 124 5731 ε
159 5701 345 5763 Matth.
371 5723 431 5770 v,
471 5704 580 5772 39;
611 5705 742 5764 Luc.
777 5725 853 5771 γι,
888 5705 986 5773 29;
1019 5704 1066 5761 ll
1092 5703 1221 5760 Cor.
1253 5721 1332 5772 ιι,
1357 5704 1452 5760 20.

97 5854 194 5930 (26)
255 5861 718 5932 Μαθτυιατικῶς,
785 5861 949 5917 Forte
1016 5858 1417 5932 πνευματικῶς,
1484 5865 1576 5912 aut
1619 5855 2023 5928 μεμελημένως.
2053 5853 2218 5910 Ρεω..
