3818 6546
547 397 654 455 €25

1707 395 2094 453 CLEMENTIS
2136 396 2604 452 ALEXANDRINI
3657 403 3729 460 Gil

544 519 808 577 ditatibus
851 519 1035 577 ebrius
1059 519 1365 584 exstiterit,
1412 521 1612 591 quique
1651 519 1858 576 divitiis
1891 520 2103 586 affluat,

2218 522 2396 576 τοίνυν
2452 519 2566 576 ἐστὶ
2607 520 2669 575 τὸ
2710 519 3004 594 ζησόμενον
3069 520 3297 594 μάλιστα
3351 523 3447 577 καὶ
3493 524 3734 597 πρῶταώ

545 617 764 672 sobrius
789 622 844 670 et
872 629 1076 684 egenus
1113 615 1453 684 voluptatum
1489 633 1501 668 :
1536 628 1730 684 nempe
1779 614 2114 684 obsequendi

544 708 746 774 animo,
775 705 1021 768 sedulus,
1052 705 1309 760 cordatus
1332 743 1346 767 ,
1384 703 1622 759 mundus
1644 745 1658 768 ,
1691 705 2010 775 castigatus.
2055 704 2113 759 Si

543 799 710 869 igitur
740 797 884 869 quod
912 797 1254 868 potissimum
1283 797 1630 866 primumque
1658 796 1823 850 vitam
1849 805 1932 852 est
1961 796 2114 851 habi-

542 899 764 954 turum,
808 890 988 944 anima
1024 896 1144 953 est,
1177 888 1335 958 eique
1365 888 1531 941 vitam
1574 895 1830 958 praestat,
1873 903 1993 958 quae
2035 889 2109 942 illi

539 985 716 1039 virtus
762 983 922 1053 quasi
977 982 1295 1038 adnascitur
1335 987 1497 1049 atque
1544 994 1726 1034 comes
1769 989 1884 1043 est,
1918 979 2105 1034 vitium

543 1084 722 1131 autem
755 1077 920 1130 vitam
971 1075 1219 1145 perimit;
1270 1080 1454 1142 aperte
1499 1075 1746 1137 constat,
1778 1073 1952 1143 ipsam
1991 1080 2106 1127 tum

541 1183 730 1225 eorum
762 1182 984 1239 egenam
1029 1181 1150 1237 quae
1195 1164 1318 1236 quis
1357 1163 1561 1220 divitiis
1599 1163 1919 1228 labefactat,
1955 1163 2109 1219 inco-

542 1260 743 1314 lumem
766 1258 914 1325 fore;
946 1265 1060 1312 tum
1085 1257 1152 1312 iis
1180 1255 1482 1311 afﬂuentem
1509 1271 1629 1325 qua:
1655 1271 1720 1311 ex
1750 1256 1955 1312 divitiis
1982 1273 2107 1327 pro-

542 1353 680 1408 clive
700 1352 1027 1414 inolescunt,
1058 1348 1281 1404 interitu
1313 1347 1679 1417 mergendam.
1702 1345 1811 1400 Nec
1835 1346 1946 1416 jam
1977 1347 2106 1401 alibi

2217 611 2385 682 ψυχὴ,
2416 612 2509 666 καὶ
2538 612 2666 684 περὶ
2712 611 2915 683 ταύτην
2947 611 3115 684 ἀρετὴ
3148 613 3246 684 μὲν
3285 613 3542 685 φυομένη
3589 613 3734 678 σώζει,

2216 704 2381 757 κακία
2411 703 2466 756 δὲ
2525 704 2758 758 θανατοῖ·
2808 703 2963 772 δῆλον
3013 703 3113 776 ἤδη
3145 705 3351 775 σαφῶς,
3387 705 3479 758 ὅτι
3521 705 3649 776 αὐτὴ
3669 709 3739 759 ιισί

2217 794 2565 865 πτωχεύουσα
2590 789 2663 849 ὧν
2694 796 2758 849 ἂν
2784 809 2866 860 τις
2898 795 3002 850 ὑπὸ
3039 796 3265 850 πλούτου
3295 795 3405 868 (27)
3459 796 3740 868 διαφθείρει,

2219 885 2467 950 σώζεται,
2488 887 2581 940 καὶ
2609 873 2909 940 πλουτοῦσα
2939 887 3163 950 τούτων,
3207 880 3280 940 ὧν
3312 887 3582 958 ἐπιτρίϐει
3611 887 3720 940 πλοῦ

2213 995 2324 1043 τος,
2359 976 2699 1031 θανατοῦται.
2740 979 2849 1030 Καὶ
2881 978 3074 1050 μηκέτι
3125 978 3377 1050 ζητῶμεν
3415 976 3645 1048 ἀλλαχοῦ
3669 978 3745 1047 τὴν

2215 1070 2392 1122 αἰτίαν
2417 1069 2512 1122 τοῦ
2545 1069 2730 1133 τέλους
2758 1069 2896 1142 πλὴν
2924 1073 2982 1123 ὲν
3008 1072 3073 1141 τῇ
3103 1059 3202 1142 τῆς
3247 1070 3426 1142 ψυχῆς
3451 1069 3747 1124 καταστάσει

2211 1165 2305 1217 καὶ
2330 1163 2565 1217 διαθέσει
2605 1163 2740 1233 πρός
2780 1180 2842 1215 τε
2884 1163 2983 1233 τὴν
3023 1161 3270 1234 ὑπακοὴν
3297 1162 3434 1215 Θεοῦ
3486 1163 3580 1215 καὶ
3611 1160 3748 1215 καθει-

2213 1256 2431 1327 ρότητα,
2457 1256 2592 1326 πρός
2619 1273 2676 1308 τε
2707 1254 3014 1327 παράϐασιν
3045 1254 3270 1308 ἐντολῶν
3298 1253 3391 1308 καὶ
3423 1253 3622 1316 κακίας
3650 1251 3748 1305 συλ-

2209 1347 2392 1420 λογήν.

541 1461 703 1516 quam
733 1445 787 1500 in
820 1445 1012 1499 animae
1035 1445 1152 1514 ipso
1180 1449 1326 1499 statu
1357 1452 1410 1497 et
1459 1441 1762 1506 affectione,
1827 1449 1886 1495 ut
1917 1441 2026 1497 Deo
2073 1444 2405 1514 obsequatur
2457 1443 2821 1514 mundamque
2866 1457 2925 1498 se
2967 1442 3238 1512 praebeat,
3281 1451 3336 1496 et
3376 1449 3438 1495 ut
3499 1448 3746 1511 transgre-

539 1539 738 1596 diendo
768 1538 1040 1601 mandata,
1065 1537 1256 1591 vitium
1296 1551 1361 1591 ac
1394 1536 1655 1590 malitiam
1703 1537 1940 1605 colligat,
1975 1552 2196 1593 causam
2228 1555 2536 1611 quaaramus
2567 1555 2665 1596 cur
2689 1539 2805 1594 haec
2835 1539 2909 1593 ita
2939 1539 3194 1609 utrinque
3222 1538 3495 1593 eveniant.

609 1631 749 1688 XIX.
793 1632 930 1689 Vere
959 1632 1128 1704 igitur
1156 1633 1432 1701 probeque
1476 1631 1629 1686 dives
1661 1641 1778 1698 est,
1810 1632 1901 1702 qui
1938 1633 2107 1689 fretus

537 1725 832 1781 virtutibus
874 1731 958 1780 est
1002 1733 1054 1780 ct
1083 1726 1276 1794 quavis
1328 1723 1547 1778 fortuna
1597 1731 1783 1779 sancte
1809 1731 1862 1779 et
1892 1724 1996 1779 ﬁde
2029 1724 2104 1778 uti

537 1823 715 1888 potest
748 1833 762 1869 :
799 1816 937 1871 falso
968 1824 1146 1870 autem
1180 1815 1354 1879 dives,
1388 1816 1481 1885 qui
1513 1831 1678 1871 carne
1709 1816 1861 1872 dives
1890 1823 1994 1881 est,
2029 1817 2107 1870 vi-

537 1916 756 1978 tamque
789 1907 1066 1962 transtulit
1109 1907 1176 1960 ad
1224 1907 1547 1962 exteriorem
1587 1907 1948 1963 substantiam
1987 1923 2108 1978 quae

537 1999 777 2070 praeterit
823 2007 984 2069 atque
1025 1999 1246 2062 interit,
1299 2013 1363 2052 ac
1411 1998 1738 2068 quandoque
1779 2001 1834 2054 in
1883 2000 2107 2055 alterius

538 2107 761 2146 censum
807 2089 1042 2152 transit,
1114 2097 1169 2144 ct
1217 2089 1283 2144 ad
1331 2097 1633 2145 extremum
1695 2091 1899 2146 nullius
1949 2091 2107 2162 plane

539 2180 775 2235 exsistit.
824 2185 882 2244 >14
939 2177 1151 2234 Rursus
1200 2178 1389 2233 eadem
1445 2180 1658 2235 ratione
1698 2187 1783 2236 est
1831 2189 1886 2236 et
1948 2197 2107 2237 verus

539 2287 744 2342 pauper
769 2311 784 2335 ,
817 2281 872 2326 et
901 2271 1122 2340 spurius
1169 2271 1309 2326 alius
1349 2271 1580 2342 falsique
1621 2272 1858 2327 nominis
1903 2287 2109 2343 pauper

539 2363 791 2417 exsistit:
827 2377 1058 2432 quorum
1108 2378 1302 2432 nempe
1346 2363 1486 2419 alius
1540 2377 1745 2433 pauper
1776 2364 1970 2434 spiritu
2018 2364 2104 2430 fit,

538 2455 682 2524 quod
714 2461 797 2508 est
825 2453 1103 2523 proprium
1123 2497 1138 2520 ,
1165 2453 1305 2508 alius
1331 2454 1576 2509 saeculari
1601 2453 1766 2518 fastu,
1797 2455 1939 2524 quod
1971 2455 2105 2509 alie-

537 2561 686 2600 num.
717 2545 900 2600 Mundi
934 2545 1099 2616 igitur
1127 2545 1270 2600 fastu
1298 2547 1542 2617 pauperi,
1571 2562 1634 2602 ac
1654 2548 1745 2616 qui
1779 2548 1930 2604 dives
1959 2549 2106 2606 vitiis

537 2635 630 2698 sit,
658 2649 766 2689 non
789 2635 882 2705 qui
911 2635 1104 2705 spiritu
1123 2637 1354 2706 pauper,
1374 2647 1428 2690 et
1449 2638 1746 2693 secundum
1765 2639 1931 2694 Deum
1956 2639 2106 2695 dives

537 2729 786 2794 exsistat,
807 2727 1035 2792 Recede,
1060 2729 1155 2796 ait,
1173 2731 1241 2784 ab
1264 2729 1372 2793 his,
1393 2745 1528 2799 quas
1551 2730 1604 2784 in
1627 2732 1812 2786 animo
1834 2732 2102 2802 possides,

538 2820 731 2876 alienis
764 2820 1136 2883 facultatibus,
1159 2829 1220 2876 ut
1247 2822 1452 2877 mundo
1478 2822 1642 2878 corde
1666 2822 1899 2878 evadcns
1921 2823 2106 2879 videas

540 2911 706 2967 Deum
731 2930 746 2981 ;
780 2911 926 2983 quod
953 2919 1007 2967 et
1036 2913 1141 2967 alia
1172 2912 1458 2968 verborum
1499 2913 1671 2969 forma
1705 2923 1787 2970 est
1806 2954 1820 2979 ,
1850 2920 1910 2968 ut
1939 2915 2107 2970 intres

538 3004 592 3058 in
620 3019 845 3076 regnum
879 3003 1160 3059 caelorum.
1192 3004 1437 3070 Quonam
1467 3021 1598 3060 vero
1626 3006 1785 3060 modo
1810 3006 1878 3061 ab
1912 3007 1992 3063 eis
2020 3023 2107 3064 re-

537 3095 818 3152 cesseris?
849 3094 1162 3150 Vendendo.
1203 3096 1344 3162 Quid
1398 3098 1570 3168 ergo?
1615 3097 1691 3151 lta
1732 3099 1988 3153 nimirum
2047 3108 2106 3156 ut

539 3185 863 3254 praediorum
894 3186 1070 3255 pretio
1098 3186 1383 3255 pecuniam
1434 3187 1702 3257 recipias?
1734 3187 1937 3259 Nempe
1974 3204 2104 3260 opes
2134 3226 2175 3283 ο

536 3278 731 3347 opibus
762 3277 1170 3342 commutando,
1190 3277 1421 3332 conﬂata
1443 3294 1563 3348 quze
1584 3279 1639 3334 in
1660 3282 1848 3336 oculos
1875 3282 2105 3337 incurrit

537 3369 882 3424 substantia?
902 3369 1273 3441 Nequaquam.
1295 3369 1402 3426 Sed
1434 3372 1508 3426 ita
1530 3379 1588 3426 ut
1614 3373 1734 3428 loco
1757 3389 1965 3439 earum,
1988 3390 2108 3444 quae

539 3461 723 3514 animo
752 3469 878 3515 ante
909 3461 1145 3526 inerant,
1180 3476 1340 3531 quem
1371 3477 1493 3517 esse
1517 3463 1725 3527 salvum
1756 3466 1934 3534 cupis,
1970 3466 2106 3522 alias

537 3553 759 3609 divitias
803 3553 1025 3609 deiﬁcas
1049 3555 1280 3624 vitaeque
1309 3562 1522 3610 αξιοι-ηαξ
1556 3555 1802 3626 pararias
1829 3557 1912 3627 (ex
1937 3558 2106 3614 divini

537 3645 747 3700 scilicet
774 3645 988 3701 ratione
1015 3645 1258 3700 mandati
1293 3654 1576 3702 consertos
1623 3648 1791 3702 animi
1835 3648 2098 3722 affectus)

539 3735 780 3803 inferas;
815 3752 914 3807 pro
941 3737 1141 3809 quibus
1171 3738 1275 3792 erit
1304 3739 1402 3794 tibi
1459 3755 1670 3795 merces
1715 3755 1779 3794 ac
1809 3751 2104 3812 perpetuus

537 3829 714 3884 honor
743 3837 797 3886 et
823 3830 970 3886 salus
1000 3837 1312 3900 :eternaque
1343 3831 1702 3902 incorruptio.
1726 3832 1785 3886 1n
1816 3833 1963 3890 hunc
1989 3850 2105 3890 mo-

538 3921 666 3975 dum
700 3929 848 3977 recte
870 3921 1056 3978 vendis
1085 3937 1204 3992 quae
1230 3923 1496 3992 possides,
1519 3925 1688 3978 multa
1715 3925 1805 3979 illa
1835 3935 1888 3981 et
1914 3942 2106 3997 super-

537 4014 643 4068 flua
669 4054 684 4080 ,
717 4023 771 4069 et
812 4029 934 4085 quae
962 4015 1059 4070 tibi
1095 4016 1292 4070 cmlum
1321 4016 1640 4083 occludunt,
1668 4033 1789 4072 cum
1821 4019 1928 4076 illis
1953 4035 2104 4075 com~

535 4113 774 4169 mutans,
811 4122 929 4177 quae
956 4107 1188 4162 salutem
1231 4106 1427 4163 aﬂ‘erre
1461 4110 1694 4178 possint.
1735 4110 1830 4166 llla
1863 4111 2102 4167 habeant

535 4198 741 4252 carnali
768 4199 878 4252 ritu
901 4213 1167 4270 pauperes
1192 4206 1245 4253 et
1272 4199 1365 4269 qui
1397 4198 1481 4254 his
1518 4200 1799 4270 indigeant
1831 4217 1845 4252 :
1885 4209 1940 4256 tu
1975 4218 2104 4258 vero

539 4289 877 4358 spiritalibus
906 4305 1093 4344 eorum
1115 4289 1235 4344 loco
1266 4291 1499 4360 receptis
1522 4291 1747 4358 divitiis,
1781 4291 2100 4349 thesaurum

538 4378 593 4432 in
627 4379 781 4434 coelis
810 4380 1032 4437 habeas.

609 4469 726 4522 XX.
769 4468 895 4524 Haec
927 4485 1023 4540 per
1065 4472 1438 4542 metaphoram
1475 4471 1622 4527 dicta
1651 4488 1761 4529 non
1792 4474 2100 4547 intelligens

2281 1637 2381 1691 ΙΘ’.
2442 1636 2499 1690 '0
2549 1638 2644 1707 μὲν
2671 1637 2776 1709 ἄρα
2834 1635 3044 1706 άληθῶς
3097 1636 3190 1688 καὶ
3232 1634 3410 1698 καλῶς
3443 1635 3590 1688 ἐστιν
3616 1636 3748 1689 ὁτῶν

2211 1727 2419 1799 ἀρετῶν
2447 1727 2720 1791 πλούσιος,
2745 1728 2838 1780 καὶ
2867 1727 3014 1798 πάσῃ
3049 1726 3186 1799 τύχῃ
3229 1726 3465 1797 χρῆσθαι
3495 1725 3651 1790 όσίως
3675 1726 3752 1780 καὶ

2210 1817 2415 1880 πιστῶς
2445 1816 2752 1887 δυνάμενος·
2773 1819 2801 1870 ὁ
2823 1815 2878 1868 δε
2899 1815 3066 1880 νόθως
3093 1815 3362 1878 πλούσιος,
3381 1817 3412 1868 ὁ
3436 1815 3577 1868 κατά
3601 1817 3752 1886 σάρκα⁵

2212 1906 2482 1971 πλούσιος,
2500 1908 2592 1962 καὶ
2613 1908 2710 1980 τὴν
2740 1905 2884 1979 ζωὴν
2907 1909 2986 1971 είς
3008 1908 3107 1979 τὴν
3139 1906 3243 1972 ἔξω
3274 1907 3468 1977 κτῆσιν
3493 1924 3753 1978 μετενηνο-

2210 1998 2321 2070 χὼς
2348 1998 2887 2072 τῆν’παρερχομένην
2920 1999 3014 2052 καὶ
3041 1997 3422 2070 φθειρομένην,
3461 1997 3557 2051 καὶ
3591 1997 3750 2051 ωλστε

2210 2086 2368 2140 ἄλλου
2388 2087 2694 2158 γινομένην,
2714 2086 2804 2140 καὶ
2823 2089 2879 2140 ὲν
2899 2086 2975 2158 τῷ
3003 2087 3141 2140 τέλει
3162 2087 3384 2157 μηδενὸς
3415 2087 3652 2158 μηδαμῆ.
3667 2087 3755 2140 Πά-

2210 2177 2293 2230 λιν
2312 2173 2376 2231 αὗ
2397 2179 2490 2231 καὶ
2507 2178 2646 2231 κατά
2675 2178 2763 2231 τὸν
2783 2179 2939 2231 αὑτὸν
2963 2178 3160 2252 τρόπον
3180 2179 3273 2233 καὶ
3303 2179 3528 2250 γνήσιος
3544 2178 3754 2248 πτωχὸς,

2211 2270 2304 2323 καὶ
2337 2270 2487 2332 νόθος
2513 2269 2669 2334 ἄλλος
2713 2270 2924 2340 πτωχὸς
2945 2271 3039 2324 καὶ
3060 2269 3423 2341 ψευδώνυμος·
3455 2272 3484 2324 ό
3517 2271 3614 2341 μὲν
3636 2272 3756 2324 κατὰ

2211 2359 2429 2431 πνεῦμα
2453 2361 2681 2432 πτωχὸς,
2715 2362 2776 2414 τὸ
2806 2362 2952 2425 ῐδιον,
2998 2365 3026 2416 ό
3075 2363 3133 2416 δὲ
3177 2361 3316 2416 κατά
3342 2362 3567 2432 κόσμον,
3600 2362 3659 2414 τὸ
3681 2363 3760 2415 άλ-

2209 2452 2435 2524 λότριον.
2467 2453 2558 2524 Τῷ
2586 2453 2649 2525 δὴ
2702 2453 2841 2507 κατὰ
2887 2453 3088 2524 κόσμον
3141 2453 3340 2525 πτωχῷ
3396 2455 3490 2507 καὶ
3539 2454 3759 2522 πλουσίῳ

2211 2544 2350 2598 κατὰ
2368 2544 2434 2597 τὰ
2453 2544 2619 2614 πάθη,
2636 2544 2803 2617 ὁ(27’)
2823 2545 2960 2599 κατά
2984 2544 3198 2617 πνεῦμα
3218 2547 3279 2598 οὐ
3299 2545 3512 2615 πτωχὸς
3527 2546 3617 2598 καὶ
3638 2547 3762 2598 κατὰ

2210 2637 2343 2690 Θεὸν
2373 2637 2644 2700 πλούσιος,
2682 2636 2994 2709 Ἀπόστηθι,
3029 2639 3178 2708 φησὶ,
3206 2637 3312 2690 τῶν
3340 2637 3689 2709 ὑπαρχόντων
3712 2641 3762 2692 ὲν

2209 2730 2275 2799 τῇ
2305 2726 2448 2798 ψυχῇ
2482 2744 2574 2780 σου
2597 2727 2887 2798 κτημάτων
2910 2727 3225 2800 ἀλλοτρίων,
3263 2728 3370 2789 ἴνα,
3422 2717 3660 2799 καθαρὸς
3704 2730 3764 2798 τῇ

2210 2819 2407 2891 καρδίᾳ
2434 2820 2739 2891 γενόμενος,
2775 2819 2888 2891 ἴδῃς
2913 2819 3003 2873 τὸν
3022 2820 3170 2872 Θεόνσ
3198 2821 3331 2889 ὅπερ
3359 2820 3450 2872 καὶ
3481 2819 3551 2872 δι’
3584 2820 3764 2890 ἑτέρας

2209 2910 2396 2980 φωνῆς
2423 2911 2588 2975 ἐστιν,
2613 2909 2867 2964 εἰσελθεῖν
2901 2911 2980 2973 είς
3023 2910 3122 2982 τὴν
3158 2909 3432 2980 βασιλείαν
3473 2909 3584 2962 τῶν
3613 2911 3767 2980 οὖρα-

2209 3002 2335 3056 νῶν.
2371 3004 2479 3057 Καὶ
2507 3003 2623 3066 πῶς
2663 3003 2837 3056 αὐτῶν
2857 3003 3132 3074 ἀποστῇς;
3185 3003 3467 3074 Πωλήσας.
3528 3003 3594 3056 Ti
3647 2998 3766 3068 0'59;

2210 3097 2464 3167 χρήματα
2493 3095 2610 3148 ἀντὶ
2648 3095 2940 3166 κτημάτων
2988 3094 3191 3168 λάϐῃς,
3242 3094 3508 3148 ἀντίδοσιν
3545 3093 3768 3147 πλούτου

2210 3186 2735 3258 προσποιησάμενος,
2763 3187 3126 3259 ἐξαργυρίσας
3152 3187 3252 3257 τὴν
3281 3187 3522 3258 φανερὰν
3553 3188 3767 3248 οὖσίανς

2208 3279 2490 3349 Οὐδαμῶς.
2535 3278 2690 3331 Ἀλλά
2719 3280 2838 3332 ἀντὶ
2886 3278 2996 3332 τῶν
3041 3281 3318 3350 προτέρων
3364 3279 3770 3350 ἐνυπαρχόντων

2204 3372 2270 3440 τῇ
2303 3369 2468 3441 ψυχῇ,
2497 3370 2564 3439 ἢν
2594 3370 2763 3424 σῶσαι
2819 3369 3032 3434 ποθεῖς,
3094 3371 3547 3442 ἀντεισαγόμενος
3591 3372 3772 3440 ἕτερον

2207 3461 2433 3515 πλοῦτον
2493 3462 2734 3516 θεοποιὸν
2771 3464 2863 3516 καὶ
2917 3461 3064 3533 ζωῆς
3112 3463 3342 3533 χορηγὸν
3381 3463 3635 3527 αἰωνίου,
3683 3462 3774 3524 τὰς

2204 3553 2344 3608 κατὰ
2396 3553 2494 3624 τὴν
2540 3553 2756 3623 ἐντολὴν
2787 3552 2880 3607 τοῦ
2928 3553 3062 3607 Θεοῦ
3113 3553 3398 3617 διαθέσεις·
3432 3553 3554 3610 ἀνθ’
3575 3547 3667 3608 ὧν
3699 3571 3774 3606 σοι

2206 3645 2486 3716 περιέσται
2517 3644 2704 3716 μισθὸς
2735 3645 2828 3698 καὶ
2879 3644 3012 3716 τιμὴ
3044 3644 3314 3716 διηνεκὴς,
3359 3645 3454 3698 καὶ
3511 3648 3774 3718 σωτηρία,

2205 3737 2300 3790 καὶ
2327 3735 2540 3800 αἰώνιος
2573 3735 2865 3808 ἀφθαρσία.
2895 3735 3049 3789 Οὕτω
3078 3736 3257 3798 καλῶς
3285 3736 3488 3800 πωλεῖς
3513 3737 3586 3790 τὰ
3617 3739 3779 3809 ὑπάρ-

2203 3845 2385 3899 χοντα,
2423 3827 2492 3881 τὰ
2513 3826 2684 3881 πολλά
2712 3827 2806 3881 καὶ
2851 3827 3107 3898 περισσά,
3157 3829 3251 3882 καὶ
3307 3828 3678 3882 ἀποκλείοντα
3705 3845 3778 3881 σοι

2203 3920 2328 3983 τοὺς
2359 3919 2638 3992 οὐρανοὺς,
2685 3917 3309 3990 ἀντικαταλλασσόμενος
3357 3919 3543 3973 αὐτῶν
3569 3919 3650 3974 τὰ
3679 3919 3780 3972 σῶ-

2205 4031 2292 4066 σαι
2320 4013 2608 4084 δυνάμενα.
2655 4012 2867 4064 Ἐκεῖνα
2893 4011 3164 4082 ἐχέτωσαν
3207 4013 3258 4064 οἱ
3287 4013 3546 4083 σαρκικοὶ
3569 4013 3782 4080 πτωχοὶ

2203 4105 2516 4159 καὶτούτων
2548 4105 2808 4176 δεόμενοι·
2852 4104 2918 4157 σὺ
2947 4103 3002 4157 δὲ
3058 4104 3149 4158 τὸν
3190 4105 3563 4175 πνευματικὸν
3621 4103 3785 4158 πλοῦ-

2201 4214 2294 4251 τον
2353 4196 2654 4251 ἀντιλαϐὼν
2712 4195 2856 4267 ἔχοις
2910 4195 2976 4250 ἂν
3036 4195 3136 4266 ἤδη
3181 4196 3450 4267 θησαυρὸν
3501 4199 3562 4249 ὲν
3619 4197 3788 4267 αὖραι

2200 4291 2328 4351 νοῖς.

2271 4468 2357 4521 K'.
2396 4463 2581 4518 Ταῦτα
2613 4465 2686 4537 μὴ
2717 4463 2915 4529 συνιεὶς
2947 4462 3092 4517 κατὰ
3127 4462 3328 4533 τρόπον
3352 4462 3380 4514 ὁ
3413 4460 3786 4532 πολυχρήμαο

537 4557 627 4612 ille
655 4559 841 4613 multis
865 4560 1112 4628 pecuniis
1139 4561 1380 4630 locuples
1403 4569 1456 4616 et
1486 4561 1648 4617 homo
1677 4562 1898 4634 legalis;
1928 4582 2102 4637 neque

2213 4577 2294 4623 τος
2318 4559 2412 4612 καὶ
2461 4557 2680 4629 ἔννομος
2708 4557 3013 4628 ἄνθρωπος,
3055 4555 3187 4627 μηδὲ
3215 4556 3363 4617 ὅπως
3391 4555 3420 4606 ὁ
3459 4554 3638 4617 αὐτὸς
3700 4555 3789 4606 καὶ

539 4657 597 4703 ιιι
631 4650 804 4719 possit
834 4651 977 4705 idem
1005 4660 1059 4707 et
1087 4668 1290 4723 pauper
1339 4669 1462 4709 esse
1504 4662 1558 4709 et
1599 4653 1772 4720 dives,
1805 4664 1858 4712 et
1900 4657 2100 4715 habere

536 4743 797 4812 pecunias
825 4749 880 4796 et
912 4757 1022 4797 non
1052 4743 1284 4809 habere,
1317 4760 1530 4800 necnon
1562 4747 1638 4800 uti
1663 4747 1862 4803 saeculo
1892 4755 1948 4801 et
1989 4763 2101 4804 non

538 4834 640 4898 uti,
662 4834 792 4888 abiit
824 4833 997 4890 tristis
1019 4842 1073 4890 et
1099 4850 1356 4902 mmreus,
1373 4837 1564 4892 relicta
1581 4838 1705 4893 vitae
1733 4845 1880 4894 sorte
1897 4882 1912 4906 ,
1936 4852 2097 4909 quam

537 4925 878 4980 solummodo
919 4941 1151 4996 cupere,
1197 4941 1260 4981 ac
1289 4942 1396 4983 non
1428 4929 1590 4984 etiam
1622 4930 1839 5000 assequi
1887 4931 2099 5001 potuit;

535 5017 628 5087 qui
670 5017 772 5071 sibi
821 5017 1080 5072 nimirum
1113 5019 1260 5090 quod
1298 5021 1526 5076 arduum
1574 5030 1728 5087 erat,
1760 5022 2098 5094 impossibile

534 5107 852 5164 reddiderit.
870 5108 1116 5165 Arduum
1143 5126 1378 5182 namque
1401 5127 1464 5168 ac
1484 5113 1698 5169 difﬁcile
1722 5128 1831 5169 non
1861 5116 2098 5170 circum-

534 5199 658 5255 duci
696 5202 936 5255 animum
969 5211 1023 5258 et
1061 5202 1418 5269 labefactari,
1458 5204 1791 5261 eminentium
1829 5207 2096 5262 bonorum

532 5289 830 5363 floridaque
853 5294 1036 5363 specie
1056 5294 1332 5365 prmstigio
1358 5311 1524 5367 prope
1560 5297 1938 5368 obrepentium
1963 5314 2097 5354 con-

534 5385 723 5452 spicuo
762 5399 931 5441 censu
962 5399 1026 5440 ac
1075 5386 1316 5452 divitiis;
1367 5402 1480 5442 non
1529 5395 1713 5443 tamen
1755 5387 2095 5458 impossibile

533 5488 656 5528 cum
689 5475 774 5531 his
802 5479 967 5532 etiam
998 5477 1241 5533 nancisci
1271 5478 1521 5544 salutem,
1548 5479 1594 5536 si
1623 5480 1749 5551 quis
1779 5481 1846 5534 ab
1882 5479 1950 5535 iis
1974 5480 2095 5550 opi-

608 5600 667 5658 >Ι4
708 5593 769 5649 Ρ.
811 5593 915 5650 956
951 5593 1060 5648 ED.
1097 5591 1394 5648 POTTER.

604 5706 718 5818 $27)
751 5710 1040 5762 Πλαύτου.
1075 5707 1277 5760 Τούτου
1311 5721 1414 5761 ms.
1448 5704 1612 5760 FELL.

626 5777 739 5818 97'l
771 5777 939 5818 νριιιίι
981 5779 1246 5818 ἰηιριιηνρα
1295 5778 1449 5818 ηιιςιαί
1504 5777 1721 5818 Ιρσίςςρι
1747 5776 1773 5818 ὅ

612 5773 739 5848 (27‘)
771 5777 941 5833 Vertit
981 5779 1246 5848 interpres
1295 5777 1721 5848 quasihlcgisset
1747 5776 1806 5836 ὃς
1833 5773 2090 5848 _(subau-

539 5843 735 5904 diendo
771 5849 929 5919 ἐστι).
991 5843 1257 5915 Κιοιὶίυε,
1314 5843 1368 5900 in
1417 5843 1652 5901 editione
1683 5860 1780 5900 sua
1833 5843 2091 5915 Lipsiana

2200 4653 2414 4722 πτωχὸς
2465 4648 2685 4705 δύναται
2738 4645 2876 4703 εἶναι
2926 4650 3020 4703 καὶ
3071 4648 3341 4710 πλούσιος,
3400 4647 3501 4700 καὶ
3536 4647 3700 4717 ἔχειν
3725 4647 3788 4698 τά

2201 4748 2456 4815 χρήματα
2484 4744 2578 4797 καὶ
2608 4743 2680 4815 μὴ
2711 4741 2873 4812 ἐχειν,
2913 4742 3005 4795 καὶ
3036 4740 3268 4812 χρῆσθαι
3297 4740 3377 4812 τῷ
3434 4740 3648 4812 κόσμῳ
3701 4743 3790 4793 καὶ

2205 4835 2278 4908 μὴ
2313 4835 2568 4908 χρῆσθαι,
2604 4834 2812 4904 ἀπῆλθε
2857 4833 3079 4902 στυγνὸς
3129 4832 3224 4885 καὶ
3265 4831 3544 4904 κατηφὴς,
3612 4833 3790 4885 λιπὼν

2201 4929 2300 5000 τὴν
2323 4927 2475 4993 τάξιν
2502 4928 2600 4999 τῆς
2631 4927 2796 4998 ζωῆς,
2847 4921 2915 4998 ἧς
2948 4925 3229 4997 ἐπιθυμεῖν
3277 4925 3460 4996 μόνον,
3518 4925 3652 4979 ἀλλ’
3672 4927 3792 4994 οὖχὶ

2201 5020 2298 5074 καὶ
2327 5022 2510 5091 τυχεῖν
2561 5018 2811 5088 ἠδύνατο,
2843 5019 2906 5071 τὸ
2935 5017 3188 5070 δύσκολον
3232 5018 3470 5087 ποιήσας
3514 5017 3792 5070 ἀδύνατον

2201 5113 2361 5176 αὐτὸς
2384 5111 2579 5184 ἑαυτῷ.
2612 5110 2877 5164 Δύσκολον
2905 5109 3015 5181 γὰρ
3039 5105 3108 5180 ἦν
3137 5108 3210 5180 μὴ
3236 5107 3635 5179 περιάγεσθαι,
3659 5107 3793 5179 μηδέ

2203 5201 2665 5276 καταστρέφεσθαι
2722 5201 2820 5272 τὴν
2887 5199 3063 5271 ψυχὴν
3119 5198 3224 5252 ἀπὸ
3283 5197 3392 5251 τῶν
3459 5201 3796 5271 προσόντων

2202 5295 2383 5365 ἁϐρῶν
2411 5294 2489 5365 τῷ
2517 5292 2765 5365 προδήλῳ
2797 5291 3009 5363 πλούτῳ
3057 5291 3153 5344 καὶ
3177 5288 3428 5360 ἀνθηρῶν
3461 5293 3797 5361 γοητευμά-

2199 5403 2328 5440 τωνο
2361 5387 2461 5440 οὐκ
2488 5384 2745 5439 ἀδύνατον
2775 5385 2832 5438 δὲ
2883 5384 2977 5437 καὶ
3020 5384 3078 5436 ὲν
3103 5380 3279 5452 τούτῳ
3309 5380 3580 5435 λαϐέσθαι
3611 5398 3794 5450 σωτη-

2206 5479 2343 5550 ρίας,
2378 5480 2431 5531 εί
2457 5495 2542 5541 τις
2565 5478 2753 5532 ἑαυτὸν
2801 5476 2908 5531 ἀπὸ
2955 5473 3050 5529 τοῦ
3097 5473 3359 5546 αἰσθητοῦ
3414 5473 3674 5529 πλοῦτον
3704 5475 3794 5526 ἐπὶ

2201 5699 2484 5772 ειηηιθὸἳ,
2517 5701 2837 5772 particulam
2871 5701 2931 5772 οὐ
2965 5700 3286 5772 repudiavit,
3313 5701 3387 5756 ita
3451 5710 3514 5756 ut
3559 5703 3597 5756 ὁ
3650 5699 3803 5754 κα.τέ

2198 5770 2411 5845 πνεῦμα
2439 5770 2658 5845 πτωχὸς
2681 5772 2862 5845 καὶ-κ.
2894 5770 3052 5845 θέτε.
3086 5773 3237 5826 verbi
3272 5772 3586 5845 sequentis,
3623 5773 3790 5844 φησί,

2196 5840 2500 5911 subjectum
2528 5841 2738 5897 evadat.
2774 5840 2929 5896 Em'r.
2965 5840 3207 5897 ΡΑτιιοι..
