3818 6570
150 388 240 443 €25
1197 391 1399 448 LIBER
1439 391 1603 460 QUlS
1641 389 1842 448 DlVES
1880 389 2265 447 SALVETUR.
3025 433 3030 436 -
3237 395 3342 450 6‘26

147 509 221 560 τὸν
243 503 418 577 νοητὸν
473 505 566 560 καὶ
613 505 948 563 θεοδίδακτον
998 501 1331 582 μεταγάγοιξ
1374 510 1471 565 καὶ
1517 510 1654 582 μάθο

1830 522 1881 563 ιε
1909 521 2030 578 qua:
2072 507 2127 560 in
2175 519 2397 560 sensum
2439 504 2678 571 cadunt,
2709 504 2776 562 ad
2807 519 2900 560 eas
2928 521 2986 562 se
3015 505 3338 571 transferat,

141 600 240 661 τοῖς
258 596 555 670 ἀδιαφόροις
574 599 806 671 χρῆσθαι
844 600 1022 666 καλῶς
1052 602 1148 656 καὶ
1196 601 1359 666 ἰδίως,
1391 602 1485 656 καὶ
1503 603 1578 666 ὡς
1608 603 1649 656 ἆ·

1835 616 1895 656 la:
1943 599 1999 654 in
2046 604 2228 654 mente
2266 597 2664 667 intelliguntur,
2714 598 2933 669 Deoque
2972 598 3203 655 docente
3241 613 3343 656 no-

141 691 209 753 εἰς
233 688 366 760 ζωὴν
396 689 608 745 αἰώνιον
633 692 868 764 ὁρμῷτο.
895 694 1004 747 Kal
1035 693 1084 746 οἱ
1106 693 1340 766 μαθηταὶ
1363 693 1419 747 δὲ
1445 693 1507 746 τὸ
1527 693 1648 764 πρῶ

1831 701 2032 758 untur;
2063 691 2384 761 noveritque
2426 691 2562 746 bene
2609 691 2689 745 uti
2733 691 2842 747 illis
2883 708 3002 762 quae
3045 693 3339 762 promiscui

139 796 216 833 τον
242 781 334 851 μὲν
363 780 452 833 καὶ
475 783 628 835 αὐτοὶ
656 784 923 855 περιδεεῖς
966 785 1060 840 καὶ
1099 786 1471 856 καταπληγεῖς
1517 786 1646 856 γεγό

1834 801 1910 840 ius
1942 791 2070 839 sunt
2103 783 2431 854 propriaque
2459 782 2539 836 illi
2571 783 2803 848 ratione,
2833 794 2888 839 et
2912 794 2970 838 ut
2999 785 3166 838 animi
3198 784 3342 841 desi-

139 888 288 926 νασιν.
340 872 690 939 Ἀκούσαντες
717 875 771 928 τί
795 876 1022 948 δήποτε;
1054 873 1165 950 ἆρά
1212 895 1276 946 γε
1305 879 1386 932 ὅτι
1418 879 1647 950 χρήματε

1821 876 1924 930 ario
1947 875 2013 930 ad
2037 875 2200 929 vitam
2225 882 2484 929 aeternam
2511 875 2768 930 enitatur.
2802 874 2942 941 Quin
2969 883 3024 931 et
3052 876 3329 948 discipuli,

136 965 214 1017 καὶ
239 964 383 1017 αὐτοὶ
410 965 700 1037 ἐκέκτηντο
729 968 934 1034 «alia;
987 969 1142 1023 Ἀλλὰ
1165 971 1258 1024 καὶ
1310 971 1449 1024 αὐτὰ
1502 970 1644 1024 ταῦτ‹

1827 967 1850 1020 ,ί
1881 965 2097 1036 quidem
2123 965 2358 1036 primum
2383 965 2578 1020 timore
2601 967 2838 1036 perculsi
2868 982 2931 1022 ac
2953 971 3168 1024 attoniti
3189 977 3335 1025 sunt.

131 1056 190 1107 τὰ
207 1055 437 1109 amem
467 1059 562 1111 καὶ
592 1058 883 1131 ἄγκιστρα,
920 1061 1013 1114 καὶ
1054 1061 1122 1116 τὰ
1150 1062 1452 1136 ὑπηρετικὰ
1479 1064 1639 1134 σκαφί

1830 1071 1890 1111 uo
1920 1070 2116 1125 nempe
2157 1054 2378 1110 audito?
2406 1052 2546 1109 Num
2584 1055 2728 1124 quod
2761 1056 2866 1126 ipsi
2894 1072 3110 1128 quoque
3138 1059 3338 1114 multas

130 1144 208 1198 δια
236 1147 450 1217 ἀφῆκαν
485 1147 672 1215 πάλαι,
706 1149 850 1223 ἆπερ
876 1146 946 1222 ἦν
977 1152 1160 1217 αὐτοῖς
1183 1153 1338 1224 μόνα.
1371 1152 1434 1207 Τί
1456 1149 1556 1208 οὖν
1578 1171 1638 1224 φο

1833 1149 2034 1205 :cunias
2063 1146 2372 1204 habebant?
2399 1145 2599 1202 Verum
2637 1148 2753 1218 ipsa
2801 1165 3020 1220 quoque
3048 1151 3175 1204 vilia
3203 1153 3341 1206 retia

131 1237 362 1308 δηθέντες
393 1239 630 1309 λέγουσι’
667 1262 686 1295 ι
719 1242 814 1308 Τίς
843 1244 1064 1300 δύναται
1117 1245 1392 1317 σωθῆναι;
1422 1265 1441 1298 ι
1475 1246 1639 1301 Καλῶ

1832 1257 2069 1314 [mosque
2115 1256 2179 1298 ac
2224 1241 2549 1314 piscatorias
2602 1242 2835 1311 scaphas
2881 1243 3180 1314 lintresque
3228 1243 3340 1313 jam

128 1330 362 1401 ἤκουσαν,
407 1333 503 1386 καὶ
549 1334 624 1399 ὡς
681 1335 938 1407 μαθηταὶ,
1007 1338 1100 1392 τοῦ
1157 1339 1536 1411 παραϐολικῶς
1578 1359 1636 1393 κο

1829 1337 1898 1390 im
1921 1336 2276 1406 reliquerant,
2296 1349 2416 1405 qua:
2446 1333 2563 1389 sola
2595 1332 2702 1389 illis
2723 1335 2779 1388 in
2808 1349 2976 1392 censu
3006 1344 3183 1392 erant.
3200 1335 3337 1402 Quid

126 1419 328 1489 ἀσαφῶς
355 1420 637 1492 λεχθέντος
670 1424 776 1478 ὑπὸ
799 1425 892 1479 τοῦ
922 1428 1151 1500 Κυρίου,
1183 1431 1277 1483 καὶ
1309 1428 1534 1501 ᾔσθοντο
1573 1446 1634 1482 το

1827 1442 1900 1498 go
1921 1427 2172 1483 timentes
2195 1430 2378 1484 aiunt:
2409 1429 2506 1484 «Et
2531 1429 2656 1500 quis
2688 1436 2864 1498 potest
2894 1428 3078 1485 salvus
3102 1428 3216 1483 ﬁeri
3235 1429 3335 1483 αἳ»

127 1510 298 1580 βάθους
325 1512 434 1567 τῶν
468 1514 661 1584 λόγων.
695 1517 896 1572 Ἕνεκα
932 1519 1029 1590 μὲν
1058 1515 1150 1574 οὖν
1182 1521 1477 1592 χρημάτων
1504 1521 1635 1592 ἀκτη

1833 1520 2034 1575 'atclare
2056 1519 2364 1585 audierant,
2393 1529 2448 1577 et
2483 1530 2541 1576 ut
2573 1521 2852 1592 discipuli,
2885 1521 3030 1592 quod
3062 1537 3158 1594 per
3190 1537 3341 1593 para-

125 1602 362 1674 μοσύνης,
397 1604 673 1668 εὐέλπιδες
701 1603 839 1679 ἦσαν
883 1609 1019 1680 πρὸς
1060 1611 1348 1682 σωτηρίαν’
1401 1611 1633 1684 ἐπειδὴδ

1835 1612 1947 1665 lam
1983 1627 2257 1682 sensuque
2307 1614 2630 1670 obscuriore
2659 1630 2689 1668 a
2715 1613 2945 1669 Domino
2969 1614 3176 1670 dictum
3223 1612 3343 1670 fue-

122 1695 393 1766 συνῄδεσαν
428 1697 641 1764 ἑαυτοῖς
687 1701 851 1773 μήπω
887 1702 956 1756 τὰ
1010 1702 1156 1776 πάθη
1204 1704 1385 1758 τέλεον
1414 1704 1630 1758 ἀποτιθε

1833 1711 1884 1770 t,
1950 1719 2015 1759 ac
2078 1706 2367 1761 sententiae
2419 1707 2762 1762 altitudinem
2817 1706 3214 1762 intellexerant.
3275 1703 3341 1759 Et

120 1783 278 1855 μένοις
339 1787 684 1861 (ἀρτιμαθεῖς
719 1793 827 1865 γὰρ
871 1788 1013 1866 ἦσαν
1065 1797 1156 1849 καὶ
1193 1796 1385 1849 νεωστὶ
1413 1795 1548 1867 πρὸς
1571 1813 1628 1850 τη

1827 1796 1986 1851 iidem
2013 1797 2157 1868 quod
2195 1797 2389 1853 attinet
2431 1798 2499 1853 ad
2525 1799 2883 1869 pecuniarum
2918 1799 3335 1863 abdicationem,

117 1878 342 1948 Σωτῆρος
386 1881 886 1959 ήνδρολογημὲνοι),
938 1887 1213 1960 περισσῶς
1257 1887 1625 1958 ὲξεπλήττοντι

1863 1890 2006 1958 bona
2035 1891 2562 1960 speiconsequenda:
2593 1891 2788 1947 salutis
2821 1889 2945 1945 freti
2967 1897 3160 1958 erant:
3192 1888 3338 1960 quod

117 1970 194 2022 καὶ
216 1972 586 2042 ἀπεγίνωσκον
620 1977 845 2042 ἑαυτοὺς
871 1979 1020 2032 οὐδέν
1053 1997 1108 2032 τι
1133 1973 1292 2050 ἦττον
1331 1978 1539 2032 ἐκείνου
1567 1995 1625 2030 το

1836 1996 1896 2036 ro
1923 1983 2158 2037 necdum
2207 1997 2267 2037 se
2297 1980 2535 2052 perfecte
2583 1981 2812 2038 affectus
2840 1981 3082 2053 vitiaque
3123 1982 3340 2037 exuisse

115 2060 509 2134 πολυχρημάτου
539 2067 632 2120 καὶ
659 2068 846 2146 δεινῷς
874 2071 973 2142 τῆς
1009 2071 1254 2142 κτήσεως
1295 2069 1623 2142 περιεχουμέ

1829 2073 1871 2129 bi
1901 2071 2110 2128 conscii
2133 2079 2291 2126 erant
2331 2071 2568 2144 (quippe
2619 2088 2792 2142 nuper
2819 2073 3106 2144 disciplina
3144 2073 3337 2128 imbuti

113 2167 208 2216 νου,
235 2153 298 2223 ἥν
327 2171 393 2223 γε
425 2156 717 2228 προέκρινε
768 2159 912 2232 ζωῆς
940 2161 1176 2216 αἰωνίου.
1231 2159 1414 2226 ’Ἄξιον
1463 2158 1555 2214 οὖν
1585 2155 1621 2232 ἦ

1831 2177 2064 2232 censque
2085 2177 2114 2215 a
2134 2161 2418 2218 Salvatore
2444 2163 2497 2215 in
2523 2161 2784 2216 familiam
2806 2162 3012 2232 asciti),
3032 2175 3197 2232 supra
3223 2177 3339 2216 mo-

111 2247 203 2307 tui;
229 2245 500 2318 μαθηταῖς
531 2249 696 2317 φόϐου
745 2253 966 2318 παντὸς,
1021 2253 1068 2306 εί
1099 2253 1193 2306 καὶ
1218 2255 1246 2306 6
1277 2254 1535 2324 χρήματα
1567 2269 1619 2307 κε

1827 2269 1891 2308 un
1923 2252 2122 2308 animis
2149 2253 2386 2322 perculsi
2423 2260 2617 2318 erant,
2652 2269 2915 2324 suamque
2949 2253 3054 2324 ipsi
3083 2253 3335 2316 salutem,

111 2336 352 2407 κτημένοξ
390 2340 488 2392 καὶ
518 2343 548 2394 6
589 2342 696 2396 τῶν
750 2343 939 2397 παθῶν
978 2344 1172 2414 ἔγκυος
1200 2344 1295 2412 ὢν,
1343 2344 1619 2398 ἑπλούτουι

1829 2347 1909 2403 .ud
1953 2361 2113 2403 secus
2143 2361 2207 2400 ac
2232 2345 2419 2401 divitis
2451 2345 2600 2400 illius
2633 2346 2885 2402 habentis
2923 2346 3122 2400 multas
3172 2360 3337 2414 pecu-

108 2428 186 2482 καὶ
246 2431 398 2486 αὐτοὶ
459 2437 894 2506 παραπλησίωςξ·
916 2437 1348 2512 ἀπελαθήσονται
1384 2437 1616 2509 οὐρανῶι

1830 2453 1907 2506 as,
1937 2437 2164 2508 direque
2207 2437 2390 2494 animo
2417 2437 2494 2492 rei
2526 2437 2782 2492 familiari
2811 2437 3012 2492 addicti
3048 2441 3247 2507 (quam
3284 2443 3338 2491 et

116 2518 338 2577 ’Δπαθῶν
360 2525 473 2596 γὰρ
501 2528 595 2580 καί⁵
630 2529 885 2601 καθαρῶν
930 2530 1116 2602 ψυχῶν
1147 2532 1292 2586 ἐστιν
1312 2534 1346 2604 ἡ
1373 2532 1624 2604 σωτηρία.

1826 2538 1891 2586 ta:
1928 2540 2145 2586 aeternae
2181 2529 2561 2600 praetulerat),
2608 2530 2664 2584 in
2708 2530 3012 2600 desperatis
3041 2530 3334 2586 habebant.

107 2613 276 2686 Magno
322 2620 512 2691 itaque
560 2623 668 2680 ill-is
714 2625 908 2681 timore
955 2627 1178 2697 dignum
1230 2627 1560 2683 videbatur:
1598 2626 1645 2683 si
1683 2633 1799 2682 tum
1872 2626 1921 2681 is
1959 2625 2053 2696 qui
2092 2625 2352 2695 pecunias
2429 2623 2688 2691 haberet,
2756 2632 2868 2680 tum
2912 2624 3005 2694 qui
3051 2622 3336 2678 affectibus

105 2710 333 2776 gravidus
393 2723 572 2784 esset,
623 2717 682 2773 in
727 2720 954 2775 divitum
992 2736 1161 2778 censu
1227 2722 1462 2778 habendi
1489 2729 1707 2789 essent,
1751 2721 1964 2792 ipsique
2011 2720 2237 2792 perinde
2276 2735 2444 2790 regno
2510 2719 2776 2774 caelorum
2829 2717 3087 2789 ejiciendi
3135 2717 3332 2774 forent.

103 2805 302 2864 Animas
333 2811 486 2866 enim
536 2814 807 2872 immunes
835 2818 910 2872 ab
927 2817 1210 2875 affectibus
1237 2835 1301 2876 ac
1329 2820 1450 2874 labe
1487 2834 1654 2889 puras
1693 2826 1872 2873 manet
1901 2818 2070 2872 salus.

157 2901 274 2956 KA'.
326 2904 385 2959 ’Θ
415 2907 476 2960 δὲ
505 2909 707 2980 Κύριος
728 2913 1081 2984 ἀποκρίνεται
1105 2932 1118 2945 ο
1173 2935 1192 2966 ι
1217 2914 1361 2968 Διὸτι
1387 2915 1450 2968 τὸ
1481 2917 1538 2967 ἐν
1564 2915 1657 2990 ἀντ

1829 2912 1988 2983 341
2030 2909 2173 2965 XXI.
2215 2909 2480 2966 Dominus
2502 2924 2630 2964 vero
2663 2907 2943 2978 respondit
2968 2926 2982 2962 :
3011 2925 3029 2958 ι
3060 2905 3216 2973 Quod
3251 2916 3335 2962 est

104 2988 314 3060 θρώποις
357 2997 623 3053 ἀδύνατον
654 3000 878 3056 δυνατὸν
918 3004 1055 3075 Θεῷ.
1087 3024 1105 3056 ι
1146 3005 1315 3060 Πάλιν
1365 3007 1458 3058 καὶ
1499 3004 1612 3058 τοῦιι

1825 3003 2100 3074 ῳοεείὺὶιε
2133 3003 2276 3074 apud
2312 3001 2582 3065 homines,
2612 3009 2696 3056 est
2723 3001 2982 3072 possibile
3010 2999 3118 3055 Deo
3136 2999 3186 3053 ι).
3213 3017 3232 3050 ι
3267 2997 3333 3050 Et

103 3085 316 3159 μεγάλης
366 3090 564 3160 σοφίας
610 3094 810 3163 μεστόν
859 3096 1038 3149 ἐστιν·
1081 3097 1163 3150 ὃτι
1213 3097 1332 3150 καθ’
1363 3096 1522 3151 αὑτὸν
1556 3097 1611 3168 μὲ

1823 3113 1864 3153 νο
1896 3113 2090 3152 rursus
2120 3111 2332 3166 magnae
2363 3096 2645 3164 sapientiae
2695 3094 2913 3163 plenum
2963 3101 3049 3148 est
3077 3111 3090 3147 :
3123 3090 3331 3145 idcirco

103 3175 259 3232 ἀσκῶν
284 3181 380 3234 καὶ
409 3181 829 3256 διαπονούμενος
857 3187 1124 3242 ἀπάθειαν
1165 3189 1470 3262 ἄνθρωπος,
1501 3190 1611 3244 οὐδὲ

1823 3189 2014 3242 mirum
2042 3187 2188 3258 quod
2217 3187 2380 3242 homo
2413 3187 2531 3258 ipse
2563 3202 2595 3238 a
2628 3201 2706 3249 se,
2739 3199 2946 3254 suaque
2964 3173 3178 3237 'virtute
3199 3196 3331 3253 ope-

100 3264 255 3320 ἀνύειο
303 3271 401 3327 ἐὰν
447 3273 507 3327 δὲ
554 3275 778 3348 γένηται
826 3278 982 3349 δῆλος
1010 3280 1434 3352 ὑπερεπιθυμῶν
1463 3280 1608 3335 τούτο

1820 3296 1870 3334 m
1894 3295 2124 3350 ponens,
2165 3280 2499 3349 studensque
2524 3292 2589 3332 ac
2621 3278 2880 3332 laborans
2915 3285 2972 3329 ut
2999 3271 3328 3345 compressis

102 3360 179 3410 καὶ
202 3359 624 3431 διεσπουδακὼς,
655 3371 721 3439 τῇ
756 3369 1041 3444 προσθήκῃ
1067 3373 1168 3442 τῆς
1206 3372 1298 3426 τοῦ
1328 3373 1461 3428 Θεοῦ
1489 3373 1610 3427 δυνά

1815 3371 2046 3430 lectibus'
2069 3372 2351 3440 tranquilli
2390 3371 2557 3425 animi
2596 3370 2708 3434 ﬁat,
2739 3369 2874 3424 nihil
2906 3368 3031 3423 inde
3061 3375 3280 3438 praestat
3308 3385 3323 3420 :

105 3462 228 3515 μεως
255 3454 616 3525 περιγίνεται.
665 3458 1023 3530 Βουλομέναις
1059 3463 1157 3533 μὲν
1185 3462 1293 3536 γὰρ
1319 3466 1347 3518 6
1371 3463 1502 3529 Θεὸς
1534 3468 1613 3518 ταῑ

1815 3481 1840 3518 n
1885 3470 2067 3518 autem
2111 3463 2232 3533 ejus
2279 3463 2552 3518 desiderio
2583 3462 2956 3518 vehementius
2992 3459 3323 3526 inardescat,

102 3537 270 3609 ψυχαῖς
301 3551 652 3601 συνεπιπνεῖ²
686 3551 734 3604 εἰ
763 3550 819 3605 δὲ
855 3553 1147 3607 ἀποσταῖεν
1177 3555 1274 3625 τῆς
1320 3555 1610 3628 προθυμίας

1817 3555 2196 3627 ligentiamque
2245 3569 2463 3610 omnem
2514 3553 2792 3619 adhibeat,
2829 3552 3086 3622 adjuncta
3116 3552 3195 3606 illi
3241 3551 3325 3607 di-

101 3633 177 3684 καὶ
195 3633 251 3687 τὸ
273 3635 426 3692 δοθὲν
457 3640 522 3693 ὲκ
553 3639 687 3695 Θεοῦ
717 3643 933 3715 πνεῦμα
959 3645 1277 3718 συνεστάλη.
1303 3648 1376 3702 Τὸ
1411 3648 1510 3720 μὲν
1541 3649 1609 3718 γὰ

1817 3663 1874 3700 na
1905 3647 2106 3701 virtute
2134 3646 2328 3702 evadet
2355 3653 2606 3701 votorum
2639 3660 2884 3716 compos.
2921 3642 3065 3700 Deus
3090 3659 3325 3714 namque

98 3723 298 3792 ἄκοντας
328 3729 549 3796 σώζειν,
582 3733 699 3786 ἐστὶ
727 3733 1064 3808 βιαζομένουε
1089 3739 1152 3793 τὸ
1175 3739 1233 3793 δὲ
1263 3741 1606 3812 αἱρουμένους

1819 3740 2056 3794 lentibus
2078 3739 2276 3794 animis
2306 3741 2533 3809 aspirat.
2563 3736 2658 3792 Sin
2681 3746 2862 3792 autem
2884 3752 2916 3791 a
2942 3745 3122 3808 coepta
3153 3735 3323 3790 animi

98 3813 454 3887 χαριζομένου.
483 3821 618 3875 Οὐδὲ
641 3823 746 3877 τῶν
769 3825 1134 3883 καθεὺδόντων
1158 3830 1251 3883 καὶ
1283 3830 1606 3900 βλακευόντω

1816 3833 2031 3888 ιοιίιοιε
2079 3833 2466 3896 abscesserint,
2496 3831 2660 3887 etiam
2689 3830 2849 3887 datus
2879 3845 2908 3884 a
2945 3829 3055 3886 Deo
3095 3829 3324 3900 spiritus

97 3910 216 3999 εστὶν
244 3916 276 3985 ἡ
325 3914 578 3984 βασιλεία
620 3918 714 3972 τοῦ
762 3921 918 3989 Θεοῦ,
947 3923 1062 3977 ἀλλ’
1096 3943 1115 3976 ι
1140 3925 1190 3977 oi
1226 3924 1442 3994 βιασταὶ
1469 3928 1605 3999 ἀρπό

1817 3923 2110 3978 ntrahitur.
2144 3921 2334 3978 Invitis
2365 3924 2513 3980 enim
2543 3923 2774 3980 salutem
2826 3922 3038 3986 afferre,
3077 3923 3196 3992 ejus
3237 3931 3325 3978 est

97 3997 249 4060 {anew
282 4004 480 4076 αὐτήν.
511 4025 530 4058 ι
561 4007 710 4080 Αὕτη
744 4011 852 4082 γὰρ
880 4013 1042 4082 μόνον
1071 4013 1161 4084 βία
1189 4015 1348 4086 καλὴ,
1375 3997 1605 4088 Θεὸνήβιό

1814 4015 1839 4069 li
1871 4015 1982 4070 vim
2009 4014 2234 4082 aﬂ‘erat;
2265 4015 2578 4070 volentibus
2604 4025 2782 4070 autem
2814 4015 2984 4070 libero
3006 4015 3172 4068 animi
3194 4029 3322 4085 pro—

97 4093 282 4159 σασθαι,
317 4101 416 4154 καὶ
461 4101 614 4172 παρά
656 4101 791 4156 Θεοῦ
836 4104 979 4176 ζωὴν
1022 4107 1288 4178 ἁρπάσαι.
1307 4109 1373 4162 '0
1398 4109 1456 4162 δὲ
1486 4111 1605 4179 γνοίι

1816 4107 1948 4171 sito,
1979 4106 2098 4177 ejus
2134 4107 2227 4177 qui
2259 4107 2556 4163 liberaliter
2588 4108 2884 4178 indulgeat.
2913 4107 3024 4163 Nec
3052 4108 3324 4162 dormien-

94 4187 194 4251 τοὺς
225 4188 480 4260 βεϐαίως,
517 4193 715 4264 μᾶλλον
742 4195 801 4248 δὲ
840 4195 1026 4266 βιαιως
1055 4198 1464 4270 ἀντεχομένους,
1495 4216 1602 4254 συνι

1808 4213 1881 4252 Im
1929 4207 1984 4253 et
2021 4197 2078 4251 in
2107 4197 2319 4253 deliciis
2345 4199 2621 4269 agentium
2647 4208 2730 4253 est
2757 4213 2982 4269 regnum
3011 4199 3274 4254 cmlorum
3300 4217 3316 4266 ;

96 4274 334 4351 χώρησεν,
369 4278 516 4350 εἶξε·
552 4284 730 4357 χαίρει
763 4287 870 4360 γὰρ
900 4290 929 4341 6
960 4289 1094 4354 Θεὸς
1125 4290 1192 4344 τά
1214 4290 1438 4345 τοιαῦτα
1469 4289 1604 4362 ἡττὼ

1812 4288 1893 4344 ted
1923 4287 2146 4343 violenti
2170 4289 2471 4359 rapiuntcli
2500 4288 2653 4342 illud.
2691 4287 2816 4342 Hmc
2853 4288 2998 4344 enim
3029 4288 3145 4343 sola
3176 4289 3320 4343 bona

96 4374 547 4447 μενος.Τοιγάρτοι
565 4377 770 4432 τούτων
795 4379 1033 4444 ἀκούσας
1061 4383 1090 4434 6
1118 4381 1386 4454 μακάριος
1416 4383 1604 4454 Πέτρος

1813 4376 2022 4442 ilentia,
2052 4374 2164 4432 Deo
2190 4377 2299 4432 vim
2327 4376 2548 4442 inferre,
2580 4387 2743 4448 atque
2765 4393 2794 4431 a
2827 4377 2937 4433 Deo
2965 4379 3133 4434 vitam
3164 4394 3321 4451 rape-

93 4455 115 4508 6
153 4459 412 4545 ἐκλεκτὸς,
457 4466 488 4518 ὁ
540 4466 832 4540 ἐξαίρετος,
876 4469 906 4522 6
951 4470 1164 4542 πρῶτος
1207 4472 1314 4526 τῶν
1361 4471 1601 4545 μαθητῶι

1807 4508 1822 4524 .
1852 4467 1958 4536 Qui
2009 4475 2190 4524 autem
2238 4470 2390 4525 novit
2439 4484 2555 4537 eos,
2589 4471 2682 4540 qui
2725 4479 2946 4526 strenue
2975 4487 3039 4526 ac
3069 4471 3315 4542 ﬁrmiter,

94 4546 211 4621 ὑπὲρ
231 4543 290 4604 οὗ
315 4554 481 4624 μόνου
505 4555 601 4609 καὶ
627 4558 818 4612 ἑαυτοῦ
847 4559 937 4613 τὸν
960 4560 1122 4631 φόρον
1145 4562 1173 4614 6
1196 4561 1384 4634 Σωτὴρ
1406 4543 1602 4616 ἐκτελεῖ

1812 4572 1852 4613 ιο
1885 4559 1981 4630 qui
2015 4559 2280 4616 violenter
2308 4560 2387 4616 rei
2417 4560 2762 4626 incumbunt,
2795 4561 2914 4630 ejus
2945 4562 3160 4631 copiam
3189 4562 3320 4618 facit

95 4639 270 4709 ταχέως
297 4645 519 4716 ἥρπασε
552 4647 646 4702 καὶ
680 4649 934 4704 συνέλαϐε
963 4652 1058 4705 τὸν
1085 4652 1260 4722 λόγον.
1298 4655 1407 4709 Καὶ
1450 4655 1504 4708 τί
1536 4674 1603 4730 φη

1810 4650 2031 4721 ditque;
2073 4650 2274 4722 gaudet
2322 4650 2469 4706 enim
2493 4648 2635 4705 Deus
2660 4651 2714 4704 in
2737 4651 2821 4706 his
2846 4667 2905 4707 se
2936 4653 3100 4707 vinci.
3133 4651 3318 4721 Itaque

98 4747 192 4798 σιν;
228 4737 364 4791 «Ἴδε
395 4739 557 4809 ἡμεῖς
587 4742 875 4814 ἀφήκαμεν
907 4743 1103 4810 πάντα,
1138 4745 1233 4799 καὶ
1273 4746 1606 4820 ὴκολουθήσα

1809 4760 1871 4799 ιω
1898 4745 2013 4800 haec
2041 4744 2288 4801 audisset
2313 4745 2506 4800 beatus
2534 4742 2750 4811 Petrus,
2777 4745 2980 4800 electus
3011 4747 3101 4801 ille
3129 4753 3182 4800 et
3203 4746 3317 4801 exi-

97 4824 179 4892 μὲν
209 4844 306 4885 σοι.
336 4848 356 4881 ι
382 4830 466 4884 Τὰ
493 4831 551 4884 δὲ
577 4833 752 4888 πάντα
774 4836 823 4888 εὶ
851 4835 948 4906 μὲν
980 4835 1047 4889 τὰ
1071 4837 1326 4908 κτήματα
1353 4838 1424 4894 τά
1447 4839 1605 4894 ἐαυτο

1810 4835 1913 4901 ius,
1945 4835 2157 4904 primus
2200 4836 2290 4892 ille
2333 4835 2748 4907 discipulorum,
2797 4852 2895 4907 pro
2944 4853 3053 4907 quo
3107 4852 3218 4890 uno
3263 4844 3318 4890 et

94 4913 235 4986 λέγει.
269 4921 542 4994 τέσσαρας
589 4923 810 4989 ὀϐολοὺς
856 4925 986 4991 ἴσως
1031 4928 1125 4983 τοῦ
1177 4930 1296 4984 ὅλου
1330 4931 1602 4986 καταλιπὼ

1808 4925 1927 4996 ipso
1952 4925 2217 4983 Dominus
2243 4927 2507 4984 tributum
2539 4928 2800 5001 penditd;
2847 4944 3155 4985 sermonem
3185 4943 3316 4982 con-

97 5011 445 5080 μεγαλύνεται,
471 5017 568 5070 καὶ
590 5017 794 5074 τούτων
821 5019 1080 5085 ἀνταξίαν
1098 5023 1426 5093 ἀποφαίνων
1457 5025 1524 5079 ἂν
1551 5026 1605 5080 λά

1808 5019 1926 5075 stim
1951 5021 2132 5092 rapuit
2161 5021 2380 5093 vimque
2405 5023 2524 5092 ejus
2552 5022 2982 5093 comprehendit.
3018 5020 3160 5086 Quid
3187 5035 3316 5076 vero

95 5097 161 5190 βα
179 5103 270 5173 τὴν
303 5105 580 5176 βασιλείαν
608 5108 716 5163 τῶν
745 5111 988 5184 οὐρανῶν
1046 5115 1094 5168 εἰ
1125 5113 1183 5168 δὲ
1212 5113 1355 5188 ἅπερ
1387 5116 1516 5190 ἄχρι
1542 5117 1602 5176 νῦ

1805 5111 1857 5164 t?
1889 5129 1909 5163 ι
1940 5111 2080 5168 Ecce
2107 5129 2209 5170 nos
2239 5115 2562 5184 reliquimus
2595 5117 2798 5181 omnia,
2830 5123 2884 5170 ct
2920 5115 3091 5170 secuti
3123 5129 3313 5169 sumu

97 5187 322 5264 ἐλέγομεν
351 5198 422 5252 τὰ
458 5200 664 5256 παλαιά
700 5202 769 5257 τά
811 5206 1088 5277 κτήματα,
1123 5209 1218 5262 καὶ
1246 5187 1605 5281 ψυχικάἠνοσή

1809 5216 1855 5260 θ.
1881 5224 1900 5257 ι
1932 5203 2102 5261 Porro
2130 5208 2334 5275 omnia,
2363 5209 2410 5264 si
2439 5224 2502 5264 ea
2539 5210 2685 5264 dicat
2709 5224 2828 5280 quae
2858 5211 2912 5264 in
2945 5224 3116 5263 censu
3141 5201 3311 5264 habe-

97 5295 220 5384 Ξιατα
249 5288 662 5384 ἀπορρίψαντες,
688 5288 910 5351 ἕπονται
955 5301 1079 5353 κατ’
1101 5301 1247 5371 τχνος
1287 5301 1365 5373 τῷ
1391 5301 1605 5356 διδασκό

1804 5305 1855 5363 ιι,
1877 5298 2083 5355 relictis
2103 5298 2354 5368 forsitan,
2374 5317 2495 5372 quae
2515 5310 2627 5357 tota
2642 5302 2946 5358 substantia
2973 5308 3141 5368 esset,
3173 5314 3312 5372 qua-

98 5376 175 5441 λῳ,
197 5376 337 5474 τοῦτ’
369 5380 659 5474 ἀνάπτοιτο
699 5385 799 5458 ἤδη
841 5390 956 5454 τοῖς
985 5391 1044 5444 ὲν
1075 5391 1323 5464 οὐρανοῖς
1355 5395 1606 5466 ὲγγραφη

1805 5404 1866 5445 οι·
1923 5392 2130 5458 obolis,
2192 5394 2479 5464 magniﬁce
2535 5395 2821 5465 glorietur,
2885 5394 3313 5464 imprudensque

99 5470 334 5558 fauente.
359 5470 518 5526 Οὕτω
564 5474 673 5547 γὰρ
723 5477 1033 5535 ἀκολουθεῖν
1078 5481 1248 5547 ὅντως
1295 5483 1374 5555 τῷ
1423 5485 1607 5555 Σωτῆρ

1802 5499 1961 5556 gnum
2010 5485 2206 5542 horum
2255 5486 2536 5556 praemium
2563 5487 2845 5557 vicemque
2872 5502 3100 5558 regnum
3145 5488 3310 5543 caelo-

97 5549 478 5631 ἀναμαρτησίαν
500 5563 596 5618 καὶ
617 5565 924 5640 τελειότητα
946 5570 1046 5643 τὴν
1075 5573 1284 5628 ἐκείνου
1309 5549 1605 5646 ρίετερχόειε

1801 5549 1867 5631 [ω
1913 5549 2272 5649 pronuntiet:
2297 5576 2395 5633 Sin
2422 5565 2604 5635 autem
2637 5549 2774 5649 quas
2809 5549 3078 5636 hactenus
3103 5593 3309 5637 memo—

105 5803 129 5838 Β
153 5735 213 5854 ὶῖι
248 5733 306 5789 P.
343 5738 448 5795 937
482 5739 597 5800 ΕΙ).
633 5742 928 5806 POTTER.
1067 5767 1093 5796 ι
1128 5751 1295 5812 Marc.
1335 5770 1388 5825 ι,
1423 5752 1514 5811 26.
1590 5755 1613 5796 ιι

198 5805 324 5864 atth.
351 5825 465 5879 xxx,
499 5813 593 5871 28.

1786 5799 1790 5810 .
1821 5773 1976 5829 xvm,
2005 5757 2096 5813 27.
2204 5768 2228 5798 α
2266 5756 2456 5816 Matth.
2491 5774 2566 5827 ιι,
2601 5757 2687 5812 12.
2763 5759 2792 5800 d
2834 5759 3022 5816 Matth.
3052 5774 3186 5829 xvu,
3209 5758 3294 5814 26.
