3818 6534
141 327 218 383 ὒῖθ

1154 312 1356 370 LIBER
1395 313 1554 382 QUIS
1587 312 1788 370 DIVES
1829 309 2216 367 SALVETUR.

3197 300 3302 356 659

138 445 223 518 ρίᾳ.
243 439 342 495 Κᾶν
370 437 582 508 ἀδελφὸς
611 437 774 507 ὅμοια
801 434 954 508 λέγῃ,
978 435 1078 488 κᾶν
1111 434 1318 497 τέκνον,
1352 432 1452 487 κᾶν
1477 432 1632 503 γυνὴ,

1752 446 1833 486 κε
1880 427 2093 489 audias,
2124 439 2224 496 pro
2256 431 2309 479 te
2338 423 2452 494 ipse
2485 429 2603 477 esto
2630 419 2817 490 judex,
2852 417 3012 488 inque
3053 424 3158 472 tuae
3189 431 3301 472 rem

137 509 212 587 ei.
237 529 471 593 ὁστισοῦν,
500 528 604 599 πρὸ
649 529 862 582 πάντων
905 529 962 580 ἐν
1008 528 1090 581 σοὶ
1136 525 1367 599 Χριστὸς
1407 525 1436 578 6
1471 525 1633 577 νικῶν

1752 520 1929 578 salutis
1958 519 2097 574 ferto
2137 514 2484 572 sententiam.
2522 512 2587 566 Et
2614 513 2658 567 si
2693 511 2860 565 frater
2887 509 3085 566 similia
3115 509 3306 578 loqua-

134 627 270 679 εστωο
296 625 422 696 ὑπὲρ
454 622 544 676 σοῦ
581 621 687 693 γὰρ
717 621 1058 690 ἀγωνίζεται.

182 891 284 943 ΚΔν.
314 887 536 943 Δύνασαι
567 886 797 942 καὶτῶν
846 887 1140 960 χρημάτων
1190 885 1514 959 ἐπίπροσθεν
1564 883 1638 941 εἷ-

131 983 444 1053 ναι.Φράσον·
484 1000 501 1032 ι
527 981 631 1034 Ναὶ
661 981 760 1034 οὐκ
790 980 990 1050 ἀπάγει
1027 998 1094 1052 με
1121 982 1353 1053 Χριστὸς
1378 982 1478 1052 τῆς
1510 983 1640 1054 κτή-

130 1088 251 1135 σεως,
278 1073 302 1123 6
331 1071 527 1142 Κύριος
567 1071 628 1124 ού
662 1071 858 1140 φθονεῖ.
883 1089 900 1121 ι
949 1071 1085 1124 Ἀλλ’
1123 1073 1256 1144 ὁρᾷς
1287 1073 1514 1126 σεαυτὸν
1545 1075 1640 1145 ἡτ-

127 1162 322 1234 τώμενον
351 1164 436 1216 ὑπ’
473 1163 648 1218 αὐτῶν
681 1163 774 1216 καὶ
811 1164 1278 1235 ἀνατρεπόμενον;
1323 1165 1521 1234 Ἀφες,
1563 1166 1641 1237 ρί-

126 1255 216 1324 ψον,
255 1257 485 1326 μίσησον,
533 1255 821 1320 ἀπόταξαι,
866 1257 1024 1326 φύγε.
1069 1277 1088 1308 ι
1112 1256 1228 1310 Κᾶν
1269 1257 1297 1310 6
1337 1256 1508 1324 δέξιός
1547 1276 1639 1312 σου

126 1346 353 1417 ὀφθαλμὸς
378 1348 700 1420 σκανδαλίζῃ
720 1366 807 1418 σε,
830 1369 848 1400 ι
883 1351 1089 1421 ταχέως
1109 1371 1126 1403 ι
1152 1352 1377 1423 ἔκκοψον
1411 1354 1590 1407 αὐτόν.
1618 1375 1636 1407 ι

125 1437 444 1510 Αἱρετώτερον
497 1437 881 1510 ἐτεροιρθάλμῳ
934 1439 1179 1508 βασιλεία
1223 1441 1390 1507 Θεοῦ,
1442 1441 1474 1512 ἢ
1523 1442 1641 1497 ὁλο-

123 1529 271 1600 κλήρῳ
296 1529 352 1582 τὺ
401 1529 531 1602 πῦρ.
559 1530 676 1584 Κάν
723 1531 866 1601 χεὶρ,
900 1530 1001 1584 κᾶν
1052 1531 1217 1596 ποῦς,
1250 1531 1355 1586 κᾶν
1384 1533 1417 1604 ἡ
1463 1532 1640 1604 ψυχὴ,

125 1621 311 1691 μίσησον
365 1621 554 1692 αὐτήν.
605 1621 702 1674 Ἂν
748 1621 853 1692 γάρ
910 1621 1142 1677 ἐνταῦθα
1193 1623 1457 1696 ἀπόληται
1505 1624 1643 1695 ὑπὲρ

121 1711 332 1782 Χριστοῦ,
353 1713 470 1766 ἐκεῖ
494 1710 908 1785 ζωογονήσεται.

173 1885 282 1938 ΚΕ’.
314 1884 528 1957 Ταύτης
565 1885 621 1940 δὲ
663 1887 864 1959 ὁμοίως
915 1887 1097 1958 ἔχεται
1143 1890 1242 1959 τῆς
1291 1889 1514 1961 γνώμης
1551 1892 1644 1943 καὶ

120 1974 163 2026 τὸ
186 1975 454 2044 ἑπόμενον·
495 1995 513 2027 ι
544 1975 659 2029 Νῦν
702 1979 761 2031 ἐν
791 1977 867 2049 τῷ
900 1979 1079 2051 καιρῷ
1109 1979 1283 2051 τούτῳ
1320 1981 1524 2050 ἀγροὺς
1554 1983 1645 2034 καὶ

119 2064 332 2134 χρήματα
376 2067 470 2119 καὶ
522 2068 699 2132 οίκίας
748 2070 841 2123 καὶ
882 2070 1143 2139 ἀδελφοὺς
1182 2073 1256 2144 μὴ
1309 2072 1453 2144 ἔχειν
1511 2074 1648 2144 μετὰ

117 2154 347 2226 διωγμῶν.
373 2177 389 2208 ι
433 2157 570 2211 Ούτε
603 2160 711 2232 γάρ
755 2162 1136 2234 ἀχρημάτους,
1179 2162 1311 2223 οὔτε¹
1333 2165 1643 2228 ἀνεστίους,

117 2243 214 2296 οὔτε
239 2246 558 2316 άναδέλφους
588 2251 680 2302 ἐπὶ
712 2249 808 2322 τὴν
833 2249 974 2323 ζωὴν
1004 2253 1177 2318 καλεῖ,
1207 2255 1330 2307 ἐπεὶ
1362 2255 1454 2311 καὶ
1485 2254 1647 2308 πλου-

116 2336 236 2400 σίους
272 2337 560 2411 κέκληκεν·
597 2340 710 2394 ἀλλ’
756 2341 814 2396 ὃν
845 2343 1041 2414 τρόπον
1091 2346 1515 2418 προειρήκαμεν,
1553 2347 1647 2399 καὶ

116 2426 335 2497 ἀδελφοὺς
385 2433 506 2484 κατ’
550 2433 733 2498 αὐτὸν,
780 2433 968 2507 ὥσπερ
1001 2436 1205 2509 Πέτρον
1225 2440 1340 2508 μετ’
1378 2438 1645 2510 Ἀνδρέου,

116 2518 186 2570 καὶ
221 2520 462 2575 Ἰάκωϐον
499 2522 637 2594 μετὰ
671 2525 915 2579 Ἰωάννου
947 2528 1071 2590 τοὺς
1114 2529 1394 2582 Ζεϐεδαίου
1431 2530 1655 2593 παῖδας,

115 2608 204 2661 ἀλλ’
239 2611 590 2682 ὁμονοοῦντας
638 2615 893 2688 ἀλλήλοις·
921 2635 981 2670 τε
1037 2619 1132 2672 καὶ
1182 2618 1420 2692 Χριστῷ.
1471 2623 1544 2676 Τὸ
1591 2623 1647 2676 δὲ

121 2700 269 2768 ιμετὰ
295 2701 549 2774 διωγμῶν
575 2723 592 2755 ι
629 2703 799 2759 ταῦτα
829 2706 1033 2761 ἕκαστα
1061 2707 1203 2778 ἔχειν
1235 2711 1645 2782 ἀποδοκιμάζει.

116 2794 324 2864 Διωγμὺς
363 2797 420 2850 δὲ
449 2799 480 2851 6
514 2797 612 2868 μέν
643 2815 727 2862 τις
759 2798 954 2863 ἔξωθεν
986 2801 1324 2872 περιγίνεται
1343 2843 1357 2867 ,
1403 2802 1511 2857 τῶν
1553 2804 1648 2856 ἀν-

117 2877 367 2954 θρώπωνῆ
402 2884 474 2937 δι’
515 2884 733 2957 ἔχθραν,
766 2887 802 2957 ἢ
844 2887 931 2941 διὰ
968 2887 1179 2956 φθόνον,
1207 2891 1240 2962 ἢ
1275 2890 1363 2944 διὰ
1403 2893 1651 2965 φιλοκέρ-

113 2971 247 3039 δειαν,
289 2975 321 3047 ἢ
367 2977 490 3031 κατ’
546 2979 825 3049 ἐνέργειαν
889 2979 1194 3054 διαϐολικὴν
1250 2985 1376 3047 τοὺς
1429 2987 1651 3049 πιστοὺς

114 3063 428 3122 ἐλαυνόντων·
458 3069 489 3120 6
515 3069 572 3122 δὲ
599 3069 979 3140 χαλεπώτατος
1008 3057 1217 3126 ἔνδοθέν
1240 3076 1354 3128 ἐστι
1392 3075 1648 3146 διωγμὸς,

1735 625 1846 680 tur,
1875 620 1928 668 et
1949 613 1996 667 si
2026 610 2187 672 filius,
2215 618 2269 664 et
2289 607 2336 663 si
2369 620 2525 670 uxor,
2551 612 2604 658 et
2634 605 2679 658 si
2709 603 2886 674 quivis
2904 603 3063 666 alius,
3094 608 3219 654 ante
3240 606 3297 664 ἧς

1734 719 1924 761 omnes
1952 702 2204 759 Christus
2237 700 2291 754 in
2325 706 2380 753 te
2410 698 2624 763 vincat;
2653 696 2852 767 quippe
2882 695 3039 767 cujus
3070 695 3160 748 ille
3180 708 3306 764 gra-

1737 795 1810 848 tia
1842 794 1898 847 in
1933 805 2151 847 arenam
2182 787 2497 843 descendat.

1807 883 1994 939 XXIV.
2028 883 2188 937 Potes
2213 890 2265 936 et
2294 879 2538 951 pecuniis
2565 892 2856 948 opponere.
2885 875 3090 932 Dicito:
3117 894 3135 926 ι
3163 873 3307 929 Sane

1740 994 1846 1034 non
1887 985 2029 1031 vetat
2075 974 2326 1030 Christus
2358 987 2425 1026 ne
2459 971 2841 1042 possessiones
2890 969 3150 1032 habeam,
3196 981 3304 1020 non

1740 1067 1944 1124 invidet
1973 1064 2256 1120 Dominus.
2281 1082 2298 1113 ι
2339 1061 2408 1114 At
2437 1059 2591 1114 vides
2625 1058 2841 1112 illarum
2894 1065 2947 1111 te
2990 1055 3137 1110 vinci
3181 1054 3308 1108 libi-

1741 1159 1887 1221 dine,
1924 1165 1978 1212 et
2017 1171 2046 1210 a
2081 1155 2279 1210 mentis
2327 1161 2471 1208 statu
2503 1168 2564 1207 ea
2613 1161 2665 1207 te
2711 1148 3018 1204 dimoveri?
3066 1145 3307 1210 Dimitte,

1741 1250 1968 1322 projice,
1998 1245 2123 1302 odio
2166 1245 2326 1312 habe,
2355 1241 2698 1304 abrenuntia,
2749 1239 2892 1310 fuge.
2947 1255 2965 1288 ι
2994 1236 3058 1290 Ει
3102 1236 3148 1290 si
3177 1235 3310 1289 dex-

1742 1351 1827 1398 ter
1866 1340 2058 1396 oculus
2101 1337 2436 1393 scandalizat
2486 1345 2556 1400 te,
2596 1353 2615 1385 ι
2658 1348 2819 1404 quam
2871 1331 3104 1402 primum
3138 1343 3310 1383 «erue

1742 1447 1867 1488 eum
1911 1444 1959 1486 α.
2012 1451 2032 1483 ι
2075 1427 2266 1484 Melius
2311 1434 2395 1482 est
2443 1441 2566 1480 cum
2609 1425 2847 1479 unoculo
2894 1435 3122 1492 regnum
3176 1417 3310 1481 Dei,

1743 1540 1907 1596 quam
1937 1523 2145 1592 integro
2177 1519 2337 1592 ignis.
2369 1516 2496 1573 Sive
2525 1516 2597 1572 sit
2634 1531 2850 1581 manus,
2883 1513 2998 1569 sive
3038 1526 3155 1582 pes,
3198 1507 3314 1563 sive

1745 1616 1965 1677 anima,
2018 1613 2158 1668 habe
2213 1610 2361 1666 odio.
2413 1607 2471 1663 Si
2545 1609 2689 1664 enim
2742 1607 2832 1661 hic
2882 1603 3088 1660 Christi
3145 1615 3314 1656 causa

1745 1710 1909 1764 etiam
1974 1713 2194 1778 pereat,
2241 1703 2425 1759 futuro
2470 1717 2584 1756 αιιό
2618 1699 2685 1754 ad
2741 1699 2904 1753 vitam
2954 1694 3315 1766 reparandam

1674 1825 1718 1884 Β
1746 1811 2019 1870 exspeCta.

1811 1889 1972 1962 342
2004 1887 2170 1944 XXV.
2224 1885 2382 1941 Hunc
2435 1899 2657 1941 sensum
2697 1882 2899 1938 habent
2949 1887 3000 1934 et
3054 1892 3174 1948 qua:
3221 1891 3312 1930 se—

1743 1992 2028 2052 quuntur:
2071 1997 2089 2029 ι
2119 1976 2296 2041 Nunc,
2347 1977 2401 2030 in
2451 1984 2696 2045 tempore
2748 1973 2872 2036 hoc,
2921 1985 3103 2041 agros,
3150 1982 3316 2037 pecu-

1743 2075 1912 2137 niam,
1946 2072 2138 2127 domos
2179 2079 2234 2125 et
2265 2068 2462 2124 fratres
2492 2083 2598 2122 non
2651 2065 2852 2120 habere
2884 2078 3006 2117 cum
3056 2074 3316 2130 persecu-

1745 2165 1985 2221 tiouibus
2010 2165 2058 2218 δ.
2085 2183 2103 2218 ι
2159 2161 2344 2232 Neque
2382 2160 2526 2216 enim
2575 2165 2734 2212 vocat
2767 2156 2835 2210 ad
2883 2155 3048 2210 vitam
3082 2152 3176 2222 qui
3213 2166 3313 2220 pe-

1745 2259 1907 2314 cunia
1955 2264 2195 2319 careant,
2226 2255 2320 2325 qui
2353 2254 2473 2309 sine
2524 2257 2639 2307 lare
2673 2258 2726 2305 et
2761 2256 2927 2312 tecto,
2975 2245 3067 2314 qui
3119 2244 3318 2297 fratres

1747 2351 1928 2412 nullos
1966 2349 2233 2411 habeant,
2266 2361 2390 2401 cum
2424 2343 2703 2400 vocaverit
2734 2342 2897 2397 etiam
2929 2338 3158 2403 divites;
3198 2335 3315 2399 scd,

1749 2451 1806 2496 ut
1835 2456 1999 2510 supra
2035 2439 2293 2502 diximus,
2327 2437 2522 2492 fratres
2560 2449 2776 2506 quoque
2808 2432 2953 2486 illius
2983 2429 3160 2485 cultos
3201 2441 3320 2480 mo-

1748 2535 1920 2598 ribus,
1951 2532 2114 2588 veluti
2153 2530 2375 2586 Petrum
2403 2537 2458 2584 et
2485 2527 2780 2590 Andream,
2814 2537 3025 2579 necnon
3053 2519 3318 2574 Iacobum

1748 2635 1801 2682 et
1835 2625 2097 2681 Joannem
2143 2624 2390 2680 Zebedzei
2437 2621 2615 2688 ﬁlios;
2663 2633 2853 2674 verum
2898 2616 3039 2670 inter
3085 2628 3145 2669 se
3181 2627 3318 2667 con-

1749 2717 1944 2773 cordes
1967 2732 2022 2772 et
2049 2731 2173 2770 cum
2203 2714 2440 2770 Christo.
2470 2712 2739 2768 Caeterum
2767 2707 2980 2780 singula
3007 2704 3123 2760 haec
3156 2721 3175 2756 ι
3195 2717 3320 2759 cum

1749 2808 2268 2881 persecutionibus»
2317 2806 2520 2861 habere
2570 2819 2680 2858 non
2729 2801 2944 2873 probat.
3000 2795 3320 2852 Persecutio

1751 2916 1880 2955 vero
1913 2900 2016 2953 alia
2064 2899 2284 2969 quidem
2329 2898 2636 2954 forinsecus
2683 2894 2943 2965 obtingit,
2986 2904 3322 2962 persequen-

1751 2992 1896 3048 tibus
1924 2991 2237 3047 hominibus
2272 2989 2459 3045 fideles
2488 2999 2540 3044 et
2565 2989 2650 3043 vel
2679 2986 2980 3042 inimicitiae
3019 2997 3210 3048 causa,
3235 2982 3318 3037 vel

1752 3083 2000 3147 invidiae,
2043 3083 2129 3138 vel
2162 3082 2338 3149 lucri,
2387 3081 2470 3136 vel
2525 3077 2876 3149 suggestione
2921 3075 3210 3131 diabolica.
3252 3073 3321 3125 At

113 3158 156 3223 ἐξ
174 3161 326 3271 αξῦτῆς
366 3163 584 3234 ἑκάστῳ
615 3163 714 3234 τῆς
743 3163 917 3235 ψυχῆς
949 3166 1424 3237 προπεμπόμενος,
1458 3167 1648 3239 λυμαι-

1756 3177 2078 3248 gravissima
2122 3173 2431 3246 persecutio
2463 3178 2567 3237 est,
2610 3185 2732 3242 quae
2774 3172 2948 3224 oritur
2992 3166 3322 3222 intrinsecus

113 3251 306 3323 νομένης
352 3254 458 3307 ὑπὸ
490 3253 793 3324 ἐπιθυμιῶν
830 3255 1004 3309 ἀθέων
1036 3256 1127 3308 καὶ
1155 3257 1357 3328 ἡδονῶν
1393 3259 1650 3312 ποικίλων

112 3344 183 3396 καὶ
210 3346 417 3414 φαύλων
453 3346 680 3400 ἐλπίδων
713 3349 807 3402 καὶ
834 3348 1085 3421 φθαρτῶν
1115 3351 1646 3424 ὀνειροπολημάτων·

58 3491 70 3507 Ι
110 3433 213 3487 ὅταν
240 3437 321 3490 ἀεὶ
350 3438 462 3490 τῶν
497 3437 755 3492 πλειόνων
787 3441 1109 3513 ὀρεγομένη,
1144 3443 1240 3495 καὶ
1265 3443 1516 3497 λυσσῶσα
1547 3445 1651 3498 ὑπὸ

111 3521 282 3594 ἀγρίων
329 3525 574 3597 ἐρώτων,
609 3528 703 3580 καὶ
749 3529 1048 3603 φλεγομένη
1106 3532 1356 3607 καθάπερ
1407 3535 1652 3609 κέντροις

110 3612 135 3682 ἢ
163 3615 322 3688 μύωψι
369 3617 488 3682 τοῖς
518 3621 897 3694 προκειμένοις
927 3623 1061 3695 αὐτῇ
1110 3625 1356 3692 πάθεσιν,
1391 3625 1652 3699 ἐξαιμάσ-

112 3724 240 3779 cura:
269 3713 403 3784 πρὸς
440 3714 678 3778 σπουδάς
714 3705 1003 3785 μανιώδεις
1043 3718 1136 3772 καὶ
1169 3718 1312 3790 ζωῆς
1341 3720 1652 3789 ἀπόγνωσιν

110 3803 182 3854 καὶ
208 3804 332 3859 Θεοῦ
363 3808 790 3880 καταφρόνησιν.
827 3801 996 3874 Οὗτος
1025 3813 1052 3864 6
1081 3810 1316 3883 διωγμὸς
1358 3813 1653 3885 βαρύτερος

110 3895 183 3946 καὶ
206 3897 600 3971 χαλεπώτερος,
625 3899 832 3954 ἔνδοθεν
875 3901 1212 3974 ὁρμώμενος,
1245 3903 1332 3956 ἀεὶ
1368 3903 1559 3969 συνὼν,
1595 3905 1653 3959 ὃν

111 3984 205 4039 ῡῦδὲ
234 3990 490 4060 ἐκφυγεῖν
519 3993 548 4045 6
574 3992 901 4064 διωκόμενος
927 3993 1148 4050 δύναται
1168 4013 1181 4027 ο
1207 3997 1298 4050 τὸν
1323 3997 1434 4071 γὰρ
1463 3999 1654 4070 ἐχθρὸν

110 4073 154 4126 ὲν
178 4077 340 4152 ἐαυτῷ
379 4080 637 4152 περιάγει
671 4084 963 4154 πανταχοῦ.
1003 4084 1156 4138 Οὕτω
1196 4087 1288 4140 καὶ
1322 4086 1584 4158 πύρωσις,
1619 4091 1652 4160 ή

111 4165 191 4236 μὲν
211 4170 401 4238 ἔξωθεν
435 4173 853 4245 προσπίπτουσα
881 4175 1202 4247 δοκιμασίαν
1235 4179 1652 4250 κατεργάζεται,

107 4257 201 4329 ἡδὲ
225 4263 432 4319 ἔνδοθεν
483 4265 708 4318 Θάνατον
740 4266 1145 4338 διαπράττεται.
1199 4269 1308 4320 Καὶ
1343 4269 1595 4340 πόλεμος,
1625 4273 1655 4324 6

112 4353 451 4422 “gum-1x75;
491 4358 689 4429 ῥᾳδίως
743 4360 1088 4424 καταλύεται,
1119 4361 1148 4414 6
1193 4361 1248 4414 δὲ
1288 4362 1346 4416 ἐν
1389 4365 1454 4434 τῇ
1506 4362 1652 4434 ψυχῇ

111 4443 246 4516 μέχρι
275 4447 508 4503 θανάτου
549 4454 997 4523 παραμετρείται.
1030 4453 1183 4507 Μετά
1210 4451 1448 4524 διωγμοῦ
1477 4456 1652 4509 τοιού-

1753 3285 1820 3325 ex
1864 3269 1983 3340 ipsa
2037 3267 2305 3338 cujusque
2346 3266 2556 3329 anima,
2601 3263 2893 3332 depravata
2945 3258 3128 3329 impiis
3177 3256 3324 3312 desi-

1751 3361 1922 3416 deriis
1961 3360 2236 3430 variisque
2265 3355 2660 3428 voluptatibus,
2691 3367 2902 3409 necnon
2939 3349 3186 3418 improba
3226 3364 3322 3418 spe

1754 3451 2119 3522 inanibusque
2147 3449 2464 3515 insomniis;
2498 3463 2620 3519 quae
2649 3446 2806 3518 plura
2848 3459 3061 3515 semper
3087 3440 3323 3497 habendi

1753 3545 2051 3616 cupiditate
2082 3551 2134 3598 ct
2177 3542 2363 3598 ferinis
2395 3540 2674 3597 amoribus
2705 3537 2917 3602 rabida,
2951 3542 3322 3604 aestuansque,

1755 3639 1987 3709 objectis
2031 3637 2178 3692 velut
2229 3635 2468 3692 stimulis
2517 3631 2850 3702 aculeisque,
2904 3626 3210 3690 alfcctibus,
3259 3639 3325 3679 ac

1754 3728 2092 3794 libidinibus,
2123 3732 2438 3780 cruentetur
2468 3722 2535 3777 ad
2567 3721 2776 3777 furiosa
2808 3719 3010 3786 studia,
3038 3717 3106 3772 ad
3138 3715 3326 3786 despe-

1755 3816 1982 3872 randam
2043 3816 2273 3870 salutem
2335 3812 2540 3883 Deique
2601 3810 2951 3882 spretionem.
3006 3805 3325 3861 Persecutio

1753 3909 1869 3966 haec
1897 3909 2115 3981 gravior
2142 3916 2224 3964 est
2245 3916 2301 3962 et
2326 3906 2595 3970 acerbior,
2620 3920 2686 3960 ex
2717 3905 2899 3958 animo
2929 3901 3048 3972 ipso
3071 3896 3324 3968 prorum-

1754 4017 1910 4074 pens,
1956 4015 2278 4072 semperque
2313 4013 2577 4070 praesens,
2624 4011 2790 4067 quam
2830 4009 2930 4050 nec
2978 3993 3182 4050 evitare
3221 4004 3321 4060 po-

1754 4101 1862 4148 test
1907 4092 2001 4163 qui
2045 4093 2137 4146 illa
2182 4091 2501 4163 appetitur:
2539 4090 2739 4161 quippe
2761 4087 2856 4158 qui
2911 4087 3121 4139 hostem
3172 4081 3323 4137 omni

1754 4185 1876 4238 loco
1919 4184 1974 4237 in
2015 4198 2074 4238 se
2105 4183 2223 4253 ipse
2263 4181 2635 4238 circumferat.
2687 4179 2950 4234 Similiter
2993 4175 3155 4231 etiam
3203 4189 3325 4244 quae

1755 4275 2096 4330 extrinsecus
2123 4274 2429 4340 adhibetur,
2462 4257 2714 4328 incehsio
2745 4285 2809 4325 ac
2847 4267 3098 4332 tentatio,
3127 4266 3326 4338 proba-

1755 4363 1956 4418 tionem
2008 4369 2304 4434 operatur;
2361 4377 2482 4433 qua:
2537 4377 2666 4417 vero
2733 4359 3066 4415 intrinsecus
3126 4355 3322 4418 oritur,

1757 4456 1985 4503 mortem
2037 4448 2265 4503 inducit.
2320 4447 2530 4502 Bellum
2580 4461 2798 4519 quoque
2847 4443 3214 4499 accidentario
3261 4458 3324 4496 ac

109 4551 181 4588 του
214 4539 438 4595 πλοῦτον
486 4542 578 4595 ἐὰν
612 4541 740 4615 ἔχῃς
788 4543 880 4595 τὸν
933 4543 1206 4616 αἰσθητὸν,
1242 4545 1342 4598 κάν
1394 4545 1648 4616 ἀδελφοὺς

1758 4541 1905 4596 velut
1943 4556 2074 4597 casu
2108 4548 2333 4599 externo
2366 4546 2557 4610 agente
2586 4537 2898 4600 conflatum,
2941 4534 3099 4589 facile
3126 4533 3326 4589 dissol-

110 4629 210 4692 τοὺς
236 4633 368 4704 πρὸς
421 4634 652 4704 αἵματος
680 4634 868 4688 καὶτὰ
911 4634 1043 4689 ἄλλα
1091 4636 1340 4707 ἐνέχυρα,
1389 4639 1653 4693 κατάλιπε

108 4719 187 4790 τὴν
227 4723 426 4778 τούτων
491 4727 838 4797 παγκτησίαν
889 4725 986 4797 τὴν
1037 4728 1130 4780 ἐπὶ
1198 4727 1370 4799 κακῷ,
1428 4731 1652 4802 εἰρήνην

115 4815 295 4886 σεαυτῷ
337 4817 654 4888 παράσχες,
704 4817 1094 4890 ἐλευθερώθητι
1137 4819 1373 4892 διωγμοῦ
1423 4823 1652 4896 μακροῦ,

114 4903 467 4980 ἀποστράιρηθι
508 4910 642 4980 πρὸς
670 4911 730 4963 τὸ
759 4912 1091 4982 Εὑαγγέλιον
1123 4913 1216 4967 ἀπ’
1252 4912 1494 4977 ἐκείνων,
1531 4913 1652 4968 ἐλοῦ

115 4994 186 5049 τὸν
222 4999 445 5074 Σωτῆρα
497 5003 604 5074 πρὸ
656 4999 891 5070 πάντων,
937 5005 1027 5059 τὸν
1071 5005 1169 5075 τῆς
1223 5005 1324 5075 σῆς
1361 5008 1654 5078 συνήγορον

109 5091 185 5141 καὶ
218 5093 561 5166 παράκλητον
604 5094 809 5171 ψυχῆς,
854 5096 942 5150 τὸν
985 5096 1083 5168 τῆς
1115 5096 1344 5167 ἀπείρου
1391 5097 1654 5170 πρύτανιν

113 5175 251 5251 ζωῆς.
288 5204 307 5235 ι
343 5185 426 5239 Τά
471 5184 584 5256 γὰρ
643 5186 946 5258 βλεπόμενα
1000 5188 1342 5260 πρόσκαιρα·
1376 5189 1444 5242 τὰ
1474 5188 1530 5242 δὲ
1577 5188 1652 5262 μὴ

115 5270 390 5346 βλεπόμενα
420 5277 632 5332 αἰώνια.
658 5297 679 5331 ›
714 5280 824 5332 Καὶ
862 5280 921 5332 ἐν
955 5280 1053 5351 μέν
1082 5279 1160 5352 τῷ
1207 5280 1434 5350 παρόντι
1479 5282 1654 5352 χρόνῳ

113 5361 346 5440 ὠκύμορα
373 5369 470 5422 καὶ
494 5369 745 5434 ἀϐέϐαια,
772 5371 830 5423 ἐν
855 5369 932 5442 τῷ
956 5371 1233 5443 ἐρχομένῳ
1258 5370 1316 5424 δὲ
1341 5371 1452 5443 ζωή
1505 5373 1654 5426 ἐστιν

113 5456 320 5524 αἰώνιοςι

113 5543 166 5598 Et
197 5550 248 5605 in
289 5553 544 5622 praesenti
591 5554 807 5626 quidem
861 5561 919 5620 ὤ
966 5563 1210 5627 tempore
1254 5555 1462 5612 caduca
1523 5564 1653 5614 sunt

112 5652 181 5698 est
206 5648 331 5705 vita.

174 5745 225 5802 Et
259 5742 317 5796 Ρ.
358 5745 464 5801 959
504 5744 610 5802 ED.
652 5744 946 5804 POTTER.
1023 5752 1081 5812 >Ι⁴
1124 5745 1185 5804 Ρ.
1227 5745 1332 5805 940
1367 5747 1476 5805 ED.
1520 5747 1648 5807 POT

1752 5745 1817 5804 Β.
1895 5760 1920 5790 ει
1958 5746 2146 5805 Matth.
2175 5761 2229 5814 v,
2265 5744 2354 5800 29.

136 5823 177 5873 ν,
230 5814 306 5868 l8.

1756 4633 1934 4701 vitur;
1983 4633 2129 4706 quod
2182 4639 2364 4688 autem
2415 4631 2521 4702 ipsi
2565 4631 2748 4685 animo
2783 4629 2946 4693 inest,
2993 4626 3061 4681 ad
3095 4633 3325 4681 mortem

1758 4741 1933 4798 usque
1974 4724 2306 4781 extenditur.
2336 4723 2474 4783 Cum
2507 4723 2600 4778 tali
2635 4722 2800 4793 igitur
2849 4718 3230 4792 persecutione
3276 4717 3325 4772 si

1758 4819 2008 4874 carnales
2035 4819 2255 4874 divitias
2286 4819 2510 4884 habeas,
2536 4817 2584 4872 si
2621 4815 2819 4870 fratres
2857 4813 3106 4868 carnales
3134 4819 3187 4866 et
3221 4809 3327 4862 alia

1759 4910 2015 4982 pignora;
2047 4923 2263 4964 omnem
2295 4907 2437 4962 hanc
2464 4906 2869 4977 possessionem
2899 4914 3230 4970 censumque
3269 4898 3326 4951 in

1758 5002 1963 5060 malum
1991 5001 2276 5060 cedentem
2324 4999 2593 5070 relinque,
2625 4997 2724 5053 tibi
2754 4996 2870 5066 ipse
2900 5009 3085 5064 pacem
3121 4990 3323 5062 prmbe,

1759 5095 1970 5165 prolixa
2015 5094 2248 5150 liberare
2296 5093 2699 5162 persecutione,
2742 5087 2806 5142 ad
2858 5083 3209 5154 Evangelium
3259 5081 3327 5134 ab

1759 5187 1870 5243 illis
1916 5192 2265 5250 convertere,
2314 5199 2427 5258 pne
2471 5182 2726 5236 omnibus
2774 5178 3110 5233 Salvatorem
3163 5174 3324 5244 elige,

1757 5287 1865 5332 tuae
1892 5284 2180 5346 patronum
2216 5289 2280 5328 ac
2302 5257 2557 5330 solatium
2576 5271 2789 5335 animae,
2813 5267 3133 5336 nullumque
3165 5263 3326 5318 ﬁnem

1759 5369 2028 5424 habiturae
2059 5366 2406 5439 praebitorem
2437 5365 2581 5419 vitae.
2613 5383 2632 5415 ι
2673 5363 2806 5428 Qua:
2849 5360 2996 5416 enim
3050 5357 3325 5418 videntur,

1757 5459 2076 5532 temporalia
2093 5467 2248 5523 sunt;
2265 5472 2385 5529 quae
2403 5464 2585 5512 autem
2608 5470 2717 5510 nou
2736 5453 3009 5517 videntur,
3023 5457 3228 5506 aeterna
3241 5459 3286 5501 ο.
3303 5468 3322 5500 ι

1711 5558 1969 5629 nullaque
2026 5555 2284 5610 ﬁrmitate
2332 5553 2498 5620 fulta;
2539 5552 2597 5606 in
2647 5549 2832 5604 futuro
2885 5556 3066 5601 autem
3127 5550 3331 5598 acterna

2462 5744 2489 5785 b
2531 5740 2714 5812 Marc._
2741 5753 2834 5805 xx,
2864 5737 2951 5793 50.
3053 5745 3074 5774 ε
3119 5731 3162 5786 ll
3201 5733 3308 5788 Cor
