3818 6538
442 349 536 406 631

1601 337 1992 406 (ΖΙᾸΞΜΕΝΤΙΞ
2023 343 2480 406 ΑιΕΧΑΝυιιιΝι

3548 353 3639 409 65Ξ

510 468 700 526 XXVI.
742 489 760 522 ι
792 469 962 524 Erunt
1011 469 1171 540 primi
1205 469 1524 534 novissimi,
1579 479 1633 525 et
1686 471 2004 535 novissimi,

2176 474 2318 540 KCT'.
2343 494 2360 524 ι
2396 473 2640 527 Ἔσονται
2665 475 2713 526 οἱ
2742 471 2943 546 πρῶτοι
2977 472 3208 544 ἔσχατοι,
3241 474 3333 526 καὶ
3362 475 3413 526 οἱ
3444 472 3638 544 ἔσχατοι

438 565 600 638 primi
625 576 673 616 ι.
699 583 716 615 ι
758 561 922 616 Multa
954 563 1042 617 hic
1075 563 1228 616 locus
1267 560 1428 616 habet
1459 561 1842 638 reconditioris
1873 577 2000 615 sen-

442 637 558 720 sus,
589 663 643 710 et
671 670 791 725 quae
816 663 1008 726 egeant
1039 654 1430 722 explicatione;
1465 668 1572 706 non
1601 637 1779 706 [arinen
1813 651 1879 707 de
1911 651 2002 707 illo

443 746 912 817 inpraesentiarum
937 745 1165 800 vertitur
1186 745 1432 814 quaestio.
1455 741 1572 797 Non
1599 744 1741 798 enim
1769 743 1835 797 ad
1857 744 2002 799 solos

443 836 637 891 divites
684 843 914 906 spectat,
946 836 1042 890 sed
1090 834 1156 888 ad
1189 850 1382 890 omnes
1421 836 1580 905 plane
1627 834 1873 890 homines
1909 835 2002 905 qui

440 927 565 984 fidei
605 928 773 983 semel
808 943 1008 980 nomen
1061 925 1280 982 dedere.
1311 928 1499 995 Itaque
1537 925 1664 980 huic
1706 926 1865 979 modo
1912 943 2004 980 su-

441 1020 827 1090 persedeamus
872 1019 1140 1088 quaesito:
1174 1019 1319 1088 quod
1350 1029 1528 1072 autem
1575 1015 1877 1086 subjectum
1918 1032 2006 1070 ar-

441 1123 700 1184 gumento
727 1119 813 1167 est
847 1111 920 1165 ita
953 1111 1386 1165 demonstratum
1439 1109 1695 1174 arbitror,
1741 1117 1798 1162 ut
1845 1109 2006 1163 satis-

443 1204 646 1258 factum
697 1204 768 1260 sit
815 1204 955 1257 dataa
1007 1202 1168 1269 ﬁdei;
1219 1201 1364 1272 quod
1413 1217 1607 1270 nempe
1643 1199 1888 1254 Salvator
1937 1200 2005 1254 ad

443 1297 590 1365 ipsas
617 1289 838 1350 divitias
865 1295 1008 1365 quod
1041 1295 1234 1349 auinet
1262 1294 1526 1365 longeque
1565 1293 1841 1362 copiosam
1877 1292 2007 1347 sub-

444 1386 722 1449 stantiam,
751 1385 946 1439 divitcs
979 1385 1128 1438 nullo
1162 1377 1321 1438 modo
1351 1383 1648 1438 excluserit
1676 1389 1771 1436 aut
1806 1383 1887 1437 eis
1919 1399 2007 1438 sa-

444 1475 610 1531 lutem
653 1477 1039 1540 intercluserit,
1072 1475 1117 1531 si
1150 1474 1310 1530 modo
1358 1476 1568 1545 possint
1603 1490 1666 1529 ac
1702 1475 1869 1529 velint
1920 1473 2006 1529 dic

447 1568 586 1623 vinis
633 1567 894 1622 inclinare
946 1565 1248 1632 mandatis,
1300 1567 1573 1636 vitamque
1634 1579 1787 1622 suam
1846 1567 2008 1624 rebus

446 1661 812 1728 temporancis
845 1659 1159 1729 praeferant,
1190 1673 1402 1712 necnon
1453 1657 1574 1712 fixis
1616 1657 1672 1711 in
1721 1656 2008 1712 Dominum

445 1749 760 1814 luminibus,
789 1750 909 1819 ejus
945 1759 1003 1804 ut
1035 1750 1161 1804 boni
1193 1749 1578 1820 gubernatoris
1612 1757 1805 1803 nutum
1853 1748 2010 1803 avida

2104 563 2326 635 πρῶτοι.
2356 583 2372 615 ι
2411 563 2577 618 Τοῦτο
2610 563 2871 636 πολύχουν
2917 563 3014 637 μέν
3047 568 3160 620 ἐστι
3205 566 3342 620 κατά
3397 567 3494 636 τὴν
3523 566 3640 620 ὑπό-

2106 673 2252 710 νοιαν
2285 657 2377 710 καὶ
2403 657 2494 709 τὸν
2529 655 2790 728 σοφισμδν
2837 653 2969 728 (98),
2999 659 3058 711 οὑ
3097 657 3200 728 μὴν
3231 657 3288 710 ἓν
3320 669 3384 726 γε
3416 656 3492 727 τῷ
3521 675 3643 728 παρ-

2102 748 2214 800 όντι
2259 745 2355 818 τὴν
2401 745 2622 818 ζήτησιν
2652 746 2887 799 ἀπαιτεῖ.
2907 747 2979 800 Οὑ
3009 748 3114 819 γὰρ
3151 747 3308 818 μόνον
3338 747 3496 818 ῥέπει
3526 749 3644 818 πρὸς

2105 837 2230 900 τοὺς
2274 834 2698 906 πολυκτήμονας,
2732 835 2842 889 ἀλλ’
2884 837 3067 900 ἀπλῶς
3097 837 3231 908 πρὸς
3285 837 3534 900 ἅπαντας
3562 839 3645 890 ἀν-

2106 927 2384 998 θρώπους,
2411 928 2534 991 τοὺς
2570 927 2748 980 πίστει
2781 926 3031 994 καθάπαξ
3056 929 3278 992 ἑαυτοὺς
3307 929 3645 992 ἐπιδιδόντας.

2108 1020 2268 1072 Ὥστε
2301 1019 2456 1072 τοῦτο
2493 1018 2588 1090 μὲν
2627 1019 2930 1074 ἀνακείσθω
2967 1021 3034 1074 τὰ
3076 1018 3203 1074 νῦν·
3239 1020 3300 1073 τὸ
3326 1021 3385 1074 δέ
3415 1038 3481 1088 γε
3531 1037 3650 1092 προ-

2105 1111 2353 1181 κείμενον
2381 1112 2513 1182 ἡμῖν
2546 1107 2695 1184 οἶμαι
2729 1113 2894 1184 μηδέν
2924 1131 2974 1166 τι
3005 1112 3340 1185 ἐνδεέστερον
3372 1114 3472 1184 τῆς
3495 1114 3650 1181 ἑπαγ-

2105 1200 2289 1270 γελίας
2326 1201 2610 1273 δεδεῖχθαι,
2645 1205 2724 1256 ὅτι
2759 1205 2883 1268 τοὺς
2925 1203 3203 1268 πλουσίους
3245 1205 3437 1258 οὐδένα
3465 1203 3649 1275 τρόπον

2104 1295 2133 1346 ὁ
2164 1293 2353 1367 Σωτὴρ
2391 1297 2508 1348 κατ’
2538 1295 2697 1350 αὐτόν
2748 1313 2810 1364 γε
2856 1297 2945 1350 τὸν
2992 1295 3216 1349 πλοῦτον
3247 1297 3340 1350 καὶ
3369 1296 3468 1365 τὴν
3508 1312 3650 1363 περιι-

2105 1383 2264 1456 6ολὴν
2306 1385 2403 1455 τῆς
2449 1385 2693 1457 κτήσεως
2735 1385 3140 1451 ἀποκέκλεικεν,
3185 1387 3293 1440 οὐδ’
3322 1387 3510 1450 αὑτοῖς
3538 1387 3660 1440 ἀπο-

2106 1475 2436 1546 τετάφρευκε
2466 1474 2562 1547 τὴν
2602 1477 2895 1548 σωτηρίαν,
2934 1478 2986 1530 ei
3023 1495 3086 1546 γε
3119 1478 3361 1531 δύναιντο
3405 1480 3502 1530 καὶ
3548 1476 3658 1547 βού-

2106 1566 2278 1619 λοιντο
2326 1565 2654 1620 ὑποκύπτειν
2675 1566 2771 1639 τὴν
2803 1565 3007 1622 ἑαυτῶν
3058 1568 3219 1640 ζωὴν,
3249 1568 3345 1622 τοῦ
3390 1569 3527 1622 Θεοῦ
3556 1571 3660 1632 ταῖς

2109 1656 2372 1722 ἐντολαῖς,
2404 1658 2498 1711 καὶ
2527 1656 2631 1710 τῶν
2662 1658 3006 1730 προσκαίρων
3055 1659 3362 1731 προτιμῷεν
3423 1660 3518 1712 καὶ
3552 1658 3658 1730 βλέο

2110 1761 2260 1798 ποιεν
2307 1745 2442 1817 πρὸς
2497 1746 2586 1799 τὸν
2635 1746 2835 1818 Κύριον
2881 1748 3059 1802 ἀτενεῖ
3106 1749 3181 1820 τῷ
3223 1750 3527 1821 βλέμματι,
3571 1766 3661 1802 κα-

444 1843 852 1911 cxspectatione
902 1841 1215 1903 attendant,
1261 1839 1390 1911 quid
1440 1840 1587 1903 velit,
1621 1840 1750 1910 quid
1791 1840 2007 1910 jubeat"

2118 1835 2284 1908 θάπερ
2314 1838 2393 1902 είς
2430 1837 2631 1907 ἀγαθοῦ
2674 1840 3002 1912 κυϐερνήτου
3042 1842 3218 1914 νεῦμα
3251 1843 3590 1914 δεδορκότες,
3617 1843 3662 1896 τί

443 1933 570 2002 quid
605 1935 840 1998 mandet,
869 1950 1031 2004 quam
1065 1935 1183 1988 suis
1218 1933 1399 1987 nautis
1429 1932 1521 1987 dat
1557 1943 1818 1988 tesseram
1846 1951 1860 2000 ;
1904 1950 2012 2004 quo

445 2023 659 2078 tandem
689 2032 743 2078 et
774 2025 915 2079 unde
939 2041 1160 2078 cursum
1194 2021 1553 2092 navigationis
1582 2022 1842 2078 intendat.
1869 2021 2013 2089 Quid

445 2115 587 2168 enim
635 2126 824 2183 peccat
873 2116 1076 2186 aliquis
1128 2121 1221 2168 aut
1271 2121 1468 2178 nocet,
1508 2113 1653 2183 quod
1691 2121 1816 2168 ante
1855 2114 2013 2180 ﬁdem

445 2214 754 2276 susceptam
792 2205 1033 2260 animum
1073 2205 1338 2260 adhibens
1367 2220 1608 2276 ususque
1647 2207 2010 2276 parcimnnia,

443 2306 660 2367 quanta:
689 2296 958 2352 sulIiciant
992 2297 1058 2352 ad
1089 2297 1376 2353 honestam
1408 2297 1534 2351 vitae
1565 2297 2013 2353 sustentationem

444 2388 551 2444 sibi
587 2389 874 2445 facultates
923 2391 1172 2460 paravit?
1225 2401 1351 2457 aut,
1400 2389 1547 2461 quod
1585 2388 1746 2445 etiam
1784 2404 1816 2444 a
1858 2390 2014 2461 culpa

444 2480 708 2536 remotius
737 2488 841 2546 est,
872 2481 917 2536 si
950 2481 1133 2534 statim
1165 2497 1194 2536 a
1224 2477 1332 2537 Deo
1364 2482 1635 2552 przebente
1666 2483 1927 2546 animam,
1959 2483 2015 2538 in

446 2571 666 2625 domum
699 2571 968 2640 ejusmodi
998 2573 1275 2627 hominum
1307 2589 1587 2644 genusque
1615 2573 1896 2644 copiosum
1932 2575 2016 2628 in-

445 2660 642 2716 ductus
667 2672 771 2727 est,
817 2670 1010 2732 potens
1050 2663 1257 2719 scilicet
1299 2663 1529 2734 pecunia
1559 2671 1613 2719 et
1640 2664 1848 2719 divitiis
1875 2679 2014 2734 pra:-

447 2755 634 2812 stans?
663 2754 719 2810 Si
758 2756 903 2812 enim
958 2755 1165 2825 ejectus
1209 2757 1312 2810 vita
1347 2765 1452 2821 est,
1490 2757 1632 2826 quod
1668 2771 1775 2811 non
1824 2764 2014 2828 sponte

448 2863 543 2900 sua
592 2847 732 2901 inter
776 2847 994 2902 divitias
1029 2857 1189 2903 natus
1223 2855 1332 2911 est,
1361 2846 1617 2917 injuriam
1651 2859 1802 2902 certe
1842 2864 1873 2901 a
1904 2847 2015 2902 Deo

447 2937 705 2992 Creatorc
751 2939 973 3009 patitur,
1017 2939 1348 3009 temporaria
1391 2938 1608 3009 quidem
1655 2940 2016 3010 prosperitate

448 3029 705 3095 donatus,
732 3030 838 3083 vita
866 3037 1044 3083 autem
1068 3039 1267 3084 aeterna
1299 3030 1564 3100 privatus.
1591 3030 1862 3096 Quorsum
1889 3047 2016 3086 vero

451 3137 676 3191 prorsus
719 3137 856 3192 opus
903 3130 1019 3176 erat
1064 3138 1195 3192 Opes
1228 3139 1259 3177 e
1289 3133 1433 3177 terra
1466 3123 1750 3193 pullulare,
1785 3123 1831 3178 si
1864 3139 2014 3177 mor-

2115 1925 2380 1996 βούλεται,
2407 1927 2460 1981 τί
2489 1927 2836 2001 προστάσσει,
2869 1930 2921 1985 τί
2958 1933 3230 2004 σημαίνει,
3260 1935 3314 1986 τί
3341 1933 3528 1987 δίδωσι
3567 1935 3666 1996 τοῖς

2112 2017 2274 2072 αὑτοῦ
2299 2018 2518 2084 ναύταις
2549 2019 2610 2072 τὺ
2638 2021 2907 2094 σύνθημα,
2940 2022 3040 2076 ποῦ
3073 2025 3168 2077 καὶ⁵
3195 2022 3352 2076 πόθεν
3391 2021 3482 2077 τὸν
3512 2024 3668 2094 ὅρμον

2113 2109 2523 2180 ἐπαγγέλλεται.
2555 2114 2618 2166 Τί
2671 2114 2779 2184 γὰρ
2809 2113 2984 2167 ἀδικεῖ
3034 2132 3138 2179 τις,
3166 2115 3214 2168 εί
3261 2114 3549 2187 προσέχων
3584 2113 3669 2183 τὴν

2112 2201 2354 2274 γνώμην,
2385 2203 2478 2255 καὶ
2507 2201 2817 2275 φειδόμενος
2849 2204 2954 2277 πρὸ
2985 2206 3080 2277 τῆς
3111 2206 3374 2268 πίστεως,
3411 2204 3531 2275 βίον
3563 2204 3668 2257 ἱκα-

2113 2293 2202 2347 νὸν
2233 2293 2577 2362 συνελέξατο,
2611 2295 2643 2366 ἢ
2676 2297 2768 2350 καὶ
2793 2295 2853 2349 τὸ
2879 2297 3069 2350 τούτου
3104 2295 3298 2367 μᾶλλον
3325 2295 3670 2366 ἀνέγκλητον,

2113 2385 2161 2438 εἰ
2198 2385 2358 2450 εὐθὺς
2401 2386 2505 2440 ὑπὸ
2549 2385 2643 2440 τοῦ
2692 2385 2826 2441 Θεοῦ
2887 2387 2985 2458 τὴν
3042 2386 3216 2458 ψυχὴν
3262 2387 3556 2458 νέμοντος,
3602 2387 3672 2449 είς

2113 2473 2256 2530 οἶκον
2305 2477 2558 2532 τοιούτων
2605 2477 2904 2550 ἀνθρώπιον
2954 2477 3249 2550 είσῳκίσθη
3300 2479 3454 2548 γένος
3507 2479 3662 2549 ἀμφι-

2113 2567 2306 2636 λαφὲς,
2353 2571 2464 2634 τοῖς
2495 2571 2768 2640 χρήμασιν
2805 2571 2984 2642 ίσχύον
3015 2572 3109 2625 καὶ
3152 2571 3230 2643 τῷ
3279 2571 3495 2641 πλούτῳ
3547 2587 3672 2642 κρα-

2114 2659 2264 2726 τοῦν;
2299 2661 2362 2713 Ei
2406 2659 2512 2733 γάρ
2545 2659 2631 2716 διά
2675 2661 2773 2734 τὴν
2818 2662 3073 2716 ἀκούσιον
3121 2664 3178 2717 ὲν
3217 2663 3429 2733 πλούτῳ
3469 2654 3678 2730 γένεσιν

2115 2749 2416 2820 ἀπελήλατο
2468 2750 2644 2822 ζωῆς,
2687 2751 2953 2806 ἀδικεῖται
2989 2753 3186 2824 μᾶλλον
3219 2754 3322 2807 ὑπὸ
3371 2752 3464 2805 τοῦ
3514 2769 3681 2821 γεινα-

2119 2841 2278 2913 μένου
2323 2839 2480 2905 Θεοῦ,
2517 2840 2849 2913 προσκαίρου
2893 2842 2990 2912 μὲν
3036 2843 3366 2914 ἡδυπαθείας
3414 2840 3680 2913 κατηξιω-

2119 2934 2309 3004 μένος,
2349 2931 2520 2986 ἀϊδίου
2563 2929 2620 2986 at
2662 2931 2808 3004 ζωῆς
2846 2934 3306 3005 ἀπεστερημένος.
3337 2935 3403 2988 Τί
3445 2935 3507 2988 δὲ
3555 2934 3679 2996 ὅλως

2115 3023 2340 3078 πλοῦτον
2387 3025 2553 3096 ἐχρῆν
2585 3026 2649 3078 ὲκ
2697 3025 2802 3095 γῆς
2849 3025 3124 3080 ἀνατεῖλαί
3172 3044 3321 3090 ποτε,
3345 3029 3407 3096 ,εἰ
3448 3026 3680 3098 χορηγὸς

2118 3115 2211 3168 καὶ
2242 3111 2498 3186 πρόξενός
2528 3116 2642 3168 ἐστι
2678 3114 2937 3181 θανάτου;
2985 3117 3122 3169 Ἀλλ’
3156 3119 3204 3170 εί
3231 3117 3448 3170 δύναταί
3492 3135 3578 3180 τις
3604 3119 3682 3170 έν-

449 3223 555 3267 tem
592 3213 892 3284 important
928 3214 1158 3284 ejusque
1192 3222 1446 3270 auctores
1478 3215 1783 3270 exsistunt?
1813 3214 1870 3270 Si
1895 3216 2015 3286 quis

2119 3206 2319 3277 δοτέρω
2348 3205 2454 3259 τῶν
2488 3207 2836 3281 ὑπαρχόντων
2863 3209 3130 3279 κάμπτειν
3163 3207 3260 3279 τῆς
3291 3208 3566 3276 ἐξουσίας,
3596 3208 3681 3261 καὶ

449 3315 654 3371 tamen,
683 3305 883 3376 quibus
911 3305 1080 3361 fultus
1112 3305 1318 3362 divitiis
1348 3315 1450 3370 est,
1480 3307 1547 3362 de
1590 3309 1828 3377 potentia
1862 3308 2022 3364 decc-

447 3398 578 3453 dere
624 3399 976 3468 animumque
1025 3397 1242 3453 flectere
1291 3406 1506 3469 potest;
1560 3407 1617 3452 et
1660 3399 1901 3455 modeste
1935 3415 2023 3455 sa—

449 3505 580 3562 pere
613 3500 777 3560 atque
809 3491 1027 3546 sobrius
1059 3507 1204 3558 esse,
1246 3491 1524 3561 Deumque
1565 3507 1731 3546 unum
1783 3508 2024 3562 quzerere

449 3597 514 3636 ac
557 3582 725 3638 Deum
779 3584 1073 3648 anhelare,
1118 3594 1174 3638 et
1223 3599 1348 3638 cum
1401 3583 1510 3638 Deo
1557 3586 2022 3638 conversationem

449 3673 652 3728 habere
678 3693 691 3727 :
719 3673 808 3728 hic
835 3690 1039 3744 pauper
1065 3685 1261 3744 priesto
1292 3675 1566 3730 mandatis
1605 3683 1719 3740 est,
1759 3675 1915 3740 liber,
1947 3677 2026 3730 in-

447 3765 649 3829 victus,
697 3765 846 3819 nulla
897 3764 1152 3820 laborans
1210 3767 1561 3837 aegritudine,
1618 3767 1767 3821 nullo
1811 3783 1878 3822 ex
1929 3782 2026 3836 pe-

450 3855 630 3910 cuniis
657 3856 901 3912 vulnere.
955 3855 1051 3911 Sin
1097 3859 1297 3920 minus,
1337 3856 1600 3913 «facilius
1639 3857 1881 3913 camelus
1929 3873 2025 3928 per

453 3963 610 4002 acum
641 3948 997 4020 ingredietur,
1028 3965 1190 4016 quam
1235 3950 1387 4004 dives
1417 3948 1684 4020 ejusmodi
1715 3950 1940 4004 intrabit
1968 3951 2026 4004 in

451 4055 678 4110 regnum
708 4041 968 4096 cmlorum
993 4042 1040 4094 δ.
1085 4061 1102 4094 ι
1157 4039 1328 4096 Porro
1357 4043 1518 4096 etiam
1550 4043 1714 4098 altius
1745 4042 2023 4115 quidpiam

454 4127 717 4202 signiticet
771 4133 1032 4198 camelus,
1079 4150 1174 4203 per
1221 4142 1426 4188 arctam
1484 4149 1548 4189 ac
1605 4143 2024 4206 coangustatam

453 4223 596 4278 viam
639 4236 982 4282 antevertens
1034 4227 1460 4298 divitem;quod
1495 4227 1794 4284 Salvatoris
1821 4236 2026 4299 myste-

452 4314 594 4369 rium
646 4317 701 4372 in
768 4317 1120 4388 Expositione
1172 4319 1563 4390 principiorum
1629 4330 1682 4374 et
1745 4319 2026 4390 theologia

452 4408 769 4464 condiscere
795 4409 940 4464 licet.

522 4495 734 4551 XXVII.
767 4498 967 4554 Verum
999 4515 1335 4569 exponamus
1378 4503 1613 4571 primum
1658 4503 1725 4557 dc
1770 4503 2025 4572 parabola

454 4589 601 4659 quod
634 4589 780 4646 illius
815 4592 1171 4660 conspicuum
1199 4601 1313 4656 est,
1361 4601 1414 4648 et
1460 4594 1620 4663 cujus
1649 4595 1822 4664 gratia
1880 4594 2025 4648 dicta

455 4679 578 4735 fuit.
608 4679 807 4736 Doceat
840 4682 1138 4752 locupletes
1167 4683 1312 4738 haud
1344 4686 1723 4758 negligendam
1767 4686 2020 4751 salutem,

454 4770 612 4844 quasi
656 4771 775 4840 ejus
817 4772 927 4841 jam
973 4789 1099 4843 spes
1139 4774 1317 4829 omnis
1363 4776 1470 4831 illis
1520 4777 1737 4831 sublata
1771 4777 1880 4843 sit;
1925 4792 2025 4832 nec

458 4879 586 4918 vero
634 4879 827 4920 rursus
872 4880 1002 4934 opes
1052 4867 1243 4937 pelago
1291 4870 1616 4939 mergendas
1660 4879 1755 4924 aut
1815 4871 2022 4940 impro-

457 4955 684 5021 bandas,
731 4955 886 5026 quasi
930 4961 987 5019 >3
1020 4957 1144 5011 vitae
1173 4957 1494 5015 insidiantes
1520 4969 1574 5015 et
1603 4959 1854 5016 inimicas
1883 4979 1896 5016 :
1930 4961 2025 5017 sed

457 5045 801 5114 discendum,
827 5047 1100 5118 quomodo
1133 5064 1309 5119 quave
1347 5052 1560 5108 ratione
1598 5052 1706 5107 illis
1735 5054 2018 5118 utendum,

457 5146 510 5191 et
543 5145 600 5191 ut
634 5138 745 5192 vita
792 5138 1158 5210 comparanda
1189 5141 1278 5196 sit.
1311 5140 1446 5196 Nam
1481 5144 1608 5214 quia
1647 5159 1758 5198 non
1797 5146 2023 5201 omnino

459 5229 598 5297 perit
628 5229 773 5298 quis,
800 5229 1000 5286 timens
1024 5232 1151 5301 quia
1175 5231 1326 5287 dives
1347 5233 1437 5299 sit,
1463 5249 1563 5289 nec
1592 5235 1815 5290 omnino
1839 5237 2022 5292 salvus

458 5329 561 5384 est,
586 5335 648 5376 ea
679 5319 877 5377 ﬁducia
907 5337 974 5376 ac
1006 5339 1122 5394 spe,
1149 5339 1254 5394 qua
1282 5340 1340 5379 se
1369 5326 1576 5380 salvum
1610 5325 1725 5382 fore
1759 5326 1983 5382 confidit
2011 5347 2026 5382 :

569 5485 627 5543 ἧι
666 5478 727 5534 Ρ.
769 5481 866 5536 9M
915 5480 1024 5537 ΕΙ).
1068 5477 1365 5570 POTITER.
1476 5495 1504 5525 ι
1543 5481 1709 5538 Marc.
1743 5498 1795 5549 Χ,
1825 5481 1914 5538 51.

505 5704 513 5713 .
525 5634 995 5716 βελὶξοερισμόν.
1023 5637 1130 5694 Seu
1156 5639 1515 5711 σαφηνισμόν,
1543 5657 1562 5690 ι
1581 5639 2019 5710 explicationem,

461 5702 926 5761 dilucidationem.
949 5728 969 5761 ι

532 5773 642 5846 (29)
678 5776 782 5831 Καὶ
812 5781 965 5833 θεολ,
992 5777 1165 5852 Hujus
1194 5779 1316 5837 libri
1346 5779 1546 5835 mentio
1569 5780 1797 5837 habetur
1823 5779 2020 5836 Strom.

2122 3296 2314 3367 μέτρια
2348 3299 2580 3370 φρονεῖν,
2613 3298 2708 3352 καὶ
2748 3303 3063 3371 σωφρονεῖν,
3107 3301 3201 3354 καὶ
3239 3300 3370 3354 Θεὸν
3406 3300 3569 3371 μόνον
3597 3299 3682 3370 ζη-

2119 3386 2251 3456 τεῖν,
2285 3389 2377 3443 καὶ
2411 3388 2542 3443 Θεὸν
2577 3391 2854 3456 ἀναπνεῖν,
2888 3391 2982 3446 καὶ
3018 3392 3136 3464 Θεῷ
3178 3391 3680 3463 συμπολιτεύεσθαι,

2121 3481 2332 3552 πτωχὸς
2363 3475 2517 3546 οὗτος
2548 3483 2857 3555 παρέστηκε
2903 3487 3024 3546 ταῖς
3073 3483 3342 3550 ἐντολαῖς,
3385 3485 3680 3555 ἐλεύθερος,

2121 3572 2404 3644 ἀήττητος,
2431 3573 2638 3641 ἄνοσος,
2665 3575 2904 3646 ἄτρωτος
2936 3575 3040 3628 ὑπὸ
3066 3576 3382 3648 χρημάτων.
3411 3575 3475 3628 Εἰ
3507 3575 3564 3628 δὲ
3592 3575 3682 3645 μὴ,

2127 3685 2146 3717 ι
2180 3665 2369 3719 θᾶττον
2395 3665 2636 3738 κάμηλος
2665 3667 3000 3738 διά,βελόνης
3037 3667 3428 3731 εἰσελεύσεται,
3454 3667 3490 3738 ἢ
3524 3669 3553 3720 ό
3580 3684 3684 3720 τοι-

2122 3755 2277 3820 οὗτος
2317 3756 2565 3820 πλούσιος
2622 3759 2713 3811 ὲπὶ
2742 3757 2842 3831 τὴν
2881 3757 3153 3828 βασιλείαν
3198 3757 3290 3811 τοῦ
3336 3757 3474 3811 Θεοῦ
3521 3775 3683 3830 παρεο

2124 3844 2392 3899 λεὺσεται.
2425 3862 2445 3896 ›
2493 3845 2808 3916 Σημαινέτω
2859 3846 2956 3916 μὲν
3002 3841 3095 3898 οὖν
3125 3862 3177 3897 τι
3216 3845 3310 3897 καὶ
3359 3843 3684 3915 ὑψηλότερον

2126 3936 2461 4008 ήκάμηλος,
2505 3935 2593 3990 διὰ
2633 3937 2822 4008 στενῆς
2851 3935 2970 3990 όδοῦ
3014 3936 3108 3990 καὶ⁸
3148 3936 3512 4007 τεθλιμμένης
3559 3934 3686 4004 cperi-

2127 4044 2289 4081 νουσα
2316 4027 2406 4082 τὸν
2436 4027 2706 4094 πλούσιον,
2739 4027 2874 4100 ὅπερ
2903 4030 2958 4080 ὲν
2995 4031 3061 4100 τῇ
3100 4027 3280 4099 ἀρχῶν
3307 4026 3418 4096 (29)
3450 4027 3548 4079 καὶ
3575 4025 3686 4076 θεο-

2126 4118 2313 4188 λογίας
2359 4118 2615 4192 ἐξηγήσει
2667 4117 2963 4193 μυστήριον
3014 4117 3109 4172 τοῦ
3157 4119 3407 4191 Σωτῆρος
3455 4117 3685 4190 ὑπάρχει

2131 4213 2338 4284 μαθεῖν.

2200 4498 2323 4551 ΚΖ’.
2353 4497 2426 4548 Οὑ
2455 4497 2560 4568 μὴν
2595 4495 2731 4551 ἀλλά
2770 4497 2830 4550 τό
2856 4514 2918 4565 γε
2958 4497 3273 4566 φαινόμενον
3316 4493 3554 4565 πρῶτον,
3596 4491 3688 4545 καὶ

2127 4588 2192 4641 δι’
2229 4587 2257 4640 ὃ
2305 4587 2580 4654 λέλεκται,
2625 4589 2723 4661 τῆς
2778 4588 3092 4659 παραϐολῆς
3138 4588 3481 4660 παρεχέσθω.
3532 4587 3683 4641 Διδα-

2130 4681 2305 4735 σκέτω
2327 4682 2452 4744 τοὺς
2485 4679 2846 4752 εὐποροῦντας
2867 4681 2941 4745 ὼς
2976 4681 3075 4734 οὑκ
3111 4680 3410 4752 ἀμελητέον
3439 4680 3542 4750 τῆς
3564 4682 3686 4734 ἑαυ-

2124 4773 2233 4826 τῶν
2265 4772 2553 4845 σωτηρίας,
2579 4773 2654 4837 ὼς
2679 4773 2779 4843 ἤδη
2807 4771 3407 4843 προκατεγνωσμένους,
3431 4771 3554 4824 οὐδὲ
3594 4789 3688 4824 κα-

2125 4866 2505 4920 ταποντιστέον
2534 4866 2644 4937 (50)
2677 4862 2744 4920 αὖ
2779 4865 2939 4920 πάλιν
2969 4865 3058 4918 τὸν
3089 4865 3340 4931 πλοῦτον,
3370 4865 3494 4919 οὕτε
3526 4882 3687 4919 κατα-

2125 4957 2404 5012 δικαστέον
2450 4957 2524 5020 ὡς
2576 4957 2674 5028 τῆς
2711 4956 2854 5028 ζωῆς
2908 4956 3190 5009 ἐπίϐουλον
3238 4958 3332 5010 καὶ
3396 4957 3681 5028 πολέμιον·

2123 5049 2258 5103 ἀλλά
2303 5048 2570 5120 μαθητέον
2622 5047 2742 5101 τίνα
2773 5047 2970 5119 τρόπον
3007 5048 3096 5102 καὶ
3148 5048 3263 5114 πῶς
3311 5048 3525 5119 πλούτῳ
3553 5065 3680 5118 χρη·

2125 5143 2295 5206 στέον,
2322 5143 2415 5195 καὶ
2457 5143 2552 5214 τὴν
2583 5141 2725 5213 ζωὴν
2762 5141 3006 5214 κτητέον.
3052 5141 3262 5214 Ἐπειδὴ
3317 5141 3426 5214 γὰρ
3472 5141 3594 5194 ούτε
3625 5142 3686 5193 ἐκ

2125 5233 2323 5298 παντὸς
2367 5233 2658 5287 ἀπόλλυταί
2708 5251 2810 5298 τις,
2849 5235 2931 5288 ὅτι
2965 5234 3183 5286 πλουτεῖ
3212 5232 3420 5299 δεδιὼς,
3459 5231 3581 5288 οὔτε
3623 5233 3686 5285 ὲκ

2125 5326 2324 5391 παντὸς
2380 5325 2609 5394 σώζεται
2656 5325 2872 5400 θαρρῶν
2903 5328 2998 5381 καὶ
3029 5325 3298 5383 πιστεύων
3340 5325 3419 5392 ὡς
3449 5323 3685 5398 σωθήσε-

1994 5487 2019 5524 υ
2058 5481 2192 5537 Ibid.
2224 5481 2315 5538 25.

2128 5655 2168 5704 ι’
2195 5637 2890 5780 ῗδοῗεῖάτωοντιστέω.
2917 5709 3182 5780 Respicit
3223 5709 3457 5780 Cratetis
3509 5707 3678 5780 philo-

2133 5777 2290 5852 sophi
2316 5779 2621 5848 historiam,
2653 5793 2815 5852 quam
2844 5779 2962 5836 vide
2994 5777 3314 5853 in’Diogene
3341 5777 3568 5836 Laertia.
