3818 6540
65 375 141 432 655
1069 369 1275 426 LIBER
1315 367 1479 438 QUIS
1519 369 1724 426 DIVES
1766 367 2154 427 SALVETUR.

3118 372 3223 428 63$

65 507 156 546 ται·
195 486 309 562 φέρε
351 489 600 544 σκεπτέον
643 491 709 561 ἦν
743 507 864 544 τινα
901 508 1002 563 την
1057 491 1247 546 ἐλπίδα
1301 493 1484 556 αὐτοῖς
1523 495 1552 546 ὀ

1663 509 1752 565 age
1795 494 2227 556 consideremus,
2261 507 2422 564 quam
2461 494 2570 550 illis
2614 507 2764 566 spem
2799 491 3047 550 Salvator
3087 509 3225 566 prae-

65 583 206 654 Σωτὴρ
255 581 560 652 ὑπογράφει,
613 583 707 635 καὶ
740 582 855 647 πῶς
890 582 956 636 ἂν
997 583 1056 636 τὸ
1104 583 1203 653 μὲν
1240 582 1557 637 ἀνέλπιστον

65 672 263 741 ἐχέγγυον
305 669 520 738 γένοιτο,
553 670 613 723 τὸ
656 671 713 724 δέ
759 670 1012 725 ἐλπισθὲν
1065 674 1145 736 είς
1200 671 1392 741 κτῆσιν
1433 672 1560 742 ἀφίο

64 779 186 817 κοιτο.
216 761 361 832 Φησὶν
402 757 490 814 οὖν
520 763 549 815 ό
593 762 927 828 διδάσκαλος,
971 763 1118 835 τίςή
1176 763 1404 836 μεγίστη
1451 764 1560 818 τῶν

63 854 252 916 ἐντολῶν,
293 852 661 925 ήρωτημένος·
697 874 716 907 ι
750 853 1073 928 Ἀγαπήσεις
1100 857 1193 909 τὸν
1224 855 1427 927 Κύριον
1468 857 1559 910 τὸν

61 947 158 1001 Θεόν
184 964 260 1000 σου
300 946 354 1013 ἐξ
386 947 509 1018 ὅλης
546 947 646 1018 τῆς
686 947 864 1022 ψυχῆς
897 966 1013 1016 σου,
1065 951 1159 1004 καὶ
1199 949 1256 1017 ἐξ
1289 951 1416 1021 ὅλης
1460 951 1560 1023 τῆς

60 1037 276 1108 δυνάμεώς
302 1055 407 1090 σου.
431 1058 449 1090 ι
486 1039 701 1111 Ταύτης
741 1039 910 1111 μείζω
944 1041 1211 1112 μηδεμίαν
1237 1041 1452 1114 ἐντολὴν
1485 1037 1562 1095 εἴ-

60 1143 141 1178 ναιο
159 1127 234 1179 καὶ
256 1125 386 1196 μάλα
415 1127 666 1191 εἰκότως·
693 1129 788 1182 καὶ
815 1129 923 1200 γὰρ
949 1131 1041 1183 καὶ
1064 1134 1192 1203 περὶ
1218 1131 1312 1184 τοῦ
1342 1131 1558 1203 πρώτου

59 1219 126 1270 καὶ
144 1217 246 1288 περὶ
265 1217 348 1270 τοῦ
380 1218 636 1289 μεγίστου
667 1221 1062 1292 παρήγγελται,
1089 1224 1254 1277 αὑτοῦ
1284 1223 1376 1276 τοῦ
1399 1222 1556 1288 Θεοῦ,

59 1308 218 1379 Harpe;
237 1309 401 1380 ήμῶν,
427 1310 494 1362 δι’
525 1304 586 1364 οὗ
627 1313 722 1366 καὶ⁵
743 1313 936 1381 γέγονε
976 1315 1071 1368 καὶ
1100 1315 1215 1368 ἐστι
1258 1315 1326 1369 τά
1358 1317 1555 1382 πάντα,

57 1400 208 1463 nisi;
249 1399 303 1453 ὃν
332 1400 400 1454 τά
450 1403 732 1474 σωζόμενα
786 1404 945 1459 πάλιν
991 1405 1370 1478 ἐπανέρχεται.
1423 1407 1559 1472 Ὑπὸ

55 1490 197 1544 τούτου
217 1492 379 1546 τοίνυν
417 1496 904 1569 προαγαπηθέντας
933 1501 1028 1552 καὶ
1057 1497 1148 1551 τοῦ
1178 1498 1430 1568 γενέσθαι
1467 1517 1561 1554 τυ-

54 1587 197 1656 χόντας
219 1588 306 1659 ούχ
339 1590 482 1644 ὅσιον
528 1589 708 1662 ἀλλοτι
748 1591 1117 1666 πρεσϐύτερον
1166 1593 1318 1663 ἄγειν
1349 1594 1444 1647 καὶ
1475 1612 1558 1648 τι-

57 1677 290 1748 μιὼτερον·
327 1681 636 1747 ἐκτίνοντας
683 1683 850 1756 μόνην
876 1685 975 1756 τὴν
1021 1685 1179 1756 χάριν
1213 1684 1416 1757 ταύτην
1465 1703 1556 1757 μι-

52 1768 153 1838 κρὰν
172 1769 251 1824 ἐπὶ
282 1773 569 1843 μεγίστοις,
595 1773 720 1830 ἄλλο
740 1775 798 1829 δὲ
833 1777 1115 1848 μηδοτιοῦν
1143 1776 1369 1848 ἔχοντας
1404 1778 1557 1832 ἀνεν-

55 1859 132 1912 issi
161 1863 241 1915 καὶ
267 1865 448 1937 τελείῳ
480 1866 600 1938 Θεῷ
630 1867 767 1939 πρὸς
795 1869 1028 1940 ἀμοιῦὴν
1063 1869 1343 1941 ἐπινοῆσαι
1362 1887 1376 1900 ο
1409 1868 1557 1942 αύτῷ

51 1948 89 2002 δὲ
113 1950 172 2022 τῷ
198 1954 396 2025 ἀγαπᾷν
427 1956 518 2010 τὸν
547 1955 766 2030 Πατέρα
807 1961 887 2023 είς
916 1961 1121 2014 οἰκείαν
1159 1961 1314 2031 ἰσχὺν
1346 1961 1438 2014 καὶ
1467 1961 1558 2014 δύ-

51 2059 185 2112 ναμιν,
211 2047 523 2120 ἀφθαρσίαν,
564 2051 977 2123 νομιζομένους.
1005 2055 1168 2108 Ὅσον
1213 2055 1320 2127 γὰρ
1370 2055 1558 2127 ἀγαπᾷ

50 2149 110 2198 τις
127 2134 202 2188 τὸν
235 2137 379 2204 Θεὸν,
417 2139 657 2212 τοσούτῳ
683 2143 778 2197 καὶ
809 2142 969 2196 πλέον
1008 2143 1270 2218 ἐνδοτέρω
1300 2145 1394 2199 τοῦ
1419 2146 1555 2200 Θεοῦ

51 2226 342 2298 παραδύεται.

94 2410 201 2463 ΚΗ’.
231 2413 490 2482 Δευτέραν
521 2415 580 2468 δὲ
619 2414 791 2482 τάξει,
823 2416 915 2470 καὶ
956 2417 1108 2472 οὐδέν
1140 2436 1193 2472 τι
1230 2420 1558 2494 μικροτέραν

49 2499 198 2573 ταύτης
225 2498 354 2557 εἶναι
385 2504 555 2574 λέγει,
585 2506 646 2560 τὸ
665 2525 684 2560 ι
722 2509 1050 2580 Ἀγαπήσεις
1083 2511 1173 2564 τὸν
1208 2511 1430 2583 πλησίον
1465 2531 1556 2566 σου

47 2591 328 2653 ὑςσεαυτόν·
370 2616 389 2649 ι
427 2599 626 2653 οὐκοῦν
655 2600 746 2654 τὸν
785 2601 916 2655 Θεὸν
949 2603 1089 2673 ὑπὲρ
1136 2605 1376 2658 σεαυτόν.
1421 2606 1559 2660 Πυν-

50 2681 279 2754 θτνομένου
309 2689 365 2742 δὲ
397 2690 491 2744 τοῦ
524 2692 1064 2765 προσδιαλεγομένου,
1105 2716 1123 2748 ι
1164 2698 1259 2762 Τίς
1303 2700 1417 2754 ἐστί
1458 2718 1558 2772 μου

48 2775 250 2846 πλησίονς
293 2798 311 2831 ι
347 2781 408 2834 ού
441 2782 536 2836 τὸν
571 2784 732 2838 αὐτὸν
770 2785 967 2856 τρόπον
1018 2788 1288 2854 Ἰουδαίοις
1320 2793 1558 2864 προωρί-

50 2881 142 2919 cato
165 2869 243 2922 τὸν
272 2873 406 2944 πρὸς
447 2875 699 2945 αἵματος,
720 2877 842 2931 οὐδὲ
885 2879 976 2933 τὸν
1020 2881 1264 2954 πολίτην,
1300 2887 1419 2940 ούδὲ
1471 2888 1560 2942 τὸν

48 2961 341 3032 προσήλυτον,
387 2965 512 3020 οὐδὲ
544 2968 635 3021 τὸν
667 2969 870 3041 ὁμοίως
920 2978 1406 3048 περιτετμημένον,
1439 2981 1559 3034 οὐδὲ

48 3050 110 3102 τὸν
140 3052 206 3105 ἐνὶ
224 3056 311 3108 καὶ
341 3057 526 3129 ταύτῷ
551 3059 699 3132 νόμῳ
730 3062 1028 3135 χρώμενον·
1065 3067 1200 3121 ἀλλά
1232 3069 1434 3124 ἄνωθεν
1464 3087 1561 3124 κα-

1660 587 1898 653 scribat;
1939 593 1992 641 et
2023 601 2128 655 qua
2159 587 2286 641 item
2321 585 2531 642 ratione
2557 586 2703 656 quod
2731 594 2884 642 extra
2915 601 3064 658 spem
3103 585 3222 641 fore

1658 679 1896 743 videtur,
1930 679 2174 750 pignoris
2206 679 2327 733 loco
2355 677 2467 742 ﬁat,
2506 679 2760 749 quodque
2788 678 2879 733 illa
2909 678 3123 742 nititur,
3167 679 3222 734 in

1660 771 2001 841 adeptionem
2031 769 2244 824 evadat.
2273 769 2362 823 Ait
2405 769 2572 841 igitur
2604 770 2882 840 magister,
2915 770 3223 840 interroga-

1659 871 1768 926 tus,
1794 861 1938 932 qnod
1964 862 2036 916 sit
2066 861 2366 914 maximum
2395 859 2798 924 mandatorum,
2835 879 2853 910 ι
2883 855 3083 931 Diliges
3125 859 3226 915 Do-
3285 921 3287 928 ι

1659 956 1866 1008 minum
1896 953 2063 1008 Deum
2097 958 2166 1007 ex
2196 960 2306 1007 tota
2338 952 2520 1005 anima
2550 958 2665 1014 tua,
2693 959 2748 1006 et
2788 967 2852 1006 ex
2887 958 2997 1009 tata
3025 953 3224 1008 virtute
3283 949 3286 954 ’

1658 1052 1751 1099 tua
1775 1053 1822 1099 α.
1843 1063 1860 1096 ι
1897 1042 2010 1098 Hoc
2040 1044 2249 1098 nullum
2281 1057 2402 1098 esse
2431 1042 2609 1111 majus
2642 1041 2992 1108 mandatum;
3023 1051 3080 1110 et,
3100 1043 3224 1112 jure

1657 1133 1876 1205 quidem
1910 1134 2156 1204 optimo:
2191 1147 2315 1186 nam
2345 1139 2399 1187 et
2430 1131 2497 1187 de
2528 1132 2706 1203 primo
2755 1132 3101 1203 maximoque
3138 1133 3222 1187 la-

1658 1238 1770 1284 tum
1804 1229 2118 1282 mandatum
2162 1232 2280 1289 est,
2327 1223 2396 1279 de
2426 1225 2546 1295 ipso
2587 1223 2843 1279 nimirum
2890 1223 3019 1290 Deo,
3062 1222 3227 1280 Patre

1655 1335 1866 1390 nostro,
1895 1339 1990 1394 per
2017 1335 2179 1394 quem
2203 1320 2344 1374 facta
2372 1326 2500 1376 sunt
2523 1326 2686 1388 atque
2708 1318 2985 1374 exsistunt
3015 1317 3221 1384 omnia,

1656 1424 1710 1473 et
1737 1416 1807 1471 ad
1835 1431 1994 1487 quem
2027 1424 2220 1469 rursus
2249 1420 2600 1468 revertuntur
2623 1426 2744 1482 qua:
2775 1410 2911 1465 ﬁunt
2942 1411 3114 1466 salva.
3136 1409 3224 1464 Ab

1657 1509 1761 1566 hoc
1807 1510 1974 1582 igitur
2014 1518 2141 1562 ante
2191 1507 2422 1562 dilectos
2475 1514 2531 1560 et
2567 1504 2843 1568 conditos,
2881 1503 3038 1560 nefas
3075 1501 3223 1558 aliud

1655 1601 1874 1674 quidvis
1903 1601 2184 1672 antiquius
2226 1599 2425 1654 ducere
2455 1613 2518 1652 ac
2557 1597 2930 1668 praestantius,
2963 1609 3128 1666 quam
3165 1604 3226 1648 ut

1654 1697 1797 1752 hanc
1839 1695 2104 1752 duntaxat
2130 1694 2379 1764 exiguam
2409 1691 2638 1763 gratiam
2682 1690 3042 1744 maximorum
3092 1703 3220 1742 mu-

1656 1804 1846 1844 nerum
1863 1795 2015 1859 grata
2031 1785 2150 1842 vice
2179 1785 2502 1846 referamus,
2532 1797 2658 1837 cum
2689 1778 2823 1834 nihil
2842 1776 2990 1834 aliud
3007 1777 3227 1849 εχιτοεί-

1589 1849 1629 1905 B
1658 1879 1762 1933 tari
1791 1849 1986 1949 possit,
2013 1874 2158 1947 quod
2186 1873 2392 1928 nullius
2423 1873 2601 1943 egenti
2631 1886 2694 1925 ac
2725 1869 2965 1941 perfecto
3002 1863 3115 1922 Deo
3143 1882 3226 1921 re-

1657 1972 1818 2042 pendi
1847 1986 1877 2025 a
1908 1968 2067 2025 nobis
2095 1968 2296 2038 possit;
2345 1966 2570 2036 ipsaque
2609 1979 2671 2019 ea
2718 1963 2929 2018 ratione
2964 1976 3072 2032 qua
3121 1958 3228 2014 Pa-

1655 2067 1794 2115 trem
1825 2058 2124 2129 diligimus,
2164 2063 2366 2126 quanta
2410 2055 2587 2110 virtus
2627 2070 2691 2108 ac
2725 2052 2958 2109 facultas
2992 2061 3107 2115 est,
3141 2051 3226 2104 in-

1657 2148 2029 2220 corruptionis
2082 2163 2283 2202 munus
2338 2159 2760 2215 consequamur.
2813 2141 3030 2209 Quanto
3081 2143 3225 2196 enim

1656 2241 1780 2310 quis
1806 2239 2040 2309 amplius
2072 2235 2239 2292 Deum
2270 2236 2465 2309 diligit,
2495 2242 2646 2289 tanto
2680 2234 2736 2288 in
2766 2230 2936 2288 Deum
2971 2229 3222 2286 intimius

1658 2332 1811 2404 quasi
1842 2331 2112 2403 pervadit.

1725 2424 1885 2496 35.3
1921 2420 2158 2478 XXVIII.
2186 2420 2433 2476 Alterum
2461 2427 2642 2475 autem
2679 2418 2891 2483 ordine,
2935 2433 3036 2474 nec
3064 2419 3229 2490 quid-

1657 2532 1819 2587 quam
1851 2516 2032 2586 priore
2078 2514 2260 2569 minus
2289 2513 2365 2567 ait
2407 2528 2528 2568 esse
2559 2511 2910 2567 mandatum:
2955 2529 2975 2562 ι
3025 2509 3228 2581 Diliges

1657 2609 1962 2680 proximum
1987 2615 2140 2671 tuum
2169 2606 2311 2660 sicut
2342 2603 2574 2673 teipsum
2604 2603 2653 2655 δ.
2702 2621 2721 2651 ›
2759 2601 2899 2672 Ergo
2939 2599 3108 2656 Deum
3132 2616 3229 2655 su—

1659 2715 1754 2770 pra
1809 2700 2062 2768 teipsum.
2113 2695 2475 2752 Percontante
2529 2701 2708 2748 autem
2751 2708 2837 2755 eo,
2883 2707 3119 2762 quocum
3150 2691 3229 2746 illi

1659 2808 1868 2850 sermo:
1907 2809 1925 2844 ι
1952 2790 2016 2845 Ει
2033 2791 2157 2861 quis
2185 2796 2268 2844 est
2291 2803 2442 2843 meus
2471 2788 2750 2857 proximus
2771 2787 2835 2839 οἳ
2863 2804 2882 2836 ι
2916 2801 3024 2840 non
3040 2785 3228 2840 eodem

1659 2885 1841 2950 modo,
1869 2901 1978 2956 quo
2005 2868 2197 2948 Judaei,
2249 2879 2494 2936 definivit
2522 2879 2852 2950 proximum,
2897 2877 2952 2932 id
2987 2884 3070 2933 est
3098 2891 3232 2932 con-

1661 2977 2047 3047 sanguineum,
2097 2976 2292 3037 civem,
2343 2972 2702 3044 proselytum,
2729 2977 2822 3024 aut
2851 2970 2944 3040 qui
2979 2969 3231 3024 similiter

1660 3069 2015 3124 circumcisus
2044 3067 2135 3131 sit,
2167 3066 2249 3122 vel
2270 3081 2376 3120 una
2397 3063 2697 3133 eademque
2730 3061 2844 3131 lege
2875 3063 3046 3116 utitur
3076 3077 3093 3127 ;
3132 3061 3230 3115 sed

46 3139 304 3244 :16aiv0m
329 3148 440 3202 ἀπὸ
499 3150 856 3225 Ἰερουσαλὴμ
894 3156 1015 3225 ἀγει
1047 3157 1124 3228 τῷ
1154 3157 1296 3230 λόγῳ
1327 3160 1447 3214 τινά
1483 3164 1560 3226 είς

1664 3159 1934 3214 hominem
1967 3156 2196 3222 inducit,
2223 3157 2317 3227 qui
2348 3155 2539 3226 procul
2569 3154 2636 3208 ab
2662 3151 2964 3209 Jerusalem
2998 3150 3228 3206 descen-

54 3233 232 3308 Ίεριχὼ,
253 3243 344 3295 καὶ
361 3243 552 3298 τοῦτον
566 3244 830 3299 δείκνυσιν
851 3248 957 3300 ὑπὸ
975 3247 1185 3322 λῃστῶν
1207 3267 1565 3324 συγκεκεντη-

51 3325 180 3393 μένον,
195 3331 517 3404 ἐρριμμένον
534 3335 805 3408 ήμίθνητα
832 3340 923 3392 ἐπὶ
955 3340 1055 3411 τῆς
1082 3343 1222 3406 ὀδοῦ,
1247 3343 1350 3397 ὑπὸ
1378 3345 1564 3416 ἱερέως

49 3421 432 3494 πτροδευόμενον,
478 3427 586 3479 ὑπὸ
636 3429 860 3483 Λευΐτου
915 3433 1324 3505 παρορώμενον,
1361 3435 1464 3490 ὑπὸ
1507 3437 1563 3490 δὲ

48 3507 109 3560 τοῦ
135 3512 419 3587 Σαμαρίτου
453 3516 552 3572 τοῦ
581 3517 1022 3592 ἐξωνειδισμένου
1057 3526 1151 3578 καὶ
1183 3526 1563 3599 ἀφωρισμένον

47 3603 440 3698 ξττελεούμενονογ
468 3609 531 3674 ὃς
554 3611 673 3682 ούχὶ
701 3612 844 3666 κατά
874 3614 1062 3686 τύχην,
1095 3615 1170 3680 ὡς
1203 3619 1399 3672 ἐκεῖνοι
1428 3633 1566 3691 παρ-

46 3691 192 3759 ῆλθον,
243 3699 352 3752 ἀλλ’
406 3697 549 3774 ἧκεν
605 3704 1011 3776 ἐσκευασμένος
1069 3700 1144 3760 ὧν
1185 3705 1214 3759 ό
1245 3708 1565 3763 κινδυνεύων

46 3783 185 3854 ἐδεῖτο,
213 3785 336 3855 οἷον,
369 3792 575 3858 ἔλαιον,
621 3795 967 3867 ἐπιδέσμους,
1000 3797 1216 3868 κτῆνος,
1270 3799 1457 3870 μισθὸν
1490 3799 1566 3871 τῷ

47 3878 257 3951 πανδοχεῖ,
279 3885 368 3937 τὸν
385 3887 490 3956 μὲν
511 3883 611 3957 ήδη
628 3886 920 3958 διδόμενον,
938 3888 1027 3942 τὸν
1041 3888 1097 3942 δέ
1128 3893 1565 3963 προσυπισχνού-

48 3982 178 4032 pavos.
213 3991 230 4024 ι
267 3975 380 4040 Τίς,
416 3976 546 4047 ἔφη,
610 3976 815 4032 τούτων
871 3981 1059 4049 γέγονε
1117 3981 1341 4053 πλησίον
1371 3983 1449 4054 τῷ
1499 3983 1570 4038 τά

47 4057 153 4113 δεινὰ
191 4065 439 4134 med-nt;
503 4085 523 4121 ι
559 4067 666 4122 Τοῦ
715 4069 774 4123 δέ
813 4072 1263 4144 ἀποκρινομένου,
1317 4090 1338 4126 ‹
1389 4075 1447 4127 '0
1477 4073 1568 4128 τὸν

46 4148 151 4206 δεον
172 4158 294 4227 πρὸς
325 4159 492 4213 αὐτὸν
519 4160 944 4232 ἐπιδειξάμενος·
979 4165 1089 4216 Καὶ
1124 4165 1188 4217 σὺ
1231 4165 1429 4229 τοίνυν,
1467 4182 1566 4218 m-

49 4245 380 4320 Ρευθεὶς,,οὓτω
400 4252 571 4319 ποίει,
589 4253 796 4326 »ὡςτῆς
813 4256 1031 4327 ἀγάπης
1051 4253 1449 4329 βλαστανούσης
1474 4257 1565 4310 εύ-

47 4339 196 4395 mira.

94 4431 195 4486 ΚΘ.
234 4435 316 4489 Ἐν
341 4437 686 4508 ἀμφοτέραις
708 4439 804 4509 μὲν
825 4436 917 4493 οὖν
936 4441 1054 4505 ταῖς
1083 4442 1322 4504 ἐντολαῖς
1348 4439 1568 4512 ἀγάπην

1663 3250 1755 3303 dat
1787 3250 1842 3303 in
1869 3248 2085 3304 Jericbo
2114 3267 2128 3303 :
2163 3247 2416 3317 huncque
2445 3244 2681 3301 ostendit
2705 3259 2736 3298 a
2768 3242 3070 3298 latronibus
3097 3253 3230 3296 con-

1664 3341 1869 3396 fossum
1887 3381 1902 3404 ,
1927 3340 2226 3410 projectum
2275 3337 2594 3394 semivivum
2629 3335 2684 3389 in
2710 3335 2829 3401 via;
2861 3348 3022 3404 quem
3049 3347 3232 3389 sacer-

1663 3432 1762 3488 dos
1784 3439 2085 3503 przetereat,
2115 3431 2302 3486 levites
2334 3428 2633 3499 despiciat;
2669 3425 3050 3480 Samaritanus
3099 3438 3230 3480 vero

1665 3523 1900 3594 (spretus
1929 3523 2016 3578 ille
2045 3539 2108 3576 ac
2139 3517 2476 3592 segregatus)
2507 3515 2884 3573 misericordia
2912 3512 3226 3584 impertiat:

1663 3614 1810 3668 venit
1833 3621 2014 3668 autem
2034 3627 2140 3666 non
2172 3626 2302 3666 casu
2334 3615 2394 3664 ut
2426 3608 2502 3662 illi
2541 3621 2703 3662 secus
2726 3603 2905 3660 locum
2931 3602 3230 3668 transiens,

1665 3705 1758 3760 sed
1789 3705 1897 3760 illis
1927 3705 2222 3759 instructus
2252 3707 2374 3773 qua
2401 3702 2483 3757 sic
2523 3697 2768 3754 versanti
2800 3697 2855 3752 in
2884 3696 3131 3768 periculo
3167 3710 3235 3752 ac

1665 3796 1932 3851 laboranti
1962 3813 2100 3866 opus
2128 3803 2304 3858 erant,
2329 3803 2458 3866 puta
2491 3795 2630 3860 oleo,
2660 3791 2982 3864 alligaturis,
3011 3790 3232 3861 jumen-

1663 3900 1748 3960 to;
1779 3893 1869 3962 qui
1903 3892 2205 3946 mercedem
2236 3889 2534 3945 stabulario
2557 3887 2752 3958 partim
2778 3887 3002 3950 tribuat,
3031 3882 3234 3954 partim

1665 4001 1724 4040 se
1749 3985 1999 4039 daturum
2030 3983 2370 4053 polliceatur.
2412 3999 2430 4030 ι
2475 3978 2613 4044 Quis
2643 3978 2864 4052 horum,
2900 3974 3097 4046 inquit,
3130 3972 3235 4028 fuit

1664 4075 1948 4146 proximus
2002 4073 2143 4143 ejus,
2193 4072 2286 4142 qui
2323 4071 2443 4125 dira
2479 4085 2677 4138 passus
2704 4070 2827 4125 est?
2856 4087 2876 4121 ι
2911 4066 3117 4136 Illoque
3147 4080 3235 4118 re—

1665 4168 1966 4238 spondente
1991 4205 2006 4228 ,
2051 4184 2068 4216 ι
2099 4165 2202 4230 Qui
2232 4164 2361 4219 fecit
2390 4162 2821 4221 misericordiam
2851 4162 2905 4216 in
2947 4159 3122 4222 illum,
3166 4155 3236 4211 Et

1665 4269 1746 4324 tu,
1780 4258 1984 4329 inquit,
2017 4257 2172 4323 vade,
2199 4264 2253 4312 et
2285 4256 2369 4312 l'ac
2415 4258 2667 4312 similiter
2687 4255 2714 4296 ἀ
2743 4272 2757 4322 ;
2797 4273 2816 4308 ›
2867 4251 3012 4324 quod
3040 4248 3235 4305 videli-

1665 4359 1749 4407 cet
1778 4350 2017 4406 charitas
2048 4349 2416 4405 beneﬁcentiae
2443 4364 2643 4420 parens
2675 4347 2768 4404 sit.

1735 4442 1928 4498 XXIX.
1957 4440 2016 4496 In
2040 4449 2274 4511 utroque
2304 4441 2470 4513 igitur
2492 4439 2748 4494 mandato
2785 4435 3106 4492 charitatem
3137 4427 3235 4488 do-

47 4521 301 4592 εἰσηγεῖται·
333 4530 488 4596 τάξει
521 4529 566 4582 δ’
596 4530 763 4602 αὐτὴν
785 4531 1028 4606 διῄρηκε.
1063 4535 1171 4596 Καὶ
1203 4536 1334 4588 ὅπου
1367 4535 1464 4607 μὲν
1491 4535 1560 4590 τὰ

1663 4545 1914 4594 cumenlo
1938 4535 2125 4600 tradit,
2159 4535 2351 4590 ordine
2382 4544 2566 4589 tamen
2600 4531 2761 4586 ambo
2793 4531 2908 4585 ha:c
2931 4526 3185 4584 distinxit
3215 4543 3232 4581 :

48 4619 234 4716 ἰτρωτεῖα
263 4621 356 4691 τῆς
389 4622 614 4692 ἀγάπης
659 4622 885 4676 ἀνάπτει
929 4623 1007 4695 τῷ
1051 4625 1189 4697 Θεῷ,
1224 4627 1358 4680 ὅπου
1387 4628 1445 4680 δὲ
1494 4628 1561 4682 τά

1664 4632 1978 4702 primasque
1999 4627 2284 4682 charitatis
2310 4635 2493 4697 partes
2525 4624 2632 4680 Deo
2682 4622 2928 4690 ascribit,
2963 4619 3236 4677 secundas

46 4711 263 4805 δευτερεῖα
310 4713 469 4784 νέμει
519 4711 597 4783 τῷ
631 4713 874 4786 πλησίον.
933 4717 1030 4780 Τίς
1089 4718 1134 4771 δ’
1173 4717 1238 4772 ἂν
1291 4718 1447 4783 ἀλλος
1477 4718 1561 4789 εἴη

1663 4739 1792 4779 vero
1814 4720 2061 4792 proximo
2093 4718 2304 4774 tribuit.
2335 4717 2470 4783 Quis
2515 4733 2646 4773 vero
2696 4716 2836 4772 alius
2875 4714 3039 4770 fuerit
3069 4726 3235 4783 quam

48 4797 146 4869 πλὴν
187 4803 384 4869 αύτὸςό
435 4806 666 4878 Σωτήρ;
722 4807 866 4878 ῆτίς
903 4808 1100 4880 μᾶλλον
1146 4812 1293 4882 ἡμᾶς
1338 4811 1561 4883 ἐλεήσας

1667 4815 1783 4885 ipse
1811 4808 2099 4865 Salvator?
2129 4816 2223 4862 aut
2258 4807 2380 4878 quis
2411 4806 2504 4860 illo
2535 4806 2797 4876 majorem
2831 4803 2987 4858 nobis
3022 4799 3236 4856 miseri-

47 4890 227 4959 εγείνου,
273 4899 398 4962 τοὺς
432 4896 542 4950 ὑπὸ
572 4897 679 4951 τῶν
712 4901 1166 4973 κοσμοκρατόρων
1216 4901 1309 4956 τοῦ
1345 4905 1561 4968 σκότους

1667 4903 1908 4961 cordiam
1929 4909 1986 4966 ὦ
2005 4899 2289 4972 impendit,
2321 4914 2353 4952 a
2379 4892 2568 4953 mundi
2589 4897 2798 4953 scilicet
2826 4893 3133 4950 rectoribus
3156 4901 3236 4945 te-

49 4977 182 5047 ιλξγου
221 4988 692 5060 τεθανατωμένους
735 4994 846 5054 τοῖς
893 4993 1104 5058 πολλοῖς
1134 4994 1429 5066 τραύμασιν
1465 4997 1563 5065 φό-

49 5067 145 5160 fas,
174 5081 498 5152 ἐπιθυμίαις,
529 5086 739 5157 ὀργαῖς,
774 5085 988 5152 λύπαις,
1022 5087 1280 5153 ἀπάταις,
1311 5088 1563 5160 ήδοναϊς;

47 5157 212 5218 Τούτων
235 5171 288 5224 δὲ
308 5173 416 5226 τῶν
442 5175 773 5245 τραυμάτων
804 5176 962 5247 μόνος
995 5176 1176 5250 ἰατρὸς
1214 5157 1438 5248 Ἰησὸῦςν
1472 5179 1562 5231 ἐκ·

48 5250 214 5311 κόπτων
255 5261 420 5336 ἄρδην
463 5265 532 5318 τὰ
564 5266 710 5339 πάθη
754 5268 1040 5341 πρόρριζα·
1074 5270 1172 5341 οὐχ
1215 5268 1404 5341 ὥσπερ
1427 5271 1456 5323 ό
1488 5272 1569 5325 νό-

51 5357 121 5406 μος
138 5348 251 5416 ψιλὰ
273 5353 339 5408 τὰ
363 5357 801 5430 ἀποτελέσματα,
836 5360 962 5425 τοὺς
991 5361 1236 5433 καρποὺς
1267 5361 1375 5415 τῶν
1404 5380 1568 5434 πονη-

1663 4997 1957 5051 nebrarum
2004 4992 2096 5048 vix
2125 5009 2234 5047 non
2284 4990 2473 5044 multis
2519 4987 2858 5053 vulneribus,
2907 4981 3232 5045 terroribus,

1665 5087 1972 5153 desideriis,
2007 5084 2306 5148 furoribus,
2334 5080 2688 5143 nimroribus,
2724 5073 3031 5142 fraudibus,
3079 5073 3236 5126 volu-

1665 5179 1902 5250 ptatibus
1948 5177 2189 5234 enecatis
2226 5186 2388 5245 atque
2441 5169 2758 5228 exstinctis?
2817 5167 3022 5222 Horum
3071 5173 3236 5236 porro

1670 5271 1955 5325 vulnerum
1983 5267 2228 5324 medicus
2253 5265 2404 5322 solus
2431 5272 2514 5319 est
2533 5261 2714 5325 Jesus,
2745 5259 2838 5329 qui
2865 5254 3130 5312 radicitus
3152 5253 3236 5308 vi-

1671 5363 1748 5418 tia
1784 5377 2009 5433 prorsus
2057 5358 2362 5426 exscindat,
2393 5373 2504 5412 non
2560 5357 2705 5411 sicut
2734 5352 2818 5407 lex
2869 5348 3018 5404 nuda
3046 5344 3238 5402 ellecta

52 5437 129 5503 ρῶν
149 5445 331 5514 φυτῶν,
364 5449 506 5504 ἀλλά
533 5451 634 5522 τὴν
688 5449 877 5525 ἀξίνην
908 5452 1005 5524 τὴν
1054 5452 1246 5506 ἐαυτοῦ
1291 5453 1425 5526 πρὸς
1469 5454 1561 5518 τὰς

1672 5453 1983 5528 (pravarum
2015 5452 2226 5508 fructus
2275 5447 2630 5522 plantarum),
2660 5444 2756 5502 sed
2796 5441 2889 5514 qui
2933 5441 3051 5512 ipse
3081 5452 3239 5528 suam
3292 5502 3295 5504 _

53 5529 163 5596 ῥίζας
185 5538 274 5609 τῆς
303 5542 503 5607 κακίας
523 5545 904 5617 προσαγαγών.
927 5540 1092 5610 Οὗτος
1120 5549 1149 5600 ό
1174 5546 1264 5601 τὸν
1296 5543 1435 5602 οἶνον
1453 5546 1561 5618 (3i)

1673 5527 1908 5602 Securim
1937 5543 2160 5600 malitiae
2196 5542 2473 5598 radicibus
2504 5535 2823 5595 admoverit.
2870 5532 2972 5588 Hic
3003 5537 3108 5594 est,
3143 5527 3237 5599 qui

53 5657 238 5781 56%;.
273 5663 374 5720 9‘2
425 5663 538 5721 ΕΙ).
569 5661 864 5725 POT'I‘ER.
965 5683 991 5712 α
1034 5669 1225 5727 Matth.
1279 5686 1396 5738 xu,
1464 5667 1554 5739 56,

1663 5670 1666 5686 ’
1699 5709 1714 5738 ,
1766 5665 1854 5727 38.
1932 5668 1960 5710 δ
2006 5666 2196 5725 Matth.
2226 5680 2364 5734 nit,
2406 5662 2493 5719 59.
2570 5671 2594 5701 ο
2625 5655 2758 5714 Luc.
2792 5670 2851 5725 Χ,
2877 5652 2970 5710 29.
3040 5648 3070 5692 ἀ
3101 5646 3236 5705 Ibid.

109 5845 196 5918 (⁵1)
231 5847 416 5911 Οἶνον.
458 5852 702 5930 Respicit
732 5855 866 5914 Luc.
896 5872 950 5924 χ,
984 5857 1072 5913 54.
