  <div class='ocr_page' id='page_1' title='image "/cluster/home/n/w/nwhite01/storage/ocr_20150623/9/hvd.32044019207612/323.png"; bbox 0 0 3818 6536; ppageno 0'>
   <div class='ocr_carea' id='block_1_1' title="bbox 539 326 645 383">
    <p class='ocr_par' dir='ltr' id='par_1_1' title="bbox 539 326 645 383">
     <span class='ocr_line' id='line_1_1' title="bbox 539 326 645 383; baseline 0.019 -2"><span class='ocrx_word' id='word_1_1' title='bbox 539 326 645 383; x_wconf 79' lang='lat'><strong>635</strong></span> 
     </span>
    </p>
   </div>
   <div class='ocr_carea' id='block_1_2' title="bbox 1690 319 3732 398">
    <p class='ocr_par' dir='ltr' id='par_1_2' title="bbox 1690 319 3732 398">
     <span class='ocr_line' id='line_1_2' title="bbox 1690 319 3732 398; baseline -0.001 -19"><span class='ocrx_word' id='word_1_2' title='bbox 1690 320 2076 379; x_wconf 82' lang='lat' dir='ltr'><strong>CLEMENTIS</strong></span> <span class='ocrx_word' id='word_1_3' title='bbox 2114 319 2573 398; x_wconf 68' lang='lat' dir='ltr'><strong>ALEXANDRlNI</strong></span> <span class='ocrx_word' id='word_1_4' title='bbox 3646 321 3732 377; x_wconf 74' lang='lat'>656</span> 
     </span>
    </p>
   </div>
   <div class='ocr_carea' id='block_1_3' title="bbox 531 437 2082 516">
    <p class='ocr_par' dir='ltr' id='par_1_3' title="bbox 531 443 2082 516">
     <span class='ocr_line' id='line_1_3' title="bbox 531 443 2082 516; baseline 0 -18"><span class='ocrx_word' id='word_1_5' title='bbox 531 445 724 498; x_wconf 86' lang='lat' dir='ltr'><strong>vinum</strong></span> <span class='ocrx_word' id='word_1_6' title='bbox 751 443 1086 516; x_wconf 84' lang='lat' dir='ltr'><strong>(sanguinem</strong></span> <span class='ocrx_word' id='word_1_7' title='bbox 1116 443 1242 500; x_wconf 90' lang='lat' dir='ltr'><strong>vitis</strong></span> <span class='ocrx_word' id='word_1_8' title='bbox 1266 443 1554 515; x_wconf 82' lang='lat' dir='ltr'><strong>Davidicae)</strong></span> <span class='ocrx_word' id='word_1_9' title='bbox 1585 446 1782 501; x_wconf 84' lang='lat' dir='ltr'><strong>sauciis</strong></span> <span class='ocrx_word' id='word_1_10' title='bbox 1812 445 2082 499; x_wconf 77' lang='lat' dir='ltr'><strong>animabus</strong></span> 
     </span>
    </p>
   </div>
   <div class='ocr_carea' id='block_1_4' title="bbox 2188 437 3729 516">
    <p class='ocr_par' dir='ltr' id='par_1_4' title="bbox 2197 437 3729 513">
     <span class='ocr_line' id='line_1_4' title="bbox 2197 437 3729 513; baseline 0.001 -18"><span class='ocrx_word' id='word_1_11' title='bbox 2197 442 2274 513; x_wconf 75' lang='grc' dir='ltr'><strong>(τὸ</strong></span> <span class='ocrx_word' id='word_1_12' title='bbox 2306 437 2443 513; x_wconf 74' lang='grc' dir='ltr'>αἷμα</span> <span class='ocrx_word' id='word_1_13' title='bbox 2475 443 2570 513; x_wconf 78' lang='grc' dir='ltr'><strong>τῆς</strong></span> <span class='ocrx_word' id='word_1_14' title='bbox 2601 441 2842 512; x_wconf 79' lang='grc' dir='ltr'><strong>ἀμπέλου</strong></span> <span class='ocrx_word' id='word_1_15' title='bbox 2883 440 2980 512; x_wconf 83' lang='grc' dir='ltr'>τῆς</span> <span class='ocrx_word' id='word_1_16' title='bbox 3027 439 3205 505; x_wconf 77' lang='grc' dir='ltr'>Δαϐὶδ)</span> <span class='ocrx_word' id='word_1_17' title='bbox 3241 441 3431 511; x_wconf 79' lang='grc' dir='ltr'>ἐκχέας</span> <span class='ocrx_word' id='word_1_18' title='bbox 3474 441 3625 511; x_wconf 78' lang='grc' dir='ltr'>ἡμῶν</span> <span class='ocrx_word' id='word_1_19' title='bbox 3654 444 3729 497; x_wconf 81' lang='grc' dir='ltr'>ἐπὶ</span> 
     </span>
    </p>
   </div>
   <div class='ocr_carea' id='block_1_5' title="bbox 537 536 2091 608">
    <p class='ocr_par' dir='ltr' id='par_1_5' title="bbox 537 536 2091 608">
     <span class='ocr_line' id='line_1_5' title="bbox 537 536 2091 608; baseline -0.001 -17"><span class='ocrx_word' id='word_1_20' title='bbox 537 537 772 604; x_wconf 75' lang='lat' dir='ltr'><strong>infudit;</strong></span> <span class='ocrx_word' id='word_1_21' title='bbox 810 536 902 606; x_wconf 92' lang='lat' dir='ltr'><strong>qui</strong></span> <span class='ocrx_word' id='word_1_22' title='bbox 933 552 1000 590; x_wconf 79' lang='lat' dir='ltr'><strong>ex</strong></span> <span class='ocrx_word' id='word_1_23' title='bbox 1031 536 1332 592; x_wconf 85' lang='lat' dir='ltr'><strong>visceribus</strong></span> <span class='ocrx_word' id='word_1_24' title='bbox 1362 537 1593 608; x_wconf 75' lang='lat' dir='ltr'><strong>Spiritus</strong></span> <span class='ocrx_word' id='word_1_25' title='bbox 1626 539 1802 592; x_wconf 89' lang='lat' dir='ltr'><strong>oleum</strong></span> <span class='ocrx_word' id='word_1_26' title='bbox 1825 537 2091 598; x_wconf 86' lang='lat' dir='ltr'><strong>adhibuit,</strong></span> 
     </span>
    </p>
   </div>
   <div class='ocr_carea' id='block_1_6' title="bbox 535 627 2095 698">
    <p class='ocr_par' dir='ltr' id='par_1_6' title="bbox 535 627 2095 698">
     <span class='ocr_line' id='line_1_6' title="bbox 535 627 2095 698; baseline -0.001 -15"><span class='ocrx_word' id='word_1_27' title='bbox 535 628 1025 698; x_wconf 85' lang='lat' dir='ltr'><strong>abundantiorique</strong></span> <span class='ocrx_word' id='word_1_28' title='bbox 1054 627 1303 698; x_wconf 91' lang='lat' dir='ltr'><strong>largitate</strong></span> <span class='ocrx_word' id='word_1_29' title='bbox 1332 629 1539 684; x_wconf 86' lang='lat' dir='ltr'><strong>tribuit.</strong></span> <span class='ocrx_word' id='word_1_30' title='bbox 1581 628 1678 683; x_wconf 87' lang='lat' dir='ltr'><strong>Hic</strong></span> <span class='ocrx_word' id='word_1_31' title='bbox 1711 637 1795 683; x_wconf 88' lang='lat' dir='ltr'><strong>est</strong></span> <span class='ocrx_word' id='word_1_32' title='bbox 1821 628 1913 694; x_wconf 88' lang='lat' dir='ltr'><strong>qui</strong></span> <span class='ocrx_word' id='word_1_33' title='bbox 1947 629 2095 682; x_wconf 84' lang='lat' dir='ltr'><strong>sani—</strong></span> 
     </span>
    </p>
   </div>
   <div class='ocr_carea' id='block_1_7' title="bbox 532 717 2091 788">
    <p class='ocr_par' dir='ltr' id='par_1_7' title="bbox 532 717 2091 788">
     <span class='ocr_line' id='line_1_7' title="bbox 532 717 2091 788; baseline -0.001 -16"><span class='ocrx_word' id='word_1_34' title='bbox 532 719 662 774; x_wconf 86' lang='lat' dir='ltr'><strong>tatis</strong></span> <span class='ocrx_word' id='word_1_35' title='bbox 694 719 990 787; x_wconf 90' lang='lat' dir='ltr'><strong>salutisque</strong></span> <span class='ocrx_word' id='word_1_36' title='bbox 1017 719 1348 786; x_wconf 88' lang='lat' dir='ltr'><strong>alligaturas,</strong></span> <span class='ocrx_word' id='word_1_37' title='bbox 1374 719 1708 782; x_wconf 91' lang='lat' dir='ltr'><strong>charitatem,</strong></span> <span class='ocrx_word' id='word_1_38' title='bbox 1743 717 1919 780; x_wconf 91' lang='lat' dir='ltr'><strong>ﬁdem,</strong></span> <span class='ocrx_word' id='word_1_39' title='bbox 1944 733 2091 788; x_wconf 84' lang='lat' dir='ltr'><strong>spem</strong></span> 
     </span>
    </p>
   </div>
   <div class='ocr_carea' id='block_1_8' title="bbox 536 808 2091 880">
    <p class='ocr_par' dir='ltr' id='par_1_8' title="bbox 536 808 2091 880">
     <span class='ocr_line' id='line_1_8' title="bbox 536 808 2091 880; baseline 0.001 -18"><span class='ocrx_word' id='word_1_40' title='bbox 536 809 852 866; x_wconf 87' lang='lat' dir='ltr'><strong>insolubiles</strong></span> <span class='ocrx_word' id='word_1_41' title='bbox 884 809 1078 864; x_wconf 77' lang='lat' dir='ltr'><strong>effecit.</strong></span> <span class='ocrx_word' id='word_1_42' title='bbox 1106 809 1203 864; x_wconf 84' lang='lat' dir='ltr'><strong>llic</strong></span> <span class='ocrx_word' id='word_1_43' title='bbox 1231 817 1312 865; x_wconf 90' lang='lat' dir='ltr'><strong>est</strong></span> <span class='ocrx_word' id='word_1_44' title='bbox 1340 810 1430 879; x_wconf 93' lang='lat' dir='ltr'><strong>qui</strong></span> <span class='ocrx_word' id='word_1_45' title='bbox 1449 810 1666 880; x_wconf 79' lang='lat' dir='ltr'><strong>angelos</strong></span> <span class='ocrx_word' id='word_1_46' title='bbox 1687 818 1739 864; x_wconf 88' lang='lat' dir='ltr'><strong>et</strong></span> <span class='ocrx_word' id='word_1_47' title='bbox 1756 808 2091 879; x_wconf 90' lang='lat' dir='ltr'><strong>principatus</strong></span> 
     </span>
    </p>
   </div>
   <div class='ocr_carea' id='block_1_9' title="bbox 533 900 2090 971">
    <p class='ocr_par' dir='ltr' id='par_1_9' title="bbox 533 900 2090 971">
     <span class='ocr_line' id='line_1_9' title="bbox 533 900 2090 971; baseline -0.001 -14"><span class='ocrx_word' id='word_1_48' title='bbox 533 909 588 957; x_wconf 81' lang='lat' dir='ltr'><strong>et</strong></span> <span class='ocrx_word' id='word_1_49' title='bbox 642 909 958 971; x_wconf 89' lang='lat' dir='ltr'><strong>potestates,</strong></span> <span class='ocrx_word' id='word_1_50' title='bbox 1002 909 1061 954; x_wconf 93' lang='lat' dir='ltr'><strong>ut</strong></span> <span class='ocrx_word' id='word_1_51' title='bbox 1088 901 1244 956; x_wconf 89' lang='lat' dir='ltr'><strong>nobis</strong></span> <span class='ocrx_word' id='word_1_52' title='bbox 1284 901 1581 956; x_wconf 89' lang='lat' dir='ltr'><strong>ministerio</strong></span> <span class='ocrx_word' id='word_1_53' title='bbox 1608 900 1922 971; x_wconf 89' lang='lat' dir='ltr'><strong>fungantur,</strong></span> <span class='ocrx_word' id='word_1_54' title='bbox 1987 901 2090 956; x_wconf 88' lang='lat' dir='ltr'><strong>sub</strong></span> 
     </span>
    </p>
   </div>
   <div class='ocr_carea' id='block_1_10' title="bbox 534 991 2090 1064">
    <p class='ocr_par' dir='ltr' id='par_1_10' title="bbox 534 991 2090 1064">
     <span class='ocr_line' id='line_1_10' title="bbox 534 991 2090 1064; baseline 0 -18"><span class='ocrx_word' id='word_1_55' title='bbox 534 1007 728 1064; x_wconf 83' lang='lat' dir='ltr'><strong>magna</strong></span> <span class='ocrx_word' id='word_1_56' title='bbox 767 993 1011 1048; x_wconf 88' lang='lat' dir='ltr'><strong>mercede</strong></span> <span class='ocrx_word' id='word_1_57' title='bbox 1047 993 1305 1060; x_wconf 87' lang='lat' dir='ltr'><strong>subjecit;</strong></span> <span class='ocrx_word' id='word_1_58' title='bbox 1329 1008 1452 1046; x_wconf 89' lang='lat' dir='ltr'><strong>nam</strong></span> <span class='ocrx_word' id='word_1_59' title='bbox 1476 1000 1528 1048; x_wconf 93' lang='lat' dir='ltr'><strong>et</strong></span> <span class='ocrx_word' id='word_1_60' title='bbox 1565 992 1666 1062; x_wconf 89' lang='lat' dir='ltr'><strong>ipsi</strong></span> <span class='ocrx_word' id='word_1_61' title='bbox 1714 991 2090 1047; x_wconf 90' lang='lat' dir='ltr'><strong>liberabuntur</strong></span> 
     </span>
    </p>
   </div>
   <div class='ocr_carea' id='block_1_11' title="bbox 536 1083 2085 1154">
    <p class='ocr_par' dir='ltr' id='par_1_11' title="bbox 536 1083 2085 1154">
     <span class='ocr_line' id='line_1_11' title="bbox 536 1083 2085 1154; baseline -0.001 -16"><span class='ocrx_word' id='word_1_62' title='bbox 536 1099 567 1138; x_wconf 91' lang='lat' dir='ltr'><strong>a</strong></span> <span class='ocrx_word' id='word_1_63' title='bbox 596 1083 781 1138; x_wconf 90' lang='lat' dir='ltr'><strong>mundi</strong></span> <span class='ocrx_word' id='word_1_64' title='bbox 811 1084 1046 1138; x_wconf 82' lang='lat' dir='ltr'><strong>vanitate</strong></span> <span class='ocrx_word' id='word_1_65' title='bbox 1075 1083 1129 1138; x_wconf 91' lang='lat' dir='ltr'><strong>in</strong></span> <span class='ocrx_word' id='word_1_66' title='bbox 1159 1083 1484 1138; x_wconf 82' lang='lat' dir='ltr'><strong>revelatione</strong></span> <span class='ocrx_word' id='word_1_67' title='bbox 1510 1083 1692 1154; x_wconf 67' lang='lat' dir='ltr'><strong>gloria:</strong></span> <span class='ocrx_word' id='word_1_68' title='bbox 1713 1083 1946 1138; x_wconf 90' lang='lat' dir='ltr'><strong>ﬁliorum</strong></span> <span class='ocrx_word' id='word_1_69' title='bbox 1971 1083 2085 1138; x_wconf 94' lang='lat' dir='ltr'><strong>Dei.</strong></span> 
     </span>
    </p>
   </div>
   <div class='ocr_carea' id='block_1_12' title="bbox 536 1173 2091 1247">
    <p class='ocr_par' dir='ltr' id='par_1_12' title="bbox 536 1173 2091 1247">
     <span class='ocr_line' id='line_1_12' title="bbox 536 1173 2091 1247; baseline 0.001 -19"><span class='ocrx_word' id='word_1_70' title='bbox 536 1173 694 1231; x_wconf 78' lang='lat' dir='ltr'><strong>Hunc</strong></span> <span class='ocrx_word' id='word_1_71' title='bbox 722 1177 886 1245; x_wconf 84' lang='lat' dir='ltr'><strong>igitur</strong></span> <span class='ocrx_word' id='word_1_72' title='bbox 905 1192 1057 1246; x_wconf 71' lang='lat' dir='ltr'><strong>mque</strong></span> <span class='ocrx_word' id='word_1_73' title='bbox 1083 1177 1305 1247; x_wconf 78' lang='lat' dir='ltr'><strong>diligere</strong></span> <span class='ocrx_word' id='word_1_74' title='bbox 1333 1183 1545 1246; x_wconf 90' lang='lat' dir='ltr'><strong>oportet</strong></span> <span class='ocrx_word' id='word_1_75' title='bbox 1576 1191 1639 1230; x_wconf 92' lang='lat' dir='ltr'><strong>ac</strong></span> <span class='ocrx_word' id='word_1_76' title='bbox 1666 1175 1832 1230; x_wconf 90' lang='lat' dir='ltr'><strong>Deum</strong></span> <span class='ocrx_word' id='word_1_77' title='bbox 1866 1196 1879 1231; x_wconf 91' lang='lat'><strong>:</strong></span> <span class='ocrx_word' id='word_1_78' title='bbox 1915 1176 2091 1246; x_wconf 82' lang='lat' dir='ltr'><strong>diligit</strong></span> 
     </span>
    </p>
   </div>
   <div class='ocr_carea' id='block_1_13' title="bbox 537 1266 2090 1338">
    <p class='ocr_par' dir='ltr' id='par_1_13' title="bbox 537 1266 2090 1338">
     <span class='ocr_line' id='line_1_13' title="bbox 537 1266 2090 1338; baseline 0.001 -18"><span class='ocrx_word' id='word_1_79' title='bbox 537 1273 714 1321; x_wconf 86' lang='lat' dir='ltr'><strong>autem</strong></span> <span class='ocrx_word' id='word_1_80' title='bbox 744 1266 1039 1330; x_wconf 86' lang='lat' dir='ltr'><strong>Christum,</strong></span> <span class='ocrx_word' id='word_1_81' title='bbox 1073 1267 1165 1337; x_wconf 94' lang='lat' dir='ltr'><strong>qui</strong></span> <span class='ocrx_word' id='word_1_82' title='bbox 1202 1267 1464 1338; x_wconf 87' lang='lat' dir='ltr'><strong>facitejus</strong></span> <span class='ocrx_word' id='word_1_83' title='bbox 1491 1269 1845 1332; x_wconf 84' lang='lat' dir='ltr'><strong>voluntatem,</strong></span> <span class='ocrx_word' id='word_1_84' title='bbox 1883 1277 2090 1324; x_wconf 82' lang='lat' dir='ltr'><strong>servat-</strong></span> 
     </span>
    </p>
   </div>
   <div class='ocr_carea' id='block_1_14' title="bbox 532 1358 2089 1429">
    <p class='ocr_par' dir='ltr' id='par_1_14' title="bbox 532 1358 2089 1429">
     <span class='ocr_line' id='line_1_14' title="bbox 532 1358 2089 1429; baseline 0.001 -17"><span class='ocrx_word' id='word_1_85' title='bbox 532 1371 642 1427; x_wconf 85' lang='lat' dir='ltr'><strong>que</strong></span> <span class='ocrx_word' id='word_1_86' title='bbox 675 1358 818 1414; x_wconf 91' lang='lat' dir='ltr'><strong>illius</strong></span> <span class='ocrx_word' id='word_1_87' title='bbox 847 1359 1115 1413; x_wconf 89' lang='lat' dir='ltr'><strong>mandata.</strong></span> <span class='ocrx_word' id='word_1_88' title='bbox 1172 1377 1190 1410; x_wconf 88' lang='grc'><strong>‹</strong></span> <span class='ocrx_word' id='word_1_89' title='bbox 1251 1358 1366 1414; x_wconf 85' lang='grc' dir='ltr'>Νοιι</span> <span class='ocrx_word' id='word_1_90' title='bbox 1415 1359 1558 1414; x_wconf 92' lang='lat' dir='ltr'><strong>enim</strong></span> <span class='ocrx_word' id='word_1_91' title='bbox 1593 1360 1769 1416; x_wconf 89' lang='lat' dir='ltr'><strong>omnis</strong></span> <span class='ocrx_word' id='word_1_92' title='bbox 1817 1360 1909 1429; x_wconf 93' lang='lat' dir='ltr'><strong>qui</strong></span> <span class='ocrx_word' id='word_1_93' title='bbox 1955 1359 2089 1414; x_wconf 83' lang='lat' dir='ltr'><strong>dicit</strong></span> 
     </span>
    </p>
   </div>
   <div class='ocr_carea' id='block_1_15' title="bbox 533 1447 2088 1520">
    <p class='ocr_par' dir='ltr' id='par_1_15' title="bbox 533 1447 2088 1520">
     <span class='ocr_line' id='line_1_15' title="bbox 533 1447 2088 1520; baseline 0.002 -20"><span class='ocrx_word' id='word_1_94' title='bbox 533 1447 702 1502; x_wconf 89' lang='lat' dir='ltr'><strong>mihi:</strong></span> <span class='ocrx_word' id='word_1_95' title='bbox 740 1447 985 1513; x_wconf 89' lang='lat' dir='ltr'><strong>Domine,</strong></span> <span class='ocrx_word' id='word_1_96' title='bbox 1031 1449 1276 1515; x_wconf 89' lang='lat' dir='ltr'><strong>Domine,</strong></span> <span class='ocrx_word' id='word_1_97' title='bbox 1323 1449 1546 1503; x_wconf 87' lang='lat' dir='ltr'><strong>intrabit</strong></span> <span class='ocrx_word' id='word_1_98' title='bbox 1578 1449 1630 1502; x_wconf 90' lang='lat' dir='ltr'><strong>in</strong></span> <span class='ocrx_word' id='word_1_99' title='bbox 1667 1465 1891 1520; x_wconf 89' lang='lat' dir='ltr'><strong>regnum</strong></span> <span class='ocrx_word' id='word_1_100' title='bbox 1922 1449 2088 1503; x_wconf 61' lang='lat' dir='ltr'><strong>caelo-</strong></span> 
     </span>
    </p>
   </div>
   <div class='ocr_carea' id='block_1_16' title="bbox 532 1539 2082 1610">
    <p class='ocr_par' dir='ltr' id='par_1_16' title="bbox 532 1539 2082 1610">
     <span class='ocr_line' id='line_1_16' title="bbox 532 1539 2082 1610; baseline 0.001 -17"><span class='ocrx_word' id='word_1_101' title='bbox 532 1554 676 1602; x_wconf 88' lang='lat' dir='ltr'><strong>rum,</strong></span> <span class='ocrx_word' id='word_1_102' title='bbox 711 1541 805 1595; x_wconf 91' lang='lat' dir='ltr'><strong>sed</strong></span> <span class='ocrx_word' id='word_1_103' title='bbox 837 1541 926 1610; x_wconf 93' lang='lat' dir='ltr'><strong>qui</strong></span> <span class='ocrx_word' id='word_1_104' title='bbox 969 1540 1098 1595; x_wconf 82' lang='lat' dir='ltr'><strong>facit</strong></span> <span class='ocrx_word' id='word_1_105' title='bbox 1126 1542 1456 1596; x_wconf 79' lang='lat' dir='ltr'><strong>voluntatem</strong></span> <span class='ocrx_word' id='word_1_106' title='bbox 1490 1539 1668 1596; x_wconf 87' lang='lat' dir='ltr'><strong>Patris</strong></span> <span class='ocrx_word' id='word_1_107' title='bbox 1699 1541 1802 1594; x_wconf 92' lang='lat' dir='ltr'><strong>mei</strong></span> <span class='ocrx_word' id='word_1_108' title='bbox 1835 1552 1882 1596; x_wconf 75' lang='grc' dir='ltr'>α.</span> <span class='ocrx_word' id='word_1_109' title='bbox 1925 1559 1944 1593; x_wconf 73' lang='grc' dir='ltr'><strong>ι</strong></span> <span class='ocrx_word' id='word_1_110' title='bbox 1983 1539 2082 1595; x_wconf 87' lang='lat' dir='ltr'><strong>Et:</strong></span> 
     </span>
    </p>
   </div>
   <div class='ocr_carea' id='block_1_17' title="bbox 539 1629 2086 1697">
    <p class='ocr_par' dir='ltr' id='par_1_17' title="bbox 539 1629 2086 1697">
     <span class='ocr_line' id='line_1_17' title="bbox 539 1629 2086 1697; baseline 0.005 -16"><span class='ocrx_word' id='word_1_111' title='bbox 539 1648 558 1681; x_wconf 73' lang='grc' dir='ltr'><strong>ι</strong></span> <span class='ocrx_word' id='word_1_112' title='bbox 598 1629 736 1696; x_wconf 88' lang='lat' dir='ltr'><strong>Quid</strong></span> <span class='ocrx_word' id='word_1_113' title='bbox 759 1647 843 1685; x_wconf 88' lang='lat' dir='ltr'><strong>me</strong></span> <span class='ocrx_word' id='word_1_114' title='bbox 865 1631 1070 1697; x_wconf 88' lang='lat' dir='ltr'><strong>dicitis,</strong></span> <span class='ocrx_word' id='word_1_115' title='bbox 1103 1631 1348 1696; x_wconf 90' lang='lat' dir='ltr'><strong>Domine,</strong></span> <span class='ocrx_word' id='word_1_116' title='bbox 1383 1631 1630 1694; x_wconf 86' lang='lat' dir='ltr'><strong>Domine,</strong></span> <span class='ocrx_word' id='word_1_117' title='bbox 1672 1640 1725 1686; x_wconf 90' lang='lat' dir='ltr'><strong>et</strong></span> <span class='ocrx_word' id='word_1_118' title='bbox 1764 1648 1871 1686; x_wconf 91' lang='lat' dir='ltr'><strong>non</strong></span> <span class='ocrx_word' id='word_1_119' title='bbox 1907 1631 2086 1688; x_wconf 91' lang='lat' dir='ltr'><strong>facitis</strong></span> 
     </span>
    </p>
   </div>
   <div class='ocr_carea' id='block_1_18' title="bbox 531 1720 2084 1793">
    <p class='ocr_par' dir='ltr' id='par_1_18' title="bbox 531 1720 2084 1793">
     <span class='ocr_line' id='line_1_18' title="bbox 531 1720 2084 1793; baseline 0.003 -19"><span class='ocrx_word' id='word_1_120' title='bbox 531 1736 652 1790; x_wconf 80' lang='lat' dir='ltr'><strong>quae</strong></span> <span class='ocrx_word' id='word_1_121' title='bbox 665 1721 786 1776; x_wconf 92' lang='lat' dir='ltr'><strong>dico</strong></span> <span class='ocrx_word' id='word_1_122' title='bbox 807 1720 873 1775; x_wconf 76' lang='lat' dir='ltr'><strong>b?</strong></span> <span class='ocrx_word' id='word_1_123' title='bbox 904 1742 923 1775; x_wconf 80' lang='grc' dir='ltr'><strong>ιι</strong></span> <span class='ocrx_word' id='word_1_124' title='bbox 955 1722 1052 1777; x_wconf 85' lang='grc' dir='ltr'><strong>Ει;</strong></span> <span class='ocrx_word' id='word_1_125' title='bbox 1093 1742 1110 1774; x_wconf 74' lang='grc' dir='ltr'><strong>ι</strong></span> <span class='ocrx_word' id='word_1_126' title='bbox 1150 1723 1260 1779; x_wconf 84' lang='lat' dir='ltr'><strong>Vos</strong></span> <span class='ocrx_word' id='word_1_127' title='bbox 1287 1723 1428 1779; x_wconf 90' lang='lat' dir='ltr'><strong>beati</strong></span> <span class='ocrx_word' id='word_1_128' title='bbox 1456 1723 1546 1793; x_wconf 92' lang='lat' dir='ltr'><strong>qui</strong></span> <span class='ocrx_word' id='word_1_129' title='bbox 1576 1723 1770 1778; x_wconf 83' lang='lat' dir='ltr'><strong>videtis</strong></span> <span class='ocrx_word' id='word_1_130' title='bbox 1791 1732 1844 1779; x_wconf 92' lang='lat' dir='ltr'><strong>et</strong></span> <span class='ocrx_word' id='word_1_131' title='bbox 1864 1723 2084 1792; x_wconf 88' lang='lat' dir='ltr'><strong>auditis,</strong></span> 
     </span>
    </p>
   </div>
   <div class='ocr_carea' id='block_1_19' title="bbox 2199 532 3731 606">
    <p class='ocr_par' dir='ltr' id='par_1_19' title="bbox 2199 532 3731 606">
     <span class='ocr_line' id='line_1_19' title="bbox 2199 532 3731 606; baseline -0.001 -19"><span class='ocrx_word' id='word_1_132' title='bbox 2199 535 2294 597; x_wconf 78' lang='grc' dir='ltr'>τὰς</span> <span class='ocrx_word' id='word_1_133' title='bbox 2325 535 2664 606; x_wconf 74' lang='grc' dir='ltr'><strong>τετρωμένας</strong></span> <span class='ocrx_word' id='word_1_134' title='bbox 2695 532 2889 604; x_wconf 68' lang='grc' dir='ltr'>ψυχάς,</span> <span class='ocrx_word' id='word_1_135' title='bbox 2914 535 2940 586; x_wconf 98' lang='lat'><strong>6</strong></span> <span class='ocrx_word' id='word_1_136' title='bbox 2965 533 3025 586; x_wconf 84' lang='grc' dir='ltr'><strong>τὸ</strong></span> <span class='ocrx_word' id='word_1_137' title='bbox 3063 534 3126 586; x_wconf 82' lang='grc' dir='ltr'><strong>ἐκ</strong></span> <span class='ocrx_word' id='word_1_138' title='bbox 3158 533 3477 603; x_wconf 74' lang='grc' dir='ltr'><strong>σπλάγχνων</strong></span> <span class='ocrx_word' id='word_1_139' title='bbox 3509 534 3731 604; x_wconf 68' lang='grc' dir='ltr'>Πνεύματ</span> 
     </span>
    </p>
   </div>
   <div class='ocr_carea' id='block_1_20' title="bbox 2197 624 3726 696">
    <p class='ocr_par' dir='ltr' id='par_1_20' title="bbox 2197 624 3726 696">
     <span class='ocr_line' id='line_1_20' title="bbox 2197 624 3726 696; baseline 0 -18"><span class='ocrx_word' id='word_1_140' title='bbox 2197 644 2285 690; x_wconf 89' lang='grc' dir='ltr'>τος</span> <span class='ocrx_word' id='word_1_141' title='bbox 2341 627 2512 678; x_wconf 76' lang='grc' dir='ltr'>ἔλαιον</span> <span class='ocrx_word' id='word_1_142' title='bbox 2578 624 2954 696; x_wconf 83' lang='grc' dir='ltr'>προσενεγκὼν</span> <span class='ocrx_word' id='word_1_143' title='bbox 2980 666 2994 688; x_wconf 93' lang='grc'><strong>,</strong></span> <span class='ocrx_word' id='word_1_144' title='bbox 3066 626 3158 678; x_wconf 63' lang='grc' dir='ltr'><strong>καλ⁸</strong></span> <span class='ocrx_word' id='word_1_145' title='bbox 3218 626 3726 696; x_wconf 47' lang='grc' dir='ltr'>ἐπιδαψικυόμενος·</span> 
     </span>
    </p>
   </div>
   <div class='ocr_carea' id='block_1_21' title="bbox 2196 712 3731 787">
    <p class='ocr_par' dir='ltr' id='par_1_21' title="bbox 2196 712 3731 787">
     <span class='ocr_line' id='line_1_21' title="bbox 2196 712 3731 787; baseline -0.001 -18"><span class='ocrx_word' id='word_1_146' title='bbox 2196 712 2347 780; x_wconf 73' lang='grc' dir='ltr'>οὗτος</span> <span class='ocrx_word' id='word_1_147' title='bbox 2377 719 2404 770; x_wconf 91' lang='lat'><strong>6</strong></span> <span class='ocrx_word' id='word_1_148' title='bbox 2435 718 2560 779; x_wconf 80' lang='grc' dir='ltr'>τοὺς</span> <span class='ocrx_word' id='word_1_149' title='bbox 2591 716 2690 786; x_wconf 83' lang='grc' dir='ltr'><strong>τῆς</strong></span> <span class='ocrx_word' id='word_1_150' title='bbox 2720 716 2904 783; x_wconf 81' lang='grc' dir='ltr'>ὐγείας</span> <span class='ocrx_word' id='word_1_151' title='bbox 2943 716 3033 768; x_wconf 69' lang='grc' dir='ltr'><strong>καὶ</strong></span> <span class='ocrx_word' id='word_1_152' title='bbox 3067 716 3332 787; x_wconf 81' lang='grc' dir='ltr'><strong>σωτηρίας</strong></span> <span class='ocrx_word' id='word_1_153' title='bbox 3365 717 3598 786; x_wconf 72' lang='grc' dir='ltr'>δεσμοὺς</span> <span class='ocrx_word' id='word_1_154' title='bbox 3627 717 3731 770; x_wconf 67' lang='grc' dir='ltr'>ἀλύ-</span> 
     </span>
    </p>
   </div>
   <div class='ocr_carea' id='block_1_22' title="bbox 2196 805 3736 878">
    <p class='ocr_par' dir='ltr' id='par_1_22' title="bbox 2196 805 3736 878">
     <span class='ocr_line' id='line_1_22' title="bbox 2196 805 3736 878; baseline 0.003 -20"><span class='ocrx_word' id='word_1_155' title='bbox 2196 823 2319 868; x_wconf 84' lang='grc' dir='ltr'>τους</span> <span class='ocrx_word' id='word_1_156' title='bbox 2344 805 2636 870; x_wconf 82' lang='grc' dir='ltr'>ἐπιδείξας,</span> <span class='ocrx_word' id='word_1_157' title='bbox 2665 807 2905 878; x_wconf 81' lang='grc' dir='ltr'><strong>ἀγάπην,</strong></span> <span class='ocrx_word' id='word_1_158' title='bbox 2944 807 3146 871; x_wconf 87' lang='grc' dir='ltr'>πίστιν,</span> <span class='ocrx_word' id='word_1_159' title='bbox 3178 808 3382 860; x_wconf 86' lang='grc' dir='ltr'>ἐλπίδα·</span> <span class='ocrx_word' id='word_1_160' title='bbox 3423 805 3576 871; x_wconf 71' lang='grc' dir='ltr'>οὗτος</span> <span class='ocrx_word' id='word_1_161' title='bbox 3598 811 3624 861; x_wconf 90' lang='lat'><strong>6</strong></span> <span class='ocrx_word' id='word_1_162' title='bbox 3650 810 3736 862; x_wconf 81' lang='grc' dir='ltr'>δια-</span> 
     </span>
    </p>
   </div>
   <div class='ocr_carea' id='block_1_23' title="bbox 2197 897 3737 970">
    <p class='ocr_par' dir='ltr' id='par_1_23' title="bbox 2197 897 3737 970">
     <span class='ocr_line' id='line_1_23' title="bbox 2197 897 3737 970; baseline 0.003 -20"><span class='ocrx_word' id='word_1_163' title='bbox 2197 900 2367 950; x_wconf 87' lang='grc' dir='ltr'>κονεῖν</span> <span class='ocrx_word' id='word_1_164' title='bbox 2395 897 2653 966; x_wconf 78' lang='grc' dir='ltr'><strong>ἀγγέλους</strong></span> <span class='ocrx_word' id='word_1_165' title='bbox 2686 899 2778 950; x_wconf 72' lang='grc' dir='ltr'>καὶ</span> <span class='ocrx_word' id='word_1_166' title='bbox 2798 897 2971 969; x_wconf 79' lang='grc' dir='ltr'>ἀρχάς</span> <span class='ocrx_word' id='word_1_167' title='bbox 3003 899 3094 952; x_wconf 71' lang='grc' dir='ltr'><strong>καὶ</strong></span> <span class='ocrx_word' id='word_1_168' title='bbox 3128 899 3368 964; x_wconf 79' lang='grc' dir='ltr'>ἐξουσίας</span> <span class='ocrx_word' id='word_1_169' title='bbox 3398 902 3531 970; x_wconf 82' lang='grc' dir='ltr'>ἡμῖν</span> <span class='ocrx_word' id='word_1_170' title='bbox 3563 902 3737 956; x_wconf 82' lang='grc' dir='ltr'>ὐποτά-</span> 
     </span>
    </p>
   </div>
   <div class='ocr_carea' id='block_1_24' title="bbox 2195 988 3737 1066">
    <p class='ocr_par' dir='ltr' id='par_1_24' title="bbox 2195 988 3737 1066">
     <span class='ocr_line' id='line_1_24' title="bbox 2195 988 3737 1066; baseline 0.002 -24"><span class='ocrx_word' id='word_1_171' title='bbox 2195 988 2290 1054; x_wconf 82' lang='grc' dir='ltr'><strong>ξας</strong></span> <span class='ocrx_word' id='word_1_172' title='bbox 2311 989 2400 1041; x_wconf 73' lang='grc' dir='ltr'><strong>ἐπὶ</strong></span> <span class='ocrx_word' id='word_1_173' title='bbox 2435 989 2649 1060; x_wconf 83' lang='grc' dir='ltr'>μεγάλῳ</span> <span class='ocrx_word' id='word_1_174' title='bbox 2677 988 2866 1060; x_wconf 83' lang='grc' dir='ltr'>μισθῷ·</span> <span class='ocrx_word' id='word_1_175' title='bbox 2902 990 3035 1043; x_wconf 86' lang='grc' dir='ltr'>διότι</span> <span class='ocrx_word' id='word_1_176' title='bbox 3068 991 3160 1043; x_wconf 73' lang='grc' dir='ltr'><strong>καὶ</strong></span> <span class='ocrx_word' id='word_1_177' title='bbox 3191 992 3343 1045; x_wconf 74' lang='grc' dir='ltr'>αὐτοὶ</span> <span class='ocrx_word' id='word_1_178' title='bbox 3380 992 3737 1066; x_wconf 78' lang='grc' dir='ltr'>ἐλευθερωθή-</span> 
     </span>
    </p>
   </div>
   <div class='ocr_carea' id='block_1_25' title="bbox 2196 1081 3738 1158">
    <p class='ocr_par' dir='ltr' id='par_1_25' title="bbox 2196 1081 3738 1158">
     <span class='ocr_line' id='line_1_25' title="bbox 2196 1081 3738 1158; baseline 0.003 -23"><span class='ocrx_word' id='word_1_179' title='bbox 2196 1099 2374 1136; x_wconf 88' lang='grc' dir='ltr'>σονται</span> <span class='ocrx_word' id='word_1_180' title='bbox 2406 1081 2512 1135; x_wconf 88' lang='grc' dir='ltr'><strong>ἀπὸ</strong></span> <span class='ocrx_word' id='word_1_181' title='bbox 2553 1083 2649 1154; x_wconf 81' lang='grc' dir='ltr'><strong>τῆς</strong></span> <span class='ocrx_word' id='word_1_182' title='bbox 2685 1084 3039 1154; x_wconf 80' lang='grc' dir='ltr'><strong>ματαιότητος</strong></span> <span class='ocrx_word' id='word_1_183' title='bbox 3086 1083 3177 1138; x_wconf 77' lang='grc' dir='ltr'>τοῦ</span> <span class='ocrx_word' id='word_1_184' title='bbox 3222 1085 3426 1155; x_wconf 77' lang='grc' dir='ltr'>κόσμου</span> <span class='ocrx_word' id='word_1_185' title='bbox 3473 1087 3624 1156; x_wconf 80' lang='grc' dir='ltr'>παρᾶ</span> 
     </span>
    </p>
   </div>
   <div class='ocr_carea' id='block_1_26' title="bbox 2193 1171 3738 1244">
    <p class='ocr_par' dir='ltr' id='par_1_26' title="bbox 2193 1171 3738 1244">
     <span class='ocr_line' id='line_1_26' title="bbox 2193 1171 3738 1244; baseline 0.001 -18"><span class='ocrx_word' id='word_1_186' title='bbox 2193 1171 2527 1242; x_wconf 72' lang='grc' dir='ltr'>ἀποκάλυψιν</span> <span class='ocrx_word' id='word_1_187' title='bbox 2576 1175 2674 1244; x_wconf 82' lang='grc' dir='ltr'><strong>τῆς</strong></span> <span class='ocrx_word' id='word_1_188' title='bbox 2705 1174 2861 1244; x_wconf 77' lang='grc' dir='ltr'>δόξης</span> <span class='ocrx_word' id='word_1_189' title='bbox 2906 1173 3013 1227; x_wconf 93' lang='grc' dir='ltr'><strong>τῶν</strong></span> <span class='ocrx_word' id='word_1_190' title='bbox 3062 1173 3190 1227; x_wconf 77' lang='grc' dir='ltr'>υἱῶν</span> <span class='ocrx_word' id='word_1_191' title='bbox 3232 1174 3324 1228; x_wconf 78' lang='grc' dir='ltr'>τοῦ</span> <span class='ocrx_word' id='word_1_192' title='bbox 3367 1175 3528 1228; x_wconf 78' lang='grc' dir='ltr'>Θεοῦ.</span> <span class='ocrx_word' id='word_1_193' title='bbox 3559 1175 3738 1230; x_wconf 73' lang='grc' dir='ltr'>Τοῦτον</span> 
     </span>
    </p>
   </div>
   <div class='ocr_carea' id='block_1_27' title="bbox 2192 1259 3740 1339">
    <p class='ocr_par' dir='ltr' id='par_1_27' title="bbox 2192 1259 3740 1339">
     <span class='ocr_line' id='line_1_27' title="bbox 2192 1259 3740 1339; baseline 0.003 -22"><span class='ocrx_word' id='word_1_194' title='bbox 2192 1259 2284 1317; x_wconf 79' lang='grc' dir='ltr'><strong>οὖν</strong></span> <span class='ocrx_word' id='word_1_195' title='bbox 2316 1265 2531 1335; x_wconf 81' lang='grc' dir='ltr'><strong>ἀγαπᾷν</strong></span> <span class='ocrx_word' id='word_1_196' title='bbox 2562 1265 2649 1318; x_wconf 77' lang='grc' dir='ltr'>ἴσα</span> <span class='ocrx_word' id='word_1_197' title='bbox 2671 1264 2774 1336; x_wconf 82' lang='grc' dir='ltr'>χρὴ</span> <span class='ocrx_word' id='word_1_198' title='bbox 2807 1264 2882 1335; x_wconf 80' lang='grc' dir='ltr'>τῷ</span> <span class='ocrx_word' id='word_1_199' title='bbox 2913 1264 3048 1336; x_wconf 82' lang='grc' dir='ltr'>Θεῷ·</span> <span class='ocrx_word' id='word_1_200' title='bbox 3081 1267 3268 1336; x_wconf 78' lang='grc' dir='ltr'>ἀγαπᾷ</span> <span class='ocrx_word' id='word_1_201' title='bbox 3293 1267 3348 1319; x_wconf 81' lang='grc' dir='ltr'>δὲ</span> <span class='ocrx_word' id='word_1_202' title='bbox 3377 1267 3613 1336; x_wconf 81' lang='grc' dir='ltr'>Χριστὸν</span> <span class='ocrx_word' id='word_1_203' title='bbox 3654 1270 3740 1339; x_wconf 65' lang='grc' dir='ltr'><strong>Ίῃο</strong></span> 
     </span>
    </p>
   </div>
   <div class='ocr_carea' id='block_1_28' title="bbox 2193 1353 3738 1428">
    <p class='ocr_par' dir='ltr' id='par_1_28' title="bbox 2193 1353 3738 1428">
     <span class='ocr_line' id='line_1_28' title="bbox 2193 1353 3738 1428; baseline 0.004 -22"><span class='ocrx_word' id='word_1_204' title='bbox 2193 1353 2319 1408; x_wconf 78' lang='grc' dir='ltr'><strong>σοῦν</strong></span> <span class='ocrx_word' id='word_1_205' title='bbox 2351 1357 2378 1408; x_wconf 91' lang='lat'><strong>6</strong></span> <span class='ocrx_word' id='word_1_206' title='bbox 2403 1355 2463 1409; x_wconf 82' lang='grc' dir='ltr'><strong>τὸ</strong></span> <span class='ocrx_word' id='word_1_207' title='bbox 2488 1356 2696 1427; x_wconf 87' lang='grc' dir='ltr'>θέλημα</span> <span class='ocrx_word' id='word_1_208' title='bbox 2732 1356 2893 1409; x_wconf 76' lang='grc' dir='ltr'>αὐτοῦ</span> <span class='ocrx_word' id='word_1_209' title='bbox 2929 1357 3095 1410; x_wconf 87' lang='grc' dir='ltr'>ποιῶν</span> <span class='ocrx_word' id='word_1_210' title='bbox 3128 1359 3221 1412; x_wconf 72' lang='grc' dir='ltr'><strong>καὶ</strong></span> <span class='ocrx_word' id='word_1_211' title='bbox 3266 1359 3560 1428; x_wconf 86' lang='grc' dir='ltr'>φυλάσσων</span> <span class='ocrx_word' id='word_1_212' title='bbox 3595 1359 3738 1412; x_wconf 69' lang='grc' dir='ltr'>αὐτοῦ</span> 
     </span>
    </p>
   </div>
   <div class='ocr_carea' id='block_1_29' title="bbox 2191 1447 3741 1520">
    <p class='ocr_par' dir='ltr' id='par_1_29' title="bbox 2191 1447 3741 1520">
     <span class='ocr_line' id='line_1_29' title="bbox 2191 1447 3741 1520; baseline -0.001 -19"><span class='ocrx_word' id='word_1_213' title='bbox 2191 1447 2287 1510; x_wconf 75' lang='grc' dir='ltr'><strong>τὰς</strong></span> <span class='ocrx_word' id='word_1_214' title='bbox 2319 1447 2554 1510; x_wconf 86' lang='grc' dir='ltr'>ἐντολάς.</span> <span class='ocrx_word' id='word_1_215' title='bbox 2593 1466 2610 1498; x_wconf 79' lang='grc' dir='ltr'><strong>ι</strong></span> <span class='ocrx_word' id='word_1_216' title='bbox 2640 1448 2712 1500; x_wconf 87' lang='grc' dir='ltr'><strong>Οὐ</strong></span> <span class='ocrx_word' id='word_1_217' title='bbox 2744 1448 2853 1518; x_wconf 81' lang='grc' dir='ltr'>γὰρ</span> <span class='ocrx_word' id='word_1_218' title='bbox 2875 1449 2981 1512; x_wconf 77' lang='grc' dir='ltr'><strong>πᾶς</strong></span> <span class='ocrx_word' id='word_1_219' title='bbox 3006 1451 3034 1502; x_wconf 97' lang='lat'><strong>6</strong></span> <span class='ocrx_word' id='word_1_220' title='bbox 3059 1448 3228 1517; x_wconf 90' lang='grc' dir='ltr'>λέγων</span> <span class='ocrx_word' id='word_1_221' title='bbox 3270 1467 3381 1520; x_wconf 89' lang='grc' dir='ltr'>μοι,</span> <span class='ocrx_word' id='word_1_222' title='bbox 3417 1450 3612 1520; x_wconf 79' lang='grc' dir='ltr'>Κύριε,</span> <span class='ocrx_word' id='word_1_223' title='bbox 3646 1450 3741 1503; x_wconf 65' lang='lat' dir='ltr'><strong>K6-</strong></span> 
     </span>
    </p>
   </div>
   <div class='ocr_carea' id='block_1_30' title="bbox 2193 1537 3740 1612">
    <p class='ocr_par' dir='ltr' id='par_1_30' title="bbox 2193 1537 3740 1612">
     <span class='ocr_line' id='line_1_30' title="bbox 2193 1537 3740 1612; baseline 0.001 -22"><span class='ocrx_word' id='word_1_224' title='bbox 2193 1555 2295 1608; x_wconf 90' lang='grc' dir='ltr'>ριε,</span> <span class='ocrx_word' id='word_1_225' title='bbox 2329 1537 2687 1592; x_wconf 81' lang='grc' dir='ltr'>εἰσελεύσεται</span> <span class='ocrx_word' id='word_1_226' title='bbox 2731 1541 2808 1602; x_wconf 82' lang='grc' dir='ltr'><strong>είς</strong></span> <span class='ocrx_word' id='word_1_227' title='bbox 2860 1540 2958 1612; x_wconf 84' lang='grc' dir='ltr'><strong>τὴν</strong></span> <span class='ocrx_word' id='word_1_228' title='bbox 3006 1539 3277 1610; x_wconf 84' lang='grc' dir='ltr'>βασιλείαν</span> <span class='ocrx_word' id='word_1_229' title='bbox 3329 1541 3440 1595; x_wconf 88' lang='grc' dir='ltr'><strong>τῶν</strong></span> <span class='ocrx_word' id='word_1_230' title='bbox 3489 1541 3740 1612; x_wconf 80' lang='grc' dir='ltr'>οὐρανῶν,</span> 
     </span>
    </p>
   </div>
   <div class='ocr_carea' id='block_1_31' title="bbox 2190 1629 3739 1704">
    <p class='ocr_par' dir='ltr' id='par_1_31' title="bbox 2190 1629 3739 1704">
     <span class='ocr_line' id='line_1_31' title="bbox 2190 1629 3739 1704; baseline 0.001 -21"><span class='ocrx_word' id='word_1_231' title='bbox 2190 1629 2301 1683; x_wconf 85' lang='grc' dir='ltr'>ἀλλ’</span> <span class='ocrx_word' id='word_1_232' title='bbox 2321 1632 2350 1684; x_wconf 87' lang='lat'><strong>6</strong></span> <span class='ocrx_word' id='word_1_233' title='bbox 2374 1630 2537 1684; x_wconf 89' lang='grc' dir='ltr'>ποιῶν</span> <span class='ocrx_word' id='word_1_234' title='bbox 2561 1631 2618 1684; x_wconf 87' lang='grc' dir='ltr'>τὸ</span> <span class='ocrx_word' id='word_1_235' title='bbox 2649 1631 2859 1702; x_wconf 83' lang='grc' dir='ltr'>θέλημα</span> <span class='ocrx_word' id='word_1_236' title='bbox 2885 1632 2978 1684; x_wconf 78' lang='grc' dir='ltr'>τοῦ</span> <span class='ocrx_word' id='word_1_237' title='bbox 3009 1633 3220 1703; x_wconf 76' lang='grc' dir='ltr'>Πατρός</span> <span class='ocrx_word' id='word_1_238' title='bbox 3253 1651 3373 1704; x_wconf 85' lang='grc' dir='ltr'>μου.</span> <span class='ocrx_word' id='word_1_239' title='bbox 3415 1653 3433 1685; x_wconf 78' lang='grc' dir='ltr'><strong>ι</strong></span> <span class='ocrx_word' id='word_1_240' title='bbox 3471 1635 3604 1687; x_wconf 77' lang='grc' dir='ltr'>Καί·</span> <span class='ocrx_word' id='word_1_241' title='bbox 3637 1653 3656 1685; x_wconf 85' lang='grc'><em>‹</em></span> <span class='ocrx_word' id='word_1_242' title='bbox 3684 1635 3739 1685; x_wconf 80' lang='grc' dir='ltr'>ΤΞ</span> 
     </span>
    </p>
   </div>
   <div class='ocr_carea' id='block_1_32' title="bbox 2193 1721 3732 1795">
    <p class='ocr_par' dir='ltr' id='par_1_32' title="bbox 2193 1721 3732 1795">
     <span class='ocr_line' id='line_1_32' title="bbox 2193 1721 3732 1795; baseline 0.001 -21"><span class='ocrx_word' id='word_1_243' title='bbox 2193 1738 2259 1792; x_wconf 89' lang='grc' dir='ltr'><strong>με</strong></span> <span class='ocrx_word' id='word_1_244' title='bbox 2279 1721 2483 1792; x_wconf 82' lang='grc' dir='ltr'>λέγετε,</span> <span class='ocrx_word' id='word_1_245' title='bbox 2519 1722 2710 1794; x_wconf 84' lang='grc' dir='ltr'>Κύριε,</span> <span class='ocrx_word' id='word_1_246' title='bbox 2744 1723 2935 1795; x_wconf 82' lang='grc' dir='ltr'>Κύριε,</span> <span class='ocrx_word' id='word_1_247' title='bbox 2980 1724 3071 1776; x_wconf 77' lang='grc' dir='ltr'><strong>καὶ</strong></span> <span class='ocrx_word' id='word_1_248' title='bbox 3103 1725 3162 1777; x_wconf 85' lang='grc' dir='ltr'><strong>οὐ</strong></span> <span class='ocrx_word' id='word_1_249' title='bbox 3197 1728 3396 1777; x_wconf 83' lang='grc' dir='ltr'>ποιεῖτε</span> <span class='ocrx_word' id='word_1_250' title='bbox 3431 1725 3466 1778; x_wconf 75' lang='grc' dir='ltr'>ἃ</span> <span class='ocrx_word' id='word_1_251' title='bbox 3500 1725 3672 1792; x_wconf 88' lang='grc' dir='ltr'>λέγω;</span> <span class='ocrx_word' id='word_1_252' title='bbox 3719 1747 3732 1775; x_wconf 80' lang='grc' dir='ltr'><strong>ι</strong></span> 
     </span>
    </p>
   </div>
   <div class='ocr_carea' id='block_1_33' title="bbox 532 1807 2082 1886">
    <p class='ocr_par' dir='ltr' id='par_1_33' title="bbox 532 1815 2082 1886">
     <span class='ocr_line' id='line_1_33' title="bbox 532 1815 2082 1886; baseline 0.005 -23"><span class='ocrx_word' id='word_1_253' title='bbox 532 1828 651 1882; x_wconf 73' lang='lat' dir='ltr'><strong>quae</strong></span> <span class='ocrx_word' id='word_1_254' title='bbox 679 1829 777 1868; x_wconf 91' lang='lat' dir='ltr'><strong>nec</strong></span> <span class='ocrx_word' id='word_1_255' title='bbox 798 1815 954 1884; x_wconf 87' lang='lat' dir='ltr'><strong>justi,</strong></span> <span class='ocrx_word' id='word_1_256' title='bbox 989 1832 1088 1871; x_wconf 89' lang='lat' dir='ltr'><strong>nec</strong></span> <span class='ocrx_word' id='word_1_257' title='bbox 1119 1817 1394 1886; x_wconf 72' lang='lat' dir='ltr'><strong>prophetae</strong></span> <span class='ocrx_word' id='word_1_258' title='bbox 1419 1817 1668 1872; x_wconf 91' lang='lat' dir='ltr'><strong>viderunt</strong></span> <span class='ocrx_word' id='word_1_259' title='bbox 1689 1826 1747 1884; x_wconf 92' lang='lat' dir='ltr'><strong>c;</strong></span> <span class='ocrx_word' id='word_1_260' title='bbox 1777 1835 1795 1868; x_wconf 74' lang='grc' dir='ltr'><strong>ι</strong></span> <span class='ocrx_word' id='word_1_261' title='bbox 1817 1816 1976 1873; x_wconf 92' lang='lat' dir='ltr'><strong>modo</strong></span> <span class='ocrx_word' id='word_1_262' title='bbox 2005 1825 2082 1871; x_wconf 90' lang='lat' dir='ltr'><strong>ta-</strong></span> 
     </span>
    </p>
   </div>
   <div class='ocr_carea' id='block_1_34' title="bbox 2188 1807 3737 1886">
    <p class='ocr_par' dir='ltr' id='par_1_34' title="bbox 2188 1813 3737 1886">
     <span class='ocr_line' id='line_1_34' title="bbox 2188 1813 3737 1886; baseline 0.001 -20"><span class='ocrx_word' id='word_1_263' title='bbox 2188 1813 2314 1866; x_wconf 85' lang='grc' dir='ltr'>Καί·</span> <span class='ocrx_word' id='word_1_264' title='bbox 2353 1832 2371 1866; x_wconf 81' lang='lat' dir='ltr'><strong>t</strong></span> <span class='ocrx_word' id='word_1_265' title='bbox 2419 1815 2606 1885; x_wconf 84' lang='grc' dir='ltr'><strong>Ὑμεῖς</strong></span> <span class='ocrx_word' id='word_1_266' title='bbox 2638 1815 2892 1886; x_wconf 80' lang='grc' dir='ltr'>μακάριοι</span> <span class='ocrx_word' id='word_1_267' title='bbox 2937 1815 2985 1868; x_wconf 80' lang='grc' dir='ltr'>οἱ</span> <span class='ocrx_word' id='word_1_268' title='bbox 3020 1815 3250 1886; x_wconf 84' lang='grc' dir='ltr'>ὁρῶντες</span> <span class='ocrx_word' id='word_1_269' title='bbox 3297 1817 3392 1869; x_wconf 74' lang='grc' dir='ltr'><strong>καὶ</strong></span> <span class='ocrx_word' id='word_1_270' title='bbox 3439 1817 3737 1878; x_wconf 73' lang='grc' dir='ltr'>ἀκούοντες,</span> 
     </span>
    </p>
   </div>
   <div class='ocr_carea' id='block_1_35' title="bbox 531 1905 1326 1979">
    <p class='ocr_par' dir='ltr' id='par_1_35' title="bbox 531 1905 1326 1979">
     <span class='ocr_line' id='line_1_35' title="bbox 531 1905 1326 1979; baseline 0.006 -21"><span class='ocrx_word' id='word_1_271' title='bbox 531 1919 656 1960; x_wconf 84' lang='lat' dir='ltr'><strong>men</strong></span> <span class='ocrx_word' id='word_1_272' title='bbox 691 1905 929 1964; x_wconf 79' lang='lat' dir='ltr'><strong>feceritis</strong></span> <span class='ocrx_word' id='word_1_273' title='bbox 952 1924 1013 1964; x_wconf 90' lang='lat' dir='ltr'><strong>ea</strong></span> <span class='ocrx_word' id='word_1_274' title='bbox 1037 1925 1157 1979; x_wconf 73' lang='lat' dir='ltr'><strong>qua:</strong></span> <span class='ocrx_word' id='word_1_275' title='bbox 1186 1910 1326 1965; x_wconf 87' lang='lat' dir='ltr'><strong>dico.</strong></span> 
     </span>
    </p>
   </div>
   <div class='ocr_carea' id='block_1_36' title="bbox 599 2123 2086 2208">
    <p class='ocr_par' dir='ltr' id='par_1_36' title="bbox 599 2123 2086 2208">
     <span class='ocr_line' id='line_1_36' title="bbox 599 2123 2086 2208; baseline 0.009 -31"><span class='ocrx_word' id='word_1_276' title='bbox 599 2123 766 2178; x_wconf 85' lang='lat' dir='ltr'><strong>XXX.</strong></span> <span class='ocrx_word' id='word_1_277' title='bbox 791 2124 1006 2182; x_wconf 91' lang='lat' dir='ltr'><strong>Primus</strong></span> <span class='ocrx_word' id='word_1_278' title='bbox 1029 2128 1192 2198; x_wconf 92' lang='lat' dir='ltr'><strong>igitur</strong></span> <span class='ocrx_word' id='word_1_279' title='bbox 1220 2130 1308 2186; x_wconf 92' lang='lat' dir='ltr'><strong>hic</strong></span> <span class='ocrx_word' id='word_1_280' title='bbox 1323 2138 1426 2197; x_wconf 91' lang='lat' dir='ltr'><strong>est,</strong></span> <span class='ocrx_word' id='word_1_281' title='bbox 1451 2133 1543 2203; x_wconf 93' lang='lat' dir='ltr'><strong>qui</strong></span> <span class='ocrx_word' id='word_1_282' title='bbox 1573 2133 1854 2190; x_wconf 88' lang='lat' dir='ltr'><strong>Christum</strong></span> <span class='ocrx_word' id='word_1_283' title='bbox 1875 2135 2086 2208; x_wconf 77' lang='lat' dir='ltr'><strong>diligit;</strong></span> 
     </span>
    </p>
   </div>
   <div class='ocr_carea' id='block_1_37' title="bbox 529 2217 2088 2291">
    <p class='ocr_par' dir='ltr' id='par_1_37' title="bbox 529 2217 2088 2291">
     <span class='ocr_line' id='line_1_37' title="bbox 529 2217 2088 2291; baseline 0.008 -22"><span class='ocrx_word' id='word_1_284' title='bbox 529 2217 801 2272; x_wconf 76' lang='lat' dir='ltr'><strong>secundus</strong></span> <span class='ocrx_word' id='word_1_285' title='bbox 848 2219 956 2284; x_wconf 87' lang='lat' dir='ltr'><strong>ille,</strong></span> <span class='ocrx_word' id='word_1_286' title='bbox 1008 2221 1101 2290; x_wconf 92' lang='lat' dir='ltr'><strong>qui</strong></span> <span class='ocrx_word' id='word_1_287' title='bbox 1145 2222 1264 2291; x_wconf 88' lang='lat' dir='ltr'><strong>ejus</strong></span> <span class='ocrx_word' id='word_1_288' title='bbox 1325 2223 1508 2279; x_wconf 89' lang='lat' dir='ltr'><strong>ﬁdeles</strong></span> <span class='ocrx_word' id='word_1_289' title='bbox 1572 2225 1764 2280; x_wconf 91' lang='lat' dir='ltr'><strong>honori</strong></span> <span class='ocrx_word' id='word_1_290' title='bbox 1812 2227 1974 2282; x_wconf 89' lang='lat' dir='ltr'><strong>habet</strong></span> <span class='ocrx_word' id='word_1_291' title='bbox 2023 2243 2088 2282; x_wconf 85' lang='lat' dir='ltr'><strong>ac</strong></span> 
     </span>
    </p>
   </div>
   <div class='ocr_carea' id='block_1_38' title="bbox 529 2305 2094 2388">
    <p class='ocr_par' dir='ltr' id='par_1_38' title="bbox 529 2305 2094 2388">
     <span class='ocr_line' id='line_1_38' title="bbox 529 2305 2094 2388; baseline 0.01 -28"><span class='ocrx_word' id='word_1_292' title='bbox 529 2307 681 2362; x_wconf 80' lang='lat' dir='ltr'><strong>colit.</strong></span> <span class='ocrx_word' id='word_1_293' title='bbox 714 2307 868 2374; x_wconf 88' lang='lat' dir='ltr'><strong>Quod</strong></span> <span class='ocrx_word' id='word_1_294' title='bbox 897 2311 1039 2366; x_wconf 87' lang='lat' dir='ltr'><strong>enim</strong></span> <span class='ocrx_word' id='word_1_295' title='bbox 1069 2313 1124 2366; x_wconf 94' lang='lat' dir='ltr'><strong>in</strong></span> <span class='ocrx_word' id='word_1_296' title='bbox 1153 2313 1479 2384; x_wconf 89' lang='lat' dir='ltr'><strong>discipulum</strong></span> <span class='ocrx_word' id='word_1_297' title='bbox 1511 2318 1634 2388; x_wconf 92' lang='lat' dir='ltr'><strong>quis</strong></span> <span class='ocrx_word' id='word_1_298' title='bbox 1661 2319 1850 2388; x_wconf 78' lang='lat' dir='ltr'><strong>egerit,</strong></span> <span class='ocrx_word' id='word_1_299' title='bbox 1883 2319 1986 2374; x_wconf 93' lang='lat' dir='ltr'><strong>hoc</strong></span> <span class='ocrx_word' id='word_1_300' title='bbox 2030 2305 2094 2374; x_wconf 15' lang='lat' dir='ltr'><strong>in,</strong></span> 
     </span>
    </p>
   </div>
   <div class='ocr_carea' id='block_1_39' title="bbox 530 2397 2088 2480">
    <p class='ocr_par' dir='ltr' id='par_1_39' title="bbox 530 2397 2088 2480">
     <span class='ocr_line' id='line_1_39' title="bbox 530 2397 2088 2480; baseline 0.008 -27"><span class='ocrx_word' id='word_1_301' title='bbox 530 2414 592 2454; x_wconf 89' lang='lat' dir='ltr'><strong>se</strong></span> <span class='ocrx_word' id='word_1_302' title='bbox 621 2397 878 2456; x_wconf 86' lang='lat' dir='ltr'><strong>Dominus</strong></span> <span class='ocrx_word' id='word_1_303' title='bbox 925 2403 1126 2458; x_wconf 88' lang='lat' dir='ltr'><strong>factum</strong></span> <span class='ocrx_word' id='word_1_304' title='bbox 1171 2407 1389 2477; x_wconf 91' lang='lat' dir='ltr'><strong>accipit,</strong></span> <span class='ocrx_word' id='word_1_305' title='bbox 1433 2421 1497 2460; x_wconf 89' lang='lat' dir='ltr'><strong>ac</strong></span> <span class='ocrx_word' id='word_1_306' title='bbox 1538 2409 1796 2480; x_wconf 83' lang='lat' dir='ltr'><strong>quidquid</strong></span> <span class='ocrx_word' id='word_1_307' title='bbox 1831 2409 1963 2464; x_wconf 92' lang='lat' dir='ltr'><strong>illud</strong></span> <span class='ocrx_word' id='word_1_308' title='bbox 2003 2419 2088 2468; x_wconf 90' lang='lat' dir='ltr'><strong>est</strong></span> 
     </span>
    </p>
   </div>
   <div class='ocr_carea' id='block_1_40' title="bbox 529 2491 2086 2574">
    <p class='ocr_par' dir='ltr' id='par_1_40' title="bbox 529 2491 2086 2574">
     <span class='ocr_line' id='line_1_40' title="bbox 529 2491 2086 2574; baseline 0.01 -30"><span class='ocrx_word' id='word_1_309' title='bbox 529 2491 633 2545; x_wconf 88' lang='lat' dir='ltr'><strong>sibi</strong></span> <span class='ocrx_word' id='word_1_310' title='bbox 657 2494 901 2549; x_wconf 88' lang='lat' dir='ltr'><strong>ascribit.</strong></span> <span class='ocrx_word' id='word_1_311' title='bbox 939 2513 957 2546; x_wconf 73' lang='grc' dir='ltr'><strong>ι</strong></span> <span class='ocrx_word' id='word_1_312' title='bbox 997 2495 1205 2562; x_wconf 84' lang='lat' dir='ltr'><strong>Venite,</strong></span> <span class='ocrx_word' id='word_1_313' title='bbox 1237 2499 1504 2555; x_wconf 89' lang='lat' dir='ltr'><strong>benedicti</strong></span> <span class='ocrx_word' id='word_1_314' title='bbox 1527 2501 1703 2557; x_wconf 85' lang='lat' dir='ltr'><strong>Patris</strong></span> <span class='ocrx_word' id='word_1_315' title='bbox 1737 2503 1864 2567; x_wconf 91' lang='lat' dir='ltr'><strong>mei,</strong></span> <span class='ocrx_word' id='word_1_316' title='bbox 1908 2505 2086 2574; x_wconf 91' lang='lat' dir='ltr'><strong>possi-</strong></span> 
     </span>
    </p>
   </div>
   <div class='ocr_carea' id='block_1_41' title="bbox 527 2584 2082 2662">
    <p class='ocr_par' dir='ltr' id='par_1_41' title="bbox 527 2584 2082 2662">
     <span class='ocr_line' id='line_1_41' title="bbox 527 2584 2082 2662; baseline 0.009 -24"><span class='ocrx_word' id='word_1_317' title='bbox 527 2584 650 2639; x_wconf 89' lang='lat' dir='ltr'><strong>dete</strong></span> <span class='ocrx_word' id='word_1_318' title='bbox 671 2594 919 2655; x_wconf 88' lang='lat' dir='ltr'><strong>paratum</strong></span> <span class='ocrx_word' id='word_1_319' title='bbox 950 2589 1104 2645; x_wconf 84' lang='lat' dir='ltr'><strong>vobis</strong></span> <span class='ocrx_word' id='word_1_320' title='bbox 1129 2606 1352 2662; x_wconf 87' lang='lat' dir='ltr'><strong>regnum</strong></span> <span class='ocrx_word' id='word_1_321' title='bbox 1386 2607 1415 2646; x_wconf 92' lang='lat' dir='ltr'><strong>a</strong></span> <span class='ocrx_word' id='word_1_322' title='bbox 1445 2595 1831 2651; x_wconf 88' lang='lat' dir='ltr'><strong>constitutione</strong></span> <span class='ocrx_word' id='word_1_323' title='bbox 1877 2597 2082 2652; x_wconf 92' lang='lat' dir='ltr'><strong>mundi.</strong></span> 
     </span>
    </p>
   </div>
   <div class='ocr_carea' id='block_1_42' title="bbox 526 2675 2085 2757">
    <p class='ocr_par' dir='ltr' id='par_1_42' title="bbox 526 2675 2085 2757">
     <span class='ocr_line' id='line_1_42' title="bbox 526 2675 2085 2757; baseline 0.009 -27"><span class='ocrx_word' id='word_1_324' title='bbox 526 2675 741 2734; x_wconf 78' lang='lat' dir='ltr'><strong>Esurivi</strong></span> <span class='ocrx_word' id='word_1_325' title='bbox 772 2681 937 2746; x_wconf 89' lang='lat' dir='ltr'><strong>enim,</strong></span> <span class='ocrx_word' id='word_1_326' title='bbox 969 2690 1022 2738; x_wconf 90' lang='lat' dir='ltr'><strong>et</strong></span> <span class='ocrx_word' id='word_1_327' title='bbox 1045 2683 1272 2741; x_wconf 92' lang='lat' dir='ltr'><strong>dedistis</strong></span> <span class='ocrx_word' id='word_1_328' title='bbox 1293 2685 1422 2740; x_wconf 88' lang='lat' dir='ltr'><strong>mihi</strong></span> <span class='ocrx_word' id='word_1_329' title='bbox 1453 2688 1815 2757; x_wconf 76' lang='lat' dir='ltr'><strong>manducare;</strong></span> <span class='ocrx_word' id='word_1_330' title='bbox 1838 2690 2004 2754; x_wconf 89' lang='lat' dir='ltr'><strong>sitivi,</strong></span> <span class='ocrx_word' id='word_1_331' title='bbox 2033 2698 2085 2745; x_wconf 90' lang='lat' dir='ltr'><strong>et</strong></span> 
     </span>
    </p>
   </div>
   <div class='ocr_carea' id='block_1_43' title="bbox 525 2767 2085 2853">
    <p class='ocr_par' dir='ltr' id='par_1_43' title="bbox 525 2767 2085 2853">
     <span class='ocr_line' id='line_1_43' title="bbox 525 2767 2085 2853; baseline 0.009 -31"><span class='ocrx_word' id='word_1_332' title='bbox 525 2767 757 2825; x_wconf 85' lang='lat' dir='ltr'><strong>dedistis</strong></span> <span class='ocrx_word' id='word_1_333' title='bbox 805 2771 939 2825; x_wconf 87' lang='lat' dir='ltr'><strong>mihi</strong></span> <span class='ocrx_word' id='word_1_334' title='bbox 981 2773 1198 2842; x_wconf 85' lang='lat' dir='ltr'><strong>bibere;</strong></span> <span class='ocrx_word' id='word_1_335' title='bbox 1242 2775 1440 2847; x_wconf 89' lang='lat' dir='ltr'><strong>hospes</strong></span> <span class='ocrx_word' id='word_1_336' title='bbox 1473 2792 1643 2844; x_wconf 88' lang='lat' dir='ltr'><strong>eram,</strong></span> <span class='ocrx_word' id='word_1_337' title='bbox 1686 2788 1740 2835; x_wconf 92' lang='lat' dir='ltr'><strong>et</strong></span> <span class='ocrx_word' id='word_1_338' title='bbox 1789 2781 2085 2853; x_wconf 78' lang='lat' dir='ltr'><strong>collegistis</strong></span> 
     </span>
    </p>
   </div>
   <div class='ocr_carea' id='block_1_44' title="bbox 524 2861 2084 2936">
    <p class='ocr_par' dir='ltr' id='par_1_44' title="bbox 524 2861 2084 2936">
     <span class='ocr_line' id='line_1_44' title="bbox 524 2861 2084 2936; baseline 0.009 -24"><span class='ocrx_word' id='word_1_339' title='bbox 524 2873 640 2927; x_wconf 89' lang='lat' dir='ltr'><strong>me;</strong></span> <span class='ocrx_word' id='word_1_340' title='bbox 676 2861 875 2928; x_wconf 89' lang='lat' dir='ltr'><strong>nudus,</strong></span> <span class='ocrx_word' id='word_1_341' title='bbox 909 2871 961 2919; x_wconf 93' lang='lat' dir='ltr'><strong>et</strong></span> <span class='ocrx_word' id='word_1_342' title='bbox 988 2868 1345 2936; x_wconf 91' lang='lat' dir='ltr'><strong>cooperuistis</strong></span> <span class='ocrx_word' id='word_1_343' title='bbox 1366 2884 1478 2935; x_wconf 91' lang='lat' dir='ltr'><strong>me;</strong></span> <span class='ocrx_word' id='word_1_344' title='bbox 1514 2870 1782 2935; x_wconf 89' lang='lat' dir='ltr'><strong>inﬁrmus,</strong></span> <span class='ocrx_word' id='word_1_345' title='bbox 1813 2881 1868 2928; x_wconf 92' lang='lat' dir='ltr'><strong>et</strong></span> <span class='ocrx_word' id='word_1_346' title='bbox 1894 2873 2084 2929; x_wconf 83' lang='lat' dir='ltr'><strong>visita-</strong></span> 
     </span>
    </p>
   </div>
   <div class='ocr_carea' id='block_1_45' title="bbox 525 2953 2084 3026">
    <p class='ocr_par' dir='ltr' id='par_1_45' title="bbox 525 2953 2084 3026">
     <span class='ocr_line' id='line_1_45' title="bbox 525 2953 2084 3026; baseline 0.009 -18"><span class='ocrx_word' id='word_1_347' title='bbox 525 2953 777 3026; x_wconf 34' lang='lat' dir='ltr'><strong>stis.me;</strong></span> <span class='ocrx_word' id='word_1_348' title='bbox 821 2954 874 3010; x_wconf 91' lang='lat' dir='ltr'><strong>in</strong></span> <span class='ocrx_word' id='word_1_349' title='bbox 905 2971 1124 3013; x_wconf 86' lang='lat' dir='ltr'><strong>carcere</strong></span> <span class='ocrx_word' id='word_1_350' title='bbox 1157 2974 1328 3024; x_wconf 89' lang='lat' dir='ltr'><strong>eram,</strong></span> <span class='ocrx_word' id='word_1_351' title='bbox 1363 2969 1416 3015; x_wconf 91' lang='lat' dir='ltr'><strong>et</strong></span> <span class='ocrx_word' id='word_1_352' title='bbox 1445 2962 1670 3017; x_wconf 80' lang='lat' dir='ltr'><strong>venistis</strong></span> <span class='ocrx_word' id='word_1_353' title='bbox 1693 2965 1760 3018; x_wconf 90' lang='lat' dir='ltr'><strong>ad</strong></span> <span class='ocrx_word' id='word_1_354' title='bbox 1791 2967 1894 3020; x_wconf 77' lang='lat' dir='ltr'><strong>me.</strong></span> <span class='ocrx_word' id='word_1_355' title='bbox 1929 2965 2084 3022; x_wconf 90' lang='lat' dir='ltr'><strong>Tunc</strong></span> 
     </span>
    </p>
   </div>
   <div class='ocr_carea' id='block_1_46' title="bbox 524 3045 2082 3126">
    <p class='ocr_par' dir='ltr' id='par_1_46' title="bbox 524 3045 2082 3126">
     <span class='ocr_line' id='line_1_46' title="bbox 524 3045 2082 3126; baseline 0.01 -29"><span class='ocrx_word' id='word_1_356' title='bbox 524 3045 928 3114; x_wconf 89' lang='lat' dir='ltr'><strong>respondebunt</strong></span> <span class='ocrx_word' id='word_1_357' title='bbox 967 3048 1016 3102; x_wconf 90' lang='lat' dir='ltr'><strong>ei</strong></span> <span class='ocrx_word' id='word_1_358' title='bbox 1050 3049 1202 3118; x_wconf 86' lang='lat' dir='ltr'><strong>justi,</strong></span> <span class='ocrx_word' id='word_1_359' title='bbox 1246 3050 1528 3109; x_wconf 89' lang='lat' dir='ltr'><strong>dicentes:</strong></span> <span class='ocrx_word' id='word_1_360' title='bbox 1563 3053 1808 3123; x_wconf 90' lang='lat' dir='ltr'><strong>Domine,</strong></span> <span class='ocrx_word' id='word_1_361' title='bbox 1863 3057 2082 3126; x_wconf 89' lang='lat' dir='ltr'><strong>quando</strong></span> 
     </span>
    </p>
   </div>
   <div class='ocr_carea' id='block_1_47' title="bbox 2187 1902 3740 1979">
    <p class='ocr_par' dir='ltr' id='par_1_47' title="bbox 2187 1902 3740 1979">
     <span class='ocr_line' id='line_1_47' title="bbox 2187 1902 3740 1979; baseline 0.003 -23"><span class='ocrx_word' id='word_1_362' title='bbox 2187 1902 2224 1956; x_wconf 81' lang='grc' dir='ltr'>ἃ</span> <span class='ocrx_word' id='word_1_363' title='bbox 2279 1905 2413 1976; x_wconf 84' lang='grc' dir='ltr'>μήτε</span> <span class='ocrx_word' id='word_1_364' title='bbox 2463 1905 2678 1972; x_wconf 89' lang='grc' dir='ltr'>δίκαιοι,</span> <span class='ocrx_word' id='word_1_365' title='bbox 2737 1908 2871 1979; x_wconf 79' lang='grc' dir='ltr'>μήτε</span> <span class='ocrx_word' id='word_1_366' title='bbox 2917 1905 3212 1978; x_wconf 79' lang='grc' dir='ltr'>προφῆται,</span> <span class='ocrx_word' id='word_1_367' title='bbox 3267 1927 3290 1960; x_wconf 85' lang='grc'><strong><em>›</em></strong></span> <span class='ocrx_word' id='word_1_368' title='bbox 3344 1907 3439 1960; x_wconf 73' lang='grc' dir='ltr'>ἐὰν</span> <span class='ocrx_word' id='word_1_369' title='bbox 3499 1909 3682 1978; x_wconf 78' lang='grc' dir='ltr'>ποιῆτε</span> <span class='ocrx_word' id='word_1_370' title='bbox 3712 1909 3740 1962; x_wconf 67' lang='grc' dir='ltr'><em>ἃ</em></span> 
     </span>
    </p>
   </div>
   <div class='ocr_carea' id='block_1_48' title="bbox 2186 1995 2346 2066">
    <p class='ocr_par' dir='ltr' id='par_1_48' title="bbox 2186 1995 2346 2066">
     <span class='ocr_line' id='line_1_48' title="bbox 2186 1995 2346 2066; baseline 0.013 -18"><span class='ocrx_word' id='word_1_371' title='bbox 2186 1995 2346 2066; x_wconf 82' lang='grc' dir='ltr'>λέγω.</span> 
     </span>
    </p>
   </div>
   <div class='ocr_carea' id='block_1_49' title="bbox 2254 2130 3742 2207">
    <p class='ocr_par' dir='ltr' id='par_1_49' title="bbox 2254 2130 3742 2207">
     <span class='ocr_line' id='line_1_49' title="bbox 2254 2130 3742 2207; baseline 0.001 -21"><span class='ocrx_word' id='word_1_372' title='bbox 2254 2134 2334 2187; x_wconf 68' lang='grc' dir='ltr'><strong>Λν.</strong></span> <span class='ocrx_word' id='word_1_373' title='bbox 2369 2133 2589 2206; x_wconf 91' lang='grc' dir='ltr'>Πρῶτος</span> <span class='ocrx_word' id='word_1_374' title='bbox 2609 2136 2706 2206; x_wconf 88' lang='grc' dir='ltr'><strong>μὲν</strong></span> <span class='ocrx_word' id='word_1_375' title='bbox 2725 2132 2817 2189; x_wconf 78' lang='grc' dir='ltr'><strong>οὖν</strong></span> <span class='ocrx_word' id='word_1_376' title='bbox 2842 2130 2992 2199; x_wconf 79' lang='grc' dir='ltr'>οὗτός</span> <span class='ocrx_word' id='word_1_377' title='bbox 3012 2135 3157 2190; x_wconf 83' lang='grc' dir='ltr'>ἐστιν</span> <span class='ocrx_word' id='word_1_378' title='bbox 3188 2137 3217 2188; x_wconf 91' lang='lat'><strong>6</strong></span> <span class='ocrx_word' id='word_1_379' title='bbox 3243 2135 3476 2207; x_wconf 80' lang='grc' dir='ltr'>Χριστὸν</span> <span class='ocrx_word' id='word_1_380' title='bbox 3501 2135 3742 2204; x_wconf 69' lang='grc' dir='ltr'>ἀγαπῶν,</span> 
     </span>
    </p>
   </div>
   <div class='ocr_carea' id='block_1_50' title="bbox 2184 2225 3742 2298">
    <p class='ocr_par' dir='ltr' id='par_1_50' title="bbox 2184 2225 3742 2298">
     <span class='ocr_line' id='line_1_50' title="bbox 2184 2225 3742 2298; baseline -0.001 -19"><span class='ocrx_word' id='word_1_381' title='bbox 2184 2225 2431 2298; x_wconf 85' lang='grc' dir='ltr'>δεύτερος</span> <span class='ocrx_word' id='word_1_382' title='bbox 2459 2227 2515 2280; x_wconf 84' lang='grc' dir='ltr'>δὲ</span> <span class='ocrx_word' id='word_1_383' title='bbox 2545 2229 2574 2281; x_wconf 89' lang='lat'><strong>6</strong></span> <span class='ocrx_word' id='word_1_384' title='bbox 2615 2229 2738 2292; x_wconf 78' lang='grc' dir='ltr'>τοὺς</span> <span class='ocrx_word' id='word_1_385' title='bbox 2765 2230 2844 2293; x_wconf 83' lang='grc' dir='ltr'><strong>είς</strong></span> <span class='ocrx_word' id='word_1_386' title='bbox 2876 2230 3077 2282; x_wconf 88' lang='grc' dir='ltr'>ἐκεῖνον</span> <span class='ocrx_word' id='word_1_387' title='bbox 3110 2229 3542 2292; x_wconf 69' lang='grc' dir='ltr'>πεπιστευκότας</span> <span class='ocrx_word' id='word_1_388' title='bbox 3579 2228 3742 2297; x_wconf 77' lang='grc' dir='ltr'>τιμῶν</span> 
     </span>
    </p>
   </div>
   <div class='ocr_carea' id='block_1_51' title="bbox 2187 2319 3739 2392">
    <p class='ocr_par' dir='ltr' id='par_1_51' title="bbox 2187 2319 3739 2392">
     <span class='ocr_line' id='line_1_51' title="bbox 2187 2319 3739 2392; baseline 0.001 -21"><span class='ocrx_word' id='word_1_389' title='bbox 2187 2319 2277 2372; x_wconf 77' lang='grc' dir='ltr'><strong>καὶ</strong></span> <span class='ocrx_word' id='word_1_390' title='bbox 2305 2319 2598 2390; x_wconf 80' lang='grc' dir='ltr'>περιέπων.</span> <span class='ocrx_word' id='word_1_391' title='bbox 2635 2321 2700 2372; x_wconf 90' lang='grc' dir='ltr'><strong>Ὃ</strong></span> <span class='ocrx_word' id='word_1_392' title='bbox 2729 2321 2835 2391; x_wconf 82' lang='grc' dir='ltr'><strong>γὰρ</strong></span> <span class='ocrx_word' id='word_1_393' title='bbox 2855 2320 2918 2375; x_wconf 81' lang='grc' dir='ltr'>ἄν</span> <span class='ocrx_word' id='word_1_394' title='bbox 2950 2338 3032 2384; x_wconf 87' lang='grc' dir='ltr'><strong>τις</strong></span> <span class='ocrx_word' id='word_1_395' title='bbox 3050 2322 3127 2385; x_wconf 78' lang='grc' dir='ltr'>εἰς</span> <span class='ocrx_word' id='word_1_396' title='bbox 3163 2320 3406 2392; x_wconf 79' lang='grc' dir='ltr'>μαθητὴν</span> <span class='ocrx_word' id='word_1_397' title='bbox 3426 2321 3739 2391; x_wconf 78' lang='grc' dir='ltr'>ἐργάσηται,</span> 
     </span>
    </p>
   </div>
   <div class='ocr_carea' id='block_1_52' title="bbox 2185 2409 3740 2482">
    <p class='ocr_par' dir='ltr' id='par_1_52' title="bbox 2185 2409 3740 2482">
     <span class='ocr_line' id='line_1_52' title="bbox 2185 2409 3740 2482; baseline 0 -19"><span class='ocrx_word' id='word_1_398' title='bbox 2185 2409 2341 2463; x_wconf 82' lang='grc' dir='ltr'>τοῦτο</span> <span class='ocrx_word' id='word_1_399' title='bbox 2367 2411 2447 2473; x_wconf 78' lang='grc' dir='ltr'><strong>είς</strong></span> <span class='ocrx_word' id='word_1_400' title='bbox 2477 2409 2665 2462; x_wconf 81' lang='grc' dir='ltr'>ἑαυτὸν</span> <span class='ocrx_word' id='word_1_401' title='bbox 2688 2412 2716 2464; x_wconf 90' lang='lat'><strong>6</strong></span> <span class='ocrx_word' id='word_1_402' title='bbox 2748 2410 2951 2482; x_wconf 83' lang='grc' dir='ltr'>Κύριος</span> <span class='ocrx_word' id='word_1_403' title='bbox 2983 2411 3275 2482; x_wconf 78' lang='grc' dir='ltr'>ἐκδέχεται,</span> <span class='ocrx_word' id='word_1_404' title='bbox 3303 2413 3398 2464; x_wconf 72' lang='grc' dir='ltr'><strong>καὶ</strong></span> <span class='ocrx_word' id='word_1_405' title='bbox 3422 2413 3533 2464; x_wconf 77' lang='grc' dir='ltr'>πᾶν</span> <span class='ocrx_word' id='word_1_406' title='bbox 3558 2410 3740 2465; x_wconf 78' lang='grc' dir='ltr'>ἐαυτοῦ</span> 
     </span>
    </p>
   </div>
   <div class='ocr_carea' id='block_1_53' title="bbox 2185 2502 3742 2575">
    <p class='ocr_par' dir='ltr' id='par_1_53' title="bbox 2185 2502 3742 2575">
     <span class='ocr_line' id='line_1_53' title="bbox 2185 2502 3742 2575; baseline 0.002 -22"><span class='ocrx_word' id='word_1_407' title='bbox 2185 2503 2431 2554; x_wconf 85' lang='grc' dir='ltr'>ποιεῖται.</span> <span class='ocrx_word' id='word_1_408' title='bbox 2467 2520 2486 2554; x_wconf 76' lang='lat' dir='ltr'><strong>t</strong></span> <span class='ocrx_word' id='word_1_409' title='bbox 2540 2502 2724 2570; x_wconf 83' lang='grc' dir='ltr'>Δεῦτε,</span> <span class='ocrx_word' id='word_1_410' title='bbox 2778 2506 2826 2556; x_wconf 76' lang='grc' dir='ltr'>οἱ</span> <span class='ocrx_word' id='word_1_411' title='bbox 2857 2503 3202 2574; x_wconf 82' lang='grc' dir='ltr'>εὐλογημένοι</span> <span class='ocrx_word' id='word_1_412' title='bbox 3234 2503 3325 2558; x_wconf 72' lang='grc' dir='ltr'>τοῦ</span> <span class='ocrx_word' id='word_1_413' title='bbox 3373 2505 3589 2575; x_wconf 78' lang='grc' dir='ltr'>Πατρός</span> <span class='ocrx_word' id='word_1_414' title='bbox 3629 2523 3742 2574; x_wconf 78' lang='grc' dir='ltr'>μου,</span> 
     </span>
    </p>
   </div>
   <div class='ocr_carea' id='block_1_54' title="bbox 2185 2591 3742 2667">
    <p class='ocr_par' dir='ltr' id='par_1_54' title="bbox 2185 2591 3742 2667">
     <span class='ocr_line' id='line_1_54' title="bbox 2185 2591 3742 2667; baseline 0.002 -23"><span class='ocrx_word' id='word_1_415' title='bbox 2185 2591 2621 2664; x_wconf 86' lang='grc' dir='ltr'>κληρονομήσατε</span> <span class='ocrx_word' id='word_1_416' title='bbox 2641 2593 2737 2665; x_wconf 79' lang='grc' dir='ltr'>τὴν</span> <span class='ocrx_word' id='word_1_417' title='bbox 2757 2595 3159 2667; x_wconf 81' lang='grc' dir='ltr'>ἡτοιμασμένην</span> <span class='ocrx_word' id='word_1_418' title='bbox 3193 2596 3320 2667; x_wconf 86' lang='grc' dir='ltr'>ὑμῖν</span> <span class='ocrx_word' id='word_1_419' title='bbox 3338 2595 3615 2666; x_wconf 87' lang='grc' dir='ltr'>βασιλείαν</span> <span class='ocrx_word' id='word_1_420' title='bbox 3647 2596 3742 2648; x_wconf 74' lang='grc' dir='ltr'><strong>ἀπὸ</strong></span> 
     </span>
    </p>
   </div>
   <div class='ocr_carea' id='block_1_55' title="bbox 2185 2683 3741 2758">
    <p class='ocr_par' dir='ltr' id='par_1_55' title="bbox 2185 2683 3741 2758">
     <span class='ocr_line' id='line_1_55' title="bbox 2185 2683 3741 2758; baseline 0.001 -22"><span class='ocrx_word' id='word_1_421' title='bbox 2185 2683 2482 2755; x_wconf 77' lang='grc' dir='ltr'>καταϐολῆς</span> <span class='ocrx_word' id='word_1_422' title='bbox 2515 2685 2608 2739; x_wconf 83' lang='grc' dir='ltr'>τοῦ</span> <span class='ocrx_word' id='word_1_423' title='bbox 2642 2687 2866 2758; x_wconf 86' lang='grc' dir='ltr'>κόσμου.</span> <span class='ocrx_word' id='word_1_424' title='bbox 2911 2687 3202 2742; x_wconf 89' lang='grc' dir='ltr'>Ἐπείνασα</span> <span class='ocrx_word' id='word_1_425' title='bbox 3223 2687 3350 2758; x_wconf 76' lang='grc' dir='ltr'>γὰρ,</span> <span class='ocrx_word' id='word_1_426' title='bbox 3385 2688 3480 2741; x_wconf 70' lang='grc' dir='ltr'><strong>καὶ</strong></span> <span class='ocrx_word' id='word_1_427' title='bbox 3515 2686 3741 2740; x_wconf 77' lang='grc' dir='ltr'>ἐδώκατέ</span> 
     </span>
    </p>
   </div>
   <div class='ocr_carea' id='block_1_56' title="bbox 2186 2775 3744 2850">
    <p class='ocr_par' dir='ltr' id='par_1_56' title="bbox 2186 2775 3744 2850">
     <span class='ocr_line' id='line_1_56' title="bbox 2186 2775 3744 2850; baseline -0.001 -19"><span class='ocrx_word' id='word_1_428' title='bbox 2186 2796 2275 2849; x_wconf 88' lang='grc' dir='ltr'><strong>μοι</strong></span> <span class='ocrx_word' id='word_1_429' title='bbox 2313 2781 2522 2848; x_wconf 85' lang='grc' dir='ltr'>φαγεῖν·</span> <span class='ocrx_word' id='word_1_430' title='bbox 2557 2778 2800 2850; x_wconf 83' lang='grc' dir='ltr'>ἐδίψησα,</span> <span class='ocrx_word' id='word_1_431' title='bbox 2835 2780 2928 2832; x_wconf 78' lang='grc' dir='ltr'><strong>καὶ</strong></span> <span class='ocrx_word' id='word_1_432' title='bbox 2959 2779 3193 2834; x_wconf 86' lang='grc' dir='ltr'>ἐδώκατέ</span> <span class='ocrx_word' id='word_1_433' title='bbox 3226 2797 3314 2850; x_wconf 87' lang='grc' dir='ltr'><strong>μοι</strong></span> <span class='ocrx_word' id='word_1_434' title='bbox 3338 2782 3510 2842; x_wconf 86' lang='grc' dir='ltr'>πιεῖν,</span> <span class='ocrx_word' id='word_1_435' title='bbox 3547 2780 3644 2831; x_wconf 84' lang='grc' dir='ltr'><strong>καί</strong></span> <span class='ocrx_word' id='word_1_436' title='bbox 3673 2775 3744 2840; x_wconf 77' lang='grc' dir='ltr'><strong>ξέ-</strong></span> 
     </span>
    </p>
   </div>
   <div class='ocr_carea' id='block_1_57' title="bbox 2181 2869 3746 2943">
    <p class='ocr_par' dir='ltr' id='par_1_57' title="bbox 2181 2869 3746 2943">
     <span class='ocr_line' id='line_1_57' title="bbox 2181 2869 3746 2943; baseline -0.001 -21"><span class='ocrx_word' id='word_1_437' title='bbox 2181 2887 2270 2932; x_wconf 90' lang='grc' dir='ltr'><strong>νος</strong></span> <span class='ocrx_word' id='word_1_438' title='bbox 2295 2870 2460 2942; x_wconf 74' lang='grc' dir='ltr'>ἤμην,</span> <span class='ocrx_word' id='word_1_439' title='bbox 2490 2869 2582 2924; x_wconf 81' lang='grc' dir='ltr'>καὶ</span> <span class='ocrx_word' id='word_1_440' title='bbox 2617 2869 2948 2941; x_wconf 83' lang='grc' dir='ltr'>συνηγάγετέ</span> <span class='ocrx_word' id='word_1_441' title='bbox 2975 2888 3061 2942; x_wconf 88' lang='grc' dir='ltr'><strong>με·</strong></span> <span class='ocrx_word' id='word_1_442' title='bbox 3080 2871 3284 2943; x_wconf 78' lang='grc' dir='ltr'>γυμνὸς</span> <span class='ocrx_word' id='word_1_443' title='bbox 3314 2872 3485 2942; x_wconf 72' lang='grc' dir='ltr'>ἤμην,</span> <span class='ocrx_word' id='word_1_444' title='bbox 3522 2871 3616 2923; x_wconf 76' lang='grc' dir='ltr'><strong>καὶ</strong></span> <span class='ocrx_word' id='word_1_445' title='bbox 3650 2873 3746 2922; x_wconf 82' lang='grc' dir='ltr'>ἐνε-</span> 
     </span>
    </p>
   </div>
   <div class='ocr_carea' id='block_1_58' title="bbox 2181 2960 3725 3033">
    <p class='ocr_par' dir='ltr' id='par_1_58' title="bbox 2181 2960 3725 3033">
     <span class='ocr_line' id='line_1_58' title="bbox 2181 2960 3725 3033; baseline -0.001 -20"><span class='ocrx_word' id='word_1_446' title='bbox 2181 2960 2376 3014; x_wconf 84' lang='grc' dir='ltr'>δύσατέ</span> <span class='ocrx_word' id='word_1_447' title='bbox 2413 2978 2499 3032; x_wconf 88' lang='grc' dir='ltr'><strong>με·</strong></span> <span class='ocrx_word' id='word_1_448' title='bbox 2534 2961 2828 3033; x_wconf 71' lang='grc' dir='ltr'>ἠσθένησα,</span> <span class='ocrx_word' id='word_1_449' title='bbox 2860 2963 2952 3016; x_wconf 74' lang='grc' dir='ltr'><strong>καὶ</strong></span> <span class='ocrx_word' id='word_1_450' title='bbox 2978 2962 3350 3033; x_wconf 79' lang='grc' dir='ltr'>ἐπεσκέψασθέ</span> <span class='ocrx_word' id='word_1_451' title='bbox 3380 2979 3467 3032; x_wconf 89' lang='grc' dir='ltr'><strong>με·</strong></span> <span class='ocrx_word' id='word_1_452' title='bbox 3501 2964 3558 3014; x_wconf 87' lang='grc' dir='ltr'><strong>ἐν</strong></span> <span class='ocrx_word' id='word_1_453' title='bbox 3588 2962 3725 3029; x_wconf 58' lang='lat' dir='ltr'><strong>qui:</strong></span> 
     </span>
    </p>
   </div>
   <div class='ocr_carea' id='block_1_59' title="bbox 2182 3052 3743 3126">
    <p class='ocr_par' dir='ltr' id='par_1_59' title="bbox 2182 3052 3743 3126">
     <span class='ocr_line' id='line_1_59' title="bbox 2182 3052 3743 3126; baseline -0.001 -21"><span class='ocrx_word' id='word_1_454' title='bbox 2182 3055 2252 3123; x_wconf 81' lang='grc' dir='ltr'>κῇ</span> <span class='ocrx_word' id='word_1_455' title='bbox 2287 3053 2453 3124; x_wconf 74' lang='grc' dir='ltr'>ήμην,</span> <span class='ocrx_word' id='word_1_456' title='bbox 2478 3052 2571 3106; x_wconf 74' lang='grc' dir='ltr'>καὶ</span> <span class='ocrx_word' id='word_1_457' title='bbox 2607 3052 2794 3124; x_wconf 73' lang='grc' dir='ltr'>ἧλθετε</span> <span class='ocrx_word' id='word_1_458' title='bbox 2840 3054 2977 3124; x_wconf 85' lang='grc' dir='ltr'>πρὸς</span> <span class='ocrx_word' id='word_1_459' title='bbox 3011 3054 3096 3126; x_wconf 91' lang='grc' dir='ltr'><strong>μέ.</strong></span> <span class='ocrx_word' id='word_1_460' title='bbox 3130 3055 3262 3109; x_wconf 89' lang='grc' dir='ltr'>Τότε</span> <span class='ocrx_word' id='word_1_461' title='bbox 3294 3053 3743 3125; x_wconf 75' lang='grc' dir='ltr'>ἀποκριθήσονται</span> 
     </span>
    </p>
   </div>
   <div class='ocr_carea' id='block_1_60' title="bbox 521 3136 2082 3216">
    <p class='ocr_par' dir='ltr' id='par_1_60' title="bbox 521 3136 2076 3216">
     <span class='ocr_line' id='line_1_60' title="bbox 521 3136 2076 3216; baseline 0.01 -29"><span class='ocrx_word' id='word_1_462' title='bbox 521 3142 578 3189; x_wconf 87' lang='lat' dir='ltr'><strong>te</strong></span> <span class='ocrx_word' id='word_1_463' title='bbox 605 3136 839 3192; x_wconf 81' lang='lat' dir='ltr'><strong>vidimus</strong></span> <span class='ocrx_word' id='word_1_464' title='bbox 859 3140 1211 3205; x_wconf 89' lang='lat' dir='ltr'><strong>esurientem,</strong></span> <span class='ocrx_word' id='word_1_465' title='bbox 1239 3148 1292 3196; x_wconf 91' lang='lat' dir='ltr'><strong>et</strong></span> <span class='ocrx_word' id='word_1_466' title='bbox 1321 3145 1568 3212; x_wconf 86' lang='lat' dir='ltr'><strong>pavimus</strong></span> <span class='ocrx_word' id='word_1_467' title='bbox 1595 3154 1680 3211; x_wconf 89' lang='lat' dir='ltr'><strong>te;</strong></span> <span class='ocrx_word' id='word_1_468' title='bbox 1709 3155 1762 3200; x_wconf 90' lang='lat' dir='ltr'><strong>et</strong></span> <span class='ocrx_word' id='word_1_469' title='bbox 1783 3147 2076 3216; x_wconf 90' lang='lat' dir='ltr'><strong>sitientem,</strong></span> 
     </span>
    </p>
   </div>
   <div class='ocr_carea' id='block_1_61' title="bbox 2188 3136 3743 3216">
    <p class='ocr_par' dir='ltr' id='par_1_61' title="bbox 2188 3142 3743 3216">
     <span class='ocr_line' id='line_1_61' title="bbox 2188 3142 3743 3216; baseline 0.003 -22"><span class='ocrx_word' id='word_1_470' title='bbox 2188 3142 2326 3214; x_wconf 77' lang='grc' dir='ltr'>αὐτῷ</span> <span class='ocrx_word' id='word_1_471' title='bbox 2375 3143 2425 3196; x_wconf 77' lang='grc' dir='ltr'>οἱ</span> <span class='ocrx_word' id='word_1_472' title='bbox 2478 3143 2695 3208; x_wconf 90' lang='grc' dir='ltr'>δίκαιοι,</span> <span class='ocrx_word' id='word_1_473' title='bbox 2745 3144 3012 3213; x_wconf 88' lang='grc' dir='ltr'>λέγοντες·</span> <span class='ocrx_word' id='word_1_474' title='bbox 3048 3145 3238 3216; x_wconf 83' lang='grc' dir='ltr'>Κύριε,</span> <span class='ocrx_word' id='word_1_475' title='bbox 3275 3146 3406 3199; x_wconf 86' lang='grc' dir='ltr'>πότε</span> <span class='ocrx_word' id='word_1_476' title='bbox 3450 3163 3510 3198; x_wconf 90' lang='grc' dir='ltr'><strong>σε</strong></span> <span class='ocrx_word' id='word_1_477' title='bbox 3545 3145 3743 3214; x_wconf 69' lang='grc' dir='ltr'>εῐῶμεν</span> 
     </span>
    </p>
   </div>
   <div class='ocr_carea' id='block_1_62' title="bbox 522 3223 2079 3299">
    <p class='ocr_par' dir='ltr' id='par_1_62' title="bbox 522 3223 2079 3299">
     <span class='ocr_line' id='line_1_62' title="bbox 522 3223 2079 3299; baseline 0.01 -23"><span class='ocrx_word' id='word_1_478' title='bbox 522 3229 576 3277; x_wconf 83' lang='lat' dir='ltr'><strong>et</strong></span> <span class='ocrx_word' id='word_1_479' title='bbox 608 3223 855 3282; x_wconf 91' lang='lat' dir='ltr'><strong>dedimus</strong></span> <span class='ocrx_word' id='word_1_480' title='bbox 884 3228 982 3283; x_wconf 91' lang='lat' dir='ltr'><strong>tibi</strong></span> <span class='ocrx_word' id='word_1_481' title='bbox 1006 3229 1228 3299; x_wconf 88' lang='lat' dir='ltr'><strong>potum?</strong></span> <span class='ocrx_word' id='word_1_482' title='bbox 1269 3229 1497 3296; x_wconf 86' lang='lat' dir='ltr'><strong>Quando</strong></span> <span class='ocrx_word' id='word_1_483' title='bbox 1549 3241 1727 3289; x_wconf 89' lang='lat' dir='ltr'><strong>autem</strong></span> <span class='ocrx_word' id='word_1_484' title='bbox 1757 3243 1809 3291; x_wconf 93' lang='lat' dir='ltr'><strong>te</strong></span> <span class='ocrx_word' id='word_1_485' title='bbox 1845 3237 2079 3294; x_wconf 85' lang='lat' dir='ltr'><strong>vidimus</strong></span> 
     </span>
    </p>
   </div>
   <div class='ocr_carea' id='block_1_63' title="bbox 521 3315 2082 3397">
    <p class='ocr_par' dir='ltr' id='par_1_63' title="bbox 521 3315 2082 3397">
     <span class='ocr_line' id='line_1_63' title="bbox 521 3315 2082 3397; baseline 0.011 -31"><span class='ocrx_word' id='word_1_486' title='bbox 521 3315 812 3386; x_wconf 88' lang='lat' dir='ltr'><strong>hospitem,</strong></span> <span class='ocrx_word' id='word_1_487' title='bbox 847 3325 901 3372; x_wconf 90' lang='lat' dir='ltr'><strong>et</strong></span> <span class='ocrx_word' id='word_1_488' title='bbox 952 3320 1308 3390; x_wconf 85' lang='lat' dir='ltr'><strong>collegimus?</strong></span> <span class='ocrx_word' id='word_1_489' title='bbox 1353 3330 1406 3376; x_wconf 93' lang='lat' dir='ltr'><strong>et</strong></span> <span class='ocrx_word' id='word_1_490' title='bbox 1452 3323 1680 3390; x_wconf 92' lang='lat' dir='ltr'><strong>nudum,</strong></span> <span class='ocrx_word' id='word_1_491' title='bbox 1709 3333 1761 3380; x_wconf 93' lang='lat' dir='ltr'><strong>et</strong></span> <span class='ocrx_word' id='word_1_492' title='bbox 1798 3330 2082 3397; x_wconf 88' lang='lat' dir='ltr'><strong>cooperui-</strong></span> 
     </span>
    </p>
   </div>
   <div class='ocr_carea' id='block_1_64' title="bbox 522 3409 2081 3481">
    <p class='ocr_par' dir='ltr' id='par_1_64' title="bbox 522 3409 2081 3481">
     <span class='ocr_line' id='line_1_64' title="bbox 522 3409 2081 3481; baseline 0.008 -20"><span class='ocrx_word' id='word_1_493' title='bbox 522 3409 684 3463; x_wconf 84' lang='lat' dir='ltr'><strong>mus?</strong></span> <span class='ocrx_word' id='word_1_494' title='bbox 710 3417 803 3462; x_wconf 90' lang='lat' dir='ltr'><strong>aut</strong></span> <span class='ocrx_word' id='word_1_495' title='bbox 828 3410 1047 3479; x_wconf 88' lang='lat' dir='ltr'><strong>quando</strong></span> <span class='ocrx_word' id='word_1_496' title='bbox 1076 3419 1128 3467; x_wconf 91' lang='lat' dir='ltr'><strong>te</strong></span> <span class='ocrx_word' id='word_1_497' title='bbox 1151 3412 1386 3468; x_wconf 91' lang='lat' dir='ltr'><strong>vidimus</strong></span> <span class='ocrx_word' id='word_1_498' title='bbox 1426 3413 1719 3481; x_wconf 90' lang='lat' dir='ltr'><strong>inﬁrmum,</strong></span> <span class='ocrx_word' id='word_1_499' title='bbox 1755 3427 1809 3472; x_wconf 91' lang='lat' dir='ltr'><strong>et</strong></span> <span class='ocrx_word' id='word_1_500' title='bbox 1837 3419 2081 3474; x_wconf 80' lang='lat' dir='ltr'><strong>visitavi-</strong></span> 
     </span>
    </p>
   </div>
   <div class='ocr_carea' id='block_1_65' title="bbox 521 3498 2082 3582">
    <p class='ocr_par' dir='ltr' id='par_1_65' title="bbox 521 3498 2082 3582">
     <span class='ocr_line' id='line_1_65' title="bbox 521 3498 2082 3582; baseline 0.011 -32"><span class='ocrx_word' id='word_1_501' title='bbox 521 3498 677 3552; x_wconf 86' lang='lat' dir='ltr'><strong>mus?</strong></span> <span class='ocrx_word' id='word_1_502' title='bbox 704 3509 797 3554; x_wconf 91' lang='lat' dir='ltr'><strong>aut</strong></span> <span class='ocrx_word' id='word_1_503' title='bbox 824 3501 880 3556; x_wconf 91' lang='lat' dir='ltr'><strong>in</strong></span> <span class='ocrx_word' id='word_1_504' title='bbox 918 3518 1156 3568; x_wconf 90' lang='lat' dir='ltr'><strong>carcere,</strong></span> <span class='ocrx_word' id='word_1_505' title='bbox 1175 3514 1227 3560; x_wconf 90' lang='lat' dir='ltr'><strong>et</strong></span> <span class='ocrx_word' id='word_1_506' title='bbox 1259 3507 1507 3562; x_wconf 90' lang='lat' dir='ltr'><strong>venimus</strong></span> <span class='ocrx_word' id='word_1_507' title='bbox 1537 3509 1602 3562; x_wconf 92' lang='lat' dir='ltr'><strong>ad</strong></span> <span class='ocrx_word' id='word_1_508' title='bbox 1631 3510 1716 3563; x_wconf 88' lang='lat' dir='ltr'><strong>te?</strong></span> <span class='ocrx_word' id='word_1_509' title='bbox 1757 3509 1822 3563; x_wconf 88' lang='lat' dir='ltr'><strong>Et</strong></span> <span class='ocrx_word' id='word_1_510' title='bbox 1854 3527 2082 3582; x_wconf 63' lang='lat' dir='ltr'><strong>respono</strong></span> 
     </span>
    </p>
   </div>
   <div class='ocr_carea' id='block_1_66' title="bbox 520 3587 2083 3671">
    <p class='ocr_par' dir='ltr' id='par_1_66' title="bbox 520 3587 2083 3671">
     <span class='ocr_line' id='line_1_66' title="bbox 520 3587 2083 3671; baseline 0.011 -30"><span class='ocrx_word' id='word_1_511' title='bbox 520 3587 658 3644; x_wconf 90' lang='lat' dir='ltr'><strong>dens</strong></span> <span class='ocrx_word' id='word_1_512' title='bbox 681 3605 776 3645; x_wconf 78' lang='lat' dir='ltr'><strong>rex</strong></span> <span class='ocrx_word' id='word_1_513' title='bbox 822 3592 964 3648; x_wconf 90' lang='lat' dir='ltr'><strong>dicet</strong></span> <span class='ocrx_word' id='word_1_514' title='bbox 988 3594 1127 3650; x_wconf 90' lang='lat' dir='ltr'><strong>illis:</strong></span> <span class='ocrx_word' id='word_1_515' title='bbox 1163 3595 1334 3650; x_wconf 89' lang='lat' dir='ltr'><strong>Amen</strong></span> <span class='ocrx_word' id='word_1_516' title='bbox 1376 3597 1499 3652; x_wconf 92' lang='lat' dir='ltr'><strong>dico</strong></span> <span class='ocrx_word' id='word_1_517' title='bbox 1529 3600 1704 3664; x_wconf 89' lang='lat' dir='ltr'><strong>vobis,</strong></span> <span class='ocrx_word' id='word_1_518' title='bbox 1737 3603 1974 3671; x_wconf 88' lang='lat' dir='ltr'><strong>quandiu</strong></span> <span class='ocrx_word' id='word_1_519' title='bbox 2004 3603 2083 3658; x_wconf 80' lang='lat' dir='ltr'><strong>fe-</strong></span> 
     </span>
    </p>
   </div>
   <div class='ocr_carea' id='block_1_67' title="bbox 521 3680 2075 3758">
    <p class='ocr_par' dir='ltr' id='par_1_67' title="bbox 521 3680 2075 3758">
     <span class='ocr_line' id='line_1_67' title="bbox 521 3680 2075 3758; baseline 0.01 -24"><span class='ocrx_word' id='word_1_520' title='bbox 521 3680 680 3736; x_wconf 90' lang='lat' dir='ltr'><strong>cistis</strong></span> <span class='ocrx_word' id='word_1_521' title='bbox 709 3683 802 3736; x_wconf 90' lang='lat' dir='ltr'><strong>uni</strong></span> <span class='ocrx_word' id='word_1_522' title='bbox 839 3699 904 3738; x_wconf 78' lang='lat' dir='ltr'><strong>ex</strong></span> <span class='ocrx_word' id='word_1_523' title='bbox 928 3684 1015 3740; x_wconf 91' lang='lat' dir='ltr'><strong>his</strong></span> <span class='ocrx_word' id='word_1_524' title='bbox 1043 3683 1304 3742; x_wconf 82' lang='lat' dir='ltr'><strong>fratribus</strong></span> <span class='ocrx_word' id='word_1_525' title='bbox 1327 3688 1464 3744; x_wconf 89' lang='lat' dir='ltr'><strong>meis</strong></span> <span class='ocrx_word' id='word_1_526' title='bbox 1494 3691 1753 3758; x_wconf 90' lang='lat' dir='ltr'><strong>minimis,</strong></span> <span class='ocrx_word' id='word_1_527' title='bbox 1781 3693 1910 3748; x_wconf 92' lang='lat' dir='ltr'><strong>mihi</strong></span> <span class='ocrx_word' id='word_1_528' title='bbox 1938 3693 2075 3750; x_wconf 90' lang='lat' dir='ltr'><strong>feci-</strong></span> 
     </span>
    </p>
   </div>
   <div class='ocr_carea' id='block_1_68' title="bbox 522 3771 2079 3853">
    <p class='ocr_par' dir='ltr' id='par_1_68' title="bbox 522 3771 2079 3853">
     <span class='ocr_line' id='line_1_68' title="bbox 522 3771 2079 3853; baseline 0.01 -27"><span class='ocrx_word' id='word_1_529' title='bbox 522 3771 647 3827; x_wconf 87' lang='lat' dir='ltr'><strong>stis.</strong></span> <span class='ocrx_word' id='word_1_530' title='bbox 694 3790 712 3824; x_wconf 77' lang='grc' dir='ltr'><strong>ι</strong></span> <span class='ocrx_word' id='word_1_531' title='bbox 747 3771 958 3831; x_wconf 83' lang='lat' dir='ltr'><strong>Rursus</strong></span> <span class='ocrx_word' id='word_1_532' title='bbox 972 3791 1102 3830; x_wconf 87' lang='lat' dir='ltr'><strong>vero</strong></span> <span class='ocrx_word' id='word_1_533' title='bbox 1123 3792 1153 3832; x_wconf 91' lang='lat' dir='ltr'><strong>e</strong></span> <span class='ocrx_word' id='word_1_534' title='bbox 1185 3781 1482 3845; x_wconf 90' lang='lat' dir='ltr'><strong>contrario,</strong></span> <span class='ocrx_word' id='word_1_535' title='bbox 1515 3781 1582 3835; x_wconf 88' lang='lat' dir='ltr'><strong>ad</strong></span> <span class='ocrx_word' id='word_1_536' title='bbox 1605 3797 1701 3838; x_wconf 91' lang='lat' dir='ltr'><strong>eos</strong></span> <span class='ocrx_word' id='word_1_537' title='bbox 1723 3784 1814 3853; x_wconf 89' lang='lat' dir='ltr'><strong>qui</strong></span> <span class='ocrx_word' id='word_1_538' title='bbox 1833 3784 1945 3839; x_wconf 62' lang='lat' dir='ltr'><strong>haec</strong></span> <span class='ocrx_word' id='word_1_539' title='bbox 1971 3803 2079 3841; x_wconf 90' lang='lat' dir='ltr'><strong>non</strong></span> 
     </span>
    </p>
   </div>
   <div class='ocr_carea' id='block_1_69' title="bbox 520 3858 2081 3941">
    <p class='ocr_par' dir='ltr' id='par_1_69' title="bbox 520 3858 2081 3941">
     <span class='ocr_line' id='line_1_69' title="bbox 520 3858 2081 3941; baseline 0.013 -30"><span class='ocrx_word' id='word_1_540' title='bbox 520 3858 863 3928; x_wconf 67' lang='lat' dir='ltr'><strong>praebuerunt</strong></span> <span class='ocrx_word' id='word_1_541' title='bbox 889 3881 901 3916; x_wconf 90' lang='lat'><strong>:</strong></span> <span class='ocrx_word' id='word_1_542' title='bbox 943 3880 962 3913; x_wconf 73' lang='grc' dir='ltr'><strong>ι</strong></span> <span class='ocrx_word' id='word_1_543' title='bbox 987 3862 1159 3919; x_wconf 88' lang='lat' dir='ltr'><strong>Amen</strong></span> <span class='ocrx_word' id='word_1_544' title='bbox 1190 3866 1313 3922; x_wconf 90' lang='lat' dir='ltr'><strong>dico</strong></span> <span class='ocrx_word' id='word_1_545' title='bbox 1337 3869 1510 3937; x_wconf 88' lang='lat' dir='ltr'><strong>vobis,</strong></span> <span class='ocrx_word' id='word_1_546' title='bbox 1538 3873 1776 3941; x_wconf 90' lang='lat' dir='ltr'><strong>quandiu</strong></span> <span class='ocrx_word' id='word_1_547' title='bbox 1807 3889 1915 3929; x_wconf 91' lang='lat' dir='ltr'><strong>non</strong></span> <span class='ocrx_word' id='word_1_548' title='bbox 1951 3875 2081 3931; x_wconf 88' lang='lat' dir='ltr'><strong>feci-</strong></span> 
     </span>
    </p>
   </div>
   <div class='ocr_carea' id='block_1_70' title="bbox 521 3950 2080 4025">
    <p class='ocr_par' dir='ltr' id='par_1_70' title="bbox 521 3950 2080 4025">
     <span class='ocr_line' id='line_1_70' title="bbox 521 3950 2080 4025; baseline 0.013 -20"><span class='ocrx_word' id='word_1_549' title='bbox 521 3950 623 4006; x_wconf 87' lang='lat' dir='ltr'><strong>stis</strong></span> <span class='ocrx_word' id='word_1_550' title='bbox 653 3952 746 4006; x_wconf 91' lang='lat' dir='ltr'><strong>uni</strong></span> <span class='ocrx_word' id='word_1_551' title='bbox 784 3969 848 4008; x_wconf 80' lang='lat' dir='ltr'><strong>ex</strong></span> <span class='ocrx_word' id='word_1_552' title='bbox 876 3954 962 4010; x_wconf 91' lang='lat' dir='ltr'><strong>his</strong></span> <span class='ocrx_word' id='word_1_553' title='bbox 993 3957 1250 4024; x_wconf 89' lang='lat' dir='ltr'><strong>minimis,</strong></span> <span class='ocrx_word' id='word_1_554' title='bbox 1276 3975 1376 4015; x_wconf 88' lang='lat' dir='ltr'><strong>nec</strong></span> <span class='ocrx_word' id='word_1_555' title='bbox 1403 3962 1536 4017; x_wconf 90' lang='lat' dir='ltr'><strong>mihi</strong></span> <span class='ocrx_word' id='word_1_556' title='bbox 1579 3963 1788 4022; x_wconf 90' lang='lat' dir='ltr'><strong>fecistis</strong></span> <span class='ocrx_word' id='word_1_557' title='bbox 1811 3966 1860 4023; x_wconf 73' lang='grc' dir='ltr'>ἀ.</span> <span class='ocrx_word' id='word_1_558' title='bbox 1900 3987 1920 4020; x_wconf 79' lang='grc' dir='ltr'><strong>ι</strong></span> <span class='ocrx_word' id='word_1_559' title='bbox 1959 3970 2080 4025; x_wconf 82' lang='lat' dir='ltr'><strong>Alio</strong></span> 
     </span>
    </p>
   </div>
   <div class='ocr_carea' id='block_1_71' title="bbox 520 4039 2080 4130">
    <p class='ocr_par' dir='ltr' id='par_1_71' title="bbox 520 4039 2080 4130">
     <span class='ocr_line' id='line_1_71' title="bbox 520 4039 2080 4130; baseline 0.015 -35"><span class='ocrx_word' id='word_1_560' title='bbox 520 4039 647 4096; x_wconf 80' lang='lat' dir='ltr'><strong>item</strong></span> <span class='ocrx_word' id='word_1_561' title='bbox 679 4043 845 4100; x_wconf 80' lang='lat' dir='ltr'><strong>&#39;loco:</strong></span> <span class='ocrx_word' id='word_1_562' title='bbox 883 4065 902 4097; x_wconf 74' lang='grc' dir='ltr'><strong>ι</strong></span> <span class='ocrx_word' id='word_1_563' title='bbox 938 4045 1039 4113; x_wconf 91' lang='lat' dir='ltr'><strong>Qui</strong></span> <span class='ocrx_word' id='word_1_564' title='bbox 1064 4063 1161 4105; x_wconf 91' lang='lat' dir='ltr'><strong>vos</strong></span> <span class='ocrx_word' id='word_1_565' title='bbox 1205 4051 1418 4122; x_wconf 90' lang='lat' dir='ltr'><strong>recipit,</strong></span> <span class='ocrx_word' id='word_1_566' title='bbox 1460 4069 1546 4110; x_wconf 90' lang='lat' dir='ltr'><strong>me</strong></span> <span class='ocrx_word' id='word_1_567' title='bbox 1575 4057 1801 4128; x_wconf 88' lang='lat' dir='ltr'><strong>recipit;</strong></span> <span class='ocrx_word' id='word_1_568' title='bbox 1859 4060 1954 4130; x_wconf 90' lang='lat' dir='ltr'><strong>qui</strong></span> <span class='ocrx_word' id='word_1_569' title='bbox 1983 4077 2080 4118; x_wconf 90' lang='lat' dir='ltr'><strong>vos</strong></span> 
     </span>
    </p>
   </div>
   <div class='ocr_carea' id='block_1_72' title="bbox 521 4135 1342 4211">
    <p class='ocr_par' dir='ltr' id='par_1_72' title="bbox 521 4135 1342 4211">
     <span class='ocr_line' id='line_1_72' title="bbox 521 4135 1342 4211; baseline 0.011 -24"><span class='ocrx_word' id='word_1_570' title='bbox 521 4148 631 4188; x_wconf 86' lang='lat' dir='ltr'><strong>non</strong></span> <span class='ocrx_word' id='word_1_571' title='bbox 661 4135 875 4207; x_wconf 91' lang='lat' dir='ltr'><strong>recipit,</strong></span> <span class='ocrx_word' id='word_1_572' title='bbox 907 4154 993 4194; x_wconf 91' lang='lat' dir='ltr'><strong>me</strong></span> <span class='ocrx_word' id='word_1_573' title='bbox 1013 4143 1222 4211; x_wconf 92' lang='lat' dir='ltr'><strong>spernit</strong></span> <span class='ocrx_word' id='word_1_574' title='bbox 1247 4154 1293 4198; x_wconf 81' lang='grc' dir='ltr'>θ.</span> <span class='ocrx_word' id='word_1_575' title='bbox 1323 4163 1342 4196; x_wconf 74' lang='grc' dir='ltr'><strong>ι</strong></span> 
     </span>
    </p>
   </div>
   <div class='ocr_carea' id='block_1_73' title="bbox 592 4355 2080 4439">
    <p class='ocr_par' dir='ltr' id='par_1_73' title="bbox 592 4355 2080 4439">
     <span class='ocr_line' id='line_1_73' title="bbox 592 4355 2080 4439; baseline 0.013 -29"><span class='ocrx_word' id='word_1_576' title='bbox 592 4355 784 4416; x_wconf 78' lang='lat' dir='ltr'><strong>XXXI.</strong></span> <span class='ocrx_word' id='word_1_577' title='bbox 816 4359 926 4418; x_wconf 88' lang='lat' dir='ltr'><strong>llos</strong></span> <span class='ocrx_word' id='word_1_578' title='bbox 944 4371 1102 4418; x_wconf 89' lang='lat' dir='ltr'><strong>vocat</strong></span> <span class='ocrx_word' id='word_1_579' title='bbox 1132 4372 1185 4420; x_wconf 90' lang='lat' dir='ltr'><strong>et</strong></span> <span class='ocrx_word' id='word_1_580' title='bbox 1217 4365 1353 4423; x_wconf 88' lang='lat' dir='ltr'><strong>ﬁlios</strong></span> <span class='ocrx_word' id='word_1_581' title='bbox 1383 4375 1436 4423; x_wconf 93' lang='lat' dir='ltr'><strong>et</strong></span> <span class='ocrx_word' id='word_1_582' title='bbox 1465 4385 1661 4439; x_wconf 90' lang='lat' dir='ltr'><strong>pueros</strong></span> <span class='ocrx_word' id='word_1_583' title='bbox 1687 4379 1740 4426; x_wconf 90' lang='lat' dir='ltr'><strong>et</strong></span> <span class='ocrx_word' id='word_1_584' title='bbox 1765 4371 1999 4430; x_wconf 89' lang='lat' dir='ltr'><strong>infantes</strong></span> <span class='ocrx_word' id='word_1_585' title='bbox 2026 4380 2080 4432; x_wconf 90' lang='lat' dir='ltr'><strong>et</strong></span> 
     </span>
    </p>
   </div>
   <div class='ocr_carea' id='block_1_74' title="bbox 2185 3232 3742 3308">
    <p class='ocr_par' dir='ltr' id='par_1_74' title="bbox 2185 3232 3742 3308">
     <span class='ocr_line' id='line_1_74' title="bbox 2185 3232 3742 3308; baseline 0.001 -23"><span class='ocrx_word' id='word_1_586' title='bbox 2185 3232 2470 3297; x_wconf 86' lang='grc' dir='ltr'>πεινῶντα,</span> <span class='ocrx_word' id='word_1_587' title='bbox 2495 3235 2586 3287; x_wconf 78' lang='grc' dir='ltr'><strong>καὶ</strong></span> <span class='ocrx_word' id='word_1_588' title='bbox 2610 3233 2667 3286; x_wconf 86' lang='grc' dir='ltr'>ὲθ</span> <span class='ocrx_word' id='word_1_589' title='bbox 2677 3234 2932 3306; x_wconf 83' lang='grc' dir='ltr'>ρέψαμεν·</span> <span class='ocrx_word' id='word_1_590' title='bbox 2952 3236 2984 3308; x_wconf 79' lang='grc' dir='ltr'>ἢ</span> <span class='ocrx_word' id='word_1_591' title='bbox 3001 3235 3255 3306; x_wconf 78' lang='grc' dir='ltr'>διψῶντα,</span> <span class='ocrx_word' id='word_1_592' title='bbox 3273 3237 3367 3288; x_wconf 78' lang='grc' dir='ltr'><strong>καὶ</strong></span> <span class='ocrx_word' id='word_1_593' title='bbox 3387 3237 3742 3306; x_wconf 81' lang='grc' dir='ltr'>ἐποτίσαμεν;</span> 
     </span>
    </p>
   </div>
   <div class='ocr_carea' id='block_1_75' title="bbox 2186 3324 3745 3398">
    <p class='ocr_par' dir='ltr' id='par_1_75' title="bbox 2186 3324 3745 3398">
     <span class='ocr_line' id='line_1_75' title="bbox 2186 3324 3745 3398; baseline 0.001 -20"><span class='ocrx_word' id='word_1_594' title='bbox 2186 3324 2322 3379; x_wconf 87' lang='grc' dir='ltr'><strong>Πότε</strong></span> <span class='ocrx_word' id='word_1_595' title='bbox 2345 3325 2401 3379; x_wconf 88' lang='grc' dir='ltr'>δὲ</span> <span class='ocrx_word' id='word_1_596' title='bbox 2434 3325 2644 3397; x_wconf 75' lang='grc' dir='ltr'>εἴδομεν</span> <span class='ocrx_word' id='word_1_597' title='bbox 2673 3343 2731 3379; x_wconf 92' lang='grc' dir='ltr'><strong>σε</strong></span> <span class='ocrx_word' id='word_1_598' title='bbox 2765 3324 2932 3391; x_wconf 80' lang='grc' dir='ltr'>ξένον,</span> <span class='ocrx_word' id='word_1_599' title='bbox 2977 3327 3070 3380; x_wconf 76' lang='grc' dir='ltr'><strong>καὶ</strong></span> <span class='ocrx_word' id='word_1_600' title='bbox 3105 3328 3501 3398; x_wconf 85' lang='grc' dir='ltr'>συνηγάγομεν·</span> <span class='ocrx_word' id='word_1_601' title='bbox 3541 3328 3573 3398; x_wconf 76' lang='grc' dir='ltr'>ἢ</span> <span class='ocrx_word' id='word_1_602' title='bbox 3614 3344 3745 3396; x_wconf 76' lang='grc' dir='ltr'>γυμρ</span> 
     </span>
    </p>
   </div>
   <div class='ocr_carea' id='block_1_76' title="bbox 2185 3417 3744 3490">
    <p class='ocr_par' dir='ltr' id='par_1_76' title="bbox 2185 3417 3744 3490">
     <span class='ocr_line' id='line_1_76' title="bbox 2185 3417 3744 3490; baseline 0 -20"><span class='ocrx_word' id='word_1_603' title='bbox 2185 3417 2294 3482; x_wconf 86' lang='grc' dir='ltr'>νὸν,</span> <span class='ocrx_word' id='word_1_604' title='bbox 2327 3417 2421 3471; x_wconf 77' lang='grc' dir='ltr'><strong>καὶ</strong></span> <span class='ocrx_word' id='word_1_605' title='bbox 2452 3417 2878 3489; x_wconf 78' lang='grc' dir='ltr'>περιεϐάλομεν;</span> <span class='ocrx_word' id='word_1_606' title='bbox 2907 3419 2941 3490; x_wconf 80' lang='grc' dir='ltr'>ἢ</span> <span class='ocrx_word' id='word_1_607' title='bbox 2977 3419 3107 3472; x_wconf 90' lang='grc' dir='ltr'>πότε</span> <span class='ocrx_word' id='word_1_608' title='bbox 3137 3435 3196 3471; x_wconf 91' lang='grc' dir='ltr'><strong>σε</strong></span> <span class='ocrx_word' id='word_1_609' title='bbox 3229 3417 3437 3488; x_wconf 75' lang='grc' dir='ltr'>εἴδομεν</span> <span class='ocrx_word' id='word_1_610' title='bbox 3470 3418 3744 3471; x_wconf 76' lang='grc' dir='ltr'>ἀσθενοῦν-</span> 
     </span>
    </p>
   </div>
   <div class='ocr_carea' id='block_1_77' title="bbox 2184 3509 3745 3582">
    <p class='ocr_par' dir='ltr' id='par_1_77' title="bbox 2184 3509 3745 3582">
     <span class='ocr_line' id='line_1_77' title="bbox 2184 3509 3745 3582; baseline 0.001 -21"><span class='ocrx_word' id='word_1_611' title='bbox 2184 3525 2272 3572; x_wconf 87' lang='grc' dir='ltr'><strong>τα,</strong></span> <span class='ocrx_word' id='word_1_612' title='bbox 2318 3509 2412 3562; x_wconf 75' lang='grc' dir='ltr'><strong>καὶ</strong></span> <span class='ocrx_word' id='word_1_613' title='bbox 2470 3509 2922 3581; x_wconf 70' lang='grc' dir='ltr'>ἐπεσκεψάμεθας</span> <span class='ocrx_word' id='word_1_614' title='bbox 2967 3511 3001 3582; x_wconf 81' lang='grc' dir='ltr'>ἢ</span> <span class='ocrx_word' id='word_1_615' title='bbox 3053 3511 3110 3563; x_wconf 87' lang='grc' dir='ltr'><strong>ἐν</strong></span> <span class='ocrx_word' id='word_1_616' title='bbox 3157 3509 3366 3581; x_wconf 82' lang='grc' dir='ltr'>φυλακῇ</span> <span class='ocrx_word' id='word_1_617' title='bbox 3397 3511 3495 3562; x_wconf 73' lang='grc' dir='ltr'><strong>καὶ</strong></span> <span class='ocrx_word' id='word_1_618' title='bbox 3520 3510 3745 3580; x_wconf 75' lang='grc' dir='ltr'>ῆλθομεν</span> 
     </span>
    </p>
   </div>
   <div class='ocr_carea' id='block_1_78' title="bbox 2186 3600 3741 3674">
    <p class='ocr_par' dir='ltr' id='par_1_78' title="bbox 2186 3600 3741 3674">
     <span class='ocr_line' id='line_1_78' title="bbox 2186 3600 3741 3674; baseline 0 -22"><span class='ocrx_word' id='word_1_619' title='bbox 2186 3600 2322 3671; x_wconf 85' lang='grc' dir='ltr'>πρὸς</span> <span class='ocrx_word' id='word_1_620' title='bbox 2376 3600 2470 3667; x_wconf 85' lang='grc' dir='ltr'>σέ;</span> <span class='ocrx_word' id='word_1_621' title='bbox 2527 3601 2637 3654; x_wconf 80' lang='grc' dir='ltr'><strong>Καὶ</strong></span> <span class='ocrx_word' id='word_1_622' title='bbox 2681 3601 2999 3674; x_wconf 80' lang='grc' dir='ltr'>ἀποκριθεὶς</span> <span class='ocrx_word' id='word_1_623' title='bbox 3044 3604 3072 3655; x_wconf 90' lang='lat'><strong>6</strong></span> <span class='ocrx_word' id='word_1_624' title='bbox 3117 3602 3368 3672; x_wconf 79' lang='grc' dir='ltr'>βασιλεὺς</span> <span class='ocrx_word' id='word_1_625' title='bbox 3402 3603 3522 3673; x_wconf 84' lang='grc' dir='ltr'>ἐρεῖ</span> <span class='ocrx_word' id='word_1_626' title='bbox 3551 3602 3741 3662; x_wconf 75' lang='grc' dir='ltr'>αὐτοῖς·</span> 
     </span>
    </p>
   </div>
   <div class='ocr_carea' id='block_1_79' title="bbox 2178 3692 3742 3764">
    <p class='ocr_par' dir='ltr' id='par_1_79' title="bbox 2178 3692 3742 3764">
     <span class='ocr_line' id='line_1_79' title="bbox 2178 3692 3742 3764; baseline -0.003 -19"><span class='ocrx_word' id='word_1_627' title='bbox 2178 3693 2366 3764; x_wconf 53' lang='grc' dir='ltr'>νἈμὴν</span> <span class='ocrx_word' id='word_1_628' title='bbox 2394 3693 2538 3761; x_wconf 91' lang='grc' dir='ltr'>λέγω</span> <span class='ocrx_word' id='word_1_629' title='bbox 2558 3693 2707 3764; x_wconf 85' lang='grc' dir='ltr'>ὑμῖν,</span> <span class='ocrx_word' id='word_1_630' title='bbox 2737 3695 2820 3762; x_wconf 87' lang='grc' dir='ltr'>ἐφ’</span> <span class='ocrx_word' id='word_1_631' title='bbox 2847 3694 2968 3747; x_wconf 83' lang='grc' dir='ltr'>ὅσον</span> <span class='ocrx_word' id='word_1_632' title='bbox 2989 3695 3275 3764; x_wconf 85' lang='grc' dir='ltr'>ἐποιήσατε</span> <span class='ocrx_word' id='word_1_633' title='bbox 3305 3693 3386 3745; x_wconf 69' lang='grc' dir='ltr'><strong>ἐνὶ</strong></span> <span class='ocrx_word' id='word_1_634' title='bbox 3418 3693 3630 3746; x_wconf 73' lang='grc' dir='ltr'>τούτων</span> <span class='ocrx_word' id='word_1_635' title='bbox 3649 3692 3742 3744; x_wconf 72' lang='grc' dir='ltr'><strong>τῶν</strong></span> 
     </span>
    </p>
   </div>
   <div class='ocr_carea' id='block_1_80' title="bbox 2183 3784 3748 3856">
    <p class='ocr_par' dir='ltr' id='par_1_80' title="bbox 2183 3784 3748 3856">
     <span class='ocr_line' id='line_1_80' title="bbox 2183 3784 3748 3856; baseline -0.001 -18"><span class='ocrx_word' id='word_1_636' title='bbox 2183 3784 2422 3854; x_wconf 84' lang='grc' dir='ltr'>ἀδελφῶν</span> <span class='ocrx_word' id='word_1_637' title='bbox 2458 3803 2560 3856; x_wconf 88' lang='grc' dir='ltr'><strong>μου</strong></span> <span class='ocrx_word' id='word_1_638' title='bbox 2584 3785 2692 3840; x_wconf 90' lang='grc' dir='ltr'><strong>τῶν</strong></span> <span class='ocrx_word' id='word_1_639' title='bbox 2728 3786 3047 3856; x_wconf 75' lang='grc' dir='ltr'>ἐλαχίστων,</span> <span class='ocrx_word' id='word_1_640' title='bbox 3086 3785 3210 3856; x_wconf 71' lang='grc' dir='ltr'>ἐμοὶ</span> <span class='ocrx_word' id='word_1_641' title='bbox 3241 3787 3552 3855; x_wconf 84' lang='grc' dir='ltr'>ἐποιήσατε.</span> <span class='ocrx_word' id='word_1_642' title='bbox 3600 3806 3621 3837; x_wconf 75' lang='grc' dir='ltr'><strong>ι</strong></span> <span class='ocrx_word' id='word_1_643' title='bbox 3653 3786 3748 3837; x_wconf 56' lang='grc' dir='ltr'>ιιι.</span> 
     </span>
    </p>
   </div>
   <div class='ocr_carea' id='block_1_81' title="bbox 2184 3874 3746 3948">
    <p class='ocr_par' dir='ltr' id='par_1_81' title="bbox 2184 3874 3746 3948">
     <span class='ocr_line' id='line_1_81' title="bbox 2184 3874 3746 3948; baseline 0 -21"><span class='ocrx_word' id='word_1_644' title='bbox 2184 3874 2265 3927; x_wconf 89' lang='grc' dir='ltr'><strong>λιν</strong></span> <span class='ocrx_word' id='word_1_645' title='bbox 2291 3877 2354 3929; x_wconf 89' lang='grc' dir='ltr'><strong>ἐκ</strong></span> <span class='ocrx_word' id='word_1_646' title='bbox 2384 3876 2491 3929; x_wconf 90' lang='grc' dir='ltr'><strong>τῶν</strong></span> <span class='ocrx_word' id='word_1_647' title='bbox 2524 3875 2777 3930; x_wconf 83' lang='grc' dir='ltr'>ἐναντίων</span> <span class='ocrx_word' id='word_1_648' title='bbox 2807 3877 2942 3947; x_wconf 80' lang='grc' dir='ltr'>πρὸς</span> <span class='ocrx_word' id='word_1_649' title='bbox 2967 3877 3091 3940; x_wconf 80' lang='grc' dir='ltr'>τοὺς</span> <span class='ocrx_word' id='word_1_650' title='bbox 3118 3877 3288 3931; x_wconf 83' lang='grc' dir='ltr'>ταῦτα</span> <span class='ocrx_word' id='word_1_651' title='bbox 3318 3877 3394 3948; x_wconf 82' lang='grc' dir='ltr'>μὴ</span> <span class='ocrx_word' id='word_1_652' title='bbox 3441 3878 3746 3948; x_wconf 76' lang='grc' dir='ltr'>παρασχόν-</span> 
     </span>
    </p>
   </div>
   <div class='ocr_carea' id='block_1_82' title="bbox 2183 3967 3745 4040">
    <p class='ocr_par' dir='ltr' id='par_1_82' title="bbox 2183 3967 3745 4040">
     <span class='ocr_line' id='line_1_82' title="bbox 2183 3967 3745 4040; baseline -0.004 -17"><span class='ocrx_word' id='word_1_653' title='bbox 2183 3983 2300 4030; x_wconf 84' lang='grc' dir='ltr'>τας·</span> <span class='ocrx_word' id='word_1_654' title='bbox 2328 3985 2347 4018; x_wconf 71' lang='grc' dir='ltr'>ί</span> <span class='ocrx_word' id='word_1_655' title='bbox 2392 3967 2560 4040; x_wconf 82' lang='grc' dir='ltr'>Ἀμὴν</span> <span class='ocrx_word' id='word_1_656' title='bbox 2592 3969 2731 4038; x_wconf 85' lang='grc' dir='ltr'>λέγω</span> <span class='ocrx_word' id='word_1_657' title='bbox 2764 3969 2912 4040; x_wconf 87' lang='grc' dir='ltr'>ὑμῖν,</span> <span class='ocrx_word' id='word_1_658' title='bbox 2958 3971 3041 4038; x_wconf 83' lang='grc' dir='ltr'>ἐφ’</span> <span class='ocrx_word' id='word_1_659' title='bbox 3067 3970 3188 4023; x_wconf 84' lang='grc' dir='ltr'>ὅσον</span> <span class='ocrx_word' id='word_1_660' title='bbox 3219 3969 3317 4022; x_wconf 88' lang='grc' dir='ltr'><strong>οὐκ</strong></span> <span class='ocrx_word' id='word_1_661' title='bbox 3351 3970 3649 4038; x_wconf 81' lang='grc' dir='ltr'>ἐποιήσατε</span> <span class='ocrx_word' id='word_1_662' title='bbox 3677 3969 3745 4020; x_wconf 70' lang='grc' dir='ltr'>ἐνὶ</span> 
     </span>
    </p>
   </div>
   <div class='ocr_carea' id='block_1_83' title="bbox 2183 4057 3747 4133">
    <p class='ocr_par' dir='ltr' id='par_1_83' title="bbox 2183 4057 3747 4133">
     <span class='ocr_line' id='line_1_83' title="bbox 2183 4057 3747 4133; baseline 0.002 -21"><span class='ocrx_word' id='word_1_663' title='bbox 2183 4057 2386 4113; x_wconf 83' lang='grc' dir='ltr'>τούτων</span> <span class='ocrx_word' id='word_1_664' title='bbox 2422 4059 2531 4114; x_wconf 90' lang='grc' dir='ltr'><strong>τῶν</strong></span> <span class='ocrx_word' id='word_1_665' title='bbox 2561 4061 2879 4133; x_wconf 74' lang='grc' dir='ltr'>ἐλαχίστων,</span> <span class='ocrx_word' id='word_1_666' title='bbox 2913 4061 3035 4114; x_wconf 87' lang='grc' dir='ltr'><strong>οὐδέ</strong></span> <span class='ocrx_word' id='word_1_667' title='bbox 3059 4062 3180 4132; x_wconf 71' lang='grc' dir='ltr'>ἐμοὶ</span> <span class='ocrx_word' id='word_1_668' title='bbox 3209 4063 3524 4132; x_wconf 83' lang='grc' dir='ltr'>ἐποιήσατε.</span> <span class='ocrx_word' id='word_1_669' title='bbox 3569 4081 3592 4114; x_wconf 75' lang='grc' dir='ltr'><strong>ι</strong></span> <span class='ocrx_word' id='word_1_670' title='bbox 3648 4059 3747 4116; x_wconf 71' lang='grc' dir='ltr'>Καὶ</span> 
     </span>
    </p>
   </div>
   <div class='ocr_carea' id='block_1_84' title="bbox 2185 4150 3747 4224">
    <p class='ocr_par' dir='ltr' id='par_1_84' title="bbox 2185 4150 3747 4224">
     <span class='ocr_line' id='line_1_84' title="bbox 2185 4150 3747 4224; baseline 0.001 -21"><span class='ocrx_word' id='word_1_671' title='bbox 2185 4150 2435 4222; x_wconf 80' lang='grc' dir='ltr'>ἀλλαχοῦ·</span> <span class='ocrx_word' id='word_1_672' title='bbox 2476 4171 2495 4203; x_wconf 71' lang='grc' dir='ltr'><strong>ι</strong></span> <span class='ocrx_word' id='word_1_673' title='bbox 2545 4153 2604 4206; x_wconf 91' lang='lat'><strong>&#39;0</strong></span> <span class='ocrx_word' id='word_1_674' title='bbox 2635 4155 2781 4224; x_wconf 79' lang='grc' dir='ltr'>ὑμᾶς</span> <span class='ocrx_word' id='word_1_675' title='bbox 2823 4153 3107 4224; x_wconf 85' lang='grc' dir='ltr'>δεχόμενος</span> <span class='ocrx_word' id='word_1_676' title='bbox 3138 4153 3236 4224; x_wconf 80' lang='grc' dir='ltr'>ἐμὲ</span> <span class='ocrx_word' id='word_1_677' title='bbox 3267 4153 3506 4224; x_wconf 86' lang='grc' dir='ltr'>δέχεται·</span> <span class='ocrx_word' id='word_1_678' title='bbox 3548 4155 3582 4206; x_wconf 85' lang='lat'><strong>6</strong></span> <span class='ocrx_word' id='word_1_679' title='bbox 3611 4153 3747 4223; x_wconf 71' lang='grc' dir='ltr'>ὑμᾶς</span> 
     </span>
    </p>
   </div>
   <div class='ocr_carea' id='block_1_85' title="bbox 2189 4241 2998 4315">
    <p class='ocr_par' dir='ltr' id='par_1_85' title="bbox 2189 4241 2998 4315">
     <span class='ocr_line' id='line_1_85' title="bbox 2189 4241 2998 4315; baseline 0.002 -19"><span class='ocrx_word' id='word_1_680' title='bbox 2189 4241 2263 4314; x_wconf 84' lang='grc' dir='ltr'><strong>μὴ</strong></span> <span class='ocrx_word' id='word_1_681' title='bbox 2291 4243 2576 4315; x_wconf 87' lang='grc' dir='ltr'>δεχόμενος</span> <span class='ocrx_word' id='word_1_682' title='bbox 2608 4244 2707 4315; x_wconf 82' lang='grc' dir='ltr'><strong>ἐμὲ</strong></span> <span class='ocrx_word' id='word_1_683' title='bbox 2739 4243 2937 4300; x_wconf 83' lang='grc' dir='ltr'>ἀθετεῖ.</span> <span class='ocrx_word' id='word_1_684' title='bbox 2978 4265 2998 4298; x_wconf 70' lang='grc' dir='ltr'><strong>ι</strong></span> 
     </span>
    </p>
   </div>
   <div class='ocr_carea' id='block_1_86' title="bbox 2247 4372 3744 4447">
    <p class='ocr_par' dir='ltr' id='par_1_86' title="bbox 2247 4372 3744 4447">
     <span class='ocr_line' id='line_1_86' title="bbox 2247 4372 3744 4447; baseline -0.003 -19"><span class='ocrx_word' id='word_1_685' title='bbox 2247 4375 2371 4428; x_wconf 80' lang='lat' dir='ltr'><strong>AA&#39;.</strong></span> <span class='ocrx_word' id='word_1_686' title='bbox 2406 4375 2636 4439; x_wconf 80' lang='grc' dir='ltr'>Τούτους</span> <span class='ocrx_word' id='word_1_687' title='bbox 2659 4375 2752 4429; x_wconf 75' lang='grc' dir='ltr'>καὶ</span> <span class='ocrx_word' id='word_1_688' title='bbox 2783 4375 2944 4429; x_wconf 86' lang='grc' dir='ltr'>τέκνα</span> <span class='ocrx_word' id='word_1_689' title='bbox 2969 4375 3062 4429; x_wconf 74' lang='grc' dir='ltr'>καὶ</span> <span class='ocrx_word' id='word_1_690' title='bbox 3087 4375 3291 4440; x_wconf 88' lang='grc' dir='ltr'>παιδία,</span> <span class='ocrx_word' id='word_1_691' title='bbox 3310 4376 3406 4430; x_wconf 68' lang='grc' dir='ltr'>καὶ</span> <span class='ocrx_word' id='word_1_692' title='bbox 3430 4378 3627 4447; x_wconf 76' lang='grc' dir='ltr'>νήπια,</span> <span class='ocrx_word' id='word_1_693' title='bbox 3660 4372 3744 4427; x_wconf 77' lang='grc' dir='ltr'><strong>καὶ</strong></span> 
     </span>
    </p>
   </div>
   <div class='ocr_carea' id='block_1_87' title="bbox 522 4450 2082 4560">
    <p class='ocr_par' dir='ltr' id='par_1_87' title="bbox 522 4450 2079 4560">
     <span class='ocr_line' id='line_1_87' title="bbox 522 4450 2079 4527; baseline 0.014 -25"><span class='ocrx_word' id='word_1_694' title='bbox 522 4450 748 4515; x_wconf 88' lang='lat' dir='ltr'><strong>amicos,</strong></span> <span class='ocrx_word' id='word_1_695' title='bbox 763 4463 814 4507; x_wconf 91' lang='lat' dir='ltr'><strong>et</strong></span> <span class='ocrx_word' id='word_1_696' title='bbox 827 4457 1078 4524; x_wconf 82' lang='lat' dir='ltr'><strong>parvulos</strong></span> <span class='ocrx_word' id='word_1_697' title='bbox 1095 4457 1147 4511; x_wconf 93' lang='lat' dir='ltr'><strong>in</strong></span> <span class='ocrx_word' id='word_1_698' title='bbox 1164 4461 1435 4527; x_wconf 68' lang='lat' dir='ltr'><strong>prmsenti,</strong></span> <span class='ocrx_word' id='word_1_699' title='bbox 1458 4463 1503 4516; x_wconf 92' lang='lat' dir='ltr'><strong>si</strong></span> <span class='ocrx_word' id='word_1_700' title='bbox 1526 4478 1648 4516; x_wconf 91' lang='lat' dir='ltr'><strong>cum</strong></span> <span class='ocrx_word' id='word_1_701' title='bbox 1665 4463 1843 4520; x_wconf 88' lang='lat' dir='ltr'><strong>futura</strong></span> <span class='ocrx_word' id='word_1_702' title='bbox 1864 4468 2079 4524; x_wconf 89' lang='lat' dir='ltr'><strong>illorum</strong></span> 
     </span>
     <span class='ocr_line' id='line_1_88' title="bbox 522 4537 1701 4560; baseline 0 0"><span class='ocrx_word' id='word_1_703' title='bbox 522 4537 572 4560; x_wconf 69' lang='grc' dir='ltr'><strong>ξ..</strong></span> <span class='ocrx_word' id='word_1_704' title='bbox 614 4541 760 4560; x_wconf 69' lang='lat'><strong>-_|§_</strong></span> <span class='ocrx_word' id='word_1_705' title='bbox 794 4558 868 4560; x_wconf 12' lang='lat' dir='ltr'><strong>m-‘</strong></span> <span class='ocrx_word' id='word_1_706' title='bbox 959 4546 990 4560; x_wconf 71' lang='grc' dir='ltr'>ο,</span> <span class='ocrx_word' id='word_1_707' title='bbox 1056 4547 1088 4560; x_wconf 77' lang='grc' dir='ltr'><strong>ι.</strong></span> <span class='ocrx_word' id='word_1_708' title='bbox 1301 4549 1322 4560; x_wconf 63' lang='grc'>.-</span> <span class='ocrx_word' id='word_1_709' title='bbox 1460 4559 1466 4560; x_wconf 61' lang='lat'><strong><em>,</em></strong></span> <span class='ocrx_word' id='word_1_710' title='bbox 1657 4553 1701 4560; x_wconf 82' lang='lat'><strong>_-</strong></span> 
     </span>
    </p>
   </div>
   <div class='ocr_carea' id='block_1_88' title="bbox 2188 4450 3748 4560">
    <p class='ocr_par' dir='ltr' id='par_1_88' title="bbox 2188 4465 3748 4539">
     <span class='ocr_line' id='line_1_89' title="bbox 2188 4465 3748 4539; baseline 0 -21"><span class='ocrx_word' id='word_1_711' title='bbox 2188 4465 2370 4534; x_wconf 86' lang='grc' dir='ltr'>φίλους</span> <span class='ocrx_word' id='word_1_712' title='bbox 2394 4466 2663 4537; x_wconf 77' lang='grc' dir='ltr'>ὀνομάζει,</span> <span class='ocrx_word' id='word_1_713' title='bbox 2678 4467 2770 4520; x_wconf 75' lang='grc' dir='ltr'>καὶ</span> <span class='ocrx_word' id='word_1_714' title='bbox 2791 4468 3016 4539; x_wconf 82' lang='grc' dir='ltr'>μικροὺς</span> <span class='ocrx_word' id='word_1_715' title='bbox 3034 4467 3215 4522; x_wconf 85' lang='grc' dir='ltr'>ἐνθάδε</span> <span class='ocrx_word' id='word_1_716' title='bbox 3233 4467 3308 4532; x_wconf 84' lang='grc' dir='ltr'>ὡς</span> <span class='ocrx_word' id='word_1_717' title='bbox 3323 4467 3464 4539; x_wconf 76' lang='grc' dir='ltr'>πρὸς</span> <span class='ocrx_word' id='word_1_718' title='bbox 3481 4468 3545 4521; x_wconf 74' lang='grc' dir='ltr'><strong>τὸ</strong></span> <span class='ocrx_word' id='word_1_719' title='bbox 3565 4467 3748 4538; x_wconf 82' lang='grc' dir='ltr'>μέλλον</span> 
     </span>
    </p>
   </div>
   <div class='ocr_carea' id='block_1_89' title="bbox 520 4541 2082 4632">
    <p class='ocr_par' dir='ltr' id='par_1_89' title="bbox 520 4541 2079 4614">
     <span class='ocr_line' id='line_1_90' title="bbox 520 4541 2079 4614; baseline 0.016 -24"><span class='ocrx_word' id='word_1_720' title='bbox 520 4541 576 4591; x_wconf 92' lang='lat' dir='ltr'><strong>in</strong></span> <span class='ocrx_word' id='word_1_721' title='bbox 609 4541 764 4595; x_wconf 77' lang='lat' dir='ltr'><strong>ccclis</strong></span> <span class='ocrx_word' id='word_1_722' title='bbox 792 4546 1163 4613; x_wconf 84' lang='lat' dir='ltr'><strong>magnitudine</strong></span> <span class='ocrx_word' id='word_1_723' title='bbox 1189 4549 1562 4608; x_wconf 90' lang='lat' dir='ltr'><strong>conferantur.</strong></span> <span class='ocrx_word' id='word_1_724' title='bbox 1605 4572 1623 4605; x_wconf 73' lang='grc' dir='ltr'><strong>ι</strong></span> <span class='ocrx_word' id='word_1_725' title='bbox 1657 4553 1734 4610; x_wconf 88' lang='lat' dir='ltr'><strong>Ne</strong></span> <span class='ocrx_word' id='word_1_726' title='bbox 1762 4566 2079 4614; x_wconf 83' lang='lat' dir='ltr'><strong>contemna-</strong></span> 
     </span>
    </p>
   </div>
   <div class='ocr_carea' id='block_1_90' title="bbox 2188 4541 3746 4632">
    <p class='ocr_par' dir='ltr' id='par_1_90' title="bbox 2188 4557 3746 4632">
     <span class='ocr_line' id='line_1_91' title="bbox 2188 4557 3746 4632; baseline -0.001 -20"><span class='ocrx_word' id='word_1_727' title='bbox 2188 4558 2293 4612; x_wconf 75' lang='grc' dir='ltr'><strong>ἅνω</strong></span> <span class='ocrx_word' id='word_1_728' title='bbox 2348 4557 2574 4630; x_wconf 88' lang='grc' dir='ltr'>μέγεθος</span> <span class='ocrx_word' id='word_1_729' title='bbox 2601 4559 2796 4613; x_wconf 88' lang='grc' dir='ltr'>αὐτῶν·</span> <span class='ocrx_word' id='word_1_730' title='bbox 2855 4578 2873 4611; x_wconf 82' lang='lat' dir='ltr'><strong>t</strong></span> <span class='ocrx_word' id='word_1_731' title='bbox 2912 4561 3003 4632; x_wconf 86' lang='grc' dir='ltr'><strong>Μὴ</strong></span> <span class='ocrx_word' id='word_1_732' title='bbox 3037 4561 3509 4632; x_wconf 79' lang='grc' dir='ltr'>καταφρονήσητε,</span> <span class='ocrx_word' id='word_1_733' title='bbox 3559 4560 3746 4626; x_wconf 83' lang='grc' dir='ltr'>λέγων,</span> 
     </span>
    </p>
   </div>
   <div class='ocr_carea' id='block_1_91' title="bbox 517 4633 2072 4722">
    <p class='ocr_par' dir='ltr' id='par_1_91' title="bbox 517 4633 2072 4722">
     <span class='ocr_line' id='line_1_92' title="bbox 517 4633 2072 4722; baseline 0.014 -36"><span class='ocrx_word' id='word_1_734' title='bbox 517 4633 609 4697; x_wconf 86' lang='lat' dir='ltr'><strong>tis,</strong></span> <span class='ocrx_word' id='word_1_735' title='bbox 641 4633 835 4704; x_wconf 88' lang='lat' dir='ltr'><strong>inquit,</strong></span> <span class='ocrx_word' id='word_1_736' title='bbox 882 4655 1049 4694; x_wconf 90' lang='lat' dir='ltr'><strong>unum</strong></span> <span class='ocrx_word' id='word_1_737' title='bbox 1080 4657 1145 4697; x_wconf 83' lang='lat' dir='ltr'><strong>ex</strong></span> <span class='ocrx_word' id='word_1_738' title='bbox 1185 4650 1242 4707; x_wconf 77' lang='grc' dir='ltr'><strong>›Ι‹</strong></span> <span class='ocrx_word' id='word_1_739' title='bbox 1278 4645 1364 4701; x_wconf 91' lang='lat' dir='ltr'><strong>his</strong></span> <span class='ocrx_word' id='word_1_740' title='bbox 1411 4648 1660 4716; x_wconf 90' lang='lat' dir='ltr'><strong>pusillis;</strong></span> <span class='ocrx_word' id='word_1_741' title='bbox 1713 4652 1888 4722; x_wconf 88' lang='lat' dir='ltr'><strong>angeli</strong></span> <span class='ocrx_word' id='word_1_742' title='bbox 1929 4654 2072 4708; x_wconf 88' lang='lat' dir='ltr'><strong>enim</strong></span> 
     </span>
    </p>
   </div>
   <div class='ocr_carea' id='block_1_92' title="bbox 515 4731 2075 4811">
    <p class='ocr_par' dir='ltr' id='par_1_92' title="bbox 515 4731 2075 4811">
     <span class='ocr_line' id='line_1_93' title="bbox 515 4731 2075 4811; baseline 0.015 -35"><span class='ocrx_word' id='word_1_743' title='bbox 515 4736 704 4777; x_wconf 91' lang='lat' dir='ltr'><strong>eorum</strong></span> <span class='ocrx_word' id='word_1_744' title='bbox 734 4741 946 4796; x_wconf 90' lang='lat' dir='ltr'><strong>semper</strong></span> <span class='ocrx_word' id='word_1_745' title='bbox 974 4731 1156 4786; x_wconf 91' lang='lat' dir='ltr'><strong>vident</strong></span> <span class='ocrx_word' id='word_1_746' title='bbox 1187 4733 1378 4791; x_wconf 89' lang='lat' dir='ltr'><strong>faciem</strong></span> <span class='ocrx_word' id='word_1_747' title='bbox 1408 4735 1587 4794; x_wconf 86' lang='lat' dir='ltr'><strong>Patris</strong></span> <span class='ocrx_word' id='word_1_748' title='bbox 1625 4740 1752 4804; x_wconf 89' lang='lat' dir='ltr'><strong>mei,</strong></span> <span class='ocrx_word' id='word_1_749' title='bbox 1787 4743 1877 4811; x_wconf 94' lang='lat' dir='ltr'><strong>qui</strong></span> <span class='ocrx_word' id='word_1_750' title='bbox 1910 4751 1991 4799; x_wconf 90' lang='lat' dir='ltr'><strong>est</strong></span> <span class='ocrx_word' id='word_1_751' title='bbox 2021 4745 2075 4800; x_wconf 91' lang='lat' dir='ltr'><strong>in</strong></span> 
     </span>
    </p>
   </div>
   <div class='ocr_carea' id='block_1_93' title="bbox 517 4815 2077 4906">
    <p class='ocr_par' dir='ltr' id='par_1_93' title="bbox 517 4815 2077 4906">
     <span class='ocr_line' id='line_1_94' title="bbox 517 4815 2077 4906; baseline 0.015 -39"><span class='ocrx_word' id='word_1_752' title='bbox 517 4815 672 4906; x_wconf 68' lang='lat' dir='ltr'><strong>cmlis</strong></span> <span class='ocrx_word' id='word_1_753' title='bbox 704 4815 746 4868; x_wconf 69' lang='grc' dir='ltr'><strong>ί.</strong></span> <span class='ocrx_word' id='word_1_754' title='bbox 778 4837 795 4869; x_wconf 76' lang='grc' dir='ltr'><strong>ι</strong></span> <span class='ocrx_word' id='word_1_755' title='bbox 821 4817 940 4875; x_wconf 90' lang='lat' dir='ltr'><strong>Alio</strong></span> <span class='ocrx_word' id='word_1_756' title='bbox 966 4823 1182 4891; x_wconf 75' lang='lat' dir='ltr'><strong>quident</strong></span> <span class='ocrx_word' id='word_1_757' title='bbox 1215 4827 1366 4883; x_wconf 92' lang='lat' dir='ltr'><strong>loco:</strong></span> <span class='ocrx_word' id='word_1_758' title='bbox 1401 4848 1420 4880; x_wconf 75' lang='grc' dir='ltr'><strong>ι</strong></span> <span class='ocrx_word' id='word_1_759' title='bbox 1459 4829 1634 4886; x_wconf 84' lang='lat' dir='ltr'><strong>Nolite</strong></span> <span class='ocrx_word' id='word_1_760' title='bbox 1661 4834 1870 4898; x_wconf 88' lang='lat' dir='ltr'><strong>timere,</strong></span> <span class='ocrx_word' id='word_1_761' title='bbox 1905 4838 2077 4906; x_wconf 85' lang='lat' dir='ltr'><strong>pusil-</strong></span> 
     </span>
    </p>
   </div>
   <div class='ocr_carea' id='block_1_94' title="bbox 449 4904 2073 4997">
    <p class='ocr_par' dir='ltr' id='par_1_94' title="bbox 449 4904 2073 4997">
     <span class='ocr_line' id='line_1_95' title="bbox 449 4904 2073 4997; baseline 0.012 -35"><span class='ocrx_word' id='word_1_762' title='bbox 449 4955 456 4962; x_wconf 76' lang='lat'><strong><em>,</em></strong></span> <span class='ocrx_word' id='word_1_763' title='bbox 516 4904 602 4960; x_wconf 90' lang='lat' dir='ltr'><strong>lus</strong></span> <span class='ocrx_word' id='word_1_764' title='bbox 618 4922 775 4974; x_wconf 87' lang='lat' dir='ltr'><strong>grex:</strong></span> <span class='ocrx_word' id='word_1_765' title='bbox 808 4913 1133 4982; x_wconf 89' lang='lat' dir='ltr'><strong>complacuit</strong></span> <span class='ocrx_word' id='word_1_766' title='bbox 1165 4918 1308 4971; x_wconf 91' lang='lat' dir='ltr'><strong>enim</strong></span> <span class='ocrx_word' id='word_1_767' title='bbox 1338 4918 1485 4974; x_wconf 88' lang='lat' dir='ltr'><strong>Patri</strong></span> <span class='ocrx_word' id='word_1_768' title='bbox 1515 4923 1644 4978; x_wconf 90' lang='lat' dir='ltr'><strong>dare</strong></span> <span class='ocrx_word' id='word_1_769' title='bbox 1666 4925 1817 4981; x_wconf 91' lang='lat' dir='ltr'><strong>vobis</strong></span> <span class='ocrx_word' id='word_1_770' title='bbox 1847 4904 2073 4997; x_wconf 79' lang='lat' dir='ltr'><strong>regnum</strong></span> 
     </span>
    </p>
   </div>
   <div class='ocr_carea' id='block_1_95' title="bbox 515 4998 2066 5082">
    <p class='ocr_par' dir='ltr' id='par_1_95' title="bbox 515 4998 2066 5082">
     <span class='ocr_line' id='line_1_96' title="bbox 515 4998 2066 5082; baseline 0.014 -33"><span class='ocrx_word' id='word_1_771' title='bbox 515 4998 778 5054; x_wconf 75' lang='lat' dir='ltr'><strong>cmlorum</strong></span> <span class='ocrx_word' id='word_1_772' title='bbox 814 5003 858 5056; x_wconf 76' lang='grc' dir='ltr'>ε.</span> <span class='ocrx_word' id='word_1_773' title='bbox 902 5021 922 5054; x_wconf 72' lang='grc' dir='ltr'><strong>ι</strong></span> <span class='ocrx_word' id='word_1_774' title='bbox 986 5002 1098 5059; x_wconf 83' lang='lat' dir='ltr'><strong>llac</strong></span> <span class='ocrx_word' id='word_1_775' title='bbox 1155 5006 1271 5076; x_wconf 91' lang='lat' dir='ltr'><strong>ipsa</strong></span> <span class='ocrx_word' id='word_1_776' title='bbox 1307 5011 1552 5081; x_wconf 89' lang='lat' dir='ltr'><strong>ratione,</strong></span> <span class='ocrx_word' id='word_1_777' title='bbox 1603 5014 1765 5070; x_wconf 90' lang='lat' dir='ltr'><strong>etiam</strong></span> <span class='ocrx_word' id='word_1_778' title='bbox 1814 5014 2023 5071; x_wconf 87' lang='lat' dir='ltr'><strong>Joanne</strong></span> <span class='ocrx_word' id='word_1_779' title='bbox 2050 5057 2066 5082; x_wconf 91' lang='lat'><strong>,</strong></span> 
     </span>
    </p>
   </div>
   <div class='ocr_carea' id='block_1_96' title="bbox 515 5088 2073 5175">
    <p class='ocr_par' dir='ltr' id='par_1_96' title="bbox 515 5088 2073 5175">
     <span class='ocr_line' id='line_1_97' title="bbox 515 5088 2073 5175; baseline 0.014 -35"><span class='ocrx_word' id='word_1_780' title='bbox 515 5088 605 5156; x_wconf 91' lang='lat' dir='ltr'><strong>qui</strong></span> <span class='ocrx_word' id='word_1_781' title='bbox 636 5091 905 5149; x_wconf 82' lang='lat' dir='ltr'><strong>maximus</strong></span> <span class='ocrx_word' id='word_1_782' title='bbox 954 5101 1036 5150; x_wconf 88' lang='lat' dir='ltr'><strong>est</strong></span> <span class='ocrx_word' id='word_1_783' title='bbox 1072 5096 1214 5152; x_wconf 90' lang='lat' dir='ltr'><strong>inter</strong></span> <span class='ocrx_word' id='word_1_784' title='bbox 1245 5107 1402 5155; x_wconf 88' lang='lat' dir='ltr'><strong>natos</strong></span> <span class='ocrx_word' id='word_1_785' title='bbox 1424 5103 1730 5169; x_wconf 88' lang='lat' dir='ltr'><strong>tnulierum,</strong></span> <span class='ocrx_word' id='word_1_786' title='bbox 1763 5105 1857 5175; x_wconf 92' lang='lat' dir='ltr'><strong>qui</strong></span> <span class='ocrx_word' id='word_1_787' title='bbox 1894 5105 2073 5162; x_wconf 87' lang='lat' dir='ltr'><strong>minor</strong></span> 
     </span>
    </p>
   </div>
   <div class='ocr_carea' id='block_1_97' title="bbox 513 5180 2070 5268">
    <p class='ocr_par' dir='ltr' id='par_1_97' title="bbox 513 5180 2070 5268">
     <span class='ocr_line' id='line_1_98' title="bbox 513 5180 2070 5268; baseline 0.012 -36"><span class='ocrx_word' id='word_1_788' title='bbox 513 5184 598 5233; x_wconf 85' lang='lat' dir='ltr'><strong>est</strong></span> <span class='ocrx_word' id='word_1_789' title='bbox 639 5180 695 5234; x_wconf 94' lang='lat' dir='ltr'><strong>in</strong></span> <span class='ocrx_word' id='word_1_790' title='bbox 743 5197 911 5253; x_wconf 84' lang='lat' dir='ltr'><strong>regno</strong></span> <span class='ocrx_word' id='word_1_791' title='bbox 940 5186 1202 5242; x_wconf 73' lang='lat' dir='ltr'><strong>cmlorum</strong></span> <span class='ocrx_word' id='word_1_792' title='bbox 1231 5189 1410 5259; x_wconf 89' lang='lat' dir='ltr'><strong>(suum</strong></span> <span class='ocrx_word' id='word_1_793' title='bbox 1443 5192 1696 5247; x_wconf 89' lang='lat' dir='ltr'><strong>nimirum</strong></span> <span class='ocrx_word' id='word_1_794' title='bbox 1722 5195 2070 5268; x_wconf 91' lang='lat' dir='ltr'><strong>discipulum)</strong></span> 
     </span>
    </p>
   </div>
   <div class='ocr_carea' id='block_1_98' title="bbox 511 5272 2071 5359">
    <p class='ocr_par' dir='ltr' id='par_1_98' title="bbox 511 5272 2071 5359">
     <span class='ocr_line' id='line_1_99' title="bbox 511 5272 2071 5359; baseline 0.014 -36"><span class='ocrx_word' id='word_1_795' title='bbox 511 5272 772 5341; x_wconf 87' lang='lat' dir='ltr'><strong>majorem</strong></span> <span class='ocrx_word' id='word_1_796' title='bbox 789 5291 910 5333; x_wconf 90' lang='lat' dir='ltr'><strong>esse</strong></span> <span class='ocrx_word' id='word_1_797' title='bbox 931 5278 1081 5333; x_wconf 91' lang='lat' dir='ltr'><strong>dicit.</strong></span> <span class='ocrx_word' id='word_1_798' title='bbox 1114 5280 1189 5334; x_wconf 86' lang='lat' dir='ltr'><strong>Ac</strong></span> <span class='ocrx_word' id='word_1_799' title='bbox 1220 5299 1441 5339; x_wconf 89' lang='lat' dir='ltr'><strong>rursus:</strong></span> <span class='ocrx_word' id='word_1_800' title='bbox 1467 5303 1486 5335; x_wconf 85' lang='grc'><em>‹</em></span> <span class='ocrx_word' id='word_1_801' title='bbox 1520 5285 1623 5352; x_wconf 88' lang='lat' dir='ltr'><strong>Qui</strong></span> <span class='ocrx_word' id='word_1_802' title='bbox 1647 5287 1840 5359; x_wconf 90' lang='lat' dir='ltr'><strong>recipit</strong></span> <span class='ocrx_word' id='word_1_803' title='bbox 1862 5290 2071 5359; x_wconf 91' lang='lat' dir='ltr'><strong>justum</strong></span> 
     </span>
    </p>
   </div>
   <div class='ocr_carea' id='block_1_99' title="bbox 511 5367 2072 5450">
    <p class='ocr_par' dir='ltr' id='par_1_99' title="bbox 511 5367 2072 5450">
     <span class='ocr_line' id='line_1_100' title="bbox 511 5367 2072 5450; baseline 0.015 -34"><span class='ocrx_word' id='word_1_804' title='bbox 511 5370 605 5418; x_wconf 86' lang='lat' dir='ltr'><strong>aut</strong></span> <span class='ocrx_word' id='word_1_805' title='bbox 630 5367 948 5438; x_wconf 89' lang='lat' dir='ltr'><strong>prophetam</strong></span> <span class='ocrx_word' id='word_1_806' title='bbox 977 5372 1032 5427; x_wconf 90' lang='lat' dir='ltr'><strong>in</strong></span> <span class='ocrx_word' id='word_1_807' title='bbox 1063 5375 1282 5431; x_wconf 89' lang='lat' dir='ltr'><strong>nomine</strong></span> <span class='ocrx_word' id='word_1_808' title='bbox 1311 5375 1447 5446; x_wconf 90' lang='lat' dir='ltr'><strong>justi</strong></span> <span class='ocrx_word' id='word_1_809' title='bbox 1475 5385 1570 5433; x_wconf 90' lang='lat' dir='ltr'><strong>aut</strong></span> <span class='ocrx_word' id='word_1_810' title='bbox 1596 5378 1890 5450; x_wconf 82' lang='lat' dir='ltr'><strong>prophetae,</strong></span> <span class='ocrx_word' id='word_1_811' title='bbox 1923 5383 2072 5440; x_wconf 89' lang='lat' dir='ltr'><strong>illius</strong></span> 
     </span>
    </p>
   </div>
   <div class='ocr_carea' id='block_1_100' title="bbox 619 5592 1406 5660">
    <p class='ocr_par' dir='ltr' id='par_1_100' title="bbox 619 5592 1406 5660">
     <span class='ocr_line' id='line_1_101' title="bbox 619 5592 1406 5660; baseline 0.008 -6"><span class='ocrx_word' id='word_1_812' title='bbox 619 5596 677 5654; x_wconf 54' lang='grc' dir='ltr'><strong>υἷέ</strong></span> <span class='ocrx_word' id='word_1_813' title='bbox 719 5592 780 5651; x_wconf 89' lang='lat' dir='ltr'><strong>P.</strong></span> <span class='ocrx_word' id='word_1_814' title='bbox 823 5596 928 5654; x_wconf 75' lang='grc'><strong>945</strong></span> <span class='ocrx_word' id='word_1_815' title='bbox 963 5597 1070 5655; x_wconf 88' lang='grc' dir='ltr'><strong>ΕΙ).</strong></span> <span class='ocrx_word' id='word_1_816' title='bbox 1111 5599 1406 5660; x_wconf 76' lang='lat' dir='ltr'><strong>POTTER.</strong></span> 
     </span>
    </p>
   </div>
   <div class='ocr_carea' id='block_1_101' title="bbox 507 5656 1298 5784">
    <p class='ocr_par' dir='ltr' id='par_1_101' title="bbox 507 5656 1298 5784">
     <span class='ocr_line' id='line_1_102' title="bbox 507 5656 1298 5784; baseline 0.053 -78"><span class='ocrx_word' id='word_1_817' title='bbox 507 5656 763 5784; x_wconf 54' lang='lat' dir='ltr'><strong>:IMﬂth.</strong></span> <span class='ocrx_word' id='word_1_818' title='bbox 826 5683 951 5737; x_wconf 79' lang='lat' dir='ltr'><strong>xxv,</strong></span> <span class='ocrx_word' id='word_1_819' title='bbox 1001 5671 1087 5738; x_wconf 74' lang='grc'><strong>54,</strong></span> <span class='ocrx_word' id='word_1_820' title='bbox 1147 5656 1298 5745; x_wconf 48' lang='grc' dir='ltr'>εεψῖ-</span> 
     </span>
    </p>
   </div>
   <div class='ocr_carea' id='block_1_102' title="bbox 1516 5606 2480 5679">
    <p class='ocr_par' dir='ltr' id='par_1_102' title="bbox 1516 5606 2480 5679">
     <span class='ocr_line' id='line_1_103' title="bbox 1516 5606 2480 5679; baseline 0.002 -16"><span class='ocrx_word' id='word_1_821' title='bbox 1516 5617 1541 5647; x_wconf 71' lang='grc' dir='ltr'>ι</span> <span class='ocrx_word' id='word_1_822' title='bbox 1579 5606 1737 5679; x_wconf 79' lang='lat' dir='ltr'><strong>Joan.</strong></span> <span class='ocrx_word' id='word_1_823' title='bbox 1770 5626 1880 5676; x_wconf 80' lang='lat' dir='ltr'><strong>xw,</strong></span> <span class='ocrx_word' id='word_1_824' title='bbox 1913 5611 2017 5679; x_wconf 73' lang='lat'><strong>95;</strong></span> <span class='ocrx_word' id='word_1_825' title='bbox 2044 5611 2232 5667; x_wconf 85' lang='lat' dir='ltr'><strong>Matth.</strong></span> <span class='ocrx_word' id='word_1_826' title='bbox 2265 5628 2362 5673; x_wconf 83' lang='lat' dir='ltr'><strong>vn,</strong></span> <span class='ocrx_word' id='word_1_827' title='bbox 2393 5611 2480 5666; x_wconf 76' lang='lat'><strong>2|.</strong></span> 
     </span>
    </p>
   </div>
   <div class='ocr_carea' id='block_1_103' title="bbox 1407 5675 2230 5751">
    <p class='ocr_par' dir='ltr' id='par_1_103' title="bbox 1407 5675 2230 5751">
     <span class='ocr_line' id='line_1_104' title="bbox 1407 5675 2230 5751; baseline 0.011 -20"><span class='ocrx_word' id='word_1_828' title='bbox 1407 5691 1425 5714; x_wconf 78' lang='grc' dir='ltr'><strong><em>ο</em></strong></span> <span class='ocrx_word' id='word_1_829' title='bbox 1466 5675 1649 5734; x_wconf 83' lang='lat' dir='ltr'><strong>Matth.</strong></span> <span class='ocrx_word' id='word_1_830' title='bbox 1683 5696 1735 5748; x_wconf 80' lang='grc' dir='ltr'><strong>ιι,</strong></span> <span class='ocrx_word' id='word_1_831' title='bbox 1767 5675 1872 5751; x_wconf 67' lang='lat'><strong>40;</strong></span> <span class='ocrx_word' id='word_1_832' title='bbox 1895 5675 2026 5739; x_wconf 71' lang='lat' dir='ltr'><strong>Luc.</strong></span> <span class='ocrx_word' id='word_1_833' title='bbox 2053 5699 2106 5751; x_wconf 71' lang='grc' dir='ltr'>χ,</span> <span class='ocrx_word' id='word_1_834' title='bbox 2145 5683 2230 5741; x_wconf 88' lang='grc'>16.</span> 
     </span>
    </p>
   </div>
   <div class='ocr_carea' id='block_1_104' title="bbox 2180 4649 3748 4724">
    <p class='ocr_par' dir='ltr' id='par_1_104' title="bbox 2180 4649 3748 4724">
     <span class='ocr_line' id='line_1_105' title="bbox 2180 4649 3748 4724; baseline -0.001 -21"><span class='ocrx_word' id='word_1_835' title='bbox 2180 4649 2297 4714; x_wconf 82' lang='grc' dir='ltr'>ἐνὸς</span> <span class='ocrx_word' id='word_1_836' title='bbox 2319 4649 2423 4704; x_wconf 87' lang='grc' dir='ltr'><strong>τῶν</strong></span> <span class='ocrx_word' id='word_1_837' title='bbox 2455 4650 2665 4723; x_wconf 88' lang='grc' dir='ltr'>μικρῶν</span> <span class='ocrx_word' id='word_1_838' title='bbox 2688 4651 2889 4706; x_wconf 81' lang='grc' dir='ltr'>τούτων</span> <span class='ocrx_word' id='word_1_839' title='bbox 2908 4669 2920 4682; x_wconf 88' lang='grc'><strong>·</strong></span> <span class='ocrx_word' id='word_1_840' title='bbox 2959 4651 3160 4706; x_wconf 82' lang='grc' dir='ltr'>τούτων</span> <span class='ocrx_word' id='word_1_841' title='bbox 3181 4652 3286 4724; x_wconf 79' lang='grc' dir='ltr'>γὰρ</span> <span class='ocrx_word' id='word_1_842' title='bbox 3318 4653 3368 4704; x_wconf 82' lang='grc' dir='ltr'>οἱ</span> <span class='ocrx_word' id='word_1_843' title='bbox 3395 4651 3623 4719; x_wconf 81' lang='grc' dir='ltr'>ἄγγελοι</span> <span class='ocrx_word' id='word_1_844' title='bbox 3643 4650 3748 4702; x_wconf 75' lang='grc' dir='ltr'><strong>δια⁴</strong></span> 
     </span>
    </p>
   </div>
   <div class='ocr_carea' id='block_1_105' title="bbox 2179 4741 3747 4815">
    <p class='ocr_par' dir='ltr' id='par_1_105' title="bbox 2179 4741 3747 4815">
     <span class='ocr_line' id='line_1_106' title="bbox 2179 4741 3747 4815; baseline -0.001 -23"><span class='ocrx_word' id='word_1_845' title='bbox 2179 4741 2379 4804; x_wconf 83' lang='grc' dir='ltr'>παντὸς</span> <span class='ocrx_word' id='word_1_846' title='bbox 2440 4741 2691 4812; x_wconf 85' lang='grc' dir='ltr'>βλέπουσι</span> <span class='ocrx_word' id='word_1_847' title='bbox 2733 4743 2792 4796; x_wconf 87' lang='grc' dir='ltr'>τὺ</span> <span class='ocrx_word' id='word_1_848' title='bbox 2840 4744 3127 4815; x_wconf 89' lang='grc' dir='ltr'>πρόσωπον</span> <span class='ocrx_word' id='word_1_849' title='bbox 3178 4743 3271 4797; x_wconf 79' lang='grc' dir='ltr'><strong>τοῦ</strong></span> <span class='ocrx_word' id='word_1_850' title='bbox 3303 4744 3522 4814; x_wconf 85' lang='grc' dir='ltr'>Πατρός</span> <span class='ocrx_word' id='word_1_851' title='bbox 3559 4761 3664 4814; x_wconf 81' lang='grc' dir='ltr'><strong>μου</strong></span> <span class='ocrx_word' id='word_1_852' title='bbox 3696 4742 3747 4793; x_wconf 82' lang='grc' dir='ltr'><strong>ἐν</strong></span> 
     </span>
    </p>
   </div>
   <div class='ocr_carea' id='block_1_106' title="bbox 2178 4831 3747 4907">
    <p class='ocr_par' dir='ltr' id='par_1_106' title="bbox 2178 4831 3747 4907">
     <span class='ocr_line' id='line_1_107' title="bbox 2178 4831 3747 4907; baseline 0.003 -23"><span class='ocrx_word' id='word_1_853' title='bbox 2178 4831 2444 4904; x_wconf 90' lang='grc' dir='ltr'>οὐρανοῖς.</span> <span class='ocrx_word' id='word_1_854' title='bbox 2489 4852 2508 4885; x_wconf 85' lang='grc'>›</span> <span class='ocrx_word' id='word_1_855' title='bbox 2542 4834 2650 4887; x_wconf 72' lang='grc' dir='ltr'><strong>Καὶ</strong></span> <span class='ocrx_word' id='word_1_856' title='bbox 2682 4834 2924 4907; x_wconf 78' lang='grc' dir='ltr'>ἑτέρωθι·</span> <span class='ocrx_word' id='word_1_857' title='bbox 2970 4853 2989 4886; x_wconf 73' lang='grc' dir='ltr'><strong>ι</strong></span> <span class='ocrx_word' id='word_1_858' title='bbox 3041 4836 3134 4905; x_wconf 80' lang='grc' dir='ltr'><strong>Μὴ</strong></span> <span class='ocrx_word' id='word_1_859' title='bbox 3165 4834 3434 4904; x_wconf 79' lang='grc' dir='ltr'>φοϐεῖσθε,</span> <span class='ocrx_word' id='word_1_860' title='bbox 3467 4837 3530 4889; x_wconf 85' lang='grc' dir='ltr'>τὸ</span> <span class='ocrx_word' id='word_1_861' title='bbox 3559 4835 3747 4906; x_wconf 69' lang='grc' dir='ltr'>μικρὸν</span> 
     </span>
    </p>
   </div>
   <div class='ocr_carea' id='block_1_107' title="bbox 2179 4922 3748 4999">
    <p class='ocr_par' dir='ltr' id='par_1_107' title="bbox 2179 4922 3748 4999">
     <span class='ocr_line' id='line_1_108' title="bbox 2179 4922 3748 4999; baseline 0.001 -23"><span class='ocrx_word' id='word_1_862' title='bbox 2179 4922 2444 4993; x_wconf 91' lang='grc' dir='ltr'>ποίμνιον·</span> <span class='ocrx_word' id='word_1_863' title='bbox 2495 4924 2623 4995; x_wconf 88' lang='grc' dir='ltr'>ὑμῖν</span> <span class='ocrx_word' id='word_1_864' title='bbox 2654 4925 2763 4997; x_wconf 85' lang='grc' dir='ltr'>γὰρ</span> <span class='ocrx_word' id='word_1_865' title='bbox 2787 4925 3083 4997; x_wconf 75' lang='grc' dir='ltr'>ηὐδόκησεν</span> <span class='ocrx_word' id='word_1_866' title='bbox 3117 4929 3145 4980; x_wconf 90' lang='lat'><strong>6</strong></span> <span class='ocrx_word' id='word_1_867' title='bbox 3191 4927 3382 4998; x_wconf 83' lang='grc' dir='ltr'>Πατὴρ</span> <span class='ocrx_word' id='word_1_868' title='bbox 3414 4928 3748 4999; x_wconf 76' lang='grc' dir='ltr'>παραδοῦναι</span> 
     </span>
    </p>
   </div>
   <div class='ocr_carea' id='block_1_108' title="bbox 2178 5013 3745 5088">
    <p class='ocr_par' dir='ltr' id='par_1_108' title="bbox 2178 5013 3745 5088">
     <span class='ocr_line' id='line_1_109' title="bbox 2178 5013 3745 5088; baseline 0 -20"><span class='ocrx_word' id='word_1_869' title='bbox 2178 5013 2273 5086; x_wconf 82' lang='grc' dir='ltr'>τὴν</span> <span class='ocrx_word' id='word_1_870' title='bbox 2293 5014 2566 5085; x_wconf 85' lang='grc' dir='ltr'>βασιλείαν</span> <span class='ocrx_word' id='word_1_871' title='bbox 2597 5015 2705 5069; x_wconf 89' lang='grc' dir='ltr'><strong>τῶν</strong></span> <span class='ocrx_word' id='word_1_872' title='bbox 2731 5017 2992 5088; x_wconf 87' lang='grc' dir='ltr'>οὐρανῶν.</span> <span class='ocrx_word' id='word_1_873' title='bbox 3037 5037 3056 5071; x_wconf 72' lang='grc' dir='ltr'><strong>ι</strong></span> <span class='ocrx_word' id='word_1_874' title='bbox 3085 5017 3239 5071; x_wconf 71' lang='grc' dir='ltr'><strong>Κατὰ</strong></span> <span class='ocrx_word' id='word_1_875' title='bbox 3265 5017 3333 5071; x_wconf 81' lang='grc' dir='ltr'>τὰ</span> <span class='ocrx_word' id='word_1_876' title='bbox 3365 5019 3507 5072; x_wconf 79' lang='grc' dir='ltr'>αὐτὰ</span> <span class='ocrx_word' id='word_1_877' title='bbox 3530 5019 3624 5072; x_wconf 75' lang='grc' dir='ltr'><strong>καὶ</strong></span> <span class='ocrx_word' id='word_1_878' title='bbox 3660 5015 3745 5070; x_wconf 68' lang='grc' dir='ltr'>τοῦ</span> 
     </span>
    </p>
   </div>
   <div class='ocr_carea' id='block_1_109' title="bbox 2182 5107 3746 5178">
    <p class='ocr_par' dir='ltr' id='par_1_109' title="bbox 2182 5107 3746 5178">
     <span class='ocr_line' id='line_1_110' title="bbox 2182 5107 3746 5178; baseline 0.002 -21"><span class='ocrx_word' id='word_1_879' title='bbox 2182 5107 2434 5177; x_wconf 90' lang='grc' dir='ltr'>μεγίστου</span> <span class='ocrx_word' id='word_1_880' title='bbox 2475 5110 2533 5161; x_wconf 87' lang='grc' dir='ltr'><strong>ἐν</strong></span> <span class='ocrx_word' id='word_1_881' title='bbox 2555 5110 2831 5178; x_wconf 86' lang='grc' dir='ltr'>γεννητοῖς</span> <span class='ocrx_word' id='word_1_882' title='bbox 2861 5109 3133 5176; x_wconf 91' lang='grc' dir='ltr'>γυναικῶν</span> <span class='ocrx_word' id='word_1_883' title='bbox 3183 5109 3450 5174; x_wconf 78' lang='grc' dir='ltr'>Ἰωάννου,</span> <span class='ocrx_word' id='word_1_884' title='bbox 3499 5111 3591 5164; x_wconf 76' lang='grc' dir='ltr'>τὸν</span> <span class='ocrx_word' id='word_1_885' title='bbox 3632 5109 3746 5162; x_wconf 69' lang='grc' dir='ltr'>ἐλα-</span> 
     </span>
    </p>
   </div>
   <div class='ocr_carea' id='block_1_110' title="bbox 2172 5197 3742 5272">
    <p class='ocr_par' dir='ltr' id='par_1_110' title="bbox 2172 5197 3742 5272">
     <span class='ocr_line' id='line_1_111' title="bbox 2172 5197 3742 5272; baseline 0 -22"><span class='ocrx_word' id='word_1_886' title='bbox 2172 5215 2354 5268; x_wconf 86' lang='grc' dir='ltr'>χιστον</span> <span class='ocrx_word' id='word_1_887' title='bbox 2385 5199 2442 5252; x_wconf 88' lang='grc' dir='ltr'><strong>ἐν</strong></span> <span class='ocrx_word' id='word_1_888' title='bbox 2489 5201 2555 5270; x_wconf 82' lang='grc' dir='ltr'>τῇ</span> <span class='ocrx_word' id='word_1_889' title='bbox 2602 5197 2847 5270; x_wconf 83' lang='grc' dir='ltr'>βασιλείᾳ</span> <span class='ocrx_word' id='word_1_890' title='bbox 2878 5199 2987 5254; x_wconf 91' lang='grc' dir='ltr'><strong>τῶν</strong></span> <span class='ocrx_word' id='word_1_891' title='bbox 3037 5200 3300 5272; x_wconf 84' lang='grc' dir='ltr'>οὐρανῶν,</span> <span class='ocrx_word' id='word_1_892' title='bbox 3358 5202 3609 5254; x_wconf 83' lang='grc' dir='ltr'>τουτέστι</span> <span class='ocrx_word' id='word_1_893' title='bbox 3663 5199 3742 5252; x_wconf 65' lang='grc' dir='ltr'><strong>τον</strong></span> 
     </span>
    </p>
   </div>
   <div class='ocr_carea' id='block_1_111' title="bbox 2173 5285 3742 5362">
    <p class='ocr_par' dir='ltr' id='par_1_111' title="bbox 2173 5285 3742 5362">
     <span class='ocr_line' id='line_1_112' title="bbox 2173 5285 3742 5362; baseline -0.001 -19"><span class='ocrx_word' id='word_1_894' title='bbox 2173 5288 2366 5343; x_wconf 70' lang='grc' dir='ltr'><strong>ἑαυτοῦ⁹</strong></span> <span class='ocrx_word' id='word_1_895' title='bbox 2393 5290 2659 5361; x_wconf 83' lang='grc' dir='ltr'>μαθητὴν,</span> <span class='ocrx_word' id='word_1_896' title='bbox 2693 5285 2832 5343; x_wconf 75' lang='grc' dir='ltr'>εἶναι</span> <span class='ocrx_word' id='word_1_897' title='bbox 2858 5289 3026 5362; x_wconf 76' lang='grc' dir='ltr'>μείζω</span> <span class='ocrx_word' id='word_1_898' title='bbox 3052 5292 3218 5360; x_wconf 89' lang='grc' dir='ltr'>λέγει.</span> <span class='ocrx_word' id='word_1_899' title='bbox 3255 5293 3366 5345; x_wconf 80' lang='grc' dir='ltr'><strong>Καὶ</strong></span> <span class='ocrx_word' id='word_1_900' title='bbox 3394 5291 3575 5345; x_wconf 84' lang='grc' dir='ltr'>πάλιν·</span> <span class='ocrx_word' id='word_1_901' title='bbox 3619 5310 3640 5341; x_wconf 73' lang='grc' dir='ltr'><strong>ι</strong></span> <span class='ocrx_word' id='word_1_902' title='bbox 3691 5291 3742 5342; x_wconf 82' lang='lat'><strong>&#39;0</strong></span> 
     </span>
    </p>
   </div>
   <div class='ocr_carea' id='block_1_112' title="bbox 2170 5380 3742 5456">
    <p class='ocr_par' dir='ltr' id='par_1_112' title="bbox 2170 5380 3742 5456">
     <span class='ocr_line' id='line_1_113' title="bbox 2170 5380 3742 5456; baseline 0.001 -23"><span class='ocrx_word' id='word_1_903' title='bbox 2170 5380 2453 5452; x_wconf 87' lang='grc' dir='ltr'>δεχόμενος</span> <span class='ocrx_word' id='word_1_904' title='bbox 2505 5380 2708 5436; x_wconf 87' lang='grc' dir='ltr'>δίκαιον</span> <span class='ocrx_word' id='word_1_905' title='bbox 2739 5383 2774 5454; x_wconf 78' lang='grc' dir='ltr'>ἢ</span> <span class='ocrx_word' id='word_1_906' title='bbox 2812 5385 3094 5456; x_wconf 81' lang='grc' dir='ltr'>προφήτην</span> <span class='ocrx_word' id='word_1_907' title='bbox 3145 5386 3222 5449; x_wconf 75' lang='grc' dir='ltr'>εἰς</span> <span class='ocrx_word' id='word_1_908' title='bbox 3255 5383 3424 5455; x_wconf 76' lang='grc' dir='ltr'>ὄνομα</span> <span class='ocrx_word' id='word_1_909' title='bbox 3467 5383 3680 5437; x_wconf 77' lang='grc' dir='ltr'>δικαίου</span> <span class='ocrx_word' id='word_1_910' title='bbox 3712 5380 3742 5450; x_wconf 63' lang='grc' dir='ltr'>ἢ</span> 
     </span>
    </p>
   </div>
   <div class='ocr_carea' id='block_1_113' title="bbox 2599 5606 3741 5678">
    <p class='ocr_par' dir='ltr' id='par_1_113' title="bbox 2599 5606 3741 5678">
     <span class='ocr_line' id='line_1_114' title="bbox 2599 5606 3741 5678; baseline -0.004 -12"><span class='ocrx_word' id='word_1_911' title='bbox 2599 5612 2627 5652; x_wconf 67' lang='grc' dir='ltr'><strong>ι’</strong></span> <span class='ocrx_word' id='word_1_912' title='bbox 2661 5610 2794 5666; x_wconf 90' lang='lat' dir='ltr'><strong>Luc.</strong></span> <span class='ocrx_word' id='word_1_913' title='bbox 2835 5628 2912 5678; x_wconf 75' lang='lat' dir='ltr'><strong>vr,</strong></span> <span class='ocrx_word' id='word_1_914' title='bbox 2945 5610 3034 5667; x_wconf 70' lang='lat'><strong>60.</strong></span> <span class='ocrx_word' id='word_1_915' title='bbox 3147 5620 3168 5648; x_wconf 71' lang='grc' dir='ltr'><strong><em>ο</em></strong></span> <span class='ocrx_word' id='word_1_916' title='bbox 3213 5608 3403 5664; x_wconf 84' lang='lat' dir='ltr'><strong>Matth.</strong></span> <span class='ocrx_word' id='word_1_917' title='bbox 3460 5623 3597 5678; x_wconf 61' lang='grc' dir='ltr'><strong>ιιιι1</strong></span> <span class='ocrx_word' id='word_1_918' title='bbox 3653 5606 3741 5661; x_wconf 79' lang='lat'><strong>9.3.</strong></span> 
     </span>
    </p>
   </div>
   <div class='ocr_carea' id='block_1_114' title="bbox 2333 5675 3736 5748">
    <p class='ocr_par' dir='ltr' id='par_1_114' title="bbox 2333 5675 3736 5748">
     <span class='ocr_line' id='line_1_115' title="bbox 2333 5675 3736 5748; baseline -0.001 -11"><span class='ocrx_word' id='word_1_919' title='bbox 2333 5681 2351 5721; x_wconf 72' lang='grc' dir='ltr'><strong>ί</strong></span> <span class='ocrx_word' id='word_1_920' title='bbox 2396 5681 2581 5738; x_wconf 84' lang='lat' dir='ltr'><strong>Matth.</strong></span> <span class='ocrx_word' id='word_1_921' title='bbox 2618 5696 2772 5748; x_wconf 81' lang='lat' dir='ltr'><strong>xvm,</strong></span> <span class='ocrx_word' id='word_1_922' title='bbox 2803 5675 2909 5738; x_wconf 74' lang='grc' dir='ltr'><strong>1οξ</strong></span> <span class='ocrx_word' id='word_1_923' title='bbox 3009 5684 3033 5722; x_wconf 73' lang='grc'><strong><em>⁸</em></strong></span> <span class='ocrx_word' id='word_1_924' title='bbox 3072 5679 3203 5737; x_wconf 88' lang='lat' dir='ltr'><strong>Luc.</strong></span> <span class='ocrx_word' id='word_1_925' title='bbox 3262 5695 3361 5746; x_wconf 75' lang='lat' dir='ltr'><strong>xu,</strong></span> <span class='ocrx_word' id='word_1_926' title='bbox 3417 5678 3511 5746; x_wconf 67' lang='lat'><strong>32;</strong></span> <span class='ocrx_word' id='word_1_927' title='bbox 3543 5675 3736 5736; x_wconf 74' lang='lat' dir='ltr'><strong>Matth.</strong></span> 
     </span>
    </p>
   </div>
  </div>
