3818 6590
108 404 199 461 εει
1159 401 1360 460 LIBER
1401 401 1562 470 QUIS
1599 401 1802 458 DIVES
1843 401 2230 461 SALVETUB.
3201 405 3306 459 658

113 517 489 592 προφήτου,τδν
522 517 741 570 ἐκείνων
759 515 946 588 μισθὸν
965 516 1209 589 λήψεται·
1245 520 1274 572 6
1299 518 1355 572 δὲ
1387 517 1621 590 μαθητὴκ

1796 518 2041 573 ercedem
2069 517 2324 587 recipiet;
2361 524 2414 572 et
2455 516 2546 588 qui
2581 525 2765 587 potum
2797 517 3006 574 dederit
3036 518 3304 589 discipulo

106 612 300 674 ποτίσας
321 612 400 673 είς
435 610 600 681 ὄνομα
633 609 872 680 μαθητοῦ
905 611 1160 680 ποτήριον
1185 609 1392 682 ψυχροῦ
1423 610 1611 674 ὕδατος

1824 614 2042 669 nomine
2069 612 2322 682 discipuli
2361 611 2587 666 calicem
2616 626 2770 682 aqua:
2796 611 3024 683 frigidae,
3049 626 3158 666 non
3183 628 3306 682 per-

104 706 178 756 τὸν
199 700 377 772 μισθὸν
409 701 506 754 οὐκ
537 700 808 754 ἀπολέσει.
836 720 854 751 ι
883 700 1091 754 Οὐκοῦν
1122 695 1274 764 οὗτος
1308 700 1463 771 μόνος
1482 702 1510 754 6
1546 718 1612 771 μι

1796 713 1828 760 ει
1884 705 2189 761 mercedem
2229 714 2277 760 ⁸.
2328 725 2346 757 ι
2403 705 2529 760 Haec
2567 705 2730 776 igitur
2771 707 2884 762 sola
2933 723 3144 763 merces
3194 723 3304 763 non

105 794 206 857 σθὸς
233 794 326 847 ούκ
371 792 735 864 ἀπολλύμενός
767 794 901 846 ἐστι.
927 793 1038 846 Kal.
1083 788 1260 856 αὖθις·
1311 811 1329 844 ι
1369 794 1613 863 Ποιήσατε

1799 795 1951 850 ετὶϋίι.
1987 794 2051 848 Ει
2079 810 2272 850 rursus
2303 814 2316 850 :
2357 813 2376 845 ι
2417 795 2600 850 Facite
2619 796 2774 852 vobis
2805 797 3012 852 amicos
3051 798 3118 852 de
3140 813 3307 852 mam-

103 887 210 954 ὑμῖν
237 885 413 953 φίλους
449 887 511 939 ἐκ
534 884 628 937 τοῦ
662 885 936 955 μαμμωνᾶ
967 883 1065 954 τῆς
1105 883 1338 950 ἀδικίας,
1375 884 1480 946 ἵνα,
1508 885 1611 938 δτα*

1791 901 1895 940 ona
1921 886 2248 956 iniquitatis,
2285 894 2344 940 ut
2373 901 2497 940 cum
2531 885 2866 949 defeceritis,
2893 889 3160 958 recipiant
3199 905 3298 944 vos

101 977 345 1048 ἐκλίπητε,
374 974 628 1040 δέξωνται
659 976 800 1047 ὑμᾶς
827 976 907 1039 είς
937 975 1036 1038 τὰς
1068 975 1315 1038 αἰωνίους
1348 975 1567 1046 σκηνάς·
1607 1020 1609 1026 γ

1810 987 2011 1033 mter-na
2041 979 2391 1034 tabernacula
2421 979 2483 1046 b;
2515 997 2532 1028 ι
2565 979 2636 1032 ita
2666 979 2920 1032 nimirum
2959 987 3018 1032 ut
3037 980 3301 1051 quidquid

101 1071 231 1138 φύσει
263 1070 358 1141 μὲν
405 1071 621 1124 ἅπασαν
662 1070 852 1141 κτῆσιν
901 1070 968 1140 ἢν
1008 1067 1172 1132 αὐτός
1209 1085 1293 1133 τις
1324 1070 1407 1138 ἐφ’
1440 1070 1609 1123 ἑαυτοὲ

1797 1074 2051 1127 cultatum
2077 1089 2243 1144 penes
2277 1089 2335 1129 se
2364 1073 2488 1144 quis
2529 1073 2966 1144 possideat,'non
3015 1091 3136 1130 esse
3175 1092 3305 1145 pro-

97 1163 342 1232 κέκιηται,
373 1160 474 1214 οὐκ
503 1161 638 1214 ίδίαν
669 1157 832 1215 οὖσαν
855 1161 1190 1230 ἀποφαίνων.
1222 1161 1318 1214 Ἐκ
1344 1161 1399 1214 δὲ
1429 1161 1605 1232 ταύτηη

1791 1165 1908 1220 ⁵ἱιιιῐι
1948 1176 2142 1220 natura
2173 1182 2394 1221 censum
2446 1166 2918 1236 substantiamque
2965 1169 3299 1237 pronuntiet.

96 1256 176 1324 τῆς
201 1255 404 1316 ἀδικίας
435 1253 552 1307 ἐνὸν
570 1253 664 1306 καὶ
687 1256 916 1326 πρᾶγμα
938 1255 1145 1309 δίκαιον
1170 1253 1506 1327 ἐργάσασθαι
1538 1271 1604 1307 κα

1794 1258 1938 1312 [hac
1963 1274 2125 1328 porro
2166 1259 2453 1329 iniquitate
2488 1261 2615 1316 licet
2646 1260 2810 1316 ctiam
2856 1275 2970 1314 rem
3001 1260 3206 1329 justam
3239 1274 3302 1312 ac

96 1348 343 1418 σωτήριον,
377 1347 682 1401 ἀναπαῦσαι
709 1363 827 1399 τινα
859 1345 966 1399 τῶν
990 1347 1220 1417 ἐχόντων
1248 1345 1461 1400 αίώνιον
1495 1361 1604 1416 σκηι

1795 1345 2021 1401 lutarem
2052 1354 2343 1417 praestare;
2373 1355 2432 1401 ut
2460 1363 2654 1419 nempe
2684 1365 2873 1403 eorum
2907 1349 3142 1418 aliquem
3177 1349 3303 1403 reli-

92 1440 170 1509 νὴν
200 1439 340 1512 παρὰ
371 1439 450 1510 τῷ
483 1439 674 1511 Πατρί.
703 1439 843 1511 Ὅρα
874 1439 1087 1508 πρῶτον
1111 1439 1228 1510 μὲν,
1245 1438 1320 1501 ὡς
1345 1438 1444 1491 οὐκ
1467 1438 1600 1490 ἁπαι

1795 1453 1843 1493 is
1871 1448 2032 1510 atque
2063 1447 2357 1505 sustentes,
2392 1441 2484 1511 qui
2518 1448 2779 1496 aeternum
2809 1442 2951 1512 apud
2981 1440 3194 1495 Patrem
3219 1448 3303 1494 ta-

89 1528 264 1582 τεῖσθαί
295 1547 353 1582 σε
382 1530 725 1593 κεκέλευκεν,
759 1530 879 1583 οὐδὲ
927 1530 1257 1602 ἐνοχλεῖσθαι
1292 1528 1597 1599 περιμένειν

1789 1532 2080 1585 :rnaculum
2129 1532 2276 1586 nacti
2308 1542 2456 1588 sunt.
2491 1532 2627 1588 Vide
2655 1534 2890 1603 primum
2917 1534 3136 1602 quidem
3189 1548 3297 1587 non

89 1621 180 1674 ἀλλ’
199 1621 351 1674 αὑτὸν
383 1622 567 1693 ζητεῖν
596 1622 722 1686 τοὺς
741 1620 801 1676 εὖ
835 1623 1208 1694 πεισομένους,
1242 1621 1428 1687 ἀξίους
1459 1639 1516 1675 τε
1536 1623 1597 1676 6v

1793 1624 1957 1680 ssisse
1995 1635 2053 1679 ut
2086 1640 2116 1678 a
2161 1632 2215 1681 te
2257 1625 2398 1696 exigi
2446 1619 2691 1696 patiaris,
2734 1640 2835 1679 nec
2869 1635 2929 1679 ut
2960 1626 3301 1695 importunos

88 1729 163 1774 τις
181 1710 266 1764 τοῦ
301 1711 553 1783 Σωτῆρος
577 1710 843 1783 μαθητάς.
881 1712 1059 1776 Καλὸς
1088 1711 1185 1781 μὲν
1221 1705 1312 1764 οὖν
1345 1710 1438 1764 καὶ
1466 1711 1495 1761 6
1527 1727 1596 1763 τοι

1792 1717 1823 1769 »ἱ
1877 1715 1990 1770 fore
2038 1731 2238 1786 egenos
2269 1716 2452 1784 sinas;
2508 1715 2602 1772 sed
2634 1725 2692 1770 ut
2719 1725 2775 1770 tu
2819 1717 2936 1786 ipse
2987 1732 3201 1785 quaeras
3245 1717 3300 1770 in

97 1803 382 1856 ’.ιποστόλου
442 1802 618 1872 λόγος’
681 1823 698 1854 ι
765 1803 945 1875 ίλαρὸν
979 1803 1090 1874 γὰρ
1135 1802 1292 1872 δότην
1356 1803 1546 1873 ἀγαπᾷ
1597 1820 1605 1853 ι

1791 1821 1862 1860 nos
1893 1805 2214 1860 beneﬁcium
2247 1807 2324 1862 sis
2363 1805 2750 1870 collocaturus,
2781 1812 2834 1859 et
2870 1805 2961 1874 qui
3002 1802 3299 1859 Salvatoris

85 1894 206 1958 θεὸς,
241 1914 260 1946 ι
296 1895 556 1967 χαίροντα
586 1895 664 1967 τῷ
692 1895 912 1960 διδόναι,
940 1895 1033 1948 καὶ
1069 1893 1141 1966 μὴ
1176 1893 1508 1964 φειδόμενον,
1547 1895 1592 1946 ὠ

1793 1897 1877 1966 gni
1923 1897 2178 1968 discipuli
2228 1897 2516 1952 exsistant.
2561 1895 2626 1950 Et
2661 1897 2922 1966 praeclare
2955 1895 3173 1966 quidem
3232 1894 3301 1948 ab

87 1987 356 2058 σπείροντα,
381 1989 470 2042 ἵνα
483 1988 657 2062 (52-5)
673 1988 814 2042 οὕτω
834 1988 927 2042 καί⁵
944 1987 1154 2061 θερίσῃ,
1167 1987 1289 2057 δίχα
1304 1988 1595 2058 γογγυσμοί

1783 1989 2007 2059 postolo,
2043 2007 2062 2041 ‹
2101 1990 2328 2044 hilarem
2357 1989 2499 2044 enim
2528 1989 2769 2044 datorem
2801 1989 2978 2058 diligit
3008 1986 3153 2042 Deus
3179 1997 3200 2024 ο
3227 2002 3242 2052 ;
3272 2005 3291 2038 ι

85 2079 156 2129 καὶ
191 2078 526 2152 διακρίσεως,
571 2082 664 2135 καὶ
698 2080 891 2151 λύπης,
936 2081 1030 2134 καὶ
1072 2069 1449 2143 κοινωνοῦντα,
1483 2080 1593 2148 (ἶπες

1794 2081 1819 2135 ιί
1841 2083 2092 2154 largitate
2127 2081 2450 2146 delectatur,
2485 2098 2587 2138 nec
2626 2082 2944 2138 seminando
2973 2096 3172 2151 parcus
3211 2095 3302 2134 ex-

85 2167 201 2220 ἑπὶν
221 2167 506 2240 εὐεργεσία
532 2170 708 2242 ἀγαθή
735 2171 865 2243 (54).
902 2169 1181 2240 Κρείττων
1207 2169 1252 2222 δ’
1283 2169 1399 2222 ἐστὶ
1428 2167 1593 2222 τούτοι

1792 2181 1906 2240 stat,
1940 2183 2000 2230 ut
2021 2182 2076 2232 et
2113 2175 2188 2230 ita
2227 2176 2453 2246 parique
2481 2176 2729 2231 ubertate
2761 2181 2963 2239 metat;
2999 2173 3117 2227 sine
3147 2187 3300 2225 mur-

83 2258 182 2329 6τῷ
209 2262 388 2332 Κυρίῳ
421 2263 743 2334 λελεγμένος
774 2265 832 2316 ὲν
859 2261 1001 2333 ἄλλῳ
1023 2263 1226 2334 χωρίῳ·
1267 2281 1284 2312 ι
1321 2261 1490 2314 Παντὶ
1540 2262 1591 2331 τις

1837 2266 2031 2322 'atione
2076 2275 2130 2322 et
2177 2267 2547 2334 distinctione,
2612 2269 2871 2338 nullaque
2922 2264 3298 2322 moestitudine
3343 2293 3345 2298 ι

84 2350 280 2406 αἰτοῦντί
307 2370 366 2406 σε
393 2353 558 2408 δίδου.
605 2374 623 2406 ι
654 2353 788 2408 Θεοῦ
827 2353 935 2425 γάρ
963 2353 1182 2424 ὅντωςή
1216 2351 1436 2421 τοιαύτη
1468 2350 1588 2420 φιλο

1786 2359 1949 2425 ihuat,
2008 2359 2155 2430 quod
2211 2360 2487 2432 praeclarae
2530 2375 2732 2416 munus
2776 2356 3152 2414 beneﬁcentia:
3191 2361 3294 2410 est.

83 2442 245 2514 ﬁuipaa°
273 2447 452 2502 οὑτοσὶ
485 2449 582 2502 δὲό
606 2447 759 2517 λόγος
783 2448 922 2519 ὑπὲρ
951 2445 1166 2502 ἅπασάν
1199 2447 1314 2498 ἐστι
1346 2445 1587 2515 τελειότη

1788 2466 1840 2506 )c
1862 2459 2044 2507 autem
2067 2453 2261 2508 melior
2288 2461 2394 2518 est,
2431 2468 2592 2523 quem
2626 2451 2874 2507 Salvator
2901 2450 3037 2506 dixit
3078 2448 3186 2502 alio
3214 2447 3296 2500 lo-

83 2548 133 2585 τα
166 2536 285 2608 (35),
318 2540 441 2610 μηδ’
475 2541 740 2594 αἰτεῖσθαι
776 2541 1118 2613 περιμένειν,
1142 2538 1256 2594 ἀλλ’
1285 2539 1450 2603 αὐτὸς
1483 2539 1591 2594 ἀνα·

1789 2561 1820 2598 ιε
1859 2561 1877 2595 ι
1910 2541 2068 2598 Omni
2091 2545 2292 2614 petenti
2314 2551 2388 2608 te,
2422 2545 2600 2599 tribue
2628 2543 2678 2597 ἀ.
2720 2564 2739 2597 ι
2774 2542 2871 2599 Dei
2902 2555 3136 2612 namque
3169 2551 3297 2593 vere

84 2625 247 2697 ζητεῖν,
271 2631 416 2696 ὅστις
442 2633 593 2698 ἄξιος
613 2629 673 2688 εὖ
703 2633 914 2687 παθεῖν.

1788 2635 2058 2692 u‘scemodi
2091 2635 2282 2706 sicque
2317 2635 2496 2692 facilis
2525 2636 2771 2707 largitas.
2801 2635 3072 2690 Caeterum
3095 2629 3296 2688 doctri-

85 2734 135 2773 na
163 2721 264 2778 bare
302 2725 450 2780 omni
487 2726 662 2796 major
711 2734 795 2782 est
824 2726 1176 2797 perfectione,
1217 2735 1279 2783 ut
1328 2741 1430 2784 nec
1464 2735 1748 2798 exspectes
1805 2729 1956 2800 quia
1985 2737 2036 2785 te
2083 2727 2360 2800 emagitet,
2425 2729 2519 2785 sed
2555 2729 2671 2800 ipse
2736 2729 2984 2799 inquiras
3035 2726 3159 2797 quis
3210 2723 3296 2779 di-

84 2825 194 2876 gnus
218 2813 350 2869 sitin
380 2832 546 2886 quem
569 2817 890 2873 beneﬁcium
921 2817 1192 2875 conferas.

136 2906 237 2958 AB’.
269 2909 500 2963 Ἔπειτα
527 2909 841 2982 τηλικοῦτον
868 2911 1057 2982 μισθὸν
1085 2913 1264 2985 ὁρίσαι·
1293 2912 1395 2983 τῆς
1424 2929 1616 2966 κοινω-

1791 2905 1956 2978 344
1982 2904 2199 2961 XXXII.
2236 2905 2442 2963 Deinde
2475 2912 2678 2960 tantam
2713 2913 2954 2962 statuere
2987 2906 3296 2963 mercedem

83 2998 190 3060 νίας,
219 2999 428 3055 αἰώνιον
471 3005 704 3076 σκηνήνί
739 3002 785 3058 ὦ
818 3005 992 3076 καλῆς
1033 3006 1336 3077 ἐμπορίαςι
1373 3004 1418 3058 ὣ
1465 3004 1591 3058 Θεία

1785 3001 2074 3072 ogationis,
2129 3008 2395 3055 aeternum
2457 2999 2907 3054 tabernaculum!
2945 3014 2978 3054 ο
3009 2999 3293 3070 pulchram

87 3091 283 3161 ἀγορᾶςί
303 3093 536 3150 Ὠνεῖται
569 3097 864 3168 χρημάτων
893 3115 976 3162 τις
1008 3097 1337 3170 ἀφθαρσίαν,
1355 3097 1452 3150 καὶ
1485 3095 1595 3160 δοὺς

1792 3091 2175 3164 gotiationem!
2200 3107 2234 3147 ο
2255 3090 2498 3147 divinum
2525 3090 2942 3147 mercimonium
2967 3092 2980 3144 !
3006 3090 3148 3146 Emit
3171 3093 3295 3162 quis

83 3182 131 3233 τὰ
156 3184 458 3256 διολλύμενα
486 3186 578 3241 τοῦ
608 3189 835 3260 κόσμου,
875 3189 1044 3262 μονὴν
1075 3187 1278 3242 τούτων
1313 3187 1527 3242 αἰώνιον
1555 3188 1591 3239 ἐπ

1788 3187 1950 3244 cunia
1995 3186 2500 3256 incorruptionem,
2567 3184 2820 3254 datisque
2880 3184 3066 3240 saeculi
3129 3184 3294 3240 rebus

83 3273 286 3344 οὐρανοῖς
316 3279 724 3351 ἀντιλαμϐάνει.
759 3281 996 3335 Πλεῢσον
1026 3281 1120 3335 ἐπὶ
1165 3281 1389 3352 ταύτην,
1414 3280 1480 3336 ἂν
1513 3297 1591 3333 σω

1784 3298 1838 3338 lae
1867 3282 2167 3345 intereunt,
2193 3279 2400 3350 praemii
2428 3278 2550 3333 loco
2573 3286 2830 3333 aternam
2865 3278 2920 3332 in
2955 3277 3113 3332 ccclis
3137 3292 3292 3331 man-

83 3371 263 3438 ?Wfls',
294 3369 390 3444 τὴν
425 3373 754 3444 πανήγυριν,
776 3366 820 3426 ὦ
842 3372 1082 3427 πλούσιε.
1111 3371 1232 3426 Κᾶν
1259 3371 1376 3442 δὲῃ,
1404 3369 1591 3441 περίελ

1780 3389 1926 3430 mem
1962 3373 2177 3442 recipit.
2206 3370 2288 3426 Tu
2321 3370 2416 3441 qui
2447 3369 2598 3426 dives
2641 3385 2722 3433 es,
2752 3369 2818 3425 ad
2847 3372 2971 3434 bas,
3024 3369 3070 3424 si
3121 3368 3288 3439 sapis.

83 3456 234 3532 θεγῆν
261 3462 385 3534 ὅλην
425 3463 560 3534 (36).
615 3461 707 3537 Μὴ
765 3465 927 3540 φείσῃ
971 3464 1231 3519 κινδύνων
1273 3464 1367 3518 καὶ
1414 3463 1591 3516 πόνων

1781 3467 2120 3539 ινίεοιίοῐιοιι]
2179 3465 2408 3519 institue
2458 3461 2756 3518 nundinas.
2813 3462 2872 3518 Si
2930 3476 3156 3518 necesse
3196 3462 3289 3526 sit,

85 3549 132 3599 ἶν’
153 3551 366 3606 ἐνταῦθα
408 3553 687 3625 βασιλείαν
724 3555 976 3628 οὐράνιον
1015 3554 1313 3627 ἀγοράσῃς.
1345 3554 1409 3607 Τί
1441 3569 1499 3605 σε
1535 3551 1593 3604 λίς

1782 3575 1920 3615 rram
1955 3573 2171 3613 omnem
2198 3570 2448 3627 peragra.
2484 3553 2564 3610 Ne
2592 3569 2789 3625 parcas
2818 3554 3078 3625 periculis
3107 3569 3172 3608 ac
3210 3554 3290 3608 la-

84 3641 142 3692 tet
169 3643 427 3714 διαφανεῖς
465 3647 557 3700 καὶ
599 3646 900 3719 σμάραγδοι
947 3647 1198 3702 τοσοῦτον
1244 3647 1590 3717 εὐφραίνουσι

1788 3652 1962 3716 ribus,
1989 3659 2048 3704 ut
2078 3648 2319 3720 quandiu
2375 3661 2615 3717 praesens
2667 3648 2847 3718 agitur
2894 3647 3028 3710 vita,
3075 3662 3293 3703 coemas

84 3736 299 3791 καίοίκία
332 3738 509 3812 τροφὴ
546 3739 734 3810 πυρὸς,
772 3740 1028 3813 ἥχρόνου
1076 3742 1342 3811 παίγνιον,
1382 3740 1416 3810 ἢ
1468 3755 1592 3792 σεισ-

1781 3759 1942 3816 gnum
1974 3743 2260 3798 caelorum.
2295 3739 2408 3796 Cur
2443 3747 2496 3795 te
2525 3739 2661 3795 adeo
2691 3747 2941 3795 recreant
2964 3740 3136 3810 lapilli
3168 3756 3289 3811 pre-

85 3825 160 3890 μθῦ
199 3831 484 3904 πάρεργον,
519 3831 818 3904 ἢῦϐρισμα
854 3833 1155 3904 τυράννου;
1189 3831 1526 3905 ὲπιΟύμησον
1553 3831 1593 3882 ὲκ

1784 3837 1841 3890 »εἰ
1888 3843 1943 3891 et
1987 3833 2285 3904 smaragdi,
2311 3831 2622 3903 domusque
2670 3832 2811 3902 ignis
2858 3832 3140 3902 Pabulum,
3177 3833 3292 3888 sive

83 3917 280 3988 οὗρανοῖς
311 3925 533 3995 οἰκῆσαι
561 3925 655 3980 καὶ
692 3923 1004 3996 βασιλεῦσαι
1038 3925 1174 3996 μετά
1203 3925 1358 3979 Θεοῦ.
1395 3924 1591 3994 Ταύτηε

1785 3929 1978 4000 nporis
2009 3926 2327 3992 ludibrium,
2364 3933 2460 3979 aut
2492 3935 2654 3980 terrae
2688 3934 2872 3980 motus
2901 3923 3050 3979 aliud
3083 3926 3293 3995 agentis

85 4026 142 4062 σοι
169 4013 252 4084 τὴν
295 4016 574 4086 βασιλείαν
622 4019 908 4092 ἅνθρωπος
963 4019 1120 4073 δώσει
1151 4018 1282 4072 Θεὸν
1313 4017 1591 4088 ἀπομιμού

1783 4021 2004 4083 cidium,
2038 4028 2132 4074 aut
2169 4018 2388 4090 tyranni
2420 4017 2660 4087 injuria?
2686 4018 2740 4071 in
2763 4018 2910 4072 votis
2953 4016 3153 4070 habeto
3178 4031 3291 4070 cm-

85 4121 223 4169 μενος.
257 4108 518 4164 Ἑνταῦοα
572 4111 744 4183 μικρὰ
773 4111 974 4176 λαϐὼν,
1001 4113 1118 4166 ἐκεῖ
1146 4111 1212 4164 δι’
1236 4109 1373 4163 ὅλων
1401 4109 1593 4164 αίώνωπ

1782 4128 1904 4184 πιιῐιι¹
1929 4112 2305 4166 habitaculum
2329 4118 2384 4166 et
2415 4117 2474 4166 ut
2508 4125 2705 4181 regnes
2725 4125 2850 4164 cum
2883 4109 3013 4164 Deo.
3052 4107 3165 4162 Hoc
3191 4106 3290 4162 tibi

84 4195 280 4253 σύνοικόν
326 4219 420 4255 σου
476 4204 789 4274 ποιήσεται·
826 4205 1100 4259 ἱκέτευσον
1139 4205 1225 4258 ἵνα
1241 4203 1413 4274 λάϐῃο
1445 4202 1592 4260 σπεῦ·

1782 4187 1939 4278 gnum
1971 4204 2135 4260 homo
2167 4204 2340 4269 dabit,
2366 4203 2536 4258 Deum
2562 4202 2803 4258 imitans.
2827 4200 2949 4265 Hic,
2981 4215 3102 4271 quae
3122 4212 3290 4268 parva

83 4305 166 4352 σον,
194 4292 517 4363 ἀγωνίασον·
555 4298 821 4371 φοϐήθητι
852 4301 924 4372 μή
977 4316 1037 4352 σε
1071 4299 1336 4372 ἀτιμάσῃ.
1395 4297 1468 4352 υῦ
1501 4299 1591 4370 γὰρ

1782 4308 1840 4354 ιιι
1873 4297 2132 4368 acceptis,
2163 4296 2236 4350 ibi
2273 4305 2324 4351 te
2355 4310 2454 4366 per
2485 4293 2668 4349 omnia
2694 4293 2895 4348 saecula
2925 4291 3290 4347 contuberna-

83 4384 380 4443 κεκέλευσται
404 4389 611 4454 λαϐεῖν,
646 4391 783 4445 ἀλλά
810 4409 870 4445 σε
909 4395 1231 4463 παρασχεῖν.
1265 4393 1340 4445 Ού
1373 4391 1476 4463 μὴν
1500 4390 1591 4444 οὐδ

1774 4408 1816 4446 m
1837 4391 2048 4448 eﬁiciet.
2069 4389 2325 4460 Supplica
2341 4396 2401 4442 ut
2427 4386 2659 4457 accipiat
2677 4385 2924 4453 ;l'estina,
2949 4383 3159 4439 enitere
3183 4399 3199 4450 ;
3225 4387 3282 4446 in

83 4467 232 4530 εἶπενό
255 4480 484 4554 Κύριος·
514 4482 641 4550 δὸς,
673 4483 706 4554 ἢ
738 4484 1070 4554 παράσχες,
1091 4485 1124 4557 ἢ
1143 4483 1591 4554 εὐεργέτησον,ἶ

1779 4501 1843 4540 ne
1889 4499 1958 4539 ne
2004 4490 2060 4540 te
2110 4483 2202 4538 ille
2255 4488 2501 4553 spernat.
2537 4479 2646 4535 Nec
2669 4480 2814 4535 enim
2847 4478 2895 4534 is
2926 4478 2980 4532 in
3013 4475 3287 4531 mandatis

79 4564 366 4635 βοήθησον·
430 4577 616 4630 Φίλων
643 4576 700 4630 δὲ
753 4579 1021 4646 ποίησαι.
1046 4578 1104 4632 Ὀ
1149 4578 1206 4631 δὲ
1243 4576 1394 4647 φίλος
1421 4576 1520 4629 οὒκ
1547 4576 1587 4629 Et

1776 4579 1879 4632 ibet
1909 4583 1970 4631 ut
2003 4575 2257 4647 accipiat,
2295 4573 2390 4630 sed
2423 4581 2483 4628 tu
2513 4584 2571 4629 ut
2602 4573 2868 4644 praebeas.
2902 4570 3044 4636 Quin
3079 4585 3148 4625 ne
3181 4569 3284 4624 hoc

85 4659 181 4722 μιᾶς
202 4661 405 4731 δόσεως,
464 4667 601 4721 ἀλλά
639 4671 928 4732 συνουσίας
985 4672 1222 4742 μακρᾶς.
1272 4669 1407 4723 Οὐδὲ
1438 4667 1593 4740 γάρῆ

1786 4669 1927 4724 idem
1969 4667 2108 4722 dixit
2152 4666 2439 4731 Dominus,
2491 4664 2641 4732 dato,
2678 4665 2879 4736 praebe,
2930 4660 3287 4718 beneﬁcentia

84 4747 239 4817 πίστις,
262 4757 377 4810 οὐδὲ
403 4761 437 4830 ἠ
462 4759 672 4832 ἀγάπη,
701 4762 821 4816 οὐδὲ
850 4764 884 4833 ἡ
915 4763 1183 4834 καρτερία
1217 4762 1345 4832 μιᾶς
1371 4760 1592 4832 ἡμέρας,

1780 4776 1882 4825 ere,
1913 4760 2116 4814 auxilio
2153 4758 2296 4824 fove,
2349 4757 2440 4813 sed
2474 4777 2486 4812 :
2527 4776 2545 4810 ι
2569 4755 2679 4812 Fac
2735 4758 2973 4811 amicum
2998 4767 3047 4812 ο.
3075 4773 3094 4807 ι
3135 4753 3288 4807 Ami-

82 4838 165 4894 ἀλὶσ
197 4849 256 4902 r6
279 4850 574 4923 ὑπομείνας
603 4855 683 4917 είς
713 4854 884 4918 τέλος,
925 4847 1080 4917 οὗτος
1107 4855 1430 4926 σωθήσεται.
1460 4872 1479 4905 ι

1778 4870 1804 4910 s
1846 4861 2049 4918 autem,
2091 4867 2203 4906 non
2253 4866 2362 4905 una
2410 4850 2698 4921 largitione
2748 4865 2845 4904 seu
2905 4862 3153 4913 munere,
3190 4845 3285 4901 sed

85 4932 204 5007 LIliga
232 4941 590 5002 familiaritate
619 4955 930 5017 praestatur.
963 4946 1098 5002 Nam
1127 4963 1304 5018 neque
1337 4945 1471 5004 ﬁdes
1510 4953 1603 5002 aut
1639 4947 1879 5004 charitas
1933 4955 2028 5000 aut
2086 4945 2379 5000 tolerantia
2437 4945 2600 4999 unius
2651 4942 2760 4998 diei
2792 4949 2898 5007 est,
2969 4940 3066 4996 sed
3113 4957 3132 4990 ι
3188 4935 3285 5008 qui

85 5037 398 5095 perseveravit
429 5054 603 5108 usque
633 5040 687 5093 in
723 5039 907 5107 ﬁnem,
943 5039 1128 5095 salvus
1164 5039 1270 5094 erit
1293 5038 1338 5092 τ.
1370 5058 1388 5090 ι

133 5123 230 5178 ΛΓν.
255 5128 371 5193 Πῶς
416 5127 507 5185 οὖν
551 5131 580 5182 6
631 5132 915 5204 ἄνθρωπος
963 5131 1136 5186 ταῦτα
1189 5131 1406 5198 δίδωσι;
1436 5128 1603 5186 Δώσω

1779 5124 2017 5182 XXXIII.
2047 5125 2296 5192 Quonam
2329 5123 2496 5194 igitur
2524 5124 2684 5180 modo
2714 5123 2878 5178 homo
2906 5121 3022 5176 hzec
3054 5118 3287 5174 tribuit?

85 5210 166 5284 γὶρ
184 5216 235 5268 οὗ
269 5223 421 5288 μόνον
464 5227 577 5288 τοῖς
623 5224 820 5292 φίλοις,
847 5225 983 5279 ἀλλά
1010 5225 1105 5281 καὶ
1135 5226 1248 5288 τοῖς
1287 5224 1463 5295 φίλοις
1493 5223 1593 5278 τῶν

1776 5222 1855 5275 ιδο
1885 5221 2031 5276 enim
2062 5235 2172 5274 non
2205 5220 2384 5274 solum
2414 5218 2627 5280 amicis,
2659 5231 2852 5272 verum
2896 5214 3060 5269 etiam
3093 5211 3284 5266 amicis

88 5303 234 5368 φῗλων.
258 5311 360 5367 Καὶ
399 5315 482 5380 τίς
527 5311 680 5380 οὗτός
711 5319 860 5371 ἐστιν
899 5320 928 5372 ό
966 5317 1119 5388 φίλος
1180 5317 1274 5370 τοῦ
1323 5317 1494 5383 Θεοῦ;
1530 5317 1596 5371 Σὺ

1776 5315 2031 5369 iicorum.
2066 5311 2402 5383 Ecquisnam
2434 5327 2567 5367 vero
2619 5310 2709 5364 hic
2763 5317 2848 5364 est
2904 5307 3000 5363 Dei
3033 5305 3284 5362 amicus?

92 5395 163 5460 μὲν
211 5400 276 5473 μὴ
331 5409 478 5478 κρῖνε
512 5408 596 5472 τίς
650 5408 800 5474 ἄξιος
843 5409 995 5480 ἧτίς
1043 5409 1293 5474 ἀνάξιος⁹
1331 5409 1600 5484 ἐνδέχεται

1774 5423 1790 5461 ι
1823 5405 2044 5478 quidem
2087 5405 2200 5462 noli
2227 5404 2482 5476 judicare
2510 5404 2636 5476 quis
2668 5403 2866 5473 dignus
2897 5407 2998 5472 aut
3013 5397 3282 5474 indignus

143 5575 190 5633 Ψ
223 5572 278 5631 Ρ.
315 5578 416 5634 944
453 5582 560 5639 ED.
600 5583 901 5641 POTTEB.
948 5599 972 5627 ο
1018 5585 1209 5644 Matth.
1250 5603 1304 5657 κ,
1339 5587 1428 5645 41.
1504 5587 1534 5630 ι)
1571 5586 1601 5643 ι

93 5647 177 5701 XVI.
200 5643 228 5696 9
320 5649 338 5687 ί
377 5651 564 5712 Matth.
600 5672 656 5723 Χ,
682 5656 771 5711 ‘22.

1774 5600 1850 5652 vn,
1885 5584 1940 5641 9.
2017 5594 2041 5624 ο
2082 5583 2129 5640 II
2163 5583 2292 5642 Cor.
2330 5600 2406 5651 Ix,
2439 5583 2490 5637 7.
2565 5582 2590 5622 δ
2630 5583 2762 5639 Luc.
2791 5599 2866 5650 vi,
2894 5581 2984 5638 50.
3078 5590 3104 5620 θ
3142 5574 3282 5639 Luc.

147 5793 466 5884 (l§%3_)_'qu.
496 5807 596 5884 bis.
626 5811 786 5884 habet
803 5812 909 5884 ἵνα
937 5814 1030 5884 μή.
1069 5812 1232 5869 FELL.

1778 5810 1891 5884 (ᾷὸ)
1932 5811 2298 5884 Τελειότητα.
2311 5808 2427 5884 _Ms.
2438 5851 2452 5873 ,
2466 5806 2924 5884 Δί)εότητα.ῃΡει.ι..

149 5865 240 5939 (3-4)
280 5865 489 5947 Ἆγτιθή.
524 5879 645 5949 M5,,
681 5883 835 5939 καθά.
872 5865 1033 5939 Fili.

1924 5865 2052 5950 Γῆν
2078 5865 2247 5952 ὅλτίν.
2281 5865 2402 5948 Ms,
2428 5865 2524 5964 τὴν
2550 5865 2692 5951 δλῆν.
2730 5878 2892 5935 γεω..
