3818 6542
506 367 614 426 659

1663 363 2050 433 CLEMENTIS
2086 377 2548 434 ALEXANDBINI
3626 379 3710 434 6n

508 497 610 555 sit;
649 487 764 546 ﬁeri
800 491 944 546 enim
975 499 1156 562 potest
1189 500 1251 548 ut
1281 495 1538 565 opinione
1567 504 1660 552 tua
1689 515 1876 554 errore
1923 501 2068 554 laba-

2180 501 2286 572 γάρ
2319 517 2378 554 σε
2426 501 2746 572 διαμαρτεῖν
2776 499 2902 572 περὶ
2934 499 3221 572 τὴνδόξαν.
3262 499 3349 561 Ὦς
3369 498 3436 550 ὲν
3453 495 3712 567 ἀμφιϐόλι;›

507 581 606 635 ris.
641 578 732 634 Sic
758 591 890 635 vero
915 581 968 635 in
1004 583 1232 651 proclivi
1265 600 1388 639 cum
1421 589 1492 642 sit
1515 603 1688 653 error,
1726 591 1920 645 melius
1947 592 2071 655 erit,

507 679 567 724 ut
602 678 655 726 et
687 670 925 742 indignis
955 673 1271 730 benefacias
1305 688 1527 748 propter
1558 681 1776 753 dignos,
1815 698 1978 753 quam
2017 693 2074 738 ut

507 763 636 818 dum
681 777 844 819 caves
888 764 1166 836 indignos,
1199 783 1268 824 ne
1301 769 1355 823 in
1387 785 1482 827 eos
1515 773 1734 842 quidem
1790 775 1882 845 qui
1937 776 2076 834 bene

507 861 808 918 merentur,
839 854 1074 914 incidas.
1107 858 1244 914 Dum
1278 862 1422 916 enim
1467 863 1639 918 nimia
1671 867 1923 923 cautione
1956 877 2076 924 ute-

506 944 606 1007 ris,
634 945 948 1016 viderisque
980 950 1213 1018 probare
1242 953 1462 1021 quinam
1496 956 1692 1010 merito
1718 973 1890 1013 necne
1917 974 2074 1015 acce-

507 1038 654 1106 pturi
690 1039 820 1104 sint,
854 1041 1122 1112 contingit
1150 1053 1208 1098 ut
1239 1043 1332 1100 Dei
1363 1048 1570 1104 amicos
1603 1050 1785 1106 colere
1811 1053 2072 1123 negligas;

508 1128 666 1197 cujus
712 1132 990 1202 neglectus
1015 1146 1217 1206 ;pmna,
1252 1145 1512 1194 aeternum
1569 1141 1709 1212 ignis
1747 1146 2073 1215 supplicium

506 1222 742 1281 exsistit.
767 1222 925 1290 Quod
956 1242 1088 1282 vero
1115 1231 1371 1287 omnibus
1392 1233 1485 1302 qui
1515 1233 1792 1305 indigeant
1817 1237 2074 1308 deinceps

506 1315 770 1382 praebeas,
802 1331 1028 1375 necesse
1074 1319 1300 1377 omni'no
1333 1325 1496 1379 etiam
1530 1326 1767 1396 aliquem
1805 1330 2072 1395 nancisci,

507 1406 603 1474 qui
658 1407 804 1477 apud
860 1408 1031 1465 Deum
1085 1414 1316 1470 salutem
1346 1417 1640 1474 conciliare
1680 1428 1865 1490 queat.
1905 1440 1926 1474 ι
1954 1420 2074 1478 Noli

507 1495 696 1568 itaque
743 1499 1014 1570 judicare,
1049 1511 1108 1558 ut
1164 1519 1275 1562 non
1324 1507 1587 1578 judiceris
1623 1525 1774 1581 :qua
1821 1528 2076 1570 mensura

507 1603 733 1648 mensus
756 1592 947 1659 l‘ueris,
969 1598 1289 1654 remetietur
1316 1600 1435 1657 tibi.
1471 1601 1725 1660 Mensura
1752 1605 1916 1672 bona,
1940 1621 2075 1663 con-

507 1677 644 1734 ferta
677 1691 732 1737 et
764 1687 1056 1756 coagitata,
1097 1696 1152 1745 et
1183 1692 1524 1761 superﬂuens
1561 1695 1818 1753 reddetur
1843 1699 1941 1755 tibi
1963 1712 2013 1755 ι.
2048 1718 2066 1752 ι

506 1769 731 1829 Cunctis
755 1777 903 1846 aperi
932 1777 1167 1846 viscera,
1200 1783 1292 1852 qui
1317 1782 1410 1839 Dei
1433 1785 1823 1857 discipulorum
1849 1805 2076 1848 numero

505 1863 732 1935 ascripti
780 1869 927 1935 sint,
962 1887 1072 1927 non
1109 1873 1390 1930 fastidiose
1441 1878 1710 1949 conjectis
1762 1880 1818 1934 in
1867 1895 2069 1952 corpus

503 1956 699 2022 oculis,
749 1974 851 2014 nec
887 1963 962 2016 ita
996 1971 1056 2018 ut
1087 1979 1186 2033 pro
1226 1974 1386 2021 aetate
1441 1977 1538 2023 aut
1585 1978 1795 2027 statura
1846 1974 2072 2045 orisque

503 2050 900 2118 compositione
957 2058 1245 2128 neglectim
1290 2075 1614 2132 quemquam
1676 2064 1954 2123 habueris.
2013 2066 2072 2122 Si

505 2140 880 2214 quisdenique
925 2161 1152 2218 egenus,
1182 2165 1481 2220 pannosus,
1534 2155 1815 2222 deformis,
1875 2159 2072 2216 debilis

503 2229 776 2299 videatur,
810 2251 880 2290 ne
907 2238 1114 2295 idcirco
1142 2241 1328 2313 inique
1357 2242 1502 2300 feras
1525 2252 1618 2300 aut
1647 2250 1939 2307 averseris.
1965 2249 2074 2304 Ha-

501 2319 649 2378 bitus
697 2323 784 2380 hic
827 2329 989 2385 nobis
1039 2333 1285 2388 exterius
1328 2334 1604 2394 adhibitus
1653 2346 1760 2404 est,
1792 2342 1968 2396 nostri
2015 2343 2073 2397 in

504 2413 772 2471 mundum
793 2418 1076 2491 ingressus
1105 2427 1346 2492 occasio,
1383 2436 1442 2483 ut
1475 2429 1530 2483 in
1560 2445 1900 2488 communem
1932 2435 2073 2490 hanc

505 2505 749 2563 scholam
780 2511 988 2583 ingredi
1018 2531 1334 2585 possemus;
1367 2521 1462 2577 sed
1504 2523 1651 2580 intus
1681 2525 1946 2580 inhabitat
1977 2528 2071 2598 qui

2176 592 2236 646 δὲ
2261 593 2360 663 τῆς
2394 592 2632 661 ἀγνοίας,
2659 593 2880 664 ἄμεινον
2915 593 3010 646 καὶ
3036 593 3161 656 τοὺς
3191 590 3446 657 ἀναξίους
3478 583 3539 642 εὖ
3568 591 3712 641 ποιεῖν

2173 685 2261 738 διὰ
2309 690 2435 748 τοὺς
2471 684 2682 751 ἀξίους,
2719 685 2750 755 ἢ
2782 683 3178 754 φυλασσόμενος
3225 683 3348 745 τοὺς
3384 675 3556 753 ἧσσον
3601 680 3716 747 ἀγα·

2177 776 2322 842 θοὺς,
2359 777 2493 849 μηδὲ
2531 781 2644 841 τοῖς
2673 776 2980 840 σπουδαίοις
3002 776 3335 846 περιπεσεῖν.
3375 774 3474 826 Ἐκ
3504 773 3605 842 μὲν
3626 771 3717 843 γὰρ

2175 869 2268 922 τοῦ
2305 867 2602 938 φείδεσθαι,
2658 868 2751 922 καὶ
2788 867 3199 940 προσποιεῖσθαι
3243 863 3563 935 δοκιμάζειν
3609 864 3714 928 τοὺς

2179 960 2415 1029 εὐλόγως
2448 959 2480 1030 ἢ
2513 960 2587 1031 μὴ
2633 959 3006 1031 τευξομένους,
3033 959 3302 1030 ἐνδέχεταί
3344 973 3406 1010 σε
3442 956 3543 1010 καὶ
3575 955 3721 1023 θεοφι-

2173 1053 2280 1107 λῶν
2329 1051 2600 1124 ἀμελῆσαι
2646 1052 2820 1124 τιμῶν
2851 1053 2959 1123 (57)
2979 1070 2992 1083 ο
3023 1044 3085 1106 οὗ
3132 1052 3191 1105 τὸ
3219 1050 3496 1121 ἐπιτίμιον
3526 1048 3722 1111 κόλασις

2175 1145 2422 1217 ἔμπυρος
2451 1144 2686 1208 αἰώνιος·
2717 1147 2782 1198 ὲκ
2832 1145 2888 1198 δὲ
2921 1143 3018 1197 τοῦ
3065 1142 3346 1216 προΐεσθαι
3397 1144 3570 1196 πᾶσιν
3617 1141 3724 1210 ἑξῆς

2174 1242 2287 1302 τοῖς
2315 1237 2625 1311 χρῄζουσιν,
2654 1238 2867 1310 ἀνάγκη
2906 1238 3122 1301 πάντως
3153 1237 3330 1308 εὑρεῖν
3360 1253 3487 1289 τινα
3521 1231 3723 1288 καὶτῶν

2179 1329 2350 1384 σῶσαι
2379 1330 2529 1402 παρὰ
2559 1331 2678 1402 Θεῷ
2713 1330 3044 1403 δυναμένων.
3085 1349 3106 1382 ι
3125 1329 3221 1401 Μὴ
3247 1330 3401 1400 κρῖνε
3430 1327 3632 1389 τοίνυν,
3651 1325 3726 1376 ἵνα

2181 1422 2255 1494 μὴ
2288 1419 2508 1495 κριθῆς·
2537 1416 2582 1491 ᾧ
2613 1423 2794 1496 μέτρῳ
2831 1426 3068 1496 μετρεῖς,
3100 1421 3275 1492 τούτῳ
3301 1421 3398 1475 καὶ
3423 1419 3727 1488 ἀντιμετρηο

2176 1515 2400 1588 θήσεται
2447 1533 2552 1573 σοι.
2587 1517 2801 1588 Μέτρον
2834 1517 3021 1582 καλὸν,
3045 1514 3408 1585 πεπιεσμένον
3436 1511 3536 1564 καὶ
3580 1527 3724 1563 aeau-

2174 1609 2456 1682 λευμένον,
2481 1609 2980 1682 ὑπερεκχυνόμενον
3015 1605 3404 1678 ἀποδοθήσεται
3434 1621 3540 1657 σοι.
3571 1619 3590 1654 ι
3628 1603 3728 1654 Πᾶ-

2178 1719 2262 1757 σιν
2313 1703 2526 1771 ἄνοιξον
2563 1702 2632 1756 τά
2683 1703 2964 1773 σπλάγχνα
3010 1704 3124 1765 τοῖς
3165 1699 3258 1753 τοῦ
3299 1697 3439 1752 Θεοῦ
3475 1695 3730 1768 μαθηταῖς

2178 1796 2730 1868 ἀπογεγραμμένοις·
2773 1795 2848 1866 μὴ
2893 1794 3032 1866 πρὸς
3080 1792 3240 1864 σῶμα
3288 1787 3500 1845 ἀπιδὼν
3554 1788 3733 1855 ὑπερο-

2177 1890 2345 1954 πτῶς,
2380 1889 2452 1961 μὴ
2482 1889 2618 1961 πρὸς
2641 1887 2854 1960 ἡλικίαν
2879 1885 3095 1958 ἀμελῶς
3123 1882 3407 1970 διατεθείς.
3438 1880 3580 1952 Μηδῗ
3595 1878 3646 1931 εἴ
3658 1893 3732 1940 τις

2175 1981 2314 2053 ἀκτή
2325 1998 2437 2051 μων
2465 1981 2499 2052 ἢ
2529 1978 2826 2058 δυσειδὴςῆ
2862 1977 3091 2050 ἀσθενὴς
3119 1977 3391 2046 φαίνεται,
3424 1975 3565 2047 πρὸς
3583 1973 3732 2025 τοῦτο

2176 2075 2242 2144 τῇ
2293 2073 2438 2144 ψυχῇ
2471 2072 2806 2146 δυσχεράνῃς
2847 2072 2940 2125 καὶ
2970 2072 3344 2142 ἀποστραφῇς.
3371 2068 3574 2139 Σχῆμα

2177 2163 2324 2218 ἔστιν
2375 2163 2572 2230 ἔξωθεν
2597 2165 2731 2235 ἡμῖν
2764 2160 3243 2234 περιϐεϐλημένον,
3276 2159 3380 2230 τῆς
3417 2161 3501 2219 είς
3543 2155 3732 2224 κόσμον

2179 2255 2414 2327 παρόδου
2447 2255 2740 2328 πρόφασις,
2771 2253 2861 2309 ἵνα
2891 2255 2972 2318 είς
2990 2251 3051 2306 τὸ
3072 2252 3248 2306 κοινὸν
3272 2249 3432 2303 τοῦτο
3455 2247 3737 2314 παιδευτήο

2180 2363 2293 2418 ριον
2324 2346 2584 2400 εἰσελθεῖν
2608 2344 2920 2418 δυνηθῶμεν
2939 2362 2953 2375 ’
2985 2343 3097 2398 ἀλλ’
3121 2341 3265 2396 ἔνδον
3286 2341 3317 2394 ό
3342 2338 3586 2412 κρυπτὸς
3615 2339 3737 2390 ἐνοι-

2178 2437 2265 2489 κεῖ
2294 2435 2503 2508 Πατὴρ,
2533 2436 2628 2492 καὶ
2658 2436 2689 2488 ὀ
2713 2434 2902 2488 τούτου
2946 2435 3104 2500 Παῖς,
3135 2435 3164 2488 ὁ
3189 2433 3329 2504 ὑπὲρ
3357 2431 3518 2503 ἡμῶν
3545 2427 3739 2484 ἀποθα-

2177 2530 2305 2592 νὼν,
2329 2531 2424 2583 καὶ
2455 2527 2572 2600 μεθ’
2597 2528 2752 2599 ἡμῶν
2784 2527 3042 2591 ἀναστάς.

505 2602 860 2661 absconditus
891 2617 975 2664 est
1008 2611 1169 2667 Pater
1187 2621 1241 2668 et
1264 2613 1437 2671 Filius
1470 2617 1612 2686 ejus,
1641 2620 1734 2690 qui
1766 2635 1864 2690 pro
1898 2622 2058 2679 nobis
2091 2631 2466 2704 mortuuslest,
2497 2631 2552 2680 et
2570 2623 2856 2679 nobiscum
2885 2621 3204 2679 resurrexit.

575 2717 816 2777 XXXIV.
852 2722 951 2779 Hic
974 2726 1192 2784 habitus
1221 2731 1395 2785 oculis
1445 2732 1687 2802 objectus
1719 2745 1947 2794 mortem
1981 2736 2076 2794 de-

504 2811 640 2880 cipit
665 2821 718 2868 et
748 2814 1023 2872 diabolum
1052 2838 1064 2874 :
1089 2821 1288 2890 quibus
1313 2823 1571 2879 nimirum
1601 2826 1829 2884 interior
1850 2831 2077 2900 opulen-

505 2899 582 2954 tia
624 2900 813 2974 (decor
846 2907 1080 2980 scilicet)
1116 2911 1395 2982 inaspecta
1447 2913 1551 2983 sit;
1582 2921 1635 2971 et
1673 2917 1846 2972 circa'
1875 2899 2074 2991 corpu-

506 2995 718 3050 sculum
751 2997 932 3055 furore
955 3002 1248 3072 agitantur,
1279 3015 1338 3060 ut
1369 3008 1697 3066 imbecillum
1721 3019 2077 3072 contemnen-

2251 2745 2370 2798 AA'.
2402 2744 2572 2799 Τοῦτο
2623 2742 2684 2796 τὸ
2734 2743 2918 2814 σχῆμα
2968 2740 3295 2812 βλεπόμενον
3360 2735 3610 2806 ἐξαπατᾷ
3659 2732 3738 2785 sev

2179 2840 2405 2896 θάνατον
2436 2838 2531 2894 καὶ
2581 2837 2672 2893 τὸν
2713 2836 2983 2891 διάϐολονσ
3011 2837 3040 2889 ὁ
3071 2834 3178 2906 γὰρ
3210 2832 3359 2894 ὲντδς
3407 2831 3663 2892 πλοῦτος,
3691 2827 3737 2879 τὸ

2179 2929 2394 2994 κάλλος,
2432 2927 2614 2991 αὐτοῖς
2646 2926 2873 2990 ἀθέατός
2904 2928 3047 2979 ἐστι·
3084 2925 3178 2978 καὶ
3211 2923 3493 2995 μαίνονται
3517 2921 3651 2990 περὶ
3689 2916 3738 2969 τὺ

2183 3021 2429 3096 σαρκίον,
2462 3015 2523 3076 οῦ
2573 3018 3002 3092 καταφρονοῦσιν
3033 3018 3113 3083 ὡς·
3147 3014 3427 3080 ἀσθενοῦς,
3462 3014 3571 3068 τῶν
3605 3011 3738 3064 ἔνδον

508 3093 611 3150 tes,
635 3087 729 3157 qui
781 3089 846 3143 ad
902 3091 1189 3149 interiores
1237 3096 1514 3168 animique
1563 3103 1898 3158 contuendas
1946 3118 2074 3175 opes

2180 3087 2332 3176 ὄντες
2389 3111 2580 3182 τυφλοὶ
2640 3087 2934 3182 κτημάτων
2956 3127 2969 3140 ·
2998 3109 3097 3162 ούκ
3135 3106 3488 3178 ἐπιστάμενοι
3523 3103 3738 3176 πηλίκον

505 3180 635 3233 caeci
669 3181 814 3248 sint;
847 3198 956 3238 non
1012 3185 1373 3258 intelligentes
1417 3202 1681 3261 quantum
1720 3194 2076 3252 «thesaurum

506 3268 563 3324 in
616 3279 862 3328 testaceo
910 3279 1079 3331 vaseb
1111 3298 1129 3332 ι
1178 3279 1440 3348 feramus,
1473 3283 1567 3338 Dei
1618 3283 1798 3342 Patris
1853 3287 2070 3354 virtute,

507 3361 711 3433 Deique
741 3363 865 3421 Filii
901 3371 1186 3441 sanguine,
1228 3387 1440 3429 necnon
1472 3373 1712 3445 Spiritus
1739 3380 1917 3436 sancti
1953 3395 2078 3437 rore

505 3461 923 3518 communitum.
953 3462 1032 3517 Tu
1066 3481 1194 3521 vero
1233 3482 1364 3524 cave
1395 3485 1464 3525 ne
1503 3470 1822 3540 decipiaris,
1858 3472 1952 3542 qui
1984 3487 2078 3528 ve-

505 3551 684 3608 ritatis
739 3563 958 3625 gustum
1013 3557 1248 3626 feceris,
1312 3578 1628 3633 magnaeque
1684 3564 2075 3634 redemptionis

504 3645 681 3713 pretio
704 3645 900 3718 dignus
937 3649 1154 3706 habitus
1183 3652 1260 3708 sis
1285 3671 1299 3707 :
1331 3655 1424 3709 sed
1448 3663 1639 3710 contra
1668 3671 1830 3726 quam
1867 3656 2078 3712 faciunt

505 3733 704 3805 reliqui
740 3737 1010 3805 homines,
1035 3755 1168 3812 coge
1202 3741 1300 3796 tibi
1350 3744 1650 3798 exercitum
1687 3745 1970 3808 inermem,
2009 3745 2077 3800 ad

505 3826 647 3882 bella
678 3829 942 3900 ineptum,
974 3831 1235 3888 fund'endi
1270 3836 1554 3904 sanguinis
1584 3836 1854 3901 nescium,
1882 3836 1962 3891 ira
1983 3852 2080 3892 va-

504 3934 688 3984 cuum,
705 3922 1190 3979 incontaminatum
1211 3945 1225 3994 ;
1244 3943 1402 3985 senes
1423 3929 1622 3998 pietate
1648 3936 1989 3998 praestantes,
2015 3934 2081 3993 ἦ(

503 4014 740 4084 pupillos
788 4017 1081 4090 religiosis
1119 4019 1386 4086 mo‘ribus,
1417 4021 1616 4076 viduas
1659 4021 2081 4079 mansuetudine

505 4107 828 4173 instructas,
860 4110 1010 4165 viros
1071 4111 1342 4168 charitate
1391 4121 1640 4169 ornatos.
1678 4111 1841 4169 Tales
1871 4113 2080 4170 divitiis

505 4199 638 4264 tuis,
674 4202 1000 4275 corporique
1033 4211 1087 4259 et
1129 4205 1312 4259 animo
1342 4205 1440 4259 tibi
1471 4219 1603 4276 para
1627 4207 1907 4272 satellites,
1939 4221 2080 4276 quo»

505 4306 628 4344 rum
663 4290 807 4349 Deus
838 4294 1134 4364 imperator
1163 4296 1425 4362 exsistat;
1467 4311 1563 4367 per
1593 4311 1732 4366 quos
1771 4297 1886 4368 ipsa
1912 4312 2081 4369 prope

506 4387 797 4456 mergenda
828 4389 985 4445 navis
1008 4397 1270 4460 emergat,
1307 4405 1468 4461 quam
1500 4392 1627 4446 sola:
1654 4392 1831 4446 levent
1860 4400 2081 4448 sancto-

2178 3204 2301 3258 τινὰ
2341 3222 2360 3257 ι
2385 3203 2658 3275 θησαυρὸν
2697 3204 2754 3256 ὲν
2781 3200 3089 3274 όστρακίνῳι
3116 3198 3296 3253 σκεύει
3322 3217 3339 3250 ι
3378 3194 3735 3268 βαστάζομεν,

2175 3296 2404 3366 δυνάμει
2435 3293 2570 3349 Θεοῦ
2627 3293 2839 3366 Πατρός
2889 3293 2982 3346 καὶ
3014 3293 3204 3364 αἵματι
3257 3288 3393 3344 Θεοῦ
3429 3288 3630 3351 Παιδὸς
3659 3286 3736 3339 καὶ

2177 3387 2353 3461 δρόσῳ
2405 3385 2720 3458 Πνεύματος
2773 3386 2928 3456 ἁγίου
2988 3377 3547 3458 περιτετειχισμένον.
3591 3378 3738 3432 Ἀλλά

2181 3478 2244 3532 σύ
2270 3496 2335 3549 γε
2371 3480 2447 3552 μὴ
2476 3477 2845 3550 ὲξαπατηθῇς,
2873 3479 2902 3532 ὁ
2954 3476 3283 3547 γεγευμένος
3316 3474 3420 3544 τῆς
3469 3473 3736 3544 ἀληθείας.

2180 3573 2275 3626 καὶ
2301 3570 2709 3644 κατηξιωμένος
2733 3571 2830 3642 τῆς
2871 3568 3114 3641 μεγάλης
3139 3565 3463 3640 λυτρώσεως
3482 3582 3497 3596 ο
3531 3565 3668 3618 ἀλλὰ
3691 3563 3739 3616 τὺ

2179 3662 2419 3716 ἐναντίον
2457 3665 2571 3725 τοῖς
2610 3653 2791 3723 ἄλλοις
2831 3657 3137 3732 ἀνθρώποις
3198 3656 3410 3729 σεαυτῷ
3450 3655 3738 3721 κατάλεξον

2181 3755 2410 3827 στρατὸν
2460 3753 2680 3820 ἄοπλον,
2721 3752 3012 3823 ἀπόλεμον,
3065 3750 3420 3823 ἀναίμακτον,
3453 3750 3737 3820 ἀόργητον,

2179 3846 2462 3917 ἀμίαντον,
2513 3843 2771 3916 γέροντας
2814 3842 3104 3906 θεοσεϐεῖς,
3145 3841 3414 3913 ὀρφανοὺς
3463 3837 3738 3908 θεοφιλεῖς,

2178 3933 2656 4009 χήραςπραότητι
2693 3934 3061 4006 ὠπλισμένας,
3091 3933 3290 4006 ἄνδρας
3320 3932 3514 4006 ἀγάπῃ
3559 3944 3742 3984 nemo.

2182 4027 2476 4098 μημένους.
2513 4026 2801 4090 Τοιούτους
2852 4025 3053 4097 κτῆσαι
3113 4025 3193 4097 τῷ
3252 4024 3330 4096 σῷ
3387 4023 3610 4094 πλούτῳ
3661 4019 3741 4074 καὶ

2177 4117 2257 4189 τῷ
2292 4115 2524 4188 σώματι,
2560 4117 2654 4171 καὶ
2685 4118 2750 4188 τῇ
2780 4116 2925 4188 ψυχῇ
2958 4115 3307 4188 δορυφόρους,
3337 4106 3415 4168 ὧν
3454 4111 3744 4184 στρατηγεῖ

2179 4209 2329 4276 Θεὸς,
2352 4209 2417 4263 δι’
2445 4207 2538 4274 οῦς
2569 4211 2662 4264 καὶ
2692 4207 2823 4273 ναῦς
2871 4207 3238 4279 βαπτιζομένη
3285 4205 3624 4276 κουφίζεται,
3657 4203 3741 4275 μό-

2179 4317 2296 4364 ναις
2318 4301 2488 4370 ἁγίων
2521 4300 2705 4371 εὐχαῖς
2730 4299 3138 4370 κυϐερνωμένη,
3171 4297 3266 4351 καὶ
3291 4296 3445 4360 νόσος
3474 4295 3742 4366 ἀκμάζου-

2184 4408 2252 4446 σα
2293 4391 2624 4464 δαμάζεται,
2668 4391 2867 4466 χειρῶν
2910 4389 3188 4454 ἐπιϐολαῖς
3245 4388 3591 4460 διωκομένη,
3657 4384 3742 4439 καὶ

506 4488 628 4529 rum
673 4492 899 4544 preces;
935 4480 1236 4551 vigensque
1282 4483 1506 4538 morbus
1552 4482 1855 4549 edometur,
1907 4499 2070 4553 quem

2183 4482 2452 4556 προσϐολὴ
2531 4483 2741 4556 λῃστῶν
2805 4481 3180 4552 ἀφοπλίζεται,
3267 4481 3453 4550 εὐχαῖς
3507 4479 3740 4532 εὐσεϐἐπ

506 4565 697 4636 fugent
726 4570 920 4624 crebro
955 4571 1166 4641 injectae
1183 4588 1412 4640 manus;
1445 4589 1509 4628 ac
1542 4573 1812 4629 latronum
1839 4575 2075 4631 insultus

508 4657 735 4715 inermis
778 4660 890 4726 ﬁat,
926 4662 1031 4732 piis
1081 4664 1336 4733 precibus
1369 4663 1802 4734 despoliantibus
1835 4683 1850 4732 ;
1881 4665 2079 4736 visque

577 4863 794 4921 XXXV.
844 4865 913 4922 Ili
961 4883 1152 4925 omnes
1188 4872 1389 4928 milites
1431 4887 1496 4928 ac
1537 4873 1791 4931 custodes
1831 4875 2063 4930 strenui.

506 4953 676 5012 Nemo
707 4959 939 5023 otiosus,
971 4975 1130 5014 nemo
1161 4961 1397 5019 inutilis.
1431 4961 1530 5018 llic
1559 4963 1782 5034 quidem
1816 4980 1847 5018 a
1878 4963 1988 5020 Deo
2015 4971 2070 5020 te

508 5055 766 5120 tuamque
795 5052 1026 5107 salutem
1064 5052 1365 5125 efﬂagitare
1392 5063 1604 5126 potest,
1642 5056 1733 5113 ille
1760 5073 1890 5112 vero
1913 5057 2070 5113 labo-

508 5147 717 5196 rantem
750 5142 936 5210 solari;
969 5143 1108 5199 alius
1140 5145 1411 5217 lacrymas
1438 5155 1489 5202 et
1517 5147 1751 5216 gemitus
1780 5149 2075 5207 miserante

508 5232 704 5291 aﬂectu
752 5236 808 5292 in
853 5239 930 5293 tui
977 5239 1209 5310 gratiam
1246 5239 1315 5294 ad
1355 5242 1737 5298 universorum
1782 5240 2071 5298 Dominum

510 5326 768 5395 fundere,
809 5330 949 5387 alius
991 5331 1271 5402 quidpiam
1306 5348 1531 5400 eorum,
1565 5349 1687 5406 quae
1731 5333 1798 5388 ad
1842 5336 2072 5390 salutem

510 5419 826 5476 conducunt
854 5423 1072 5493 docere;
1106 5423 1247 5480 alter
1283 5421 1452 5482 libere
1481 5426 1773 5482 admonere
1803 5441 1868 5482 ac
1897 5426 2074 5482 corri-

2183 4570 2570 4642 σκυλευομένη,
2633 4571 2727 4624 καὶ
2788 4569 3055 4642 δαιμόνων
3115 4569 3205 4641 βία
3257 4568 3544 4640 θραύεται,
3591 4584 3742 4640 προςο

2180 4663 2424 4734 τάγμασι
2458 4661 2729 4725 συντόνοις
2757 4660 3090 4732 ἐλεγχομένη
3112 4662 3170 4714 ὲν
3199 4659 3403 4731 ἔργοις.

397 4793 404 4796 -
506 4763 782 4823 postremo
821 4755 1126 4810 daemonum
1163 4757 1463 4829 frangatur,
1499 4767 1754 4814 contenta
1786 4760 2180 4815 mandatorum
2202 4773 2367 4831 opera
2394 4771 2460 4813 ac
2489 4763 2682 4812 tenore
2714 4756 2860 4812 iners
2891 4753 3266 4825 comprobata.

2243 4873 2365 4927 AE'.
2379 4864 2538 4926 Οὗτοι
2554 4872 2751 4935 πάντες
2766 4871 2814 4924 oi
2827 4869 3148 4943 στρατιῶται
3163 4869 3256 4923 καὶ
3270 4867 3510 4939 φύλακες
3525 4864 3739 4937 βέϐαιοι.

2175 4961 2360 5029 Οὐδεὶς
2390 4963 2576 5037 ἀργὸς,
2604 4962 2775 5027 οὐδεὶς
2797 4963 3032 5033 ἀχρεῖος.
3074 4962 3133 5016 'O
3157 4961 3256 5034 μὲν
3275 4958 3661 5032 ἐξαιτήσασθαι
3689 4973 3740 5008 σε

2176 5056 2396 5111 δύναται
2439 5054 2590 5128 παρά
2619 5053 2776 5120 Θεοῦ,
2799 5054 2828 5106 ὁ
2852 5055 2907 5108 δὲ
2924 5053 3422 5126 παραμυθήσασθαι
3451 5053 3739 5124 κάμνοντι.

2175 5151 2274 5204 όδὲ
2301 5149 2571 5221 δακρῦσαι
2599 5150 2692 5204 καὶ
2710 5147 2957 5214 στενάξαι
2978 5141 3282 5220 συμπαθῶς
3303 5147 3445 5218 ὑπὲρ
3473 5143 3577 5225 ,σοῦ
3614 5141 3740 5212 πρὸς

2174 5242 2268 5298 τὸν
2299 5242 2502 5314 Κύριον
2532 5241 2641 5296 τῶν
2667 5241 2825 5309 ὅλων,
2857 5243 2886 5295 ό
2923 5241 2979 5295 δὲ
3021 5240 3225 5305 διδάξαι
3257 5256 3310 5292 τι
3341 5239 3451 5291 τῶν
3484 5235 3619 5307 πρὸς
3650 5232 3740 5304 τὴν

2180 5334 2452 5407 σωτηρίαν
2484 5334 2791 5406 χρησίμων,
2832 5334 2860 5388 δ
2902 5333 2958 5386 δὲ
3000 5332 3320 5403 νουθετῆσαι
3356 5327 3496 5402 μετά
3529 5327 3739 5398 παρρη-

2179 5425 2332 5490 σίας,
2368 5428 2396 5480 ὁ
2420 5425 2477 5479 δὲ
2507 5423 2906 5496 συμϐουλεῦσαι
2941 5424 3056 5496 μετ’
3076 5421 3306 5487 εὐνοίας⁸
3343 5420 3537 5482 πάντες
3565 5414 3625 5471 δὲ
3662 5431 3735 5487 ν’·

619 5625 678 5683 >14
719 5620 780 5676 Ρ.
821 5621 926 5680 945
963 5622 1072 5678 ED.
1113 5622 1412 5683 POTTER.
1489 5638 1517 5668 ι
1556 5624 1746 5684 Matth.
1782 5641 1880 5695 vn,
1930 5627 1996 5695 i;
2036 5625 2169 5684 Luc.
2203 5642 2279 5695 vr,
2317 5625 2403 5682 58.
2481 5626 2510 5668 ι)
2570 5623 2614 5681 ll
2644 5617 2774 5683 Cor‘.
2815 5638 2889 5694 Iv,
2918 5623 2969 5678 7.

585 5790 696 5864 (57)
730 5795 934 5867 Τιμῶν.
971 5796 1159 5856 Scribe
1181 5747 1359 5856 τινῶν.
