3818 6540
126 382 205 440 6ιί
1146 377 1348 438 LIBER
1385 378 1548 446 QUIS
1584 377 1787 436 BIVES
1817 375 2212 433 SALVETUR.

3185 381 3290 439 669

133 501 221 555 λεῖν
245 495 457 568 ἀληθῶς,
490 494 722 560 ἀδόλως,
756 493 990 564 ἀφόϐως,
1015 494 1408 568 ἀνυποκρίτως,
1442 495 1616 549 ἀκολα·

1731 508 1877 566 pere,
1912 492 2048 547 alter
2087 489 2347 547 benevole
2380 490 2672 548 consilium
2708 492 2866 560 dare;
2907 507 3098 551 omnes
3133 493 3291 550 deni-

123 589 305 652 κιύως,
329 587 627 652 ἀπλάστως.
667 588 730 642 Ὦ
760 587 983 656 γλυκεῖα
1015 587 1276 661 Θεραπεία
1307 587 1618 658 φιλούντωνί

121 679 156 733 ὦ
185 677 411 748 μακάριοι
449 676 673 730 διάνοιαι
712 674 1071 748 θαρῥούντωνί
1107 677 1153 729 ὦ
1185 676 1366 740 πίστις
1396 677 1618 747 εἰλικρι-

121 771 193 840 νὴς
215 769 330 823 Θεὸν
351 768 503 840 μόνον
524 767 786 822 δεδιότωνί
810 767 856 820 ὣ
883 767 1054 837 λόγων
1080 768 1304 841 ἀλήθεια
1333 768 1480 838 παρά
1509 771 1622 832 τοῖς

118 858 372 929 ψεύσασθαι
398 859 472 932 μὴ
496 859 890 931 δυναμένοιςίῶ
914 859 1105 924 κάλλος
1137 860 1312 932 ἔργων
1343 861 1495 932 παρὰ
1509 862 1621 925 τοῖς

119 953 210 1023 Θεῷ
235 952 481 1006 διακονεῖν
517 952 920 1022 πεπεισμένοις,
955 952 1160 1006 πείθειν
1197 952 1347 1016 Θεὸν,
1369 952 1621 1023 ἀρέσκειν

117 1042 221 1114 Θεῷ,
245 1043 301 1097 ού
329 1042 525 1115 σαρκὸς
557 1043 657 1113 τῆς
688 1043 791 1115 σῆς
821 1043 1102 1098 ἀπτεσθαιί
1138 1042 1314 1098 λαλεῖν
1333 1082 1349 1107 ,
1383 1042 1516 1096 ἀλλὰ
1545 1041 1622 1114 τῷ

114 1134 285 1206 βασιλεί
319 1134 424 1189 τῶν
457 1133 665 1190 αἰώνων
701 1136 767 1188 ,ἐν
810 1137 895 1189 σοὶ
926 1134 1281 1190 κατοικοῦντι.

1725 601 1830 656 que
1849 599 1996 648 vere,
2026 583 2144 638 sine
2165 581 2313 648 dolo,
2345 583 2494 639 nullo
2517 583 2732 649 timore.
2765 587 2911 640 nulla
2941 588 3291 644 simulatione

1723 683 1883 731 autve
1928 674 2273 736 adulatione,
2319 673 2559 744 nihilque
2603 674 2726 730 ﬁcte
2789 691 2993 733 amare.
3033 678 3082 732 0
3125 679 3286 734 dulce

1726 769 2026 823 amicorum
2057 765 2376 838 obsequium
2401 768 2414 820 l
2452 781 2485 821 ο
2508 766 2667 820 beata
2697 769 2921 823 servitia
2950 784 3162 834 eorum,
3195 771 3288 840 qui

1725 858 1924 914 ﬁducia
1953 858 2212 928 polleant!
2249 872 2284 911 o
2314 857 2529 914 sincera
2601 858 2734 914 [ides
2772 874 2958 916 eorum
2987 863 3082 932 qui
3111 863 3287 916 solum

1729 949 1896 1006 Deum
1933 950 2192 1005 timeant!
2235 965 2268 1004 ο
2307 949 2599 1004 verborum
2636 951 2837 1006 veritas
2869 952 3012 1022 apud
3042 968 3137 1009 eos
3191 955 3286 1025 qui

1730 1041 1948 1097 mentiri
1982 1056 2089 1096 non
2109 1042 2368 1110 possunt!
2399 1057 2438 1096 ο
2459 1042 2686 1113 pulchra
2710 1043 2924 1100 illorum
2952 1059 3136 1114 opera,
3167 1048 3289 1115 qui-

1734 1133 1838 1188 bus
1876 1132 2234 1188 constitutum
2277 1141 2448 1189 estut
2485 1132 2593 1188 Deo
2619 1133 2961 1198 ministrent,
2991 1134 3158 1192 Deum
3198 1139 3291 1193 ile-

114 1234 259 1292 ctant,
302 1225 412 1282 Deo
453 1227 743 1298 placeant,
789 1243 900 1283 non
943 1242 1163 1284 carnem
1208 1234 1356 1282 tuam
1407 1226 1622 1298 impuro
1653 1240 1839 1284 amore
1870 1224 2220 1296 contingant!
2254 1233 2313 1282 ut
2336 1225 2653 1296 loquantur,
2698 1227 2773 1282 ita
2816 1233 2998 1284 tamen
3047 1236 3110 1283 ut
3163 1244 3288 1287 cum

113 1336 212 1391 rege
254 1319 564 1376 saeculorum
589 1359 607 1387 ,
657 1320 749 1391 qui
799 1320 857 1376 in
913 1328 966 1377 te
1000 1321 1249 1387 habitet,
1298 1336 1603 1378 sermonem
1639 1319 1854 1384 habeat.

163 1414 281 1479 AC’.
305 1411 507 1477 Πάντες
529 1409 622 1468 οῦν
641 1417 690 1484 9i
716 1414 932 1480 πιστοὶ,
961 1415 1134 1480 καλοὶ,
1165 1414 1505 1486 θεοπρεπεῖς,
1532 1415 1626 1470 καὶ

108 1504 184 1573 τῆς
196 1504 544 1576 προσηγορίας
562 1505 721 1572 ἄξιοι,
736 1507 802 1578 ἢν
822 1503 1007 1578 ὥσπερ
1021 1507 1255 1578 διάδημα
1271 1507 1622 1580 περίκεινται.

1805 1411 1965 1484 345
1999 1409 2237 1467 XXXVI.
2271 1410 2473 1468 Omnes
2508 1411 2690 1481 itaque
2749 1411 2952 1477 fideles,
2986 1412 3172 1484 probi,
3201 1413 3288 1468 di-

1729 1506 1984 1577 vinisque
2026 1506 2271 1560 moribus
2304 1504 2576 1568 instituti,
2611 1514 2772 1574 atque
2799 1519 2861 1559 ca
2892 1505 3041 1576 digni
3076 1521 3292 1561 nuncu-

107 1596 162 1647 ω
182 1595 274 1666 μὴν
296 1595 403 1649 ἀλλ’
425 1597 565 1650 εἰσίν
585 1597 682 1669 ἤδη
703 1597 844 1663 τινὲς
869 1597 1086 1651 καὶτῶν
1102 1598 1370 1652 ἐκλεκτῶν
1383 1597 1616 1653 ἐκλεκτό-

1728 1598 1967 1668 patione,
2007 1611 2115 1668 qua
2148 1597 2294 1651 velut
2332 1596 2634 1651 diademate
2663 1610 2864 1650 corona
2901 1596 3104 1668 inclyta
3145 1597 3291 1653 redi-

106 1704 240 1758 τεροι,
258 1690 346 1742 καὶ
370 1687 608 1760 τοσούτῳ
636 1689 832 1761 μᾶλλον
863 1685 1025 1763 ἦττον
1054 1689 1186 1762 (57‘)
1204 1691 1461 1763 ἐπίσημοι
1489 1691 1623 1764 πρὸς

1728 1688 1847 1743 miti
1898 1695 2045 1744 sunt.
2088 1687 2377 1742 Enimvero
2407 1701 2518 1741 non
2563 1687 2761 1742 desunt
2789 1688 2884 1758 qui
2912 1697 2966 1742 et
2995 1689 3104 1758 jam
3147 1689 3291 1744 inter

102 1779 173 1830 τὸν
196 1778 371 1848 λιμένα
390 1781 455 1833 ἐκ
473 1779 568 1832 τοῦ
607 1779 871 1845 κλύδωνος
901 1781 995 1835 τοῦ
1030 1783 1234 1854 κόσμου
1266 1782 1616 1848 νεωλκοῦντες

1729 1781 1932 1835 electos
1977 1779 2171 1848 majori
2219 1779 2406 1835 electis
2436 1779 2750 1848 prazstantia
2801 1778 3081 1850 fulgeant,
3115 1795 3288 1849 eoque

103 1867 291 1934 ἑαυτοὺς
319 1871 411 1924 καὶ
435 1872 798 1941 ἐπανάγοντες
825 1872 1196 1944 ἐπ’ἀσφαλές·
1224 1874 1285 1927 οὐ
1310 1873 1621 1945 βουλόμενοι

99 1957 241 2012 δοκεῖν
269 1961 403 2030 ἆγιοι
425 2002 441 2028 ,
480 1963 584 2017 κᾶν
613 1963 742 2039 εἴπῃ
775 1982 894 2031 τις,
935 1966 1330 2037 αἰσχυνόμενοι·
1365 1969 1422 2020 ἐν
1467 1967 1620 2038 βάθει

100 2051 286 2123 γνώμης
333 2054 769 2127 ἀποκρύπτοντες
816 2057 885 2111 τά
927 2057 1266 2129 ἀνεκλάλητα
1311 2059 1578 2131 μυστήρια
1601 2099 1616 2125 ,

99 2143 172 2194 καὶ
202 2141 288 2214 τὴν
314 2145 494 2198 αὐτῶν
533 2146 811 2216 εὐγένειαν
843 2148 1312 2221 ὑπερηφανοῦντες
1342 2151 1402 2204 ἐν
1433 2151 1619 2222 κόσμῳ

98 2231 368 2300 βλέπεσθαι·
398 2238 496 2301 οὓς
532 2236 560 2288 6
604 2238 757 2306 λόγος
794 2258 812 2290 ι
843 2239 958 2309 φῶς
992 2239 1085 2294 τοῦ
1119 2241 1321 2312 κόσμου
1355 2241 1449 2295 καὶ
1487 2241 1620 2306 ἅλας

95 2324 174 2394 τῆς
198 2325 329 2396 γῆς»
366 2326 542 2380 καλεῖ.
577 2329 732 2383 Τοῦτ’
761 2331 876 2384 ἐστὶ
920 2331 981 2384 τὸ
1026 2331 1278 2403 σπέρμα,
1321 2332 1482 2387 εἰκὼν
1526 2333 1620 2388 καί

93 2411 309 2482 ὁμοίωσις
338 2417 496 2483 Θεοῦ,
531 2421 624 2472 καὶ
657 2420 846 2474 τέκνον
880 2420 1044 2475 αὑτοῦ
1079 2424 1320 2492 γνήσιον,
1358 2425 1450 2477 καὶ
1482 2418 1615 2496 κλη-

98 2509 308 2580 ρονόμον,
345 2511 537 2584 ὥσπερ
574 2515 666 2567 ἐπί
695 2531 815 2569 τινα
847 2514 1104 2580 ξενιτείαν
1137 2516 1365 2569 ἐνταῦθα
1402 2518 1616 2588 πεμπό-

95 2617 222 2666 μενον
263 2602 362 2656 ὑπὸ
416 2604 660 2674 μεγάλης
706 2607 1013 2677 οἰκονομίας
1059 2608 1152 2660 καὶ
1187 2607 1472 2676 ἀναλογίας
1520 2608 1614 2662 τοῦ

94 2689 287 2763 Πατρὸς,
320 2693 386 2746 δι’
409 2689 473 2749 οῦ
505 2695 597 2748 καὶ
619 2695 686 2749 τά
715 2696 923 2770 φανερά
949 2699 1042 2752 καὶ
1073 2698 1142 2752 τὰ
1167 2699 1347 2770 ἀφανῆ
1370 2697 1462 2752 τοῦ
1487 2699 1615 2752 κόσ-

93 2799 169 2850 μου
204 2785 672 2859 δεδημιούργηται·
715 2789 784 2842 τὰ
818 2791 917 2862 μὲν
946 2793 1025 2856 εἰς
1053 2791 1316 2856 δουλείαν,
1355 2792 1422 2846 τά
1451 2792 1505 2846 δὲ
1539 2794 1616 2856 είς

91 2870 310 2943 ἄσκησιν,
338 2877 405 2930 τὰ
438 2877 495 2931 δὲ
528 2881 608 2942 εἰς
636 2879 871 2951 μάθησιν
904 2882 1081 2935 αὐτῶν
1115 2885 1226 2954 (58)
1254 2899 1268 2913 ·
1302 2885 1396 2936 καὶ
1444 2883 1616 2936 πάντα

90 2968 247 3036 μέχρις
276 2968 338 3022 ἂν
369 2970 607 3024 ἐνταῦθα
638 2971 698 3024 τὸ
731 2973 949 3044 σπέρμα
987 2974 1155 3046 μένῃ,
1189 2975 1484 3044 συνέχεται·
1521 2976 1616 3028 καὶ

92 3061 402 3130 συναχθέντος
439 3063 622 3128 αὑτοῦ,
656 3063 827 3118 ταῦτα
850 3065 1080 3136 τάχιστα
1099 3067 1404 3138 λυθήσεται.

1728 1871 1901 1941 magis
1932 1871 2173 1925 illustres
2203 1871 2333 1933 sint,
2358 1885 2466 1940 quo
2494 1871 2642 1925 velut
2671 1869 2735 1924 ad
2764 1878 2980 1940 portum
3001 1885 3070 1924 ex
3099 1870 3288 1927 mundi

1725 1963 1963 2032 procella
2006 1962 2218 2031 seipsos
2259 1961 2590 2025 subducant,
2632 1975 2830 2030 resque
2863 1976 2992 2015 suas
3023 1961 3076 2015 in
3110 1969 3286 2015 tutum

1725 2055 2023 2125 recipiant:
2053 2056 2145 2125 qui
2175 2055 2353 2109 sancti
2384 2054 2557 2108 videri
2582 2053 2807 2119 nolunt;
2839 2068 2902 2108 ac
2923 2053 2967 2108 si
2994 2053 3120 2124 quis
3149 2069 3290 2107 nun-
3349 2057 3360 2068 '

1724 2147 2028 2216 cupaverit,
2059 2147 2416 2203 erubescant:
2449 2147 2542 2218 qui
2574 2146 2681 2200 imo
2712 2146 2831 2216 ipso
2859 2156 3075 2216 pectore
3104 2145 3290 2202 ineﬂ'a-

1723 2238 1852 2293 bilia
1901 2240 2158 2310 mysteria
2207 2239 2583 2301 abscondant,
2636 2253 2902 2307 suamque
2954 2239 3287 2294 nobilitatem

1724 2329 1977 2386 humanis
2023 2331 2198 2386 oculis
2242 2330 2406 2399 objici
2470 2336 2838 2384 contemnant.
2887 2327 2998 2384 IIos
3037 2329 3290 2383 nimirum

1725 2419 2003 2492 Scriptura
2030 2441 2048 2472 ς
2075 2424 2255 2476 lumen
2273 2422 2459 2476 mundi
2521 2431 2574 2476 et
2630 2421 2709 2476 sal
2732 2429 2916 2476 terras»
2941 2419 3290 2475 vocatmlloc

1721 2529 1916 2584 nempe
1956 2529 2140 2569 semen
2171 2513 2285 2585 (Dei
2319 2513 2526 2568 scilicet
2559 2513 2735 2582 imago
2767 2519 2821 2566 et
2852 2511 3173 2573 similitudo,
3204 2525 3290 2566 τοι

1723 2619 1892 2674 raque
1916 2604 2037 2675 ejus
2070 2606 2250 2675 proles
2277 2612 2331 2658 et
2356 2602 2549 2675 haeres)
2574 2604 2719 2658 velut
2751 2603 2802 2656 in
2830 2604 3084 2658 exsilium
3115 2603 3290 2673 quod-

1721 2693 1845 2748 dam
1871 2710 1934 2750 ac
1974 2695 2467 2766 peregrinationem
2501 2710 2699 2765 magno
2727 2693 2903 2748 Patris
2937 2695 3292 2765 propensiore

1721 2787 1951 2842 consilio
1996 2801 2349 2858 congruaque
2380 2787 2460 2842 eis
2503 2786 2716 2839 ratione
2745 2801 2806 2838 ac
2843 2793 2990 2841 sorte
3027 2786 3134 2838 huc
3167 2785 3290 2840 mit-

1721 2880 1888 2934 titur:
1920 2895 2027 2948 quo
2053 2887 2275 2934 auctore
2303 2879 2491 2933 mundi
2525 2894 2632 2940 res,
2663 2887 2774 2930 tum
2800 2878 2978 2935 oculis
3007 2877 3288 2948 expositae,
3358 2931 3370 2940 ,

1721 2981 1838 3026 tum
1872 2971 2102 3025 occulta:
2133 2969 2366 3025 condita:
2396 2978 2553 3025 sunt:
2587 2970 2705 3023 alia:
2729 2969 2944 3040 quidem
2971 2984 3159 3022 eorum
3193 2970 3290 3024 th-

1721 3064 1927 3134 sequiis
1954 3064 2168 3127 dedita,
2200 3063 2320 3118 alia:
2353 3078 2482 3117 vero
2522 3060 2763 3132 ipsorum
2795 3060 3084 3116 exercendi
3115 3061 3287 3131 gratia.

87 3154 467 3226 excolendaque
500 3156 721 3212 virtutis
766 3165 930 3228 atque
971 3159 1090 3214 alite
1137 3159 1403 3214 doctrinae
1445 3174 1612 3214 causa
1645 3157 1985 3238 constitutae:
2015 3163 2322 3226 cunctaque
2349 3155 2702 3209 continentur
2747 3168 2811 3208 ac
2869 3159 3288 3214 conservantur,

88 3245 232 3308 quoad
255 3262 436 3303 semen
470 3249 685 3303 mortali
715 3249 818 3304 hoc
845 3257 991 3306 statu
1022 3251 1284 3306 manserit
1317 3269 1332 3306 :
1368 3266 1476 3322 quo
1513 3251 1740 3306 collecto
1771 3249 2053 3304 celerrime
2075 3247 2419 3304 dissolvenda
2452 3253 2602 3388 ευιιὲ.

138 3334 314 3388 ΛΖ¹.Τί
338 3338 447 3388 γὰο
479 3337 560 3388 ἔτι
581 3339 663 3388 δεῖ
693 3340 810 3388 Θεῶ
839 3341 907 3388 τὰ
937 3340 1036 3388 τῆς
1067 3342 1288 3388 ἀγάπης
1323 3343 1613 3388 nuntiata:
1643 3353 1682 3388 ρ
1789 3345 1848 3388 ›ἶ‹
1887 3337 2148 3388 XXXVII-
2181 3336 2321 3388 Ouid
2361 3338 2508 3388 enim
2593 3353 2602 3388 4

138 3334 240 3386 ΛΖ’.
253 3336 314 3389 Τί
338 3338 447 3410 γάρ
479 3337 560 3393 ἔτι
581 3339 663 3392 δεῖ
693 3340 810 3411 Θεῷ
839 3341 907 3395 τὰ
937 3340 1036 3413 τῆς
1067 3342 1288 3412 ἀγάπης
1321 3343 1614 3414 μυστήρια;

1789 3345 1848 3403 ›Ῑ‹
1887 3337 2148 3394 XXXVII.
2181 3336 2321 3405 Quid
2361 3338 2508 3393 enim

87 3425 171 3478 Καὶ
194 3428 305 3482 τότε
344 3431 702 3498 ὲποπτεύσεις
731 3434 823 3487 τὸν
862 3432 1061 3488 κόλπον
1092 3433 1186 3488 τοῦ
1225 3434 1466 3507 Πατρὸς,
1502 3433 1561 3486 ὃν
1591 3435 1621 3486 6

89 3519 342 3591 μονογενὴς
377 3521 508 3586 Υἱὸς
541 3521 671 3586 Θεὸς
711 3523 872 3594 μόνος
905 3523 1226 3596 ἐξηγήσατο.
1267 3504 1419 3578 Ἐστῖ
1442 3524 1496 3578 δὲ
1529 3525 1622 3579 καὶ

87 3606 214 3671 αὐτὸς
231 3612 257 3662 ό
269 3611 398 3676 Θεὸς
417 3613 630 3684 ἀγάπη,
648 3615 739 3666 καὶ
757 3614 822 3668 δι’
843 3615 1060 3686 ἀγάπην
1074 3619 1206 3687 ἡμῖν
1225 3615 1462 3688 ἐθηράθη
1487 3617 1616 3684 (59).

86 3694 169 3748 Καὶ
186 3698 238 3752 τὸ
259 3701 354 3772 μὲν
380 3703 623 3774 ἄρρητον
646 3704 831 3768 αὑτοῦ,
856 3705 1064 3777 Πατήρ·
1086 3706 1145 3759 τὸ
1170 3693 1331 3770 δέἐίς
1354 3708 1484 3777 ἡμῖν
1508 3706 1618 3777 (40)

87 3793 349 3858 συμπαθὲς,
367 3795 564 3864 γέγονε
593 3796 794 3869 μήτηρ.
823 3797 1030 3870 Ἀγαπή
1039 3816 1134 3862 σας
1151 3800 1179 3851 6
1197 3800 1383 3871 Πατὴρ
1399 3799 1621 3870 ἐθηλύν-

86 3877 157 3948 Οη·
181 3884 263 3936 καὶ
285 3886 475 3940 τούτου
503 3887 648 3958 μέγα
682 3892 924 3959 σημεῖον,
955 3889 1014 3944 ὃν
1049 3891 1209 3955 αὐτὸς
1242 3892 1529 3964 ἐγέννησεν
1560 3889 1620 3957 ἐξ

85 3971 262 4028 ἑαυτοῦ·
286 3979 377 4032 καὶ
399 3981 428 4033 6
461 3979 676 4051 τεχθεὶς
699 3982 758 4048 ἐξ
780 3982 1000 4053 ἀγάπης
1027 3983 1254 4052 καρπὸς,
1280 3983 1486 4055 ἀγάπη.
1520 3983 1620 4038 Διὰ

84 4061 208 4117 τοῦτο
233 4068 319 4121 καὶ
346 4069 513 4132 αὐτὸς
542 4070 796 4141 κατῆλθε·
819 4071 907 4125 διὰ
934 4072 1092 4126 τοῦτο
1111 4072 1392 4144 ἄνθρωπον
1435 4073 1613 4126 ἀνέδυ·

83 4150 150 4204 διὰ
184 4157 330 4211 τοῦτο
358 4159 426 4212 τὰ
467 4160 772 4232 ἀνθρώπων
801 4160 942 4215 ἑκὼν
973 4161 1192 4225 ἔπαθεν,
1223 4162 1312 4215 ἵνα
1349 4162 1484 4233 πρὸς
1519 4163 1616 4235 τὴν

83 4244 317 4319 ἡμετέραν
355 4251 663 4315 ἀσθένειαν,
694 4252 788 4317 οὓς
830 4254 1080 4325 ἠγάπησε
1112 4253 1436 4325 μετρηθεὶς,
1468 4255 1616 4325 ἡμᾶς

84 4337 190 4405 7:96;
211 4340 304 4411 τὴν
336 4341 536 4396 ἑαυτοῦ
569 4343 796 4415 δύναμιν
834 4345 1225 4418 ἀντιμετρήση.
1261 4347 1372 4398 Καὶ
1409 4345 1616 4416 μέλλων

86 4428 364 4486 τπένδεσθαι
395 4433 490 4487 καὶ
521 4433 714 4507 λύτρον
741 4434 930 4488 ἑαυτὸν
950 4435 1238 4500 ἐπιδιδοὺς,
1267 4435 1456 4506 καινὴν
1483 4437 1616 4506 ἡμῖν

82 4519 319 4593 Διαθήκην
359 4525 800 4596 καταλιμπάνει⁸
849 4525 1092 4597 Ἀγάπην
1126 4525 1254 4597 ύμῖν
1293 4525 1482 4596 δίδωμι
1517 4525 1616 4596 τὴν

82 4606 212 4680 ἐμήν.
233 4615 324 4678 Τίς
355 4617 413 4670 δέ
449 4619 600 4670 ἐστιν
619 4617 778 4689 αῦτη,
795 4617 1063 4687 καὶπόσης
1104 4615 1272 4688 ’Υπὲρ
1299 4615 1456 4687 ἡμῶν
1483 4615 1613 4669 ἐκά-

2593 3350 2659 3391 eo
2699 3333 2934 3406 amplius
2976 3332 3288 3390 necessaria

1723 3431 2010 3486 charitatis
2053 3430 2352 3504 mysteria?
2393 3428 2661 3501 Tuncque
2705 3430 2840 3484 adeo
2884 3427 3062 3482 Patris
3108 3428 3288 3482 sinum

1723 3521 2016 3592 inspicies,
2055 3537 2216 3593 quem
2259 3521 2411 3576 solus
2449 3520 2727 3575 enarravit
2757 3521 3072 3592 unigenitus
3116 3517 3287 3573 Filius

1723 3613 1894 3670 Deus.
1923 3612 2023 3669 Est
2056 3620 2234 3669 autem
2264 3621 2318 3668 et
2356 3611 2500 3668 Deus
2540 3612 2655 3683 ipse
2685 3611 2946 3674 charitas,
2978 3626 3086 3681 qua
3116 3621 3169 3665 et
3191 3625 3288 3664 ve-

1720 3711 1853 3758 natu
1884 3718 2057 3774 prope
2099 3717 2130 3757 a
2168 3702 2328 3757 nobis
2359 3711 2551 3772 captus
2581 3709 2685 3757 est.
2728 3701 2794 3754 Et
2829 3701 3048 3771 quidem
3089 3713 3288 3755 arcaiza

1719 3796 1918 3852 deitate
1948 3794 2138 3859 Pater;
2161 3810 2268 3866 qua
2289 3810 2420 3850 vero
2443 3811 2544 3851 nos
2571 3793 2946 3849 misericordia
2967 3798 3286 3863 persecutut-

1717 3897 1822 3953 est,
1851 3889 2060 3944 exstitit
2111 3896 2309 3943 mater.
2339 3886 2502 3942 Pater
2526 3885 2818 3957 diligendo,
2850 3884 3006 3955 quasi
3034 3883 3287 3940 feminam

1718 3979 1928 4046 induit;
1964 3980 2239 4050 hujusque
2274 3979 2354 4034 rei
2385 3976 2591 4049 grande
2617 3977 2879 4032 indicium
2909 3983 3017 4039 est,
3049 3989 3208 4050 quem
3239 3975 3289 4028 is

1717 4086 1783 4126 ex
1813 4086 1872 4126 se
1898 4070 2089 4142 genuit
2127 4089 2140 4124 :
2178 4084 2242 4124 ac
2267 4070 2360 4141 qui
2412 4085 2479 4125 ex
2509 4069 2775 4124 charitate
2847 4076 3145 4139 prognatus
3172 4066 3290 4120 fru-

1724 4169 1882 4226 ctus,
1925 4162 2043 4231 ipse
2079 4161 2318 4216 charitas
2361 4169 2465 4216 est.
2509 4158 2740 4231 Propter
2791 4159 2896 4214 hoc
2938 4166 2992 4214 et
3037 4158 3155 4229 ipse
3187 4157 3287 4214 dc-

1717 4252 1962 4320 scendit;
1992 4259 2216 4323 propter
2246 4252 2350 4306 hoc
2378 4251 2656 4306 hominem
2688 4251 2902 4317 induit;
2936 4257 3157 4321 propter
3181 4248 3288 4304 hoc

1715 4345 1906 4400 volens
1946 4345 2180 4398 humana
2207 4359 2405 4414 passus
2432 4351 2516 4400 est
2542 4382 2557 4408 ,
2591 4349 2652 4397 ut
2685 4341 3046 4398 imbecillitati
3083 4347 3288 4396 nostra:

1717 4452 1838 4492 sese
1862 4435 2240 4498 commetiens,
2267 4450 2392 4489 cum
2415 4433 2716 4500 dilexisset,
2743 4447 2855 4489 sua:
2874 4431 3034 4488 nobis
3065 4431 3288 4486 virtutis

1715 4543 2024 4585 mensuram
2050 4527 2380 4599 modumque
2408 4527 2649 4584 vicissim
2680 4526 3022 4597 rependeret.
3058 4523 3288 4595 Jamque

1718 4619 2106 4685 immolandus,
2129 4635 2193 4675 ac
2213 4635 2336 4676 cum
2361 4635 2420 4676 se
2439 4619 2671 4690 pretium
2697 4617 3092 4688 redemptionis
3110 4616 3286 4682 daret,

79 4713 182 4754 στου
225 4706 430 4778 καθῆκε
477 4708 577 4779 τὴν
612 4707 795 4778 ,ψυχὴν
840 4707 936 4778 τὴν
982 4705 1237 4770 ἁνταξίαν
1289 4705 1397 4758 τῶν
1449 4704 1606 4758 ὅλων.

1723 4727 1917 4766 novum
1965 4713 2123 4768 nobis
2174 4710 2582 4767 Testamentum
2637 4711 2859 4781 reliquit
2888 4723 2900 4758 :
2931 4709 3286 4764 Dilectionem

81 4790 261 4868 Ταύτην
295 4803 447 4871 ἡμᾶς
481 4801 622 4873 ὑπὲρ
660 4800 901 4872 ἀλλήλων
946 4801 1284 4854 ἀνταπαιτεῖ.
1321 4799 1384 4851 Εἰ
1428 4798 1486 4851 δὲ
1517 4797 1616 4863 τὰς

1713 4818 1888 4859 meam
1916 4802 1985 4858 do
2012 4804 2188 4859 vobis.
2229 4802 2487 4870 Quaenam
2513 4818 2644 4858 vero
2672 4803 2788 4857 haec
2820 4809 2873 4858 et
2902 4801 3142 4873 quanta?
3179 4797 3286 4852 Pro
3377 4801 3391 4812 ‘

79 4881 224 4956 ψυχὰς
261 4892 549 4962 ὀφείλομεν
594 4893 705 4955 τοῖς
744 4891 992 4962 ἀδελφοῖς
1013 4931 1027 4953 ,
1080 4892 1173 4944 καὶ
1215 4890 1471 4962 τοιαύτην
1516 4889 1616 4962 τὴν

1723 4909 2044 4964 unoquoque
2092 4902 2338 4950 nostrum
2379 4895 2614 4949 animam
2654 4894 2864 4964 posuit,
2902 4892 3062 4962 cujus
3107 4888 3289 4958 majus

84 4979 314 5053 συνθήκην
356 4985 496 5055 πρὸς
528 4983 619 5036 τὸν
653 4985 878 5055 Σωτῆρα
916 4981 1463 5054 άνθομολογησόμεθα
1483 5023 1497 5048 ,
1533 4983 1615 5038 ἔτι

1723 4985 1967 5041 omnibus
1988 4987 2223 5055 pretium
2271 4985 2510 5041 exsistit.
2535 4984 2706 5048 llanc,
2741 4992 2800 5038 ut
2829 4984 2963 5038 alter
2991 4996 3088 5051 pro
3112 4979 3286 5033 altero

79 5066 131 5118 ’τὰ
156 5071 238 5124 τοῦ
275 5073 504 5144 κόσμου,
537 5073 606 5128 τά
637 5075 828 5146 πτωχὰ
858 5076 954 5126 καὶ
987 5072 1240 5144 ἀλλότρια
1271 5074 1364 5126 καὶ
1398 5078 1615 5148 παραρ-

85 5153 244 5220 ῥέοντα
262 5164 622 5236 καθείρξομεν
637 5165 1042 5235 ταμιευόμενοι;
1066 5163 1335 5235 Ἀλλήλων
1358 5165 1615 5218 ἀποκλεί-

84 5259 235 5314 σομεν,
259 5249 294 5304 ἀ
326 5255 469 5322 μετά
503 5255 695 5327 μικρὸν
714 5254 822 5322 ἕξει
844 5254 904 5307 τὸ
939 5255 1072 5326 πῦρ;
1097 5253 1268 5318 Θείως
1299 5271 1363 5322 γε
1381 5257 1474 5309 καὶ
1491 5258 1616 5310 ἐπι-

84 5336 228 5404 πόνως
257 5341 284 5394 6
316 5343 592 5416 Ἰωάννης,
627 5364 645 5398 t
667 5347 726 5400 Ὀ
758 5346 830 5417 μὴ
858 5345 1047 5416 φιλῶν,
1075 5347 1228 5416 φησί,
1252 5346 1341 5398 τὸν
1369 5345 1614 5416 ἀδελφὸν,

84 5424 489 5502 ἀνθρωποκτόνος
512 5437 682 5491 ἑστίη
710 5439 930 5510 σπέρμα
956 5438 1050 5491 τοῦ
1075 5439 1232 5504 Καῒν,
1267 5437 1489 5510 θρέμμα
1519 5439 1614 5492 τοῦ

141 5563 190 5621 ’Β
227 5560 576 5692 P.
618 5568 914 5626 POTTEII.
991 5584 1018 5612 ι
1059 5569 1248 5627 Matth.
1278 5587 1335 5636 γ.
1371 5572 1460 5634 I3,
1496 5573 1581 5629 14.

305 5665 316 5670 -
345 5658 380 5692 .1

121 5699 256 5775 _(57‘)
568 5703 769 5777 ἧττον.
804 5708 1020 5763 Μᾶλλον
1059 5703 1092 5782 ᾗ
1121 5704 1280 5782 ἦττον
1303 5708 1390 5765 ed.
1418 5706 1614 5764 Klotzii

90 5763 206 5818 Lms.
241 5773 392 5818 I839-
436 5773 586 5818 Em,
631 5777 848 5818 βηιιηι

123 5773 206 5836 ips.
241 5773 392 5827 I832.
436 5773 602 5830 Ειηϊ.⁷
631 5777 872 5833 ΡΑτιιοι..

143 5840 236 5910 (38)
267 5844 488 5897 Αὐτῶν.
521 5846 696 5917 Αὐτῷ,
732 5863 834 5902 Ins.
871 5847 1037 5904 FELL.

1709 5092 2001 5146 ponamus,
2028 5093 2058 5131 a
2092 5078 2253 5133 nobis
2285 5078 2472 5149 exigit.
2505 5077 2661 5144 Quod
2689 5078 2734 5132 si
2765 5091 2865 5146 pro
2897 5074 3158 5129 fratribus
3188 5085 3288 5141 po-

1720 5183 1850 5223 nere
1874 5167 2084 5223 animas
2107 5169 2392 5236 debemus,
2421 5177 2584 5240 atque
2610 5170 2713 5222 hoc
2745 5184 2869 5222 cum
2907 5165 3184 5220 Salvatore
3211 5163 3288 5216 vi-

1719 5260 1907 5315 cissim
1954 5261 2096 5330 pacti
2147 5269 2537 5317 testamentum
2588 5277 2818 5322 sumus,
2867 5258 3118 5312 adhucne
3165 5270 3288 5326 qua:

1715 5351 1901 5405 smeuli
1934 5359 2082 5415 sunt,
2115 5365 2284 5422 egena
2318 5353 2410 5406 illa
2433 5361 2486 5408 et
2509 5353 2686 5406 aliena
2715 5360 2768 5404 et
2797 5348 3072 5404 efﬂuentia
3103 5346 3285 5402 conti-

1720 5443 1972 5499 nebimus
2003 5459 2066 5498 ac
2095 5443 2495 5500 recondemus?
2528 5445 2679 5500 Alter
2702 5441 3086 5514 alteri_clausa
3106 5439 3285 5495 habe-

1954 5713 2264 5782 Ἐθηράθη.
2287 5711 2598 5782 Legendnm
2629 5708 2843 5782 videtur
2859 5709 3179 5778 ἐθηλύνθη.
3203 5707 3282 5764 In.

1793 5712 1904 5854 (59;
1954 5713 2264 5782 Ἐθηράθη.
2287 5712 2598 5782 Legendnm
2629 5712 2773 5788 videt

1793 5783 1883 5854 (40
1936 5787 2038 5850 Εἰς
2069 5786 2231 5854 ἡμῖν.
2262 5783 2450 5839 Scribe
2478 5784 2564 5847 εἰς
2594 5782 2773 5850 ἡμας.

1793 5783 1883 5854 (ιο
