3818 6538
485 360 488 364 ’
520 381 625 434 διε

1642 377 2034 434 CLEMENTIS
2073 379 2116 432 Α
2125 376 2542 433 LEXANDRINI
3660 381 3743 436 ϐέί

520 502 704 555 bimus
727 543 741 567 ,
774 515 895 570 qua:
926 499 1076 554 brevi
1119 506 1243 570 post
1278 498 1616 554 absumenda
1661 499 1803 570 ignis
1831 500 2094 555 habebit?

2202 500 2463 555 διαϐόλου.
2531 499 2666 554 Θεοῦ
2703 500 3008 573 σπλάγχνον
3051 501 3152 555 οὐκ
3183 499 3315 572 ἔχει·
3353 499 3546 554 ἐλπίδα
3583 517 3745 574 κρειτυ

523 593 710 649 Divine
728 593 1027 663 seduloque
1041 589 1312 649 Joannes:
1350 611 1368 644 ι
1393 591 1498 659 Qui
1520 607 1630 647 non
1653 593 1829 664 diligit
1850 591 2094 660 fratrem,

519 684 717 754 inquit,
733 684 1008 740 homicida
1022 691 1106 740 est
1118 702 1137 722 -
1159 703 1172 738 :
1197 705 1214 737 ι
1225 700 1406 741 semen
1420 685 1577 748 Cain,
1596 685 1847 740 alumnus
1861 685 2092 750 diaboli;

518 775 614 830 Dei
639 777 851 833 viscera
889 792 999 831 non
1035 776 1219 843 habet,
1254 793 1404 847 spem
1443 775 1716 846 potiorum
1751 792 1862 831 non
1903 776 2094 843 habet;

2201 593 2370 646 τόνων
2392 594 2491 646 ούκ
2515 592 2644 664 ἔχει·
2664 593 2902 668 ἀσπορός
2928 598 3072 650 ἐστιν
3089 613 3102 625 ·
3125 593 3316 664 ἄγονός
3341 595 3513 647 ἐστιν·
3533 594 3633 646 οῦκ
3654 596 3746 647 ἔτη

2202 685 2388 757 κλῆμα
2429 685 2525 758 τῆς
2566 687 2654 739 ἀεὶ
2708 686 2888 758 ζώσης
2928 687 3320 761 ὑπερουρανίας
3361 685 3630 756 ἀμπέλου·
3674 687 3746 740 ἐκ·

2203 777 2481 842 κόπτεται,
2505 778 2565 831 τὸ
2585 778 2695 850 πῦρ
2723 778 2920 852 ἀθρουν
2946 781 3203 851 ἀναμένει
3233 779 3364 850 (41).

518 871 638 924 sine
666 869 874 924 semine
898 875 1003 934 est,
1028 869 1231 924 sterilis
1263 876 1366 935 est;
1397 883 1507 922 non
1537 875 1623 924 est
1654 868 1860 938 palmes
1893 868 1948 922 in
1973 876 2294 939 perpetuum
2346 869 2584 926 viventis
2637 871 3045 941 supercmlestis
3071 870 3197 926 vitis
3228 889 3243 938 ;
3289 869 3600 932 excidetur,
3625 883 3750 923 eum-

516 977 624 1030 que
653 961 811 1015 densi
842 962 985 1032 ignis
1014 976 1185 1015 vorax
1216 970 1397 1015 manet
1425 960 1764 1016 incendium.

590 1051 878 1109 XXXVIII.
903 1051 984 1106 Tu
1015 1069 1146 1109 vero
1172 1052 1569 1124 praecellentem
1591 1053 1736 1108 viam
1759 1051 2090 1117 condiscito,

519 1161 679 1215 quam
697 1144 1025 1215 ostenditJ’a
1035 1146 1155 1201 ulus
1171 1145 1529 1200 deducentem
1545 1145 1612 1201 ad
1632 1147 1879 1202 salutem.
1922 1145 2094 1202 «Clia-

521 1240 656 1296 ritas
686 1254 796 1294 non
825 1240 1021 1310 quaerit
1047 1255 1168 1309 quae
1197 1255 1296 1294 sua
1325 1247 1454 1295 sunt
1486 1240 1546 1305 δ,
1573 1259 1592 1292 ι
1625 1239 1720 1295 sed
1775 1240 1831 1294 in
1873 1238 2093 1295 fratrem

520 1331 691 1388 effusa
719 1339 832 1388 est:
866 1333 940 1387 ita
973 1335 1028 1388 in
1061 1335 1212 1388 illum
1241 1350 1394 1390 versa
1425 1345 1537 1399 est,
1570 1345 1721 1391 casto
1750 1336 1870 1407 ejus
1908 1351 2095 1392 amore

521 1426 743 1481 insanit.
777 1427 1057 1484 «Charitas
1089 1428 1263 1497 operit
1289 1428 1689 1485 multitudinem
1723 1441 2092 1499 peccatorum;

523 1517 760 1588 perfecta
785 1520 1026 1575 charitas
1062 1520 1194 1576 foris
1221 1520 1386 1574 mittit
1411 1523 1682 1590 timorem;
1713 1539 1822 1577 non
1846 1523 1955 1593 agit
1979 1537 2096 1594 per-

523 1624 709 1677 peram
729 1651 744 1674 ,
775 1625 884 1664 non
915 1609 1136 1665 inflatur
1157 1651 1171 1674 ,
1208 1627 1318 1668 non
1351 1611 1551 1683 gaudet
1581 1628 1746 1682 super
1771 1614 2092 1684 iniquitate;

519 1700 827 1772 eongaudet
853 1709 1032 1756 autem
1064 1701 1302 1765 veritati;
1328 1703 1513 1756 omnia
1538 1702 1749 1769 suffert,
1769 1704 1952 1758 omnia
1977 1719 2097 1760 cre-

2269 1049 2398 1103 AH'.
2435 1050 2507 1103 Σὺ
2539 1048 2595 1102 δὲ
2624 1048 2762 1120 μάθε
2789 1048 2887 1121 τὴν
2918 1049 3052 1103 καθ’
3071 1050 3378 1121 ὑπερϐολὴν
3409 1052 3554 1115 ὁδὸν,
3586 1055 3652 1124 ῆν
3679 1057 3752 1108 δεί-

2201 1157 2354 1194 κνυσι
2387 1139 2597 1204 Παῦλος
2623 1141 2719 1193 ἐπὶ
2746 1140 3040 1211 σωτηρίαν·
3067 1160 3085 1194 ι
3107 1142 3171 1194 Ἠ
3192 1143 3380 1210 ἀγάπη
3415 1143 3487 1198 τά
3511 1145 3750 1215 ὲαυτῆςιζ

2199 1231 2385 1302 ζητεῖ,
2411 1252 2429 1283 ι
2462 1232 2561 1286 ἀλλ
2576 1234 2684 1287 ’ἐπὶ
2709 1233 2802 1286 τὸν
2833 1232 3056 1300 ἀδελφὸν
3081 1234 3368 1304 ἐκκέχυται
3388 1251 3404 1265 ο
3439 1236 3572 1306 περὶ
3597 1237 3750 1289 τοῦτα.

2201 1325 2480 1397 ἐπτόηται,
2517 1327 2644 1398 περὶ
2667 1325 2854 1380 τοῦτον
2881 1327 3168 1399 σωφρόνως
3217 1327 3492 1398 μαίνεται.
3526 1349 3546 1380 ι
3569 1331 3752 1401 Ἀγάπη

2203 1416 2468 1474 καλύπτει
2490 1418 2692 1490 πλῆθος
2718 1419 3020 1492 ἁμαρτιῶνο
3041 1421 3074 1489 ἠ
3108 1419 3287 1472 τελεία
3308 1421 3504 1492 ἀγάπη
3532 1421 3755 1475 suam;

2199 1511 2289 1564 τὸν
2312 1511 2493 1581 φόϐοψ
2511 1512 2570 1564 ού
2588 1512 3008 1584 περπερεύεται,
3033 1513 3092 1566 ού
3111 1512 3415 1583 φυσιοῦται,
3446 1514 3553 1567 οὐκ
3573 1516 3754 1584 ἑπιχαὶ-

2202 1619 2283 1674 ρει
2311 1605 2373 1674 τῇ
2397 1603 2595 1674 ἀδικίᾳ·
2619 1603 2899 1675 συγχαίρει
2927 1604 2984 1657 δὲ
3007 1607 3072 1676 τῇ
3103 1604 3357 1676 ἀληθείᾳο
3375 1605 3561 1658 πάντα
3580 1607 3754 1672 στέγει.

2200 1695 2375 1749 πάντα
2409 1696 2671 1760 πιστεύει,
2703 1697 2878 1750 πάντα
2905 1697 3132 1763 ἐλπίζει,
3175 1698 3352 1751 πάντα
3385 1699 3678 1770 ὑπομένει.
3708 1700 3756 1751 Ἥ

518 1786 618 1853 (ῆι,
637 1792 819 1845 omnia
837 1799 1044 1863 sperat,
1063 1795 1246 1848 omnia
1268 1795 1524 1850 sustinet.
1543 1794 1797 1850 Charitas
1815 1813 2093 1866 nunquam

2202 1789 2384 1861 ἀγάπη
2407 1790 2658 1842 οὒδέποτε
2685 1789 2960 1845 ἐκπίπτει.
2981 1792 3314 1863 Προφητεῖαι
3349 1793 3756 1864 καταργοῦνται.

517 1883 737 1938 excidit.
769 1883 1075 1955 Prophetia:
1103 1895 1464 1951 evacuantur,
1500 1888 1696 1960 lingua:
1724 1896 1964 1955 cessant,
1997 1904 2094 1943 cu-

518 1975 762 2033 rationes
787 1978 842 2031 in
870 1985 1015 2032 terra
1045 1978 1326 2047 deficiunt;
1362 1988 1585 2036 manent
1615 1991 1793 2037 autem
1828 1984 1929 2036 tria
1959 1983 2091 2049 lucc,

518 2068 673 2134 fides,
699 2084 846 2140 spes,
873 2071 1137 2139 Charitas;
1169 2073 1346 2142 major
1368 2083 1546 2127 autem
1573 2073 1715 2128 inter
1733 2075 1846 2129 hazc
1863 2083 1948 2129 est
1966 2076 2096 2129 cha-

524 2163 660 2218 ritas
693 2174 740 2220 ο,
767 2179 787 2214 ι
825 2163 892 2218 Et
923 2165 1152 2232 merito;
1187 2165 1319 2221 fides
1354 2167 1499 2220 enim
1535 2167 1771 2232 transit,
1805 2183 1928 2222 cum
1961 2169 2096 2238 ipsis

518 2255 727 2311 nostris
753 2257 932 2312 oculis
962 2257 1196 2312 videndo
1251 2256 1420 2313 Deum
1457 2259 1760 2316 credemus.
1794 2259 1930 2332 Spes
1961 2278 2096 2333 quo-

519 2365 625 2418 que
648 2350 948 2416 evanescit,
979 2350 1201 2406 illorum
1229 2359 1532 2422 conspectu
1564 2368 1683 2423 quae
1709 2355 1764 2407 in
1795 2371 1888 2424 spe
1918 2356 2096 2425 posita

520 2448 669 2497 sunt.
695 2440 951 2500 Charitas
981 2459 1110 2499 vero
1136 2444 1190 2498 in
1215 2445 1674 2516 complementum
1702 2449 1906 2517 pariter
1927 2449 2094 2514 venit,

518 2541 572 2588 et
603 2545 830 2606 augetur
875 2537 1070 2608 magis,
1102 2538 1193 2592 ubi
1237 2538 1498 2608 perfectio
1530 2539 1829 2595 advenerit.
1878 2539 1935 2593 Si
1973 2541 2097 2610 quis

520 2629 668 2682 illam
703 2629 759 2683 in
790 2629 1033 2684 animum
1069 2632 1410 2701 susceperit,
1445 2633 1698 2702 quamvis
1731 2634 1972 2703 peccatis
2000 2633 2097 2688 ob-

518 2719 720 2776 noxius
765 2722 871 2787 sit,
922 2723 1176 2793 quamvis
1218 2725 1391 2778 multa
1435 2724 1626 2779 illicita
1665 2725 2094 2796 perpetraverit,

519 2812 759 2868 adaucta
789 2815 1058 2872 charitate
1087 2833 1333 2888 puraque
1367 2817 1608 2872 adhibita
1641 2819 1981 2888 pmnitentia,
2011 2835 2102 2874 er-

409 2913 418 2922 ·
519 2912 640 2959 rata
680 2921 781 2962 sua
830 2907 1107 2978 corrigere
1145 2917 1347 2979 potest.
1385 2916 1442 2973 ᾖ
1478 2909 1613 2963 Nam
1652 2927 1828 2980 neque
1867 2911 1969 2966 hoc
2000 2913 2097 2968 tibi

517 2997 712 3054 deesse
741 2999 929 3063 velim,
961 3006 1024 3053 ut
1053 3000 1314 3070 desperes
1349 3001 1703 3072 animumque
1732 3003 2095 3072 despondeas;

519 3097 576 3142 ut
599 3100 651 3145 et
672 3089 892 3147 divitem
917 3094 1136 3147 noveris
1158 3094 1284 3163 quis
1305 3093 1519 3148 tandem
1551 3094 1638 3149 ille
1669 3095 1760 3153 sit.
1794 3096 1883 3164 qui
1917 3097 2096 3149 locum

516 3181 574 3236 in
602 3182 758 3238 ctelis
793 3198 904 3238 non
935 3183 1154 3252 habeat,
1187 3200 1365 3256 quove
1396 3185 1443 3242 is
1475 3186 1638 3241 modo
1668 3187 1783 3243 suis
1814 3186 2093 3242 facultati-

514 3273 619 3330 bus
647 3283 854 3331 utatur.

589 3365 834 3424 XXXIX.
877 3369 936 3424 Si
983 3369 1109 3440 quis
1158 3377 1272 3424 tum
1321 3371 1664 3428 abundantes
1706 3373 1945 3437 divitias,
1979 3382 2094 3430 tum

513 3461 796 3530 penuriam
830 3476 939 3531 quo
966 3477 1108 3533 aegre
1137 3462 1303 3516 vitam
1341 3472 1610 3520 sustentet
1649 3467 1905 3530 evaserit,
1939 3475 2096 3522 teter-

513 3571 700 3626 naque
724 3556 868 3611 bona
899 3559 1139 3627 proclive
1177 3561 1396 3630 assequi
1425 3563 1683 3631 potuerit,
1719 3564 1812 3619 sed
1843 3566 1928 3619 vel
1959 3565 2097 3621 forte

512 3664 612 3720 per
646 3649 1012 3721 ignorantiam
1039 3658 1133 3706 aut
1165 3651 1290 3706 vitae
1317 3667 1480 3708 casus
1515 3654 1934 3720 involuntarios,
1972 3665 2096 3727 post

511 3743 856 3813 signaculum
898 3751 953 3798 et
1001 3744 1379 3800 liberationem
1411 3761 1442 3799 a
1475 3748 1736 3816 peccatis,
1771 3749 1825 3802 in
1870 3758 2095 3819 peccata

511 3849 611 3890 seu
633 3833 814 3889 debita
842 3834 1130 3904 prolapsus
1154 3833 1337 3899 fuerit,
1368 3836 1444 3889 ita
1471 3844 1528 3889 ut
1552 3837 1658 3891 illis
1683 3852 1907 3907 prorsus
1931 3840 2096 3894 obru-

509 3934 602 3982 tus
631 3927 734 3995 sit;
765 3927 812 3982 is
857 3942 887 3980 a
933 3926 1042 3982 Deo
1088 3927 1307 3997 penitus
1338 3928 1574 3997 rejectus
1605 3937 1709 3995 est,
1743 3938 1796 3986 et
1827 3933 2094 4002 reprobus

509 4019 747 4076 exsistit.
778 4018 1040 4090 Quisquis
1060 4021 1207 4075 enim
1237 4036 1303 4075 ex
1331 4028 1444 4076 toto
1474 4021 1639 4078 corde
1669 4021 1736 4076 ad
1768 4022 1936 4079 Deum
1963 4040 2095 4079 con-

508 4118 772 4175 vertatur,
808 4117 979 4181 portae
1030 4110 1080 4165 ei
1129 4121 1332 4182 aperta:
1369 4121 1520 4177 sunt,
1554 4115 1891 4185 suseipitque
1923 4116 2096 4170 liben-

508 4201 726 4258 tissimo
755 4203 938 4256 animo
977 4200 1138 4257 Pater
1187 4203 1356 4258 ﬁlium
1389 4220 1514 4260 vere
1546 4206 1920 4272 pmnitentem.
1954 4207 2094 4262 Vera

509 4302 692 4350 autem
726 4296 1046 4365 paenitentia
1073 4304 1178 4362 est,
1212 4296 1267 4350 in
1298 4296 1485 4352 eadem
1522 4313 1628 4351 non
1670 4313 1863 4354 rursus
1892 4300 2092 4364 delabi,

511 4385 610 4440 sed
653 4402 720 4441 ex
763 4388 946 4442 animo
994 4404 1222 4458 prorsus
1252 4389 1503 4454 evellere,
1553 4391 1754 4461 quibus
1800 4407 1858 4446 se
1900 4393 2094 4448 mortis

2199 1881 2440 1949 γλῶσσαι
2460 1882 2744 1943 παύονται,
2769 1882 2938 1946 ἰάσεις
2958 1884 3049 1936 ἐπὶ
3077 1885 3179 1955 γῆς
3207 1885 3657 1939 καταλείπονται·
3683 1888 3758 1956 μὲ-

2199 1985 2276 2028 νει
2297 1976 2352 2029 δὲ
2369 1976 2436 2030 τά
2455 1977 2580 2050 τρία
2599 1976 2793 2040 ταῦτα,
2820 1976 3023 2042 πίστις,
3051 1975 3223 2040 ἐλπὶς,
3250 1978 3462 2049 ἀγάπη·
3499 1976 3701 2048 μείζων
3718 1978 3759 2029 δί

2197 2069 2255 2119 ὲν
2298 2065 2506 2131 τούτοις
2537 2069 2570 2137 ἡ
2604 2067 2846 2140 ἀγάπη».
2897 2069 3007 2121 Καὶ
3039 2067 3280 2133 δικαίως·
3317 2069 3509 2132 πίστις
3551 2069 3653 2139 μὲν
3677 2070 3762 2136 γὰρ

2197 2159 2515 2230 ἀπέρχεται,
2541 2160 2666 2212 ὅταν
2691 2159 2922 2231 αύτοψίᾳ
2940 2160 3248 2231 πεισθῶμεν
3275 2161 3479 2224 ἰδόντες
3501 2161 3656 2213 Θεό-ι.
3675 2163 3765 2214 Καὶ

2199 2251 2350 2316 ἐλπὶς
2366 2251 2683 2321 ἀφανίζεται
2697 2253 2801 2305 τῶν
2813 2252 3327 2325 ὲλπισθέντων(ὲρχο
3335 2253 3764 2324 μένων).’Δγάτη

2197 2343 2252 2398 δὲ
2275 2349 2355 2410 εἰς
2387 2347 2658 2418 πλήρωμα
2684 2347 3022 2420 συνέρχεται,
3051 2347 3143 2400 καὶ
3181 2347 3380 2417 μᾶλλον
3411 2345 3648 2410 αὔξεται
3678 2345 3766 2397 cs.

2198 2441 2413 2493 τελείων
2441 2441 2867 2514 παραδοθέντων.
2909 2441 3032 2494 Ἐὰν
3055 2440 3258 2512 ταύτην
3278 2439 3592 2511 ὲμϐάληταί
3618 2458 3696 2503 “Et;

2180 2527 2366 2604 ᾌυχῇ,
2397 2533 2640 2597 δύναται,
2672 2533 2776 2587 κᾶν
2812 2535 2868 2586 ὲν
2895 2534 3283 2604 ἁμαρτήμασιν
3355 2531 3766 2603 γεγεννημένος.

2201 2627 2303 2680 κᾶν
2338 2626 2505 2680 πολλά
2536 2627 2644 2680 τῶν
2681 2625 3078 2698 κεκωλυμένων
3117 2626 3507 2700 εἰργασμένος,
3543 2625 3769 2694 αὐξήσας

2200 2721 2298 2792 τὴν
2328 2720 2571 2790 ἀγάπην,
2604 2719 2696 2772 καὶ
2731 2719 3014 2790 μετάνοιαν
3048 2718 3292 2791 καθαρὰν
3323 2715 3535 2781 λαϐὼν,
3571 2714 3770 2786 ἀναμά-

2201 2811 2389 2883 χεσθαι
2423 2811 2489 2864 τὰ
2513 2810 2873 2881 ἐπταισμένα.
2897 2813 3048 2884 Μήτε
3088 2812 3196 2883 γάρ
3228 2810 3385 2864 τοῦτο
3416 2812 3504 2873 είς
3538 2809 3771 2876 ἀπόγνωι

2202 2903 2285 2957 σίν
2303 2921 2384 2956 σοι
2409 2903 2504 2957 καὶ
2537 2903 2795 2957 ἀπόνοιαν
2817 2903 3246 2973 καταλελείφθω,
3282 2905 3328 2956 εί
3363 2902 3461 2956 καὶ
3495 2902 3592 2956 τὸν
3629 2899 3772 2953 πλού-

2202 3011 2316 3047 σιον
2366 2993 2559 3064 μάθοις
2597 2995 2746 3056 ὅστις
2791 2993 2938 3047 ἐστὶν
2961 3035 2976 3060 ,
3010 2995 3038 3047 ὁ
3071 2992 3251 3064 χώραν
3285 2993 3341 3043 ἐν
3386 2992 3652 3063 οὐρανοῖς
3690 2989 3775 3040 οὒκ

2203 3083 2361 3156 έχων,
2399 3084 2490 3139 καί
2522 3102 2642 3138 τινα
2691 3085 2889 3157 τρόπον
2929 3087 3041 3149 τοῖς
3074 3081 3193 3138 οὖσι
3228 3082 3536 3155 χρώμενος.

2169 3354 2171 3357 ι
2202 3375 2218 3411 ί
2273 3375 2394 3430 ΛΘ.
2441 3376 2538 3428 Ἀν
2568 3393 2652 3438 τις
2675 3375 2736 3428 τό
2771 3392 2830 3428 τε
2861 3374 3151 3448 ἐπίρρυτον
3181 3370 3270 3426 τοῦ
3305 3370 3546 3424 πλούτου
3577 3371 3676 3424 καὶ
3699 3385 3780 3438 χσο

2203 3467 2364 3521 λεπὺν
2410 3469 2490 3532 εἰς
2538 3465 2683 3540 ζωὴν
2725 3467 2997 3537 διαφύγοι,
3032 3466 3127 3520 καὶ
3172 3465 3386 3519 δύναιτο
3413 3463 3532 3518 τῶν
3566 3463 3780 3516 αἰωνίων

2202 3559 2421 3628 ἀγαθῶν
2453 3559 2818 3632 ἐπαύρασθαι,
2851 3562 2932 3630 εἴη
2965 3559 3021 3612 δὲ
3058 3555 3370 3629 τετυχηκὼς
3399 3556 3431 3626 ἦ
3471 3555 3549 3608 δι’
3575 3556 3782 3622 ἄγνοιαν

2201 3653 2587 3724 ἢπερίστασιν
2619 3653 2870 3706 ἀκούσιον
2917 3651 3054 3722 μετά
3092 3651 3190 3721 τὴν
3230 3648 3509 3720 σφραγῖδα
3560 3650 3659 3701 καὶ
3701 3646 3781 3714 τὴν

2201 3747 2466 3820 λύτρωσιν
2515 3745 2813 3817 περιπετὴς
2844 3747 2954 3807 τοῖς
2990 3743 3382 3814 ἁμαρτήμασιν
3413 3740 3451 3811 ἦ
3489 3737 3782 3812 παραπτώ-

2205 3858 2388 3913 μασιν,
2421 3839 2496 3903 ὡς
2525 3835 2893 3909 ύπανηνέχθαι
2925 3835 3135 3888 τέλεον·
3179 3828 3332 3897 οὗτος
3381 3833 3784 3904 κατεψήφισται

2202 3924 2544 3986 παντάπασιν
2582 3930 2686 3982 ὑπὸ
2732 3928 2824 3982 τοῦ
2855 3927 3009 3982 Θεοῦ.
3044 3926 3215 3979 Παντὶ
3247 3929 3355 3995 γὰρ
3385 3923 3467 3993 τῷ
3505 3926 3630 3994 μετ’
3665 3922 3783 3990 ἀλη-

2202 4024 2348 4088 θείας
2402 4023 2462 4088 ὲξ
2509 4023 2636 4094 ὅλης
2688 4022 2785 4092 τῆς
2835 4018 3061 4092 καρδίας
3106 4015 3503 4087 ἐπιστρέψαντι
3539 4014 3678 4086 πρὸς
3707 4011 3784 4062 τὸν

2200 4116 2332 4170 Θεὸν
2355 4115 2656 4187 ἀνεῴγασιν
2683 4116 2738 4169 αἱ
2753 4113 2933 4188 θύραι,
2948 4113 3044 4166 καὶ
3069 4110 3283 4182 δέχεται
3305 4108 3683 4179 τρισάσμενος
3697 4106 3786 4157 II:-

2201 4210 2302 4281 τὴρ
2322 4211 2434 4263 υἱὸν
2459 4208 2672 4280 άληθῶς
2699 4205 3078 4280 μετανοοῦντα.
3097 4205 3161 4257 Ἠ
3189 4203 3245 4255 δὲ
3276 4200 3512 4271 ἀληθινὴ
3536 4199 3786 4270 μετάνοια

2199 4303 2260 4355 τὸ
2294 4301 2490 4373 μηκέτι
2515 4303 2630 4364 τοῖς
2663 4301 2846 4360 αὐτοῖς
2878 4297 3060 4366 ἔνοχον
3085 4289 3246 4355 εἶναι,
3279 4291 3411 4344 ἀλλά
3440 4291 3624 4361 ἄρδην
3649 4291 3786 4357 ἐκρι-

2202 4395 2372 4461 ζῶσαι
2418 4395 2517 4465 τῆς
2566 4393 2762 4463 ψυχῆς,
2797 4392 2880 4459 ἐφ’
2907 4385 2987 4452 οἷς
3019 4384 3207 4441 ἑαυτοῦ
3256 4383 3513 4451 κατέγνω
3567 4382 3786 4434 θάνατον

509 4493 663 4534 reum
693 4481 933 4550 peccatis
964 4481 1206 4550 agnovit.
1239 4480 1336 4537 His
1363 4482 1510 4537 enim
1536 4483 1789 4546 sublatis,
1813 4483 1867 4537 in
1899 4492 1949 4538 te
1973 4500 2094 4538 rur-

2202 4484 2577 4556 ἀμαρτήμασι.
2611 4482 2828 4535 Τούτων
2857 4480 2966 4550 γὰρ
2998 4474 3412 4547 ἀναιρεθέντων,
3438 4469 3609 4534 αὖθις
3634 4474 3712 4534 εἰς
3738 4470 3786 4521 σὲ

511 4586 608 4627 sus
642 4570 784 4628 Deus
817 4572 1107 4629 habitabit.
1139 4571 1336 4644 Ingens
1364 4573 1510 4629 enim
1563 4581 1616 4627 et
1670 4574 2094 4644 incomparabile

511 4663 771 4734 gaudium
806 4664 1112 4735 festamque
1141 4666 1385 4720 laetitiam
1416 4667 1470 4720 in
1501 4666 1656 4723 caelis
1684 4681 1807 4722 esse
1835 4666 1979 4722 Patri
2011 4668 2096 4722 di-

509 4756 588 4811 cit
619 4763 781 4826 atque
807 4757 1036 4827 angelis,
1061 4757 1191 4811 dum
1223 4773 1368 4814 unus
1398 4766 1656 4828 peccator
1684 4760 2022 4813 convertitur
2042 4767 2096 4814 et

510 4849 892 4920 ptenitentiam
925 4848 1098 4920 agitd.
1131 4847 1342 4904 Idcirco
1389 4850 1554 4904 etiam
1597 4849 1908 4904 clamabat:
1947 4870 1963 4901 ι
1998 4850 2095 4906 Mi-

511 4941 866 5000 sericordiam
893 4943 1039 5006 volo,
1071 4951 1124 4997 et
1158 4957 1268 4996 non
1305 4940 1661 4997 sacrificium.
1697 4941 1834 4996 Nolo
1864 4952 2094 4997 mortem

510 5038 839 5108 peccatoris,
870 5035 968 5092 sed
993 5044 1052 5090 ut
1078 5050 1202 5090 eum
1231 5035 1514 5104 pceniteat.
1546 5033 1604 5089 Si
1636 5033 1837 5090 fuerint
1870 5043 2095 5104 peccata

510 5137 693 5184 vestra
722 5137 783 5184 ut
816 5130 940 5183 lana
972 5127 1260 5198 phuaniceo
1289 5128 1482 5192 tincta,
1515 5129 1676 5199 quasi
1727 5129 1906 5184 nivem
1940 5130 2122 5185 deaI-~

511 5223 683 5289 baho;
715 5230 770 5278 et
792 5221 840 5277 si
871 5220 1074 5276 fuerint
1101 5220 1626 5292 nigrioralfuligine,
1660 5228 1720 5275 ut
1762 5225 1940 5277 nivem
1971 5223 2093 5277 alba

511 5315 782 5371 abluendo
813 5315 1081 5384 praestabo
1098 5325 1177 5369 θ.»
1214 5312 1376 5370 Solus
1405 5315 1552 5369 enim
1577 5313 1722 5370 Deus
1746 5323 1966 5385 peccata
1996 5331 2094 5385 po-

511 5415 616 5463 test
660 5407 950 5474 dimittere,
982 5415 1038 5463 et
1086 5406 1281 5462 delicta
1327 5421 1438 5462 non
1485 5411 1797 5479 imputare;
1843 5406 2086 5478 quando-

2197 4576 2329 4638 Θεὸς
2358 4571 2814 4644 είσοικισθήσεται
2833 4588 2846 4600 ·
2873 4569 3114 4641 μεγάλην
3137 4566 3245 4636 γὰρ
3271 4565 3405 4634 φησὶ
3430 4566 3537 4617 καὶ
3562 4562 3788 4630 dmin-£9-

2200 4668 2390 4739 6λητον
2419 4662 2558 4720 εἶναι
2587 4665 2761 4737 χαρὰν
2791 4666 2886 4717 καὶ
2919 4661 3110 4733 ἑορτὴν
3135 4661 3194 4711 ὲν
3219 4658 3472 4728 οὐρανοῖς
3619 4653 3787 4722 Πατρῖ

2201 4762 2294 4815 καὶ
2327 4763 2438 4823 τοῖς
2468 4758 2720 4828 ἀγγέλοις
2743 4756 2857 4819 ένδς
2887 4750 3210 4825 ἀμαρτωλοῦ
3235 4748 3681 4820 ἐπιστρέψαντος
3705 4745 3788 4798 καὶ

2202 4855 2654 4926 μετανοήσαντος.
2684 4851 2774 4902 Διὸ
2803 4850 2896 4902 καὶ
2924 4846 3194 4918 κέκραγεν
3215 4860 3227 4873 ·
3268 4843 3494 4896 «Ἐλεον
3526 4842 3675 4896 θέλω
3706 4840 3789 4892 καὶ

2200 4949 2260 5003 οὐ
2294 4947 2502 5002 θυσίαν.
2533 4947 2607 5000 Οὐ
2641 4945 2899 5016 βούλομαι
2923 4943 3014 4996 τὸν
3047 4940 3273 4993 θάνατον
3303 4935 3398 4990 τοῦ
3431 4933 3788 5007 ἀμαρτωλοῦ,

2199 5039 2338 5094 ἀλλά
2367 5037 2464 5109 τὴν
2495 5036 2803 5109 μετάνοιαν.
2835 5033 2954 5088 Κᾶν
2975 5027 3108 5086 ὦσιν
3141 5032 3195 5084 al
3223 5030 3496 5101 ἁμαρτίαι
3529 5029 3694 5099 ὑμῶν
3721 5027 3788 5085 ὡς

2201 5131 2474 5200 φοινικοῦν
2511 5129 2676 5202 έριον,
2707 5128 2782 5191 ὡς
2820 5126 2973 5197 χιόνα
3011 5121 3288 5178 λευκανῶο
3318 5120 3421 5174 κάν
3455 5121 3786 5192 μελάντεραι

2199 5224 2293 5278 τοῦ
2321 5222 2564 5286 σκάτους,
2595 5221 2672 5284 ὼς
2701 5219 2848 5290 ἔριον
2875 5217 3066 5270 λευκὸν
3097 5213 3322 5281 ὲκνίψας
3356 5209 3591 5280 ποιήσω.
3623 5228 3644 5260 ι
3679 5206 3789 5276 Θεῷ

2199 5316 2308 5386 γὰρ
2361 5314 2520 5385 μόνον
2567 5311 2790 5365 δυνατὸν
2836 5308 3028 5378 ἄφεσιν
3075 5301 3359 5376 ἁμαρτιῶν
3399 5300 3786 5372 παρασχέσθαι

2200 5406 2294 5460 καὶ
2320 5404 2396 5476 μὴ
2425 5399 2742 5473 λογίσασθαι
2767 5394 3190 5470 παραπτώματα
3209 5409 3222 5421 ·
3251 5394 3388 5446 ὅπου
3419 5407 3486 5459 γε
3520 5393 3622 5444 καὶ
3665 5392 3786 5460 ἡμῖν

587 5639 644 5695 ’Β
687 5633 749 5690 Ρ.
782 5635 887 5690 947
923 5635 1030 5690 ED.
1071 5635 1368 5691 POTTER.
1477 5649 1502 5676 α
1544 5640 1564 5690 I
1602 5635 1758 5688 Joan.
1794 5649 1887 5694 ιιι,
1927 5633 2012 5686 14.

2202 5631 2358 5685 .Cor.
2397 5643 2496 5688 xu.
2542 5627 2644 5687 3‘2:
2677 5642 2797 5690 xm,
2834 5625 2888 5680 5.
2957 5634 3015 5695 -ο
3057 5620 3218 5695 I_Pet.
3244 5619 3397 5695 “3‘8
3421 5613 3485 5695 :-I
3511 5612 3780 5695 hang.

516 5683 644 5762 18ῗῂ
669 5683 1098 5772 [Corruit—:4:
1123 5683 1444 5772 vd-L-ucfxv,
1475 5683 1564 5762 ξ)..-
1604 5683 1909 5770 Fessi},
1934 5683 2011 5769 ii;
2039 5683 2495 5768 Mattb.itx,ﬁi3;'
2518 5683 2716 5754 Ezech.
2767 5683 2923 5760 svnt,
2947 5693 3046 5762 25;
3086 5692 3188 5748 lsa.
3220 5709 3262 5758 ι,
3297 5690 3396 5755 IS;
3434 5685 3565 5741 Luc.
3605 5702 3663 5748 v,
3695 5683 3778 5736 SI.

585 5856 695 5928 (41)
733 5857 801 5910 Τὸ
831 5857 948 5925 πῦρ
985 5860 1206 5926 ἀθροῦν
1238 5861 1536 5931 ἀναμένει.
1563 5861 1790 5914 Densum
1829 5861 1994 5930 ignem
2033 5877 2094 5914 ei:

2202 5872 2316 5916 έιαῑ.
