3818 6548
550 378 658 434 657

1674 371 2070 430 CLEMENTIS
2107 368 2576 427 ALEXANDRINI
3691 377 3766 434 διδ

551 495 734 550 animo
774 491 997 548 assidua
1033 491 1307 564 voluptate
1335 492 1472 548 nihil
1505 490 1866 564 perniciosius
1903 512 1917 550 :
1953 507 2110 549 caeca-

2229 490 2373 562 μένῳ
2415 490 2664 566 διαμείνῃ
2710 489 2869 562 λόγῳ.
2889 450 3100 546 ’Τοῦτον
3140 491 3234 546 καὶ
3275 488 3603 564 ὀργισθέντα
3646 496 3770 567 φοίή·

547 593 640 642 tur
663 584 808 641 enim
835 583 1245 654 colliquatione,
1275 585 1404 640 dum
1438 585 1606 641 libere
1633 585 1968 656 increpantis
1998 601 2117 642 ser-

507 663 517 673 ’
547 693 707 734 mone
732 684 993 734 immotus
1019 675 1283 748 persistit.
1319 677 1476 733 Hunc
1520 686 1579 734 tu
1618 688 1669 735 et
1700 679 1898 734 iratum
1926 679 2118 736 timeas

545 780 602 828 et
631 777 934 843 gementem
963 771 1170 836 doleas.
1208 779 1262 827 et
1305 771 1587 828 sedantem
1626 772 1765 827 iram
1794 773 2117 838 reverearis,

545 872 599 921 et
626 879 820 936 pmnas
848 863 1229 936 deprecantem
1257 872 1585 922 antevertas.
1615 865 1715 922 Hic
1735 882 1834 937 pro
1859 874 1914 922 te
1938 867 2121 938 plures

547 964 735 1014 noctes
765 957 1046 1014 insomnes
1079 957 1266 1024 ducat,
1298 957 1532 1015 lundcns
1562 975 1662 1030 pro
1707 968 1761 1016 te
1813 976 2000 1032 preces
2052 960 2120 1015 ad

545 1051 738 1118 Deum,
770 1067 837 1108 ac
885 1053 1163 1109 consuetis
1207 1051 1464 1124 precibus
1492 1050 1704 1107 Patrem
1737 1061 1981 1122 captans.
2015 1051 2121 1107 Ne-

546 1161 653 1216 que
682 1145 828 1201 enim
860 1145 952 1202 ille
979 1146 1194 1202 viscera
1223 1160 1321 1201 sua
1350 1145 1488 1200 dura
1515 1144 1714 1212 przebet
1741 1144 2024 1199 orantibus
2058 1143 2120 1198 ﬁ-

546 1238 656 1294 liis.
680 1237 918 1309 Rogabit
938 1246 1120 1294 autem
1143 1254 1298 1309 pure,
1326 1237 1372 1293 si
1399 1252 1430 1290 a
1457 1246 1508 1293 te
1535 1237 1834 1292 honoretur
1858 1244 2117 1308 tanquam

545 1329 656 1386 Dei,
682 1333 930 1403 angelus,
963 1347 1066 1388 nec
1115 1347 1215 1402 per
1260 1338 1315 1386 te
1347 1331 1727 1396 contristetur,
1769 1331 1863 1387 sed
1897 1341 2120 1402 propter

543 1430 617 1480 te.
649 1424 777 1480 Haec
804 1431 892 1481 est
918 1425 1242 1496 poenitentia
1285 1440 1393 1480 non
1441 1424 1586 1479 ﬁcta.
1625 1443 1643 1478 ι
1675 1423 1958 1481 Deus-non
1996 1425 2119 1480 irri-

543 1516 770 1582 detura,
826 1535 844 1568 ι
893 1532 994 1573 nec
1046 1515 1232 1572 verbis
1281 1516 1539 1572 inanibus
1585 1530 1746 1572 aures
1789 1516 1902 1572 dat.
1957 1515 2118 1572 Solus

541 1608 685 1662 enim
717 1607 986 1665 medullas
1007 1614 1309 1673 scrutatur,
1341 1615 1398 1663 et
1425 1623 1586 1665 renes
1614 1607 1826 1676 cordis;
1854 1609 2119 1680 pleneque

541 1696 694 1752 audit
726 1699 870 1754 inter
896 1698 1143 1754 ﬂammas
1175 1699 1404 1769 positos,
1439 1706 1495 1753 et
1521 1697 1741 1753 exaudit
1765 1698 2119 1768 deprecantes

539 1788 595 1842 in
627 1797 817 1845 ventre
845 1791 985 1858 ceti;
1033 1798 1087 1846 et
1119 1805 1290 1861 prope
1320 1799 1406 1845 est
1433 1789 1648 1845 cunctis
1677 1789 1949 1856 ﬁdelibus,
1991 1805 2122 1860 pro-

539 1880 629 1935 cul
656 1897 786 1937 vero
815 1882 886 1936 ab
916 1881 1250 1947 inﬁdelibus,
1282 1881 1391 1938 nisi
1414 1881 1481 1936 ad
1521 1882 1853 1938 sanctiorem
1883 1891 2118 1938 mentem

541 1970 858 2040 pmnitendo
885 1971 1134 2027 redeant.

606 2081 766 2139 XLII.
811 2083 880 2139 Ut
914 2091 1096 2139 autem
1125 2084 1299 2157 magis
1329 2084 1598 2152 conﬁdas,
1644 2085 1810 2142 modo
1860 2086 1942 2143 sic
1990 2102 2117 2143 vere

537 2175 883 2244 pmnitueris,
918 2185 1084 2232 certae
1129 2176 1229 2232 tibi
1267 2177 1390 2233 ﬁdei
1417 2185 1700 2248 tutamque
1728 2193 1949 2235 manere
1971 2179 2120 2235 salu-

535 2266 832 2338 tisspem;
863 2267 988 2323 audi
1016 2267 1278 2333 fabulam,
1306 2285 1428 2341 qua:
1476 2270 1595 2341 ipsa
1645 2285 1755 2325 non
1788 2270 1993 2336 fabula,
2024 2271 2119 2328 sed

536 2373 664 2413 vera
693 2359 760 2414 de
789 2357 1001 2415 Joanne
1031 2362 1280 2431 apostolo
1317 2367 1374 2426 ›Ῑ‹
1413 2363 1610 2418 tradita
1649 2365 1894 2419 narratio
1927 2364 2020 2430 sit,
2054 2379 2118 2419 ac

535 2449 812 2506 memoriae
864 2452 1112 2509 studiose
1166 2454 1574 2511 commendata.
1619 2455 1756 2512 Cum
1805 2456 1948 2511 enim
1996 2465 2120 2526 post

537 2541 757 2613 tyranni
799 2544 1010 2598 obitum
1041 2559 1072 2599 e
1097 2543 1290 2601 Patmo
1322 2545 1506 2602 insula
1533 2546 1806 2617 Ephesum
1837 2547 2112 2610 rediisset,

537 2631 743 2691 vicinas
770 2649 988 2707 quoque
1015 2644 1205 2708 gentes
1242 2647 1467 2708 rogatus
1499 2637 1733 2719 yisebat,
1763 2641 1964 2710 partim
1994 2640 2119 2712 qui-

536 2720 658 2778 dem
689 2731 750 2778 ut
773 2725 1064 2796 episcopos
1091 2727 1470 2789 constitueret,
1502 2726 1698 2796 partim
1726 2741 1858 2782 vero
1887 2733 1947 2781 ut
1973 2727 2116 2783 inte-

535 2827 661 2884 gras
679 2815 954 2872 Ecclesias
983 2816 1301 2888 disponeret
1330 2832 1394 2873 ac
1417 2816 1699 2883 formaret,
1727 2819 1928 2889 partim
1952 2819 2117 2876 etiam

534 2911 594 2958 ut
626 2920 1073 2980 unumquemque
1105 2923 1320 2976 eorum,
1352 2923 1492 2980 quos
1515 2906 1755 2980 Spiritus
1782 2907 2115 2982 designaret,

533 2996 590 3051 in
623 2998 830 3054 clerum
863 3007 1167 3071 cooptaret.
1201 3000 1341 3056 Cum
1388 3002 1572 3072 itaque
1600 3000 1670 3055 ad
1703 3002 1894 3057 urbem
1927 3018 2121 3072 quam-

531 3089 657 3144 dam
686 3089 833 3146 haud
862 3091 1059 3161 procul
1091 3091 1306 3162 Epheso
1337 3091 1590 3147 dissitam
1619 3091 1864 3148 venisset
1893 3091 2036 3164 (ejus
2064 3103 2120 3149 et

529 3196 730 3237 nomen
758 3183 1011 3238 nonnulli
1035 3182 1303 3256 referunt)
1329 3189 1495 3254 atque
1525 3182 1662 3238 alias
1687 3185 1976 3254 praesentia
2003 3201 2119 3242 ver-

2221 582 2364 652 θητι,
2396 583 2491 637 καὶ
2539 582 2867 650 στενάξαντα
2902 583 3192 655 λυπήθητι,
3223 585 3319 638 καὶ
3355 584 3527 655 ὀργὴν
3569 585 3771 639 παύσω

2219 674 2512 747 αἰδέσθητι,
2545 677 2641 731 καὶ
2676 675 2896 731 κόλασιν
2929 677 3350 749 παραιτουμένῳ
3379 676 3606 746 φθάσον.
3636 671 3770 743 Οὗτος

2219 766 2362 840 ὑπὲρ
2405 766 2498 820 σοῦ
2543 766 2741 832 πολλὰς
2783 766 2983 831 νύκτας
3025 768 3455 840 ἀγρυπνησάκτω.
3489 767 3769 840 πρεσϐεύω-ι

2219 860 2359 933 ὑπὲρ
2410 860 2505 914 σοῦ
2553 860 2689 933 πρὸς
2733 861 2888 927 Θεὸν,
2931 862 3027 916 καὶ
3067 861 3364 925 λιτανείαις
3413 862 3670 933 συνήθεσι
3705 881 3772 932 p.1-

2219 953 2393 1023 γεύων
2421 953 2512 1009 τὸν
2537 953 2774 1027 Πατέρα.
2793 955 2866 1008 Οὐ
2893 953 3001 1027 γὰρ
3022 954 3238 1025 ἀντέχει
3262 957 3376 1018 τοῖς
3405 954 3621 1018 τέκνοις
3643 954 3769 1007 αὑτοῦ

2217 1046 2286 1100 τὰ
2333 1046 2615 1118 σπλάγχνα
2660 1045 2948 1118 δεομένοις.
2989 1047 3252 1119 Ὰεήσεται
3297 1047 3355 1100 δὲ
3401 1046 3660 1119 καθαρῶς
3699 1046 3771 1099 ὑπὸ

2221 1139 2315 1194 σοῦ
2354 1140 2768 1213 προτιμώμενος
2799 1140 2876 1204 ὼς
2910 1140 3137 1210 ἄγγελος
3169 1140 3262 1195 τοῦ
3307 1140 3472 1205 Θεοῦ,
3509 1142 3607 1196 καὶ
3647 1141 3772 1212 μηδὲν

2220 1231 2325 1286 ὑπὸ
2369 1231 2463 1286 σοῦ
2504 1231 2863 1304 λυπούμενος,
2890 1232 3003 1287 ἀλλ’
3030 1233 3172 1305 ὑπὲρ
3213 1232 3328 1285 σοῦ.
3363 1232 3531 1308 Τοῦτξ
3558 1231 3673 1285 ἐστι
3711 1250 3774 1301 με·

2219 1325 2408 1381 τάνοια
2447 1325 2846 1399 ἀνυπόκριτος.ι
2879 1344 2896 1378 ι
2921 1325 3054 1390 Θεὸς
3093 1325 3155 1378 οὐ
3193 1325 3619 1398 μυκτηρίζεται,
3638 1342 3659 1378 ,
3687 1325 3773 1377 05,3

2220 1421 2477 1493 προσέχει
2518 1425 2695 1486 κενοῖς
2739 1423 2974 1495 ῥήμασι’
3011 1420 3173 1492 μόνος
3215 1421 3325 1494 γὰρ
3371 1420 3662 1492 ἀνακρίνει
3691 1436 3777 1489 μυε.

2219 1511 2342 1576 λοὺς
2367 1513 2461 1567 καὶ
2489 1514 2719 1587 νεφροὺς
2745 1513 2990 1585 καρδίας,
3006 1513 3101 1568 καὶ
3122 1512 3229 1565 τῶν
3253 1513 3310 1568 ἐν
3335 1514 3478 1584 πυρὶ
3498 1510 3775 1572 κατακούει,

2218 1604 2314 1658 καὶ
2349 1602 2458 1658 τῶν
2497 1604 2557 1659 ἐν
2580 1603 2758 1677 κοιλίᾳ
2780 1606 2978 1677 κήτους
3022 1604 3371 1660 ἱκετευόντων
3403 1602 3682 1669 ἐξακούει,
3714 1604 3778 1656 ul

2219 1698 2386 1752 πᾶσιν
2434 1695 2602 1766 ἐγγύς
2649 1699 2767 1752 ἐστι
2809 1700 2924 1761 τοῖς
2957 1697 3294 1762 πιστεύουσι,
3333 1696 3431 1750 καὶ
3472 1694 3671 1767 πόρρω
3699 1694 3778 1754 τάς

2219 1789 2424 1858 ἀθέοις,
2461 1791 2528 1846 ἂν
2565 1792 2641 1864 μὴ
2680 1792 3109 1864 μετανοήσωσιν.

2289 2083 2423 2136 MB'.
2468 2081 2586 2137 Ἵνα
2628 2081 2686 2135 δέ
2729 2081 2811 2136 ἔτι
2853 2081 3082 2155 θαρρῇς,
3113 2082 3257 2136 οὕτω
3297 2080 3657 2152 μετανοήσας
3692 2077 3782 2146 ἁλη-

2220 2175 2349 2240 θῶς,
2384 2176 2466 2228 ὅτι
2501 2191 2582 2229 σοι
2627 2174 2775 2246 μένει
2799 2175 3071 2246 σωτηρίας
3103 2173 3261 2236 ἐλπὶς
3285 2172 3622 2244 ἀξιόχρεως,
3667 2173 3785 2224 ἀπο-.-

2221 2286 2312 2324 σον
2333 2268 2520 2340 μῦθον,
2553 2269 2615 2322 οὐ
2652 2267 2840 2340 μῦθον,
2871 2267 3004 2322 ἀλλά
3026 2267 3156 2322 ὄντα
3190 2265 3348 2335 λόγον
3383 2265 3526 2337 περὶ
3567 2264 3782 2318 Ἰωάννου

2217 2363 2310 2417 τοῦ
2341 2362 2636 2419 ἀποστόλου
2666 2361 3095 2434 παραδεδομένον
3120 2359 3214 2415 καὶ
3240 2361 3426 2432 μνήμῃ
3455 2359 3640 2429 πεφυ)
3651 2357 3787 2426 αγμὲ-

2217 2471 2326 2509 νον.
2346 2454 2562 2527 Ἐπειδὴ
2605 2454 2714 2525 γὰρ
2756 2453 2851 2507 τοῦ
2902 2453 3166 2526 τυράννου
3207 2452 3668 2523 τελευτήσαντος,
3705 2451 3784 2503 ἀεὶ

2209 2547 2316 2619 -τῆς
2357 2547 2582 2619 Πάτμου
2625 2547 2727 2618 τῆς
2765 2545 2928 2618 νήσου
2964 2544 3228 2617 μετῆλθεν
3270 2545 3365 2598 ἐπὶ
3413 2543 3526 2615 τὴν
3557 2544 3786 2611 Ἔφεσον.

2219 2639 2385 2714 ἀπῄει
2419 2637 2903 2713 παρακαλούμενος
2943 2640 3038 2693 καὶ
3079 2639 3172 2692 ἐπὶ
3202 2636 3272 2691 τὰ
3301 2636 3677 2709 πλησιόχωρα
3705 2635 3788 2686 τῶν

2218 2733 2409 2801 ἐθνῶν,
2437 2734 2571 2788 ὅπου
2623 2732 2720 2804 μὲν
2765 2731 3098 2795 ἐπισκόπους
3141 2731 3536 2802 καταστήσων,
3584 2729 3712 2781 ὅπου
3747 2725 3786 2775 δὲ

2216 2824 2342 2888 ὅλας
2355 2823 2552 2895 Ἐκκλη
2561 2822 2680 2886 σίας
2704 2823 2979 2896 ἀρμόσων,
2997 2823 3129 2876 ὅπου
3158 2821 3215 2874 δὲ
3244 2821 3450 2894 κλῆρον
3473 2819 3625 2892 (46),
3645 2819 3728 2872 ενα
3745 2816 3789 2865 τέ

2218 2929 2342 2969 τινα
2397 2912 2695 2987 κληρώσων
2743 2913 2851 2968 ὑπὸ
2891 2913 2985 2966 τοῦ
3016 2913 3156 2968 Πνεύ
3166 2931 3332 2986 ματος
3365 2911 3787 2984 σημαινομένων.

2231 3006 2428 3061 Ἐλθὼν
2470 3008 2565 3062 καὶ
2593 3006 2684 3060 ἐπί
2709 3022 2832 3060 τινα
2855 3005 2966 3060 τῶν
2993 3007 3054 3060 οὐ
3085 3005 3302 3078 μακρὰν
3327 3004 3552 3060 πόλεων
3584 2999 3692 3076 (ἧς
3720 3002 3791 3053 καὶ

2208 3097 2452 3171 ’τοῦνομα
2477 3098 2727 3168 λέγουσιδ
2767 3098 2899 3154 ἔνιοι
2927 3097 3079 3172 [47])
3109 3099 3205 3152 καὶ
3227 3097 3297 3152 τὰ
3321 3096 3464 3152 ἄλλα
3495 3093 3790 3152 har-.3631;

2216 3193 2343 3257 τοὺς
2370 3192 2650 3264 ἀδελφοὺς,
2678 3194 2772 3248 ἐπὶ
2821 3194 2956 3248 πᾶσι
2997 3191 3078 3264 τῷ
3123 3190 3425 3246 καθεστῶτι
3461 3187 3793 3262 προσϐλέψες

528 3273 721 3347 bisque
765 3275 882 3331 suis
925 3274 1128 3331 fratres
1157 3275 1477 3330 consolatus
1508 3284 1676 3343 esset,
1705 3275 1775 3331 ad
1801 3285 2105 3333 extremum

2220 3286 2514 3359 ἑπισκόπῳ,
2546 3287 2825 3344 νεανίσκον
2857 3287 3042 3342 ἱκανὸν
3067 3285 3146 3360 τῷ
3178 3283 3392 3356 σώματι
3420 3283 3534 3337 καὶ
3563 3283 3672 3354 τὴν
3696 3279 3791 3348 δ’ᾇῑν

525 3365 647 3421 viso
670 3365 874 3436 juvene
918 3366 1152 3438 quodam
1199 3361 1437 3438 egregia
1465 3367 1715 3438 corporis
1746 3375 1978 3435 statura,
2005 3369 2116 3424 ele-

526 3458 675 3528 ganti
722 3459 902 3523 vultu,
937 3458 1282 3529 ferventique
1329 3458 1550 3529 ingenio
1589 3468 1752 3529 atque
1795 3459 1997 3525 indole,
2047 3459 2114 3514 ad

526 3549 635 3604 loci
682 3549 1002 3620 episcopum
1050 3565 1395 3607 conversus:
1434 3568 1454 3603 ι
1485 3550 1665 3618 Hunc,
1698 3552 1897 3622 inquit,
1927 3566 2112 3607 coram

525 3637 775 3696 Ecclesia
797 3655 861 3696 ac
885 3641 1108 3696 Christo
1142 3649 1301 3708 teste,
1336 3643 1486 3698 omni
1510 3643 1608 3698 tibi
1638 3658 1804 3712 opera
1833 3659 2112 3699 commen-

526 3732 618 3788 do.
646 3751 665 3785 ι
698 3732 950 3804 Tumque
996 3733 1092 3789 illo
1139 3734 1473 3806 suscipiente
1503 3751 1567 3790 ac
1596 3743 1798 3790 cuncta
1825 3737 2108 3807 praestitu-

527 3841 651 3881 rum
678 3826 992 3898 pollicente,
1024 3826 1213 3882 eadem
1257 3827 1377 3897 ipsa
1419 3826 1658 3882 Joannes
1691 3841 1886 3882 rursus
1917 3842 2110 3898 perur-

526 3916 687 3988 gebat
738 3931 804 3971 ac
850 3917 1284 3973 contestabatur.
1320 3917 1566 3974 Posthaec
1603 3915 1842 3974 Joannes
1886 3918 2108 3988 quidem

527 4009 799 4082 Ephesum
828 4009 1110 4082 profectus
1140 4019 1260 4079 est;
1299 4011 1582 4084 presbyter
1617 4026 1748 4067 vero
1783 4011 2105 4069 adolescen-

523 4111 632 4159 tem
657 4103 761 4160 sibi
789 4104 1050 4160 traditum
1084 4102 1142 4159 in
1169 4103 1392 4159 domum
1421 4120 1577 4160 suam
1613 4105 1942 4176 suscipiens,
1973 4104 2108 4160 edu-

521 4199 719 4265 cando,
752 4198 1104 4263 conti—nendo,
1132 4197 1365 4255 fovendo
1393 4213 1618 4270 operam
1651 4197 1848 4264 dabat;
1889 4213 1956 4254 ac
1979 4205 2104 4254 tan-

519 4290 644 4347 dem
688 4306 846 4348 sacro
888 4292 1220 4364 baptismate
1268 4292 1526 4346 initiavit.
1557 4290 1821 4362 Deinceps
1846 4291 2105 4348 sacerdos

520 4381 589 4438 de
613 4383 845 4454 pristina
874 4399 1006 4438 cura
1036 4393 1200 4456 atque
1226 4383 1477 4439 custodia
1498 4383 1763 4454 paulatim
1786 4382 2020 4446 remisit,
2044 4392 2105 4439 ut

520 4475 615 4544 qui
647 4475 947 4545 perlectum
975 4477 1024 4532 ei
1054 4484 1319 4541 tutamen,
1353 4491 1419 4531 ac
1465 4490 1575 4547 quo
1613 4482 1837 4530 cautum
1878 4477 2102 4534 omnino

523 4564 683 4631 foret,
712 4565 925 4621 Domini
973 4567 1316 4639 signaculum
1373 4568 1734 4624 adhibuisset.
1763 4566 1923 4622 Illum
1969 4584 2100 4640 ergo

2215 3379 2426 3434 ἀστεῖον
2443 3381 2536 3434 καὶ
2553 3379 2752 3452 θερμὸν
2783 3379 2904 3434 ίδών
2921 3398 2936 3410 ·
2961 3398 2979 3431 ι
3002 3377 3223 3442 Τοῦτον,
3253 3375 3383 3447 ἔφη,
3405 3375 3503 3429 σοι
3521 3370 3791 3447 παρατεθε-

2216 3486 2314 3540 μαι
2345 3469 2482 3540 μετά
2510 3470 2690 3542 πάσης
2719 3471 2953 3544 σπουδῆς
2983 3471 3076 3523 ἐπὶ
3103 3468 3204 3539 τῆς
3227 3467 3578 3539 Ἑκκλησίας
3605 3467 3696 3518 καὶ
3717 3461 3790 3514 τοῦ

2211 3559 2449 3632 Χριστοῦ
2482 3561 2811 3635 μάρτυρος.»
2843 3561 2950 3616 Τοῦ
2972 3562 3029 3615 δὲ
3057 3561 3350 3633 δεχομένου
3374 3559 3480 3612 καὶ
3507 3558 3676 3612 πάνθ’
3696 3558 3793 3609 ὑπι-

2213 3650 2566 3722 σχνουμένου,
2598 3650 2692 3704 καὶ
2739 3649 2900 3705 πάλιν
2948 3648 3020 3703 τὰ
3070 3649 3210 3704 αὐτὰ
3247 3644 3564 3700 διετείλατο
3589 3645 3685 3698 καὶ
3704 3643 3791 3694 διε-

2213 3742 2546 3815 μαρτύρατο.
2577 3743 2688 3798 Καὶ
2719 3743 2748 3796 ό
2778 3743 2878 3814 μὲν
2904 3743 2996 3796 ἐπὶ
3019 3742 3117 3815 τὴν
3140 3742 3376 3810 Ἔφεσον
3408 3739 3645 3809 ἀπῇρεν
3664 3753 3676 3766 ·
3701 3737 3723 3787 ὁ
3747 3732 3790 3784 ἴε

2208 3835 2580 3908 πρεσϐύτερος
2605 3834 2888 3890 ἀναλαὸὼν
2914 3834 3093 3888 οἶκαδε
3133 3833 3225 3887 τὸν
3266 3830 3660 3903 παραδοθέντα
3692 3844 3790 3878 νεα·

2207 3928 2412 3992 νίσκον,
2443 3927 2658 4001 ἔτρεφε,
2691 3931 2954 3998 συνεῖχεν,
2983 3927 3205 3993 ἔθαλπε,
3233 3923 3294 3978 τὸ
3320 3923 3652 3977 τελευταῖον
3677 3917 3790 3988 squis

2203 4037 2342 4074 τισε.
2374 4021 2486 4075 Kal.
2522 4020 2657 4092 μετά
2687 4021 2845 4074 τοῦτο
2870 4020 3045 4091 ὑφῆκε
3071 4020 3170 4091 τῆς
3198 4017 3451 4080 πλείονος
3483 4015 3792 4087 ἐπιμελείας

2205 4112 2301 4166 καὶ
2339 4112 2760 4184 παραφυλακῆς,
2792 4112 2868 4175 ὡς
2908 4109 2970 4164 τὸ
3012 4109 3196 4164 τέλεον
3239 4107 3390 4178 αὐτῷ
3433 4107 3795 4176 φυλακτήριον

2204 4205 2507 4278 ἐπιστήσας
2535 4204 2633 4276 τὴν
2666 4203 2939 4276 σφραγῖδα
2963 4202 3058 4256 τοῦ
3083 4201 3310 4273 Κυρίου.
3345 4197 3440 4269 Τῷ
3486 4197 3550 4251 δὲ
3578 4198 3796 4252 ἀνέσεως

2203 4299 2310 4371 πρὸ
2341 4298 2490 4371 ὥρας
2515 4297 2800 4368 λαϐομένω
2827 4291 3284 4367 προσφθείρονταί
3306 4307 3460 4353 τινες
3496 4290 3695 4361 ἥλικες
3725 4287 3798 4355 ἀρ·

2202 4393 2310 4462 γοὶ,
2344 4392 2437 4445 καὶ
2487 4389 2894 4463 ἀπεῤῥωγότες,
2922 4387 3112 4451 ἐθάδες
3159 4383 3371 4440 κακῶν.
3417 4383 3546 4436 Καὶ
3597 4381 3796 4452 πρῶτον

2206 4483 2304 4554 μὲν
2325 4483 2391 4536 δι’
2415 4482 2710 4536 ἑστιάσεων
2735 4481 2945 4536 πολλῶν
2967 4478 3272 4535 πολυτελῶν
3290 4475 3457 4530 αὑτὸν
3473 4475 3793 4544 ἐπάγονται·

2203 4569 2323 4629 εἶτά
2363 4591 2468 4628 που
2509 4575 2605 4630 καὶ
2637 4573 2854 4644 νύκτωρ
2883 4573 2975 4625 ἐπὶ
3008 4569 3369 4631 λωποδυσίαν,
3401 4565 3660 4631 ἐξιόντες
3702 4582 3803 4616 σωκ-ι

523 4665 849 4728 praematura
877 4659 1109 4728 potitum
1137 4660 1406 4725 libertate,
1433 4661 1670 4730 aequales
1719 4661 1940 4730 quidam
1990 4661 2092 4718 sibi

2220 4667 2505 4738 επάγονται
2520 4683 2534 4695 ·
2568 4665 2690 4722 εἶτά
2711 4683 2764 4719 τι
2785 4666 2880 4719 καὶ
2907 4664 3088 4737 μεῖζον
3111 4661 3494 4734 συμπράττειν
3525 4657 3798 4730 ἠξίουνᾸο

521 4749 850 4822 adjungunt,
883 4750 1098 4808 desides
1128 4767 1194 4807 ac
1222 4752 1500 4819 dissoluti,
1528 4760 1582 4808 et
1600 4752 1825 4825 ﬂagitiis
1847 4752 2101 4809 omnibus

515 4840 836 4899 assuefacti.
869 4841 946 4897 Ac
981 4843 1214 4914 primum
1240 4844 1456 4914 quidem
1493 4845 1798 4916 magniﬁcis
1832 4846 2100 4903 conviviis

516 4937 772 5008 juvenem
799 4935 1033 4991 illiciunt
1069 4956 1082 4992 :
1116 4943 1283 4991 noctu
1323 4935 1519 4992 deinde
1557 4936 1625 4990 ad
1659 4937 1977 5008 spoliandos
2003 4939 2103 4995 ob-

517 5029 639 5085 vios
666 5028 896 5101 egressi,
929 5044 1114 5084 secum
1141 5029 1397 5096 trahunt;
1431 5029 1556 5084 inde
1590 5029 1658 5084 ad
1689 5031 1953 5101 majorem
1982 5048 2100 5089 sce-

519 5121 694 5178 lerum
716 5121 1029 5180 societatem
1057 5121 1432 5176 cohortantur.
1459 5122 1528 5176 At
1552 5122 1642 5178 ille
1670 5124 1875 5178 sensim
1908 5139 2100 5180 assue-

518 5215 707 5270 scebat
741 5213 1017 5284 pravitati,
1050 5213 1192 5284 genii
1215 5213 1591 5285 magnitudine
1621 5229 1686 5269 ac
1707 5218 1986 5286 praestanti
2014 5217 2100 5271 in-

515 5306 641 5362 dole
693 5307 842 5364 velut
875 5322 1050 5378 equus
1103 5306 1229 5363 duri
1276 5307 1392 5366 oris
1445 5307 1816 5379 robustusque
1861 5325 1893 5364 a
1945 5318 2098 5366 recto

515 5399 796 5472 abreptus,
833 5413 899 5456 ac
945 5399 1160 5456 frenum
1205 5400 1488 5468 mordens,
1519 5395 1704 5460 acrius
1754 5402 1811 5459 in
1853 5417 2096 5474 praeceps

521 5565 578 5624 »Β
617 5557 680 5618 Ρ.
722 5559 828 5617 949
865 5558 976 5617 ΕΙ).
1015 5556 1321 5618 POTTER.
1400 5572 1428 5601 ι
1467 5559 1590 5616 Gal.
1623 5575 1702 5624 vr,
1740 5560 1792 5616 7.

584 5705 698 5781 (ιδ)
735 5711 994 5782 κλῆρον,
1025 5713 1134 5768 ἕνα
1161 5713 1224 5767 τέ
1255 5731 1388 5767 τινα
1418 5712 1762 5781 κληρώσων.
1803 5711 1994 5769 Scribe
2025 5728 2092 5769 ex

518 5778 769 5856 Eusebio.
800 5778 984 5856 δᾷήρῳ
1011 5784 1109 5856 ἕνα
1132 5784 1348 5856 γέᾼτινα
1393 5778 1713 5856 κληρῷσειν.
1751 5784 1908 5839 Cunl'.
1948 5784 2089 5856 idem

519 5847 782 5908 Eusebius
809 5847 1010 5908 Ec'c'lés.
1039 5847 1181 5908 Hist.
1202 5853 1298 5909 lib.
1332 5869 1414 5920 Ill,
1439 5847 1604 5917 οἷ’Ξᾶ
1631 5871 1726 5925 Per
1752 5863 1919 5910 totam
1949 5855 2090 5909 hanc

2201 4759 2260 4813 δὲ
2290 4761 2412 4814 κατ’
2438 4759 2618 4828 ὀλίγον
2647 4755 3041 4830 προσειθίζετο,
3070 4755 3167 4809 καὶ
3193 4753 3284 4808 διὰ
3311 4752 3564 4824 μέγεθος
3599 4752 3803 4820 φύσεως

2201 4853 2422 4917 ἐκστὰς,
2441 4851 2633 4923 ὥσπερ
2678 4852 2915 4922 ἄστομος
2961 4850 3054 4904 καὶ
3097 4847 3372 4918 εὔρωστος
3413 4845 3624 4908 ἵππος,
3649 4840 3803 4914 ὀρθῆς

2201 4945 2345 5008 ὁδοῦ,
2387 4947 2482 4998 καὶ
2527 4944 2620 4997 τὸν
2665 4942 2879 5014 χαλινὸν
2923 4938 3184 5006 ἐνδακὼν,
3215 4937 3483 5011 μειζόνως
3510 4935 3670 4990 κατὰ
3707 4933 3798 4985 τῶν

2205 5034 2492 5108 βαράθρων
2520 5035 2764 5107 ἐφέρετο.
2783 5033 3078 5102 Ἀπογνοὺς
3122 5032 3181 5086 δὲ
3221 5030 3422 5096 τελέως
3451 5029 3566 5100 τὴν
3605 5030 3668 5080 ἐν
3697 5021 3797 5083 Θετξθ

2204 5128 2508 5200 σωτηρίαν,
2535 5127 2687 5181 οὐδὲν
2727 5126 2806 5178 ἐτι
2846 5125 3040 5198 μικρὸν
3074 5124 3361 5186 διενοεῖτο,
3402 5119 3546 5173 ἀλλὰ
3581 5113 3724 5182 μέγα
3749 5127 3774 5159 τ
3783 5125 3795 5158 ί

2199 5219 2431 5290 πράξας,
2448 5219 2742 5290 ἐπειδήπερ
2763 5215 2908 5282 ἅπαξ
2923 5215 3220 5275 ἀπόλωλεν,
3245 5213 3332 5263 [σα
3351 5207 3466 5268 τοῖς
3480 5203 3682 5264 ἄλλοις
3701 5216 3796 5251 πα-

2199 5310 2310 5364 θεῖν
2338 5310 2510 5382 ἠξίου.
2541 5311 2749 5374 Αὐτοὺς
2793 5309 2852 5363 δὲ
2884 5309 3108 5366 τούτους
3143 5298 3426 5357 ἀναλαϐὼν
3455 5297 3563 5349 καὶ
3609 5293 3796 5368 lysi-

2201 5422 2316 5475 ριον
2346 5405 2740 5476 συγκροτήσας,
2763 5402 2984 5471 ἕτοιμος
3011 5396 3314 5468 λῄσταρχος
3335 5387 3426 5464 ἦν,
3459 5388 3790 5460 βιαιότατος»

2201 5678 2507 5764 historiam.

2273 5780 2383 5847 (δεῖ)
2429 5779 2626 5832 Ἔνιοι.
2673 5776 2904 5847 Smyrna
2947 5781 3087 5842 erat,
3143 5775 3188 5826 si
3233 5769 3427 5826 Chron.
3481 5766 3778 5824 Alam.

2198 5847 2352 5904 ﬁdes.
2386 5847 2548 5904 FELL.
