3840 6534
168 397 251 453 657
849 391 1072 450 DUBIA.
1113 424 1182 436 —
1219 391 1582 450 EXCERPTA
1623 391 1714 447 EX
1759 389 2068 446 SCRIPTIS
2104 390 2466 456 THEODUTI,
2506 390 2654 447 ETC.

3253 391 3358 446 οδε

224 515 302 581 ς’.
333 511 425 575 Τὸ,
473 511 573 564 Ἐν
603 471 760 580 ἀρχῇ
785 504 864 581 ἦν
895 512 928 563 ό
955 512 1163 580 Λόγος,
1193 509 1291 564 καὶ
1328 512 1360 564 ό
1401 511 1589 580 Λόγος
1619 505 1690 580 ἦν

1871 504 1958 560 VI.
1989 505 2124 562 Illud
2159 526 2172 561 :
2209 505 2273 560 In
2295 507 2550 576 principio
2579 516 2696 562 erat
2747 508 2993 576 Verbum,
3034 518 3087 568 et
3130 509 3356 566 Verbum

169 605 294 674 πρὸς
350 603 456 656 τὸν
511 602 686 670 Θεὸν,
735 603 832 657 καὶ
884 602 1024 670 Θεὸς
1076 599 1155 673 ἦν
1199 606 1232 658 ό
1275 605 1482 673 Λόγος,
1516 606 1562 657 οἱ
1598 604 1704 658 ἀπὸ

170 693 492 750 οὒαλεντὶνου
529 693 704 758 οὕτως
728 693 1052 764 ἐκδέχονται.
1091 694 1303 764 Ἀρχὴν
1335 695 1434 766 μὲν
1477 694 1586 766 γὰρ
1612 695 1704 748 τὸν

168 785 417 855 Μονογενῆ
433 785 779 854 λέγουσιν,ὂν
804 787 896 840 καὶ
925 787 1056 840 Θεὸν
1088 787 1603 860 προσαγορεύεσθαι,
1628 789 1704 854 ὡς

167 878 242 932 καὶ
270 879 322 930 ὲν
354 879 464 940 τοῖς
505 878 635 947 ὲξῆς
668 879 923 951 ἄντικρυς
964 878 1094 932 Θεὸν
1129 880 1290 933 αὑτὸν
1322 880 1471 952 δηλοῖ
1497 881 1666 950 λέγων
1685 899 1698 910 ·

173 970 218 1024 Ὁ
231 970 556 1040 μονογενὴς
589 971 731 1035 Θεὸς
760 972 892 1043 (57),
913 975 944 1026 ό
971 971 1056 1026 ὢν
1080 976 1166 1040 εἰς
1191 974 1297 1027 τὸν
1327 977 1558 1029 κόλπον
1597 973 1702 1028 τοῦ

171 1063 389 1131 Πατρός,
417 1063 649 1130 ἐκεῖνος
685 1063 1020 1134 ἐξηγήσατο
1040 1083 1053 1095 ·
1082 1066 1171 1119 τὸν
1217 1065 1280 1137 δὴ
1324 1067 1492 1135 Λόγον
1523 1067 1611 1120 τὸν
1643 1068 1700 1119 ὲν

165 1158 219 1226 τῇ
256 1156 388 1224 ἀρχῇ
423 1153 638 1218 τοῦτον,
670 1154 758 1209 τὸν
788 1157 844 1207 ὲν
870 1155 948 1226 τῷ
978 1158 1288 1224 Μονογενεῖ,
1307 1159 1363 1209 ὲν
1395 1157 1472 1228 τῷ
1512 1157 1586 1228 νῷ
1606 1158 1700 1211 καὶ

165 1247 217 1314 τῇ
254 1245 492 1316 ἀληθεία,
528 1245 725 1316 μηνύει
757 1244 865 1316 (58)
896 1246 985 1299 τὸν
1016 1247 1246 1318 Χριστὸν
1291 1249 1379 1302 τὸν
1419 1248 1586 1316 Λόγον
1607 1249 1700 1301 καὶ

162 1336 243 1406 τὴν
272 1333 428 1406 ζωήν.
456 1335 623 1388 ’Ὀθεν
656 1336 878 1398 εἰκότως
916 1337 1009 1389 καὶ
1040 1337 1199 1390 αὐτὸν
1231 1337 1362 1390 Θεὸν
1409 1337 1552 1405 λέγει
1609 1337 1698 1390 τὸν

163 1430 211 1479 ἐν
253 1424 321 1496 τῷ
370 1425 488 1497 Θεῷ
533 1425 612 1497 τῷ
644 1426 720 1498 νῷ
749 1427 897 1482 ὄντα.
933 1430 992 1479 Ὅ
1027 1427 1272 1498 γέγονεν
1312 1427 1383 1481 ὲν
1430 1427 1586 1494 αὐτῷ
1621 1427 1698 1493 τῷ

162 1520 323 1587 Λόγῳ,
357 1516 468 1585 ζωὴ
496 1513 578 1588 ἦν
607 1521 640 1590 ἡ
677 1518 922 1588 σύζυγος·
956 1519 1035 1572 διὸ
1070 1521 1163 1573 καὶ
1210 1520 1370 1591 φησὶν
1399 1521 1428 1572 6
1455 1519 1655 1590 Κύριος
1679 1537 1690 1549 ·

169 1608 293 1677 Ἐγώ
325 1612 438 1678 ειμι
463 1610 503 1676 ή
539 1599 682 1676 ζωή..

217 1701 280 1754 Ζ’.
317 1703 627 1770 Ἀγνωστος
653 1698 746 1757 οὖν
774 1705 802 1756 6
832 1703 1020 1776 Πατὴρ
1047 1703 1142 1768 ὢν,
1174 1702 1405 1776 ἠθέλησε
1454 1700 1696 1782 γνωσθῖγ

157 1811 233 1846 ναι
256 1797 356 1857 τοῖς
377 1794 570 1847 Αἰῶσι·
585 1795 683 1848 καὶ
713 1795 798 1848 διὰ
821 1797 916 1868 τῆς
932 1795 1338 1865 Ἐνθυμήσεως
1361 1795 1461 1867 τῆς
1480 1792 1691 1854 ἑαυτοῦ,

156 1884 221 1948 ὡς
246 1885 306 1938 ἂν
347 1887 532 1939 ἑαυτὸν
571 1885 845 1956 ἐγνωκὼς,
882 1887 1095 1958 πνεῦμα
1147 1885 1416 1956 γνώσεως,
1444 1884 1609 1957 οὔσης
1639 1887 1694 1938 ὲν

157 1973 346 2042 γνώσει,
379 1977 647 2048 προέϐαλε
686 1979 775 2032 τὸν
818 1979 1117 2050 Μονογενῆ.
1149 1981 1373 2048 Γέγονεν
1410 1977 1502 2034 οὖν
1545 1979 1641 2034 καὶ
1668 1981 1696 2033 6

155 2067 245 2120 ἀπὸ
278 2067 554 2136 γνώσεως,
573 2072 818 2124 τουτέστι
852 2073 948 2143 τῆς
977 2073 1248 2145 πατρικῆς
1291 2073 1695 2142 Ἐνθυμήσεως

158 2161 401 2229 προελθὼν
453 2163 681 2230 γνῶσις,
723 2164 997 2218 τουτέστιν
1045 2167 1073 2218 6
1124 2167 1250 2230 Υἱός
1270 2184 1282 2196 ·
1313 2168 1392 2221 ὅτι
1423 2167 1489 2220 δι’
1516 2165 1643 2220 Υἱοῦ
1668 2167 1696 2219 6

153 2251 317 2324 Πατὴρ
347 2253 612 2326 ἐγνώσθη.
656 2255 730 2308 Τὸ
774 2256 831 2309 δὲ
862 2258 958 2329 τῆς
997 2258 1216 2331 ἀγάπης
1250 2259 1467 2331 πνεῦμα
1497 2259 1695 2330 κέκρα-

155 2360 226 2397 τκι
255 2344 326 2414 τῷ
354 2346 451 2416 τῆς
484 2346 763 2415 γνώσεως,
798 2348 873 2412 ὡς
905 2350 1091 2422 Πατὴρ
1116 2350 1249 2420 Υἱῷ,
1280 2351 1374 2404 καὶ
1418 2352 1694 2421 Ἑνθύμη-

152 2453 235 2503 σις
263 2438 501 2510 ἀληθεία·
523 2441 619 2492 ἀπ’
648 2439 904 2512 ἀληθείας
927 2440 1226 2512 προελθὼν,
1249 2442 1325 2506 ὡς
1351 2442 1457 2496 ἀπὸ
1493 2443 1693 2498 Ἐνθυ-

151 2528 360 2596 μήσεως
388 2533 419 2602 ἡ
452 2533 676 2600 γνῶσις.
714 2532 823 2584 Καὶ
854 2535 882 2585 6
907 2534 1003 2604 μὲν
1027 2534 1216 2605 μείνας
1245 2535 1534 2606 μονογενὴς
1567 2533 1694 2598 Υἱὸς

153 2622 216 2682 εἰς
239 2621 320 2675 τὸν
354 2622 550 2676 κόλπον
585 2622 680 2675 τοῦ
710 2623 940 2694 Πατρὸς,
971 2624 1066 2696 τὴν
1103 2627 1460 2694 Ἐνθύμησιν
1483 2625 1570 2678 διὰ
1595 2624 1694 2696 τῆς

153 2711 374 2779 γνώσεως
409 2715 689 2786 ἐξηγεῖται
739 2719 851 2779 τοῖς
897 2716 1116 2781 Αῐῶσιν,
1145 2718 1221 2780 ὡς
1246 2717 1310 2771 ἂν
1337 2719 1430 2771 uel.
1463 2718 1570 2771 ὑπὸ
1595 2718 1690 2771 τοῦ

153 2801 326 2856 κόλπον
354 2805 516 2858 αὑτοῦ
549 2806 899 2877 προϐληθείς.
937 2811 994 2862 '0
1026 2809 1082 2862 δὲ
1123 2809 1356 2864 ἐνταῦθα
1382 2811 1565 2880 ὀφθεὶς
1592 2812 1692 2865 οὐκ

152 2892 214 2944 ἔτι
243 2898 545 2968 μονογενὴς,
579 2897 694 2950 ἀλλ’
719 2898 794 2963 ὡς
829 2901 1118 2972 μονογενὴς
1147 2901 1282 2973 πρὸς
1321 2902 1412 2955 τοῦ
1466 2903 1692 2956 ἀποστό-

150 2981 223 3036 λον
248 2988 722 3061 προσαγορεύεται,
753 2989 938 3055 δόξαν
963 2993 1042 3060 ὡς
1067 2994 1460 3065 Μονογενοῦς·
1484 2995 1587 3061 ὅτι,
1609 2988 1690 3059 εἷς

151 3076 229 3128 καὶ
252 3080 278 3130 6
298 3080 452 3143 αὐτὸς
485 3080 580 3145 ὢν,
619 3083 678 3133 ἐν
714 3083 810 3152 μὲν
838 3086 901 3155 τῇ
931 3087 1119 3157 κτήσει
1150 3087 1522 3154 πρωτότοκός
1543 3088 1688 3140 ἐστιν

156 3167 354 3238 Ἰησοῦς,
401 3175 456 3226 ὲν
502 3174 557 3228 δὲ
601 3175 934 3247 Πληρὼματι
984 3178 1092 3249 (59)
1137 3179 1492 3249 μονογενής.
1543 3181 1602 3235 '0
1630 3179 1757 3259 δὶα

146 3259 281 3324 αὐτὸς
326 3265 460 3326 ἐστι,
491 3264 733 3329 τοιοῦτος
776 3265 849 3320 ὣν
896 3269 1107 3342 ἑκάστῳ
1147 3270 1318 3342 τόπῳ,
1353 3266 1464 3335 οἷος
1515 3287 1687 3342 κεχω-

146 3350 314 3420 ρῆεθαι
362 3355 605 3422 δύναται,
634 3360 727 3412 καὶ
765 3358 1016 3414 οὐδέποτε
1043 3361 1137 3415 τοῦ
1171 3362 1448 3433 μείναντος
1477 3364 1504 3415 6
1529 3381 1692 3416 κατα-

143 3439 224 3505 ίάις
277 3445 585 3517 μερίζεται·
653 3451 786 3520 φησὶ
847 3451 953 3524 γὰρ
991 3457 1020 3508 ὁ
1055 3454 1408 3517 Ἀπόστολος·
1469 3454 1521 3506 Ὀ
1579 3453 1687 3524 γὰρ

142 3533 357 3606 ἀναϐὰς,
393 3543 576 3608 αὐτός
613 3543 748 3596 ἐστι
778 3544 875 3597 καὶ
903 3548 934 3597 ό
974 3547 1250 3612 καταϐάς.
1283 3548 1481 3602 Εἱκόνα
1509 3548 1566 3602 δὲ
1593 3548 1685 3602 τοῦ

142 3627 446 3700 Βίννογενοῦς
494 3636 589 3688 τὸν
639 3638 977 3709 Δημιουργὸν
1025 3639 1275 3708 λέγουσι·
1315 3642 1397 3696 διὸ
1428 3644 1521 3696 καὶ
1551 3643 1688 3697 αὐτὰ

140 3715 220 3783 τῆς
249 3722 450 3787 εἰκόνος
479 3723 546 3776 τὰ
578 3724 739 3796 ἔργα.
774 3725 934 3780 Ὅθεν
975 3731 1068 3782 καὶ
1089 3733 1116 3784 6
1138 3731 1340 3802 Κύριος
1373 3733 1556 3786 εἰκόνα
1589 3735 1686 3805 τῆς

141 3813 490 3894 πνευματικῆς
519 3815 874 3878 ἀναστάσεως
921 3821 1150 3892 ποιήσας
1187 3823 1313 3885 τοὺς
1340 3825 1564 3894 νεκροὺς
1593 3822 1685 3887 οὓς

137 3891 352 3968 ἤγειρεν,
394 3891 507 3956 ὀὐκ
555 3903 866 3976 ἀφθάρτους
911 3909 1008 3981 τὴν
1057 3911 1254 3983 σάρκα,
1286 3911 1400 3966 ἀλλ’
1426 3891 1501 3977 ὧς
1531 3908 1686 3976 αὖθις

137 3986 581 4066 ἀποθανο·.›μένους
609 4000 848 4070 ἤγειρεν.

191 4246 260 4299 H'.
299 4251 492 4323 Ἡμεῖς
519 4255 578 4308 δὲ
611 4257 705 4309 τὸν
737 4259 794 4310 ἐν
823 4261 1106 4335 ταύτότητι
1135 4263 1306 4333 Λόγον
1326 4263 1458 4317 Θεὸν
1490 4264 1546 4316 ὲν
1567 4262 1684 4335 Θεῷ

133 4351 305 4428 γᾶμεν,
325 4344 384 4409 ὃς
406 4349 499 4400 καὶ
519 4351 602 4411 εἰς
624 4349 714 4403 τὸν
738 4351 932 4405 κόλπον
947 4354 1038 4407 τοῦ
1061 4357 1272 4428 Πατρὸς
1291 4351 1430 4410 εἶναι
1449 4355 1680 4424 λέγεται,

133 4423 445 4503 ἀδιᾶπατος,
492 4441 814 4511 ἀμέριστος,
863 4440 940 4509 εἷς
971 4447 1118 4514 Θεός.
1154 4449 1358 4503 Πάντα
1399 4448 1472 4501 δι’
1498 4428 1684 4503 αὑτοῦ

1804 609 1916 653 erat
1949 599 2086 670 apud
2120 599 2306 662 Deum,
2337 609 2389 654 et
2419 599 2558 655 Deus
2600 610 2716 655 erat
2745 601 2968 658 Verbum
2993 615 3044 669 ι,
3083 603 3356 664 Valentini

1805 705 2064 761 sequaces
2125 691 2205 748 sic
2260 691 2705 762 interpretantur.
2755 692 3082 764 Principium
3135 697 3357 766 quidem

1803 781 2150 852 Unigenitum
2187 783 2399 845 dicunt,
2435 799 2596 853 quem
2631 784 2792 838 etiam
2847 783 3014 840 Deum
3061 787 3355 852 nominari,

1803 873 1963 928 sicuti
1995 873 2049 926 iu
2078 873 2146 928 iis
2170 888 2290 944 qua!
2311 881 2616 944 sequuntur
2651 872 2819 928 Deum
2852 890 2974 930 eum
2995 891 3118 932 esse
3150 877 3357 947 liquido

1801 966 2035 1021 ostendit
2061 966 2297 1022 Joannes
2337 967 2525 1022 dicens
2557 986 2570 1022 :
2601 965 2908 1039 Unigenitus
2946 968 3106 1038 Deus,
3146 973 3236 1042 qui
3280 981 3359 1026 est

1801 1057 1856 1111 in
1880 1059 1998 1112 sinu
2019 1059 2220 1125 Patris,
2249 1061 2359 1129 ipse
2385 1062 2646 1115 enarravit
2671 1061 2720 1116 ι).
2743 1061 2980 1120 Verbum
2997 1064 3204 1120 scilicet
3230 1064 3355 1126 hoc.

1800 1150 1946 1219 quod
1987 1161 2106 1212 erat
2153 1153 2210 1206 in
2261 1152 2554 1223 principio,
2586 1153 2720 1209 illud
2771 1155 2917 1226 quod
2956 1157 3011 1210 in
3045 1155 3355 1227 Unigenito.

1801 1241 1943 1312 quod
1978 1243 2031 1297 in
2067 1252 2266 1308 mente,
2312 1252 2366 1299 et
2389 1245 2534 1315 quod
2572 1246 2626 1300 in
2656 1248 2886 1304 veritate
2915 1248 3038 1314 fuit,
3072 1248 3356 1304 Christum

1808 1334 2042 1390 Verbum
2075 1343 2130 1390 et
2166 1335 2330 1390 vitam
2383 1337 2608 1392 indicat.
2646 1337 2800 1395 Unde
2847 1341 3041 1396 merito
3079 1347 3133 1397 et
3180 1342 3356 1412 ipsum

1797 1419 2042 1478 n‘ominat
2057 1423 2222 1479 Deum
2236 1425 2328 1495 qui
2355 1425 2408 1480 in
2425 1425 2535 1482 Deo
2558 1436 2737 1483 mente
2757 1429 3153 1497 exsistit.Quod
3174 1432 3228 1484 in
3245 1432 3358 1501 ipso

1807 1514 1971 1570 Verbo
2018 1516 2217 1586 factum
2264 1526 2362 1580 est,
2397 1519 2504 1594 vita
2555 1529 2708 1574 eratc
2743 1521 2969 1590 conjux;
3004 1522 3355 1592 quamobrem

1794 1613 1848 1662 et
1879 1606 2140 1664 Dominus
2171 1609 2346 1679 inquit
2375 1629 2388 1664 :
2424 1609 2535 1682 Ego
2570 1628 2687 1664 sum
2716 1612 2895 1668 vitad.

1862 1697 2026 1770 35.9
2051 1698 2162 1754 VII.
2199 1699 2397 1754 Parum
2416 1701 2599 1772 itaque
2633 1704 2884 1774 cognitus
2909 1703 3092 1771 Pater,
3123 1705 3190 1760 ab
3220 1704 3356 1762 Αἰο-

1793 1789 1955 1846 nibus
1985 1793 2240 1860 cognosci
2285 1793 2475 1856 voluit,
2501 1801 2556 1848 et
2599 1809 2696 1864 per
2731 1796 2815 1851 sui
2863 1797 3036 1867 ipsius
3067 1795 3354 1869 Enthgme-

1793 1880 1896 1945 sin,
1921 1888 2109 1951 utpote
2139 1880 2232 1951 qui
2266 1896 2324 1937 se
2352 1885 2554 1952 optime
2593 1886 2826 1951 noverit,
2860 1889 3085 1958 spiritus
3113 1889 3359 1945 scientiae

1793 1986 1912 2042 quae
1937 1973 2152 2029 exsistit
2188 1973 2243 2028 in
2275 1975 2504 2030 scientia
2549 1975 2808 2046 produxit
2837 1978 3209 2051 Unigenitum.
3232 1979 3358 2035 Fuit

1793 2081 1923 2136 ergo
1952 2079 1982 2118 a
2020 2065 2268 2131 scientia,
2323 2067 2426 2121 hoc
2473 2076 2578 2131 est,
2640 2070 2868 2126 scientia
2892 2073 3116 2128 veniens
3145 2073 3214 2128 ab
3244 2077 3357 2128 En-

1795 2156 2014 2226 thymesi
2047 2155 2247 2220 Patris,
2293 2157 2395 2213 hoc
2430 2160 2688 2216 nimirum
2744 2172 2828 2218 est
2857 2161 3048 2231 Filius,
3085 2164 3230 2233 quod
3261 2181 3358 2235 per

1791 2247 1988 2303 Filium
2019 2248 2178 2304 Pater
2207 2251 2367 2306 nobis
2409 2252 2480 2307 sit
2524 2255 2794 2324 cognitus.
2839 2253 3077 2325 Spiritus
3101 2271 3230 2312 vero
3268 2257 3358 2312 ille

1791 2340 2078 2396 charitatis
2122 2343 2199 2397 illi
2231 2344 2477 2400 scientiae
2509 2346 2729 2418 spiritui
2760 2349 2957 2404 mistus
2989 2357 3074 2404 est
3105 2350 3173 2404 ad
3204 2365 3360 2404 eum-

1791 2432 1911 2488 dem
1938 2433 2154 2488 modum
2181 2451 2290 2505 quo
2318 2435 2479 2493 Pater
2498 2438 2658 2504 Filio,
2683 2450 2736 2497 et
2758 2441 3088 2513 Enthymesis
3105 2443 3317 2500 veritati
3341 2462 3356 2511 ;

1789 2539 1899 2580 non
1929 2526 2086 2582 aliter
2115 2543 2178 2584 ac
2199 2530 2428 2586 scientia
2464 2532 2532 2587 ab
2567 2531 2893 2604 Enthymesi,
2927 2551 2956 2590 a
2982 2539 3210 2592 veritate
3232 2553 3357 2607 pro-

1789 2620 2034 2675 veniens.
2077 2619 2141 2673 Et
2199 2622 2290 2677 ille
2342 2624 2559 2694 quidem
2589 2626 2682 2695 qui
2725 2627 2780 2680 in
2807 2628 2932 2682 sinu
2972 2627 3149 2684 Patris
3181 2626 3352 2684 Filius

1789 2709 2100 2780 unigenitus
2149 2715 2438 2778 manserit,
2477 2713 2820 2786 Enthymesin
2904 2718 3046 2772 hanc
3086 2717 3358 2774 Eonibus

1791 2817 1886 2870 per
1920 2804 2204 2858 scientiam
2241 2805 2522 2875 patefacit,
2550 2815 2610 2860 ut
2637 2809 2730 2878 qui
2754 2823 2784 2863 e
2819 2809 2942 2865 sinu
2989 2811 3110 2879 ejus
3133 2824 3358 2880 proces-

1790 2894 1942 2948 serit.
1973 2893 2076 2962 Qui
2105 2911 2235 2951 vero
2255 2897 2347 2951 hic
2380 2898 2530 2954 visus
2561 2906 2646 2954 est
2678 2899 2731 2952 in
2767 2901 2948 2965 terris,
2977 2917 3086 2956 non
3125 2903 3359 2973 amplius

1789 2985 2122 3056 unigenitus,
2154 2988 2247 3042 sed
2281 2989 2440 3058 quasi
2472 2988 2787 3060 unigenitus
2834 2992 2902 3046 ab
2946 2995 3193 3062 apostolo
3226 3011 3360 3049 con-

1789 3076 2077 3140 sideratur,
2114 3076 2337 3146 gloriam
2367 3081 2519 3150 quasi
2537 3079 2800 3150 Unigeniti
2823 3093 2880 3149 0;
2945 3089 3002 3146 ᾖ
3055 3085 3198 3153 quod
3232 3101 3358 3140 cum

1790 3186 1931 3228 unus
1961 3173 2209 3244 idemque
2235 3173 2326 3240 sit,
2359 3175 2648 3245 separatim
2677 3176 2728 3229 in
2763 3183 3013 3230 creatura
3041 3176 3202 3234 Jesus
3230 3180 3354 3248 qui-

1793 3261 1913 3316 dem
1943 3263 2340 3334 primogenitus,
2372 3263 2428 3318 in
2462 3262 2807 3322 Plenitudine
2826 3282 2954 3322 vero
2984 3269 3278 3339 unigenitus
3301 3268 3348 3323 τ.

1793 3352 1886 3406 llle
1926 3363 2105 3409 autem
2153 3353 2294 3408 idem
2329 3361 2433 3418 est,
2464 3369 2654 3425 nempe
2699 3358 2826 3412 talis
2874 3359 3168 3429 unicuique
3209 3359 3352 3422 loco,

1792 3445 1968 3515 qualis
1993 3446 2062 3501 ab
2081 3445 2269 3500 eodem
2301 3447 2426 3517 capi
2454 3447 2649 3516 possit,
2671 3456 2726 3503 et
2746 3465 3025 3520 nunquam
3049 3465 3079 3504 a
3105 3460 3359 3505 manente

1795 3535 1882 3590 ille
1905 3535 2340 3605 quidescendit,
2369 3538 2660 3602 dividitur;
2683 3539 2816 3594 dicit
2852 3543 2995 3597 enim
3014 3544 3308 3613 Apostolus
3341 3559 3353 3593 :

1794 3628 1898 3694 Qui
1926 3630 2064 3683 enim
2122 3629 2377 3695 ascendit,
2410 3631 2548 3684 idem
2573 3641 2649 3686 est
2679 3634 2769 3702 qui
2801 3632 3065 3689 descendit
3089 3639 3134 3691 ε.
3165 3635 3358 3707 ιωεεὶ-

1793 3737 1915 3776 nem
1939 3733 2116 3778 autem
2152 3721 2425 3796 linigeniti
2457 3723 2807 3797 Demiurgum
2840 3727 3353 3798 nominantzproin-

1792 3813 1860 3868 de
1897 3814 2085 3871 eadem
2129 3826 2258 3872 sunt
2303 3817 2556 3888 imaginis
2603 3834 2789 3889 opera.
2830 3819 2968 3874 Hinc
3013 3827 3068 3874 et
3097 3818 3358 3876 Dominus

1791 3907 2208 3962 resurrectionis
2259 3909 2523 3978 spiritalis
2563 3909 2853 3980 imaginem
2885 3911 3181 3966 conﬁciens
3212 3925 3359 3965 mor—

1794 4005 1916 4052 tuos
1953 4013 2090 4067 quos
2133 4000 2436 4064 suscitavit,
2470 4015 2579 4054 non
2613 4015 2777 4054 carne
2815 4015 2845 4053 a
2875 4000 3226 4070 corruptione
3251 4002 3357 4054 im-

1792 4088 1944 4142 muni
1977 4087 2280 4154 suscitavit,
2299 4090 2392 4145 sed
2413 4090 2570 4162 quasi
2603 4090 2696 4162 qui
2731 4090 2927 4146 iterum
2961 4099 3193 4145 mortem
3226 4089 3357 4146 sub-

1793 4181 1955 4235 irent.
3269 4203 3272 4206 -

1865 4269 1996 4326 Vill.
2023 4270 2134 4328 Nos
2168 4279 2345 4327 autem
2387 4271 2555 4328 Deum
2590 4271 2828 4344 Verbum
2873 4289 2972 4343 per
3014 4272 3355 4327 identitatem

1790 4364 1844 4418 in
1875 4362 1986 4418 Deo
2029 4379 2152 4419 esse
2199 4365 2519 4429 asserimus,
2545 4365 2644 4435 qui
2675 4372 2730 4420 et
2775 4363 2830 4418 in
2863 4365 2988 4420 sinu
3016 4363 3196 4420 Patris
3231 4378 3358 4419 esse

1789 4457 2017 4522 dicitur,
2041 4457 2134 4527 qui
2165 4471 2264 4512 nec
2287 4457 2525 4528 separari
2548 4459 2630 4513 vel
2661 4457 2828 4512 dividi
2855 4459 3044 4528 possit,
3086 4457 3180 4512 sed
3212 4471 3355 4511 unus

133 4514 361 4587 έῖνένετο,
393 4532 534 4584 κατὰ
581 4533 680 4604 τὴν
708 4539 942 4608 προσεχῆ
973 4540 1246 4612 ἐνέργειαν
1273 4540 1365 4594 τοῦ
1412 4543 1468 4594 ὲν
1495 4539 1686 4594 ταύτό-

1798 4557 1871 4604 est
1902 4514 2075 4604 Deus:
2103 4547 2295 4604 Omnia
2315 4514 2404 4618 per
2435 4550 2603 4618 ipsum
2641 4549 2784 4619 facta
2820 4559 2942 4604 sunt
2966 4551 3018 4614 ιι,
3058 4564 3156 4619 per
3181 4545 3354 4601 virtu-

129 4623 232 4706 τιΞτι
257 4615 450 4684 Λόγου,
468 4620 538 4672 τά
561 4638 623 4674 τε
646 4630 984 4696 πνευματικὰ
1004 4634 1097 4685 καὶ
1119 4634 1280 4705 νοητά
1308 4635 1401 4687 καὶ
1431 4635 1679 4706 αἰσθητά.

130 4695 400 4802 ἐὸν
423 4713 663 4766 κόλπον
693 4695 799 4770 τοῦ
817 4723 1044 4790 Πατρός
1061 4695 1293 4796 ἐξηῖζήσ
1293 4746 1397 4782 ατο
1416 4731 1444 4782 6
1473 4695 1620 4802 Σωέή
1631 4747 1681 4800 ρ.

128 4791 219 4848 Καὶ
252 4795 498 4866 Ἡσαΐας·
531 4806 643 4859 Καὶ
672 4809 1070 4870 ἀνταποδώσω
1372 4821 1568 4876 αὐτῶν

189 5023 242 5103 τις
280 5021 338 5078 ρ.
384 5025 495 5103 9.59
519 5027 630 5083 ED.
660 5027 953 5103 nomen.
991 5049 1018 5078 ει
1053 5035 1256 5101 ιοεηω,
1293 5042 1344 5098 1.
1422 5043 1448 5081 ι»
1490 5041 1620 5100 Ibid.
1650 5045 1735 5103 l8.

131 5079 262 5144 ‘Col.
300 5107 354 5158 ι,
390 5079 484 5151 15.
525 5079 560 5081 ἡ
603 5079 629 5140 έ
662 5079 1380 5171 _E;)l_l.-l:’:"10.vvui’"3021;).
1417 5079 1464 5178 ἶ,

185 5209 287 5300 (δῖ)
333 5215 388 5300 :0
413 5219 764 5300 μονογενὴς
788 5226 950 5300 Θεόςᾼ.
981 5226 1154 5284 Etiam
1189 5229 1310 5300 Syr.
1356 5233 1508 5297 Θεός,
1551 5235 1682 5291 reli-

187 5249 287 5290 (υ.)
344 5249 386 5267 υ
413 5249 760 5288 ltuit/reri";
788 5249 950 5292 σίκυς.
982 5249 1154 5284 Luam
1189 5249 1226 5285 δ
1250 5249 1310 5287 Τ.
1356 5249 1508 5297 σεος,
1551 5249 1679 5291 rell-

246 5281 386 5373 itirte
414 5290 646 5373 Διιιεειυίιιε
672 5291 817 5373 Υἱός,
850 5298 1161 5373 unigenitus
1206 5249 1394 5358 lgibus.
1424 5321 1543 5373 quae
1575 5323 1679 5361 vox

129 5362 219 5430 non
249 5359 377 5430 sinit
413 5359 568 5430 trahi
596 5360 853 5418 deitatem
891 5359 1052 5423 verbi
1083 5371 1150 5424 ad
1179 5359 1678 5430 Valentini'anoruin

127 5426 441 5516 fariis—lixa,
464 5429 570 5516 sed
603 5440 661 5516 ut
688 5449 814 5516 vere
844 5434 1018 5493 Filius
1041 5426 1680 5516 Deusqueﬁintelligatur,

129 5495 484 5585 tegulaeque
514 5501 856 5585 mimae
891 5525 996 5578 qua
1046 5495 1684 5585 μηυέ·ίιῑεέιὶξίίέὲῑιῖῑιλέ

130 5557 532 5651 humanm-tenet
579 5587 782 5642 carne,
807 5557 946 5632 idei'n
983 5557 1376 5651 priniogeiiitus
1405 5557 1685 5640 et'll‘alrcs

129 5627 329 5725 Eliens,
363 5640 577 5709 quibus
601 5657 728 5698 vere
741 5627 1526 5725 femini;EiéEiTliéiiﬁﬁaI'ei'

308 5699 556 5796 A—qu'zeque
603 5717 950 5796 nominares
982 5729 1036 5775 et
1077 5699 1678 5796 Λζῶνεςῗεοιίξεῖιίξιυὶίί

132 5770 420 5864 (Effectum
443 5770 718 5864 Fereque
742 5770 1014 5846 exsisteus
1041 5770 1424 5864 accipiuntur:
1439 5770 1677 5852 Vale'uti-

130 5856 387 5904 manorum
424 5851 648 5907 deliria’.
679 5852 913 5912 Couser.

1788 4647 1896 4696 tem
1920 4640 2284 4696 immediatam
2316 4639 2501 4706 Verbi,
2533 4641 2750 4712 quodin
2777 4641 3060 4696 identitate
3083 4649 3188 4704 est,
3227 4653 3353 4692 cum

1789 4731 2074 4803 spiritalia,
2126 4745 2241 4787 tum
2297 4733 2676 4805 intelligibilia,
2735 4741 2788 4790 et
2827 4749 2948 4805 quae
2977 4748 3141 4788 sensu
3179 4731 3356 4801 perci-

1790 4825 2033 4895 piuntur.
2067 4823 2166 4881 Hic
2193 4823 2441 4882 Salvator
2478 4825 2662 4882 Patris
2703 4828 2878 4882 sinum
2922 4825 3166 4897 patefecit
3195 4825 3239 4878 ί.
3287 4819 3355 4874 Ει

1815 5060 1837 5138 ξ
1880 5048 2014 5138 ibid.
2050 5051 2104 5106 ιλ.
2159 5051 2207 5138 ,ἀ
2240 5049 2396 5107 Joan.
2430 5067 2504 5120 ιι,
2531 5050 2630 5120 25;
2663 5066 2773 5117 xrv,
2805 5049 2859 5105 6.
2941 5059 2965 5089 ο
3001 5047 3160 5103 Joan.
3189 5048 3226 5107 ι,
3264 5043 3346 5098 Η.

1665 5119 1679 5158 ί
1727 5118 1860 5175 Ibid.
1902 5122 1988 5176 18.

1852 5239 1966 5381 (58;
2000 5243 2243 5310 Μηνύει.
2281 5241 2372 5298 Sc.
2401 5241 2640 5300 Joannes
2671 5241 2973 5368 apostolus.
3003 5238 3248 5295 Summe
3337 5305 3349 5317 .

1853 5311 1943 5381 (59
2025 5314 2124 5366 Ἐν
2171 5313 2238 5367 δὲ
2283 5313 2653 5381 Πληρώματι.
2743 5330 2810 5368 ox
2843 5320 2927 5368 est
2957 5326 3063 5381 qua
3094 5309 3234 5363 male
3265 5321 3349 5361 us:

1853 5309 1992 5392 (_59)_
2171 5313 2238 5367 δὲ
2283 5313 2653 5392 Πληρώματιε
2696 5309 2810 5368 Vox
2843 5320 2927 5368 est
2957 5326 3063 5392 qua
3094 5309 3234 5392 male
3265 5309 3352 5392 usi

1784 5381 2277 5462 Valentinianipro
2309 5381 2473 5462 scena
2498 5381 2742 5462 quadam
2771 5393 2824 5462 et
2851 5381 3154 5462 capaci-tate
3187 5391 3352 5462 supra

1785 5452 2090 5525 (:(elos,_uti
2125 5449 2204 5510 sic
2242 5455 2378 5510 satis
2433 5449 2740 5525 explicant,
2783 5449 2994 5525 inquo
3025 5449 3352 5525 Unigenitus

1788 5538 1884 5595 pro
1908 5523 2019 5595 loci,
2042 5525 2402 5581 immensitate
2449 5522 2699 5595 magnus.
2731 5524 2820 5578 hic
2851 5523 2905 5577 in
2938 5522 3099 5578 terris
3128 5533 3348 5595 pargus.

1790 5586 1880 5671 Sic
1902 5592 2076 5671 _dcliri
2106 5595 2356 5671 homines
2381 5586 2623 5671 nihilq'ue
2654 5586 2835 5671 minus
2863 5609 3036 5671 quam
3059 5586 3184 5646 vere
3219 5586 3355 5671 6:th-

1791 5665 1932 5740 διίςί,
1965 5661 1998 5740 i.
2025 5679 2074 5718 e.
2111 5666 2404 5740 sapientes
2423 5659 2816 5740 excellentique
2845 5659 3075 5720 scientia
3116 5659 3350 5740 praediti,

1790 5733 2086 5806 sedplane
2134 5731 2580 5806 insipientissimi
2617 5731 2902 5806 bardique,
2947 5748 3049 5790 nec
3086 5731 3245 5787 aliter
3269 5731 3353 5788 eis

1789 5803 2094 5861 intellectus
2129 5803 2281 5860 sinus
2321 5805 2517 5861 Patris.
2555 5803 2806 5861 Consus;
3339 5830 3343 5836 ·
