3840 6522
81 379 151 433 673

731 369 956 428 DUBIA.
1000 400 1067 412 -—
1098 366 1466 426 EXCERPTA
1503 366 1595 423 EX
1636 362 1950 423 SCRIPTIS
1987 363 2355 436 THEOBO'",
2397 365 2548 423 ETC.

3127 369 3233 424 674

80 494 295 569 μιάματος,
313 487 472 561 παρὰ
493 486 625 552 τοὺς
642 485 984 559 λειτουργοὺς
1013 480 1121 539 τῶν
1148 484 1564 558 ἀναφερομένων

1684 482 1876 539 ,ionum
1919 495 2041 554 quae
2075 480 2272 539 oblata:
2314 480 2517 538 fuerint
2559 481 2858 540 ministros.
2904 480 3062 540 Nuda
3101 498 3232 541 vero

76 582 194 657 ιῠχῶν
217 577 487 649 ἀγγέλους.
532 575 720 650 Γυμνὴ
744 576 799 630 δὲ
825 577 860 649 η
891 575 1066 648 ψυχὴ,
1113 578 1171 630 ἐν
1202 575 1425 647 δυνάμει
1465 574 1560 630 τοῦ

78 674 291 738 συνειδότος
314 666 426 726 οἷον
454 670 622 743 σῶμα
648 671 744 742 τῆς
772 670 1051 742 δυνάμεως
1075 669 1360 741 γενομένη,
1397 685 1563 741 μετα-

75 770 191 825 σαίνει
224 765 313 838 (88)
358 766 445 828 εἰς
485 762 559 818 τὰ
592 761 928 834 πνευματικὰ
951 803 965 827 ,
1007 762 1194 833 λογικὴ
1221 760 1298 832 τῷ
1328 761 1442 815 δντι
1469 760 1565 815 καὶ

78 858 347 936 ἀρχιερατικὴ
380 857 678 930 γενομένη,
709 855 783 921 ὼς
811 855 877 910 ἂν
910 855 1148 927 ἔμψυχον
1183 857 1320 930 μένῃ
1339 896 1353 917 ν
1385 854 1461 920 ὡς
1489 857 1565 910 εἰ-

55 942 182 1018 (πεῖν,
208 951 292 1005 ὑπὸ
328 949 426 1004 τοῦ
461 949 642 1019 Λόγου
687 947 963 1020 προσεχῶς
1015 948 1116 1020 ἤδη
1143 989 1158 1010 ,
1215 947 1464 1021 καθάπερ
1515 950 1564 1002 οἱ

76 1042 315 1117 ἀρχάγγελοι
365 1041 481 1096 τῶν
514 1041 759 1111 ἀγγέλων
798 1043 1071 1113 ἀρχιερεῖς
1112 1042 1391 1113 γενόμενοι
1407 1082 1422 1106 ,
1473 1040 1567 1096 καὶ

72 1137 211 1191 τούτων
244 1134 395 1188 πάλιν
444 1136 496 1188 oi
541 1134 955 1205 πρωτόκτιστοι.
991 1133 1101 1188 Ποῦ
1132 1133 1189 1187 δὲ
1231 1132 1310 1188 ἔτι
1343 1134 1567 1205 Γραφῆς

73 1230 133 1282 καὶ
156 1227 406 1300 μαθήσεως
428 1227 768 1300 κατόρθωμα
787 1229 852 1298 τῇ
875 1225 1017 1298 ψυχῇ
1050 1227 1229 1299 ἐκείνῃ
1257 1230 1324 1299 τῇ
1353 1226 1569 1300 καθαρᾷ

71 1321 297 1392 γενομένῃ,
325 1321 465 1374 ὅπου
499 1319 599 1373 καὶ
642 1318 884 1386 ἀξιοῦται
918 1319 1206 1390 πρόσωπον
1239 1319 1374 1391 πρὸς
1404 1320 1571 1393 πρόσ-

72 1431 169 1468 ωπον
192 1412 300 1467 Θεὸν
341 1413 520 1487 όρᾷνς
561 1412 673 1485 Τὴν
717 1411 845 1482 γοῦν
889 1411 1184 1485 ἀγγελικὴν
1223 1411 1570 1468 διδασκαλίαν

69 1505 276 1576 ὑπερόἆσα
300 1504 395 1560 καὶ
434 1504 503 1559 τὸ
530 1504 703 1577 ὄνομα
730 1505 789 1558 τό
825 1504 1206 1576 διδασκόμενον
1237 1506 1528 1580 ἐγγράφως
1550 1545 1566 1571 ,

72 1598 130 1649 ἐπὶ
150 1597 224 1669 τὴν
246 1595 440 1666 γνῶσιν
474 1595 574 1650 καὶ
599 1594 900 1667 κατάληψιν
927 1595 1036 1650 τῶν
1062 1595 1400 1669 πραγμάτων
1425 1595 1571 1667 ἔρχε-

70 1711 155 1760 ται,
179 1695 261 1748 οὐκ
290 1692 365 1746 ἔτι
400 1690 601 1763 νύμφη
626 1732 641 1756 ,
693 1690 804 1745 ἀλλ’
832 1690 930 1763 ἤδη
959 1690 1130 1760 Λόγος
1169 1689 1432 1762 γενομένη
1476 1690 1570 1744 καὶ

71 1787 173 1859 παρὰ
192 1785 257 1858 τῷ
286 1785 506 1857 νυμφίῳ
546 1782 830 1838 καταλύων
861 1783 998 1855 μετὰ
1026 1784 1133 1839 τῶν
1176 1784 1569 1857 πρωτοκλήτων

67 1843 578 1950 καὶιπρωτοκτίστων,
609 1876 777 1946 φίλων
812 1843 908 1948 μέν
938 1876 1005 1930 δι’
1048 1843 1301 1949 ἀγάπην,
1335 1843 1466 1930 υἱῶν
1511 1875 1569 1930 δὲ
1602 1843 1643 1902 Β

67 1972 124 2024 διὰ
145 1973 220 2043 τὴν
246 1970 597 2026 διδασκαλίαν
625 1969 719 2025 καὶ
752 1969 1013 2042 ὑπακοὴν,
1044 1969 1287 2037 ἀδελφῶν
1311 1969 1367 2023 δὲ
1396 1968 1484 2023 διὰ
1511 1970 1570 2023 τὸ

66 2062 132 2132 τῆς
149 2064 376 2131 γενέσεως
405 2062 618 2116 κοινόν.
638 2062 794 2115 Ὥστε
823 2061 883 2115 τὸ
912 2062 1008 2133 μὲν
1031 2063 1131 2133 τῆς
1151 2060 1457 2132 οἰκονομίας
1479 2056 1568 2133 ἦν,

63 2154 307 2208 τὸτέταλον
348 2153 726 2229 παρακεῖσθαι
770 2154 862 2209 καὶ
896 2154 1184 2226 μανθάνειν
1223 2155 1305 2219 είς
1334 2152 1567 2222 γνῶσιν·

64 2243 103 2295 τὸ
124 2245 166 2298 δὲ
186 2245 447 2318 δυνάμεως
470 2287 487 2309 ,
519 2246 588 2298 τὸ
620 2244 875 2317 θεοφόρον
900 2246 1141 2316 γίνεσθαι
1166 2249 1258 2302 τὸν
1286 2248 1573 2321 ἄνθρωπον

65 2337 275 2407 speciali);
295 2341 377 2392 ὲνε
385 2336 519 2411 ργού
529 2353 693 2407 μενον
716 2337 821 2392 ὑπὸ
840 2337 932 2392 τοῦ
959 2339 1184 2411 Κυρίου,
1208 2338 1303 2394 καὶ
1322 2339 1574 2413 καθάπερ

67 2426 174 2497 θῶμα
194 2429 342 2483 αὐτοῦ
374 2432 692 2503 γινόμενον.

109 2517 210 2575 ιε’.
235 2521 320 2587 Τὸ,
357 2522 509 2590 Θεὸς
542 2520 870 2589 ἀποδιδοὺς
893 2521 991 2576 ἐπὶ
1019 2520 1225 2590 τρίτην
1249 2519 1348 2575 καὶ
1372 2519 1574 2591 τετάρ-

64 2622 139 2677 την
158 2613 341 2683 γενεὰν
364 2615 494 2683 τοῖς
536 2614 854 2671 ἀπειθοῦσι
872 2655 888 2679 ,
924 2614 1086 2684 φασιν
1116 2613 1167 2667 οι
1197 2612 1303 2685 ἀπὸ
1332 2612 1575 2667 Βασιλεί-

59 2702 121 2755 ica
139 2707 256 2761 κατὰ
273 2706 365 2772 τὰς
394 2707 824 2778 ένσωματώσεις
845 2722 860 2737 ο
886 2708 934 2761 οἱ
966 2706 1023 2759 δὲ
1054 2703 1162 2758 ἀπὸ
1189 2703 1571 2772 Οὐαλεντίνου,

62 2795 148 2858 τθῦς
173 2800 301 2869 τρεῖς
342 2800 584 2863 τόπους,
618 2797 909 2871 δηλοῦσθαι
943 2798 1073 2861 τοὺς
1102 2794 1425 2868 άριστερούς
1445 2812 1461 2827 ο
1487 2811 1575 2849 τε·

58 2884 205 2957 τάςίτην
238 2889 291 2943 δὲ
322 2891 556 2959 γενεὰν,
604 2889 676 2943 τὰ
706 2890 991 2962 σπέρματα
1019 2887 1217 2944 αὐτῶν.
1254 2889 1467 2943 Ἔλεον
1508 2886 1577 2943 δὲ

60 2976 193 3031 κριῶν
214 2983 289 3046 εις
316 2982 607 3051 χιλιάδας
626 3022 641 3047 ,
672 2982 763 3036 ἐπὶ
788 2981 859 3035 τὰ
882 2980 1050 3047 δεξιά.

102 3069 199 3124 Κθ.
232 3072 292 3126 Ἡ
316 3074 476 3148 Σιγὴ,
502 3074 664 3145 φασὶ,
693 3075 874 3147 μήτηρ
900 3070 1033 3128 οὖσα
1062 3073 1279 3130 πάντων
1303 3072 1412 3128 τῶν
1442 3089 1577 3147 προ-

57 3154 293 3229 ϐληθέντων
324 3163 435 3218 ὑπὸ
464 3164 568 3218 τοῦ
601 3164 827 3230 Βάθους,
857 3166 886 3219 ὃ
921 3165 1019 3237 μὲν
1054 3166 1154 3220 οὐκ
1188 3165 1344 3237 ἔσχεν
1374 3166 1569 3232 εἰπεῖν,
1600 3187 1643 3248 c

53 3248 142 3316 περὶ
162 3248 241 3303 τοῦ
278 3251 554 3326 ’Δρῤήτου
589 3252 878 3327 σεσίγηκεν
896 3271 911 3286 ’
941 3255 969 3309 ὃ
993 3256 1050 3310 δὲ
1081 3253 1343 3310 κατέλαϐε
1362 3295 1378 3322 ,
1412 3255 1572 3310 τοῦτο

54 3336 366 3414 ἀκατάληπτον
396 3345 872 3418 προσηγόρευσεν.

98 3506 157 3557 Δ’.
183 3506 303 3590 Εἶτα
329 3513 700 3586 ἐκλαθόμενοι
732 3516 829 3588 τῆς
860 3515 1016 3590 δόξης
1046 3516 1140 3572 τοῦ
1181 3517 1315 3572 Θεοῦ
1336 3558 1351 3585 ,
1383 3518 1577 3574 παθεῖν

53 3594 169 3652 εὖτ-’ὸν
202 3589 445 3672 λέγουσιν
490 3606 699 3670 ἀθέως,
735 3608 801 3660 Ὃ
839 3607 949 3681 γὰρ
974 3589 1359 3682 νσυνεπάθησεν
1403 3608 1514 3682 (89)
1548 3611 1578 3665 ό

52 3684 209 3763 Πατὴρ,
239 3697 463 3769 στερεὸς
491 3695 575 3751 ὣν
603 3699 672 3769 τῇ
699 3698 876 3769 φύσει,
912 3700 1073 3771 φησιν
1102 3700 1133 3754 ό
1160 3699 1412 3767 Θεόδοτος
1445 3700 1575 3774 (90),

52 3779 116 3831 nl
151 3783 441 3855 ἁνένδοτος,
494 3789 785 3861 ἐνδόσιμον
816 3791 1005 3846 ἑαυτὸν
1041 3791 1370 3867 παρασχὼν,
1413 3794 1499 3849 ἵνα
1542 3796 1577 3866 ὴ

51 3868 149 3945 Σιγὴ
188 3877 336 3934 τοῦτο
380 3882 503 3955 (91)
562 3881 852 3956 καταλάϐῃ
875 3922 890 3946 ,
936 3883 1108 3949 πάθος
1157 3885 1334 3939 ἐστίν’
1389 3888 1424 3958 ή
1467 3885 1579 3959 γὰρ

54 3967 302 4034 mammam
336 3973 522 4037 πάθος
576 3973 724 4036 τινὸς
763 3974 849 4029 διὰ
880 3974 1052 4040 πάθος
1093 3976 1312 4050 έτέρου’
1356 3977 1444 4031 ναὶ
1476 3977 1581 4050 μὴν

49 4059 115 4111 καὶ
135 4063 212 4117 τοῦ
241 4066 455 4132 πάθους
483 4067 786 4139 γενομένου
808 4107 824 4133 ,
849 4069 910 4123 τὸ
939 4068 1059 4125 ὅλον
1092 4070 1453 4142 συνεπάθησε,
1488 4071 1584 4125 καὶ

51 4148 195 4218 αὐτοὺς
215 4158 289 4222 είς
312 4158 617 4232 διόρθωσιν
643 4157 738 4212 τοῦ
771 4160 1033 4225 παθόντος
1063 4161 1295 4232 ἤγαγεν.

94 4324 193 4381 AA'.
236 4330 397 4388 Ἀλλὰ
439 4334 547 4388 καὶ
580 4332 632 4385 εί
665 4331 695 4384 ό
726 4333 999 4388 κατελθὼν
1046 4335 1276 4389 Εῦδοκία
1323 4335 1417 4391 τοῦ
1462 4335 1584 4390 ὅλου

44 4406 108 4483 ἦν’
135 4419 201 4489 (ἐν
225 4425 370 4498 αὐτῷ
400 4427 523 4499 γὰρ
555 4428 668 4480 πᾶν
706 4426 768 4479 τὸ
790 4426 1070 4500 Πλήρωμα
1093 4424 1161 4501 ἦν
1184 4429 1527 4499 σωματικῶς

1663 572 1845 627 anima
1862 572 1919 627 in
1938 571 2184 644 potentia
2200 571 2552 628 conscientiae
2579 572 2720 627 sicut
2748 587 2949 643 corpus
2973 575 3233 643 potentia;

1663 664 1871 732 eli‘ecta,
1890 666 1957 722 ad
1978 665 2250 737 spiritalia
2282 664 2503 729 transit,
2522 664 2809 720 rationalis
2833 666 2999 720 verbo
3020 673 3074 721 et
3096 681 3232 736 pon-

1664 756 1831 813 tificia
1874 756 2139 825 evadens,
2171 766 2233 813 ut
2261 756 2375 828 jam
2399 772 2431 811 a
2461 754 2644 812 Verbo
2691 756 3034 823 immediate,
3069 766 3127 813 ut
3156 759 3231 812 ita

1665 848 1877 919 loquar,
1895 848 2133 902 animata
2154 855 2388 912 maneat,
2409 846 2552 903 sicut
2577 847 2889 917 archangeli
2916 850 3232 918 angelorum

1666 938 1951 1009 pontiﬁces
1972 938 2100 993 facti
2119 950 2173 994 et
2194 939 2389 995 horum
2416 937 2667 993 similiter
2691 938 2783 1008 qui
2809 941 3041 1009 primum
3063 939 3234 995 creati

1669 1029 1931 1086 sunt.Ubi
1965 1044 2094 1086 vero
2127 1030 2305 1086 adhuc
2340 1029 2640 1100 Scriptura:
2669 1045 2734 1084 ac
2777 1029 3082 1097 disciplina:
3116 1028 3233 1083 olli-

1668 1124 1810 1179 cium
1846 1125 2038 1179 animae
2069 1124 2146 1178 illi
2182 1139 2302 1195 quae
2326 1139 2462 1195 pura
2496 1124 2605 1188 sit,
2639 1122 2861 1194 quando
2905 1122 3069 1177 etiam
3101 1122 3238 1176 facie

1669 1215 1738 1270 ad
1758 1215 1950 1272 faciem
1977 1216 2141 1271 Deum
2166 1218 2350 1272 videre
2381 1216 2658 1273 meretur?
2678 1214 2915 1272 Proinde
2937 1214 3239 1284 angelicam

1668 1307 1970 1363 doctrinam
2008 1323 2275 1378 superans
2306 1323 2614 1380 nomenque
2660 1307 2791 1363 illud
2837 1307 2984 1379 quod
3035 1307 3243 1378 scripto

1669 1400 1935 1466 docetur,
1994 1400 2063 1455 ad
2117 1400 2483 1472 cognitionem
2519 1411 2584 1456 et
2642 1416 2824 1457 rerum
2880 1404 3242 1473 comprehen-

1671 1494 1878 1550 sionem
1909 1493 2092 1559 venit,
2136 1510 2246 1549 non
2289 1494 2525 1565 amplius
2575 1509 2777 1565 sponsa
2822 1495 2917 1551 sed
2950 1496 3064 1565 jam
3104 1494 3243 1551 Ver-

1670 1585 1797 1640 bum
1837 1584 2002 1650 facta,
2042 1594 2095 1641 et
2140 1585 2282 1656 apud
2327 1601 2590 1657 sponsum
2627 1602 2877 1654 manens,
2905 1603 3029 1643 cum
3066 1588 3244 1659 primo

1669 1679 1877 1735 vocatis
1904 1679 2230 1750 creatisque,
2257 1680 2448 1735 amicis
2478 1679 2701 1750 quidem
2730 1681 2800 1735 ob
2830 1696 3092 1744 amorem,
3117 1680 3244 1736 filiis

1670 1786 1802 1827 vero
1824 1771 1894 1826 ob
1915 1770 2221 1828 doctrinam
2246 1780 2301 1827 et
2333 1772 2723 1837 obedientiam,
2762 1771 3028 1828 fratribus
3060 1778 3258 1827 autem.

1670 1872 1892 1936 propter
1916 1871 2070 1922 ortus
2102 1867 2563 1920 communionem.
2608 1864 2790 1932 Quare
2834 1864 2965 1921 illud
3020 1865 3243 1936 quidem

1672 1956 2100 2028 dispensationis
2130 1965 2277 2022 erat,
2306 1958 2563 2013 laminam
2592 1959 2799 2014 scilicet
2834 1966 3046 2030 gestare
3078 1972 3144 2013 ac
3175 1957 3245 2013 ad

1671 2048 1955 2103 scientiam
1980 2048 2230 2105 discere:
2254 2048 2386 2104 illud
2419 2058 2601 2104 autem
2629 2052 2881 2120 potentiae
2904 2052 3047 2121 quod
3080 2051 3245 2107 homo
3364 2082 3367 2087 -

1671 2139 1842 2197 Deum
1877 2148 2101 2213 portans
2134 2143 2442 2199 immediate
2472 2144 2540 2199 ab
2571 2143 2749 2199 alllatu
2781 2143 2996 2200 Domini
3028 2145 3149 2211 liat,
3180 2160 3246 2200 ac
3336 2141 3351 2150 “

1670 2232 1832 2304 quasi
1861 2233 1983 2304 ejus
2015 2245 2219 2304 corpus
2247 2232 2435 2289 fuerit.

1742 2497 1982 2557 XXVIII.
2014 2497 2219 2570 Nempe
2251 2498 2385 2555 illud
2412 2515 2427 2552 :
2455 2498 2597 2555 Deus
2622 2498 2842 2556 reddens
2870 2502 2926 2555 in
2963 2502 3174 2557 tertiam
3198 2511 3251 2558 et
3310 2478 3315 2491 ’
3346 2486 3353 2491 ’

1672 2597 1921 2663 quartam
1942 2590 2329 2661 generationem
2358 2590 2711 2656 increduli“,
2733 2590 3050 2647 Basilidiani
3080 2594 3251 2649 inter-

1674 2690 1961 2753 pretantur
1991 2681 2058 2738 de
2086 2697 2376 2753 corporum
2412 2698 2663 2749 carcere;
2698 2681 3065 2745 Valentiniani
3121 2702 3253 2743 vero

1674 2774 1795 2830 loca
1827 2775 1931 2830 tria
1957 2775 2183 2831 sinistra
2234 2774 2534 2846 significari
2579 2778 2949 2842 contendunt,
2997 2789 3250 2848 quartam

1675 2877 1855 2923 autem
1886 2869 2321 2939 generationem,
2356 2881 2547 2921 eorum
2596 2868 2826 2923 semina.
2873 2866 3102 2925 Faciem
3133 2888 3253 2925 vero

1675 2957 2093 3013 misericordiam
2112 2959 2176 3013 in
2207 2959 2384 3024 mille;
2415 2959 2482 3015 de
2515 2959 2582 3015 iis
2609 2959 2701 3031 qui
2730 2960 2799 3015 ad
2828 2960 3076 3017 dextram
3101 2974 3251 3023 sunt.

1743 3046 1937 3105 XXIX.
1981 3048 2137 3123 Sige,
2171 3050 2390 3114 dicunt,
2431 3065 2531 3106 seu
2563 3048 2889 3121 Silentium,
2924 3069 3046 3124 qua:
3075 3064 3254 3112 mater

1676 3142 1748 3199 sit
1773 3141 2019 3199 omnium
2050 3157 2171 3213 quae
2191 3157 2221 3196 a
2246 3141 2454 3213 Bytho,
2486 3158 2585 3199 seu
2609 3143 2900 3214 profundo,
2931 3144 3072 3201 facta
3099 3158 3253 3215 sunt,

1676 3234 1825 3306 quod
1860 3234 1930 3291 de
1956 3232 2191 3290 Arrheto
2212 3274 2227 3298 ,
2274 3249 2369 3290 seu
2401 3233 2689 3300 ineffabili,
2726 3236 2875 3307 loqui
2909 3254 3015 3293 non
3053 3241 3253 3309 potuit,

1677 3328 1884 3396 tacuit;
1908 3328 2057 3400 quod
2086 3343 2214 3383 vero
2244 3328 2678 3400 comprehendit,
2704 3328 2810 3385 hoc
2836 3329 3257 3402 incomprehen-

1677 3437 1799 3478 sum
1829 3421 2065 3477 vocavit.

1747 3511 1918 3569 XXX.
1959 3510 2191 3585 insuper
2219 3512 2407 3585 gloria
2437 3512 2637 3569 divinae
2658 3513 3004 3571 immemores
3027 3557 3043 3583 ,
3083 3513 3256 3571 Deum

1678 3607 1791 3679 pati
1816 3605 1981 3677 impie
2009 3606 2371 3662 contendunt.
2397 3604 2555 3673 Quod
2579 3606 2723 3661 enim
2750 3604 2916 3662 Pater
2935 3621 3261 3678 eompassus

1679 3709 1786 3767 est,
1810 3699 1989 3772 inquit
2018 3698 2355 3765 Theodotus,
2379 3700 2473 3770 qui
2504 3707 2702 3755 natura
2732 3714 2833 3755 sua
2866 3700 3057 3756 firmus
3088 3701 3182 3765 sit,
3205 3708 3262 3757 et

1681 3792 1738 3848 in
1769 3808 1880 3865 quo
1905 3799 1965 3858 >14
1992 3794 2146 3849 nulla
2174 3795 2249 3849 sit
2275 3793 2530 3850 remissio
2552 3834 2568 3858 ,
2601 3794 2898 3866 gratuitum
2935 3793 3263 3865 facilemque

1681 3884 2036 3955 semetipsum
2054 3884 2335 3960 praebens,
2362 3884 2439 3939 uti
2462 3884 2566 3939 hoc
2589 3883 2717 3956 Sige
2746 3885 3260 3955 comprehenderet,

1681 3971 1869 4042 passio
1898 3979 2000 4027 est.
2028 3971 2352 4044 Compassio
2375 3974 2519 4030 enim
2544 3975 2833 4045 cujusdam
2869 3977 3054 4045 passio
3083 3983 3169 4031 est
3190 3978 3263 4031 ob

1684 4062 1910 4119 alterius
1941 4065 2256 4134 passionem
2284 4067 2448 4136 :quin
2478 4074 2532 4122 et
2555 4082 2679 4121 cum
2716 4069 2899 4138 passio
2928 4067 3114 4132 fuerit,
3138 4068 3264 4121 uni-

1682 4171 1903 4213 versum
1935 4172 2153 4227 quoque
2198 4158 2454 4227 passione
2484 4158 2737 4215 ali‘ectum
2772 4166 2887 4224 est,
2916 4165 2993 4215 -ει
3040 4159 3145 4230 ipsi
3193 4158 3264 4214 ad

1683 4248 2116 4304 emendationem
2148 4249 2296 4306 illius
2319 4250 2413 4320 qui
2436 4264 2635 4320 passus
2663 4257 2768 4315 est,
2795 4249 3013 4305 adducti
3038 4256 3188 4305 sunt.

1753 4337 1947 4395 XXXI.
1985 4338 2093 4396 Sed
2118 4343 2369 4412 quamvis
2409 4341 2500 4397 ille
2543 4342 2637 4413 qui
2672 4342 2978 4407 descendit,
3014 4341 3263 4397 Eudocia

1685 4446 1779 4488 seu
1807 4432 2074 4490 Voluntas
2106 4435 2343 4491 universi
2365 4433 2469 4490 fuit
2498 4436 2576 4504 (in
2607 4435 2730 4505 ipso
2764 4437 2911 4490 enim
2946 4435 3128 4491 omnis
3147 4434 3268 4490 Ple-

45 4505 171 4619 ἕπαθε
194 4513 248 4569 δὲ
272 4512 453 4583 οὗτος,
489 4518 741 4589 δηλονότι
786 4520 880 4607 καὶ
922 4522 991 4575 τὰ
1017 4524 1076 4576 ὲν
1103 4522 1253 4594 αὐτῷ
1296 4524 1579 4597 σπέρματα

1691 4525 1903 4585 ιιὶιιιάοι
1936 4527 2287 4596 corporaliter
2325 4526 2539 4582 exstitit
2571 4526 2662 4601 1i);
2697 4527 2787 4582 hic
2820 4542 3039 4599 quoque
3069 4543 3267 4598 passus

44 4603 281 4674 τινέταιθε,
307 4611 377 4664 δι’
413 4606 499 4668 ὧν
530 4612 596 4666 τὸ
624 4611 744 4666 ὅλον
777 4604 871 4667 καὶ
898 4614 960 4668 τὸ
1001 4617 1109 4671 πᾶν
1140 4617 1450 4688 εὑρίσκεται
1481 4620 1587 4674 πά-

45 4705 154 4761 σχον.
167 4699 315 4756 Ἀλλ-ἰ
338 4706 440 4758 καὶ
463 4704 561 4758 διὰ
581 4703 684 4774 τῆς
709 4704 803 4759 τοῦ
820 4705 1117 4761 δωδεκάτου
1135 4708 1337 4773 Δίῶνος
1354 4711 1588 4775 πείσεως

41 4784 185 4844 ﬁala
210 4796 610 4861 παιδευθέντα,
642 4796 719 4860 ὥς
751 4815 902 4868 φασι,
935 4801 1291 4874 συνεπάθησε.
1322 4802 1456 4857 Τότε
1482 4803 1591 4879 γὰρ

94 4948 141 5008 ’Β
174 4945 231 5007 Ρ.
268 4950 377 5009 967
417 4952 541 5009 ED.
583 4951 882 5011 POTTER.
923 4968 949 4995 ιι
992 4954 1149 5013 Deut.
1175 4973 1228 5025 ν,
1258 4956 1324 5026 9;
1351 4956 1512 5014 Num.
1549 4975 1663 5024 xxv,

92 5105 184 5179 (88)
218 5114 612 5169 Μεταὸαἰνει.
667 5111 985 5185 Lactantius
1029 5116 1125 5171 lib.
1171 5131 1284 5179 vn,
1334 5129 1456 5185 cap.
1504 5115 1584 5170 8:

42 5168 366 5257 Nate-sse‘esse
392 5168 402 5213 Ῐ
412 5186 478 5239 in
516 5191 727 5257 terram
749 5184 934 5257 resolvi
956 5168 980 5251 ,v
997 5254 1006 5257 Α
1021 5168 1159 5257 quod
1185 5168 1357 5241 est'in'
1380 5168 1587 5240 nomine

40 5248 370 5329 Ροξιέᾳοειιζη,
404 5264 462 5310 et
490 5253 857 5329 dissolubilea
869 5248 1006 5326 quod
1034 5248 1210 5329 autem
1253 5264 1401 5329 tenue
1432 5265 1586 5326 atque

41 5316 222 5395 tebtile,
253 5326 309 5378 id
338 5316 470 5382 aera
503 5341 626 5395 esse
661 5316 1006 5388 individzium,
1032 5343 1094 5381 ac
1120 5326 1386 5382 domicilio
1408 5316 1587 5391 corpo-

40 5393 96 5438 ηε
118 5393 236 5448 κιαι
256 5413 482 5452 carcere
508 5394 820 5461 liberatum,
850 5396 919 5449 ad
949 5397 1134 5451 calum
1157 5406 1207 5452 et
1239 5396 1308 5450 ad
1339 5407 1589 5451 naturam

42 5471 156 5512 mm
176 5467 477 5531 perpotare.
533 5464 670 5520 Haec
697 5466 802 5533 fere
835 5465 1076 5522 Platonis
1102 5468 1321 5523 collecta
1346 5467 1587 5535 breuiter,

40 5542 127 5608 qua
154 5536 286 5604 apud
314 5541 506 5607 ipsum
538 5535 650 5591 late
685 5536 983 5608 copioseque
1012 5537 1361 5607 explicantur.
1395 5537 1463 5593 In
1496 5556 1587 5594 ea—

153 5605 408 5681 sententja
460 5608 579 5677 fuit
606 5608 787 5681 ⁸ειὶιιηι
828 5605 1158 5681 Pythagoras
1190 5619 1346 5675 ante,
1376 5609 1588 5681 ejusque

39 5678 283 5747 Ρνεξςςιιιοι-
320 5675 695 5747 Pherecydes.
782 5738 785 5741 _

91 5739 286 5821 (δεῆῌό
320 5750 441 5820 γὰρ
478 5739 711 5821 virgea.
766 5739 1076 5821 Legendum
1122 5750 1336 5821 videtur
1374 5751 1434 5804 οὐ
1486 5751 1557 5821 γὰ

41 5816 413 5945 gamma:
446 5824 551 5873 aut
587 5817 615 5870 ὃ
643 5816 1025 5893 interrogative
1045 5820 1367 5892 capiendum
1392 5816 1590 5893 procl.

1691 4626 1795 4684 est,
1850 4618 2013 4675 sicuti
2044 4626 2098 4675 et
2130 4619 2250 4690 ipsa
2297 4619 2529 4685 semina,
2560 4635 2683 4690 qua:
2714 4620 2771 4674 in
2806 4619 2900 4675 illo
2928 4627 3077 4686 sunt,
3132 4636 3265 4691 pas—

1695 4710 1850 4768 sione
1870 4719 2009 4783 sunt
2030 4711 2244 4780 affecta,
2281 4727 2512 4785 quorum
2542 4712 2719 4784 gratia
2757 4719 2935 4769 totum
2967 4728 3183 4784 quoque
3211 4721 3268 4770 et

1699 4806 2014 4862 universum
2051 4808 2163 4877 pati
2197 4806 2495 4864 invenitur.
2533 4804 2641 4864 Sed
2675 4813 2731 4865 et
2759 4807 3021 4880 passione
3070 4806 3267 4864 dionis

1668 5004 1673 5011 .
1705 4960 1795 5016 18.
1874 4961 1903 5001 ι)
1943 4959 2067 5018 Col.
2099 4977 2178 5027 ιι,
2203 4960 2263 5018 9.

1767 5117 1880 5242 (ειη
1920 5118 2118 5201 «bno-ir
2180 5123 2213 5175 ὁ
2277 5118 2591 5202 Θεόδοτος,
2641 5131 2748 5178 etc.
2780 5159 2796 5187 ,
2851 5121 2909 5178 in
2966 5136 3083 5191 seq.
3134 5118 3269 5202 Esse

1767 5204 1840 5242 leo
1881 5198 2032 5242 otum
2063 5198 2207 5242 inter
2242 5188 2518 5242 Valentini
2555 5206 2842 5242 sequaces.
2868 5192 3078 5242 clarum
3100 5232 3117 5242 .
3149 5207 3267 5242 (ιιιι.

1689 5185 2032 5262 Theodotum
2063 5190 2207 5246 inter
2242 5188 2519 5246 Valentini
2537 5185 2843 5262 sequaces,
2868 5185 3117 5260 clarum,
3149 5190 3267 5261 qui,

1688 5260 1839 5334 velut
1875 5260 1991 5334 alii,
2017 5270 2224 5334 sectam
2253 5262 2465 5334 auxerit
2499 5260 2832 5334 acceptaque
2857 5262 3120 5334 dogmata
3140 5275 3266 5314 cum

1689 5330 2067 5402 aetatisplena:
2096 5331 2287 5402 majori
2332 5332 2609 5402 impietate
2634 5330 3025 5388 'cumulaverit.
3060 5332 3270 5387 Absur-

1690 5400 1990 5474 dusigitur
2020 5401 2371 5474 epitomatori
2395 5400 2567 5466 visus,
2604 5405 2795 5474 quiab
2824 5404 2918 5474 illo
2938 5411 3171 5474 notatur
3206 5406 3272 5474 ut

1690 5469 1892 5544 impius
1930 5485 1946 5523 :
1980 5478 2035 5525 et
2062 5469 2217 5527 'certe
2248 5472 2472 5538 impium
2504 5469 2651 5544 quod
2690 5472 2802 5531 Deo
2847 5472 3019 5538 πάθος
3042 5470 3268 5544 tribuit,

1688 5541 1839 5615 velut
1868 5554 2022 5615 more
2048 5550 2241 5598 nostro
2272 5541 2584 5600 miserando
2612 5545 2960 5615 perturbetur
2986 5543 3273 5615 labemque

1696 5611 1863 5687 ullam
1903 5612 2151 5687 incurrat
2193 5621 2290 5687 aut
2338 5614 2562 5681 vitium,
2610 5610 2759 5687 quod
2793 5614 3060 5672 utrumvis
3090 5610 3271 5685 (solet)

1696 5682 1929 5754 prodere
1963 5681 2154 5754 πάθος.
2186 5685 2425 5740 Counsr.
2568 5736 2573 5741 .
2627 5681 2644 5687 ’
2921 5696 2929 5705 ‘

1767 5752 1880 5824 (91)
1925 5752 2125 5808 Τοῦτο.
2167 5754 2359 5826 Aptius
2406 5757 2499 5810 καὶ
2545 5756 2696 5826 αὑτό,
2729 5770 2779 5813 et
2823 5769 2998 5827 ipsum
3032 5769 3052 5811 :
3082 5766 3276 5824 nempe

1729 5824 1758 5878 ὸ
1785 5822 1925 5878 ὅλον.
1965 5821 2121 5878 Sne.
2411 5830 2416 5837 ”

1696 5830 1758 5878 τὸ
1785 5830 1925 5879 ὅλον.
1965 5830 2121 5879 sua.
2411 5830 2416 5837 ”
