3840 6536
628 349 734 405 675

1791 339 2110 397 CLEMENS
2145 339 2691 397 ALEXANDRINUS.

3717 340 3796 395 676

625 463 930 522 duodecimi
964 463 1216 519 universa
1241 462 1528 532 castigata,
1563 469 1622 516 ut
1643 461 1961 531 loquuntur,
1985 470 2038 514 et
2060 475 2179 531 pas-

2286 460 2616 530 ἐπέγνωσαν,
2647 460 2729 513 ὅτι
2763 460 2897 512 εἰσὶν
2924 457 3106 530 χάριτι
3134 456 3225 510 τοῦ
3256 456 3485 528 Πατρδς,
3514 456 3641 508 εἰσὶν
3662 454 3798 525 ὄνομα

624 558 779 613 sione
810 556 1015 625 pariter
1048 553 1240 608 affecta
1270 559 1418 609 sunt.
1457 553 1613 606 Tunc
1662 550 1809 605 enim
1842 558 2180 620 agnoverunt

621 662 746 702 esse
772 661 831 700 se
865 646 1040 714 gratia
1070 642 1270 707 Patris,
1299 657 1423 697 esse
1452 657 1667 712 quoque
1697 656 1892 696 nomen
1914 641 2056 710 quod
2078 655 2181 694 no-

624 735 821 789 minari
854 750 961 787 non
990 741 1188 803 potest.
1213 747 1337 787 esse
1363 730 1598 801 denique
1626 730 1855 784 formam
1900 737 1955 784 et
2003 730 2183 784 scien-

624 828 777 883 tiam.
815 826 917 893 Qui
953 842 1080 880 vero
1105 824 1271 879 voluit
1292 822 1458 887 Eon,
1481 822 1613 877 illud
1644 822 1785 891 quod
1817 821 2044 876 scientia
2087 837 2180 876 su-

624 919 812 986 perius
851 924 933 971 est
955 930 1168 985 rapere,
1198 914 1513 984 ignorantia:
1548 927 1614 967 ac
1643 911 1976 965 deformitati
2005 911 2181 967 factus

626 1017 712 1063 est
750 1009 1043 1075 obnoxius;
1077 1006 1221 1061 unde
1263 1022 1319 1060 et
1348 1006 1597 1061 vacuitas
1653 1004 1898 1060 scientiae
1949 1004 2178 1069 exstitit,

2281 552 2677 623 ἀνωνόμαστον,
2729 550 2908 623 μορφὴ
2958 551 3052 603 καὶ
3102 548 3319 619 γνῶσις.
3355 547 3412 600 Ὁ
3460 546 3516 600 δὲ
3566 545 3799 617 βουληθεὶς

2281 641 2422 698 Δίὼν
2452 644 2559 713 (92)
2596 644 2656 696 τὸ
2688 642 2827 714 ὑπὲρ
2872 640 2969 713 τὴν
3010 641 3211 710 γνῶσιν
3250 639 3455 703 λαὸεἰν,
3501 639 3556 690 ἐν
3596 638 3798 707 ἀγνωσία

2280 737 2373 789 καὶ
2401 737 2645 809 ἀμορφία
2672 736 2886 805 ἐγένετο
2905 752 2917 766 ⁸
2947 736 3065 790 ὅθεν
3099 735 3194 788 καὶ
3222 734 3441 803 κένωμα
3470 729 3699 800 γνώσεως
3716 730 3799 799 εἱρ-

2281 827 2510 896 γάσατοο
2564 828 2700 899 ὅπερ
2744 828 2859 880 ἐστὶ
2904 826 3029 880 σκιά
3072 825 3166 880 τοῦ
3210 826 3491 897 ὀνόματος,
3517 825 3643 894 ὅπερ
3682 824 3796 875 ἐστὶν

2282 918 2427 983 Υἱὸς,
2459 918 2637 991 μορφὴ
2665 917 2769 971 τῶν
2789 916 3026 973 Αίώνων.
3049 911 3219 981 Οὗτος
3241 918 3301 970 τὸ
3327 915 3468 970 κατά
3491 915 3642 986 μέρος
3662 914 3798 983 ὄνομα

2280 1010 2383 1063 τῶν
2415 1011 2632 1067 Αίώνων
2664 1012 2855 1083 ἀμέλει
2885 1011 3001 1065 ἐστὶ
3032 1010 3124 1066 τοῦ
3154 1011 3438 1081 ὀνόματος.

626 1103 771 1172 quod
803 1113 886 1158 est
918 1104 1110 1157 umbra
1139 1101 1398 1161 nominis.
1422 1101 1567 1165 Quod
1595 1109 1680 1156 est
1712 1098 1906 1166 Filius,
1937 1101 2030 1171 qui
2062 1099 2236 1157 forma
2272 1104 2508 1163 Eanum
2545 1114 2648 1164 est.
2675 1107 2774 1163 llic
2810 1108 3082 1180 sigillatim
3104 1106 3341 1162 {Bonum
3397 1104 3624 1160 nominis
3647 1101 3794 1171 utique

628 1203 713 1250 est
747 1210 965 1250 nomen.

697 1285 910 1342 XXXII.
966 1286 1103 1343 Cum
1153 1287 1318 1358 igitur
1377 1286 1433 1340 in
1487 1282 1832 1339 Plenitudine
1879 1283 1951 1339 sit
1979 1283 2182 1346 unitas,

627 1380 865 1436 Aionum
894 1380 1090 1451 singuli
1118 1381 1392 1451 propriam
1423 1376 1825 1433 Plenitudinem
1864 1375 2183 1446 conjugium

627 1473 852 1529 habent.
908 1471 1258 1542 Quaecunque
1312 1470 1480 1540 igitur
1527 1484 1593 1524 ex
1651 1467 1928 1537 conjugio,
2007 1466 2181 1530 aiunt,

628 1566 974 1634 proveniunt,
1005 1564 1372 1635 plenitudines
1406 1574 1554 1625 sunt,
1578 1547 1917 1633 quaecunque
1950 1574 2079 1615 vero
2117 1573 2183 1614 ex

546 1676 551 1680 ·
627 1673 756 1721 uno,
799 1657 1081 1725 imagines.
1121 1654 1277 1710 Unde
1316 1652 1628 1710 Theodotus
1668 1652 1947 1708 Christum
1978 1651 2072 1722 qui
2118 1666 2185 1706 ex

626 1749 1084 1819 contemplatione
1136 1747 1431 1819 Sapientia:
1478 1748 1828 1818 processerit,
1893 1746 2182 1816 imaginem
2212 1771 2257 1832 Β

627 1840 989 1895 Plenitudinis
1013 1841 1249 1894 vocavit.
1283 1840 1383 1895 Hic
1416 1850 1595 1896 autem
1619 1847 1844 1895 matrem
1868 1839 2184 1907 relinquens

624 1941 678 1987 et
711 1933 777 1986 ad
807 1932 1210 1988 Plenitudinem
1264 1932 1563 1988 ascendens
1602 1932 1759 2002 quasi
1811 1932 1877 1986 ab
1914 1930 2183 1986 universis

624 2024 876 2082 detentus
908 2034 1014 2088 est,
1045 2026 1346 2095 quinetiam
1377 2032 1432 2078 et
1455 2040 1486 2078 a
1518 2023 1820 2078 Paracleto.

694 2116 857 2188 355,
890 2115 1128 2171 XXXIII.
1185 2117 1490 2187 Adoptatus
1524 2124 1762 2171 attamen
1791 2124 1876 2171 est
1904 2114 2180 2177 Christus,

626 2216 686 2262 ut
719 2210 861 2262 inter
900 2208 1268 2278 plenitudines
1307 2208 1536 2272 electus,
1573 2214 1629 2261 et
1659 2222 1841 2261 rerum
1869 2206 2056 2260 mundi
2080 2205 2184 2259 hu-

621 2297 780 2366 jusce
806 2296 1220 2367 primogenitus.
1254 2296 1349 2351 Est
1380 2297 1566 2367 itaque
1613 2297 1838 2351 verbum
1880 2296 1983 2350 hoc
2015 2310 2183 2367 prava

624 2385 802 2441 nostri
848 2386 1096 2440 doctrina
1135 2401 1204 2441 ex
1248 2391 1475 2442 materia
1515 2386 1782 2455 subjecta,
1844 2383 2181 2441 Salvatorem
2216 2442 2219 2443 ν

623 2476 1044 2547 primogenitum
1086 2492 1311 2541 vocans,
1344 2493 1468 2533 cum
1513 2478 1604 2533 ille
1631 2478 1788 2548 quasi
1811 2476 1967 2532 radix
1997 2485 2053 2532 et
2089 2493 2183 2532 ca-

623 2575 722 2639 put
756 2578 1010 2624 nostrum
1039 2571 1130 2626 sit.
1165 2569 1410 2625 Ecclesia
1449 2585 1579 2625 vero
1626 2570 1799 2640 ipsius
1826 2569 2054 2635 Christi,
2094 2570 2181 2625 di-

622 2669 775 2726 cunt,
807 2659 1041 2725 fructus,
1081 2672 1334 2718 caventes
1363 2661 1511 2732 quod
1535 2662 1922 2719 inconveniens
1954 2670 2059 2728 est,
2088 2679 2180 2718 re-

621 2761 779 2825 cepto
801 2754 855 2807 in
880 2752 1275 2810 Plenitudinem
1327 2757 1420 2825 qui
1448 2772 1515 2811 ex
1558 2756 2018 2826 contemplatione
2062 2771 2181 2810 ma-

622 2853 774 2901 terna
794 2854 949 2902 ortus
977 2854 1064 2904 est
1090 2866 1103 2901 :
1133 2854 1306 2903 mater
1336 2863 1527 2904 rursus
1553 2847 1980 2919 dispensationis
2026 2849 2180 2919 prin-

619 2938 797 3009 cipem
835 2938 1111 3008 produxit,
1147 2940 1203 2994 in
1234 2940 1467 3011 imagine
1496 2940 1642 2995 illius
1684 2940 1777 3010 qui
1814 2940 1881 2996 ab
1928 2955 1992 2995 ea
2025 2940 2180 3011 fuge-

619 3038 726 3094 rat,
763 3040 985 3103 propter
1011 3032 1344 3089 desiderium
1371 3034 1518 3089 illius
1547 3034 1641 3105 qui
1671 3033 1834 3089 fuerit
1852 3034 2063 3097 melior,
2084 3033 2177 3103 qui

619 3125 905 3180 character
932 3124 1111 3180 Patris
1137 3126 1516 3180 universorum
1563 3125 1664 3180 fuit
1696 3143 1709 3178 :
1737 3134 2066 3195 quapropter
2123 3132 2177 3179 et
2203 3113 2245 3170 C

619 3217 798 3272 minor
820 3218 910 3273 ille
933 3225 1037 3283 est,
1072 3218 1230 3289 quasi
1260 3234 1329 3273 ex
1351 3218 1607 3288 passione
1631 3216 1946 3287 cupiditatis
1977 3215 2182 3272 forma-

616 3310 775 3363 verit.
804 3311 1129 3365 Ahominata
1158 3321 1335 3367 tamen
1365 3318 1469 3376 est,
1510 3309 1769 3380 inquiunt
1813 3308 1915 3375 illi,
1948 3323 2076 3363 cum
2116 3310 2183 3363 il-

616 3401 724 3455 lius
768 3405 1115 3458 severitatem
1142 3404 1395 3474 videret.‘

684 3492 921 3549 XXXIV.
968 3494 1075 3550 Sed
1099 3503 1153 3551 et
1186 3495 1439 3565 potentia:
1485 3494 1744 3558 sinistrae,
1774 3494 1844 3550 ab
1874 3493 1967 3547 illa
2008 3494 2172 3563 prius

618 3600 781 3655 quam
824 3585 1026 3640 dextra:
1059 3587 1356 3655 producta,
1409 3601 1441 3640 a
1476 3586 1615 3641 lucis
1659 3585 1893 3640 adventu
1937 3599 2181 3655 prasen-

618 3678 805 3745 tiaque
842 3691 951 3730 non
997 3678 1324 3737 formantur.
1381 3675 1629 3732 Sinistra!
1656 3692 1784 3732 vero
1813 3676 2016 3731 relicta:
2051 3685 2178 3732 sunt

2357 1285 2478 1339 AB'.
2531 1285 2616 1339 Ἐν
2658 1283 2984 1356 Πληρὼματι
3015 1278 3106 1339 οὖν
3135 1284 3383 1355 ἐνότητος
3406 1281 3584 1353 οὔσης,
3610 1283 3795 1347 ἕκαστος

2287 1374 2393 1430 τῶν
2417 1376 2633 1431 Δίώνων
2670 1375 2797 1430 ἴδιον
2826 1376 2936 1447 ἔχει
2964 1376 3262 1449 Πλήρωμα,
3292 1374 3389 1447 τὴν
3421 1374 3796 1443 συζυγίαν.”οσα

2286 1462 2379 1520 οὖν
2432 1467 2495 1519 ἐκ
2552 1466 2826 1535 συζυγίας,
2888 1467 3054 1535 φασὶ,
3111 1465 3458 1537 προέρχεται,
3511 1464 3795 1536 πληρώματά

2284 1558 2460 1613 ἐστιν·
2494 1559 2592 1611 ὅσα
2616 1558 2673 1610 δὲ
2705 1558 2810 1610 ἀπὸ
2841 1557 2977 1622 ἐνὸς,
2999 1555 3397 1619 είκόνες.“υθεν
3428 1557 3457 1608 ό
3487 1553 3710 1616 θεόδοτος
3726 1556 3794 1607 τὸν

2286 1650 2517 1722 Χριστὸν
2563 1648 2622 1714 ἐξ
2670 1650 2875 1713 ἐννοίας
2917 1648 3243 1721 προελθόντα
3274 1646 3373 1717 τῆς
3419 1647 3625 1715 Σοφίας,
3652 1644 3796 1699 είκόνα

2288 1739 2379 1793 τοῦ
2414 1739 2779 1813 Πληρώματος
2805 1740 3077 1795 ἐκάλεσεν.
3100 1736 3268 1803 Οὗτος
3288 1739 3367 1802 δέ,
3398 1738 3700 1809 καταλείψας
3720 1738 3795 1809 τὴν

2285 1832 2513 1904 μητέρα,
2541 1831 2773 1901 ἀνελθὼν
2807 1835 2884 1897 εἰς
2917 1833 2977 1885 τὸ
3004 1832 3301 1904 Πλήρωμα,
3334 1830 3621 1903 ἐκρατήθη,
3645 1829 3795 1899 ὥσπερ

2280 1926 2394 1987 τοῖς
2419 1925 2578 1988 ὅλοις,
2606 1924 2746 1977 οὕτω
2772 1923 2829 1977 δὲ
2865 1925 2959 1977 καὶ
2988 1922 3065 1992 τῷ
3096 1920 3457 1994 Παρακλήτῳ.

2351 2124 2470 2177 AI".
2514 2125 2759 2189 Υίόθετος
2815 2125 2991 2197 μέντοι
3021 2125 3241 2196 γέγονεν
3265 2127 3295 2179 ό
3325 2124 3656 2197 Χριστδς,ὡς
3688 2124 3796 2197 πρὸς

2282 2213 2349 2268 τὰ
2378 2215 2717 2288 πληρώματα
2747 2216 2993 2283 ἐκλεκτὸς
3038 2220 3345 2291 γενόμενος,
3384 2220 3476 2273 καὶ
3507 2218 3795 2290 πρωτότοκος

2279 2306 2387 2360 τῶν
2418 2307 2602 2362 ἐνθάδε
2624 2309 3167 2380 πραγμάτων.Ἔστιν
3187 2307 3280 2366 οὖν
3303 2311 3333 2363 ό
3357 2310 3511 2380 λόγος
3536 2305 3671 2375 οὗτος
3693 2325 3799 2381 παρ-

2282 2398 2532 2471 άκουσμα
2576 2402 2666 2455 τοῦ
2712 2402 2978 2473 ἡμετέρου
3010 2405 3073 2457 ἐκ
3106 2403 3197 2458 τοῦ
3226 2404 3596 2475 ὑποκειμένου,
3622 2402 3791 2475 πρωτό-

2279 2509 2437 2549 τοκον
2458 2492 2630 2562 λέγων
2651 2494 2739 2549 τὸν
2768 2494 3019 2568 Σωτῆρα·
3046 2495 3137 2550 καὶ
3165 2495 3313 2550 ἐστιν
3338 2495 3574 2567 ὡσπερεὶ
3591 2496 3699 2566 ῥίζα
3723 2494 3797 2546 καὶ

2280 2586 2489 2658 κεφαλὴ
2538 2586 2789 2658 ὴμῶν.Ἠ
2831 2587 2888 2640 δὲ
2932 2587 3242 2657 Ἐκκλησία,
3273 2588 3476 2660 καρποὶ
3513 2585 3658 2639 αὑτοῦ
3687 2587 3796 2657 Χρι-

2282 2677 2428 2741 στοῦ,
2456 2679 2607 2747 φασὶ,
2645 2679 2705 2731 τὸ
2741 2679 3003 2733 ἀνοίκειον
3034 2678 3294 2748 φυγόντες
3329 2679 3462 2750 (95),
3494 2676 3797 2737 συσταλέντος

2279 2771 2359 2833 εἰς
2392 2770 2453 2823 τὸ
2485 2769 2764 2841 Πλήρωμα
2793 2772 2856 2823 ἐκ
2881 2771 2976 2842 τῆς
3005 2769 3260 2842 μητρῴας
3291 2770 3577 2841 γενομένου
3605 2770 3794 2830 ἐννοίας’

2280 2861 2314 2932 ἡ
2360 2869 2537 2934 μήτηρ
2573 2860 2725 2927 αὖθις
2767 2864 2856 2918 τὸν
2889 2864 2988 2934 τῆς
3028 2865 3333 2936 οἰκονομίας
3372 2865 3694 2937 προηγάγετο
3720 2865 3798 2933 ἀρ-

2279 2970 2462 3022 χοντα,
2492 2956 2571 3019 είς
2589 2955 2755 3009 τύπον
2776 2954 2870 3009 τοῦ
2895 2955 3156 3027 φυγόντος
3184 2956 3352 3029 αὐτὴν
3384 2958 3501 3011 κατ’
3522 2954 3795 3024 ἐπιπόθησιν

2280 3045 2445 3100 αὑτοῦ
2469 3048 2772 3119 κρείττονος
2789 3048 3139 3122 ὑπάρχοντος,
3160 3050 3219 3114 ὃς
3238 3046 3306 3121 ἦν
3328 3050 3495 3115 τύπος
3517 3049 3602 3103 τοῦ
3624 3047 3797 3118 Πατρὺς

2278 3136 2385 3193 τῶν
2413 3139 2548 3192 ὅλων
2568 3156 2582 3169 '
2617 3139 2697 3193 διὸ
2740 3141 2833 3196 καὶ
2864 3142 3039 3212 ἥττων
3072 3141 3301 3210 γίνεται,
3331 3143 3408 3207 ὡς
3433 3142 3498 3197 ἂν
3539 3144 3599 3195 ἐκ
3631 3140 3798 3200 «eam;

2279 3230 2379 3302 τῆς
2407 3232 2695 3304 ἐπιθυμίας
2712 3233 3037 3289 συνεστῶσα.
3057 3235 3113 3288 Ἐ
3120 3234 3368 3307 μυσάχθη
3394 3236 3572 3307 μέντοι
3592 3232 3796 3288 ἐνιδοῦσα

2278 3322 2375 3394 τὴν
2404 3326 2703 3396 ἀποτομίαν
2729 3326 2911 3391 αὑτοῦ,
2944 3326 3019 3391 ὥς
3056 3344 3219 3395 φασιν
3253 3327 3427 3382 αὐτοί.

2345 3503 2463 3556 AA’.
2516 3502 2673 3556 Ἀλλά
2713 3505 2805 3557 καὶ
2848 3504 3109 3576 εὑὼνυμοι
3156 3507 3434 3578 δυνάμεις,
3464 3507 3664 3580 πρῶται
3698 3521 3799 3578 προ-

2278 3595 2553 3666 ϐληθεῖσαι
2579 3595 2685 3649 τῶν
2711 3595 2896 3660 δεξιῶν
2925 3598 3014 3650 ὑπ’
3055 3598 3244 3669 αὐτῆς,
3272 3599 3379 3652 ὑπὸ
3419 3601 3517 3671 τῆς
3542 3599 3629 3654 τοῦ
3654 3597 3797 3668 φωτὸς

2277 3686 2575 3759 παρουσίας
2600 3689 2659 3740 ού
2692 3688 3049 3759 μορφοῦνταιο
3082 3690 3507 3763 κατελείφθησαν
3533 3692 3588 3745 δὲ
3624 3693 3674 3744 αἱ
3706 3692 3799 3761 ἀρι-

616 3782 647 3820 a
677 3767 796 3823 loco
825 3769 945 3839 ipso
971 3767 1288 3823 formandae.
1321 3767 1492 3823 Matre
1526 3768 1709 3838 itaque
1740 3784 1846 3823 una
1877 3784 2002 3849 cum
2037 3768 2175 3823 Filio

2286 3780 2463 3849 περαὶ
2495 3779 2598 3831 ὑπὸ
2630 3778 2722 3832 τοῦ
2764 3778 2929 3832 τόπου
2963 3779 3335 3851 μορφωθῆναι.
3370 3782 3483 3852 Τῆς
3516 3782 3699 3855 μητρὸς
3723 3776 3795 3833 οὖν

613 3868 667 3915 et
697 3862 997 3917 seminibus
1021 3862 1077 3915 in
1103 3866 1161 3924 >14
1187 3860 1584 3916 Plenitudinem
1619 3863 1889 3932 ingressa,
1932 3873 2063 3916 tunc
2093 3862 2175 3916 lo-

2286 3868 2414 3937 μετά
2457 3866 2549 3921 τοῦ
2583 3866 2712 3921 Υίοῦ
2745 3869 2838 3922 καὶ
2877 3868 2985 3922 τῶν
3027 3871 3358 3941 σπερμάτων
3385 3869 3709 3939 εἰσελθούσης
3733 3859 3825 3929 εἰς

612 3969 712 4009 cus
763 3955 954 4009 matris
997 3959 1320 4023 potestatem
1351 3953 1709 4025 ordinemque
1736 3953 1986 4024 accipiet,
2012 3970 2179 4025 quem

2286 3959 2333 4011 τὸ
2369 3959 2663 4032 Πλήρωμα,
2693 3961 2809 4013 τότε
2837 3962 2865 4013 ό
2893 3961 3053 4024 τόπος
3084 3960 3181 4031 τὴν
3219 3962 3469 4025 ἐξουσίαν
3500 3963 3593 4032 τῆς
3623 3959 3797 4032 μητρὸς

612 4055 758 4095 nunc
798 4040 959 4095 habet
1000 4047 1195 4095 mater.

2286 4051 2365 4104 καὶ
2396 4051 2490 4123 τὴν
2516 4051 2667 4117 τάξιν
2694 4051 3047 4123 ἀπολήψεται,
3078 4052 3145 4123 ἢν
3172 4052 3265 4107 νῦν
3295 4053 3407 4123 ἔχει
3439 4056 3471 4124 ἡ
3497 4056 3681 4125 μήτηρ.

680 4131 894 4187 XXXV.
943 4132 1104 4189 Jesus
1143 4133 1236 4187 lux
1260 4143 1468 4199 nostra,
1522 4144 1582 4191 ut
1630 4136 1765 4191 dicit
1803 4138 2088 4208 apostolus
2117 4150 2167 4200 ι,

2339 4144 2461 4196 ΛΕ’.
2513 4144 2571 4196 '0
2629 4142 2831 4213 Ἰησοῦς
2881 4143 2944 4197 τὸ
2992 4142 3118 4212 φῶς
3171 4144 3351 4214 ἡμῶν,
3379 4146 3614 4214 ὡςλέγει
3642 4141 3801 4198 ὁάκό-

609 4227 845 4295 seipsum
875 4228 1180 4282 exinaniens
1222 4229 1272 4292 δ,
1308 4228 1411 4283 hoc
1434 4238 1538 4296 est,
1561 4275 1568 4287 .
1591 4239 1652 4284 ut
1678 4231 1795 4285 vult
1834 4230 2168 4294 Theodotus;

2286 4235 2475 4299 ττολος,
2511 4234 2697 4288 ἑαυτὸν
2746 4231 3032 4299 κενώσας,
3058 4235 3332 4289 τουτέστιν
3375 4236 3529 4299 ἐκτὸς
3563 4234 3651 4288 τοῦ
3695 4235 3798 4303 ὅρου

606 4327 760 4372 extra
812 4320 1105 4373 terminum
1145 4322 1355 4393 exiens,
1404 4323 1664 4391 quoniam
1690 4323 1918 4394 angelus
1943 4331 2083 4388 erat,
2138 4339 2169 4378 e

2286 4326 2573 4397 γενόμενος,
2601 4327 2741 4380 κατά
2767 4325 3038 4387 Θεόδοτον,
3072 4326 3195 4379 ἐπεὶ
3224 4326 3454 4395 ἄγγελος
3476 4322 3559 4397 ἦν,
3577 4325 3665 4378 τοῦ
3685 4324 3801 4393 Πλη.

604 4407 945 4466 Plenitudine
1019 4413 1239 4482 angelos
1305 4414 1531 4469 seminis
1592 4415 1906 4470 excellentis
1981 4430 2165 4471 secum

2286 4419 2519 4490 σώματος
2546 4419 2671 4480 τοὺς
2701 4417 2961 4486 ἀγγέλους
2999 4418 3093 4471 τοῦ
3133 4418 3479 4489 διαφέροντος
3522 4417 3801 4488 σπέρματος

605 4502 813 4557 eduxit.
869 4501 936 4555 Et
986 4504 1101 4574 ipse
1152 4505 1373 4575 quidem
1429 4505 1878 4577 redemptionem,
1920 4509 2093 4588 guasi
2135 4523 2167 4563 e

2286 4510 2631 4581 τυνεξήγαγεν
2662 4510 2864 4581 ἐαυτῷ·
2896 4512 2988 4563 καὶ
3016 4510 3177 4574 αὐτὸς
3209 4511 3308 4582 μὲν
3347 4513 3448 4583 τὴν
3469 4509 3800 4582 λύτρωσινώς

550 4604 571 4621 ³
605 4592 949 4651 Plenitudine
996 4612 1336 4668 progressus,
1381 4600 1594 4666 habuit,
1635 4602 1857 4671 angelos
1885 4609 2064 4657 autem
2095 4602 2163 4656 ad

2286 4602 2374 4654 ιπὸ
2409 4600 2775 4673 Πληρὼματος
2812 4600 3082 4674 προελθὼν
3122 4597 3286 4672 εἶχεν,
3317 4603 3443 4665 τοὺς
3475 4600 3531 4654 δὲ
3568 4599 3802 4669 ἀγγέλους

607 4687 833 4742 seminis
865 4692 1259 4747 correctionem
1289 4694 1483 4749 duxit:
1511 4694 1670 4764 quasi
1709 4694 1854 4749 enim
1883 4710 1981 4764 pro
2010 4705 2163 4765 parte

2286 4695 2346 4757 ῑίς
2373 4692 2653 4765 διόρθωσιν
2694 4691 2786 4747 τοῦ
2835 4693 3144 4765 σπέρματος
3170 4693 3377 4762 ἤγαγεν
3396 4708 3410 4722 °
3442 4692 3516 4755 ὡς
3550 4690 3656 4761 γάρ
3685 4688 3802 4756 ὑπὲρ

604 4786 800 4848 rogant
855 4780 1251 4853 obsecrantque
1293 4787 1496 4857 angeli,
1542 4788 1826 4857 nostrique
1853 4788 2026 4858 gratia
2067 4788 2163 4844 de-

2286 4784 2465 4855 .u-Epou;
2500 4783 2706 4838 δέονται
2740 4784 2831 4838 καὶ
2863 4782 3254 4855 παρακαλοῦσι,
3286 4782 3383 4835 καὶ
3422 4782 3488 4836 δι’
3508 4783 3649 4853 ἡμᾶς
3677 4794 3804 4833 κατε-

603 4869 759 4935 ιοιιιὶ,
785 4869 998 4940 ingredi
1031 4871 1373 4942 festinantes,
1408 4879 1626 4932 veniam
1647 4878 1807 4932 nobis
1845 4889 2160 4948 precantur,

2286 4876 2506 4945 (όμενοι,
2523 4874 2839 4937 σπεύδοντες
2868 4872 3142 4936 εἰσελθεῖν,
3159 4872 3352 4941 ἄφεσιν
3379 4875 3510 4944 ⁴ἡμῖν
3533 4871 3801 4929 αἰτοῦνται,

602 4962 664 5011 ut
681 4973 785 5011 una
811 4973 937 5021 cum
954 4960 1063 5016 illis
1083 4978 1183 5018 nos
1207 4965 1371 5019 etiam
1396 4966 1792 5037 ingrediamur.
1813 4965 2023 5036 Quippe
2038 4981 2165 5021 cum

2286 4967 2354 5019 'va.
2393 4965 2818 5036 συνεισέλθωμεν
2842 4965 3024 5029 αὐτοῖς
3043 4981 3056 4994 ·
3095 4964 3282 5035 σχεδὸν
3310 4965 3420 5037 γὰρ
3456 4962 3605 5035 ήμῶν
3638 4960 3805 5033 χρείαν

601 5050 777 5104 nostri
808 5049 922 5106 fere
949 5068 1086 5122 opus
1131 5055 1331 5111 habent
1377 5068 1437 5112 ut
1467 5058 1843 5129 ingrediantur
1883 5059 2160 5128 (quoniam

2286 5055 2477 5125 Ξχοντες
2512 5057 2596 5110 ἵνα
2620 5055 2952 5110 εἰσέλθωσιν·
2992 5055 3133 5126 (ἐπεὶ
3163 5055 3290 5109 ἀνευ
3323 5055 3480 5126 ἡμῶν
3505 5055 3601 5108 οὐκ
3618 5049 3807 5121 ἐπ’.τῴ

601 5139 721 5195 sine
742 5139 902 5195 nobis
934 5140 1142 5213 ingredi
1172 5159 1280 5198 non
1311 5146 1419 5201 illis
1449 5161 1771 5202 concessum
1804 5146 1897 5211 sit,
1929 5146 2072 5200 hanc
2092 5147 2163 5201 ob

2286 5164 2424 5201 τεται
2451 5148 2663 5212 αὐτοῖς·
2693 5146 2779 5200 διά
2819 5146 2976 5200 τοῦτο
3018 5147 3127 5219 γάρ
3166 5146 3288 5200 οὐδὲ
3328 5148 3361 5218 ἡ
3404 5148 3580 5219 μήτηρ
3614 5143 3817 5212 συνελήο“

670 5303 731 5363 ἧς
771 5298 834 5355 P.
876 5299 984 5356 968
1022 5299 1131 5356 ED.
1168 5299 1461 5357 POT‘I‘ER.
1508 5314 1535 5343 ιι
1572 5299 1729 5357 Joan.
1776 5316 1914 5367 vui,
1951 5301 2038 5357 12.
2112 5299 2141 5341 δ

2286 5303 2318 5357 Ι.
2364 5319 2423 5365 ιι,
2458 5303 2507 5359 7.

634 5484 646 5497 .
834 5415 887 5469 '0
910 5417 979 5471 δὲ
998 5419 1326 5497 ,ϐουᾼηθεὶς
1348 5420 1520 5474 Αὶών.
1562 5419 1722 5497 Clare
1743 5421 1849 5474 huc
1872 5428 2156 5497 peccatum

2286 5437 2356 5497 tes
2390 5428 2444 5474 et
2473 5422 2565 5497 qui
2597 5420 2834 5497 scientia:
2862 5434 3049 5497 arcem
3078 5418 3710 5497 tenere_in_Christianis
3737 5414 3815 5497 τίω

595 5484 896 5565 diaboliex
929 5484 1196 5557 superbia
1215 5484 1333 5565 ejus
1368 5504 1528 5565 paena
1558 5484 1931 5565 scelerumque
1960 5506 2029 5546 ex
2065 5490 2155 5565 illa
2258 5493 2387 5546 dere
2415 5484 2634 5565 vellent,
2664 5489 3068 5565 in_confusione
3101 5505 3200 5545 sua
3239 5490 3472 5561 gloriam
3499 5491 3813 5565 quaererent,

597 5556 971 5634 castigatione.
997 5554 1067 5611 'ut
1099 5573 1159 5613 se
1192 5554 1453 5634 adversus
1486 5559 1653 5634 Deum
1676 5554 1888 5634 erigant
1914 5570 1969 5617 et
1996 5561 2155 5630 quasi
2258 5577 2486 5634 eamque
2524 5562 2686 5634 inter?
2707 5560 2922 5634 satana:
2960 5554 3375 5634 primogenitos,
3407 5554 3561 5631 quasi
3587 5554 3813 5629 apostoli}

596 5635 718 5704 a__se
739 5627 846 5704 sibi
870 5635 1243 5704 e_sse_et_quas
1270 5630 1551 5704 possident
1576 5629 1730 5686 dotes
1751 5627 1994 5704 tribuant
2017 5627 2030 5683 Ξ
2056 5646 2157 5704 nec
2257 5627 2481 5704 Joannis
2505 5633 2729 5704 oraculo
2758 5627 3037 5704 haberent.
3071 5627 3336 5704 Colum
3412 5627 3444 5704 ξ’
3628 5627 3670 5704 λ
3812 5650 3813 5704 ξ

597 5690 699 5765 alia
733 5694 790 5765 in
823 5696 944 5748 istis
978 5690 1159 5752 desint
1189 5690 1329 5753 vera:
1359 5699 1481 5754 ﬁdei
1524 5715 1787 5765 consona,
1823 5701 1917 5757 sed
1960 5702 2157 5755 fabulis

601 5690 699 5777 aha
733 5694 793 5777 in
823 5696 954 5777 istis.
978 5666 1329 5777 desi;t_verlaz
1359 5699 1499 5777 ﬁdei
1524 5666 1787 5777 consoza,
1823 5666 2157 5777 ζέει

2290 5666 3282 5777 755;°JJ$ZS;QI"1‘3§J&:AJJ'§3'
3298 5666 3497 5760 verius
3540 5698 3803 5771 φυγόντος.

598 5766 832 5817 immista
881 5766 1096 5837 illisque
1137 5768 1354 5838 obruta,
1386 5770 1587 5841 quibus
1615 5772 1697 5827 sic
1730 5772 1950 5844 superbi
1983 5772 2156 5827 homi-

2259 5769 2496 5843 genitivo
2527 5769 2681 5841 casu,
2714 5781 2774 5827 ut
2802 5787 2945 5827 mox.
2977 5769 3133 5827 Sus.
