3840 6534
569 384 673 437 579
1318 431 1324 438 _
1501 454 1507 456 _
1720 338 2036 436 CLEMENS
2073 382 2629 442 ALEXANDRINUS.
3651 402 3730 456 σω

565 493 765 550 mistis.
794 491 1059 547 Adamum
1103 508 1324 564 quoque
1351 506 1476 547 cum
1505 493 1561 546 in
1589 497 1768 545 mente
1816 491 2087 547 continere

2222 495 2386 567 πάθη.
2423 496 2532 550 Καὶ
2555 497 2646 581 τδν
2684 496 2854 568 ’Δδάμ
2882 499 2910 552 ὁ
2931 499 3269 572 Δημιουργδς
3299 502 3474 575 ἐννοίᾳ
3498 511 3729 582 προσχὼν,

562 584 904 654 Demiurgus,
937 599 1035 639 seu
1075 599 1259 639 rerum
1291 581 1560 648 conditor,
1586 581 1643 636 in
1686 579 1794 637 line
1831 581 2087 637 creationi

2223 587 2313 640 ἐπὶ
2332 587 2470 640 τέλει
2499 579 2605 657 τῆς
2615 585 2970 659 δημιουργίας
2997 587 3156 642 αὐτὸν
3175 591 3495 662 προήγαγεν.

559 675 806 732 eumdem
839 674 1111 744 produxit.

628 766 786 824 XLII.
819 768 962 823 Crux
1016 769 1234 824 termini
1279 767 1505 836 hujusce
1562 767 1672 837 qui-
1703 765 1758 820 in
1818 763 2124 820 Pleromate

559 876 656 916 seu
701 859 1052 915 Plenitudine
1087 867 1192 922 est,
1242 860 1458 928 signum
1499 865 1604 925 est;
1646 855 1892 911 inﬁdeles
1913 854 2056 910 enim
2090 869 2122 909 a

559 950 810 1005 ﬁdelibus
844 957 1079 1021 separat,
1135 958 1194 1004 ut
1234 948 1324 1004 ille
1385 949 1649 1002 mundmn
1692 961 1723 1000 a
1753 944 2116 1001 Plenitudine.

557 1041 820 1111 Hancque
849 1043 919 1097 ob
942 1056 1160 1097 causam
1180 1040 1389 1095 semina
1413 1039 1750 1110 percsignum
1780 1038 1836 1093 in
1863 1038 2119 1093 humeros

555 1136 866 1204 suscipiens
910 1133 1089 1197 Iesus.
1112 1135 1168 1188 in
1205 1133 1602 1188 Plenitudinem
1634 1130 1848 1186 induxit
1877 1150 1890 1186 :
1919 1129 2119 1201 quippe

558 1227 771 1282 humeri
811 1227 1037 1281 seminis
1090 1224 1251 1280 Jesus
1283 1225 1505 1287 dicitur,
1539 1232 1702 1293 caput
1743 1233 1924 1278 autem
1958 1221 2119 1276 Chri-

2289 764 2420 818 MB’.
2460 766 2517 818 '0
2555 767 2780 836 σταυρὸς
2809 765 2904 821 τοῦ
2934 769 2992 823 ὲν
3033 770 3367 843 Πληρώματι
3393 775 3516 847 ὅρου
3550 784 3727 849 σημεῖόν

2221 856 2398 910 ἐστιν·
2457 858 2678 930 χωρίζει
2735 860 2862 924 τοὺς
2921 861 3183 926 ἀπίστους
3243 863 3350 917 τῶν
3421 869 3625 934 πιστῶν,
3669 873 3726 936 ὡς

2201 935 2424 1013 ’ἐκεῖνος
2463 949 2554 1002 τὸν
2593 949 2796 1021 κόσμον
2851 951 2944 1005 τοῦ
3002 953 3394 1026 Πληρὼματος.
3435 959 3519 1011 Διὸ
3559 963 3640 1014 καὶ
3674 935 3724 1015 τὰ

2220 1041 2505 1113 σπέρματα
2529 1041 2558 1092 ὁ
2595 1040 2800 1112 Ἰησοῦς
2827 1040 2914 1096 διὰ
2938 1041 3031 1096 τοῦ
3065 1043 3289 1115 σημείου
3338 1047 3430 1099 ἐπὶ
3479 1048 3577 1101 τῶν
3599 1050 3725 1120 ὤμων

2219 1128 2498 1200 βαστάσας
2529 1129 2737 1198 εἰσάγει
2782 1132 2862 1194 εἰς
2915 1130 2975 1185 τὸ
3023 1131 3335 1204 Πλήρωμα·
3363 1128 3497 1206 ὦμοι
3525 1137 3618 1209 γὰρ
3653 1139 3726 1195 τοῦ

2219 1220 2528 1291 σπέρματος
2556 1222 2585 1274 ὁ
2624 1221 2829 1290 Ἰησοῦς
2858 1220 3105 1291 λέγεται·
3135 1223 3345 1295 κεφαλὴ
3385 1223 3440 1278 δὲ
3461 1226 3488 1278 ὁ
3515 1227 3723 1298 Χριστός.

553 1326 694 1373 stus.
727 1317 882 1372 Unde
909 1319 1112 1373 dictum
1146 1326 1266 1373 est:
1299 1318 1403 1384 Qui
1421 1333 1524 1370 non
1565 1315 1704 1370 tollit
1731 1329 1936 1368 crucem
1963 1329 2115 1367 suam

2219 1309 2380 1363 Ὅθεν
2404 1312 2636 1382 εἴρηται,
2670 1313 2767 1378 Ὃς
2804 1313 2916 1366 οὐκ
2943 1312 3094 1380 αἴρει
3122 1312 3228 1366 τὸν
3271 1314 3530 1383 σταυρὸν
3554 1318 3721 1384 αὑτοῦ,

550 1418 602 1462 ει
646 1411 883 1478 sequitur
920 1425 1018 1472 me,
1059 1426 1161 1464 non
1211 1418 1288 1464 est
1335 1409 1502 1478 frater
1526 1419 1732 1462 meusl.
1772 1406 1921 1461 Tulit
1951 1407 2083 1477 igitu

2215 1401 2315 1455 καὶ
2353 1401 2679 1458 ἀκολουθεῖ
2703 1421 2825 1472 μοι,
2859 1405 2972 1457 οὐκ
3016 1403 3151 1458 ἐστι
3181 1423 3301 1474 μου
3353 1405 3596 1476 ἀδελφός
3622 1409 3721 1479 (95).

551 1518 752 1573 corpus
779 1501 930 1568 Jesu,
961 1503 1104 1573 quod
1143 1502 1609 1558 consubstantiale
1639 1501 1740 1556 fuit
1763 1499 2038 1556 Ecclesiae.

617 1679 776 1753 355
803 1681 1195 1738 XLIII.Dicunt
1221 1684 1384 1755 igitur
1409 1684 1551 1753 quod
1583 1690 1879 1754 potestates
1908 1683 2111 1739 dextrae

545 1769 673 1827 Jesu
706 1783 869 1842 atque
899 1773 1106 1829 Christi
1141 1775 1359 1828 nomina
1389 1775 1762 1845 cognoverint,
1792 1779 1916 1828 ante
1963 1773 2110 1842 ejus-

2211 1488 2385 1562 'Hpsv
2430 1488 2523 1546 οὖν
2564 1493 2625 1546 τὸ
2679 1492 2834 1564 σῶμα
2874 1493 2969 1548 τοῦ
3005 1494 3199 1566 Ἰησοῦ,
3233 1496 3369 1568 ὅπερ
3399 1498 3721 1571 ὀμοούσιονῆν

2210 1593 2276 1662 τῇ
2320 1591 2629 1663 Ἐκκλησία.

2280 1684 2410 1737 Ml".
2426 1685 2684 1754 Λέγουσιν
2705 1680 2918 1750 οὗν,ὅτι
2937 1687 2992 1739 al
3022 1685 3191 1753 δεξιαὶ
3225 1688 3419 1759 ᾔδεσαν
3462 1688 3549 1742 τοῦ
3585 1691 3720 1762 Ἰησοῦ

2211 1775 2304 1827 καὶ
2325 1775 2415 1829 τοῦ
2448 1774 2680 1847 Χριστοῦ
2711 1776 2778 1830 τὰ
2805 1777 3060 1848 ὀνόματα,
3086 1778 3181 1832 καὶ
3203 1778 3308 1850 πρὸ
3333 1780 3426 1851 τῆς
3453 1783 3718 1852 παρουσίας·

544 1863 667 1917 dem
699 1863 990 1919 adventum
1027 1883 1039 1918 :
1068 1858 1297 1935 signum
1328 1880 1458 1919 vero
1498 1864 1688 1918 dicunt
1719 1864 1968 1917 virtutem
1997 1877 2087 1916 nor

2213 1868 2347 1923 ἀλλά
2375 1870 2436 1922 τὸ
2465 1873 2690 1942 σημεῖον
2717 1871 2814 1924 οὐκ
2844 1871 3231 1943 ᾔδεσαν,φασὶ,
3257 1872 3480 1950 δύναμιν
3503 1873 3614 1945 (96).
3637 1876 3720 1928 Kal

544 1953 792 2009 scivisse.
836 1954 1007 2010 Dante
1047 1957 1213 2011 etiam
1247 1955 1451 2026 Spiritu
1503 1961 1828 2024 potestatem
1859 1968 2100 2019 onmem,

543 2046 881 2114 approbante
929 2047 1179 2102 similiter
1227 2054 1282 2100 et
1329 2044 1689 2109 Pleuitudine,
1723 2045 1936 2115 angelus
1981 2060 2104 2098 eon-

543 2134 653 2186 silii
673 2135 700 2173 δ
728 2136 930 2189 missus
959 2143 1061 2199 est,
1094 2143 1148 2189 et
1177 2143 1302 2205 post
1331 2133 1546 2190 Patrem
1595 2134 1974 2189 universorum
2005 2147 2102 2187 ca-

542 2231 641 2293 put
665 2223 843 2279 factus
860 2235 961 2282 est.
997 2225 1189 2280 Omnia
1205 2229 1343 2282 enim
1365 2229 1419 2281 in
1439 2228 1554 2297 ipso
1576 2235 1753 2280 creata
1772 2237 1893 2281 sunt
1922 2227 2100 2280 visibi-

541 2313 618 2367 lia
643 2323 691 2367 et
725 2314 1034 2378 invisibilia,
1070 2316 1264 2381 throni,
1290 2317 1696 2384 dominationes,
1720 2334 1900 2388 regna,
1933 2316 2100 2371 deita-

541 2415 640 2469 tes,
671 2407 1084 2462 ministrationes
1109 2420 1130 2447 θ
1158 2427 1175 2464 :
1199 2427 1362 2480 quare
1397 2411 1540 2466 Deus
1572 2412 1734 2466 etiam
1753 2412 1922 2480 ipsum
1950 2410 2099 2464 exal-

539 2497 694 2560 tavit,
729 2496 971 2569 deditque
1007 2500 1090 2552 illi
1112 2517 1298 2555 nomen
1319 2517 1481 2570 supra
1502 2519 1650 2558 omne
1669 2519 1873 2569 nomen,
1896 2511 1954 2555 ut
1985 2519 2099 2556 ont-

538 2603 603 2641 ne
626 2605 758 2658 genu
790 2589 1057 2658 ﬂectatur,
1083 2593 1354 2663 omnisque
1384 2594 1562 2664 lingua
1605 2597 1936 2666 conﬁteatur,
1960 2595 2096 2667 quod

538 2675 797 2731 Dominus
816 2678 1000 2747 gloria:
1032 2678 1186 2734 Jesus
1207 2681 1449 2737 Christus
1484 2683 1792 2749 Salvatord,
1819 2684 1954 2739 idem
1991 2686 2097 2755 ipse

535 2769 626 2834 qui
649 2768 906 2836 ascendit,
940 2772 1130 2841 quique
1161 2771 1446 2828 descendit.
1475 2775 1627 2841 Quod
1671 2793 1787 2831 vero
1835 2777 2093 2841 ascendit,

533 2857 662 2927 quid
690 2869 769 2912 est
791 2860 894 2913 nisi
913 2861 1052 2931 quod
1092 2872 1142 2916 et
1170 2863 1477 2921 descendit?
1511 2867 1616 2932 Qui
1651 2867 1933 2934 descendit,
1957 2867 2094 2921 idem

533 2957 632 3014 est,
661 2951 714 3004 in
747 2961 924 3019 partes
972 2963 1126 3009 teme
1161 2957 1397 3024 inﬁmas,
1425 2964 1476 3010 et
1517 2957 1606 3028 qui
1639 2975 1799 3028 supra
1841 2958 1996 3013 caelos
2034 2974 2095 3012 a-

532 3042 730 3096 scendit
746 3055 793 3101 ο.

601 3133 788 3191 XLIV.
819 3134 1022 3193 Videns
1072 3144 1254 3192 autem
1309 3135 1588 3208 Sapientia
1636 3139 1868 3194 similem
1914 3140 2091 3210 ipsum

529 3223 637 3278 luci
680 3241 801 3296 qua:
847 3228 1018 3298 ipsam
1057 3229 1372 3300 reliquerat,
1405 3229 1678 3300 cognovit,
1704 3231 1960 3296 accurrit,
1995 3248 2091 3287 ex-

527 3315 773 3380 sultavit,
805 3327 858 3372 et
885 3317 1120 3389 denique
1173 3318 1424 3374 adoravit
1457 3321 1711 3392 :angelos
1765 3329 1946 3378 autem
1976 3339 2094 3378 ma-

527 3407 713 3460 sculos
741 3423 865 3461 cum
893 3409 1122 3464 vidisset
1147 3411 1242 3480 qui
1269 3426 1392 3465 cum
1421 3411 1515 3466 illo
1537 3412 1692 3467 missi
1721 3419 1870 3477 sunt,
1902 3413 2092 3466 incan-

525 3497 644 3550 duit
696 3514 792 3554 ore
857 3501 1048 3565 rubor,
1097 3503 1466 3572 velumquern
1505 3503 1784 3573 imposuit.
1850 3502 2090 3575 Hujusce

524 3592 774 3660 mysterii
807 3594 977 3662 gratia
1006 3593 1212 3650 Paulus
1235 3595 1389 3665 jubet
1419 3604 1478 3648 ut
1508 3596 1750 3650 mulieres
1779 3605 2089 3665 potestatem

519 3693 718 3752 gestent
749 3701 902 3753 super
927 3697 1104 3754 caput,
1127 3697 1335 3756 propter
1355 3689 1566 3760 angelos
1587 3687 1633 3745 τ.

593 3773 753 3829 XLV.
787 3775 907 3831 Mox
959 3778 1126 3849 igitur
1176 3779 1426 3834 Salvator
1456 3780 1686 3836 formam
1717 3780 1894 3846 allert,
1923 3783 2088 3838 nimi-

519 3881 640 3920 rum
691 3867 983 3924 all‘ectuum
1041 3871 1446 3928 damnationem
1511 3883 1673 3945 atque
1733 3875 2082 3941 medicinam,

515 3959 814 4015 ostendens
853 3977 974 4030 qua:
1012 3977 1040 4015 a
1079 3962 1239 4018 Patre
1299 3963 1541 4035 ingenito
1603 3966 1660 4019 in
1716 3955 2079 4032 Plenitudine,

514 4065 742 4120 qumque
768 4050 834 4105 ad
868 4052 1040 4122 ipsam
1069 4069 1242 4124 usque
1262 4062 1448 4110 essent
1473 4071 1485 4106 :
1513 4071 1775 4114 amovens
1805 4073 1936 4113 vero
1955 4059 2082 4130 qui-

512 4137 616 4214 bus
654 4139 998 4196 laboraverat
1027 4143 1275 4211 aﬂectus,
1311 4146 1488 4216 ipsam
1528 4147 1748 4216 quidem
1779 4149 1848 4205 ab
1883 4149 2079 4204 iisdem

510 4228 806 4285 immunem
840 4232 985 4288 fecit.
1020 4231 1312 4290 Passiones
1338 4244 1516 4292 autem
1556 4238 1873 4293 discernens
1894 4253 2080 4293 serva-

507 4315 606 4382 vit,
638 4325 692 4372 et
719 4335 824 4374 non
848 4328 906 4374 ut
937 4322 1004 4374 ab
1034 4322 1280 4378 interiori
1321 4325 1687 4396 dispositione
1716 4328 1989 4394 liberavit,
2021 4335 2077 4383 et

507 4408 816 4479 diripiebat,
855 4416 948 4469 sed
996 4423 1049 4469 et
1084 4417 1152 4470 ad
1192 4418 1367 4488 ipsam
1396 4419 1778 4490 dispositionis
1814 4420 2076 4476 secundae

2205 1961 2386 2025 δόντος
2411 1963 2590 2016 πᾶσαν
2619 1963 2718 2035 τὴν
2747 1963 2990 2027 ἐξουσίαν
3033 1963 3124 2017 τοῦ
3172 1964 3501 2035 Πνεύματος,
3529 1967 3723 2020 συναινέο-

2207 2071 2396 2120 σαντος
2439 2055 2495 2109 δὲ
2538 2056 2632 2110 καὶ
2667 2055 2760 2109 τοῦ
2814 2054 3204 2128 Πληρὼματος,
3230 2059 3562 2129 ἐκπέμπεται
3586 2057 3720 2126 ὁτῆς

2196 2145 2435 2213 ,ϐουλῆς
2460 2144 2731 2216 ἅγγελος,
2762 2146 2854 2200 καὶ
2877 2148 3086 2216 γίνεται
3113 2149 3322 2220 κεφαλὴ
3348 2149 3451 2203 τῶν
3476 2149 3595 2203 ὅλων
3615 2149 3721 2220 μετὰ

2199 2236 2293 2290 τὸν
2325 2237 2559 2309 Πατέρα.
2591 2237 2793 2292 Πάντα
2805 2237 2915 2308 γὰρ
2944 2238 3014 2292 ἐν
3037 2237 3195 2304 αὑτῷ
3219 2241 3465 2309 ἐκτίσθη
3493 2240 3558 2294 τὰ
3575 2239 3720 2309 ὁρατὰ

2202 2329 2304 2383 καὶ
2349 2329 2422 2384 τὰ
2469 2332 2728 2399 ἀόρατα,
2769 2333 2988 2400 θρόνοι,
3035 2336 3398 2402 κυριότητες,
3437 2334 3717 2398 βασιλεῖαι,

2201 2422 2494 2491 θεότητες,
2514 2424 2872 2494 λειτουργίαι
2891 2441 2905 2454 ·
2923 2423 3014 2478 διὸ
3041 2425 3138 2478 καὶ
3165 2429 3198 2480 ό
3221 2427 3366 2494 Θεὸς
3389 2426 3564 2481 αὐτὸν
3585 2431 3720 2494 ὑπερ-

2197 2511 2424 2580 ύψωσε,
2451 2511 2549 2566 καὶ
2573 2511 2794 2568 ἔδωκεν
2815 2511 2971 2579 αὐτῷ
2994 2514 3178 2585 ὄνομα
3199 2515 3266 2569 τὸ
3287 2516 3437 2584 ὑπὲρ
3467 2515 3578 2570 πᾶν
3603 2517 3709 2569 ὄνο-

2191 2621 2297 2672 μα,
2324 2605 2424 2658 ἵνα
2443 2605 2567 2660 πᾶν
2591 2606 2738 2675 γόνυ
2779 2605 3007 2676 κάμψῃ,
3035 2607 3133 2660 καὶ
3175 2606 3343 2663 πᾶσα
3368 2609 3601 2677 γλῶσσα
3621 2608 3721 2673 ἐξοο

2191 2696 2622 2766 μολοτήσηται,
2652 2696 2740 2750 ὅτι
2762 2699 2972 2765 Κύριος
2999 2696 3105 2766 τῆς
3129 2697 3316 2767 δόξης
3338 2699 3557 2766 Ἰησοῦς
3571 2701 3718 2768 Χρισ-

2197 2786 2298 2852 τὸς
2315 2787 2766 2856 Σωτὴρ,άναϐὰς
2778 2787 2957 2854 αὐτὸς
2973 2788 3070 2842 καὶ
3086 2789 3362 2861 καταϐάς.
3375 2791 3444 2845 Τὸ
3462 2790 3715 2858 δὲ,ἁνέϐη,

2196 2881 2253 2933 τι
2275 2880 2466 2947 ἐστιν,
2493 2882 2545 2932 εὶ
2564 2879 2642 2949 μὴ
2667 2880 2760 2933 ὅτι
2799 2881 2896 2934 καὶ
2927 2882 3138 2950 κατέϐη
3159 2899 3179 2946 ;
3222 2884 3276 2935 Ὁ
3300 2885 3550 2950 καταϐὰς
3567 2883 3717 2951 αὑτός

2195 2970 2368 3025 ἐστιν
2389 2974 2476 3038 είς
2491 2971 2888 3039 τὰρκατώτατα
2913 2972 3022 3042 τῆς
3043 2972 3176 3044 γῆς,
3201 2974 3300 3029 καί
3321 2976 3542 3043 ἀναϐὰς
3568 2978 3716 3044 ὑπερ-

2195 3062 2318 3118 άνω
2339 3064 2461 3119 τῶν
2477 3064 2766 3133 οὐρανῶν.

2266 3157 2395 3209 MA'.
2444 3158 2646 3212 ’ἰδοῦσα
2686 3160 2742 3214 δὲ
2788 3162 2950 3216 αὑτὸν
2988 3164 3023 3234 ἡ
3047 3163 3213 3234 Σοφία
3259 3166 3444 3236 ὅμοιον
3479 3164 3549 3236 τῷ
3587 3180 3715 3218 κατα-

2195 3247 2405 3302 λιπόντι
2449 3249 2616 3322 αὐτὴν
2647 3253 2806 3322 φωτὶ,
2830 3252 3090 3326 ἐγνώρισε
3128 3256 3223 3310 καὶ
3247 3258 3596 3330 προσέδραμε,
3640 3256 3715 3308 καὶ

2195 3340 2562 3410 ἠγαλλιάσατο
2615 3343 2706 3396 καὶ
2757 3346 3161 3416 προσεκύνησε·
3225 3351 3351 3413 τοὺς
3409 3349 3482 3405 δὲ,
3521 3348 3716 3420 ἄρρενας

2193 3433 2456 3502 ἀγγέλους
2486 3436 2613 3499 τοὺς
2652 3436 2748 3489 σὺν
2795 3436 2939 3507 αὐτῷ
2984 3423 3401 3509 ἐκπεμφθέντας
3422 3438 3715 3508 θεασαμένη,

2192 3525 2494 3598 κατῃδέσθη
2528 3527 2622 3580 καὶ
2673 3529 2933 3599 κάλυμμα
2996 3530 3238 3585 ἐπέθετο.
3295 3533 3395 3587 Διά
3448 3531 3620 3586 τούτου
3640 3527 3716 3581 τοῦ

2193 3617 2490 3688 μυστηρίου
2524 3617 2552 3670 ὁ
2600 3618 2806 3682 Παῦλος
2832 3619 3037 3674 κελεύει
3088 3621 3195 3688 τὰς
3226 3624 3514 3693 γυναῖκας
3544 3620 3716 3693 φορεῖν

2187 3707 2475 3773 ἐξουσίαν
2494 3709 2592 3764 ἐπὶ
2616 3711 2725 3779 τῆς
2747 3711 3032 3781 κεφαλῆς,
3065 3713 3160 3768 διὰ
3176 3715 3318 3782 τοὺς
3335 3715 3627 3785 ἀγγέλους.

2257 3801 2391 3855 ME’.
2421 3802 2596 3867 Εὐθὺς
2629 3800 2721 3856 οὖν
2751 3807 2778 3859 ὁ
2817 3805 3005 3876 Σωτὴρ
3033 3807 3283 3878 ἐπιφέρει
3329 3809 3496 3879 αὐτὴν
3539 3809 3717 3878 μόρφω-

2188 3908 2271 3945 σιν
2315 3892 2412 3964 τὴν
2444 3895 2786 3962 κατάγνωσιν
2835 3896 2928 3949 καὶ
2967 3897 3107 3949 ἴασιν
3147 3897 3256 3950 τῶν
3317 3898 3522 3962 παθῶν,
3566 3897 3716 3958 δείξας

2184 3983 2292 4039 ἀπὸ
2322 3987 2532 4058 Πατρὸς
2561 3987 2853 4059 ἀγεννήτου
2885 3988 2953 4041 τά
2985 3991 3043 4042 ὲν
3067 3988 3400 4061 Πληρώματι
3430 3993 3519 4045 καὶ
3542 3991 3602 4043 τὰ
3628 3988 3711 4058 μὲ-

2183 4096 2274 4150 χρι
2313 4080 2482 4150 αὐτῆς
2501 4096 2515 4110 ο
2553 4080 2868 4150 ἀποστήσας
2897 4080 2954 4135 δὲ
2985 4080 3054 4134 τὰ
3081 4082 3226 4152 πάθη
3259 4082 3362 4153 τῆς
3398 4081 3712 4142 πεπονθυίας,

2181 4171 2350 4242 αὐτὴν
2379 4172 2476 4242 μὲν
2502 4171 2684 4243 ἀπαθῆ
2715 4175 3102 4240 κατεσκεύασε,
3129 4174 3197 4227 τὰ
3221 4175 3367 4246 πάθη
3391 4176 3448 4229 δὲ
3467 4174 3714 4244 διακρίνας

2180 4261 2430 4330 ἐφύλαξε,
2471 4264 2562 4316 καὶ
2614 4265 2712 4335 οὐχ
2757 4263 2942 4335 ὥσπερ
2973 4267 3074 4335 τῆς
3108 4266 3253 4319 ἔνδον
3281 4267 3391 4337 (97)
3430 4264 3710 4336 διεφορήθη,

2178 4353 2290 4406 ἀλλ’
2323 4357 2400 4418 είς
2427 4355 2612 4407 οὐσίαν
2637 4357 2841 4426 ἤγαγεν
2863 4358 2999 4411 αὐτά
3022 4374 3081 4410 τε
3107 4359 3199 4411 καὶ
3223 4359 3322 4428 τῆς
3347 4359 3592 4430 δευτέρας
3611 4357 3712 4409 διαο

2177 4443 2392 4507 θέσεως.
2431 4444 2585 4498 Οὕτω
2628 4445 2716 4499 διὰ
2763 4448 2860 4518 τῆς
2907 4447 3000 4500 τοῦ
3054 4448 3302 4519 Σωτῆρος
3345 4448 3646 4518 ἐπιφανείας
3680 4448 3708 4514 ἡ

507 4501 870 4558 substantiam
923 4506 1170 4563 deduxit.
1204 4508 1362 4565 Hunc
1388 4511 1444 4566 in
1473 4512 1696 4568 modum
1736 4529 1833 4583 per
1883 4511 2066 4567 Salva-

2200 4535 2340 4604 ἰοφία
2359 4501 2606 4605 γίνεται,
2630 4538 2724 4590 καὶ
2754 4501 2827 4591 ea.
2840 4501 2952 4605 έεω
2998 4501 3259 4604 κτίζεται.
3281 4501 3495 4594 heir-ta
3521 4501 3712 4609 γὰρ’ὰζ

507 4593 643 4648 toris
677 4599 1068 4665 apparitionem
1101 4599 1377 4672 Sapientia
1419 4614 1502 4660 est
1525 4606 1808 4676 producta,
1841 4620 2070 4676 quaeque

503 4687 745 4742 exterius
773 4698 1108 4756 sunl,creata
1133 4694 1372 4752 fuerunt.
1395 4697 1588 4753 Omnia
1621 4701 1759 4753 enim
1785 4714 1876 4768 per
1896 4700 2069 4768 ipsum

503 4776 649 4846 facta
668 4791 808 4847 sunt,
838 4784 1032 4854 absque
1067 4788 1160 4842 illo
1191 4789 1389 4856 factum
1418 4801 1494 4845 est
1525 4792 1657 4846 nihil
1680 4795 1726 4848 ⁸.

572 4867 756 4925 XLVI.
786 4871 1026 4928 Primum
1060 4878 1246 4948 itaque
1299 4895 1367 4934 ex
1421 4865 1616 4936 affectu
1649 4883 1972 4953 incorporeo
2012 4889 2068 4936 et

502 4959 783 5017 accidente
823 4963 878 5018 in
915 4965 1318 5038 incorporeum,
1366 4972 1421 5027 in
1456 4975 1737 5028 materiam
1785 4973 1900 5028 haec
1945 4973 2063 5044 ipsa

2174 4626 2359 4680 αὑτοῦ
2387 4627 2610 4696 γέγονε,
2639 4631 2735 4683 καὶ
2763 4631 2938 4700 χωρὶς
2966 4630 3151 4685 αὑτοῦ
3177 4628 3632 4702 γέγονεν-οὐδέν.

2243 4880 2392 4946 Μετ’.
2429 4877 2652 4951 Πρῶτον
2687 4875 2779 4933 οὖν
2811 4879 2869 4946 ὲξ
2901 4880 3193 4950 ἀσωμάτου
3233 4882 3438 4946 πάθους
3478 4882 3565 4934 καὶ
3594 4895 3710 4946 συμ-

2175 4969 2464 5041 6ε6ηκότος
2496 4971 2576 5034 είς
2620 4971 2929 5044 ἀσώματον,
2967 4973 3062 5026 ἐπὶ
3090 4972 3186 5044 τὴν
3217 4973 3351 5046 ὓλην
3383 4973 3519 5028 αύτά
3545 4972 3711 5044 μετήν-

576 5141 634 5228 tx:
675 5136 754 5228 ξλ
776 5137 882 5228 979
910 5138 1019 5228 pp.
1058 5139 1355 5228 POTTER.
1398 5157 1424 5228 ει
1465 5145 1655 5228 uana.
1687 5164 1756 5228 x_,
1797 5147 1887 5204 39.
1963 5151 1990 5190 δ
2015 5153 2087 5209 lsa

2200 5171 2226 5223 :,
2261 5157 2315 5211 ο.
2394 5166 2418 5195 ε
2455 5154 2572 5212 Col.
2605 5156 2756 5223 1,16.
2833 5158 2860 5196 ἀ
2898 5159 3040 5215 Phil.
3076 5175 3133 5220 ιι,
3161 5157 3214 5225 9,
3249 5159 3334 5226 10,
3363 5159 3451 5216 Η.
3528 5166 3554 5196 ⁸
3587 5156 3709 5228 Eph-

499 5221 574 5270 ιν,
600 5208 654 5270 9,
687 5208 774 5264 l0.
849 5211 870 5249 ί
913 5209 932 5264 l
961 5210 1088 5268 Cor.
1119 5229 1195 5277 ιι,
1229 5217 1318 5270 10.
1397 5219 1421 5256 3
1457 5215 1615 5271 Joan.
1647 5234 1686 5280 ι,
1709 5208 1764 5272 5.

568 5323 683 5403 (95)
707 5327 828 5379 Οὐκ
856 5328 989 5403 ἐστι
1004 5347 1124 5398 μου
1139 5330 1417 5400 ἀδελφός.
1438 5331 1594 5403 Vulg.
1619 5333 1738 5389 Bib.
1765 5331 1956 5390 Matth.
1979 5351 2050 5390 ιε

495 5393 611 5447 Οὐκ
641 5393 756 5475 εστ-ι
792 5413 890 5475 μου
925 5393 1101 5475 άξιός·
1126 5393 1390 5475 ειῳιεζὶιεξ
1419 5393 1579 5475 etiam
1607 5403 1861 5458 Clemens
1891 5421 2055 5475 supra

650 5465 1170 5564 ξῆξλέξετΞξ-ιεὲιξη
1200 5465 1276 5564 ἐι
1329 5471 1551 5564 ἀδελφός
1577 5482 1776 5558 potest,
1798 5465 2055 5564 quoniam

497 5533 638 5617 apud
667 5534 868 5617 Lucam
903 5553 1018 5604 xw,
1053 5540 1143 5606 27,
1179 5549 1263 5596 est
1297 5542 1357 5594 οὐ
1393 5533 1615 5596 δύναταί
1654 5533 1925 5613 μουέῗναι
1960 5563 2060 5617 μα-

496 5599 682 5670 θητής.
720 5604 981 5663 SvLaunc.

569 5669 984 5758 ςθὸλέύναμιν.
1016 5678 1254 5758 Δύναμιν
1285 5679 1661 5758 accipiendum
1708 5697 1804 5758 per
1839 5687 2057 5758 ellipsin

495 5744 894 5824 pra-positionis
931 5749 1102 5824 κατά·
1139 5744 1231 5824 aut
1269 5744 1602 5824 trans-posita
1632 5744 1825 5824 copula
1877 5744 2058 5824 leéen-

498 5806 651 5876 dum,
680 5810 902 5884 δύναμιν
941 5817 1121 5881 δόντος
1155 5823 1244 5872 καὶ
1283 5806 1460 5876 πᾶσαν
1491 5821 1590 5891 τὴν
1621 5806 2053 5888 ὲξοῗδσίανίνξῖί-

2160 5478 2251 5550 τῷ
2280 5478 2432 5550 δευτέ

2154 5353 2309 5394 nunc.
2421 5345 2437 5360 ‘

2234 5408 2346 5484 (9A7)
2386 5408 2500 5484 Tﬁq
2529 5411 2724 5484 ἔνδον.
2761 5409 3316 5484 Videtur__opponere
3341 5413 3527 5484 τὸτῆς
3556 5412 3706 5474 ἔνδον,

2512 5498 2540 5543 ς
2582 5481 2829 5543 κτίσεως,
2853 5490 2913 5533 ut
2941 5480 3070 5535 velit
3110 5482 3373 5536 mundum
3409 5480 3706 5538 interiorem

2163 5559 2218 5605 et
2260 5550 2404 5619 quod
2425 5550 2732 5622 Pleromate
2763 5552 3095 5622 continetur,
3128 5551 3402 5622 quidquid
3433 5555 3707 5609 aﬁectuum

2166 5627 2271 5681 est,
2304 5620 2959 5689 passionumkvitiorum,
2986 5620 3372 5689 aegritudinum
3413 5624 3637 5680 dililasse
3663 5631 3712 5676 et

2163 5687 2515 5759 exstirpasse,
2532 5687 2769 5744 etc.ll:ec
2787 5687 3288 5747 Valentinianorum
3308 5692 3710 5752 Gnosticorum-

2165 5775 2270 5834 que
2297 5758 2566 5834 doctrina,
2584 5775 2652 5834 es
2677 5761 2784 5816 illis
2805 5759 3054 5834 Origenis
3075 5763 3356 5834 disputata
3379 5774 3435 5822 et
3456 5768 3510 5822 in
3530 5765 3708 5821 Eccle-

2163 5832 2300 5884 siam
2352 5830 2581 5885 invecta.
2615 5829 2828 5888 Couner
