3840 6524
184 323 270 384 685
831 326 1056 383 DUBIA.
1089 362 1157 371 —
1197 330 1562 387 EXCI-IRPTA
1604 334 1694 390 EX
1730 334 2047 394 SCRIPTIS
2079 337 2451 413 THEODOTI,
2492 344 2644 403 ETC.

3248 358 3358 416 686

186 449 263 512 ἓως
290 444 564 517 κινούμενος
602 446 705 501 ὑπὸ
752 447 847 518 τῆς
872 449 1090 519 Σοφίας,
1115 450 1289 506 οἴεται
1323 452 1651 526 αὐτοκίνητοε

1774 465 1950 520 vetur,
1982 473 2011 513 a
2048 474 2109 514 se
2134 463 2340 516 moveri
2374 463 2492 533 ipse
2520 471 2693 534 putat,
2729 468 2981 527 similiter
3007 470 3354 535 ethominel.

180 539 302 598 εἶναι*
325 539 503 611 ὁμοίως
544 540 640 594 καὶ
676 543 725 596 oi
753 524 1044 614 ἄνθρωποι.
1077 544 1297 616 Πρῶτον
1336 541 1430 599 οὖν
1457 524 1674 620 σπέρμα

181 632 480 703 πνευματικὸν
504 632 563 686 τὸ
589 633 649 686 ἐν
672 632 752 705 τῷ
804 635 971 708 Ἀδὰμ
1003 638 1298 709 προέϐαλεν
1316 642 1350 711 ἡ
1379 641 1568 712 Σοφία,
1591 644 1674 697 ἵνα

176 723 268 801 ᾗτὸ
300 725 468 780 ὀστοῦν
510 726 541 797 ἡ
589 725 779 800 λογικὴ
821 730 915 784 καὶ
950 731 1172 803 οὐρανία
1211 732 1355 806 ψυχὴ
1401 734 1475 807 μὴ
1520 737 1670 810 κενὴ,

174 822 275 875 ἀλλὰ
300 819 473 893 μυελοῦ
492 820 733 891 γέμουσα
753 826 1140 895 πνευματικοῦ.
1242 884 1251 891 ,

216 937 311 990 ΝΔι.
350 934 471 988 Ἀπδ
505 934 561 989 δέ
598 935 695 990 τοῦ
739 936 1088 1013 ’Ᾱδὰμιτρεῖς
1130 940 1322 1010 φῦσεις
1354 940 1667 1012 γεννῶνται*

172 1028 314 1101 πρώτη
355 1026 445 1098 μὶν
477 1028 510 1099 ἡ
537 1026 750 1098 ἄλογος,
784 1026 852 1103 ἧς
879 1028 949 1103 ἦν
974 1033 1133 1097 Κάῖν,
1178 1034 1404 1108 δευτέρα
1434 1035 1491 1089 δέ
1521 1037 1555 1106 ἠ
1585 1035 1672 1089 λο-

167 1121 281 1193 fixi),
306 1120 391 1175 καὶ
434 1121 465 1192 ή
511 1120 716 1187 δικαία,
756 1118 825 1197 ἧς
851 1119 920 1196 ἦν
963 1125 1145 1180 Ἀϐελ-
1176 1128 1335 1199 τρίτη
1365 1128 1421 1182 δὲ
1444 1130 1478 1200 ἡ
1516 1147 1673 1184 πνευ-

169 1214 342 1286 ματικὴ,
370 1208 433 1286 ἦς
457 1208 524 1286 ἦν
552 1214 688 1288 Σήθ.
719 1216 830 1271 καὶ
859 1220 888 1272 6
934 1218 1032 1289 μὲν
1076 1221 1257 1291 χοῖκδς
1296 1222 1410 1299 ἐστι
1445 1226 1568 1278 κατ’
1594 1226 1671 1278 εί-

163 1304 277 1367 κόνα,
303 1306 328 1358 6
365 1303 417 1358 δὲ
445 1303 671 1376 ψυχικὸς
720 1306 841 1361 καθ’
869 1310 1126 1381 ὁμοίωσιν
1159 1311 1314 1377 Θεοῦ,
1354 1315 1383 1368 6
1422 1315 1479 1369 δὲ
1510 1334 1670 1371 πνευ-

166 1395 341 1464 ματικὸς
363 1397 475 1449 κατ’
520 1396 654 1450 ἰδίαν
683 1394 782 1469 (7).
829 1399 945 1470 Ἐφ’
970 1397 1055 1466 οἷς
1073 1403 1249 1474 τρισὶν
1281 1404 1407 1459 ἄνευ
1446 1405 1553 1460 τῶν
1577 1406 1669 1463 ἄλ·-

160 1485 238 1540 λων
259 1487 437 1542 παίδων
464 1486 555 1541 τοῦ
602 1489 776 1562 Ἀδὰμ
803 1490 1038 1564 εἴρηται·
1070 1494 1230 1563 Αὕτη
1252 1497 1291 1565 ἠ
1321 1497 1540 1565 ,Βίϐλος
1569 1515 1663 1568 γε-

159 1581 330 1648 νέσαυς
367 1581 702 1652 ἀνθρώπων.
757 1585 877 1640 Ὅτι
920 1586 977 1639 δε
1034 1590 1397 1660 πνευματικὸς
1444 1592 1480 1644 ’ὁ
1534 1591 1662 1664 Σὴθ,

155 1674 245 1728 οὔτε
262 1675 508 1748 ποιμαίνει
533 1676 658 1732 οὔτε
678 1682 933 1751 γεωργεῖ,
961 1680 1097 1734 ἀλλὰ
1123 1682 1287 1736 παῖδα
1306 1687 1662 1755 καρποφορεῖ,

154 1768 209 1831 ὡς
224 1768 279 1822 τὰ
300 1770 649 1842 πνευματικὰ,
672 1772 766 1825 κα)⁵
792 1771 1000 1838 τοῦτον,
1040 1773 1101 1837 ὃς
1120 1774 1343 1846 ἤλπισεν
1368 1776 1664 1831 ἐπικαλεῖ-

1775 547 2018 604 Primum
2050 551 2236 622 itaque
2257 567 2442 611 semen
2467 558 2612 628 quod
2636 558 2690 615 in
2714 560 2924 616 Adamo
2948 560 3069 630 fuit,
3094 564 3389 635 produxtt_

1779 640 2077 711 Sapientia,
2120 650 2180 698 ut
2207 659 2271 701 os
2323 646 2506 702 anima
2561 650 2846 708 rationalis
2899 664 3063 725 atque
3107 656 3353 713 caelestis

1775 742 1940 798 esset,
1973 748 2081 788 non
2117 750 2289 791 vacua
2327 737 2420 792 sed
2446 739 2678 795 medulla
2704 742 2859 812 plena
2889 745 3180 814 spirituali.

1844 930 1978 986 LIV.
2013 933 2095 987 Ab
2138 933 2347 990 Adamo
2396 944 2579 994 autem
2611 946 2724 995 tres
2764 949 2974 998 natura;
3023 954 3348 1014 nascuntur,

1766 1023 1948 1109 prima
1977 1022 2197 1094 quidem
2227 1042 2350 1097 quae
2379 1031 2609 1088 rationis
2637 1048 2833 1105 expers
2867 1035 3004 1102 fuit,
3032 1047 3087 1094 et
3112 1040 3180 1094 ad
3208 1042 3350 1096 hanc

1770 1112 1904 1169 Cain
1934 1117 2274 1186 pertinebat;
2303 1122 2545 1177 secunda
2586 1138 2718 1180 vero
2758 1127 3231 1201 rationetpraadita
3258 1132 3349 1203 ju-

1771 1214 1985 1278 staque,
2033 1209 2099 1264 ad
2155 1227 2316 1282 quam
2365 1212 2532 1282 Abel;
2565 1218 2727 1272 tertia
2775 1235 2908 1276 vero
2948 1222 3230 1292 spiritalis,
3279 1223 3348 1279 ad

1770 1312 1932 1367 quam
1956 1297 2108 1355 Seth.
2143 1300 2209 1356 Et
2240 1304 2522 1361 terrestris
2551 1308 2770 1377 quidem
2812 1319 2899 1367 est
2932 1311 3000 1367 ad
3031 1312 3347 1385 imaginem,

1768 1390 2022 1447 animalis
2041 1407 2172 1449 vero
2196 1393 2262 1448 ad
2303 1393 2397 1451 Dei
2430 1384 2869 1468 similitudinem,
2900 1384 3165 1475 spiritalis
3191 1406 3345 1462 deni-

1767 1498 1873 1555 que
1896 1487 1963 1541 ad
1992 1490 2288 1561 propriam.
2313 1490 2389 1548 De
2410 1493 2586 1549 tribus
2607 1493 2783 1558 hisce,
2817 1497 2939 1551 sine
2961 1498 3180 1554 caeteris
3198 1498 3348 1554 Ada-

1767 1575 1842 1629 mi
1882 1575 2106 1643 liberis,
2164 1579 2368 1635 dictum
2406 1589 2519 1637 est:
2561 1580 2661 1636 Hie
2705 1584 2837 1639 liber
2881 1595 2959 1640 est
2993 1588 3347 1659 generationis

1765 1667 2038 1725 hominum
2081 1683 2132 1725 ι.
2171 1671 2328 1739 Quod
2370 1689 2500 1730 vero
2554 1674 2685 1732 Seth
2720 1677 3023 1749 spiritualis
3068 1680 3192 1746 fuit,
3244 1696 3347 1739 nec

1764 1770 1953 1831 pastor
1978 1771 2097 1820 erat
2120 1780 2293 1836 neque
2308 1774 2509 1823 terram
2530 1770 2721 1833 coluit,
2744 1772 2837 1827 sed
2866 1772 3159 1843 spirituum
3192 1789 3346 1833 more

153 1863 253 1915 σθαι
291 1861 349 1915 τὸ
409 1861 595 1933 ὄνομα
653 1865 895 1932 Κυρίου,
947 1864 1060 1921 ἄνω
1117 1865 1404 1937 βλέποντα,
1459 1863 1531 1924 οὗ
1594 1867 1651 1921 τε

1760 1855 1968 1924 prolem
2012 1856 2220 1928 genuit,
2258 1872 2487 1929 eamque
2519 1876 2646 1931 quae
2692 1878 2880 1920 nomen
2930 1863 3150 1920 Domini
3196 1867 3344 1921 inuo-

151 1952 415 2024 πολίτευμα
438 1954 506 2008 ἐν
549 1954 818 2023 appar-Gr
853 1955 1041 2009 τοῦτον
1070 1959 1099 2010 6
1145 1957 1349 2027 κόσμος
1384 1957 1657 2029 οὒνχωρεῖ.

196 2156 277 2211 NE'
329 2158 442 2223 Τοῖς
481 2160 664 2231 τρισὶν
715 2159 1026 2231 ἀωμᾶτοις
1081 2159 1174 2214 ἐπὶ
1210 2158 1305 2214 τοῦ
1359 2158 1531 2233 Ἀδὰμ
1573 2161 1660 2215 τέ-

146 2265 294 2321 ταρτον
329 2249 639 2305 ἐπενδύεται
667 2250 760 2304 τὸν
804 2250 1007 2322 χοῖκὺν,
1039 2252 1164 2317 τοὺς
1197 2251 1550 2325 δερματίνους
1578 2271 1658 2323 χιι-

143 2340 289 2406 τῶνας.
335 2342 450 2397 ὥτ’
498 2339 592 2399 οὖν
624 2342 736 2397 ἀπὸ
770 2343 864 2397 τοῦ
910 2343 1218 2415 πνεύματος
1255 2342 1366 2398 οὔτ’
1411 2339 1505 2399 οὖν
1549 2345 1657 2399 ἀπὸ

143 2432 470 2507 ὲμφυσήματος
500 2435 721 2507 σπείρει
746 2437 777 2490 6
814 2435 1003 2506 Ἀδάμ·
1036 2435 1153 2489 θεῖα
1183 2435 1293 2509 γὰρ
1327 2437 1512 2507 ἄμφω*
1562 2438 1656 2491 καὶ¹

141 2526 188 2579 δι’
211 2528 347 2582 αὐτοῦ
376 2530 490 2601 μὲν,
522 2531 627 2601 οὐχ
654 2531 748 2584 ὑπ’
789 2529 955 2584 αὐτοῦ
988 2531 1046 2585 δὲ
1080 2529 1439 2602 προϐάλλεται
1466 2530 1653 2602 ἄμφω.

142 2618 193 2671 Τὸ
211 2619 256 2673 δὲ
288 2621 453 2676 ὑλικὸν
471 2622 663 2686 αὐτοῦ,
694 2623 915 2696 ἐνεργδν
949 2625 1028 2686 εἰς
1056 2619 1275 2695 σπέρμα
1302 2624 1395 2676 καὶ
1421 2621 1651 2693 γένεσιν,

138 2710 190 2775 ὡς
216 2713 268 2767 ἂν
299 2714 369 2786 τῷ
407 2717 684 2789 σπέρματι
716 2717 1178 2788 συγκεκραμένον,
1213 2716 1308 2770 καὶ
1337 2716 1538 2789 ταύτης
1591 2717 1653 2769 ἐν

143 2802 216 2877 ζωῇ
241 2808 324 2880 τῆς
363 2809 632 2882 ἁρμονίας
680 2809 985 2880 ἀποστῆναι
1027 2809 1101 2880 μὴ
1138 2808 1457 2881 δυνάμενος.
1495 2808 1651 2863 Κατὰ

138 2897 248 2953 τοῦτο
275 2903 440 2975 πατὴρ
468 2904 500 2976 ἡ
508 2902 633 2974 μῶν
668 2904 699 2957 6
743 2901 934 2973 Ἀδάμ.

178 3099 289 3169 NQ".
329 3105 379 3158 '0
406 3105 643 3176 πρῶτος
680 3106 729 3191 6‘
759 3105 1066 3176 ἅνθρωπος
1093 3106 1162 3164 ἐκ
1186 3106 1298 3177 τῆς
1326 3106 1554 3175 χοϊκός.
1585 3106 1648 3161 Ei

135 3188 170 3242 δὲ
194 3195 265 3247 καὶ
288 3196 345 3251 ἐκ
381 3197 614 3270 ψυχικοῦ
648 3188 871 3271 ἔσπειρε
902 3198 996 3253 καὶ
1022 3199 1087 3252 ἐκ
1129 3197 1520 3270 πνευματικοῦ,
1544 3215 1650 3252 ⁴κα-

1766 1963 1889 2002 care
1931 1949 1960 1989 ι»
1987 1950 2277 2030 speravit;
2308 1967 2430 2022 quae
2477 1969 2697 2010 sursum
2740 1956 2930 2012 oculos
2967 1958 3145 2023 tollat,
3190 1959 3341 2030 cujus

1758 2041 2090 2094 conversatio
2124 2041 2180 2094 in
2206 2041 2338 2096 υωιο
2371 2053 2421 2109 ε,
2446 2058 2611 2113 quam
2649 2045 2887 2102 mundus
2924 2062 3034 2102 non
3067 2048 3233 2118 capit.

1831 2149 1943 2206 LV.
1978 2149 2178 2209 Tribus
2204 2153 2259 2208 in
2282 2153 2491 2209 Adamo
2518 2154 2875 2227 incorporeis,
2908 2167 3164 2228 quartum
3196 2176 3339 2232 quo-

1760 2259 1865 2313 que
1916 2252 2177 2302 terrestre
2225 2247 2424 2313 induit,
2474 2248 2734 2320 pelliceas
2779 2249 3040 2305 nimirum
3097 2252 3336 2310 tunicas.

1756 2334 1993 2393 Proinde
2019 2352 2123 2394 nec
2149 2353 2215 2394 ex
2241 2339 2438 2410 spiritu
2483 2356 2660 2412 neque
2687 2358 2751 2398 ex
2790 2342 3066 2412 spiraculo
3095 2343 3340 2402 Adamus

1756 2428 2008 2495 seminat,
2040 2430 2202 2487 ambo
2225 2432 2427 2504 quippe
2449 2432 2654 2489 divina.
2690 2433 2755 2489 Et
2783 2450 2880 2506 per
2907 2436 3059 2492 illum
3090 2437 3336 2509 quidem,

1755 2535 1867 2575 non
1911 2530 2091 2578 autem
2139 2523 2210 2580 ab
2258 2525 2354 2579 illo
2380 2524 2761 2596 producuntur
2789 2527 2972 2585 ambo.
3005 2527 3163 2597 Quod
3207 2546 3337 2587 vero

1754 2612 1903 2669 illius
1924 2620 2009 2671 est
2035 2621 2337 2684 terrenum,
2353 2618 2413 2673 id
2435 2617 2503 2673 ad
2533 2635 2720 2677 semen
2747 2630 2910 2693 atque
2927 2624 3334 2694 generationem

1752 2704 1941 2762 eﬂicax
1978 2716 2087 2773 est,
2135 2704 2523 2780 quasi'semini
2553 2714 2906 2787 commistum
2939 2724 3108 2780 esset,
3140 2726 3334 2789 estque

1749 2797 2043 2866 ejusmodi,
2063 2808 2122 2854 ut
2142 2801 2210 2856 ab
2227 2801 2317 2856 iila
2348 2819 2468 2873 qua:
2492 2805 2548 2860 in
2575 2806 2686 2861 vita
2715 2813 2800 2862 est
2822 2806 3110 2864 harmonia
3141 2810 3331 2868 absce-

1749 2887 1879 2943 dere
1918 2904 2026 2944 non
2062 2891 2257 2960 possit.
2300 2891 2415 2948 Hoc
2472 2895 2656 2965 itaque
2713 2895 2877 2951 modo
2926 2895 3089 2955 Pater
3141 2910 3333 2956 noster

1747 2978 1991 3037 Adamus
2014 2982 2245 3049 exstitit,
2275 2991 2329 3040 ct
2355 2985 2565 3056 genuit.

1816 3093 1952 3151 LV].
1990 3095 2209 3153 Primus
2237 3097 2390 3153 homo
2419 3098 2485 3154 de
2539 3110 2678 3155 terra
2710 3114 2951 3158 terrenus
2975 3103 3026 3159 δ.
3080 3104 3236 3172 Quod
3279 3109 3325 3161 si

1748 3201 1814 3241 ex
1837 3187 2058 3243 animali
2089 3189 2415 3247 scminasset
2449 3207 2513 3248 ac
2540 3194 2794 3264 spiritali,
2822 3196 2887 3248 ad
2927 3194 3178 3252 eumdem
3216 3212 3329 3252 mo-

134 3281 257 3356 Ἰάπερ
279 3287 331 3354 ἐξ
348 3258 548 3355 dimovi,
579 3290 788 3354 πάντες
812 3258 887 3345 ’ἂν
911 3291 1014 3345 too:
1046 3291 1141 3345 καὶ
1166 3258 1361 3344 δίκαιοι
1387 3258 1649 3361 ἐγεγόνει-

1760 3277 1877 3332 dun
1908 3293 2016 3349 quo
2042 3294 2108 3335 ex
2149 3281 2438 3347 materiali,
2471 3258 2663 3341 omnes
2703 3301 2864 3356 pares
2907 3300 2971 3341 ac
3017 3286 3155 3357 justi
3207 3289 3324 3344 nati

130 3388 213 3442 σαν,
226 3379 304 3433 καὶ
332 3382 388 3435 ἐν
414 3386 583 3438 πᾶσιν
624 3384 693 3438 ἂν
737 3385 771 3455 ἡ
812 3382 1000 3455 διδαχὴ
1029 3379 1118 3456 ἦν.
1147 3382 1246 3437 Διὰ
1274 3382 1432 3437 τοῦτο
1463 3383 1645 3437 πολλοὶ

130 3468 197 3534 μὲν
223 3473 263 3524 οι
305 3474 492 3541 ὖλικοὶ,
533 3478 598 3531 οὐ
661 3475 847 3530 πολλοὶ
877 3475 936 3529 δὲ
976 3477 1027 3530 oi
1066 3475 1306 3547 ψυχικοί·
1343 3476 1556 3531 σπάνιοι
1588 3477 1645 3531 δὲ

127 3560 159 3609 οἱ
184 3569 512 3636 πνευματικοί.
560 3569 641 3622 Τὸ
673 3568 780 3638 μὲν
811 3562 905 3622 οὖν
935 3568 1304 3640 πνευματικὸν
1335 3568 1494 3639 φύσει
1541 3588 1646 3647 σῳ-

126 3651 309 3723 ζόμενον
332 3661 391 3713 τὸ
408 3662 464 3715 δὲ
482 3662 744 3735 ψυχικὸν,
769 3660 1114 3727 αὐτεξούσιον
1126 3660 1207 3722 ὃν,
1231 3660 1644 3735 ἐπιτηδειότητα

125 3740 202 3812 ἔχει
226 3747 341 3818 πρὸς
364 3750 460 3823 τὴν
483 3750 676 3805 πίστιν
726 3752 820 3805 καὶ
851 3749 1181 3822 ἀφθαρσίαν,
1226 3749 1320 3803 καὶ
1352 3750 1491 3822 πρὸς
1516 3750 1644 3803 ἀπι-

123 3837 234 3891 στίαν
271 3842 355 3895 καὶ
393 3842 630 3915 φθορὰν,
665 3842 809 3897 κατὰ
850 3843 951 3914 τὴν
980 3842 1188 3915 οἰκείαν
1230 3842 1459 3915 αἰρεσινο
1492 3840 1554 3896 τὸ
1584 3842 1642 3896 δέ

123 3925 255 3984 ὁλικδν
274 3934 419 4004 φύσει
434 3912 766 3992 ἀπόλλυται.
805 3912 970 3990 Ὅταν
994 3932 1088 3991 οὖν
1113 3912 1184 3991 τὰ
1205 3912 1421 4007 quiue
1447 3936 1644 4008 ἐγκεν-

120 4024 278 4095 τρισθῇ
302 4026 371 4099 τῇ
415 4030 793 4100 καλλιελαίῳ
828 4030 908 4092 είς
953 4029 1137 4082 πίστιν
1165 4028 1258 4082 καὶ
1304 4026 1639 4100 ἀφθαρσίαν,

120 4114 188 4166 καὶ
204 4119 452 4192 μετάσχῃ
482 4122 599 4192 τῆς
637 4123 915 4189 πιότητος
950 4120 1062 4190 τῆς
1082 4122 1313 4189 ἐλαίας,
1345 4120 1444 4174 καί
1497 4121 1642 4174 ὅταν

116 4208 302 4281 εἰσέλθῃ
327 4215 397 4269 τὰ
414 4216 588 4285 ἔθνη,
622 4216 746 4269 τότε
780 4214 935 4269 οὕτω
966 4214 1087 4281 πᾶς
1131 4212 1366 4283 Ἰσραήλ
1399 4212 1492 4284 (8).
1542 4215 1643 4267 Ἰσ-

120 4296 219 4368 Ραῇλ
238 4304 287 4357 δὲ
310 4306 697 4380 ἀλληγοριίται
724 4309 757 4361 ὸ
794 4307 1183 4378 πνευματικὸς,
1221 4307 1250 4360 6
1271 4304 1532 4377 ὀψόμενος
1549 4304 1641 4358 τὸν

114 4389 225 4457 θεον,
249 4399 275 4450 ό
300 4399 387 4453 τοῦ
415 4400 621 4455 πιστοῦ
663 4397 915 4471 Ἀϐραὰμ
950 4399 1063 4463 υίὸς
1088 4384 1330 4470 Υνήδιοίῦ
1357 4401 1391 4453 δ
1411 4398 1480 4452 ἐκ
1529 4395 1641 4464 τῆς

114 4476 387 4554 ἐλευθέρας,
437 4493 557 4561 οὐχ
593 4493 635 4544 ὁ
676 4489 831 4543 κατὰ
861 4488 1080 4558 σάρκα,
1117 4492 1150 4543 d
1176 4489 1248 4542 ἐκ
1274 4486 1386 4557 τῆς
1412 4486 1638 4554 δούλης

114 4570 190 4641 τῆς
202 4579 526 4657 Αἰγυπτίας.

157 4830 254 4887 ΝΖ’.
284 4838 489 4896 Γίνεται
527 4838 629 4895 οὖν
681 4841 749 4895 ἐκ
795 4842 903 4894 τῶν
948 4841 1122 4911 γενῶν
1172 4839 1280 4895 τῶν
1322 4841 1506 4914 τριῶν,
1538 4842 1634 4895 τοῦ

111 4918 182 4985 Ῑιὶν
201 4926 459 4999 μόρφωσις
515 4933 620 4987 τοῦ
666 4932 1059 5005 πνευματικοῦ,
1107 4933 1204 4987 τοῦ
1252 4933 1309 4987 δὲ
1345 4933 1634 5006 μετάθεσις

109 5012 173 5065 τοῦ
188 5016 394 5089 ψυχικοῦ
421 5025 491 5079 ἐκ
520 5024 773 5089 δουλείας
805 5027 884 5088 είς
905 5024 1234 5101 ἐλευθερίαν.

155 5103 262 5163 NH'.
292 5113 442 5171 Μετὰ
467 5117 572 5189 τὴν
606 5117 706 5170 τοῦ
740 5116 970 5171 θανάτου
1001 5118 1181 5172 τοίνυν
1209 5117 1507 5189 βασιλείαν,
1532 5135 1634 5191 με-

106 5194 234 5271 τάλην
260 5204 351 5274 μὲν
372 5207 468 5261 καὶ
506 5206 877 5278 εὐπρόσωπον
905 5207 1005 5280 τὴν
1051 5208 1382 5278 ἐπαγγελίαν
1405 5226 1638 5279 πεποιη-

1746 3385 2016 3437 essemus,
2047 3373 2189 3428 etin
2234 3374 2491 3430 omnibus
2518 3375 2769 3434 doctrina
2814 3384 2872 3442 >14
2918 3386 3085 3434 esset.
3137 3377 3327 3451 Itaque

1746 3461 1902 3517 multi
1933 3472 2063 3520 sunt
2094 3466 2320 3531 terreni,
2365 3483 2477 3525 non
2508 3484 2639 3526 vero
2686 3471 2845 3526 multi
2881 3471 3167 3537 animales,
3211 3472 3323 3528 rari

1745 3569 1876 3612 vero
1896 3556 1988 3627 qui
2035 3558 2349 3628 spirituales
2380 3571 2532 3620 sunt.
2561 3562 2751 3635 Itaque
2779 3565 2924 3637 quod
2958 3566 3179 3637 quidem
3211 3567 3325 3640 spi-

1749 3646 1929 3711 ritale,
1964 3657 2164 3704 natura
2207 3666 2308 3706 sua
2333 3653 2611 3710 salvatur:
2643 3650 2791 3727 quod
2817 3670 2949 3715 vero
2979 3658 3215 3716 animale
3260 3660 3327 3716 Ii-

1745 3739 1987 3811 beroque
2015 3742 2247 3800 arbitrio
2272 3745 2582 3816 praeditum,
2608 3749 2666 3804 id
2698 3750 2955 3806 idoneum
2979 3758 3067 3807 est
3099 3765 3224 3807 cum
3256 3752 3326 3809 ad

1746 3831 1904 3889 iidem
1930 3841 2050 3890 tum
2075 3834 2149 3890 ad
2177 3837 2673 3910 incorruptionem,
2708 3842 2819 3898 imo
2847 3849 2904 3899 et
2933 3844 3003 3900 ad
3025 3843 3326 3900 inﬁdelita-

1744 3931 1853 3981 tem
1878 3940 1944 3981 ac
1973 3930 2404 4000 corruptionem.
2435 3932 2649 4005 hocque
2675 3950 2740 3990 ex
2762 3935 3029 3993 electione
3047 3950 3111 3991 ac
3127 3936 3328 3992 volun-

1741 4024 1854 4073 tate
1884 4021 2150 4090 prepria;
2179 4022 2325 4093 quod
2369 4023 2589 4082 demum
2628 4035 2936 4094 terrenum,
2986 4037 3183 4084 natura
3224 4042 3324 4084 sua

1744 4107 1848 4163 hoc
1880 4109 2086 4165 interit.
2118 4109 2255 4169 Cum
2285 4113 2473 4186 itaque
2507 4132 2629 4187 qua:
2662 4133 2729 4173 ex
2758 4119 2980 4175 animali
3015 4128 3145 4175 sunt
3190 4120 3326 4176 sub-

1743 4202 1944 4253 stantia
1962 4200 2171 4255 ἔπιθι-ια
2214 4203 2323 4258 sint
2350 4205 2401 4258 in
2424 4205 2617 4261 bonam
2637 4207 2853 4273 olivam,
2884 4208 2940 4264 in
2972 4208 3155 4276 ﬁdem,
3182 4219 3238 4268 et
3263 4200 3320 4266 in

1742 4288 2235 4360 incorruptionem,
2263 4301 2419 4365 atque
2438 4295 2596 4351 olim
2618 4298 2987 4368 pinguedinem
3018 4301 3322 4372 participat,

1741 4394 1859 4433 cum
1880 4377 2098 4451 denique
2126 4390 2303 4452 gentes
2322 4383 2519 4453 fuerint
2558 4385 2828 4457 ingressas,
2868 4395 3003 4442 tunc
3040 4388 3118 4442 ita
3151 4391 3323 4446 omnis

1742 4471 1918 4528 Israel
1966 4474 2143 4530 salvus
2189 4476 2291 4530 erit
2327 4486 2373 4532 ο.
2405 4475 2572 4534 Israel
2601 4466 2781 4534 autem
2824 4479 3127 4550 spiritualis
3155 4496 3321 4538 sensu

1742 4566 2038 4638 allegorico
2067 4568 2413 4640 intelligitur,
2439 4569 2532 4640 qui
2570 4568 2740 4628 Deum
2770 4572 2845 4629 sit
2876 4575 3116 4637 visurus.
3146 4574 3324 4631 Abrae

1670 4623 1714 4678 υ
1742 4623 1889 4715 hami
1907 4659 2082 4717 ﬁdelis
2104 4623 2869 4728 tivliusvverus,-matrelibera,
2901 4683 3005 4721 non
3033 4623 3323 4723 secundum

1740 4766 1954 4805 carnem
1982 4761 2140 4806 natus
2157 4761 2208 4806 et
2229 4767 2295 4806 ea:
2325 4752 2524 4807 ancilla
2541 4752 2866 4826 digyptiaca
2901 4755 2945 4812 ί.

1814 4840 1972 4898 LVII.
2005 4840 2094 4897 Fit
2127 4844 2294 4915 igitur
2315 4858 2381 4899 ex
2413 4845 2593 4901 tribus
2620 4845 2938 4916 generibus,
2970 4846 3108 4903 adeo
3134 4856 3193 4901 ut
3226 4846 3319 4900 uni

1741 4933 1963 5004 quidem
2000 4932 2177 4988 forma
2214 4934 2592 5005 sitspiritalis,
2625 4935 2784 5002 alteri
2813 4951 2945 4992 vero
2967 4935 3218 4992 animalis
3252 4950 3319 4994 ex

1743 5026 2005 5082 servitute
2029 5024 2083 5080 in
2116 5025 2419 5082 libertatem
2447 5025 2758 5085 translatio.

1813 5116 1997 5174 LVIII.
2026 5116 2159 5173 Post
2184 5116 2378 5174 mortis
2406 5117 2593 5188 itaque
2623 5117 2932 5188 imperium,
2956 5116 3321 5189 promissione

1744 5225 1941 5283 magna
1971 5216 2027 5262 et
2055 5209 2304 5281 speciosa
2358 5210 2579 5282 quidem
2613 5209 2940 5282 perfectum,
2972 5224 3095 5282 qua:
3119 5209 3321 5271 nihilo-

153 5352 382 5431 μ’ᾚό
420 5359 862 5417 ED.POTTER.
940 5373 965 5401 ⁸
1000 5360 1137 5419 Gen.
1170 5364 1297 5423 v.1.
1378 5363 1405 5402 ιτ
1432 5361 1568 5418 Gen.
1607 5361 1798 5428 “326.
1880 5374 1901 5400 ε
1945 5361 2083 5418 Phil.
2121 5363 2312 5431 m,20.
2389 5365 2415 5403 ἀ
2456 5363 2625 5421 ICor.
2666 5364 2864 5431 “.67.
2912 5366 3110 5421 eIiom.
3140 5363 3319 5428 11,25.

108 5416 119 5453 ⁸
151 5420 248 5478 Gal.
277 5444 349 5493 tv,
376 5430 466 5486 26.

149 5578 210 5649 (Ἰ)
253 5586 385 5639 Κατ’
435 5586 630 5642 ιδίαν.
680 5585 749 5642 Η.
807 5586 1019 5642 dubitat
1066 5604 1134 5642 an
1178 5588 1362 5645 verius
1404 5589 1476 5645 sit
1507 5589 1626 5642 κατ’

102 5641 227 5706 wet.
253 5651 513 5713 Smne.

149 5717 206 5790 (8)
224 5723 340 5797 Πᾶς
374 5726 646 5797 Ἰσραήλ.
684 5725 749 5782 A.
803 5736 924 5797 post
976 5727 1088 5783 haec
1117 5729 1280 5783 verba
1324 5727 1631 5785 addendum

98 5797 213 5849 l‘utat
242 5795 563 5869 σωθήσεται,
600 5813 669 5852 ex
712 5795 872 5854 ltom.
930 5814 1007 5865 χι,
1041 5799 1132 5853 26.
1188 5798 1293 5854 Sed
1346 5797 1630 5856 subaudiri

1734 5560 1897 5644 etiam
1926 5597 2106 5660 potest
2139 5608 2203 5647 ex
2244 5592 2589 5651 antecedenti
2631 5592 2877 5649 membro
2909 5592 3133 5649 verbum
3172 5611 3321 5645 Stat-.-

1734 5660 2006 5722 λεύσεται,
2049 5661 2103 5716 id
2134 5671 2220 5719 est
2248 5673 2370 5718 tunc
2418 5663 2629 5718 demum
2669 5672 2809 5719 totus
2864 5663 3038 5719 Israel
3067 5663 3315 5718 intrabit.

1736 5729 1812 5854 ξε
1843 5730 2108 5787 insitione
2138 5744 2320 5795 autem
2361 5736 2526 5795 latius
2567 5741 2865 5796 tractatum
2897 5749 3064 5813 supra
3101 5749 3155 5814 ρ.
3186 5733 3317 5795 εδδ.

1780 5815 2001 5857 ιιουκο.
