3840 6526
475 353 581 412 637

1631 337 1950 397 CLEMENS
1975 334 2541 392 ALEXANDRINUS.

3599 323 3680 378 688

474 472 658 528 minus
677 471 869 526 mortis
899 467 1153 522 ministra
1207 465 1346 518 facta
1387 470 1489 526 est,
1539 465 1685 515 omni
1741 460 2044 529 principatu

2165 454 2340 525 μένην,
2367 452 2517 505 οὐδὲν
2549 450 2604 503 δὲ
2634 445 2796 520 ἧττον
2827 443 3102 498 διακονίαν
3133 441 3366 495 θανάτου
3421 439 3684 508 γεγενημέ-

475 580 539 621 ac
564 565 766 622 deitate
786 561 1072 618 deficiente
1099 574 1162 614 ac
1192 556 1505 618 fatiscente,
1526 569 1754 625 magnus
1783 552 1871 606 ille
1890 548 2036 621 pugil

473 654 633 712 Iesus
661 653 914 708 Christus
954 652 1010 706 in
1066 650 1251 719 seipso
1306 645 1548 717 potentia
1603 641 1903 698 Ecclesiam
1946 655 2039 695 su-

474 761 650 808 mens,
681 743 876 813 nempe
896 743 1103 798 electos
1153 754 1216 795 ac
1247 747 1467 794 vocatos
1504 738 1648 808 quod
1678 733 1898 806 quidem
1931 732 2040 801 spi-

469 837 630 910 ritalc
675 851 705 888 a
759 843 1006 904 parente,
1059 831 1206 904 quod
1240 846 1368 886 vero
1398 830 1633 884 animale
1661 844 1728 884 ex
1756 827 2038 898 dispensa-

475 930 644 993 tione,
682 927 831 982 salva
863 925 991 982 fecit
1029 932 1084 981 et
1124 924 1316 980 extulit
1366 936 1704 993 quascunque
1733 933 2042 988 assumpse-

476 1029 581 1084 rat,
619 1034 683 1073 ac
707 1034 803 1088 per
837 1018 926 1072 illa
949 1030 1176 1087 qumque
1232 1013 1316 1069 his
1376 1019 1504 1068 sunt
1541 1011 1763 1070 similia.
1801 1009 1860 1064 Si
1906 1008 2040 1062 enim

477 1112 724 1177 primitiw
770 1118 992 1174 sanctis,
1053 1108 1211 1161 etiam
1267 1120 1486 1166 massa;
1532 1104 1580 1158 si
1633 1101 1789 1156 radix
1833 1087 2045 1160 sancta,

2141 565 2258 618 νην,
2288 547 2470 618 πάσης
2493 543 2835 613 ἀπειπούσης
2878 538 3051 611 ἀρχῆς
3095 538 3191 590 καὶ
3245 535 3523 605 θεότητος,
3553 535 3578 588 ό
3612 535 3684 604 μέ-

2141 653 2243 705 γας
2271 636 2573 707 ἀγωνιστὴς
2632 632 2839 704 Ἰησοῦς
2893 627 3127 702 Χριστὸς
3151 629 3210 681 ὲν
3258 625 3440 697 ἑαυτῷ
3491 624 3683 696 δυνάμει

2140 730 2239 801 τὴν
2273 727 2596 798 Ἐκκλησίαν
2636 722 2943 786 ἀναλαϐὼν,
2971 720 3034 774 τὸ
3064 718 3320 772 ἐκλεκτὸν
3355 718 3453 772 καὶ
3497 716 3553 770 τὸ
3578 717 3683 788 κλη-

2140 822 2252 887 τδν,
2287 820 2348 872 τὸ
2381 820 2476 890 μὲν
2506 816 2653 888 παρὰ
2681 816 2780 886 τῆς
2807 812 3092 883 τεκούσης,
3141 810 3204 864 τὸ
3240 808 3618 880 πνευματικὸν,
3639 811 3684 862 τδ

2141 915 2291 968 δὲέκ
2330 914 2427 984 τῆς
2471 908 2805 980 οἰκονομίας,
2857 906 2919 960 τὸ
2965 903 3218 976 ψυχικὸν,
3270 902 3299 954 ὃ
3348 901 3581 954 ἀνέσωσε
3616 901 3686 953 καὶ

2145 1007 2436 1077 ἀνήνεγκεν
2468 1004 2611 1072 ἆπερ
2659 999 2910 1063 ἀνέλαϐε,
2937 998 3029 1050 καὶ
3065 996 3132 1048 δι’
3163 993 3344 1047 αὐτῶν
3385 992 3481 1045 καὶ
3503 991 3565 1045 τὰ
3592 991 3686 1044 τού-

2143 1116 2254 1161 τοις
2281 1095 2586 1168 ὁμοιοῦντα.
2611 1095 2678 1146 El
2707 1092 2816 1160 γὰρ
2843 1093 2882 1160 ἡ
2910 1087 3153 1157 ἀπαρχὴ
3200 1087 3361 1157 ἁγία,
3385 1084 3484 1139 καὶ
3513 1083 3574 1137 τὸ
3598 1084 3684 1153 φύ-

481 1206 638 1258 etiam
675 1203 832 1257 rami.

2165 1203 2319 1257 κλιμα-
2353 1189 2405 1240 εὶ
2432 1188 2469 1256 ὴ
2491 1182 2623 1254 ῥίζα
2651 1184 2813 1254 ἁγία,
2844 1180 2942 1235 καὶ
2971 1181 3024 1233 οἱ
3051 1176 3288 1232 κλάδοι.

548 1293 709 1365 357
729 1293 864 1348 LIX.
884 1292 1123 1348 Primum
1143 1291 1325 1360 itaque
1353 1302 1534 1343 semen
1555 1301 1585 1340 a
1606 1290 1826 1356 parente
1848 1281 2041 1344 induit,

2218 1275 2340 1329 ΝΘ.
2386 1276 2614 1346 Σπέρμα
2647 1273 2746 1344 μὲν
2775 1267 2867 1325 οὖν
2897 1270 3111 1341 πρῶτον
3142 1265 3295 1338 παρά
3337 1265 3437 1336 τῆς
3462 1263 3684 1334 τεκούσης

483 1355 720 1455 uon'qui
753 1391 1064 1455 caperetur,
1098 1381 1194 1437 sed
1237 1355 1342 1450 qui
1395 1378 1594 1432 virtute
1609 1355 1862 1445 caperet,
1901 1371 2046 1444 quod

2165 1366 2453 1430 ενεδύσατο,
2486 1367 2546 1419 οὐ
2570 1363 2858 1436 χωρισθεὶς
2901 1359 3035 1416 ἀλλά
3091 1359 3351 1430 χωρήσας
3393 1355 3525 1408 αὐτὸ
3557 1355 3684 1409 δυνά-

485 1447 744 1548 paulatim
768 1447 865 1546 per
897 1474 1182 1532 scientiam
1209 1447 1493 1526 formatur.
1549 1466 1632 1523 Ad
1663 1467 1841 1522 locum
1867 1475 2049 1519 autem

2165 1478 2263 1531 ast,
2298 1459 2326 1512 ὃ
2369 1458 2508 1513 κατὰ
2549 1457 2741 1529 μικρὸν
2767 1454 3065 1528 μορφοῦται
3125 1451 3213 1504 διὰ
3261 1448 3531 1518 γνώσεως
3578 1447 3687 1500 κατὰ

483 1584 606 1624 cum
633 1566 866 1630 venerit,
893 1564 1098 1620 invenit
1119 1561 1307 1619 Jesum
1357 1559 1639 1617 Christum
1664 1555 1931 1620 induisse,
1956 1553 2048 1624 qui

2165 1553 2207 1608 Ξὲ
2228 1553 2319 1606 τὸν
2345 1552 2510 1606 τόπον
2557 1551 2868 1620 γενόμενος,
2900 1540 3055 1618 εὗρεν
3119 1541 3326 1614 Ἰησοῦν
3378 1540 3598 1613 Χριστὸν
3623 1541 3687 1592 ὲν-

483 1667 608 1715 ante
643 1656 972 1728 przedicatus
1018 1654 1215 1722 fuerat,
1262 1668 1424 1724 quem
1465 1650 1742 1723 propheta:
1771 1654 1932 1718 atque
1965 1647 2052 1704 lex

2165 1643 2415 1699 δύσασθαι
2453 1643 2544 1697 τὸν
2595 1637 3136 1712 προκεκηρυγμένον,
3175 1635 3236 1688 ὃν
3281 1631 3628 1703 κατήγγελλον
3653 1631 3688 1682 oi

484 1722 940 1820 praenuntiabant,
964 1756 1020 1803 et
1041 1747 1219 1817 imago
1241 1722 1544 1800 salvatoris
1572 1748 1708 1797 erat.
1745 1739 2052 1807 Quinetiam

2165 1735 2431 1807 προφῆται
2479 1732 2575 1788 καὶ
2621 1734 2650 1786 ό
2687 1731 2870 1803 νόμος,
2923 1729 3051 1782 ὄντα
3084 1726 3272 1780 είκόνα
3313 1723 3408 1778 τοῦ
3456 1722 3688 1794 Σωτῆρος.

481 1797 534 1896 et
562 1841 816 1896 animalis
841 1840 932 1895 hic
965 1797 1242 1903 Christrts,
1277 1851 1436 1907 quem
1470 1833 1742 1897 induerat,
1767 1830 2052 1888 invisibilis

2168 1797 2448 1882 καὶ
2472 1819 2628 1890 οὗτος
2673 1827 2701 1879 ό
2736 1797 2964 1894 ᾧυχικδς
3018 1822 3061 1873 Χ
3073 1818 3274 1892 ριστδς,
3309 1817 3372 1872 ὃν
3424 1814 3688 1877 ἐνεδύσατο,

481 1944 619 1990 erat.
651 1932 950 2005 Oportebat
1001 1941 1183 1987 autem
1215 1936 1276 1985 ut
1295 1905 1398 1984 ille
1429 1928 1524 1998 qui
1546 1927 1603 1981 in
1633 1924 1897 1980 mundum
1925 1939 2052 1978 ven-

2165 1919 2386 1990 ἀόρατος
2411 1914 2499 1989 ἦν.
2531 1917 2677 1971 Ἔδει
2721 1915 2777 1968 δὲ
2803 1913 2894 1966 τὸν
2950 1912 3030 1974 είς
3057 1910 3263 1980 κόσμον
3316 1905 3689 1977 ἀφικνούμενον,

482 2032 644 2082 turus
691 1995 810 2080 erat
842 2024 970 2080 talis
1011 2031 1178 2086 esset,
1215 2021 1307 2092 qui
1345 1995 1540 2084 videri,
1589 2017 1682 2088 qui
1740 2015 1933 2079 teneri,
1962 2015 2052 2085 qui

2165 2011 2239 2079 ἐφ’
2273 2005 2318 2080 ᾧ
2352 2028 2411 2063 τε
2437 2008 2689 2079 ὀφθῆναι,
2722 2003 3079 2078 κρατηθῆναι,
3123 1997 3569 2061 πολιτεύσασθαι,
3619 1995 3691 2049 καὶ

483 2116 693 2170 sociam
720 2116 847 2170 vitae
885 2115 1153 2169 rationem
1184 2113 1344 2175 inire,
1377 2118 1430 2166 et
1458 2109 1677 2165 demum
1727 2107 1821 2179 qui
1855 2123 2052 2178 corpus

2165 2102 2411 2174 αἰσθητοῦ
2466 2100 2716 2172 σώματος
2760 2095 3099 2168 ἀντέχεσθαιο
3135 2093 3296 2165 σῶμα
3352 2092 3528 2146 τοίνυν
3574 2089 3692 2159 αὐτῷ

481 2207 751 2277 ejusmodi
781 2207 1006 2262 haberet
1055 2204 1198 2276 quod
1233 2220 1400 2261 sensu
1446 2203 1650 2274 percipi
1689 2207 1890 2272 posset.
1919 2199 2052 2254 Hinc

2165 2195 2356 2265 ύφάναι
2383 2195 2482 2266 τῆς
2525 2195 2586 2247 ὲκ
2642 2193 2740 2265 τῆς
2787 2187 3026 2260 ἀφανοῦς
3063 2186 3302 2259 ψυχικῆς
3327 2186 3530 2248 οὐσίας,
3566 2183 3694 2236 δυνά·

486 2298 655 2367 igitur
680 2297 757 2352 illi
790 2313 993 2367 corpus
1027 2308 1108 2352 est
1137 2312 1202 2352 ex
1256 2295 1519 2352 invisibili
1553 2293 1776 2348 animali
1803 2293 2058 2347 substan-

484 2389 584 2454 tia,
617 2389 820 2443 virtutc
848 2403 979 2444 vero
1007 2403 1073 2443 ex
1108 2387 1293 2442 divina
1339 2386 1544 2442 fabrica
1567 2391 1908 2446 contextum,
1932 2396 2056 2436 cum

484 2478 539 2534 in
563 2478 824 2534 mundum
852 2479 1164 2534 sensibilcm
1196 2479 1425 2532 veniret.

541 2569 654 2624 LX.
686 2572 802 2624 Hoc
847 2572 1076 2642 itaque:
1139 2570 1367 2638 Spiritus
1429 2577 1643 2623 sanctus
1703 2569 1757 2622 in
1800 2579 2056 2636 κουρεῖ-

484 2662 671 2726 νεηὶει,
709 2663 955 2732 corporis
982 2661 1250 2718 Dominici
1285 2662 1550 2716 fabricam
1601 2659 1836 2727 indicat;
1893 2662 2058 2714 virtus

488 2769 620 2808 vero
641 2754 910 2808 Altissimi
968 2753 1064 2807 tibi
1109 2751 1442 2808 obumbrabit
1475 2764 1524 2816 ι,
1560 2750 1939 2806 formationem
1964 2749 2058 2806 Dei

487 2845 639 2911 dicit,
663 2861 785 2916 qua:
810 2860 1012 2916 corpus
1046 2845 1099 2899 in
1131 2843 1356 2922 Virgine
1396 2843 1672 2898 formavit.

2161 2303 2250 2358 μει
2289 2285 2347 2339 δὲ
2392 2284 2542 2349 θείας
2590 2285 2654 2337 ἐκ
2706 2280 3052 2352 κατασκευῆς
3093 2280 3174 2343 είς
3221 2276 3478 2349 αίσθητὺν
3525 2274 3693 2344 κόσμον

2157 2376 2474 2449 ἀφιγμένον.

2227 2580 2300 2632 Ξσ.
2341 2579 2413 2631 Τὸ
2439 2573 2553 2639 οὖν,
2607 2573 2849 2642 Πνεῦμα
2878 2571 3051 2642 ἄτιον
3075 2569 3466 2624 ἐπελεύσεται
3488 2564 3578 2620 ἐπὶ
3614 2565 3694 2627 σέ,

2158 2673 2256 2744 τὴν
2277 2670 2372 2725 τοῦ
2403 2669 2652 2740 σώματος
2691 2664 2783 2719 τοῦ
2809 2664 3018 2737 Κυρίου
3045 2661 3197 2731 λέγει
3243 2661 3341 2731 (9).
3382 2659 3615 2726 Δύναμις
3647 2655 3695 2709 δὲ

2160 2764 2424 2833 ὑψίστου
2467 2756 2805 2814 ἐπισκιάσει
2854 2772 2973 2821 σοι,
3006 2753 3104 2826 τὴν
3147 2751 3427 2825 μόρφωσιν
3463 2748 3596 2820 δηλοῖ
3614 2744 3696 2800 τοῦ

2160 2853 2317 2917 Θεοῦ,
2344 2855 2378 2924 ἢ
2399 2849 2705 2906 ἐνετύπωσε
2731 2846 2793 2902 τὸ
2813 2848 2970 2918 σῶμα
2996 2847 3052 2900 ὲν
3073 2848 3140 2917 τῇ
3171 2843 3453 2914 Παρθένῳ.

559 2934 695 2992 LXI.
726 2935 882 3003 Quod
906 2946 1086 2992 autem
1140 2937 1255 3006 ipse
1295 2936 1388 3008 qui
1440 2934 1757 3004 assumpsit,
1809 2932 2052 2987 diversus

2228 2945 2477 2998 EA'."Utt
2504 2943 2598 3013 μὲν
2624 2935 2716 2994 οὖν
2735 2937 2897 3002 αὐτὸς
2919 2938 3105 3008 ἕτερος
3129 2930 3200 3008 ἦν
3225 2927 3270 3002 ᾧ
3291 2934 3567 3005 ἀνείληφεν
3583 2929 3697 3001 (10),

489 3027 676 3089 fuerit,
699 3043 766 3081 ex
800 3027 867 3082 iis
897 3026 1247 3082 manifestum
1296 3031 1402 3090 est,
1433 3024 1637 3094 quibus
1662 3022 1898 3077 fatetur:
1952 3020 2052 3092 Ego

2165 3037 2316 3109 δῆλον
2350 3035 2408 3100 ἐξ
2460 3028 2534 3089 ὧν
2581 3031 2849 3104 ὁμολογεῖ,
2893 3031 3040 3100 Ἐγὼ
3086 3029 3125 3098 ἠ
3174 3025 3311 3096 ζωὴ,
3350 3025 3462 3095 ἐγὼ
3503 3025 3538 3092 ἡ
3574 3019 3699 3085 ἀλή-

489 3135 606 3172 sum
638 3118 766 3181 vita,
801 3133 893 3188 ego
920 3134 1038 3172 sum
1082 3116 1278 3172 veritas
1309 3115 1360 3182 ι),
1403 3121 1461 3179 »Β
1509 3128 1604 3185 ego
1627 3123 1678 3169 et
1704 3113 1867 3168 Pater
1897 3129 2052 3167 unum

2165 3129 2306 3190 θεια,
2331 3125 2444 3194 ἐγὼ
2467 3123 2563 3177 καὶ
2594 3125 2627 3175 ὁ
2660 3119 2862 3188 Πατὴρ
2901 3119 2971 3172 ἓν
3019 3117 3228 3188 ἐσμεν.
3291 3116 3366 3169 Τὸ
3403 3115 3460 3168 δὲ
3489 3129 3700 3182 πνευμα-

488 3218 668 3257 sumus
714 3217 764 3262 ε.
816 3205 955 3261 Illud
997 3213 1177 3261 autem
1209 3204 1482 3275 spiritale,
1519 3203 1682 3258 etiam
1727 3211 1781 3258 et
1806 3202 2052 3266 animale,

2165 3218 2314 3273 τικὸν
2346 3217 2374 3270 ὃ
2402 3215 2685 3285 ἀνείληφεν
2715 3212 2810 3265 καὶ
2841 3210 2904 3264 τὸ
2959 3211 3189 3282 ψυχικὸν
3235 3208 3410 3272 οὕτως
3461 3205 3698 3278 ἐμφαίνειο

492 3299 640 3368 quod
665 3300 981 3368 assumpsit,
1012 3299 1157 3356 hunc
1185 3301 1239 3351 in
1271 3296 1490 3351 modum
1522 3303 1709 3349 notum
1731 3294 1860 3350 facit
1885 3314 1897 3348 :
1926 3293 2052 3350 Puei

2175 3312 2243 3366 Τὸ
2271 3311 2339 3365 δὲ
2359 3310 2605 3363 παιδίον
2632 3307 2898 3377 ηὔξανεν
2944 3305 3041 3358 καὶ
3085 3304 3454 3373 προέκοπτεν
3482 3299 3699 3370 σφόδρα.

495 3405 613 3444 vero
639 3389 901 3444 crescebat
949 3399 999 3444 et
1042 3389 1347 3459 proﬁciebat
1395 3387 1548 3442 valde
1594 3387 1645 3442 δ.
1687 3386 1918 3457 Insuper
1969 3385 2052 3442 Sa‘

2169 3403 2366 3473 Σοφίας
2398 3403 2493 3474 μὲν
2527 3400 2635 3472 γὰρ
2657 3400 2719 3454 τὸ
2744 3396 3110 3470 πνευματικὸν
3156 3396 3353 3464 δεῖξαι,
3395 3394 3634 3467 μεγέθους
3655 3389 3701 3442 δὲ

492 3481 709 3550 ρίεηιὶσι
736 3481 860 3542 fuit,
907 3488 965 3534 ut
993 3480 1138 3551 quod
1161 3479 1447 3551 spirituale
1489 3486 1668 3541 esset,
1713 3473 2052 3536 ostenderet:

2167 3497 2228 3549 τὸ
2252 3473 2494 3566 ψυχικόν.
2529 3493 2627 3546 Διά
2657 3492 2714 3545 δὲ
2750 3489 2858 3544 τῶν
2908 3489 3216 3561 ἐκρυέντων
3267 3489 3334 3540 ἐκ
3373 3487 3470 3557 τῆς
3497 3483 3701 3554 πλευρᾶς

493 3573 911 3643 magnitudinis,
967 3581 1025 3627 ut
1072 3572 1127 3627 id
1169 3571 1314 3642 quod
1359 3571 1614 3626 animale.
1652 3570 1754 3627 Per
1797 3570 1888 3626 illa
1940 3587 2052 3627 veri

2169 3587 2353 3658 ἐδήλου
2377 3586 2475 3650 τὰς
2502 3585 2752 3657 ὲκρύσεις
2804 3581 2912 3636 τῶν
2967 3580 3174 3642 παθῶν,
3207 3579 3316 3633 ἀπὸ
3341 3577 3448 3632 τῶν
3478 3574 3702 3646 ὲμπσθῶν

493 3680 614 3735 qua:
667 3680 732 3718 ex
774 3664 937 3718 latere
989 3665 1257 3734 ﬂuxerunt
1305 3676 1351 3730 ε,
1407 3664 1726 3719 ellluxiones
1780 3663 2052 3720 aﬂ'ectuun

2169 3678 2398 3742 ἀπαθεῖς
2418 3677 2711 3748 γενομένας
2736 3674 2834 3739 τάς
2870 3673 3056 3737 οὐσίας
3103 3667 3396 3724 σεσῶσθαι.
3451 3669 3552 3723 Καὶ
3597 3667 3703 3719 ὅταν

495 3755 903 3821 manifestabat,
953 3764 1008 3812 et
1039 3755 1349 3812 affectiones
1389 3771 1452 3812 ex
1508 3755 1815 3811 libidinosis
1857 3755 2052 3825 pravis-

2169 3768 2323 3840 λέγῃ,
2379 3766 2479 3820 Δεῖ
2517 3765 2623 3820 τὸν
2669 3762 2809 3818 Υίόν
2866 3761 2974 3816 τοῦ
3013 3759 3332 3828 ἀνθρώπου
3388 3758 3703 3824 ἀποδοκιμα-

493 3861 601 3917 que
636 3856 816 3902 rectas
868 3849 1198 3920 sedatasque
1228 3848 1400 3906 factas
1442 3849 1804 3912 substantias,
1840 3850 2052 3905 saluten

2170 3856 2407 3926 σθῆναι,
2450 3853 2820 3926 ὑϐρισθῆναι,
2877 3851 3319 3921 σταυρωθῆναι,
3367 3851 3443 3914 ὡς
3471 3851 3587 3921 περὶ
3620 3846 3698 3900 ἄλ-

496 3939 1046 3996 fuisse'consecutas.
1081 3939 1146 3994 Et
1191 3955 1315 3995 cum
1365 3939 1547 3995 dicat:
1605 3939 1822 4010 Oportet
1869 3939 2052 3995 Filiun

2171 3952 2263 4005 λου
2306 3953 2551 4021 φαίνεται
2596 3947 2790 4018 λέγων,
2841 3945 3079 4016 δηλονότι
3123 3943 3219 3996 τοῦ
3277 3941 3572 4014 ὲμπαθοῦς.
3615 3937 3703 3993 Καὶ

493 4031 721 4085 hominis
775 4032 1070 4101 reprobari,
1112 4033 1443 4098 contumeliis
1479 4034 1637 4103 a/ﬁci,
1667 4043 1717 4088 et
1747 4035 1984 4105 cruci/Egi
2023 4034 2042 4073 ἲ

2173 4043 2412 4112 προάξω
2451 4039 2634 4110 ὑμᾶς,
2681 4039 2848 4109 λέγει,
2893 4037 2968 4106 τῇ
3014 4040 3179 4106 τρίτῃ
3225 4037 3350 4092 τῶν
3381 4034 3602 4106 ἡμερῶν
3637 4031 3704 4094 εἰς

493 4123 651 4193 quasi
681 4123 749 4179 de
780 4125 888 4179 alio
917 4125 1132 4180 videtur
1176 4125 1346 4195 loqui,
1402 4141 1599 4194 nempe
1629 4127 1697 4181 de
1731 4141 1802 4180 eo
1830 4127 1922 4196 qui
1947 4141 2074 4195 pas-

492 4215 746 4270 sionibus
777 4218 850 4272 sit
875 4217 1169 4273 obnoxius.
1202 4215 1272 4271 Et
1307 4218 1601 4287 prwcedam
1632 4235 1720 4272 vos
1741 4257 1755 4282 ,
1790 4217 1888 4280 ait,
1919 4219 2052 4272 tertii

2175 4221 2397 4293 ἀφανῶς
2425 4221 2738 4292 σωζομένην
2767 4220 2944 4290 ψυχὴν
2997 4221 3322 4291 ἀναστήσειν
3354 4219 3586 4290 ᾐνίσσετο
3632 4211 3708 4265 καὶ

491 4305 580 4360 die
607 4307 664 4360 in
691 4306 974 4362 Galilaeam
1030 4311 1076 4374 ε,
1141 4310 1258 4380 ipse
1288 4311 1433 4365 enim
1467 4310 1651 4364 omnia
1700 4311 1984 4379 prtecedit,
2022 4327 2050 4364 e

2176 4315 2642 4384 ἀποκαταστήσειν
2673 4304 2738 4364 οὗ
2762 4311 2857 4365 νῦν
2881 4311 3130 4383 προάγει.
3192 4309 3453 4364 ’Δπέθανε
3497 4309 3567 4370 δὲ,
3595 4306 3708 4358 ἀπο·-

492 4398 733 4453 animam
767 4401 930 4455 modo
977 4401 1240 4458 invisibili
1272 4402 1538 4457 salvatam
1571 4418 1630 4458 se
1674 4403 2052 4458 suscitaturuu

2179 4405 2400 4468 στάντος
2421 4403 2514 4456 τοῦ
2546 4401 2878 4466 καταϐάντος
2931 4404 3016 4454 ἐπ’
3047 4401 3197 4472 αὐτῷ
3235 4402 3330 4454 ἐπὶ
3375 4399 3453 4470 τῷ
3504 4393 3711 4466 Ἰορδάνῃ

492 4488 775 4556 indicavit,
805 4492 1234 4563 restiturumque
1262 4509 1372 4564 quo
1397 4509 1542 4548 nunc
1573 4493 1831 4564 praecedit
1860 4494 1911 4547 ιι.
1936 4492 2052 4546 Mor

2177 4496 2510 4566 Πνεύματος,
2543 4494 2643 4547 οὐκ
2696 4493 2802 4565 ίδία
2846 4469 3340 4564 γενομένουξάλλά
3377 4469 3710 4545 συσταλέντοςν

495 4585 624 4634 tuus
659 4587 841 4669 autem
873 4588 958 4636 est
975 4581 1182 4652 Spiritu
1229 4583 1322 4653 qui
1357 4599 1522 4653 super
1551 4598 1676 4638 eum
1721 4583 1778 4636 in
1830 4581 2052 4638 Jordant

2178 4587 2262 4640 ἵνα
2294 4585 2387 4640 καὶ
2444 4586 2712 4657 ὲνεργήσῃ
2735 4585 2763 4636 ό
2789 4583 3033 4648 θάνατος·
3080 4585 3203 4638 ἐπεὶ
3252 4584 3394 4648 πῶς,
3452 4582 3548 4652 τῆς
3589 4573 3710 4669 ζωῆς

497 4663 784 4727 descendit
812 4672 1162 4736 abscedente,
1201 4690 1305 4730 nec
1355 4676 1558 4730 virtute
1597 4674 1814 4745 prOpria
1848 4675 1951 4729 hoc
1991 4674 2052 4728 fat

2176 4677 2455 4750 παρούσης
2484 4679 2541 4731 ὲν
2567 4676 2735 4747 αύτῷ,
2760 4677 2995 4730 ἀπέθανε
3029 4677 3090 4730 τὸ
3113 4677 3272 4747 σῶμα
3297 4694 3312 4744 ;
3347 4676 3484 4730 οὕτω
3533 4670 3632 4742 γὰρ
3657 4663 3712 4716 ἂν

499 4772 652 4819 ctum
681 4773 788 4829 est,
823 4763 921 4819 sed
948 4764 1096 4820 illius
1123 4767 1217 4836 qui
1265 4766 1526 4822 subduxit
1559 4780 1641 4829 se,
1698 4775 1758 4819 ut
1783 4767 1889 4819 vim
1918 4782 2052 4822 suan

2175 4771 2269 4823 καὶ
2313 4769 2476 4822 αὑτοῦ
2524 4767 2618 4821 τοῦ
2676 4768 2922 4838 Σωτῆρος
2975 4770 3003 4821 ὁ
3052 4767 3280 4831 θάνατος
3330 4766 3615 4840 ἐκράτησεν
3639 4757 3708 4810 ἀν·

499 4871 648 4911 mors
672 4863 976 4921 exsereret,
1029 4858 1230 4928 quippe
1271 4874 1382 4928 quo
1432 4866 1592 4929 pacto
1644 4859 1754 4912 vita
1807 4866 2052 4930 praasentt

2173 4861 2308 4932 ὅπερ
2330 4860 2546 4914 ἄτοπον.
2591 4859 2737 4928 Δόλῳ
2777 4858 2833 4911 δὲ
2879 4861 2908 4911 ό
2953 4857 3178 4920 θάνατος
3237 4845 3709 4925 κατεστρατηγήθη’

500 4947 636 5000 mori
678 4948 734 5003 in
766 4948 860 5002 illo
879 4948 1054 5018 potuit
1085 4950 1324 5019 corpus?
1349 4951 1430 5006 sic
1457 4951 1606 5005 enim
1639 4959 1693 5006 et
1723 4966 1872 5006 mors
1901 4953 2052 5020 polit:

2177 4950 2538 5014 ἀποθανόντος
2568 4949 2677 5019 γὰρ
2703 4949 2796 5002 τοῦ
2841 4948 3089 5020 σώματος
3123 4955 3218 5001 καὶ
3251 4948 3609 5020 κρατήσαντος
3632 4936 3714 4990 αὖ·

500 5035 801 5093 Salvatoris
833 5039 1005 5108 ipsius
1025 5050 1190 5102 esset,
1220 5041 1368 5110 quod
1411 5041 1732 5097 absurdum.
1751 5041 2052 5096 Doloauten

2180 5040 2270 5093 τὸν
2293 5040 2385 5093 τοῦ
2417 5040 2669 5104 θανάτου,
2704 5038 3016 5102 ἀναστείλας
3068 5038 3167 5110 τὴν
3202 5037 3522 5090 ἐπελθοῦσαν
3543 5029 3718 5084 ἀκτῖνα

502 5143 650 5183 mors
700 5137 1006 5200 expugnata
1055 5139 1140 5185 est
1171 5147 1183 5183 :
1217 5145 1445 5201 corpore
1492 5131 1636 5186 enim
1697 5130 1960 5186 moriente
2010 5146 2052 5184 at

2189 5133 2288 5205 τῆς
2325 5133 2609 5204 δυνάμεως
2657 5133 2686 5186 ὁ
2735 5132 2950 5204 Σωτὴρ,
3002 5130 3256 5184 ἀπείλεσε
3307 5130 3404 5200 μὲν
3453 5125 3542 5178 τὸν
3572 5120 3717 5232 Diva:-

502 5221 678 5289 ipsum
705 5221 992 5293 subigente
1045 5233 1239 5288 morte,
1273 5222 1550 5284 Salvator,
1576 5220 1785 5275 radium
1819 5223 2052 5290 potentia

2177 5241 2268 5277 τον
2292 5223 2424 5294 (11),
2455 5225 2516 5277 τὺ
2561 5225 2617 5278 δὲ
2650 5223 2840 5295 θνητὸν
2893 5222 3048 5293 σῶμα
3103 5220 3387 5275 ἀποϐαλὼν
3430 5216 3571 5286 πάθη
3613 5208 3719 5264 dvi-

2174 4135 2288 4203 τὴν
2311 4133 2664 4188 Γαλιλαίαν·
2706 4130 2868 4195 αὐτὸς
2894 4129 3000 4202 γὰρ
3039 4131 3272 4201 προάγει
3301 4129 3500 4190 πάντα,
3528 4125 3611 4179 καὶ
3628 4121 3708 4191 τὴν

579 5406 635 5462 »Β
677 5399 738 5452 Ρ.
764 5398 870 5454 9η
907 5398 1016 5452 ED.
1052 5398 1346 5454 POTTER.
1392 5413 1415 5439 α
1445 5399 1579 5451 Luc.
1615 5412 1654 5461 l,
1689 5398 1778 5452 '55.

579 5406 635 5462 »Β
677 5399 738 5452 Ρ.
764 5398 870 5454 97L
907 5398 1016 5452 ΕΙ).
1052 5398 1346 5454 POTTER.
1392 5413 1415 5439 α
1445 5399 1579 5451 Luc.
1615 5412 1654 5461 ι,
1689 5398 1778 5452 '55.
1878 5397 1906 5437 ιι
1943 5397 2052 5451 ,ιοιιι

502 5481 617 5530 ιιι,
651 5471 738 5523 54.
847 5469 866 5508 ι
907 5469 1039 5524 Luc.
1070 5485 1146 5535 ix,
1186 5469 1278 5522 Q2.
1395 5471 1420 5508 Β
1459 5466 1651 5522 Matth.
1685 5482 1833 5533 xxvr,
1861 5467 1950 5522 5‘2.
2026 5469 2052 5507 ιι

2165 5399 2328 5522 Liv’f'
2363 5412 2432 5524 εξ
2469 5401 2628 5455 ³⁰³¹¹ο
2662 5417 2718 5466 xv
2745 5401 2835 5455 ’5οο
2911 5397 2938 5437 ⁴
2980 5399 3111 5454 Luc.
3147 5415 3204 5464 II,
3235 5399 3325 5466 40,
3352 5397 3434 5474 52,
3515 5406 3540 5435 ο
3574 5390 3715 5446 Joan.

1395 5471 1420 5508 Β
1459 5466 1651 5522 Matth.
1685 5482 1833 5533 xxvn,
1861 5467 1950 5522 52.
2026 5469 2053 5507 ιι
2095 5469 2216 5524 Act.
2261 5485 2323 5534 ιι,
2363 5471 2454 5525 24.

598 5623 651 5694 9)
690 5623 878 5694 Λέγει.
913 5623 1043 5680 Post
1074 5624 1176 5678 hoc
1211 5624 1438 5694 verbum
1475 5622 1666 5678 deesse
1701 5621 1915 5678 videtur
1947 5623 2071 5678 σύλ-

506 5688 688 5764 ληψιν,
720 5688 812 5746 aut
845 5694 1023 5750 simile
1049 5695 1199 5764 quid.
1237 5692 1499 5747 Svnaunc.

580 5762 693 5832 (10)
721 5763 962 5830 Ἕτερος
986 5762 1132 5833 fuit?)
1170 5766 1265 5818 ἀν.
1296 5763 1698 5834 Congruentius
1728 5763 1868 5820 forte
1886 5764 2071 5835 ἔτερος

2177 5620 2244 5694 ἦν
2273 5617 2335 5677 οῦ
2393 5625 2700 5697 ἀνείληφεν,
2737 5626 2876 5680 alius
2925 5625 3042 5697 (seu
3078 5624 3337 5696 diversus)
3369 5621 3433 5678 ab
3475 5636 3537 5676 eo
3581 5625 3718 5684 τιαπ

2180 5697 2484 5762 assumpsit.
2513 5694 2778 5752 summa.
2937 5694 2943 5697 ’
3320 5694 3326 5696 ⁷
3513 5759 3525 5762 ,
3681 5747 3691 5757 .

2253 5759 2370 5836 (il)
2399 5767 2700 5820 Ἄπείλεσε
2721 5775 2837 5836 μέν
2871 5770 2976 5822 τὸν
3014 5766 3289 5823 θάνατον.
3327 5759 3619 5836 Legendum
3647 5763 3695 5801 τι
