3840 6534
162 425 250 486 689
842 423 1064 478 DUBIA.
1104 455 1169 464 ——
1211 420 1575 481 EXCERI’TA
1615 419 1702 473 EX
1743 418 2058 475 SCRIPTIS
2099 420 2464 484 TIIEODOTI,
2510 422 2660 478 ETC.

3260 423 3362 477 690

161 562 327 618 πησε.
363 542 443 596 Τά
502 543 712 614 ψυχικά
758 545 853 614 μὲν
908 539 1001 598 οῦν
1046 542 1215 606 οῦτως
1269 541 1552 596 ἀνίσταται
1607 540 1695 593 καὶ

1808 540 2274 610 supervenientem
2335 541 2931 606 contrahens,mortcm
2972 542 3186 612 quidem
3213 541 3367 613 fuga-

159 634 489 700 ἀνασώζεται·
539 635 902 690 πιστεύσαντα
951 635 1007 689 δὲ
1051 635 1120 688 τά
1171 632 1509 704 πνευματικὰ
1564 633 1702 703 ὑπὲρ

160 731 317 782 ἐκεῖνα
363 725 627 803 σώζεται,
679 727 948 800 ἐνδύματα
995 727 1185 799 γάμων
1231 726 1329 790 τὰς
1380 724 1556 796 ψυχὰς
1604 723 1698 777 λα-

158 819 314 875 ὕόντα.

216 1085 318 1138 EB’.
343 1084 598 1156 Κάθηται
623 1087 724 1158 μὲν
757 1081 848 1141 οῦν
875 1088 904 1140 ὁ
932 1086 1158 1158 ψυχικὸς
1209 1083 1439 1154 Χριστὸς
1469 1085 1526 1136 ὲν
1549 1081 1698 1153 δεξιᾷ

161 1177 235 1230 τοῦ
248 1177 608 1250 Δημιουργοῦο
645 1178 778 1232 καθὸ
799 1180 892 1232 καὶ
928 1181 956 1233 ὁ
997 1178 1160 1233 Δαὸὶδ
1189 1177 1355 1247 λέγει,
1387 1175 1580 1231 Κάθου
1627 1177 1697 1229 ἐκ

163 1267 344 1334 δεξιῶν
370 1287 514 1339 μου,
564 1271 661 1323 καὶ
709 1269 777 1324 τά
807 1270 951 1340 ἑξῆς·
1001 1270 1237 1341 κάθηται
1275 1269 1331 1323 δὲ
1353 1267 1529 1339 μέχρι
1552 1283 1698 1322 συν-

161 1362 381 1427 τελείας,
405 1362 508 1416 ἵνα
534 1361 747 1417 ῑδωσιν
765 1365 847 1429 εις
897 1363 970 1416 ὃν
987 1362 1410 1431 ἐξεκέντησαν.
1459 1360 1698 1428 Ἐξεκέν-

161 1469 304 1522 τησαν
340 1452 394 1506 δὲ
443 1453 504 1506 τὸ
557 1453 904 1525 φαινόμενον,
946 1453 975 1507 ὃ
1024 1450 1091 1526 ἦν
1125 1453 1260 1526 σὰρξ
1320 1453 1414 1507 τοῦ
1445 1451 1692 1524 ψυχικοῦ.

173 1546 390 1600 Ὀστοῦν
440 1545 554 1616 γὰρ
625 1547 814 1601 αὐτοῦ
875 1549 946 1602 οὐ
990 1546 1479 1616 συντριϐήσεται,
1530 1546 1692 1617 φησί’

162 1638 379 1711 καθάπερ
411 1639 506 1692 ἐπὶ
535 1638 635 1692 τοῦ
680 1639 849 1711 Ἀδὰμ
893 1639 992 1710 τὴν
1023 1638 1200 1711 ψυχὴν
1247 1638 1439 1692 ὀστοῦν
1466 1637 1696 1709 ὴλληγό-

164 1747 300 1801 ρησεν
321 1732 352 1802 ἡ
375 1730 705 1802 προφητεία.
737 1728 882 1801 Αὐτὴ
912 1729 1019 1800 γὰρ
1047 1731 1080 1798 ὴ
1111 1728 1256 1801 ψυχὴ
1313 1727 1406 1781 τοῦ
1437 1727 1694 1798 Χριστοῦ,

163 1824 426 1894 πάσχοντος
451 1822 547 1876 τοῦ
591 1821 862 1894 σώματος,
894 1822 1092 1894 ἑαυτὴν
1121 1822 1200 1884 είς
1222 1821 1321 1884 τὰς
1363 1823 1549 1893 χεῖρας
1601 1818 1695 1873 τοῦ

1803 632 1902 695 vit,
1934 631 2162 686 mortale
2191 647 2317 688 vero
2351 647 2549 704 corpus
2572 634 2850 702 passiones
2882 634 3162 690 excutiens
3191 633 3366 690 susci-

1803 724 1956 778 tavit.
1985 722 2114 789 Quae
2144 724 2323 794 itaque
2376 724 2632 777 animalia
2680 733 2824 788 sunt,
2867 725 3012 780 hunc
3037 726 3092 779 in
3141 724 3363 781 modum

1803 814 2034 869 suscitat
2061 815 2318 886 salvaque
2349 814 2513 869 facit:
2543 815 2810 884 spiritalia
2841 833 2970 874 vero
3003 816 3106 873 ﬁde
3134 818 3362 883 imbuta,
3390 801 3395 828 ’

1801 907 2242 962 excellentiorem
2303 907 2549 962 obtinent
2591 907 2823 964 salutem
2848 952 2862 972 ,
2914 910 3231 966 vestimenta
3263 926 3365 964 nu-

1803 997 2037 1065 ptiarum
2069 998 2280 1051 animas
2310 1007 2490 1052 nacta.
2679 1055 2690 1062 _

1873 1087 2031 1145 LXII.
2065 1087 2319 1145 Christus
2357 1089 2540 1160 itaque
2569 1087 2822 1160 animalis
2877 1088 2933 1143 in
2984 1087 3208 1143 dextera
3261 1088 3363 1144 De-

1802 1179 1997 1250 miurgi
2045 1179 2217 1245 sedet,
2266 1179 2426 1235 sicuti
2479 1177 2650 1233 David
2704 1171 2825 1233 ait:
2882 1177 3016 1234 Sede
3066 1195 3098 1232 a
3137 1177 3365 1232 dexteris

1803 1271 1927 1324 meis
1951 1283 2000 1332 ι,
2031 1280 2084 1326 et
2115 1287 2235 1341 qute
2281 1278 2603 1341 sequuntur.
2658 1270 2740 1323 Ad
2793 1271 3297 1324 consummationem
3338 1269 3365 1310 δ

1801 1379 1928 1418 vero
1957 1362 2130 1430 sedet,
2167 1373 2225 1417 ut
2264 1363 2466 1419 videant
2503 1363 2556 1417 in
2584 1379 2733 1434 quem
2771 1362 3164 1432 conﬁxerunte.
3187 1361 3367 1417 Conﬁ-

1804 1463 2000 1511 xerunt
2031 1471 2159 1512 vero
2185 1457 2331 1528 quod
2379 1455 2632 1512 sensibus
2690 1455 2994 1525 subjectum
3047 1455 3167 1517 fuit,
3221 1453 3366 1525 quod

1801 1551 2018 1620 quidem
2044 1550 2145 1606 fuit
2168 1551 2420 1606 animalis
2448 1564 2600 1605 caro.
2631 1543 2906 1612 Os'enim,
2956 1549 3050 1612 ait,
3098 1547 3211 1616 ejus
3263 1563 3364 1600 non

1799 1642 2178 1697 comminuetur
2206 1642 2257 1706 ά,
2283 1643 2442 1698 sicuti
2464 1643 2626 1698 etiam
2659 1642 2712 1695 in
2744 1641 2951 1696 Adamo
2979 1639 3121 1694 ossis
3144 1637 3364 1692 nomine

1801 1748 1965 1788 sensu
2011 1732 2287 1803 spirituali
2325 1733 2559 1787 animam
2624 1730 2839 1785 induxit
2889 1728 3192 1799 prophetia.
3243 1726 3360 1797 Ipsa

1799 1825 1943 1880 enim
1971 1822 2174 1878 Christi
2218 1823 2398 1878 anima
2454 1839 2682 1894 corpore
2744 1821 2997 1892 patiente,
3045 1817 3280 1890 seipsam
3306 1819 3360 1873 in

163 1915 343 1987 Πατρὺς
383 1915 815 1988 παρακατέθετο.
880 1915 954 1968 Τὸ
1006 1914 1051 1967 δ’
1101 1915 1159 1966 ἐν
1203 1914 1279 1984 τῷ
1321 1915 1491 1985 ὀστέῳ
1536 1909 1695 1967 πνευὲ

1808 1930 1962 1969 manu
1987 1913 2260 1985 Demiurgi
2283 1913 2680 1969 commendavit
2712 1924 2757 1967 ε.
2790 1911 2943 1978 Quod
2985 1925 3115 1966 vero
3144 1913 3196 1964 in
3238 1925 3360 1965 osse

164 2006 356 2075 ματικὺν
425 2006 527 2060 οὐκ
597 2007 680 2061 ἔτι
757 2004 1283 2077 παρακατατίθεται·
1329 2004 1483 2058 ’ἀλλ’
1538 2006 1698 2070 αὐτὸς

161 2094 314 2161 σώζει.

215 2187 315 2240 ΞΓ.
358 2189 423 2242 Ἠ
458 2189 558 2258 μὲν
598 2184 692 2242 οῦν
725 2188 832 2242 τῶν
882 2188 1262 2260 πνευματικῶν
1313 2189 1612 2252 ἀνάπαυσις
1639 2189 1697 2241 ἐν

162 2273 378 2347 κυριακῇ
393 2279 452 2330 ὲν
477 2279 690 2348 ὀγδοάδι
709 2279 841 2350 (l2),
866 2278 1166 2351 ήΚυριακὴ
1187 2280 1527 2351 ὀνομάζεται·
1550 2279 1698 2353 παρὰ

159 2369 210 2438 τῇ
243 2370 398 2441 μητρὶ
425 2369 620 2440 ἔχοντα
639 2370 740 2433 τὰς
771 2369 947 2440 ψυχὰς
986 2369 1056 2423 τὰ
1102 2370 1374 2441 ἐνδύματα
1415 2371 1540 2444 ἄχρι
1576 2387 1698 2423 συν-

157 2461 354 2525 τελείας·
370 2463 428 2516 αἰ
445 2463 503 2518 δὲ
524 2462 682 2518 ἄλλαι
704 2461 893 2516 πισταὶ
906 2461 1072 2533 ψυχαὶ
1089 2462 1240 2534 παρά
1256 2462 1334 2532 τῷ
1352 2464 1554 2533 Δημιου
1563 2462 1692 2533 ργῷο

159 2552 267 2622 περὶ
293 2552 346 2606 δὲ
395 2553 495 2623 τὴν
526 2552 838 2607 συντέλειαν
890 2550 1230 2624 ἀναχωροῦσι
1287 2553 1381 2606 καὶ
1430 2546 1587 2606 αῦται
1619 2553 1698 2614 είς

157 2643 376 2711 ὀγδοὰδα.
409 2641 543 2700 Εἶτα
574 2645 638 2699 τὸ
669 2644 880 2699 δεῖπνον
907 2643 1016 2698 τῶν
1042 2643 1254 2714 γάμων,
1275 2644 1452 2698 κοινὸν
1482 2644 1697 2698 πάντων

155 2735 244 2789 τῶν
269 2738 600 2810 σωζομένων,
624 2738 785 2809 ἄχρις
811 2736 877 2791 ἂν
901 2737 1151 2809 ἀπισωθῇ
1174 2737 1352 2792 πάντα
1377 2737 1469 2791 καὶ
1495 2737 1696 2808 ἄλληλα

157 2831 396 2906 γνωρίσῃ..

211 3005 314 3059 SA’.
362 3007 436 3060 Τδ
481 3007 538 3060 δὲ
580 3006 832 3061 ἐντεῦθεν
877 3007 1192 3077 ἀποθέμενα
1234 3005 1304 3060 τὰ
1349 3011 1695 3078 πνευματικά

155 3094 236 3159 τὰς
277 3097 442 3168 ψυχὰς
474 3097 590 3169 ἅμα
621 3100 688 3168 τῇ
729 3099 894 3169 μητρὶ
934 3095 1272 3169 κομιζομένη
1305 3097 1396 3150 τὸν
1438 3095 1690 3168 νυμφίον,

155 3186 462 3259 κομιζόμενα
494 3191 590 3244 καὶ
632 3190 773 3244 αὑτά
797 3191 921 3252 τοὺς
963 3188 1228 3260 νυμφίους
1268 3189 1395 3254 τοὺς
1427 3187 1694 3257 ἀγγέλους

154 3277 353 3344 ἑαυτῶν,
373 3282 452 3346 είς
483 3282 575 3335 τὸν
599 3281 864 3352 νυμφῶνα
884 3279 1036 3345 ἐντὸς
1069 3279 1161 3333 τοῦ
1194 3280 1320 3351 ὅρου
1355 3279 1574 3343 εἰσίασι,
1603 3279 1695 3333 καὶ

155 3367 274 3436 πρὸς
295 3368 386 3439 τὴν
417 3369 510 3422 τοῦ
541 3369 682 3424 [Ινεὺ
691 3387 858 3442 ματος
891 3369 1013 3439 balatu
1035 3368 1499 3440 ἐρχονταιΑίῶνες
1521 3371 1695 3442 νοεροὶ

152 3457 414 3528 γενόμενα,
435 3461 516 3523 εἰς
548 3461 674 3526 τοὺς
707 3460 926 3532 νοεροίις
957 3459 1050 3513 καὶ
1072 3459 1329 3523 αἰωνίους
1363 3460 1570 3531 γάμους
1595 3462 1694 3532 τῆς

152 3547 409 3619 συζυγίας.

205 3635 320 3692 ΞΒ.
365 3641 422 3696 '0
461 3642 520 3697 δὲ
564 3643 659 3698 τοῦ
701 3643 915 3698 δείπνου
961 3647 1058 3717 μὲν
1115 3648 1534 3720 ἀρχιτρίκλινος,
1587 3647 1694 3701 τῶν

149 3732 319 3803 γάμων
343 3735 401 3788 δὲ
460 3739 860 3808 παράνυμφος,
886 3738 990 3792 τοῦ
1055 3741 1316 3810 νιιμςςίου
1373 3741 1441 3794 δὲ
1497 3743 1693 3811 φίλος.

152 3822 307 3888 ἑστὼς
341 3825 649 3898 ἔμπροσθεν
680 3828 776 3882 τοῦ
802 3831 1106 3900 νυμφῶνος,
1142 3831 1352 3886 ἀκούων
1385 3833 1482 3904 τῆς
1517 3834 1694 3904 φωνῆς

145 3914 224 3968 τοῦ
252 3918 504 3989 νυμφίου,
539 3921 685 3992 χαρᾷ
707 3920 908 3992 χαίρει.
941 3920 1112 3974 Τοῦτο
1137 3921 1299 3975 αὑτοῦ
1333 3923 1394 3975 τὸ
1427 3924 1695 3994 πλήρωμα

145 4005 228 4076 τῆς
255 4012 429 4082 χαρᾶς
458 4013 554 4066 καὶ
583 4012 684 4082 τῆς
717 4011 1097 4076 ἀναπαύσεως.

199 4111 327 4193 Ξςν.
363 4125 423 4179 ὐ
448 4125 640 4197 Σωτὴρ
664 4126 793 4190 τοὺς
816 4127 1141 4191 ἀποστόλους
1173 4127 1440 4191 ἐδίδασκε,
1481 4129 1550 4183 τὰ
1590 4130 1686 4200 μὲν

143 4214 311 4284 πρῶτα
336 4218 582 4282 τυπικῶς
621 4219 718 4272 καὶ
759 4217 1055 4289 μυστικῶς,
1089 4219 1158 4273 τά
1188 4219 1244 4273 δὲ
1278 4219 1482 4291 ὕστερα
1516 4238 1694 4292 παρα-

141 4304 351 4374 δολικῶς
380 4311 473 4364 καὶ
501 4309 840 4382 ᾐνιγμένως,
867 4309 935 4363 τὰ
973 4310 1029 4364 δὲ
1061 4310 1217 4382 τρίτα
1255 4313 1440 4382 σαφῶς
1477 4313 1569 4365 καὶ
1601 4330 1696 4380 γυ-

143 4398 273 4468 μνῶς
296 4402 437 4458 κατά
474 4403 640 4473 μόνας
666 4401 800 4474 (15).

195 4505 306 4562 ετ.
341 4510 474 4564 Ὅτε
499 4503 642 4580 ἦμεν
673 4509 746 4562 ἐν
762 4507 836 4576 τῇ
861 4508 1064 4576 σαρκί,
1093 4511 1254 4580 φησὶν
1279 4511 1308 4562 ὀ
1353 4511 1692 4576 Ἀπόστολος,

1800 1997 2078 2076 spiritale,
2131 2021 2237 2060 non
2302 2005 2534 2076 amplius
2592 2004 3034 2067 commendatur,
3089 2002 3182 2058 sed
3247 2002 3359 2071 ipse

1800 2097 2028 2150 salutem
2060 2101 2300 2164 prastat.

1869 2185 2049 2241 LXIII.
2090 2185 2326 2256 Requies
2363 2185 2545 2256 itaque
2584 2185 2910 2255 spiritalium
2952 2185 3008 2239 in
3050 2182 3356 2246 Dominica,

1800 2277 1852 2331 in
1878 2275 2119 2348 ogdoade
2149 2291 2246 2330 ceu
2277 2283 2488 2341 octava,
2528 2290 2650 2346 qua:
2684 2273 2962 2330 Dominica
2993 2273 3215 2338 dicitur,
3239 2289 3359 2344 quae

1799 2369 1940 2439 apud
1971 2376 2196 2423 matrem
2259 2367 2470 2422 animas
2525 2367 2840 2422 indumenta
2888 2366 3087 2422 habent
3127 2365 3193 2420 ad
3221 2381 3357 2420 con-

1799 2457 2216 2512 summationem
2261 2472 2455 2527 usque,
2507 2465 2717 2511 caetera:
2765 2472 2894 2511 vero
2942 2457 3124 2513 ﬁdeles
3166 2457 3360 2512 animae

1797 2547 1940 2619 apud
1994 2547 2382 2620 Demiurgum:
2435 2548 2492 2604 in
2549 2549 3017 2604 consummatione
3060 2564 3188 2604 vero
3208 2564 3361 2604 rece-

1796 2641 2007 2696 duntet
2032 2641 2163 2711 ipsae
2190 2641 2242 2695 in
2272 2641 2608 2712 ogdoadem;
2664 2639 2788 2696 dein
2833 2653 2992 2695 cmna
3045 2641 3357 2710 nuptiarum

1798 2734 2106 2789 communis
2125 2734 2368 2788 omnium
2399 2734 2490 2804 qui
2525 2733 2758 2790 salutem
2792 2741 3220 2804 consequentur,
3257 2733 3355 2788 do-

1797 2841 1898 2883 nec
1921 2826 2103 2880 omnia
2137 2825 2338 2881 fuerint
2363 2827 2613 2897 :equalia,
2655 2839 2822 2895 seque
2852 2823 2956 2879 alia
3001 2826 3232 2880 invicem
3267 2840 3359 2880 co-

1795 2919 2100 2989 gnoverint.

1868 3007 2114 3072 QLXIV.
2150 3007 2358 3064 Exinde
2395 3024 2522 3064 vero
2568 3007 2834 3080 spiritalia
2883 3009 3171 3063 animabus
3209 3007 3356 3076 abje-

1795 3105 1898 3160 etis
1923 3119 2030 3158 una
2042 3119 2166 3158 cum
2197 3111 2371 3159 matre
2387 3117 2648 3174 sponsum
2677 3113 2990 3170 consecuta,
3022 3117 3253 3172 sponsos
3282 3102 3358 3156 si-

1796 3196 1996 3251 militer
2027 3195 2247 3266 angelos
2280 3210 2410 3252 suos
2455 3202 2510 3251 et
2538 3195 2656 3266 ipsa
2703 3203 3017 3258 consecuta,
3073 3194 3129 3248 iu
3175 3194 3349 3248 thala-

1796 3303 1942 3343 mum
1975 3286 2119 3342 intra
2148 3287 2440 3343 terminum
2488 3287 2891 3357 ingrediuntur,
2935 3295 2989 3343 et
3032 3303 3087 3342 tn
3120 3301 3357 3356 conspe-

1795 3386 1940 3433 ctum
1976 3377 2214 3449 Spiritus
2241 3380 2488 3441 veniunt,
2526 3378 2731 3436 Eoncs
2781 3379 3148 3451 intelligentes
3188 3377 3357 3444 facta,

1796 3472 1851 3526 in
1883 3471 2158 3543 spiritales
2191 3472 2402 3527 scilicet
2433 3481 2775 3543 aeternaeque
2798 3471 3037 3543 conjugii
3079 3472 3318 3542 nuptias.

1865 3652 2023 3708 LXV.
2059 3651 2242 3708 Carna:
2277 3668 2407 3707 vero
2439 3652 2872 3716 architriclinus,
2928 3667 2992 3706 ac
3043 3651 3357 3722 nuptiarum

1797 3746 2098 3817 pronubus,
2135 3746 2315 3816 sponsi
2338 3762 2455 3800 vero
2496 3746 2696 3801 amicus
2735 3745 2779 3812 ί,
2828 3751 2982 3801 stans
3016 3752 3142 3799 ante
3185 3743 3360 3798 thala-

1796 3853 1966 3903 mum,
1999 3838 2185 3908 sponsi
2225 3853 2414 3894 vocem
2467 3836 2716 3900 audiens,
2759 3837 2958 3908 gaudio
2989 3835 3207 3907 gaudet.
3248 3834 3360 3889 Hoc

1798 3929 1942 3985 illius
1965 3929 2146 4000 gaudii
2176 3929 2454 4000 plenitudo
2489 3937 2544 3985 et
2568 3928 2768 4000 quietis
2790 3930 2835 3983 ε.

1867 4127 2049 4183 LXVI.
2079 4126 2330 4182 Salvator
2361 4126 2646 4196 apostolos»
2669 4125 2900 4182 docebat
2931 4126 3107 4194 primo
3140 4123 3360 4194 quidem

1797 4222 1972 4294 typice
2011 4235 2075 4276 ac
2104 4219 2354 4291 mystice,
2387 4217 2515 4274 dein
2544 4233 2675 4274 vero
2722 4218 3001 4289 parabolis
3034 4225 3198 4287 atque
3230 4217 3362 4272 aeni.

1797 4314 2048 4386 gmatice,
2096 4320 2372 4384 postremo
2411 4311 2558 4366 clare
2587 4319 2640 4367 et
2684 4311 2826 4367 nude
2868 4312 3099 4366 seorsim
3144 4325 3359 4366 assum-

1796 4415 1938 4476 plos.

1869 4518 2075 4574 LXVII.
2113 4519 2247 4574 Cum
2279 4534 2524 4575 essemus
2559 4520 2613 4573 in
2644 4535 2800 4572 carne
2829 4519 2879 4580 ιι,
2910 4516 3084 4587 inquit
3124 4514 3359 4586 Aposto-
3396 4500 3403 4507 ’

139 4595 308 4670 ὥσπερ
342 4600 451 4665 ἔξω
477 4598 572 4652 τοῦ
600 4597 856 4669 σώματος
881 4599 982 4670 ἤδη
1017 4597 1212 4654 λαλῶν.
1263 4600 1448 4673 Σάρκα
1479 4598 1572 4656 οῦν
1609 4601 1694 4655 λέ-

1808 4617 1904 4674 lus,
1941 4612 2096 4682 quasi
2141 4612 2253 4680 jam
2291 4618 2444 4667 extra
2485 4627 2686 4682 corpus
2743 4611 3079 4680 loqueretur.
3126 4608 3357 4664 Carnem

137 4705 237 4755 γειν
256 4691 422 4746 αὐτόν
446 4708 609 4761 φασιν
638 4691 856 4761 ἐκείνην
877 4691 978 4762 τὴν
1008 4690 1312 4755 ἀσθένειαν,
1343 4694 1439 4764 τὴν
1467 4695 1574 4748 ἀπὸ
1598 4695 1695 4765 τῆς

136 4781 230 4836 ἄνω
271 4783 536 4854 γυναικὸς
583 4769 883 4855 προϐολήν.
935 4784 1046 4837 Καὶ
1091 4784 1218 4838 ὅταν
1262 4791 1291 4838 ὁ
1331 4785 1520 4858 Σωτὴρ
1559 4787 1694 4858 πρὸς

136 4874 387 4948 Σαλώμην
455 4876 571 4946 (14)
619 4875 776 4947 λέγῃ,
835 4875 998 4947 μέχρι
1054 4875 1175 4929 τότε
1239 4872 1380 4930 εἶναι
1448 4877 1694 4942 Θάνατον,

135 4959 272 5033 ἄχρις
304 4964 373 5018 ἂν
401 4966 459 5018 αἱ
483 4967 746 5034 γυναῖκες
770 4963 1045 5028 τίκτωσιν,
1082 4965 1142 5017 οὑ
1169 4965 1267 5036 τὴν
1301 4967 1512 5034 γένεσιν
1543 4969 1698 5023 κακί-

133 5050 224 5112 ζων
264 5055 480 5124 ἔλεγεν,
509 5055 833 5124 ἀναγκαίων
856 5051 1019 5110 οὖσαν
1044 5054 1133 5109 διά
1158 5056 1254 5128 τὴν
1289 5059 1558 5130 σωτηρίαν
1589 5060 1704 5141 τῶν.

134 5147 502 5204 πιστευόντων
527 5148 611 5201 δεῖ
633 5146 746 5219 γὰρ
772 5142 908 5201 εἶναι
930 5147 1025 5220 τὴν
1048 5147 1259 5216 γένεσιν
1285 5149 1507 5220 ταύτην,
1537 5151 1694 5222 ἄχρις

191 5358 246 5419 ιῙς
290 5352 353 5407 Ρ.
394 5352 508 5409 975
528 5350 832 5407 POTTER.
874 5351 982 5406 ΕΙ).
1023 5366 1050 5395 α
1090 5353 1236 5410 Psal.
1265 5369 1374 5420 (ιιι,
1404 5355 1453 5410 1.

132 5631 272 5686 detur
297 5629 588 5702 ἠπείλησε
601 5631 702 5700 μὲν
731 5627 808 5702 τῷ
835 5628 1332 5702 Θανᾲτῳηιιιίηαῑιιε
1365 5640 1440 5685 est
1472 5633 1690 5702 morti:

133 5703 202 5755 vel
223 5699 416 5758 saltem
439 5699 732 5771 ἠπείλεσε,
759 5699 975 5756 devolvit
1015 5699 1091 5771 (id
1120 5709 1203 5756 est
1234 5701 1528 5769 submovit)
1555 5718 1691 5754 mor-

135 5780 239 5825 tem.
272 5771 547 5827 Sulmo.

193 5843 297 5913 (Ιὲ)
337 5835 744 5910 Ἔι-’Κιφιακῇ
765 5837 831 5890 ἐν
856 5838 974 5908 ὁγδ.
1023 5837 1380 5895 Scribendum
1415 5841 1594 5910 potius
1615 5841 1694 5894 vi:

191 5358 246 5419 νῙς
290 5355 353 5407 Ρ.
394 5355 508 5409 9'75
528 5355 832 5407 POTTER.
874 5355 982 5406 ΕΙ).
1023 5366 1050 5395 α
1090 5355 1236 5410 Psal.
1265 5369 1374 5420 cur,
1404 5355 1453 5410 I.
1554 5358 1582 5396 ι’
1618 5357 1692 5410 Ac

135 5421 209 5477 I6.
288 5435 314 5466 ο
354 5423 674 5487 Lucum,
706 5422 797 5476 46.
880 5423 899 5462 ί
931 5421 1088 5480 Joan.
1131 5440 1193 5490 ιι,
1234 5424 1296 5493 8;
1333 5441 1414 5490 ιιι,
1458 5425 1545 5481 29.
1628 5429 1651 5465 ε
1689 5461 1695 5478 .

1815 5373 1848 5421 ι,
1878 5355 1968 5408 21.
2069 5367 2089 5393 ε

1809 5443 1843 5480 ι.
1880 5441 1993 5489 XVI,
2034 5426 2126 5480 24.

1795 4705 1960 4776 igitur
2003 4711 2178 4767 vocat,
2223 4703 2513 4773 inquiunt,
2559 4703 2928 4758 inﬁrmitatem
2976 4701 3120 4755 illam
3154 4717 3274 4769 qua:
3330 4715 3356 4750 ιι

1797 4796 2092 4866 propagine
2123 4795 2309 4865 primae
2341 4795 2587 4850 mulieris
2611 4795 2734 4849 fuit.
2770 4793 2834 4847 Et
2857 4809 2980 4849 cutn
3009 4792 3258 4847 Salvator
3286 4793 3361 4844 ait

1798 4887 2048 4952 Salomae,
2106 4886 2292 4940 tandiu
2341 4895 2571 4941 mortem
2621 4885 2758 4949 fore,
2809 4885 3052 4956 quandiu
3103 4883 3360 4937 mulieres

1796 4980 2066 5042 parerent,
2118 4986 2226 5024 non
2275 4969 2432 5039 quasi
2491 4969 2898 5039 generationem
2951 4969 3357 5026 criminaretur.

1801 5063 1903 5116 hoc
1935 5062 2092 5124 dixit,
2125 5075 2244 5132 qua:
2274 5060 2340 5114 ad
2387 5061 2616 5114 salutem
2651 5059 2889 5114 ﬁdelium
2923 5065 3006 5114 est
3029 5057 3356 5125 necessaria;

1800 5158 2011 5221 oportet
2033 5151 2175 5205 enim
2209 5149 2613 5219 generationem
2639 5147 2779 5202 hanc
2807 5162 2949 5211 esse,
2972 5146 3146 5202 donec
3177 5159 3358 5202 semen

2069 5367 2089 5393 ε
2135 5354 2278 5408 Zach
2327 5371 2422 5418 χιι,
2459 5355 2545 5408 10.
2624 5355 2647 5392 d
2686 5353 2839 5407 Joan.
2876 5369 2985 5416 xix,
3013 5351 3080 5406 37
3133 5351 3224 5405 Ex
3260 5367 3358 5416 ιιι,

2219 5426 2246 5465 ιι
2288 5424 2444 5480 Rom.
2484 5441 2580 5487 vlt,
2622 5425 2674 5477 5.

1799 5630 1969 5702 detur,
1988 5631 2047 5684 ὲν
2066 5631 2316 5702 κυριακῇ
2345 5587 2584 5702 ὀγδοάδιξΓ
2608 5631 2659 5684 iu
2692 5629 2966 5702 Dominica
3000 5628 3251 5702 ogdoade.

1871 5700 1981 5771 (15)
2009 5697 2168 5754 Κατᾶ
2185 5697 2397 5771 nam;
2423 5700 2600 5756 Malim
2625 5700 2910 5771 coniuncte
2923 5697 3252 5771 καταμόνας.

1874 5768 2014 5894 (01$)
2050 5768 2359 5838 Σίιλώμηικ
2421 5771 2576 5826 Conl'.
2648 5768 2943 5826 Clementis
3004 5768 3205 5824 Strem.
3275 5781 3357 5829 ιιι,

1803 5856 1851 5908 Ρ-
1887 5859 1932 5893 0'
2001 5882 2008 5892 -
3049 5857 3051 5860 ’
