  <div class='ocr_page' id='page_1' title='image "/cluster/home/n/w/nwhite01/storage/ocr_20150623/9/hvd.32044019207612/357.png"; bbox 0 0 3840 6534; ppageno 0'>
   <div class='ocr_carea' id='block_1_1' title="bbox 533 380 3726 466">
    <p class='ocr_par' dir='ltr' id='par_1_1' title="bbox 533 380 3726 466">
     <span class='ocr_line' id='line_1_1' title="bbox 533 380 3726 466; baseline 0.007 -25"><span class='ocrx_word' id='word_1_1' title='bbox 533 380 640 442; x_wconf 76' lang='lat'><strong>705</strong></span> <span class='ocrx_word' id='word_1_2' title='bbox 1704 389 2021 447; x_wconf 76' lang='lat' dir='ltr'><strong>CLEMENS</strong></span> <span class='ocrx_word' id='word_1_3' title='bbox 2059 393 2549 456; x_wconf 78' lang='lat' dir='ltr'><strong>ALEXANDRINU</strong></span> <span class='ocrx_word' id='word_1_4' title='bbox 2561 399 2619 454; x_wconf 85' lang='lat' dir='ltr'><strong>S.</strong></span> <span class='ocrx_word' id='word_1_5' title='bbox 3651 411 3726 466; x_wconf 64' lang='lat' dir='ltr'><strong>illi</strong></span> 
     </span>
    </p>
   </div>
   <div class='ocr_carea' id='block_1_2' title="bbox 529 506 2045 593">
    <p class='ocr_par' dir='ltr' id='par_1_2' title="bbox 529 506 2045 579">
     <span class='ocr_line' id='line_1_2' title="bbox 529 506 2045 579; baseline 0.008 -24"><span class='ocrx_word' id='word_1_6' title='bbox 529 513 683 575; x_wconf 66' lang='lat' dir='ltr'><strong>gaut,</strong></span> <span class='ocrx_word' id='word_1_7' title='bbox 715 517 824 557; x_wconf 88' lang='lat' dir='ltr'><strong>nou</strong></span> <span class='ocrx_word' id='word_1_8' title='bbox 862 511 990 559; x_wconf 87' lang='lat' dir='ltr'><strong>sunt</strong></span> <span class='ocrx_word' id='word_1_9' title='bbox 1031 506 1237 576; x_wconf 84' lang='lat' dir='ltr'><strong>supini,</strong></span> <span class='ocrx_word' id='word_1_10' title='bbox 1272 507 1367 562; x_wconf 92' lang='lat' dir='ltr'><strong>sed</strong></span> <span class='ocrx_word' id='word_1_11' title='bbox 1401 523 1618 579; x_wconf 71' lang='lat' dir='ltr'><strong>semper</strong></span> <span class='ocrx_word' id='word_1_12' title='bbox 1651 511 1831 565; x_wconf 86' lang='lat' dir='ltr'><strong>anima</strong></span> <span class='ocrx_word' id='word_1_13' title='bbox 1859 510 1914 565; x_wconf 91' lang='lat' dir='ltr'><strong>in</strong></span> <span class='ocrx_word' id='word_1_14' title='bbox 1942 509 2045 568; x_wconf 88' lang='lat' dir='ltr'><strong>Deu</strong></span> 
     </span>
    </p>
   </div>
   <div class='ocr_carea' id='block_1_3' title="bbox 2209 506 3725 593">
    <p class='ocr_par' dir='ltr' id='par_1_3' title="bbox 2212 516 3725 593">
     <span class='ocr_line' id='line_1_3' title="bbox 2212 516 3725 593; baseline 0.007 -24"><span class='ocrx_word' id='word_1_15' title='bbox 2212 516 2325 569; x_wconf 82' lang='grc' dir='ltr'>ἀλλ’</span> <span class='ocrx_word' id='word_1_16' title='bbox 2378 517 2465 570; x_wconf 72' lang='grc' dir='ltr'><strong>ἀεὶ</strong></span> <span class='ocrx_word' id='word_1_17' title='bbox 2518 516 2765 587; x_wconf 76' lang='grc' dir='ltr'>εῦχονται</span> <span class='ocrx_word' id='word_1_18' title='bbox 2793 558 2808 580; x_wconf 83' lang='grc'><strong>,</strong></span> <span class='ocrx_word' id='word_1_19' title='bbox 2830 562 2842 575; x_wconf 94' lang='grc'>.</span> <span class='ocrx_word' id='word_1_20' title='bbox 2868 519 3254 590; x_wconf 79' lang='grc' dir='ltr'>ἀνατεταμένοι</span> <span class='ocrx_word' id='word_1_21' title='bbox 3327 521 3458 593; x_wconf 71' lang='grc' dir='ltr'>πρὸς</span> <span class='ocrx_word' id='word_1_22' title='bbox 3505 523 3584 576; x_wconf 73' lang='grc' dir='ltr'>τὸν</span> <span class='ocrx_word' id='word_1_23' title='bbox 3613 529 3725 582; x_wconf 69' lang='grc' dir='ltr'><strong>Θεῦν.</strong></span> 
     </span>
    </p>
   </div>
   <div class='ocr_carea' id='block_1_4' title="bbox 533 592 1290 664">
    <p class='ocr_par' dir='ltr' id='par_1_4' title="bbox 533 592 1290 664">
     <span class='ocr_line' id='line_1_4' title="bbox 533 592 1290 664; baseline 0.011 -18"><span class='ocrx_word' id='word_1_24' title='bbox 533 592 742 648; x_wconf 86' lang='lat' dir='ltr'><strong>intenta</strong></span> <span class='ocrx_word' id='word_1_25' title='bbox 765 609 952 664; x_wconf 84' lang='lat' dir='ltr'><strong>preces</strong></span> <span class='ocrx_word' id='word_1_26' title='bbox 981 595 1290 654; x_wconf 77' lang='lat' dir='ltr'><strong>eﬁ‘undunt.</strong></span> 
     </span>
    </p>
   </div>
   <div class='ocr_carea' id='block_1_5' title="bbox 501 683 2017 770">
    <p class='ocr_par' dir='ltr' id='par_1_5' title="bbox 501 683 2017 762">
     <span class='ocr_line' id='line_1_5' title="bbox 501 683 2017 762; baseline 0.007 -24"><span class='ocrx_word' id='word_1_27' title='bbox 501 689 504 694; x_wconf 91' lang='lat'>&#39;</span> <span class='ocrx_word' id='word_1_28' title='bbox 602 683 692 740; x_wconf 79' lang='lat' dir='ltr'><strong>XI.</strong></span> <span class='ocrx_word' id='word_1_29' title='bbox 743 683 1006 744; x_wconf 84' lang='lat' dir='ltr'><strong>Seniores</strong></span> <span class='ocrx_word' id='word_1_30' title='bbox 1062 689 1224 745; x_wconf 91' lang='lat' dir='ltr'><strong>valde</strong></span> <span class='ocrx_word' id='word_1_31' title='bbox 1283 691 1569 762; x_wconf 76' lang='lat' dir='ltr'><strong>conquesti</strong></span> <span class='ocrx_word' id='word_1_32' title='bbox 1618 701 1768 758; x_wconf 91' lang='lat' dir='ltr'><strong>sunt,</strong></span> <span class='ocrx_word' id='word_1_33' title='bbox 1813 694 1920 750; x_wconf 88' lang='lat' dir='ltr'><strong>nisi</strong></span> <span class='ocrx_word' id='word_1_34' title='bbox 1983 711 2017 749; x_wconf 84' lang='grc' dir='ltr'><strong>η</strong></span> 
     </span>
    </p>
   </div>
   <div class='ocr_carea' id='block_1_6' title="bbox 2211 683 3727 770">
    <p class='ocr_par' dir='ltr' id='par_1_6' title="bbox 2287 695 3727 770">
     <span class='ocr_line' id='line_1_6' title="bbox 2287 695 3727 770; baseline 0.004 -23"><span class='ocrx_word' id='word_1_35' title='bbox 2287 695 2388 747; x_wconf 74' lang='grc' dir='ltr'>ιΑσ.</span> <span class='ocrx_word' id='word_1_36' title='bbox 2445 695 2509 748; x_wconf 79' lang='lat' dir='ltr'><strong>Oi</strong></span> <span class='ocrx_word' id='word_1_37' title='bbox 2565 695 2923 766; x_wconf 81' lang='grc' dir='ltr'>πρεσϐύτεροι</span> <span class='ocrx_word' id='word_1_38' title='bbox 2976 695 3180 768; x_wconf 81' lang='grc' dir='ltr'>σφόδρα</span> <span class='ocrx_word' id='word_1_39' title='bbox 3217 697 3463 767; x_wconf 76' lang='grc' dir='ltr'>ἧχθοντο,</span> <span class='ocrx_word' id='word_1_40' title='bbox 3505 698 3550 750; x_wconf 87' lang='grc' dir='ltr'><strong>εί</strong></span> <span class='ocrx_word' id='word_1_41' title='bbox 3588 701 3648 770; x_wconf 78' lang='grc' dir='ltr'>μὴ</span> <span class='ocrx_word' id='word_1_42' title='bbox 3672 701 3727 754; x_wconf 76' lang='grc' dir='ltr'>ὅτι</span> 
     </span>
    </p>
   </div>
   <div class='ocr_carea' id='block_1_7' title="bbox 530 775 2046 861">
    <p class='ocr_par' dir='ltr' id='par_1_7' title="bbox 530 775 2046 854">
     <span class='ocr_line' id='line_1_7' title="bbox 530 775 2046 854; baseline 0.007 -26"><span class='ocrx_word' id='word_1_43' title='bbox 530 775 753 846; x_wconf 89' lang='lat' dir='ltr'><strong>aliquod</strong></span> <span class='ocrx_word' id='word_1_44' title='bbox 768 777 822 832; x_wconf 90' lang='lat' dir='ltr'><strong>iu</strong></span> <span class='ocrx_word' id='word_1_45' title='bbox 847 779 963 835; x_wconf 88' lang='lat' dir='ltr'><strong>dies</strong></span> <span class='ocrx_word' id='word_1_46' title='bbox 991 782 1211 852; x_wconf 86' lang='lat' dir='ltr'><strong>corpori</strong></span> <span class='ocrx_word' id='word_1_47' title='bbox 1241 783 1536 847; x_wconf 85' lang='lat' dir='ltr'><strong>accideret,</strong></span> <span class='ocrx_word' id='word_1_48' title='bbox 1570 784 1715 854; x_wconf 92' lang='lat' dir='ltr'><strong>quod</strong></span> <span class='ocrx_word' id='word_1_49' title='bbox 1752 785 1967 841; x_wconf 74' lang='lat' dir='ltr'><strong>fortiter</strong></span> <span class='ocrx_word' id='word_1_50' title='bbox 1999 787 2046 840; x_wconf 87' lang='lat' dir='ltr'><strong>ill</strong></span> 
     </span>
    </p>
   </div>
   <div class='ocr_carea' id='block_1_8' title="bbox 2213 775 3729 861">
    <p class='ocr_par' dir='ltr' id='par_1_8' title="bbox 2217 785 3729 861">
     <span class='ocr_line' id='line_1_8' title="bbox 2217 785 3729 861; baseline 0.004 -24"><span class='ocrx_word' id='word_1_51' title='bbox 2217 785 2474 856; x_wconf 74' lang='grc' dir='ltr'><strong>πάσχοιεν</strong></span> <span class='ocrx_word' id='word_1_52' title='bbox 2497 786 2608 857; x_wconf 74' lang='grc'><strong>(54)</strong></span> <span class='ocrx_word' id='word_1_53' title='bbox 2634 786 2778 841; x_wconf 80' lang='grc' dir='ltr'>κατὰ</span> <span class='ocrx_word' id='word_1_54' title='bbox 2802 787 2864 841; x_wconf 81' lang='grc' dir='ltr'>τὺ</span> <span class='ocrx_word' id='word_1_55' title='bbox 2887 788 3042 858; x_wconf 87' lang='grc' dir='ltr'>σῶμα</span> <span class='ocrx_word' id='word_1_56' title='bbox 3062 787 3340 841; x_wconf 82' lang='grc' dir='ltr'>ἑκάστοτε·</span> <span class='ocrx_word' id='word_1_57' title='bbox 3366 788 3633 857; x_wconf 75' lang='grc' dir='ltr'>ἐφοϐοῦντο</span> <span class='ocrx_word' id='word_1_58' title='bbox 3653 793 3729 861; x_wconf 73' lang='grc' dir='ltr'><strong>γὰρ</strong></span> 
     </span>
    </p>
   </div>
   <div class='ocr_carea' id='block_1_9' title="bbox 531 866 2047 952">
    <p class='ocr_par' dir='ltr' id='par_1_9' title="bbox 531 866 2047 934">
     <span class='ocr_line' id='line_1_9' title="bbox 531 866 2047 934; baseline 0.009 -16"><span class='ocrx_word' id='word_1_59' title='bbox 531 866 926 934; x_wconf 78' lang='lat' dir='ltr'><strong>perferendum</strong></span> <span class='ocrx_word' id='word_1_60' title='bbox 953 869 1111 926; x_wconf 80' lang='lat' dir='ltr'><strong>foret.</strong></span> <span class='ocrx_word' id='word_1_61' title='bbox 1150 869 1438 926; x_wconf 86' lang='lat' dir='ltr'><strong>Timebant</strong></span> <span class='ocrx_word' id='word_1_62' title='bbox 1469 872 1616 928; x_wconf 89' lang='lat' dir='ltr'><strong>enim</strong></span> <span class='ocrx_word' id='word_1_63' title='bbox 1664 889 1732 928; x_wconf 91' lang='lat' dir='ltr'><strong>ne</strong></span> <span class='ocrx_word' id='word_1_64' title='bbox 1758 873 1899 929; x_wconf 80' lang='lat' dir='ltr'><strong>forte</strong></span> <span class='ocrx_word' id='word_1_65' title='bbox 1923 875 1980 931; x_wconf 93' lang='lat' dir='ltr'><strong>in</strong></span> <span class='ocrx_word' id='word_1_66' title='bbox 2001 876 2047 931; x_wconf 91' lang='lat' dir='ltr'><strong>vi</strong></span> 
     </span>
    </p>
   </div>
   <div class='ocr_carea' id='block_1_10' title="bbox 2214 866 3730 952">
    <p class='ocr_par' dir='ltr' id='par_1_10' title="bbox 2219 867 3730 952">
     <span class='ocr_line' id='line_1_10' title="bbox 2219 867 3730 952; baseline 0.001 -21"><span class='ocrx_word' id='word_1_67' title='bbox 2219 867 2414 949; x_wconf 76' lang='grc' dir='ltr'>μήπως</span> <span class='ocrx_word' id='word_1_68' title='bbox 2467 877 2701 932; x_wconf 80' lang='grc' dir='ltr'>ἐνταῦθα</span> <span class='ocrx_word' id='word_1_69' title='bbox 2752 880 2812 932; x_wconf 77' lang='grc' dir='ltr'><strong>οὐ</strong></span> <span class='ocrx_word' id='word_1_70' title='bbox 2865 879 3211 950; x_wconf 78' lang='grc' dir='ltr'><strong>κομιζόμενοι</strong></span> <span class='ocrx_word' id='word_1_71' title='bbox 3260 878 3330 933; x_wconf 80' lang='grc' dir='ltr'>τὰ</span> <span class='ocrx_word' id='word_1_72' title='bbox 3383 880 3618 952; x_wconf 73' lang='grc' dir='ltr'><strong>ἐπίχειρα</strong></span> <span class='ocrx_word' id='word_1_73' title='bbox 3653 883 3730 934; x_wconf 76' lang='grc' dir='ltr'><strong>τῶν</strong></span> 
     </span>
    </p>
   </div>
   <div class='ocr_carea' id='block_1_11' title="bbox 529 955 2045 1040">
    <p class='ocr_par' dir='ltr' id='par_1_11' title="bbox 529 955 2045 1037">
     <span class='ocr_line' id='line_1_11' title="bbox 529 955 2045 1037; baseline 0.007 -27"><span class='ocrx_word' id='word_1_74' title='bbox 529 955 634 1013; x_wconf 86' lang='lat' dir='ltr'><strong>hac</strong></span> <span class='ocrx_word' id='word_1_75' title='bbox 667 959 868 1028; x_wconf 65' lang='lat' dir='ltr'><strong>pinnis,</strong></span> <span class='ocrx_word' id='word_1_76' title='bbox 895 962 1136 1030; x_wconf 82' lang='lat' dir='ltr'><strong>peccatis</strong></span> <span class='ocrx_word' id='word_1_77' title='bbox 1191 962 1410 1018; x_wconf 90' lang='lat' dir='ltr'><strong>illorum</strong></span> <span class='ocrx_word' id='word_1_78' title='bbox 1469 962 1810 1033; x_wconf 88' lang='lat' dir='ltr'><strong>debitis,non</strong></span> <span class='ocrx_word' id='word_1_79' title='bbox 1853 967 2045 1037; x_wconf 82' lang='lat' dir='ltr'><strong>recepti</strong></span> 
     </span>
    </p>
   </div>
   <div class='ocr_carea' id='block_1_12' title="bbox 2213 955 3729 1040">
    <p class='ocr_par' dir='ltr' id='par_1_12' title="bbox 2217 967 3729 1040">
     <span class='ocr_line' id='line_1_12' title="bbox 2217 967 3729 1040; baseline 0 -20"><span class='ocrx_word' id='word_1_80' title='bbox 2217 968 2648 1040; x_wconf 81' lang='grc' dir='ltr'><strong>ἁμαρτημάτων,</strong></span> <span class='ocrx_word' id='word_1_81' title='bbox 2684 967 2721 1024; x_wconf 77' lang='grc' dir='ltr'>ἃ</span> <span class='ocrx_word' id='word_1_82' title='bbox 2771 967 2944 1023; x_wconf 80' lang='grc' dir='ltr'>πολλὰ</span> <span class='ocrx_word' id='word_1_83' title='bbox 2989 970 3099 1032; x_wconf 89' lang='grc' dir='ltr'>τοῖς</span> <span class='ocrx_word' id='word_1_84' title='bbox 3132 970 3189 1022; x_wconf 83' lang='grc' dir='ltr'>ὲν</span> <span class='ocrx_word' id='word_1_85' title='bbox 3236 969 3401 1037; x_wconf 74' lang='grc' dir='ltr'>σαρκὶ</span> <span class='ocrx_word' id='word_1_86' title='bbox 3423 967 3536 1020; x_wconf 81' lang='grc' dir='ltr'>κατ’</span> <span class='ocrx_word' id='word_1_87' title='bbox 3561 969 3729 1036; x_wconf 80' lang='grc' dir='ltr'>ἄγνοιαν</span> 
     </span>
    </p>
   </div>
   <div class='ocr_carea' id='block_1_13' title="bbox 528 1051 2044 1132">
    <p class='ocr_par' dir='ltr' id='par_1_13' title="bbox 528 1051 2044 1128">
     <span class='ocr_line' id='line_1_13' title="bbox 528 1051 2044 1128; baseline 0.005 -24"><span class='ocrx_word' id='word_1_88' title='bbox 528 1065 653 1119; x_wconf 69' lang='lat' dir='ltr'><strong>quae</strong></span> <span class='ocrx_word' id='word_1_89' title='bbox 689 1051 912 1121; x_wconf 86' lang='lat' dir='ltr'><strong>quidem</strong></span> <span class='ocrx_word' id='word_1_90' title='bbox 972 1052 1166 1118; x_wconf 91' lang='lat' dir='ltr'><strong>multa,</strong></span> <span class='ocrx_word' id='word_1_91' title='bbox 1221 1054 1330 1109; x_wconf 87' lang='lat' dir='ltr'><strong>illis</strong></span> <span class='ocrx_word' id='word_1_92' title='bbox 1381 1054 1473 1125; x_wconf 88' lang='lat' dir='ltr'><strong>qui</strong></span> <span class='ocrx_word' id='word_1_93' title='bbox 1505 1055 1560 1109; x_wconf 88' lang='lat' dir='ltr'><strong>in</strong></span> <span class='ocrx_word' id='word_1_94' title='bbox 1615 1069 1778 1111; x_wconf 88' lang='lat' dir='ltr'><strong>carne</strong></span> <span class='ocrx_word' id='word_1_95' title='bbox 1831 1065 1978 1122; x_wconf 89' lang='lat' dir='ltr'><strong>sunt,</strong></span> <span class='ocrx_word' id='word_1_96' title='bbox 2014 1073 2044 1128; x_wconf 89' lang='lat' dir='ltr'><strong>p</strong></span> 
     </span>
    </p>
   </div>
   <div class='ocr_carea' id='block_1_14' title="bbox 2211 1051 3727 1132">
    <p class='ocr_par' dir='ltr' id='par_1_14' title="bbox 2215 1058 3727 1132">
     <span class='ocr_line' id='line_1_14' title="bbox 2215 1058 3727 1132; baseline 0 -20"><span class='ocrx_word' id='word_1_97' title='bbox 2215 1060 2631 1131; x_wconf 79' lang='grc' dir='ltr'><strong>παρακολουθεῖ,</strong></span> <span class='ocrx_word' id='word_1_98' title='bbox 2691 1059 2889 1132; x_wconf 87' lang='grc' dir='ltr'>ἁθρόαν</span> <span class='ocrx_word' id='word_1_99' title='bbox 2933 1061 3050 1113; x_wconf 73' lang='grc' dir='ltr'>ἐκεῖ</span> <span class='ocrx_word' id='word_1_100' title='bbox 3098 1060 3416 1132; x_wconf 87' lang='grc' dir='ltr'>κομίσονται</span> <span class='ocrx_word' id='word_1_101' title='bbox 3463 1058 3554 1131; x_wconf 51' lang='grc' dir='ltr'>τῇ</span> <span class='ocrx_word' id='word_1_102' title='bbox 3596 1059 3727 1131; x_wconf 81' lang='grc' dir='ltr'>δίκην·</span> 
     </span>
    </p>
   </div>
   <div class='ocr_carea' id='block_1_15' title="bbox 531 1144 2047 1224">
    <p class='ocr_par' dir='ltr' id='par_1_15' title="bbox 531 1144 2047 1222">
     <span class='ocr_line' id='line_1_15' title="bbox 531 1144 2047 1222; baseline 0.005 -24"><span class='ocrx_word' id='word_1_103' title='bbox 531 1144 896 1215; x_wconf 68' lang='lat' dir='ltr'><strong>ignorantiam</strong></span> <span class='ocrx_word' id='word_1_104' title='bbox 960 1149 1316 1212; x_wconf 82' lang='lat' dir='ltr'><strong>comitantur,</strong></span> <span class='ocrx_word' id='word_1_105' title='bbox 1381 1148 1580 1202; x_wconf 69' lang='lat' dir='ltr'><strong>saeculo</strong></span> <span class='ocrx_word' id='word_1_106' title='bbox 1643 1148 1828 1206; x_wconf 82' lang='lat' dir='ltr'><strong>futuro</strong></span> <span class='ocrx_word' id='word_1_107' title='bbox 1893 1167 2047 1222; x_wconf 63' lang='lat' dir='ltr'><strong>poena</strong></span> 
     </span>
    </p>
   </div>
   <div class='ocr_carea' id='block_1_16' title="bbox 2213 1144 3729 1224">
    <p class='ocr_par' dir='ltr' id='par_1_16' title="bbox 2213 1149 3729 1224">
     <span class='ocr_line' id='line_1_16' title="bbox 2213 1149 3729 1224; baseline 0.001 -22"><span class='ocrx_word' id='word_1_108' title='bbox 2213 1149 2350 1203; x_wconf 80' lang='grc' dir='ltr'>ὥστε</span> <span class='ocrx_word' id='word_1_109' title='bbox 2379 1151 2565 1206; x_wconf 79' lang='grc' dir='ltr'>ἐνθάδε</span> <span class='ocrx_word' id='word_1_110' title='bbox 2603 1151 2998 1224; x_wconf 77' lang='grc' dir='ltr'>θεραπεύεσθαι</span> <span class='ocrx_word' id='word_1_111' title='bbox 3027 1151 3232 1223; x_wconf 79' lang='grc' dir='ltr'><strong>ἠξίουν.</strong></span> <span class='ocrx_word' id='word_1_112' title='bbox 3265 1149 3529 1221; x_wconf 80' lang='grc' dir='ltr'>Φοϐητέον</span> <span class='ocrx_word' id='word_1_113' title='bbox 3553 1150 3644 1221; x_wconf 82' lang='grc' dir='ltr'><strong>ἀρα</strong></span> <span class='ocrx_word' id='word_1_114' title='bbox 3663 1152 3729 1204; x_wconf 78' lang='grc' dir='ltr'><strong>οὐ·</strong></span> 
     </span>
    </p>
   </div>
   <div class='ocr_carea' id='block_1_17' title="bbox 529 1236 2045 1316">
    <p class='ocr_par' dir='ltr' id='par_1_17' title="bbox 529 1236 2045 1311">
     <span class='ocr_line' id='line_1_17' title="bbox 529 1236 2045 1311; baseline 0.006 -20"><span class='ocrx_word' id='word_1_115' title='bbox 529 1236 822 1292; x_wconf 87' lang='lat' dir='ltr'><strong>conl‘ertim</strong></span> <span class='ocrx_word' id='word_1_116' title='bbox 857 1239 1186 1310; x_wconf 86' lang='lat' dir='ltr'><strong>reciperent,</strong></span> <span class='ocrx_word' id='word_1_117' title='bbox 1215 1255 1379 1311; x_wconf 89' lang='lat' dir='ltr'><strong>quam</strong></span> <span class='ocrx_word' id='word_1_118' title='bbox 1409 1241 1482 1296; x_wconf 92' lang='lat' dir='ltr'><strong>ob</strong></span> <span class='ocrx_word' id='word_1_119' title='bbox 1519 1256 1743 1297; x_wconf 85' lang='lat' dir='ltr'><strong>causam</strong></span> <span class='ocrx_word' id='word_1_120' title='bbox 1779 1241 1881 1298; x_wconf 86' lang='lat' dir='ltr'><strong>hac</strong></span> <span class='ocrx_word' id='word_1_121' title='bbox 1913 1243 1968 1298; x_wconf 94' lang='lat' dir='ltr'><strong>in</strong></span> <span class='ocrx_word' id='word_1_122' title='bbox 1999 1245 2045 1300; x_wconf 91' lang='lat' dir='ltr'><strong>vi</strong></span> 
     </span>
    </p>
   </div>
   <div class='ocr_carea' id='block_1_18' title="bbox 2213 1236 3729 1316">
    <p class='ocr_par' dir='ltr' id='par_1_18' title="bbox 2213 1241 3729 1316">
     <span class='ocr_line' id='line_1_18' title="bbox 2213 1241 3729 1316; baseline -0.001 -20"><span class='ocrx_word' id='word_1_123' title='bbox 2213 1243 2265 1313; x_wconf 75' lang='grc' dir='ltr'><strong>χὶ</strong></span> <span class='ocrx_word' id='word_1_124' title='bbox 2295 1242 2448 1297; x_wconf 84' lang='grc' dir='ltr'><strong>νόσον</strong></span> <span class='ocrx_word' id='word_1_125' title='bbox 2479 1243 2576 1316; x_wconf 82' lang='grc' dir='ltr'><strong>τὴν</strong></span> <span class='ocrx_word' id='word_1_126' title='bbox 2606 1243 2824 1310; x_wconf 80' lang='grc' dir='ltr'>ἔξωθεν,</span> <span class='ocrx_word' id='word_1_127' title='bbox 2872 1244 3008 1299; x_wconf 85' lang='grc' dir='ltr'><strong>ἀλλά</strong></span> <span class='ocrx_word' id='word_1_128' title='bbox 3037 1245 3436 1316; x_wconf 81' lang='grc' dir='ltr'>ἁμαρτήματα,</span> <span class='ocrx_word' id='word_1_129' title='bbox 3463 1241 3527 1295; x_wconf 81' lang='grc' dir='ltr'>δι’</span> <span class='ocrx_word' id='word_1_130' title='bbox 3551 1241 3584 1296; x_wconf 72' lang='grc' dir='ltr'><strong>ἃ.</strong></span> <span class='ocrx_word' id='word_1_131' title='bbox 3611 1243 3639 1312; x_wconf 73' lang='grc' dir='ltr'><strong>ἡ</strong></span> <span class='ocrx_word' id='word_1_132' title='bbox 3666 1243 3729 1295; x_wconf 85' lang='grc' dir='ltr'><strong>νό-</strong></span> 
     </span>
    </p>
   </div>
   <div class='ocr_carea' id='block_1_19' title="bbox 528 1328 2044 1408">
    <p class='ocr_par' dir='ltr' id='par_1_19' title="bbox 528 1328 2044 1402">
     <span class='ocr_line' id='line_1_19' title="bbox 528 1328 2044 1402; baseline 0.004 -20"><span class='ocrx_word' id='word_1_133' title='bbox 528 1328 714 1383; x_wconf 86' lang='lat' dir='ltr'><strong>curari</strong></span> <span class='ocrx_word' id='word_1_134' title='bbox 768 1328 1060 1385; x_wconf 84' lang='lat' dir='ltr'><strong>malebant.</strong></span> <span class='ocrx_word' id='word_1_135' title='bbox 1112 1328 1410 1388; x_wconf 88' lang='lat' dir='ltr'><strong>Timendus</strong></span> <span class='ocrx_word' id='word_1_136' title='bbox 1459 1331 1641 1402; x_wconf 86' lang='lat' dir='ltr'><strong>itaque</strong></span> <span class='ocrx_word' id='word_1_137' title='bbox 1691 1333 1853 1390; x_wconf 91' lang='lat' dir='ltr'><strong>nobis</strong></span> <span class='ocrx_word' id='word_1_138' title='bbox 1883 1343 1969 1390; x_wconf 91' lang='lat' dir='ltr'><strong>est</strong></span> <span class='ocrx_word' id='word_1_139' title='bbox 1997 1352 2044 1390; x_wconf 61' lang='lat' dir='ltr'><strong>nt</strong></span> 
     </span>
    </p>
   </div>
   <div class='ocr_carea' id='block_1_20' title="bbox 2214 1328 3730 1408">
    <p class='ocr_par' dir='ltr' id='par_1_20' title="bbox 2214 1330 3730 1408">
     <span class='ocr_line' id='line_1_20' title="bbox 2214 1330 3730 1408; baseline -0.001 -20"><span class='ocrx_word' id='word_1_140' title='bbox 2214 1351 2323 1399; x_wconf 84' lang='grc' dir='ltr'>σος·</span> <span class='ocrx_word' id='word_1_141' title='bbox 2359 1337 2456 1389; x_wconf 70' lang='grc' dir='ltr'><strong>καὶ</strong></span> <span class='ocrx_word' id='word_1_142' title='bbox 2505 1335 2660 1389; x_wconf 81' lang='grc' dir='ltr'><strong>νόσον</strong></span> <span class='ocrx_word' id='word_1_143' title='bbox 2690 1335 2886 1408; x_wconf 77' lang='grc' dir='ltr'>ψυχῆς,</span> <span class='ocrx_word' id='word_1_144' title='bbox 2920 1336 2984 1389; x_wconf 79' lang='grc' dir='ltr'><strong>οὐ</strong></span> <span class='ocrx_word' id='word_1_145' title='bbox 3019 1333 3288 1406; x_wconf 82' lang='grc' dir='ltr'>σώματος·</span> <span class='ocrx_word' id='word_1_146' title='bbox 3325 1333 3407 1386; x_wconf 83' lang='grc' dir='ltr'>ὅτι</span> <span class='ocrx_word' id='word_1_147' title='bbox 3433 1330 3588 1388; x_wconf 74' lang='grc' dir='ltr'>πᾶσα</span> <span class='ocrx_word' id='word_1_148' title='bbox 3613 1332 3730 1401; x_wconf 79' lang='grc' dir='ltr'>σὰρξ</span> 
     </span>
    </p>
   </div>
   <div class='ocr_carea' id='block_1_21' title="bbox 528 1419 2044 1501">
    <p class='ocr_par' dir='ltr' id='par_1_21' title="bbox 528 1419 2042 1498">
     <span class='ocr_line' id='line_1_21' title="bbox 528 1419 2042 1498; baseline 0.007 -26"><span class='ocrx_word' id='word_1_149' title='bbox 528 1419 754 1474; x_wconf 89' lang='lat' dir='ltr'><strong>morbus</strong></span> <span class='ocrx_word' id='word_1_150' title='bbox 787 1420 1026 1475; x_wconf 79' lang='lat' dir='ltr'><strong>exterior</strong></span> <span class='ocrx_word' id='word_1_151' title='bbox 1075 1420 1172 1476; x_wconf 89' lang='lat' dir='ltr'><strong>sed</strong></span> <span class='ocrx_word' id='word_1_152' title='bbox 1225 1422 1406 1492; x_wconf 88' lang='lat' dir='ltr'><strong>potius</strong></span> <span class='ocrx_word' id='word_1_153' title='bbox 1435 1431 1662 1494; x_wconf 86' lang='lat' dir='ltr'><strong>peccata</strong></span> <span class='ocrx_word' id='word_1_154' title='bbox 1716 1433 1938 1497; x_wconf 79' lang='lat' dir='ltr'><strong>propter</strong></span> <span class='ocrx_word' id='word_1_155' title='bbox 1987 1445 2042 1498; x_wconf 73' lang='grc' dir='ltr'><strong>ιιι</strong></span> 
     </span>
    </p>
   </div>
   <div class='ocr_carea' id='block_1_22' title="bbox 2217 1419 3733 1501">
    <p class='ocr_par' dir='ltr' id='par_1_22' title="bbox 2217 1423 3733 1501">
     <span class='ocr_line' id='line_1_22' title="bbox 2217 1423 3733 1501; baseline -0.003 -19"><span class='ocrx_word' id='word_1_156' title='bbox 2217 1431 2444 1498; x_wconf 80' lang='grc' dir='ltr'><strong>χόρτος·</strong></span> <span class='ocrx_word' id='word_1_157' title='bbox 2469 1428 2616 1483; x_wconf 76' lang='grc' dir='ltr'>τὰδὲ</span> <span class='ocrx_word' id='word_1_158' title='bbox 2647 1427 2934 1501; x_wconf 82' lang='grc' dir='ltr'>σωματικά</span> <span class='ocrx_word' id='word_1_159' title='bbox 2957 1429 3053 1483; x_wconf 73' lang='grc' dir='ltr'>καὶ</span> <span class='ocrx_word' id='word_1_160' title='bbox 3077 1427 3146 1482; x_wconf 80' lang='grc' dir='ltr'><strong>τὰ</strong></span> <span class='ocrx_word' id='word_1_161' title='bbox 3167 1426 3325 1492; x_wconf 77' lang='grc' dir='ltr'>ἐκτὸς</span> <span class='ocrx_word' id='word_1_162' title='bbox 3345 1423 3502 1491; x_wconf 84' lang='grc' dir='ltr'>καλὰ,</span> <span class='ocrx_word' id='word_1_163' title='bbox 3529 1426 3733 1496; x_wconf 69' lang='grc' dir='ltr'>πρόσχοι·</span> 
     </span>
    </p>
   </div>
   <div class='ocr_carea' id='block_1_23' title="bbox 526 1509 2042 1592">
    <p class='ocr_par' dir='ltr' id='par_1_23' title="bbox 526 1509 2042 1588">
     <span class='ocr_line' id='line_1_23' title="bbox 526 1509 2042 1588; baseline 0.005 -24"><span class='ocrx_word' id='word_1_164' title='bbox 526 1509 754 1566; x_wconf 86' lang='lat' dir='ltr'><strong>morbus</strong></span> <span class='ocrx_word' id='word_1_165' title='bbox 771 1511 1068 1582; x_wconf 82' lang='lat' dir='ltr'><strong>contingit;</strong></span> <span class='ocrx_word' id='word_1_166' title='bbox 1093 1511 1398 1583; x_wconf 68' lang='lat' dir='ltr'><strong>animmque</strong></span> <span class='ocrx_word' id='word_1_167' title='bbox 1416 1513 1663 1580; x_wconf 82' lang='lat' dir='ltr'><strong>morbus,</strong></span> <span class='ocrx_word' id='word_1_168' title='bbox 1693 1530 1804 1571; x_wconf 93' lang='lat' dir='ltr'><strong>non</strong></span> <span class='ocrx_word' id='word_1_169' title='bbox 1825 1518 2042 1588; x_wconf 83' lang='lat' dir='ltr'><strong>corpori</strong></span> 
     </span>
    </p>
   </div>
   <div class='ocr_carea' id='block_1_24' title="bbox 1708 1509 3224 1592">
    <p class='ocr_par' dir='ltr' id='par_1_24' title="bbox 1708 1518 3224 1592">
     <span class='ocr_line' id='line_1_24' title="bbox 1708 1518 3224 1592; baseline 0.004 -23"><span class='ocrx_word' id='word_1_170' title='bbox 1708 1530 1804 1571; x_wconf 73' lang='lat' dir='ltr'><strong>non</strong></span> <span class='ocrx_word' id='word_1_171' title='bbox 1825 1518 2108 1588; x_wconf 83' lang='lat' dir='ltr'><strong>corporis;</strong></span> <span class='ocrx_word' id='word_1_172' title='bbox 2215 1537 2304 1592; x_wconf 74' lang='grc' dir='ltr'><strong>ραο</strong></span> <span class='ocrx_word' id='word_1_173' title='bbox 2336 1520 2408 1575; x_wconf 88' lang='grc' dir='ltr'>τὰ</span> <span class='ocrx_word' id='word_1_174' title='bbox 2431 1519 2499 1574; x_wconf 73' lang='grc' dir='ltr'>δὲ</span> <span class='ocrx_word' id='word_1_175' title='bbox 2522 1520 2609 1591; x_wconf 77' lang='grc' dir='ltr'>μὴ</span> <span class='ocrx_word' id='word_1_176' title='bbox 2627 1522 2976 1592; x_wconf 70' lang='grc' dir='ltr'><strong>βλεπόμενα</strong></span> <span class='ocrx_word' id='word_1_177' title='bbox 3001 1518 3224 1575; x_wconf 67' lang='grc' dir='ltr'>αἰώνια.</span> 
     </span>
    </p>
   </div>
   <div class='ocr_carea' id='block_1_25' title="bbox 525 1606 3734 1689">
    <p class='ocr_par' dir='ltr' id='par_1_25' title="bbox 525 1606 3734 1689">
     <span class='ocr_line' id='line_1_25' title="bbox 525 1606 3734 1689; baseline 0.002 -27"><span class='ocrx_word' id='word_1_178' title='bbox 525 1608 726 1676; x_wconf 83' lang='lat' dir='ltr'><strong>quippe</strong></span> <span class='ocrx_word' id='word_1_179' title='bbox 765 1606 937 1686; x_wconf 63' lang='lat' dir='ltr'><strong>omnis</strong></span> <span class='ocrx_word' id='word_1_180' title='bbox 971 1622 1096 1661; x_wconf 86' lang='lat' dir='ltr'><strong>caro</strong></span> <span class='ocrx_word' id='word_1_181' title='bbox 1131 1606 1309 1677; x_wconf 78' lang='lat' dir='ltr'><strong>fenum</strong></span> <span class='ocrx_word' id='word_1_182' title='bbox 1336 1620 1385 1660; x_wconf 72' lang='grc' dir='ltr'><strong>ι.</strong></span> <span class='ocrx_word' id='word_1_183' title='bbox 1427 1606 1656 1680; x_wconf 85' lang='lat' dir='ltr'><strong>Insuper</strong></span> <span class='ocrx_word' id='word_1_184' title='bbox 1691 1625 1954 1682; x_wconf 86' lang='lat' dir='ltr'><strong>corporea</strong></span> <span class='ocrx_word' id='word_1_185' title='bbox 1985 1629 2220 1686; x_wconf 67' lang='lat' dir='ltr'><strong>quaeque</strong></span> <span class='ocrx_word' id='word_1_186' title='bbox 2245 1619 2487 1674; x_wconf 85' lang='lat' dir='ltr'><strong>exterius</strong></span> <span class='ocrx_word' id='word_1_187' title='bbox 2511 1627 2637 1676; x_wconf 90' lang='lat' dir='ltr'><strong>sunt</strong></span> <span class='ocrx_word' id='word_1_188' title='bbox 2669 1619 2832 1683; x_wconf 87' lang='lat' dir='ltr'><strong>bona,</strong></span> <span class='ocrx_word' id='word_1_189' title='bbox 2864 1624 3212 1689; x_wconf 89' lang='lat' dir='ltr'><strong>temporanea</strong></span> <span class='ocrx_word' id='word_1_190' title='bbox 3273 1625 3430 1684; x_wconf 90' lang='lat' dir='ltr'><strong>sunt;</strong></span> <span class='ocrx_word' id='word_1_191' title='bbox 3495 1630 3600 1686; x_wconf 70' lang='lat' dir='ltr'><strong>qua:</strong></span> <span class='ocrx_word' id='word_1_192' title='bbox 3648 1631 3734 1668; x_wconf 76' lang='lat' dir='ltr'><strong>vero</strong></span> 
     </span>
    </p>
   </div>
   <div class='ocr_carea' id='block_1_26' title="bbox 524 1701 1226 1765">
    <p class='ocr_par' dir='ltr' id='par_1_26' title="bbox 524 1701 1226 1765">
     <span class='ocr_line' id='line_1_26' title="bbox 524 1701 1226 1765; baseline 0.007 -12"><span class='ocrx_word' id='word_1_193' title='bbox 524 1716 630 1753; x_wconf 78' lang='lat' dir='ltr'><strong>non</strong></span> <span class='ocrx_word' id='word_1_194' title='bbox 657 1701 918 1765; x_wconf 78' lang='lat' dir='ltr'><strong>videntur,</strong></span> <span class='ocrx_word' id='word_1_195' title='bbox 948 1711 1147 1756; x_wconf 69' lang='lat' dir='ltr'><strong>(eterna</strong></span> <span class='ocrx_word' id='word_1_196' title='bbox 1170 1702 1226 1758; x_wconf 72' lang='grc' dir='ltr'><strong>ιι.</strong></span> 
     </span>
    </p>
   </div>
   <div class='ocr_carea' id='block_1_27' title="bbox 599 1791 2115 1874">
    <p class='ocr_par' dir='ltr' id='par_1_27' title="bbox 599 1791 2114 1868">
     <span class='ocr_line' id='line_1_27' title="bbox 599 1791 2114 1868; baseline 0.011 -24"><span class='ocrx_word' id='word_1_197' title='bbox 599 1799 660 1857; x_wconf 56' lang='grc' dir='ltr'><strong>ᾖ(</strong></span> <span class='ocrx_word' id='word_1_198' title='bbox 695 1791 811 1850; x_wconf 81' lang='lat' dir='ltr'><strong>XII.</strong></span> <span class='ocrx_word' id='word_1_199' title='bbox 836 1792 970 1860; x_wconf 69' lang='lat' dir='ltr'><strong>Quae</strong></span> <span class='ocrx_word' id='word_1_200' title='bbox 990 1795 1058 1851; x_wconf 90' lang='lat' dir='ltr'><strong>ad</strong></span> <span class='ocrx_word' id='word_1_201' title='bbox 1092 1797 1383 1852; x_wconf 86' lang='lat' dir='ltr'><strong>scientiam</strong></span> <span class='ocrx_word' id='word_1_202' title='bbox 1413 1799 1708 1868; x_wconf 88' lang='lat' dir='ltr'><strong>pertinent,</strong></span> <span class='ocrx_word' id='word_1_203' title='bbox 1738 1815 1805 1856; x_wconf 88' lang='lat' dir='ltr'><strong>ex</strong></span> <span class='ocrx_word' id='word_1_204' title='bbox 1857 1801 1932 1860; x_wconf 83' lang='lat' dir='ltr'><strong>iis</strong></span> <span class='ocrx_word' id='word_1_205' title='bbox 1970 1818 2114 1861; x_wconf 42' lang='lat' dir='ltr'><strong>non:</strong></span> 
     </span>
    </p>
   </div>
   <div class='ocr_carea' id='block_1_28' title="bbox 2218 1791 3734 1874">
    <p class='ocr_par' dir='ltr' id='par_1_28' title="bbox 2290 1798 3734 1874">
     <span class='ocr_line' id='line_1_28' title="bbox 2290 1798 3734 1874; baseline -0.003 -18"><span class='ocrx_word' id='word_1_206' title='bbox 2290 1803 2388 1856; x_wconf 86' lang='lat' dir='ltr'><strong>lB’.</strong></span> <span class='ocrx_word' id='word_1_207' title='bbox 2425 1803 2505 1857; x_wconf 80' lang='grc' dir='ltr'><strong>Τὰ</strong></span> <span class='ocrx_word' id='word_1_208' title='bbox 2526 1803 2624 1874; x_wconf 82' lang='grc' dir='ltr'><strong>τῆς</strong></span> <span class='ocrx_word' id='word_1_209' title='bbox 2671 1801 2944 1872; x_wconf 82' lang='grc' dir='ltr'>γνώσεως,</span> <span class='ocrx_word' id='word_1_210' title='bbox 2977 1800 3046 1854; x_wconf 77' lang='grc' dir='ltr'><strong>τά</strong></span> <span class='ocrx_word' id='word_1_211' title='bbox 3093 1799 3190 1871; x_wconf 81' lang='grc' dir='ltr'>μὲν</span> <span class='ocrx_word' id='word_1_212' title='bbox 3222 1798 3324 1870; x_wconf 74' lang='grc' dir='ltr'>ήδη</span> <span class='ocrx_word' id='word_1_213' title='bbox 3353 1798 3644 1870; x_wconf 78' lang='grc' dir='ltr'>μετέχομεν·</span> <span class='ocrx_word' id='word_1_214' title='bbox 3684 1801 3734 1852; x_wconf 71' lang='grc' dir='ltr'>τὰ</span> 
     </span>
    </p>
   </div>
   <div class='ocr_carea' id='block_1_29' title="bbox 520 1884 2036 1965">
    <p class='ocr_par' dir='ltr' id='par_1_29' title="bbox 520 1884 2036 1965">
     <span class='ocr_line' id='line_1_29' title="bbox 520 1884 2036 1965; baseline 0.008 -25"><span class='ocrx_word' id='word_1_215' title='bbox 520 1885 670 1940; x_wconf 89' lang='lat' dir='ltr'><strong>nulla</strong></span> <span class='ocrx_word' id='word_1_216' title='bbox 693 1884 808 1955; x_wconf 88' lang='lat' dir='ltr'><strong>jam</strong></span> <span class='ocrx_word' id='word_1_217' title='bbox 840 1887 1214 1958; x_wconf 85' lang='lat' dir='ltr'><strong>percipimus;</strong></span> <span class='ocrx_word' id='word_1_218' title='bbox 1248 1888 1355 1942; x_wconf 89' lang='lat' dir='ltr'><strong>alia</strong></span> <span class='ocrx_word' id='word_1_219' title='bbox 1387 1905 1542 1955; x_wconf 90' lang='lat' dir='ltr'><strong>vero,</strong></span> <span class='ocrx_word' id='word_1_220' title='bbox 1568 1906 1637 1947; x_wconf 88' lang='lat' dir='ltr'><strong>ex</strong></span> <span class='ocrx_word' id='word_1_221' title='bbox 1672 1892 1758 1948; x_wconf 84' lang='lat' dir='ltr'><strong>his</strong></span> <span class='ocrx_word' id='word_1_222' title='bbox 1782 1909 1907 1964; x_wconf 71' lang='lat' dir='ltr'><strong>quae</strong></span> <span class='ocrx_word' id='word_1_223' title='bbox 1934 1910 2036 1965; x_wconf 87' lang='lat' dir='ltr'><strong>pos</strong></span> 
     </span>
    </p>
   </div>
   <div class='ocr_carea' id='block_1_30' title="bbox 2217 1884 3733 1965">
    <p class='ocr_par' dir='ltr' id='par_1_30' title="bbox 2217 1885 3733 1963">
     <span class='ocr_line' id='line_1_30' title="bbox 2217 1885 3733 1963; baseline -0.002 -19"><span class='ocrx_word' id='word_1_224' title='bbox 2217 1891 2292 1954; x_wconf 86' lang='grc' dir='ltr'>δὲ,</span> <span class='ocrx_word' id='word_1_225' title='bbox 2321 1892 2390 1946; x_wconf 80' lang='grc' dir='ltr'>δι’</span> <span class='ocrx_word' id='word_1_226' title='bbox 2417 1885 2490 1945; x_wconf 79' lang='grc' dir='ltr'><strong>ὧν</strong></span> <span class='ocrx_word' id='word_1_227' title='bbox 2531 1891 2745 1963; x_wconf 78' lang='grc' dir='ltr'>ἔχομεν,</span> <span class='ocrx_word' id='word_1_228' title='bbox 2782 1890 3015 1962; x_wconf 80' lang='grc' dir='ltr'>βεϐαίως</span> <span class='ocrx_word' id='word_1_229' title='bbox 3045 1889 3359 1960; x_wconf 77' lang='grc' dir='ltr'><strong>ἐλπίζομεν·</strong></span> <span class='ocrx_word' id='word_1_230' title='bbox 3389 1886 3508 1942; x_wconf 71' lang='grc' dir='ltr'>οὔτε</span> <span class='ocrx_word' id='word_1_231' title='bbox 3537 1888 3631 1961; x_wconf 77' lang='grc' dir='ltr'><strong>γὰρ</strong></span> <span class='ocrx_word' id='word_1_232' title='bbox 3657 1891 3733 1942; x_wconf 83' lang='grc' dir='ltr'><strong>πᾶν</strong></span> 
     </span>
    </p>
   </div>
   <div class='ocr_carea' id='block_1_31' title="bbox 520 1974 2036 2055">
    <p class='ocr_par' dir='ltr' id='par_1_31' title="bbox 520 1974 2036 2054">
     <span class='ocr_line' id='line_1_31' title="bbox 520 1974 2036 2054; baseline 0.009 -24"><span class='ocrx_word' id='word_1_233' title='bbox 520 1974 734 2041; x_wconf 89' lang='lat' dir='ltr'><strong>demus,</strong></span> <span class='ocrx_word' id='word_1_234' title='bbox 765 1977 993 2035; x_wconf 91' lang='lat' dir='ltr'><strong>ﬁrmiter</strong></span> <span class='ocrx_word' id='word_1_235' title='bbox 1034 1996 1342 2050; x_wconf 82' lang='lat' dir='ltr'><strong>speramus.</strong></span> <span class='ocrx_word' id='word_1_236' title='bbox 1389 1981 1577 2054; x_wconf 85' lang='lat' dir='ltr'><strong>Neque</strong></span> <span class='ocrx_word' id='word_1_237' title='bbox 1609 1985 1756 2041; x_wconf 91' lang='lat' dir='ltr'><strong>enim</strong></span> <span class='ocrx_word' id='word_1_238' title='bbox 1791 1987 1974 2042; x_wconf 85' lang='lat' dir='ltr'><strong>omnia</strong></span> <span class='ocrx_word' id='word_1_239' title='bbox 2021 2005 2036 2045; x_wconf 81' lang='grc' dir='ltr'><strong>ι</strong></span> 
     </span>
    </p>
   </div>
   <div class='ocr_carea' id='block_1_32' title="bbox 2219 1974 3735 2055">
    <p class='ocr_par' dir='ltr' id='par_1_32' title="bbox 2219 1975 3735 2055">
     <span class='ocr_line' id='line_1_32' title="bbox 2219 1975 3735 2055; baseline -0.001 -19"><span class='ocrx_word' id='word_1_240' title='bbox 2219 1983 2607 2055; x_wconf 81' lang='grc' dir='ltr'>κεκομίσμεθα,</span> <span class='ocrx_word' id='word_1_241' title='bbox 2627 1982 2750 2036; x_wconf 68' lang='grc' dir='ltr'>οὔτε</span> <span class='ocrx_word' id='word_1_242' title='bbox 2777 1982 2977 2048; x_wconf 81' lang='grc' dir='ltr'>παντὸς</span> <span class='ocrx_word' id='word_1_243' title='bbox 3007 1979 3365 2053; x_wconf 77' lang='grc' dir='ltr'><strong>ὑστεροῦμεν·</strong></span> <span class='ocrx_word' id='word_1_244' title='bbox 3401 1979 3511 2034; x_wconf 80' lang='grc' dir='ltr'>ἀλλ’</span> <span class='ocrx_word' id='word_1_245' title='bbox 3556 1975 3647 2033; x_wconf 80' lang='grc' dir='ltr'><strong>οἷον</strong></span> <span class='ocrx_word' id='word_1_246' title='bbox 3669 1983 3735 2052; x_wconf 80' lang='grc' dir='ltr'><strong>ἀῤ-</strong></span> 
     </span>
    </p>
   </div>
   <div class='ocr_carea' id='block_1_33' title="bbox 521 2069 2037 2144">
    <p class='ocr_par' dir='ltr' id='par_1_33' title="bbox 521 2069 2037 2142">
     <span class='ocr_line' id='line_1_33' title="bbox 521 2069 2037 2142; baseline 0.009 -20"><span class='ocrx_word' id='word_1_247' title='bbox 521 2084 645 2126; x_wconf 89' lang='lat' dir='ltr'><strong>mus</strong></span> <span class='ocrx_word' id='word_1_248' title='bbox 673 2069 876 2142; x_wconf 84' lang='lat' dir='ltr'><strong>adepti,</strong></span> <span class='ocrx_word' id='word_1_249' title='bbox 911 2088 1013 2128; x_wconf 89' lang='lat' dir='ltr'><strong>nec</strong></span> <span class='ocrx_word' id='word_1_250' title='bbox 1042 2073 1303 2130; x_wconf 87' lang='lat' dir='ltr'><strong>omnibus</strong></span> <span class='ocrx_word' id='word_1_251' title='bbox 1331 2074 1640 2142; x_wconf 85' lang='lat' dir='ltr'><strong>deﬁcimur,</strong></span> <span class='ocrx_word' id='word_1_252' title='bbox 1689 2081 1785 2133; x_wconf 86' lang='lat' dir='ltr'><strong>sed</strong></span> <span class='ocrx_word' id='word_1_253' title='bbox 1839 2080 1986 2135; x_wconf 78' lang='lat' dir='ltr'><strong>velut</strong></span> <span class='ocrx_word' id='word_1_254' title='bbox 2019 2096 2037 2135; x_wconf 68' lang='grc' dir='ltr'><strong>ε</strong></span> 
     </span>
    </p>
   </div>
   <div class='ocr_carea' id='block_1_34' title="bbox 2219 2069 3735 2144">
    <p class='ocr_par' dir='ltr' id='par_1_34' title="bbox 2219 2070 3735 2144">
     <span class='ocr_line' id='line_1_34' title="bbox 2219 2070 3735 2144; baseline -0.004 -16"><span class='ocrx_word' id='word_1_255' title='bbox 2219 2073 2432 2144; x_wconf 80' lang='grc' dir='ltr'>ραϐῶνα</span> <span class='ocrx_word' id='word_1_256' title='bbox 2449 2074 2560 2128; x_wconf 86' lang='grc' dir='ltr'><strong>τῶν</strong></span> <span class='ocrx_word' id='word_1_257' title='bbox 2591 2074 2823 2128; x_wconf 78' lang='grc' dir='ltr'><strong>αἰωνίων</strong></span> <span class='ocrx_word' id='word_1_258' title='bbox 2849 2073 3068 2142; x_wconf 79' lang='grc' dir='ltr'>ἀγαθῶν</span> <span class='ocrx_word' id='word_1_259' title='bbox 3108 2073 3202 2126; x_wconf 69' lang='grc' dir='ltr'>καὶ</span> <span class='ocrx_word' id='word_1_260' title='bbox 3229 2070 3325 2124; x_wconf 78' lang='grc' dir='ltr'>τοῦ</span> <span class='ocrx_word' id='word_1_261' title='bbox 3357 2070 3596 2142; x_wconf 78' lang='grc' dir='ltr'>πατρῴου</span> <span class='ocrx_word' id='word_1_262' title='bbox 3613 2071 3735 2123; x_wconf 72' lang='grc' dir='ltr'>πλού-</span> 
     </span>
    </p>
   </div>
   <div class='ocr_carea' id='block_1_35' title="bbox 519 2157 2035 2239">
    <p class='ocr_par' dir='ltr' id='par_1_35' title="bbox 519 2157 2035 2239">
     <span class='ocr_line' id='line_1_35' title="bbox 519 2157 2035 2239; baseline 0.01 -27"><span class='ocrx_word' id='word_1_263' title='bbox 519 2157 822 2216; x_wconf 74' lang='lat' dir='ltr'><strong>rhabonem</strong></span> <span class='ocrx_word' id='word_1_264' title='bbox 857 2161 1126 2217; x_wconf 87' lang='lat' dir='ltr'><strong>bonorum</strong></span> <span class='ocrx_word' id='word_1_265' title='bbox 1163 2164 1472 2221; x_wconf 71' lang='lat' dir='ltr'><strong>cmlestium</strong></span> <span class='ocrx_word' id='word_1_266' title='bbox 1503 2174 1851 2239; x_wconf 66' lang='lat' dir='ltr'><strong>paternaeque</strong></span> <span class='ocrx_word' id='word_1_267' title='bbox 1877 2170 2035 2227; x_wconf 65' lang='lat' dir='ltr'><strong>haeret</strong></span> 
     </span>
    </p>
   </div>
   <div class='ocr_carea' id='block_1_36' title="bbox 2218 2157 3734 2239">
    <p class='ocr_par' dir='ltr' id='par_1_36' title="bbox 2218 2161 3734 2237">
     <span class='ocr_line' id='line_1_36' title="bbox 2218 2161 3734 2237; baseline -0.003 -19"><span class='ocrx_word' id='word_1_268' title='bbox 2218 2183 2303 2218; x_wconf 84' lang='grc' dir='ltr'><strong>του</strong></span> <span class='ocrx_word' id='word_1_269' title='bbox 2329 2164 2788 2237; x_wconf 73' lang='grc' dir='ltr'>προσειλήφαμεν.</span> <span class='ocrx_word' id='word_1_270' title='bbox 2826 2165 2906 2219; x_wconf 84' lang='grc' dir='ltr'>Τὰ</span> <span class='ocrx_word' id='word_1_271' title='bbox 2928 2162 2985 2217; x_wconf 83' lang='grc' dir='ltr'>δὲ</span> <span class='ocrx_word' id='word_1_272' title='bbox 3023 2163 3208 2234; x_wconf 81' lang='grc' dir='ltr'>ἐφόδια</span> <span class='ocrx_word' id='word_1_273' title='bbox 3235 2161 3338 2233; x_wconf 81' lang='grc' dir='ltr'>τῆς</span> <span class='ocrx_word' id='word_1_274' title='bbox 3371 2179 3436 2215; x_wconf 89' lang='grc' dir='ltr'><strong>κυ</strong></span> <span class='ocrx_word' id='word_1_275' title='bbox 3447 2162 3619 2235; x_wconf 81' lang='grc' dir='ltr'>ριακῆς</span> <span class='ocrx_word' id='word_1_276' title='bbox 3646 2161 3734 2214; x_wconf 76' lang='grc' dir='ltr'><strong>όδοῦ</strong></span> 
     </span>
    </p>
   </div>
   <div class='ocr_carea' id='block_1_37' title="bbox 519 2247 2035 2332">
    <p class='ocr_par' dir='ltr' id='par_1_37' title="bbox 519 2250 2035 2332">
     <span class='ocr_line' id='line_1_37' title="bbox 519 2250 2035 2332; baseline 0.009 -30"><span class='ocrx_word' id='word_1_277' title='bbox 519 2250 654 2305; x_wconf 89' lang='lat' dir='ltr'><strong>tatis</strong></span> <span class='ocrx_word' id='word_1_278' title='bbox 690 2253 1021 2322; x_wconf 85' lang='lat' dir='ltr'><strong>accepimus.</strong></span> <span class='ocrx_word' id='word_1_279' title='bbox 1064 2253 1278 2328; x_wconf 84' lang='lat' dir='ltr'><strong>Viatica</strong></span> <span class='ocrx_word' id='word_1_280' title='bbox 1309 2272 1438 2312; x_wconf 91' lang='lat' dir='ltr'><strong>vero</strong></span> <span class='ocrx_word' id='word_1_281' title='bbox 1471 2258 1572 2313; x_wconf 61' lang='lat' dir='ltr'><strong>viae</strong></span> <span class='ocrx_word' id='word_1_282' title='bbox 1611 2257 1909 2315; x_wconf 68' lang='lat' dir='ltr'><strong>Dominicaa</strong></span> <span class='ocrx_word' id='word_1_283' title='bbox 1952 2261 2035 2332; x_wconf 87' lang='lat' dir='ltr'><strong>eju</strong></span> 
     </span>
    </p>
   </div>
   <div class='ocr_carea' id='block_1_38' title="bbox 2219 2247 3735 2332">
    <p class='ocr_par' dir='ltr' id='par_1_38' title="bbox 2219 2247 3735 2330">
     <span class='ocr_line' id='line_1_38' title="bbox 2219 2247 3735 2330; baseline -0.005 -19"><span class='ocrx_word' id='word_1_284' title='bbox 2219 2259 2261 2311; x_wconf 74' lang='grc' dir='ltr'>οἱ</span> <span class='ocrx_word' id='word_1_285' title='bbox 2300 2261 2640 2330; x_wconf 78' lang='grc' dir='ltr'>μακαρισμοὶ</span> <span class='ocrx_word' id='word_1_286' title='bbox 2675 2256 2768 2311; x_wconf 77' lang='grc' dir='ltr'>τοῦ</span> <span class='ocrx_word' id='word_1_287' title='bbox 2803 2255 3028 2328; x_wconf 79' lang='grc' dir='ltr'>Κυρίου.</span> <span class='ocrx_word' id='word_1_288' title='bbox 3078 2254 3318 2323; x_wconf 81' lang='grc' dir='ltr'>Ζητεῖτε</span> <span class='ocrx_word' id='word_1_289' title='bbox 3360 2247 3629 2326; x_wconf 82' lang='grc' dir='ltr'>γάρ,είπε,</span> <span class='ocrx_word' id='word_1_290' title='bbox 3667 2253 3735 2306; x_wconf 75' lang='grc' dir='ltr'><strong>καί</strong></span> 
     </span>
    </p>
   </div>
   <div class='ocr_carea' id='block_1_39' title="bbox 519 2339 2035 2422">
    <p class='ocr_par' dir='ltr' id='par_1_39' title="bbox 519 2339 2035 2416">
     <span class='ocr_line' id='line_1_39' title="bbox 519 2339 2035 2416; baseline 0.008 -22"><span class='ocrx_word' id='word_1_291' title='bbox 519 2339 646 2395; x_wconf 88' lang='lat' dir='ltr'><strong>dem</strong></span> <span class='ocrx_word' id='word_1_292' title='bbox 694 2341 1060 2401; x_wconf 88' lang='lat' dir='ltr'><strong>beatitudines</strong></span> <span class='ocrx_word' id='word_1_293' title='bbox 1101 2355 1250 2402; x_wconf 90' lang='lat' dir='ltr'><strong>sunt.</strong></span> <span class='ocrx_word' id='word_1_294' title='bbox 1296 2347 1532 2413; x_wconf 69' lang='lat' dir='ltr'><strong>Quaerite</strong></span> <span class='ocrx_word' id='word_1_295' title='bbox 1578 2351 1750 2416; x_wconf 90' lang='lat' dir='ltr'><strong>enim,</strong></span> <span class='ocrx_word' id='word_1_296' title='bbox 1782 2351 1940 2416; x_wconf 87' lang='lat' dir='ltr'><strong>dixit,</strong></span> <span class='ocrx_word' id='word_1_297' title='bbox 1974 2368 2035 2407; x_wconf 91' lang='lat' dir='ltr'><strong>cu</strong></span> 
     </span>
    </p>
   </div>
   <div class='ocr_carea' id='block_1_40' title="bbox 2219 2339 3735 2422">
    <p class='ocr_par' dir='ltr' id='par_1_40' title="bbox 2219 2346 3735 2422">
     <span class='ocr_line' id='line_1_40' title="bbox 2219 2346 3735 2422; baseline -0.002 -20"><span class='ocrx_word' id='word_1_298' title='bbox 2219 2351 2516 2422; x_wconf 75' lang='grc' dir='ltr'>μεριμνᾶτε</span> <span class='ocrx_word' id='word_1_299' title='bbox 2573 2353 2690 2418; x_wconf 76' lang='grc' dir='ltr'><strong>τὴν</strong></span> <span class='ocrx_word' id='word_1_300' title='bbox 2725 2349 3050 2414; x_wconf 76' lang='grc' dir='ltr'>βασιλείαν</span> <span class='ocrx_word' id='word_1_301' title='bbox 3095 2347 3200 2402; x_wconf 88' lang='grc' dir='ltr'>τοῦ</span> <span class='ocrx_word' id='word_1_302' title='bbox 3247 2347 3418 2412; x_wconf 84' lang='grc' dir='ltr'><strong>Θεοῦ,</strong></span> <span class='ocrx_word' id='word_1_303' title='bbox 3468 2346 3561 2400; x_wconf 81' lang='grc' dir='ltr'>καὶ</span> <span class='ocrx_word' id='word_1_304' title='bbox 3593 2346 3735 2400; x_wconf 81' lang='grc' dir='ltr'>ταῦτα</span> 
     </span>
    </p>
   </div>
   <div class='ocr_carea' id='block_1_41' title="bbox 520 2431 2036 2514">
    <p class='ocr_par' dir='ltr' id='par_1_41' title="bbox 520 2433 2036 2514">
     <span class='ocr_line' id='line_1_41' title="bbox 520 2433 2036 2514; baseline 0.008 -29"><span class='ocrx_word' id='word_1_305' title='bbox 520 2433 757 2487; x_wconf 84' lang='lat' dir='ltr'><strong>sollicita</strong></span> <span class='ocrx_word' id='word_1_306' title='bbox 784 2437 1054 2505; x_wconf 78' lang='lat' dir='ltr'><strong>exquirite</strong></span> <span class='ocrx_word' id='word_1_307' title='bbox 1109 2455 1325 2508; x_wconf 81' lang='lat' dir='ltr'><strong>regnum</strong></span> <span class='ocrx_word' id='word_1_308' title='bbox 1355 2439 1472 2508; x_wconf 89' lang='lat' dir='ltr'><strong>Dei,</strong></span> <span class='ocrx_word' id='word_1_309' title='bbox 1499 2450 1548 2495; x_wconf 90' lang='lat' dir='ltr'><strong>et</strong></span> <span class='ocrx_word' id='word_1_310' title='bbox 1593 2440 1706 2496; x_wconf 67' lang='lat' dir='ltr'><strong>haec</strong></span> <span class='ocrx_word' id='word_1_311' title='bbox 1739 2444 1920 2496; x_wconf 80' lang='lat' dir='ltr'><strong>omnia</strong></span> <span class='ocrx_word' id='word_1_312' title='bbox 1965 2443 2036 2514; x_wconf 63' lang='lat' dir='ltr'><strong>ad</strong></span> 
     </span>
    </p>
   </div>
   <div class='ocr_carea' id='block_1_42' title="bbox 2261 2431 3777 2514">
    <p class='ocr_par' dir='ltr' id='par_1_42' title="bbox 2261 2431 3777 2511">
     <span class='ocr_line' id='line_1_42' title="bbox 2261 2431 3777 2511; baseline -0.001 -16"><span class='ocrx_word' id='word_1_313' title='bbox 2261 2441 2408 2495; x_wconf 82' lang='grc' dir='ltr'>ιὶντα</span> <span class='ocrx_word' id='word_1_314' title='bbox 2425 2439 2894 2511; x_wconf 73' lang='grc' dir='ltr'>προστεθήσεται</span> <span class='ocrx_word' id='word_1_315' title='bbox 2914 2440 3076 2510; x_wconf 72' lang='grc' dir='ltr'><strong>ὑμῖν-ο</strong></span> <span class='ocrx_word' id='word_1_316' title='bbox 3107 2436 3233 2494; x_wconf 79' lang='grc' dir='ltr'>οἶδε</span> <span class='ocrx_word' id='word_1_317' title='bbox 3263 2439 3374 2510; x_wconf 60' lang='grc' dir='ltr'><strong>γὰρ</strong></span> <span class='ocrx_word' id='word_1_318' title='bbox 3409 2443 3442 2495; x_wconf 89' lang='lat' dir='ltr'><strong>o&#39;</strong></span> <span class='ocrx_word' id='word_1_319' title='bbox 3469 2439 3647 2508; x_wconf 74' lang='grc' dir='ltr'>Πατὴρ</span> <span class='ocrx_word' id='word_1_320' title='bbox 3671 2431 3737 2492; x_wconf 78' lang='grc' dir='ltr'><strong>ὧι·</strong></span> <span class='ocrx_word' id='word_1_321' title='bbox 3769 2497 3777 2511; x_wconf 53' lang='grc'><strong>,</strong></span> 
     </span>
    </p>
   </div>
   <div class='ocr_carea' id='block_1_43' title="bbox 519 2525 2035 2607">
    <p class='ocr_par' dir='ltr' id='par_1_43' title="bbox 519 2525 2035 2607">
     <span class='ocr_line' id='line_1_43' title="bbox 519 2525 2035 2607; baseline 0.009 -32"><span class='ocrx_word' id='word_1_322' title='bbox 519 2525 728 2577; x_wconf 77' lang='lat' dir='ltr'><strong>cientur</strong></span> <span class='ocrx_word' id='word_1_323' title='bbox 758 2525 921 2580; x_wconf 79' lang='lat' dir='ltr'><strong>vobis.</strong></span> <span class='ocrx_word' id='word_1_324' title='bbox 965 2527 1074 2581; x_wconf 70' lang='lat' dir='ltr'><strong>Scit</strong></span> <span class='ocrx_word' id='word_1_325' title='bbox 1099 2531 1238 2583; x_wconf 86' lang='lat' dir='ltr'><strong>enim</strong></span> <span class='ocrx_word' id='word_1_326' title='bbox 1277 2530 1443 2586; x_wconf 86' lang='lat' dir='ltr'><strong>Pater</strong></span> <span class='ocrx_word' id='word_1_327' title='bbox 1469 2541 1635 2586; x_wconf 82' lang='lat' dir='ltr'><strong>vester</strong></span> <span class='ocrx_word' id='word_1_328' title='bbox 1667 2533 1856 2602; x_wconf 80' lang='lat' dir='ltr'><strong>quibus</strong></span> <span class='ocrx_word' id='word_1_329' title='bbox 1887 2535 2035 2607; x_wconf 84' lang='lat' dir='ltr'><strong>indig</strong></span> 
     </span>
    </p>
   </div>
   <div class='ocr_carea' id='block_1_44' title="bbox 2220 2525 3736 2607">
    <p class='ocr_par' dir='ltr' id='par_1_44' title="bbox 2220 2529 3736 2603">
     <span class='ocr_line' id='line_1_44' title="bbox 2220 2529 3736 2603; baseline -0.005 -15"><span class='ocrx_word' id='word_1_330' title='bbox 2220 2536 2424 2603; x_wconf 72' lang='grc' dir='ltr'>χρείαν</span> <span class='ocrx_word' id='word_1_331' title='bbox 2467 2533 2658 2602; x_wconf 81' lang='grc' dir='ltr'>ἔχετε.</span> <span class='ocrx_word' id='word_1_332' title='bbox 2697 2531 2884 2595; x_wconf 77' lang='grc' dir='ltr'>υῦτως</span> <span class='ocrx_word' id='word_1_333' title='bbox 2919 2531 2980 2584; x_wconf 81' lang='grc' dir='ltr'><strong>οὐ</strong></span> <span class='ocrx_word' id='word_1_334' title='bbox 3016 2529 3173 2600; x_wconf 87' lang='grc' dir='ltr'>μόνον</span> <span class='ocrx_word' id='word_1_335' title='bbox 3203 2529 3302 2594; x_wconf 81' lang='grc' dir='ltr'><strong>τὰς</strong></span> <span class='ocrx_word' id='word_1_336' title='bbox 3335 2529 3598 2600; x_wconf 81' lang='grc' dir='ltr'><strong>ἀσχολίας,</strong></span> 
     </span>
    </p>
   </div>
   <div class='ocr_carea' id='block_1_45' title="bbox 521 2615 2037 2697">
    <p class='ocr_par' dir='ltr' id='par_1_45' title="bbox 521 2615 2036 2692">
     <span class='ocr_line' id='line_1_45' title="bbox 521 2615 2036 2692; baseline 0.011 -26"><span class='ocrx_word' id='word_1_337' title='bbox 521 2615 590 2670; x_wconf 84' lang='lat' dir='ltr'><strong>tis</strong></span> <span class='ocrx_word' id='word_1_338' title='bbox 609 2627 658 2672; x_wconf 78' lang='grc' dir='ltr'><strong>ο.</strong></span> <span class='ocrx_word' id='word_1_339' title='bbox 691 2616 890 2687; x_wconf 91' lang='lat' dir='ltr'><strong>Sicque</strong></span> <span class='ocrx_word' id='word_1_340' title='bbox 912 2633 1021 2674; x_wconf 91' lang='lat' dir='ltr'><strong>non</strong></span> <span class='ocrx_word' id='word_1_341' title='bbox 1049 2621 1225 2676; x_wconf 92' lang='lat' dir='ltr'><strong>solum</strong></span> <span class='ocrx_word' id='word_1_342' title='bbox 1253 2637 1479 2692; x_wconf 42' lang='lat' dir='ltr'><strong>,vacare,</strong></span> <span class='ocrx_word' id='word_1_343' title='bbox 1511 2624 1607 2679; x_wconf 84' lang='lat' dir='ltr'><strong>sed</strong></span> <span class='ocrx_word' id='word_1_344' title='bbox 1645 2632 1700 2680; x_wconf 92' lang='lat' dir='ltr'><strong>et</strong></span> <span class='ocrx_word' id='word_1_345' title='bbox 1731 2639 1896 2681; x_wconf 89' lang='lat' dir='ltr'><strong>curas</strong></span> <span class='ocrx_word' id='word_1_346' title='bbox 1925 2628 2036 2683; x_wconf 90' lang='lat' dir='ltr'><strong>etia</strong></span> 
     </span>
    </p>
   </div>
   <div class='ocr_carea' id='block_1_46' title="bbox 2216 2615 3732 2697">
    <p class='ocr_par' dir='ltr' id='par_1_46' title="bbox 2216 2619 3732 2697">
     <span class='ocr_line' id='line_1_46' title="bbox 2216 2619 3732 2697; baseline -0.005 -18"><span class='ocrx_word' id='word_1_347' title='bbox 2216 2625 2310 2680; x_wconf 72' lang='grc' dir='ltr'>καὶ</span> <span class='ocrx_word' id='word_1_348' title='bbox 2335 2625 2434 2689; x_wconf 69' lang='grc' dir='ltr'>τὰς</span> <span class='ocrx_word' id='word_1_349' title='bbox 2465 2623 2749 2697; x_wconf 83' lang='grc' dir='ltr'>φροντίδας</span> <span class='ocrx_word' id='word_1_350' title='bbox 2785 2621 3129 2694; x_wconf 79' lang='grc' dir='ltr'>περιγράφει.</span> <span class='ocrx_word' id='word_1_351' title='bbox 3168 2622 3252 2675; x_wconf 85' lang='grc' dir='ltr'><strong>Οὐ</strong></span> <span class='ocrx_word' id='word_1_352' title='bbox 3302 2620 3414 2695; x_wconf 79' lang='grc' dir='ltr'>γὰρ</span> <span class='ocrx_word' id='word_1_353' title='bbox 3447 2619 3516 2690; x_wconf 75' lang='grc' dir='ltr'>τῇ</span> <span class='ocrx_word' id='word_1_354' title='bbox 3552 2619 3732 2690; x_wconf 75' lang='grc' dir='ltr'>ἡλικίᾳ.</span> 
     </span>
    </p>
   </div>
   <div class='ocr_carea' id='block_1_47' title="bbox 519 2707 2035 2789">
    <p class='ocr_par' dir='ltr' id='par_1_47' title="bbox 519 2707 2035 2788">
     <span class='ocr_line' id='line_1_47' title="bbox 519 2707 2035 2788; baseline 0.008 -27"><span class='ocrx_word' id='word_1_355' title='bbox 519 2707 772 2765; x_wconf 78' lang='lat' dir='ltr'><strong>conferre</strong></span> <span class='ocrx_word' id='word_1_356' title='bbox 798 2717 964 2767; x_wconf 84' lang='lat' dir='ltr'><strong>vetat.</strong></span> <span class='ocrx_word' id='word_1_357' title='bbox 999 2710 1121 2766; x_wconf 78' lang='lat' dir='ltr'><strong>Non</strong></span> <span class='ocrx_word' id='word_1_358' title='bbox 1158 2715 1303 2768; x_wconf 86' lang='lat' dir='ltr'><strong>enim</strong></span> <span class='ocrx_word' id='word_1_359' title='bbox 1339 2715 1409 2768; x_wconf 83' lang='lat' dir='ltr'><strong>ad</strong></span> <span class='ocrx_word' id='word_1_360' title='bbox 1435 2725 1720 2781; x_wconf 83' lang='lat' dir='ltr'><strong>staturam,</strong></span> <span class='ocrx_word' id='word_1_361' title='bbox 1752 2717 1951 2788; x_wconf 88' lang='lat' dir='ltr'><strong>inquit,</strong></span> <span class='ocrx_word' id='word_1_362' title='bbox 1974 2735 2035 2773; x_wconf 86' lang='lat' dir='ltr'><strong>cu</strong></span> 
     </span>
    </p>
   </div>
   <div class='ocr_carea' id='block_1_48' title="bbox 2220 2707 3736 2789">
    <p class='ocr_par' dir='ltr' id='par_1_48' title="bbox 2220 2712 3736 2789">
     <span class='ocr_line' id='line_1_48' title="bbox 2220 2712 3736 2789; baseline -0.006 -18"><span class='ocrx_word' id='word_1_363' title='bbox 2220 2718 2474 2789; x_wconf 71' lang='grc' dir='ltr'>ρησὶν,ἐκ</span> <span class='ocrx_word' id='word_1_364' title='bbox 2504 2716 2608 2771; x_wconf 87' lang='grc' dir='ltr'>τοῦ</span> <span class='ocrx_word' id='word_1_365' title='bbox 2627 2713 2954 2786; x_wconf 65' lang='grc' dir='ltr'>φροντίζειν</span> <span class='ocrx_word' id='word_1_366' title='bbox 2972 2713 3326 2783; x_wconf 73' lang='grc' dir='ltr'>προσθεῖναί</span> <span class='ocrx_word' id='word_1_367' title='bbox 3348 2731 3403 2768; x_wconf 89' lang='grc' dir='ltr'><strong>τι</strong></span> <span class='ocrx_word' id='word_1_368' title='bbox 3433 2712 3736 2768; x_wconf 53' lang='lat' dir='ltr'><strong>demde.“</strong></span> 
     </span>
    </p>
   </div>
   <div class='ocr_carea' id='block_1_49' title="bbox 517 2800 2033 2881">
    <p class='ocr_par' dir='ltr' id='par_1_49' title="bbox 517 2800 2033 2877">
     <span class='ocr_line' id='line_1_49' title="bbox 517 2800 2033 2877; baseline 0.009 -24"><span class='ocrx_word' id='word_1_369' title='bbox 517 2800 616 2854; x_wconf 84' lang='lat' dir='ltr'><strong>hac</strong></span> <span class='ocrx_word' id='word_1_370' title='bbox 640 2801 874 2857; x_wconf 82' lang='lat' dir='ltr'><strong>sollicita</strong></span> <span class='ocrx_word' id='word_1_371' title='bbox 905 2805 1177 2874; x_wconf 85' lang='lat' dir='ltr'><strong>quidpiam</strong></span> <span class='ocrx_word' id='word_1_372' title='bbox 1203 2807 1432 2876; x_wconf 84' lang='lat' dir='ltr'><strong>adjicere</strong></span> <span class='ocrx_word' id='word_1_373' title='bbox 1471 2811 1691 2877; x_wconf 77' lang='lat' dir='ltr'><strong>potestis</strong></span> <span class='ocrx_word' id='word_1_374' title='bbox 1721 2809 1772 2867; x_wconf 76' lang='grc' dir='ltr'><strong>ἀ.</strong></span> <span class='ocrx_word' id='word_1_375' title='bbox 1819 2810 2033 2868; x_wconf 81' lang='lat' dir='ltr'><strong>Manife:</strong></span> 
     </span>
    </p>
   </div>
   <div class='ocr_carea' id='block_1_50' title="bbox 2220 2800 3736 2881">
    <p class='ocr_par' dir='ltr' id='par_1_50' title="bbox 2220 2802 3736 2881">
     <span class='ocr_line' id='line_1_50' title="bbox 2220 2802 3736 2881; baseline -0.005 -19"><span class='ocrx_word' id='word_1_376' title='bbox 2220 2809 2317 2881; x_wconf 77' lang='grc' dir='ltr'>γὰρ</span> <span class='ocrx_word' id='word_1_377' title='bbox 2359 2808 2490 2873; x_wconf 79' lang='grc' dir='ltr'>Θεὸς</span> <span class='ocrx_word' id='word_1_378' title='bbox 2544 2803 2652 2860; x_wconf 77' lang='grc' dir='ltr'>οἶδε</span> <span class='ocrx_word' id='word_1_379' title='bbox 2703 2805 2911 2877; x_wconf 83' lang='grc' dir='ltr'>σαφῶς,</span> <span class='ocrx_word' id='word_1_380' title='bbox 2946 2805 3066 2858; x_wconf 84' lang='grc' dir='ltr'>τίνα</span> <span class='ocrx_word' id='word_1_381' title='bbox 3099 2805 3199 2876; x_wconf 81' lang='grc' dir='ltr'><strong>μὲν</strong></span> <span class='ocrx_word' id='word_1_382' title='bbox 3241 2806 3375 2876; x_wconf 81' lang='grc' dir='ltr'>ἡμῖν</span> <span class='ocrx_word' id='word_1_383' title='bbox 3421 2803 3578 2874; x_wconf 78' lang='grc' dir='ltr'>ἔχειν,</span> <span class='ocrx_word' id='word_1_384' title='bbox 3610 2802 3736 2855; x_wconf 85' lang='grc' dir='ltr'>τίνων</span> 
     </span>
    </p>
   </div>
   <div class='ocr_carea' id='block_1_51' title="bbox 519 2889 2035 2976">
    <p class='ocr_par' dir='ltr' id='par_1_51' title="bbox 519 2892 2035 2976">
     <span class='ocr_line' id='line_1_51' title="bbox 519 2892 2035 2976; baseline 0.009 -30"><span class='ocrx_word' id='word_1_385' title='bbox 519 2892 668 2947; x_wconf 90' lang='lat' dir='ltr'><strong>enim</strong></span> <span class='ocrx_word' id='word_1_386' title='bbox 699 2898 984 2966; x_wconf 85' lang='lat' dir='ltr'><strong>cognoscit</strong></span> <span class='ocrx_word' id='word_1_387' title='bbox 1020 2896 1186 2966; x_wconf 86' lang='lat' dir='ltr'><strong>Deus,</strong></span> <span class='ocrx_word' id='word_1_388' title='bbox 1217 2914 1467 2970; x_wconf 66' lang='lat' dir='ltr'><strong>quaenam</strong></span> <span class='ocrx_word' id='word_1_389' title='bbox 1515 2917 1616 2960; x_wconf 88' lang='lat' dir='ltr'><strong>nos</strong></span> <span class='ocrx_word' id='word_1_390' title='bbox 1660 2901 1862 2959; x_wconf 88' lang='lat' dir='ltr'><strong>habere</strong></span> <span class='ocrx_word' id='word_1_391' title='bbox 1891 2911 1946 2960; x_wconf 91' lang='lat' dir='ltr'><strong>et</strong></span> <span class='ocrx_word' id='word_1_392' title='bbox 1981 2921 2035 2976; x_wconf 76' lang='lat' dir='ltr'><strong>qi</strong></span> 
     </span>
    </p>
   </div>
   <div class='ocr_carea' id='block_1_52' title="bbox 2219 2889 3735 2976">
    <p class='ocr_par' dir='ltr' id='par_1_52' title="bbox 2219 2889 3735 2969">
     <span class='ocr_line' id='line_1_52' title="bbox 2219 2889 3735 2969; baseline -0.003 -20"><span class='ocrx_word' id='word_1_393' title='bbox 2219 2895 2266 2949; x_wconf 66' lang='grc' dir='ltr'>δὲ</span> <span class='ocrx_word' id='word_1_394' title='bbox 2307 2898 2534 2969; x_wconf 83' lang='grc' dir='ltr'><strong>ἀπορεῖν</strong></span> <span class='ocrx_word' id='word_1_395' title='bbox 2569 2895 2861 2968; x_wconf 84' lang='grc' dir='ltr'>συμφέρει.</span> <span class='ocrx_word' id='word_1_396' title='bbox 2895 2894 3254 2960; x_wconf 84' lang='grc' dir='ltr'>Κενώσαντας</span> <span class='ocrx_word' id='word_1_397' title='bbox 3289 2889 3382 2949; x_wconf 78' lang='grc' dir='ltr'><strong>οὖν</strong></span> <span class='ocrx_word' id='word_1_398' title='bbox 3421 2896 3556 2963; x_wconf 75' lang='grc' dir='ltr'>σφᾶς</span> <span class='ocrx_word' id='word_1_399' title='bbox 3582 2892 3735 2953; x_wconf 76' lang='grc' dir='ltr'>αὐτοὺς</span> 
     </span>
    </p>
   </div>
   <div class='ocr_carea' id='block_1_53' title="bbox 518 2986 2034 3066">
    <p class='ocr_par' dir='ltr' id='par_1_53' title="bbox 518 2986 2034 3066">
     <span class='ocr_line' id='line_1_53' title="bbox 518 2986 2034 3066; baseline 0.007 -25"><span class='ocrx_word' id='word_1_400' title='bbox 518 2986 625 3043; x_wconf 90' lang='lat' dir='ltr'><strong>bus</strong></span> <span class='ocrx_word' id='word_1_401' title='bbox 653 2987 896 3060; x_wconf 82' lang='lat' dir='ltr'><strong>indigere</strong></span> <span class='ocrx_word' id='word_1_402' title='bbox 913 2991 1185 3060; x_wconf 84' lang='lat' dir='ltr'><strong>expediat.</strong></span> <span class='ocrx_word' id='word_1_403' title='bbox 1211 2993 1374 3051; x_wconf 89' lang='lat' dir='ltr'><strong>Curis</strong></span> <span class='ocrx_word' id='word_1_404' title='bbox 1402 2995 1586 3066; x_wconf 89' lang='lat' dir='ltr'><strong>itaque</strong></span> <span class='ocrx_word' id='word_1_405' title='bbox 1612 2996 1848 3052; x_wconf 88' lang='lat' dir='ltr'><strong>terrenis</strong></span> <span class='ocrx_word' id='word_1_406' title='bbox 1872 3011 2034 3053; x_wconf 88' lang='lat' dir='ltr'><strong>evaeu</strong></span> 
     </span>
    </p>
   </div>
   <div class='ocr_carea' id='block_1_54' title="bbox 2220 2986 3736 3066">
    <p class='ocr_par' dir='ltr' id='par_1_54' title="bbox 2220 2988 3736 3062">
     <span class='ocr_line' id='line_1_54' title="bbox 2220 2988 3736 3062; baseline -0.003 -20"><span class='ocrx_word' id='word_1_407' title='bbox 2220 2988 2313 3042; x_wconf 74' lang='grc' dir='ltr'><strong>τῶν</strong></span> <span class='ocrx_word' id='word_1_408' title='bbox 2357 2989 2635 3060; x_wconf 89' lang='grc' dir='ltr'>κοσμικῶν</span> <span class='ocrx_word' id='word_1_409' title='bbox 2667 2990 2985 3062; x_wconf 85' lang='grc' dir='ltr'>φροντίδων,</span> <span class='ocrx_word' id='word_1_410' title='bbox 3015 2988 3158 3055; x_wconf 81' lang='grc' dir='ltr'>ἀξιοῖ</span> <span class='ocrx_word' id='word_1_411' title='bbox 3193 2988 3532 3062; x_wconf 81' lang='grc' dir='ltr'>πληροῦσθαι</span> <span class='ocrx_word' id='word_1_412' title='bbox 3563 2988 3649 3058; x_wconf 71' lang='grc' dir='ltr'>τῆς</span> <span class='ocrx_word' id='word_1_413' title='bbox 3678 2988 3736 3048; x_wconf 77' lang='grc' dir='ltr'><strong>είς</strong></span> 
     </span>
    </p>
   </div>
   <div class='ocr_carea' id='block_1_55' title="bbox 517 3079 2033 3161">
    <p class='ocr_par' dir='ltr' id='par_1_55' title="bbox 517 3079 2033 3161">
     <span class='ocr_line' id='line_1_55' title="bbox 517 3079 2033 3161; baseline 0.009 -29"><span class='ocrx_word' id='word_1_414' title='bbox 517 3079 612 3142; x_wconf 88' lang='lat' dir='ltr'><strong>tis,</strong></span> <span class='ocrx_word' id='word_1_415' title='bbox 645 3095 747 3135; x_wconf 92' lang='lat' dir='ltr'><strong>nos</strong></span> <span class='ocrx_word' id='word_1_416' title='bbox 787 3081 936 3151; x_wconf 91' lang='lat' dir='ltr'><strong>ipsos</strong></span> <span class='ocrx_word' id='word_1_417' title='bbox 980 3083 1111 3152; x_wconf 92' lang='lat' dir='ltr'><strong>illis,</strong></span> <span class='ocrx_word' id='word_1_418' title='bbox 1171 3103 1294 3156; x_wconf 67' lang='lat' dir='ltr'><strong>qua:</strong></span> <span class='ocrx_word' id='word_1_419' title='bbox 1347 3089 1416 3144; x_wconf 88' lang='lat' dir='ltr'><strong>ad</strong></span> <span class='ocrx_word' id='word_1_420' title='bbox 1472 3087 1644 3145; x_wconf 90' lang='lat' dir='ltr'><strong>Deum</strong></span> <span class='ocrx_word' id='word_1_421' title='bbox 1697 3097 1850 3151; x_wconf 87' lang='lat' dir='ltr'><strong>sunt.</strong></span> <span class='ocrx_word' id='word_1_422' title='bbox 1888 3089 2033 3161; x_wconf 69' lang='lat' dir='ltr'><strong>implt</strong></span> 
     </span>
    </p>
   </div>
   <div class='ocr_carea' id='block_1_56' title="bbox 2221 3079 3737 3161">
    <p class='ocr_par' dir='ltr' id='par_1_56' title="bbox 2221 3079 3737 3152">
     <span class='ocr_line' id='line_1_56' title="bbox 2221 3079 3737 3152; baseline -0.002 -19"><span class='ocrx_word' id='word_1_423' title='bbox 2221 3081 2359 3134; x_wconf 62' lang='grc' dir='ltr'>θεόν.</span> <span class='ocrx_word' id='word_1_424' title='bbox 2405 3081 2601 3152; x_wconf 79' lang='grc' dir='ltr'>Ἡμεῖς</span> <span class='ocrx_word' id='word_1_425' title='bbox 2635 3082 2746 3152; x_wconf 82' lang='grc' dir='ltr'><strong>τὰρ</strong></span> <span class='ocrx_word' id='word_1_426' title='bbox 2779 3079 3153 3151; x_wconf 80' lang='grc' dir='ltr'>στενάζομεν,</span> <span class='ocrx_word' id='word_1_427' title='bbox 3193 3081 3621 3136; x_wconf 78' lang='grc' dir='ltr'>ἐπενδύσασθαι</span> <span class='ocrx_word' id='word_1_428' title='bbox 3661 3095 3737 3132; x_wconf 82' lang='lat' dir='ltr'><strong>:to-</strong></span> 
     </span>
    </p>
   </div>
   <div class='ocr_carea' id='block_1_57' title="bbox 515 3168 2031 3252">
    <p class='ocr_par' dir='ltr' id='par_1_57' title="bbox 515 3171 2031 3252">
     <span class='ocr_line' id='line_1_57' title="bbox 515 3171 2031 3252; baseline 0.008 -28"><span class='ocrx_word' id='word_1_429' title='bbox 515 3171 654 3228; x_wconf 87' lang='lat' dir='ltr'><strong>vult.</strong></span> <span class='ocrx_word' id='word_1_430' title='bbox 686 3172 888 3243; x_wconf 83' lang='lat' dir='ltr'><strong>Quippe</strong></span> <span class='ocrx_word' id='word_1_431' title='bbox 920 3192 1014 3230; x_wconf 84' lang='lat' dir='ltr'><strong>nos</strong></span> <span class='ocrx_word' id='word_1_432' title='bbox 1047 3177 1458 3248; x_wconf 81' lang='lat' dir='ltr'><strong>ingemiscimus,</strong></span> <span class='ocrx_word' id='word_1_433' title='bbox 1490 3180 1800 3252; x_wconf 77' lang='lat' dir='ltr'><strong>superindui</strong></span> <span class='ocrx_word' id='word_1_434' title='bbox 1835 3183 2031 3250; x_wconf 80' lang='lat' dir='ltr'><strong>cupient</strong></span> 
     </span>
    </p>
   </div>
   <div class='ocr_carea' id='block_1_58' title="bbox 2213 3168 3729 3252">
    <p class='ocr_par' dir='ltr' id='par_1_58' title="bbox 2213 3168 3729 3245">
     <span class='ocr_line' id='line_1_58' title="bbox 2213 3168 3729 3245; baseline -0.005 -18"><span class='ocrx_word' id='word_1_435' title='bbox 2213 3173 2444 3240; x_wconf 67' lang='grc' dir='ltr'>Ἰοῦντες</span> <span class='ocrx_word' id='word_1_436' title='bbox 2483 3173 2554 3227; x_wconf 85' lang='grc' dir='ltr'>τὰ</span> <span class='ocrx_word' id='word_1_437' title='bbox 2585 3169 2857 3244; x_wconf 80' lang='grc' dir='ltr'>ἄφθαρτα,</span> <span class='ocrx_word' id='word_1_438' title='bbox 2889 3172 3017 3245; x_wconf 72' lang='grc' dir='ltr'>πρὶν</span> <span class='ocrx_word' id='word_1_439' title='bbox 3049 3171 3380 3226; x_wconf 74' lang='grc' dir='ltr'>ἐκδύσασθαι</span> <span class='ocrx_word' id='word_1_440' title='bbox 3413 3170 3509 3242; x_wconf 75' lang='grc' dir='ltr'>τὴν</span> <span class='ocrx_word' id='word_1_441' title='bbox 3548 3168 3729 3240; x_wconf 81' lang='grc' dir='ltr'>φθοράν.</span> 
     </span>
    </p>
   </div>
   <div class='ocr_carea' id='block_1_59' title="bbox 515 3259 2031 3344">
    <p class='ocr_par' dir='ltr' id='par_1_59' title="bbox 515 3265 2031 3344">
     <span class='ocr_line' id='line_1_59' title="bbox 515 3265 2031 3344; baseline 0.007 -27"><span class='ocrx_word' id='word_1_442' title='bbox 515 3279 634 3332; x_wconf 64' lang='lat' dir='ltr'><strong>quia</strong></span> <span class='ocrx_word' id='word_1_443' title='bbox 663 3265 1096 3338; x_wconf 85' lang='lat' dir='ltr'><strong>incorruptibilia</strong></span> <span class='ocrx_word' id='word_1_444' title='bbox 1125 3277 1253 3325; x_wconf 88' lang='lat' dir='ltr'><strong>sunt</strong></span> <span class='ocrx_word' id='word_1_445' title='bbox 1273 3282 1319 3336; x_wconf 82' lang='grc' dir='ltr'><strong>ο,</strong></span> <span class='ocrx_word' id='word_1_446' title='bbox 1339 3271 1661 3344; x_wconf 89' lang='lat' dir='ltr'><strong>priusquam</strong></span> <span class='ocrx_word' id='word_1_447' title='bbox 1693 3274 2031 3344; x_wconf 62' lang='lat' dir='ltr'><strong>corruption:</strong></span> 
     </span>
    </p>
   </div>
   <div class='ocr_carea' id='block_1_60' title="bbox 2214 3259 3730 3344">
    <p class='ocr_par' dir='ltr' id='par_1_60' title="bbox 2218 3259 3730 3337">
     <span class='ocr_line' id='line_1_60' title="bbox 2218 3259 3730 3337; baseline -0.005 -18"><span class='ocrx_word' id='word_1_448' title='bbox 2218 3265 2606 3337; x_wconf 77' lang='grc' dir='ltr'>Ἐπιχεομένης</span> <span class='ocrx_word' id='word_1_449' title='bbox 2636 3264 2744 3337; x_wconf 81' lang='grc' dir='ltr'>γὰρ</span> <span class='ocrx_word' id='word_1_450' title='bbox 2783 3265 2883 3335; x_wconf 84' lang='grc' dir='ltr'>τῆς</span> <span class='ocrx_word' id='word_1_451' title='bbox 2929 3263 3186 3328; x_wconf 84' lang='grc' dir='ltr'>πίστεως,</span> <span class='ocrx_word' id='word_1_452' title='bbox 3233 3263 3432 3335; x_wconf 85' lang='grc' dir='ltr'>ἀπορεῖ</span> <span class='ocrx_word' id='word_1_453' title='bbox 3463 3265 3495 3334; x_wconf 83' lang='grc' dir='ltr'>ἡ</span> <span class='ocrx_word' id='word_1_454' title='bbox 3530 3259 3730 3316; x_wconf 80' lang='grc' dir='ltr'>ἀπιστία.</span> 
     </span>
    </p>
   </div>
   <div class='ocr_carea' id='block_1_61' title="bbox 514 3351 2030 3428">
    <p class='ocr_par' dir='ltr' id='par_1_61' title="bbox 514 3358 2030 3428">
     <span class='ocr_line' id='line_1_61' title="bbox 514 3358 2030 3428; baseline 0.004 -15"><span class='ocrx_word' id='word_1_455' title='bbox 514 3358 853 3416; x_wconf 83' lang='lat' dir='ltr'><strong>exuerimus.</strong></span> <span class='ocrx_word' id='word_1_456' title='bbox 896 3360 1081 3416; x_wconf 74' lang='lat' dir='ltr'><strong>Eﬁusa</strong></span> <span class='ocrx_word' id='word_1_457' title='bbox 1122 3362 1268 3417; x_wconf 90' lang='lat' dir='ltr'><strong>enim</strong></span> <span class='ocrx_word' id='word_1_458' title='bbox 1312 3363 1439 3428; x_wconf 87' lang='lat' dir='ltr'><strong>ﬁde,</strong></span> <span class='ocrx_word' id='word_1_459' title='bbox 1476 3363 1771 3422; x_wconf 89' lang='lat' dir='ltr'><strong>inﬁdelitas</strong></span> <span class='ocrx_word' id='word_1_460' title='bbox 1800 3378 2030 3420; x_wconf 89' lang='lat' dir='ltr'><strong>evanesc</strong></span> 
     </span>
    </p>
   </div>
   <div class='ocr_carea' id='block_1_62' title="bbox 2218 3351 3734 3428">
    <p class='ocr_par' dir='ltr' id='par_1_62' title="bbox 2218 3351 3734 3428">
     <span class='ocr_line' id='line_1_62' title="bbox 2218 3351 3734 3428; baseline -0.003 -18"><span class='ocrx_word' id='word_1_461' title='bbox 2218 3357 2447 3428; x_wconf 85' lang='grc' dir='ltr'>Ὀμοίως</span> <span class='ocrx_word' id='word_1_462' title='bbox 2499 3357 2592 3412; x_wconf 74' lang='grc' dir='ltr'><strong>καὶ</strong></span> <span class='ocrx_word' id='word_1_463' title='bbox 2619 3357 2712 3410; x_wconf 70' lang='grc' dir='ltr'><strong>ἐπὶ</strong></span> <span class='ocrx_word' id='word_1_464' title='bbox 2751 3355 3004 3425; x_wconf 82' lang='grc' dir='ltr'>γνώσεως</span> <span class='ocrx_word' id='word_1_465' title='bbox 3035 3355 3128 3408; x_wconf 77' lang='grc' dir='ltr'><strong>καὶ</strong></span> <span class='ocrx_word' id='word_1_466' title='bbox 3162 3353 3526 3424; x_wconf 81' lang='grc' dir='ltr'>δικαιοσύνης.</span> <span class='ocrx_word' id='word_1_467' title='bbox 3559 3352 3624 3406; x_wconf 71' lang='lat' dir='ltr'><strong>Ub</strong></span> <span class='ocrx_word' id='word_1_468' title='bbox 3654 3351 3734 3420; x_wconf 81' lang='grc' dir='ltr'>χρὴ</span> 
     </span>
    </p>
   </div>
   <div class='ocr_carea' id='block_1_63' title="bbox 514 3441 2030 3524">
    <p class='ocr_par' dir='ltr' id='par_1_63' title="bbox 514 3447 2030 3524">
     <span class='ocr_line' id='line_1_63' title="bbox 514 3447 2030 3524; baseline 0.005 -24"><span class='ocrx_word' id='word_1_469' title='bbox 514 3447 599 3503; x_wconf 82' lang='lat' dir='ltr'><strong>Ad</strong></span> <span class='ocrx_word' id='word_1_470' title='bbox 635 3451 888 3507; x_wconf 87' lang='lat' dir='ltr'><strong>eumdem</strong></span> <span class='ocrx_word' id='word_1_471' title='bbox 933 3453 1156 3507; x_wconf 90' lang='lat' dir='ltr'><strong>modum</strong></span> <span class='ocrx_word' id='word_1_472' title='bbox 1199 3452 1365 3508; x_wconf 89' lang='lat' dir='ltr'><strong>etiam</strong></span> <span class='ocrx_word' id='word_1_473' title='bbox 1412 3455 1468 3510; x_wconf 95' lang='lat' dir='ltr'><strong>in</strong></span> <span class='ocrx_word' id='word_1_474' title='bbox 1509 3455 1738 3512; x_wconf 87' lang='lat' dir='ltr'><strong>scientia</strong></span> <span class='ocrx_word' id='word_1_475' title='bbox 1778 3454 2030 3524; x_wconf 71' lang='lat' dir='ltr'><strong>acjustit)</strong></span> 
     </span>
    </p>
   </div>
   <div class='ocr_carea' id='block_1_64' title="bbox 2220 3441 3736 3524">
    <p class='ocr_par' dir='ltr' id='par_1_64' title="bbox 2220 3441 3736 3520">
     <span class='ocr_line' id='line_1_64' title="bbox 2220 3441 3736 3520; baseline -0.007 -18"><span class='ocrx_word' id='word_1_476' title='bbox 2220 3446 2296 3502; x_wconf 71' lang='lat' dir='ltr'><strong>&gt;5v</strong></span> <span class='ocrx_word' id='word_1_477' title='bbox 2330 3449 2488 3520; x_wconf 83' lang='grc' dir='ltr'>μόνον</span> <span class='ocrx_word' id='word_1_478' title='bbox 2537 3447 2768 3502; x_wconf 90' lang='grc' dir='ltr'>κενῶσαι</span> <span class='ocrx_word' id='word_1_479' title='bbox 2801 3449 2898 3519; x_wconf 81' lang='grc' dir='ltr'>τὴν</span> <span class='ocrx_word' id='word_1_480' title='bbox 2945 3445 3144 3519; x_wconf 79' lang='grc' dir='ltr'>ψυχὴν,</span> <span class='ocrx_word' id='word_1_481' title='bbox 3186 3444 3324 3499; x_wconf 84' lang='grc' dir='ltr'><strong>ἀλλά</strong></span> <span class='ocrx_word' id='word_1_482' title='bbox 3371 3445 3466 3499; x_wconf 75' lang='grc' dir='ltr'><strong>καὶ</strong></span> <span class='ocrx_word' id='word_1_483' title='bbox 3497 3441 3736 3514; x_wconf 81' lang='grc' dir='ltr'>πληρῶσαι</span> 
     </span>
    </p>
   </div>
   <div class='ocr_carea' id='block_1_65' title="bbox 517 3531 2033 3613">
    <p class='ocr_par' dir='ltr' id='par_1_65' title="bbox 517 3538 2033 3613">
     <span class='ocr_line' id='line_1_65' title="bbox 517 3538 2033 3613; baseline 0.004 -19"><span class='ocrx_word' id='word_1_484' title='bbox 517 3538 743 3611; x_wconf 87' lang='lat' dir='ltr'><strong>Oportet</strong></span> <span class='ocrx_word' id='word_1_485' title='bbox 767 3543 951 3613; x_wconf 88' lang='lat' dir='ltr'><strong>itaque</strong></span> <span class='ocrx_word' id='word_1_486' title='bbox 981 3559 1092 3599; x_wconf 91' lang='lat' dir='ltr'><strong>non</strong></span> <span class='ocrx_word' id='word_1_487' title='bbox 1127 3544 1308 3599; x_wconf 91' lang='lat' dir='ltr'><strong>solum</strong></span> <span class='ocrx_word' id='word_1_488' title='bbox 1337 3546 1576 3600; x_wconf 87' lang='lat' dir='ltr'><strong>animam</strong></span> <span class='ocrx_word' id='word_1_489' title='bbox 1600 3560 1888 3610; x_wconf 88' lang='lat' dir='ltr'><strong>evacuare,</strong></span> <span class='ocrx_word' id='word_1_490' title='bbox 1917 3560 2033 3601; x_wconf 72' lang='lat' dir='ltr'><strong>veri</strong></span> 
     </span>
    </p>
   </div>
   <div class='ocr_carea' id='block_1_66' title="bbox 2227 3531 3743 3613">
    <p class='ocr_par' dir='ltr' id='par_1_66' title="bbox 2227 3531 3743 3611">
     <span class='ocr_line' id='line_1_66' title="bbox 2227 3531 3743 3611; baseline -0.007 -16"><span class='ocrx_word' id='word_1_491' title='bbox 2227 3540 2360 3595; x_wconf 64' lang='lat'><strong>)505.</strong></span> <span class='ocrx_word' id='word_1_492' title='bbox 2399 3541 2535 3594; x_wconf 81' lang='grc' dir='ltr'>Οὔτε</span> <span class='ocrx_word' id='word_1_493' title='bbox 2572 3540 2680 3611; x_wconf 80' lang='grc' dir='ltr'>γὰρ</span> <span class='ocrx_word' id='word_1_494' title='bbox 2728 3538 2805 3592; x_wconf 74' lang='grc' dir='ltr'>ἔτι</span> <span class='ocrx_word' id='word_1_495' title='bbox 2853 3538 3042 3602; x_wconf 81' lang='grc' dir='ltr'>κακὸν,</span> <span class='ocrx_word' id='word_1_496' title='bbox 3074 3537 3196 3591; x_wconf 75' lang='grc' dir='ltr'>ἐπεὶ</span> <span class='ocrx_word' id='word_1_497' title='bbox 3239 3536 3528 3590; x_wconf 85' lang='grc' dir='ltr'>πέπαυται·</span> <span class='ocrx_word' id='word_1_498' title='bbox 3565 3531 3743 3602; x_wconf 76' lang='grc' dir='ltr'>οὕτεδὴ</span> 
     </span>
    </p>
   </div>
   <div class='ocr_carea' id='block_1_67' title="bbox 516 3621 2032 3706">
    <p class='ocr_par' dir='ltr' id='par_1_67' title="bbox 516 3631 2032 3706">
     <span class='ocr_line' id='line_1_67' title="bbox 516 3631 2032 3706; baseline 0.002 -20"><span class='ocrx_word' id='word_1_499' title='bbox 516 3631 680 3686; x_wconf 90' lang='lat' dir='ltr'><strong>etiam</strong></span> <span class='ocrx_word' id='word_1_500' title='bbox 734 3631 846 3689; x_wconf 88' lang='lat' dir='ltr'><strong>Deo</strong></span> <span class='ocrx_word' id='word_1_501' title='bbox 877 3633 1124 3704; x_wconf 88' lang='lat' dir='ltr'><strong>implere.</strong></span> <span class='ocrx_word' id='word_1_502' title='bbox 1184 3633 1374 3706; x_wconf 85' lang='lat' dir='ltr'><strong>Neque</strong></span> <span class='ocrx_word' id='word_1_503' title='bbox 1425 3636 1571 3692; x_wconf 89' lang='lat' dir='ltr'><strong>enim</strong></span> <span class='ocrx_word' id='word_1_504' title='bbox 1602 3635 1839 3706; x_wconf 82' lang='lat' dir='ltr'><strong>amplius</strong></span> <span class='ocrx_word' id='word_1_505' title='bbox 1875 3636 2032 3690; x_wconf 76' lang='lat' dir='ltr'><strong>malui</strong></span> 
     </span>
    </p>
   </div>
   <div class='ocr_carea' id='block_1_68' title="bbox 2223 3621 3739 3706">
    <p class='ocr_par' dir='ltr' id='par_1_68' title="bbox 2223 3621 3739 3704">
     <span class='ocr_line' id='line_1_68' title="bbox 2223 3621 3739 3704; baseline -0.009 -17"><span class='ocrx_word' id='word_1_506' title='bbox 2223 3633 2428 3704; x_wconf 71' lang='grc' dir='ltr'>ὶγαθὸν,</span> <span class='ocrx_word' id='word_1_507' title='bbox 2462 3632 2584 3686; x_wconf 72' lang='grc' dir='ltr'>ἐπεὶ</span> <span class='ocrx_word' id='word_1_508' title='bbox 2619 3631 2844 3704; x_wconf 77' lang='grc' dir='ltr'>μηδέπω</span> <span class='ocrx_word' id='word_1_509' title='bbox 2894 3628 3140 3701; x_wconf 62' lang='grc' dir='ltr'>εἴληφεν</span> <span class='ocrx_word' id='word_1_510' title='bbox 3179 3627 3240 3681; x_wconf 84' lang='grc' dir='ltr'><strong>τὸ</strong></span> <span class='ocrx_word' id='word_1_511' title='bbox 3286 3627 3344 3681; x_wconf 84' lang='grc' dir='ltr'>δὲ</span> <span class='ocrx_word' id='word_1_512' title='bbox 3393 3628 3527 3698; x_wconf 81' lang='grc' dir='ltr'>μήτε</span> <span class='ocrx_word' id='word_1_513' title='bbox 3574 3621 3739 3692; x_wconf 78' lang='grc' dir='ltr'>ἀγαθὸν</span> 
     </span>
    </p>
   </div>
   <div class='ocr_carea' id='block_1_69' title="bbox 517 3716 2033 3799">
    <p class='ocr_par' dir='ltr' id='par_1_69' title="bbox 517 3724 2033 3799">
     <span class='ocr_line' id='line_1_69' title="bbox 517 3724 2033 3799; baseline 0.005 -23"><span class='ocrx_word' id='word_1_514' title='bbox 517 3724 664 3794; x_wconf 82' lang='lat' dir='ltr'><strong>quod</strong></span> <span class='ocrx_word' id='word_1_515' title='bbox 692 3740 814 3781; x_wconf 86' lang='lat' dir='ltr'><strong>esse</strong></span> <span class='ocrx_word' id='word_1_516' title='bbox 842 3725 1037 3792; x_wconf 90' lang='lat' dir='ltr'><strong>desiit;</strong></span> <span class='ocrx_word' id='word_1_517' title='bbox 1069 3742 1248 3798; x_wconf 89' lang='lat' dir='ltr'><strong>neque</strong></span> <span class='ocrx_word' id='word_1_518' title='bbox 1275 3727 1500 3782; x_wconf 90' lang='lat' dir='ltr'><strong>omnino</strong></span> <span class='ocrx_word' id='word_1_519' title='bbox 1537 3727 1761 3792; x_wconf 89' lang='lat' dir='ltr'><strong>bonum,</strong></span> <span class='ocrx_word' id='word_1_520' title='bbox 1796 3728 1939 3799; x_wconf 90' lang='lat' dir='ltr'><strong>quod</strong></span> <span class='ocrx_word' id='word_1_521' title='bbox 1967 3743 2033 3784; x_wconf 89' lang='lat' dir='ltr'><strong>no</strong></span> 
     </span>
    </p>
   </div>
   <div class='ocr_carea' id='block_1_70' title="bbox 2219 3716 3735 3799">
    <p class='ocr_par' dir='ltr' id='par_1_70' title="bbox 2219 3716 3735 3799">
     <span class='ocr_line' id='line_1_70' title="bbox 2219 3716 3735 3799; baseline -0.009 -18"><span class='ocrx_word' id='word_1_522' title='bbox 2219 3731 2345 3799; x_wconf 65' lang='grc' dir='ltr'>μήτε</span> <span class='ocrx_word' id='word_1_523' title='bbox 2374 3726 2540 3780; x_wconf 77' lang='grc' dir='ltr'>κακὸν</span> <span class='ocrx_word' id='word_1_524' title='bbox 2566 3724 2717 3778; x_wconf 78' lang='grc' dir='ltr'>οὐδέν</span> <span class='ocrx_word' id='word_1_525' title='bbox 2743 3725 2908 3778; x_wconf 83' lang='grc' dir='ltr'>ἐστιν.</span> <span class='ocrx_word' id='word_1_526' title='bbox 2957 3721 3256 3776; x_wconf 80' lang='grc' dir='ltr'>Ἐπάνεισι</span> <span class='ocrx_word' id='word_1_527' title='bbox 3295 3720 3407 3792; x_wconf 70' lang='grc' dir='ltr'>γὰρ</span> <span class='ocrx_word' id='word_1_528' title='bbox 3441 3721 3524 3786; x_wconf 73' lang='grc' dir='ltr'>εἰς</span> <span class='ocrx_word' id='word_1_529' title='bbox 3550 3716 3640 3772; x_wconf 75' lang='grc' dir='ltr'><strong>τὸν</strong></span> <span class='ocrx_word' id='word_1_530' title='bbox 3661 3729 3735 3767; x_wconf 79' lang='grc' dir='ltr'>κε-</span> 
     </span>
    </p>
   </div>
   <div class='ocr_carea' id='block_1_71' title="bbox 516 3809 2032 3889">
    <p class='ocr_par' dir='ltr' id='par_1_71' title="bbox 516 3814 2032 3889">
     <span class='ocr_line' id='line_1_71' title="bbox 516 3814 2032 3889; baseline 0.003 -21"><span class='ocrx_word' id='word_1_531' title='bbox 516 3814 646 3868; x_wconf 89' lang='lat' dir='ltr'><strong>dum</strong></span> <span class='ocrx_word' id='word_1_532' title='bbox 677 3814 885 3886; x_wconf 82' lang='lat' dir='ltr'><strong>aliquid</strong></span> <span class='ocrx_word' id='word_1_533' title='bbox 916 3816 1128 3887; x_wconf 90' lang='lat' dir='ltr'><strong>accepit</strong></span> <span class='ocrx_word' id='word_1_534' title='bbox 1154 3832 1166 3868; x_wconf 91' lang='lat'><strong>:</strong></span> <span class='ocrx_word' id='word_1_535' title='bbox 1209 3815 1354 3887; x_wconf 85' lang='lat' dir='ltr'><strong>quod</strong></span> <span class='ocrx_word' id='word_1_536' title='bbox 1393 3832 1522 3872; x_wconf 89' lang='lat' dir='ltr'><strong>vero</strong></span> <span class='ocrx_word' id='word_1_537' title='bbox 1571 3834 1673 3873; x_wconf 90' lang='lat' dir='ltr'><strong>nec</strong></span> <span class='ocrx_word' id='word_1_538' title='bbox 1697 3819 1898 3874; x_wconf 90' lang='lat' dir='ltr'><strong>bonum</strong></span> <span class='ocrx_word' id='word_1_539' title='bbox 1929 3834 2032 3889; x_wconf 91' lang='lat' dir='ltr'><strong>neq</strong></span> 
     </span>
    </p>
   </div>
   <div class='ocr_carea' id='block_1_72' title="bbox 2222 3809 3738 3889">
    <p class='ocr_par' dir='ltr' id='par_1_72' title="bbox 2222 3809 3738 3888">
     <span class='ocr_line' id='line_1_72' title="bbox 2222 3809 3738 3888; baseline -0.009 -16"><span class='ocrx_word' id='word_1_540' title='bbox 2222 3816 2578 3888; x_wconf 67' lang='grc' dir='ltr'><strong>ιαὼῑρμένον</strong></span> <span class='ocrx_word' id='word_1_541' title='bbox 2594 3812 2762 3872; x_wconf 81' lang='grc' dir='ltr'>οἷκον</span> <span class='ocrx_word' id='word_1_542' title='bbox 2784 3815 2881 3870; x_wconf 79' lang='grc' dir='ltr'>καὶ</span> <span class='ocrx_word' id='word_1_543' title='bbox 2907 3814 3108 3880; x_wconf 79' lang='grc' dir='ltr'>κενὸν,</span> <span class='ocrx_word' id='word_1_544' title='bbox 3141 3812 3237 3867; x_wconf 81' lang='grc' dir='ltr'>ὲάν</span> <span class='ocrx_word' id='word_1_545' title='bbox 3271 3811 3441 3884; x_wconf 83' lang='grc' dir='ltr'>μηδὲν</span> <span class='ocrx_word' id='word_1_546' title='bbox 3471 3809 3572 3864; x_wconf 89' lang='grc' dir='ltr'><strong>τῶν</strong></span> <span class='ocrx_word' id='word_1_547' title='bbox 3601 3822 3738 3874; x_wconf 84' lang='grc' dir='ltr'>σωτη-</span> 
     </span>
    </p>
   </div>
   <div class='ocr_carea' id='block_1_73' title="bbox 518 3900 2034 3982">
    <p class='ocr_par' dir='ltr' id='par_1_73' title="bbox 518 3905 2034 3982">
     <span class='ocr_line' id='line_1_73' title="bbox 518 3905 2034 3982; baseline 0.005 -24"><span class='ocrx_word' id='word_1_548' title='bbox 518 3905 747 3970; x_wconf 88' lang='lat' dir='ltr'><strong>malum,</strong></span> <span class='ocrx_word' id='word_1_549' title='bbox 780 3907 915 3962; x_wconf 85' lang='lat' dir='ltr'><strong>nihil</strong></span> <span class='ocrx_word' id='word_1_550' title='bbox 945 3916 1052 3964; x_wconf 92' lang='lat' dir='ltr'><strong>est.</strong></span> <span class='ocrx_word' id='word_1_551' title='bbox 1082 3907 1376 3962; x_wconf 81' lang='lat' dir='ltr'><strong>Revertitur</strong></span> <span class='ocrx_word' id='word_1_552' title='bbox 1402 3910 1542 3963; x_wconf 86' lang='lat' dir='ltr'><strong>enim</strong></span> <span class='ocrx_word' id='word_1_553' title='bbox 1573 3910 1629 3964; x_wconf 83' lang='lat' dir='ltr'><strong>in</strong></span> <span class='ocrx_word' id='word_1_554' title='bbox 1673 3910 1888 3964; x_wconf 87' lang='lat' dir='ltr'><strong>domum</strong></span> <span class='ocrx_word' id='word_1_555' title='bbox 1916 3926 2034 3982; x_wconf 53' lang='lat' dir='ltr'><strong>pars</strong></span> 
     </span>
    </p>
   </div>
   <div class='ocr_carea' id='block_1_74' title="bbox 2221 3900 3737 3982">
    <p class='ocr_par' dir='ltr' id='par_1_74' title="bbox 2221 3900 3737 3981">
     <span class='ocr_line' id='line_1_74' title="bbox 2221 3900 3737 3981; baseline -0.001 -19"><span class='ocrx_word' id='word_1_556' title='bbox 2221 3910 2337 3980; x_wconf 66' lang='grc' dir='ltr'>ρίων</span> <span class='ocrx_word' id='word_1_557' title='bbox 2370 3907 2636 3981; x_wconf 77' lang='grc' dir='ltr'>ἐμϐληθῇ,</span> <span class='ocrx_word' id='word_1_558' title='bbox 2669 3906 2729 3962; x_wconf 80' lang='grc' dir='ltr'>τὸ</span> <span class='ocrx_word' id='word_1_559' title='bbox 2769 3907 3168 3979; x_wconf 86' lang='grc' dir='ltr'>προενοικῆσαν</span> <span class='ocrx_word' id='word_1_560' title='bbox 3207 3906 3513 3977; x_wconf 81' lang='grc' dir='ltr'>ἀκάθαρτον</span> <span class='ocrx_word' id='word_1_561' title='bbox 3541 3900 3737 3970; x_wconf 72' lang='grc' dir='ltr'>πνεῦμα,</span> 
     </span>
    </p>
   </div>
   <div class='ocr_carea' id='block_1_75' title="bbox 517 3995 2033 4073">
    <p class='ocr_par' dir='ltr' id='par_1_75' title="bbox 517 3997 2033 4072">
     <span class='ocr_line' id='line_1_75' title="bbox 517 3997 2033 4072; baseline 0.006 -25"><span class='ocrx_word' id='word_1_562' title='bbox 517 4003 629 4049; x_wconf 80' lang='lat' dir='ltr'><strong>tam</strong></span> <span class='ocrx_word' id='word_1_563' title='bbox 667 4012 729 4050; x_wconf 84' lang='lat' dir='ltr'><strong>ae</strong></span> <span class='ocrx_word' id='word_1_564' title='bbox 748 4013 966 4051; x_wconf 79' lang='lat' dir='ltr'><strong>vacuam</strong></span> <span class='ocrx_word' id='word_1_565' title='bbox 1003 3997 1047 4064; x_wconf 74' lang='grc' dir='ltr'>τ,</span> <span class='ocrx_word' id='word_1_566' title='bbox 1079 3997 1134 4053; x_wconf 92' lang='lat' dir='ltr'><strong>in</strong></span> <span class='ocrx_word' id='word_1_567' title='bbox 1167 4014 1330 4068; x_wconf 85' lang='lat' dir='ltr'><strong>quam</strong></span> <span class='ocrx_word' id='word_1_568' title='bbox 1371 4013 1558 4054; x_wconf 88' lang='lat' dir='ltr'><strong>eorum</strong></span> <span class='ocrx_word' id='word_1_569' title='bbox 1588 4001 1735 4056; x_wconf 87' lang='lat' dir='ltr'><strong>nulla</strong></span> <span class='ocrx_word' id='word_1_570' title='bbox 1759 4016 1880 4072; x_wconf 62' lang='lat' dir='ltr'><strong>qua:</strong></span> <span class='ocrx_word' id='word_1_571' title='bbox 1921 3999 2033 4056; x_wconf 76' lang='lat' dir='ltr'><strong>ads</strong></span> 
     </span>
    </p>
   </div>
   <div class='ocr_carea' id='block_1_76' title="bbox 2219 3995 3735 4073">
    <p class='ocr_par' dir='ltr' id='par_1_76' title="bbox 2219 3995 3735 4073">
     <span class='ocr_line' id='line_1_76' title="bbox 2219 3995 3735 4073; baseline -0.01 -17"><span class='ocrx_word' id='word_1_572' title='bbox 2219 4000 2738 4073; x_wconf 75' lang='grc' dir='ltr'>ςυμπαραλαμϐάνον</span> <span class='ocrx_word' id='word_1_573' title='bbox 2786 3998 2920 4057; x_wconf 82' lang='grc' dir='ltr'>ἄλλα</span> <span class='ocrx_word' id='word_1_574' title='bbox 2968 3999 3107 4052; x_wconf 80' lang='grc' dir='ltr'><strong>ἐπτά</strong></span> <span class='ocrx_word' id='word_1_575' title='bbox 3148 3998 3436 4070; x_wconf 83' lang='grc' dir='ltr'>ἀκάθαρτα</span> <span class='ocrx_word' id='word_1_576' title='bbox 3469 3995 3735 4065; x_wconf 84' lang='grc' dir='ltr'>πνεύματα.</span> 
     </span>
    </p>
   </div>
   <div class='ocr_carea' id='block_1_77' title="bbox 516 4077 2032 4164">
    <p class='ocr_par' dir='ltr' id='par_1_77' title="bbox 516 4087 2032 4164">
     <span class='ocr_line' id='line_1_77' title="bbox 516 4087 2032 4164; baseline 0.003 -24"><span class='ocrx_word' id='word_1_577' title='bbox 516 4087 684 4143; x_wconf 88' lang='lat' dir='ltr'><strong>lutem</strong></span> <span class='ocrx_word' id='word_1_578' title='bbox 711 4089 1072 4163; x_wconf 38' lang='lat' dir='ltr'><strong>sunt,.injecta</strong></span> <span class='ocrx_word' id='word_1_579' title='bbox 1100 4090 1342 4154; x_wconf 81' lang='lat' dir='ltr'><strong>fuerunt,</strong></span> <span class='ocrx_word' id='word_1_580' title='bbox 1377 4092 1468 4146; x_wconf 89' lang='lat' dir='ltr'><strong>ubi</strong></span> <span class='ocrx_word' id='word_1_581' title='bbox 1492 4092 1646 4163; x_wconf 87' lang='lat' dir='ltr'><strong>prius</strong></span> <span class='ocrx_word' id='word_1_582' title='bbox 1667 4093 1894 4164; x_wconf 89' lang='lat' dir='ltr'><strong>spiritus</strong></span> <span class='ocrx_word' id='word_1_583' title='bbox 1927 4093 2032 4163; x_wconf 84' lang='lat' dir='ltr'><strong>imp</strong></span> 
     </span>
    </p>
   </div>
   <div class='ocr_carea' id='block_1_78' title="bbox 2225 4077 3741 4164">
    <p class='ocr_par' dir='ltr' id='par_1_78' title="bbox 2225 4077 3741 4162">
     <span class='ocr_line' id='line_1_78' title="bbox 2225 4077 3741 4162; baseline -0.005 -14"><span class='ocrx_word' id='word_1_584' title='bbox 2225 4096 2297 4148; x_wconf 72' lang='grc' dir='ltr'><strong>ιιδ</strong></span> <span class='ocrx_word' id='word_1_585' title='bbox 2320 4092 2660 4156; x_wconf 85' lang='grc' dir='ltr'>κενώσαντας</span> <span class='ocrx_word' id='word_1_586' title='bbox 2690 4091 2800 4145; x_wconf 89' lang='grc' dir='ltr'><strong>τῶν</strong></span> <span class='ocrx_word' id='word_1_587' title='bbox 2833 4077 3017 4144; x_wconf 86' lang='grc' dir='ltr'>κακῶν</span> <span class='ocrx_word' id='word_1_588' title='bbox 3048 4090 3128 4144; x_wconf 86' lang='grc' dir='ltr'><strong>δεῖ</strong></span> <span class='ocrx_word' id='word_1_589' title='bbox 3165 4089 3452 4162; x_wconf 90' lang='grc' dir='ltr'>πληρῶσαι</span> <span class='ocrx_word' id='word_1_590' title='bbox 3480 4087 3572 4158; x_wconf 82' lang='grc' dir='ltr'><strong>τὴν</strong></span> <span class='ocrx_word' id='word_1_591' title='bbox 3595 4082 3741 4153; x_wconf 75' lang='grc' dir='ltr'>ψυχὴν</span> 
     </span>
    </p>
   </div>
   <div class='ocr_carea' id='block_1_79' title="bbox 515 4171 2031 4256">
    <p class='ocr_par' dir='ltr' id='par_1_79' title="bbox 515 4177 2031 4255">
     <span class='ocr_line' id='line_1_79' title="bbox 515 4177 2031 4255; baseline 0.005 -25"><span class='ocrx_word' id='word_1_592' title='bbox 515 4192 612 4233; x_wconf 90' lang='lat' dir='ltr'><strong>rus</strong></span> <span class='ocrx_word' id='word_1_593' title='bbox 641 4177 1010 4244; x_wconf 87' lang='lat' dir='ltr'><strong>habitaverat,</strong></span> <span class='ocrx_word' id='word_1_594' title='bbox 1059 4182 1154 4252; x_wconf 92' lang='lat' dir='ltr'><strong>qui</strong></span> <span class='ocrx_word' id='word_1_595' title='bbox 1205 4198 1394 4238; x_wconf 87' lang='lat' dir='ltr'><strong>secum</strong></span> <span class='ocrx_word' id='word_1_596' title='bbox 1451 4185 1588 4240; x_wconf 89' lang='lat' dir='ltr'><strong>alios</strong></span> <span class='ocrx_word' id='word_1_597' title='bbox 1635 4193 1842 4255; x_wconf 89' lang='lat' dir='ltr'><strong>septem</strong></span> <span class='ocrx_word' id='word_1_598' title='bbox 1876 4185 2031 4255; x_wconf 88' lang='lat' dir='ltr'><strong>spirit</strong></span> 
     </span>
    </p>
   </div>
   <div class='ocr_carea' id='block_1_80' title="bbox 2223 4171 3739 4256">
    <p class='ocr_par' dir='ltr' id='par_1_80' title="bbox 2223 4171 3739 4256">
     <span class='ocr_line' id='line_1_80' title="bbox 2223 4171 3739 4256; baseline -0.006 -18"><span class='ocrx_word' id='word_1_599' title='bbox 2223 4186 2302 4241; x_wconf 79' lang='grc' dir='ltr'><strong>τοῦ</strong></span> <span class='ocrx_word' id='word_1_600' title='bbox 2329 4185 2534 4256; x_wconf 73' lang='grc' dir='ltr'>ἀγαθοῦ</span> <span class='ocrx_word' id='word_1_601' title='bbox 2560 4183 2716 4252; x_wconf 77' lang='grc' dir='ltr'>Θεοῦ,</span> <span class='ocrx_word' id='word_1_602' title='bbox 2744 4183 2882 4254; x_wconf 81' lang='grc' dir='ltr'>ὅπερ</span> <span class='ocrx_word' id='word_1_603' title='bbox 2902 4182 3052 4237; x_wconf 73' lang='grc' dir='ltr'>ἐστὶν</span> <span class='ocrx_word' id='word_1_604' title='bbox 3085 4182 3402 4254; x_wconf 82' lang='grc' dir='ltr'>οἰκητήριον</span> <span class='ocrx_word' id='word_1_605' title='bbox 3430 4171 3739 4244; x_wconf 76' lang='grc' dir='ltr'>ἐπιλελεγμέ-</span> 
     </span>
    </p>
   </div>
   <div class='ocr_carea' id='block_1_81' title="bbox 515 4262 2031 4347">
    <p class='ocr_par' dir='ltr' id='par_1_81' title="bbox 515 4269 2031 4343">
     <span class='ocr_line' id='line_1_81' title="bbox 515 4269 2031 4343; baseline 0.005 -20"><span class='ocrx_word' id='word_1_606' title='bbox 515 4269 761 4341; x_wconf 90' lang='lat' dir='ltr'><strong>impuros</strong></span> <span class='ocrx_word' id='word_1_607' title='bbox 791 4275 1037 4330; x_wconf 87' lang='lat' dir='ltr'><strong>assumit.</strong></span> <span class='ocrx_word' id='word_1_608' title='bbox 1075 4279 1257 4342; x_wconf 78' lang='lat' dir='ltr'><strong>Quare</strong></span> <span class='ocrx_word' id='word_1_609' title='bbox 1311 4277 1477 4333; x_wconf 89' lang='lat' dir='ltr'><strong>malis</strong></span> <span class='ocrx_word' id='word_1_610' title='bbox 1519 4278 1827 4343; x_wconf 87' lang='lat' dir='ltr'><strong>evacuatis,</strong></span> <span class='ocrx_word' id='word_1_611' title='bbox 1891 4287 1952 4332; x_wconf 94' lang='lat' dir='ltr'><strong>ut</strong></span> <span class='ocrx_word' id='word_1_612' title='bbox 1993 4277 2031 4331; x_wconf 90' lang='lat' dir='ltr'>D</span> 
     </span>
    </p>
   </div>
   <div class='ocr_carea' id='block_1_82' title="bbox 2226 4262 3742 4347">
    <p class='ocr_par' dir='ltr' id='par_1_82' title="bbox 2226 4262 3742 4347">
     <span class='ocr_line' id='line_1_82' title="bbox 2226 4262 3742 4347; baseline -0.001 -20"><span class='ocrx_word' id='word_1_613' title='bbox 2226 4293 2316 4329; x_wconf 73' lang='grc' dir='ltr'>ιον.</span> <span class='ocrx_word' id='word_1_614' title='bbox 2353 4274 2757 4347; x_wconf 82' lang='grc' dir='ltr'>Πληρωθέντων</span> <span class='ocrx_word' id='word_1_615' title='bbox 2781 4273 2891 4344; x_wconf 78' lang='grc' dir='ltr'>γὰρ</span> <span class='ocrx_word' id='word_1_616' title='bbox 2923 4272 3031 4326; x_wconf 87' lang='grc' dir='ltr'><strong>τῶν</strong></span> <span class='ocrx_word' id='word_1_617' title='bbox 3064 4271 3258 4337; x_wconf 85' lang='grc' dir='ltr'>κενῶν,</span> <span class='ocrx_word' id='word_1_618' title='bbox 3287 4271 3412 4325; x_wconf 81' lang='grc' dir='ltr'>τότε</span> <span class='ocrx_word' id='word_1_619' title='bbox 3453 4271 3490 4338; x_wconf 83' lang='grc' dir='ltr'><strong>ἠ</strong></span> <span class='ocrx_word' id='word_1_620' title='bbox 3521 4262 3742 4337; x_wconf 66' lang='grc' dir='ltr'>σφραγὶς</span> 
     </span>
    </p>
   </div>
   <div class='ocr_carea' id='block_1_83' title="bbox 513 4360 2029 4453">
    <p class='ocr_par' dir='ltr' id='par_1_83' title="bbox 513 4360 2029 4440">
     <span class='ocr_line' id='line_1_83' title="bbox 513 4360 2029 4440; baseline 0.004 -22"><span class='ocrx_word' id='word_1_621' title='bbox 513 4360 661 4418; x_wconf 87' lang='lat' dir='ltr'><strong>bono</strong></span> <span class='ocrx_word' id='word_1_622' title='bbox 689 4363 932 4420; x_wconf 88' lang='lat' dir='ltr'><strong>animum</strong></span> <span class='ocrx_word' id='word_1_623' title='bbox 962 4366 1286 4438; x_wconf 90' lang='lat' dir='ltr'><strong>impleamus</strong></span> <span class='ocrx_word' id='word_1_624' title='bbox 1337 4384 1564 4426; x_wconf 90' lang='lat' dir='ltr'><strong>necesse</strong></span> <span class='ocrx_word' id='word_1_625' title='bbox 1595 4377 1680 4426; x_wconf 91' lang='lat' dir='ltr'><strong>est</strong></span> <span class='ocrx_word' id='word_1_626' title='bbox 1708 4368 1854 4440; x_wconf 92' lang='lat' dir='ltr'><strong>quod</strong></span> <span class='ocrx_word' id='word_1_627' title='bbox 1883 4379 1966 4424; x_wconf 86' lang='lat' dir='ltr'><strong>est</strong></span> <span class='ocrx_word' id='word_1_628' title='bbox 2003 4370 2029 4424; x_wconf 82' lang='grc' dir='ltr'>ι]</span> 
     </span>
    </p>
   </div>
   <div class='ocr_carea' id='block_1_84' title="bbox 2191 4360 3707 4453">
    <p class='ocr_par' dir='ltr' id='par_1_84' title="bbox 2208 4362 3707 4453">
     <span class='ocr_line' id='line_1_84' title="bbox 2208 4362 3707 4453; baseline -0.007 -33"><span class='ocrx_word' id='word_1_629' title='bbox 2208 4367 2562 4422; x_wconf 82' lang='grc' dir='ltr'>ἐπακολουθεῖ</span> <span class='ocrx_word' id='word_1_630' title='bbox 2582 4405 2597 4430; x_wconf 93' lang='grc'><strong>,</strong></span> <span class='ocrx_word' id='word_1_631' title='bbox 2632 4365 2718 4420; x_wconf 74' lang='grc' dir='ltr'><strong>ἵνα</strong></span> <span class='ocrx_word' id='word_1_632' title='bbox 2749 4364 3090 4436; x_wconf 84' lang='grc' dir='ltr'>φυλάσσηται</span> <span class='ocrx_word' id='word_1_633' title='bbox 3116 4363 3197 4436; x_wconf 83' lang='grc' dir='ltr'>τῷ</span> <span class='ocrx_word' id='word_1_634' title='bbox 3228 4362 3347 4435; x_wconf 84' lang='grc' dir='ltr'>Θεῷ</span> <span class='ocrx_word' id='word_1_635' title='bbox 3378 4363 3440 4417; x_wconf 79' lang='grc' dir='ltr'><strong>τὸ</strong></span> <span class='ocrx_word' id='word_1_636' title='bbox 3469 4363 3624 4430; x_wconf 78' lang='grc' dir='ltr'>ἆγιον.</span> <span class='ocrx_word' id='word_1_637' title='bbox 3699 4444 3707 4453; x_wconf 43' lang='grc' dir='ltr'><strong>Ι</strong></span> 
     </span>
    </p>
   </div>
   <div class='ocr_carea' id='block_1_85' title="bbox 515 4443 3743 4536">
    <p class='ocr_par' dir='ltr' id='par_1_85' title="bbox 515 4443 3743 4536">
     <span class='ocr_line' id='line_1_85' title="bbox 515 4443 3743 4536; baseline 0 -29"><span class='ocrx_word' id='word_1_638' title='bbox 515 4455 775 4536; x_wconf 82' lang='lat' dir='ltr'><strong>micilium</strong></span> <span class='ocrx_word' id='word_1_639' title='bbox 815 4460 1069 4516; x_wconf 86' lang='lat' dir='ltr'><strong>electum.</strong></span> <span class='ocrx_word' id='word_1_640' title='bbox 1099 4461 1340 4532; x_wconf 89' lang='lat' dir='ltr'><strong>lmpletis</strong></span> <span class='ocrx_word' id='word_1_641' title='bbox 1368 4466 1516 4520; x_wconf 90' lang='lat' dir='ltr'><strong>enim</strong></span> <span class='ocrx_word' id='word_1_642' title='bbox 1537 4480 1660 4536; x_wconf 71' lang='lat' dir='ltr'><strong>qua:</strong></span> <span class='ocrx_word' id='word_1_643' title='bbox 1690 4465 1843 4536; x_wconf 89' lang='lat' dir='ltr'><strong>prius</strong></span> <span class='ocrx_word' id='word_1_644' title='bbox 1908 4464 2132 4519; x_wconf 78' lang='lat' dir='ltr'><strong>fuerunt</strong></span> <span class='ocrx_word' id='word_1_645' title='bbox 2165 4477 2360 4526; x_wconf 83' lang='lat' dir='ltr'><strong>vacua,</strong></span> <span class='ocrx_word' id='word_1_646' title='bbox 2390 4469 2520 4517; x_wconf 91' lang='lat' dir='ltr'><strong>tunc</strong></span> <span class='ocrx_word' id='word_1_647' title='bbox 2551 4459 2790 4531; x_wconf 79' lang='lat' dir='ltr'><strong>sigillum</strong></span> <span class='ocrx_word' id='word_1_648' title='bbox 2820 4458 3198 4528; x_wconf 87' lang='lat' dir='ltr'><strong>consequitur,</strong></span> <span class='ocrx_word' id='word_1_649' title='bbox 3231 4465 3291 4511; x_wconf 94' lang='lat' dir='ltr'><strong>ut</strong></span> <span class='ocrx_word' id='word_1_650' title='bbox 3327 4454 3648 4513; x_wconf 84' lang='lat' dir='ltr'><strong>custodiatur</strong></span> <span class='ocrx_word' id='word_1_651' title='bbox 3699 4443 3743 4496; x_wconf 77' lang='lat' dir='ltr'><strong>id</strong></span> 
     </span>
    </p>
   </div>
   <div class='ocr_carea' id='block_1_86' title="bbox 513 4547 1230 4617">
    <p class='ocr_par' dir='ltr' id='par_1_86' title="bbox 513 4547 1230 4617">
     <span class='ocr_line' id='line_1_86' title="bbox 513 4547 1230 4617; baseline 0.017 -19"><span class='ocrx_word' id='word_1_652' title='bbox 513 4547 659 4617; x_wconf 84' lang='lat' dir='ltr'><strong>quod</strong></span> <span class='ocrx_word' id='word_1_653' title='bbox 694 4547 802 4605; x_wconf 85' lang='lat' dir='ltr'><strong>Deo</strong></span> <span class='ocrx_word' id='word_1_654' title='bbox 842 4561 1094 4608; x_wconf 90' lang='lat' dir='ltr'><strong>sanetum</strong></span> <span class='ocrx_word' id='word_1_655' title='bbox 1125 4563 1230 4610; x_wconf 91' lang='lat' dir='ltr'><strong>est.</strong></span> 
     </span>
    </p>
   </div>
   <div class='ocr_carea' id='block_1_87' title="bbox 549 4629 2065 4714">
    <p class='ocr_par' dir='ltr' id='par_1_87' title="bbox 549 4635 2065 4714">
     <span class='ocr_line' id='line_1_87' title="bbox 549 4635 2065 4714; baseline 0.007 -24"><span class='ocrx_word' id='word_1_656' title='bbox 549 4635 721 4692; x_wconf 66' lang='lat' dir='ltr'><strong>“XIII.</strong></span> <span class='ocrx_word' id='word_1_657' title='bbox 756 4639 922 4695; x_wconf 82' lang='lat' dir='ltr'><strong>Omne</strong></span> <span class='ocrx_word' id='word_1_658' title='bbox 956 4643 1167 4697; x_wconf 84' lang='lat' dir='ltr'><strong>verbum</strong></span> <span class='ocrx_word' id='word_1_659' title='bbox 1205 4647 1453 4714; x_wconf 76' lang='lat' dir='ltr'><strong>firmatur</strong></span> <span class='ocrx_word' id='word_1_660' title='bbox 1497 4648 1552 4701; x_wconf 80' lang='grc' dir='ltr'><strong>ίιι</strong></span> <span class='ocrx_word' id='word_1_661' title='bbox 1573 4646 1784 4702; x_wconf 78' lang='lat' dir='ltr'><strong>duobus</strong></span> <span class='ocrx_word' id='word_1_662' title='bbox 1808 4648 1885 4702; x_wconf 83' lang='lat' dir='ltr'><strong>vel</strong></span> <span class='ocrx_word' id='word_1_663' title='bbox 1929 4647 2065 4701; x_wconf 84' lang='lat' dir='ltr'><strong>tribu</strong></span> 
     </span>
    </p>
   </div>
   <div class='ocr_carea' id='block_1_88' title="bbox 2224 4629 3740 4714">
    <p class='ocr_par' dir='ltr' id='par_1_88' title="bbox 2273 4629 3740 4706">
     <span class='ocr_line' id='line_1_88' title="bbox 2273 4629 3740 4706; baseline -0.006 -14"><span class='ocrx_word' id='word_1_664' title='bbox 2273 4640 2369 4692; x_wconf 63' lang='lat' dir='ltr'><strong>ll&#39;”.</strong></span> <span class='ocrx_word' id='word_1_665' title='bbox 2409 4636 2538 4692; x_wconf 78' lang='grc' dir='ltr'><em>Πᾶν</em></span> <span class='ocrx_word' id='word_1_666' title='bbox 2562 4637 2728 4706; x_wconf 73' lang='grc' dir='ltr'>ῥῆμα</span> <span class='ocrx_word' id='word_1_667' title='bbox 2762 4636 2997 4689; x_wconf 77' lang='grc' dir='ltr'>ἵσταται</span> <span class='ocrx_word' id='word_1_668' title='bbox 3019 4633 3118 4687; x_wconf 76' lang='grc' dir='ltr'><strong>ἐπὶ</strong></span> <span class='ocrx_word' id='word_1_669' title='bbox 3153 4632 3263 4687; x_wconf 82' lang='grc' dir='ltr'>δύο</span> <span class='ocrx_word' id='word_1_670' title='bbox 3298 4631 3396 4704; x_wconf 68' lang='grc' dir='ltr'>καὶ</span> <span class='ocrx_word' id='word_1_671' title='bbox 3425 4629 3588 4701; x_wconf 79' lang='grc' dir='ltr'>τριῶν</span> <span class='ocrx_word' id='word_1_672' title='bbox 3617 4646 3740 4700; x_wconf 62' lang='grc' dir='ltr'>μαρ-</span> 
     </span>
    </p>
   </div>
   <div class='ocr_carea' id='block_1_89' title="bbox 512 4721 2028 4808">
    <p class='ocr_par' dir='ltr' id='par_1_89' title="bbox 512 4725 2028 4808">
     <span class='ocr_line' id='line_1_89' title="bbox 512 4725 2028 4808; baseline 0.007 -28"><span class='ocrx_word' id='word_1_673' title='bbox 512 4725 730 4783; x_wconf 76' lang='lat' dir='ltr'><strong>testibus</strong></span> <span class='ocrx_word' id='word_1_674' title='bbox 763 4731 822 4785; x_wconf 66' lang='lat' dir='ltr'><strong>l5:</strong></span> <span class='ocrx_word' id='word_1_675' title='bbox 863 4729 969 4786; x_wconf 90' lang='lat' dir='ltr'><strong>hoc</strong></span> <span class='ocrx_word' id='word_1_676' title='bbox 1010 4741 1116 4795; x_wconf 87' lang='lat' dir='ltr'><strong>est.</strong></span> <span class='ocrx_word' id='word_1_677' title='bbox 1162 4733 1217 4787; x_wconf 89' lang='lat' dir='ltr'><strong>in</strong></span> <span class='ocrx_word' id='word_1_678' title='bbox 1256 4733 1437 4799; x_wconf 88' lang='lat' dir='ltr'><strong>Patre,</strong></span> <span class='ocrx_word' id='word_1_679' title='bbox 1477 4737 1532 4790; x_wconf 93' lang='lat' dir='ltr'><strong>in</strong></span> <span class='ocrx_word' id='word_1_680' title='bbox 1566 4734 1724 4803; x_wconf 88' lang='lat' dir='ltr'><strong>Filio,</strong></span> <span class='ocrx_word' id='word_1_681' title='bbox 1767 4751 1831 4791; x_wconf 88' lang='lat' dir='ltr'><strong>ae</strong></span> <span class='ocrx_word' id='word_1_682' title='bbox 1886 4734 2028 4808; x_wconf 87' lang='lat' dir='ltr'><strong>Spiri</strong></span> 
     </span>
    </p>
   </div>
   <div class='ocr_carea' id='block_1_90' title="bbox 2225 4721 3741 4808">
    <p class='ocr_par' dir='ltr' id='par_1_90' title="bbox 2225 4721 3741 4800">
     <span class='ocr_line' id='line_1_90' title="bbox 2225 4721 3741 4800; baseline -0.011 -13"><span class='ocrx_word' id='word_1_683' title='bbox 2225 4733 2418 4800; x_wconf 73' lang='grc' dir='ltr'>ι’ὑρων·</span> <span class='ocrx_word' id='word_1_684' title='bbox 2457 4729 2549 4782; x_wconf 68' lang='grc' dir='ltr'><strong>ἐπὶ</strong></span> <span class='ocrx_word' id='word_1_685' title='bbox 2581 4728 2790 4800; x_wconf 85' lang='grc' dir='ltr'>Πατρὸς</span> <span class='ocrx_word' id='word_1_686' title='bbox 2824 4727 2918 4779; x_wconf 76' lang='grc' dir='ltr'><strong>καὶ</strong></span> <span class='ocrx_word' id='word_1_687' title='bbox 2953 4724 3081 4778; x_wconf 83' lang='grc' dir='ltr'>Υίοῢ</span> <span class='ocrx_word' id='word_1_688' title='bbox 3116 4726 3210 4779; x_wconf 72' lang='grc' dir='ltr'><strong>καὶ</strong></span> <span class='ocrx_word' id='word_1_689' title='bbox 3249 4724 3408 4792; x_wconf 83' lang='grc' dir='ltr'>ἁγίου</span> <span class='ocrx_word' id='word_1_690' title='bbox 3447 4721 3741 4792; x_wconf 75' lang='grc' dir='ltr'>Πνεύματος,</span> 
     </span>
    </p>
   </div>
   <div class='ocr_carea' id='block_1_91' title="bbox 409 4813 1925 4900">
    <p class='ocr_par' dir='ltr' id='par_1_91' title="bbox 409 4823 1923 4900">
     <span class='ocr_line' id='line_1_91' title="bbox 409 4823 1923 4900; baseline 0.011 -31"><span class='ocrx_word' id='word_1_691' title='bbox 409 4840 414 4845; x_wconf 90' lang='grc'><strong>-</strong></span> <span class='ocrx_word' id='word_1_692' title='bbox 509 4825 739 4888; x_wconf 84' lang='lat' dir='ltr'><strong>sancto;</strong></span> <span class='ocrx_word' id='word_1_693' title='bbox 770 4823 968 4893; x_wconf 88' lang='lat' dir='ltr'><strong>quibus</strong></span> <span class='ocrx_word' id='word_1_694' title='bbox 989 4826 1222 4882; x_wconf 91' lang='lat' dir='ltr'><strong>testibus</strong></span> <span class='ocrx_word' id='word_1_695' title='bbox 1249 4835 1305 4882; x_wconf 91' lang='lat' dir='ltr'><strong>et</strong></span> <span class='ocrx_word' id='word_1_696' title='bbox 1337 4826 1702 4898; x_wconf 70' lang='lat' dir='ltr'><strong>adiutoribus,</strong></span> <span class='ocrx_word' id='word_1_697' title='bbox 1727 4845 1846 4900; x_wconf 75' lang='lat' dir='ltr'><strong>qua:</strong></span> <span class='ocrx_word' id='word_1_698' title='bbox 1871 4845 1923 4884; x_wconf 92' lang='lat' dir='ltr'><strong>m</strong></span> 
     </span>
    </p>
   </div>
   <div class='ocr_carea' id='block_1_92' title="bbox 2225 4813 3741 4900">
    <p class='ocr_par' dir='ltr' id='par_1_92' title="bbox 2225 4813 3741 4894">
     <span class='ocr_line' id='line_1_92' title="bbox 2225 4813 3741 4894; baseline -0.011 -17"><span class='ocrx_word' id='word_1_699' title='bbox 2225 4826 2296 4894; x_wconf 66' lang='grc' dir='ltr'>ἐφ’</span> <span class='ocrx_word' id='word_1_700' title='bbox 2328 4820 2404 4876; x_wconf 83' lang='grc' dir='ltr'><strong>ὧν</strong></span> <span class='ocrx_word' id='word_1_701' title='bbox 2441 4821 2730 4893; x_wconf 80' lang='grc' dir='ltr'>μαρτύρων</span> <span class='ocrx_word' id='word_1_702' title='bbox 2782 4819 2874 4872; x_wconf 74' lang='grc' dir='ltr'><strong>καὶ</strong></span> <span class='ocrx_word' id='word_1_703' title='bbox 2923 4816 3133 4889; x_wconf 81' lang='grc' dir='ltr'>βοηθῶν</span> <span class='ocrx_word' id='word_1_704' title='bbox 3166 4815 3223 4869; x_wconf 83' lang='grc' dir='ltr'><strong>αἱ</strong></span> <span class='ocrx_word' id='word_1_705' title='bbox 3256 4814 3468 4869; x_wconf 75' lang='grc' dir='ltr'>ἐντολαὶ</span> <span class='ocrx_word' id='word_1_706' title='bbox 3493 4813 3741 4884; x_wconf 79' lang='grc' dir='ltr'>λεγόμεναι</span> 
     </span>
    </p>
   </div>
   <div class='ocr_carea' id='block_1_93' title="bbox 512 4910 2028 4986">
    <p class='ocr_par' dir='ltr' id='par_1_93' title="bbox 512 4917 1465 4979">
     <span class='ocr_line' id='line_1_93' title="bbox 512 4917 1465 4979; baseline 0.014 -16"><span class='ocrx_word' id='word_1_707' title='bbox 512 4921 567 4965; x_wconf 68' lang='grc' dir='ltr'><strong>ιιι</strong></span> <span class='ocrx_word' id='word_1_708' title='bbox 603 4922 890 4979; x_wconf 87' lang='lat' dir='ltr'><strong>vocantur,</strong></span> <span class='ocrx_word' id='word_1_709' title='bbox 923 4917 1210 4973; x_wconf 87' lang='lat' dir='ltr'><strong>observari</strong></span> <span class='ocrx_word' id='word_1_710' title='bbox 1242 4919 1465 4976; x_wconf 87' lang='lat' dir='ltr'><strong>debent.</strong></span> 
     </span>
    </p>
   </div>
   <div class='ocr_carea' id='block_1_94' title="bbox 1417 4910 2933 4986">
    <p class='ocr_par' dir='ltr' id='par_1_94' title="bbox 1417 4910 2933 4986">
     <span class='ocr_line' id='line_1_94' title="bbox 1417 4910 2933 4986; baseline -0.007 -13"><span class='ocrx_word' id='word_1_711' title='bbox 1417 4930 1465 4976; x_wconf 12' lang='lat' dir='ltr'><strong>tt.</strong></span> <span class='ocrx_word' id='word_1_712' title='bbox 2209 4913 2577 4986; x_wconf 87' lang='grc' dir='ltr'>φυλάσσεσθαι</span> <span class='ocrx_word' id='word_1_713' title='bbox 2609 4910 2933 4981; x_wconf 84' lang='grc' dir='ltr'>ὀφείλουσιν.</span> 
     </span>
    </p>
   </div>
   <div class='ocr_carea' id='block_1_95' title="bbox 581 4990 2097 5086">
    <p class='ocr_par' dir='ltr' id='par_1_95' title="bbox 581 5004 2094 5086">
     <span class='ocr_line' id='line_1_95' title="bbox 581 5004 2094 5086; baseline 0.006 -27"><span class='ocrx_word' id='word_1_714' title='bbox 581 5004 722 5062; x_wconf 79' lang='lat' dir='ltr'><strong>XIV.</strong></span> <span class='ocrx_word' id='word_1_715' title='bbox 756 5006 1058 5078; x_wconf 85' lang='lat' dir='ltr'><strong>Jejunium,</strong></span> <span class='ocrx_word' id='word_1_716' title='bbox 1085 5019 1171 5066; x_wconf 92' lang='lat' dir='ltr'><strong>est</strong></span> <span class='ocrx_word' id='word_1_717' title='bbox 1202 5028 1230 5065; x_wconf 91' lang='lat' dir='ltr'><strong>a</strong></span> <span class='ocrx_word' id='word_1_718' title='bbox 1262 5013 1385 5068; x_wconf 87' lang='lat' dir='ltr'><strong>cibo</strong></span> <span class='ocrx_word' id='word_1_719' title='bbox 1421 5015 1772 5079; x_wconf 90' lang='lat' dir='ltr'><strong>abstinentia,</strong></span> <span class='ocrx_word' id='word_1_720' title='bbox 1808 5024 1970 5086; x_wconf 90' lang='lat' dir='ltr'><strong>prout</strong></span> <span class='ocrx_word' id='word_1_721' title='bbox 2025 5030 2094 5070; x_wconf 91' lang='lat' dir='ltr'><strong>ex</strong></span> 
     </span>
    </p>
   </div>
   <div class='ocr_carea' id='block_1_96' title="bbox 2226 4990 3742 5086">
    <p class='ocr_par' dir='ltr' id='par_1_96' title="bbox 2275 4990 3742 5086">
     <span class='ocr_line' id='line_1_96' title="bbox 2275 4990 3742 5086; baseline -0.009 -27"><span class='ocrx_word' id='word_1_722' title='bbox 2275 5008 2371 5060; x_wconf 74' lang='lat' dir='ltr'><strong>lA&#39;.</strong></span> <span class='ocrx_word' id='word_1_723' title='bbox 2412 5006 2477 5058; x_wconf 85' lang='grc' dir='ltr'><strong>Ἦ</strong></span> <span class='ocrx_word' id='word_1_724' title='bbox 2507 5002 2728 5076; x_wconf 82' lang='grc' dir='ltr'>νηστεία</span> <span class='ocrx_word' id='word_1_725' title='bbox 2775 5003 2886 5075; x_wconf 76' lang='grc'><strong>(35)</strong></span> <span class='ocrx_word' id='word_1_726' title='bbox 2936 5001 3115 5072; x_wconf 77' lang='grc' dir='ltr'>ἀποχὴ</span> <span class='ocrx_word' id='word_1_727' title='bbox 3155 5000 3362 5072; x_wconf 77' lang='grc' dir='ltr'>τροφῆς</span> <span class='ocrx_word' id='word_1_728' title='bbox 3396 5003 3508 5054; x_wconf 80' lang='grc' dir='ltr'>ἐστι</span> <span class='ocrx_word' id='word_1_729' title='bbox 3539 4993 3662 5052; x_wconf 77' lang='grc' dir='ltr'>κατὰ</span> <span class='ocrx_word' id='word_1_730' title='bbox 3693 4990 3742 5086; x_wconf 55' lang='grc' dir='ltr'>τί)</span> 
     </span>
    </p>
   </div>
   <div class='ocr_carea' id='block_1_97' title="bbox 509 5083 2025 5175">
    <p class='ocr_par' dir='ltr' id='par_1_97' title="bbox 509 5083 2025 5175">
     <span class='ocr_line' id='line_1_97' title="bbox 509 5083 2025 5175; baseline 0.007 -29"><span class='ocrx_word' id='word_1_731' title='bbox 509 5093 626 5163; x_wconf 92' lang='lat' dir='ltr'><strong>ipsa</strong></span> <span class='ocrx_word' id='word_1_732' title='bbox 657 5112 787 5152; x_wconf 87' lang='lat' dir='ltr'><strong>voce</strong></span> <span class='ocrx_word' id='word_1_733' title='bbox 825 5106 1063 5154; x_wconf 86' lang='lat' dir='ltr'><strong>constat.</strong></span> <span class='ocrx_word' id='word_1_734' title='bbox 1095 5102 1165 5154; x_wconf 89' lang='lat' dir='ltr'><strong>At</strong></span> <span class='ocrx_word' id='word_1_735' title='bbox 1206 5102 1364 5157; x_wconf 88' lang='lat' dir='ltr'><strong>cibus</strong></span> <span class='ocrx_word' id='word_1_736' title='bbox 1411 5119 1510 5157; x_wconf 89' lang='lat' dir='ltr'><strong>nos</strong></span> <span class='ocrx_word' id='word_1_737' title='bbox 1540 5121 1647 5159; x_wconf 88' lang='lat' dir='ltr'><strong>non</strong></span> <span class='ocrx_word' id='word_1_738' title='bbox 1686 5083 1860 5175; x_wconf 78' lang='lat' dir='ltr'><strong>magis</strong></span> <span class='ocrx_word' id='word_1_739' title='bbox 1911 5104 2025 5174; x_wconf 90' lang='lat' dir='ltr'><strong>just</strong></span> 
     </span>
    </p>
   </div>
   <div class='ocr_carea' id='block_1_98' title="bbox 2222 5083 3738 5175">
    <p class='ocr_par' dir='ltr' id='par_1_98' title="bbox 2222 5083 3738 5169">
     <span class='ocr_line' id='line_1_98' title="bbox 2222 5083 3738 5169; baseline 0.002 -20"><span class='ocrx_word' id='word_1_740' title='bbox 2222 5098 2620 5169; x_wconf 72' lang='grc' dir='ltr'>πημαινόμενον.</span> <span class='ocrx_word' id='word_1_741' title='bbox 2664 5094 2851 5166; x_wconf 84' lang='grc' dir='ltr'>Τροφὴ</span> <span class='ocrx_word' id='word_1_742' title='bbox 2890 5093 2946 5148; x_wconf 86' lang='grc' dir='ltr'>δὲ</span> <span class='ocrx_word' id='word_1_743' title='bbox 2983 5093 3135 5146; x_wconf 73' lang='grc' dir='ltr'>οὐδὲν</span> <span class='ocrx_word' id='word_1_744' title='bbox 3167 5090 3533 5165; x_wconf 82' lang='grc' dir='ltr'>δικαιοτέρους</span> <span class='ocrx_word' id='word_1_745' title='bbox 3560 5083 3738 5159; x_wconf 69' lang='grc' dir='ltr'>ἡμεῖςῆ</span> 
     </span>
    </p>
   </div>
   <div class='ocr_carea' id='block_1_99' title="bbox 507 5177 2023 5266">
    <p class='ocr_par' dir='ltr' id='par_1_99' title="bbox 507 5185 2023 5266">
     <span class='ocr_line' id='line_1_99' title="bbox 507 5185 2023 5266; baseline 0.004 -26"><span class='ocrx_word' id='word_1_746' title='bbox 507 5185 594 5242; x_wconf 87' lang='lat' dir='ltr'><strong>vel</strong></span> <span class='ocrx_word' id='word_1_747' title='bbox 632 5186 867 5258; x_wconf 91' lang='lat' dir='ltr'><strong>injustos</strong></span> <span class='ocrx_word' id='word_1_748' title='bbox 893 5189 1091 5246; x_wconf 90' lang='lat' dir='ltr'><strong>reddit.</strong></span> <span class='ocrx_word' id='word_1_749' title='bbox 1122 5192 1434 5248; x_wconf 87' lang='lat' dir='ltr'><strong>Secundum</strong></span> <span class='ocrx_word' id='word_1_750' title='bbox 1466 5211 1595 5250; x_wconf 91' lang='lat' dir='ltr'><strong>vero</strong></span> <span class='ocrx_word' id='word_1_751' title='bbox 1627 5211 1850 5251; x_wconf 89' lang='lat' dir='ltr'><strong>sensum</strong></span> <span class='ocrx_word' id='word_1_752' title='bbox 1897 5205 2023 5266; x_wconf 76' lang='lat' dir='ltr'><strong>mySI</strong></span> 
     </span>
    </p>
   </div>
   <div class='ocr_carea' id='block_1_100' title="bbox 2225 5177 3741 5266">
    <p class='ocr_par' dir='ltr' id='par_1_100' title="bbox 2225 5177 3741 5261">
     <span class='ocr_line' id='line_1_100' title="bbox 2225 5177 3741 5261; baseline -0.006 -19"><span class='ocrx_word' id='word_1_753' title='bbox 2225 5189 2555 5261; x_wconf 67' lang='grc' dir='ltr'>ιδικωτέρους</span> <span class='ocrx_word' id='word_1_754' title='bbox 2588 5185 2999 5260; x_wconf 77' lang='grc' dir='ltr'>ἀπειργάζεται·</span> <span class='ocrx_word' id='word_1_755' title='bbox 3027 5184 3166 5239; x_wconf 82' lang='grc' dir='ltr'>κατὰ</span> <span class='ocrx_word' id='word_1_756' title='bbox 3203 5185 3261 5238; x_wconf 78' lang='grc' dir='ltr'>δὲ</span> <span class='ocrx_word' id='word_1_757' title='bbox 3300 5185 3363 5238; x_wconf 77' lang='grc' dir='ltr'><strong>τὸ</strong></span> <span class='ocrx_word' id='word_1_758' title='bbox 3402 5181 3644 5256; x_wconf 78' lang='grc' dir='ltr'>μυστικὸν</span> <span class='ocrx_word' id='word_1_759' title='bbox 3665 5177 3741 5246; x_wconf 80' lang='grc' dir='ltr'>δη-</span> 
     </span>
    </p>
   </div>
   <div class='ocr_carea' id='block_1_101' title="bbox 509 5268 2025 5372">
    <p class='ocr_par' dir='ltr' id='par_1_101' title="bbox 509 5279 2025 5357">
     <span class='ocr_line' id='line_1_101' title="bbox 509 5279 2025 5357; baseline 0.004 -28"><span class='ocrx_word' id='word_1_760' title='bbox 509 5290 657 5342; x_wconf 90' lang='lat' dir='ltr'><strong>cum,</strong></span> <span class='ocrx_word' id='word_1_761' title='bbox 696 5279 904 5348; x_wconf 90' lang='lat' dir='ltr'><strong>liquido</strong></span> <span class='ocrx_word' id='word_1_762' title='bbox 931 5290 1169 5346; x_wconf 89' lang='lat' dir='ltr'><strong>constat,</strong></span> <span class='ocrx_word' id='word_1_763' title='bbox 1215 5284 1362 5354; x_wconf 92' lang='lat' dir='ltr'><strong>quod</strong></span> <span class='ocrx_word' id='word_1_764' title='bbox 1406 5286 1555 5342; x_wconf 89' lang='lat' dir='ltr'><strong>velut</strong></span> <span class='ocrx_word' id='word_1_765' title='bbox 1597 5286 1829 5357; x_wconf 82' lang='lat' dir='ltr'><strong>singulis</strong></span> <span class='ocrx_word' id='word_1_766' title='bbox 1856 5287 1967 5340; x_wconf 90' lang='lat' dir='ltr'><strong>vita</strong></span> <span class='ocrx_word' id='word_1_767' title='bbox 2018 5306 2025 5335; x_wconf 82' lang='grc' dir='ltr'><strong>ι</strong></span> 
     </span>
    </p>
   </div>
   <div class='ocr_carea' id='block_1_102' title="bbox 2223 5268 3739 5372">
    <p class='ocr_par' dir='ltr' id='par_1_102' title="bbox 2223 5268 3739 5372">
     <span class='ocr_line' id='line_1_102' title="bbox 2223 5268 3739 5372; baseline 0.001 -38"><span class='ocrx_word' id='word_1_768' title='bbox 2223 5285 2276 5335; x_wconf 87' lang='grc' dir='ltr'><strong>οῖ</strong></span> <span class='ocrx_word' id='word_1_769' title='bbox 2328 5283 2432 5346; x_wconf 82' lang='grc' dir='ltr'>ὅτι,</span> <span class='ocrx_word' id='word_1_770' title='bbox 2467 5281 2657 5352; x_wconf 86' lang='grc' dir='ltr'>ῶσπερ</span> <span class='ocrx_word' id='word_1_771' title='bbox 2693 5283 2806 5344; x_wconf 87' lang='grc' dir='ltr'>τοῖς</span> <span class='ocrx_word' id='word_1_772' title='bbox 2835 5279 2959 5333; x_wconf 79' lang='grc' dir='ltr'>καθ’</span> <span class='ocrx_word' id='word_1_773' title='bbox 3016 5279 3113 5332; x_wconf 74' lang='grc' dir='ltr'>ἕνα</span> <span class='ocrx_word' id='word_1_774' title='bbox 3155 5279 3221 5332; x_wconf 78' lang='grc' dir='ltr'>ἐκ</span> <span class='ocrx_word' id='word_1_775' title='bbox 3256 5278 3466 5350; x_wconf 85' lang='grc' dir='ltr'>τροφῆς</span> <span class='ocrx_word' id='word_1_776' title='bbox 3498 5279 3530 5348; x_wconf 83' lang='grc' dir='ltr'>ἡ</span> <span class='ocrx_word' id='word_1_777' title='bbox 3567 5268 3739 5372; x_wconf 34' lang='lat' dir='ltr'><strong>Carna]</strong></span> 
     </span>
    </p>
   </div>
   <div class='ocr_carea' id='block_1_103' title="bbox 511 5368 2027 5447">
    <p class='ocr_par' dir='ltr' id='par_1_103' title="bbox 511 5368 2022 5440">
     <span class='ocr_line' id='line_1_103' title="bbox 511 5368 2022 5440; baseline 0.005 -16"><span class='ocrx_word' id='word_1_778' title='bbox 511 5368 636 5424; x_wconf 88' lang='lat' dir='ltr'><strong>cibo</strong></span> <span class='ocrx_word' id='word_1_779' title='bbox 668 5378 772 5437; x_wconf 88' lang='lat' dir='ltr'><strong>est,</strong></span> <span class='ocrx_word' id='word_1_780' title='bbox 815 5378 870 5426; x_wconf 91' lang='lat' dir='ltr'><strong>et</strong></span> <span class='ocrx_word' id='word_1_781' title='bbox 902 5388 1011 5428; x_wconf 92' lang='lat' dir='ltr'><strong>non</strong></span> <span class='ocrx_word' id='word_1_782' title='bbox 1063 5375 1265 5430; x_wconf 87' lang='lat' dir='ltr'><strong>nutriri</strong></span> <span class='ocrx_word' id='word_1_783' title='bbox 1306 5377 1502 5433; x_wconf 88' lang='lat' dir='ltr'><strong>mortis</strong></span> <span class='ocrx_word' id='word_1_784' title='bbox 1533 5376 1817 5440; x_wconf 89' lang='lat' dir='ltr'><strong>indicium,</strong></span> <span class='ocrx_word' id='word_1_785' title='bbox 1861 5377 1943 5431; x_wconf 92' lang='lat' dir='ltr'><strong>sic</strong></span> <span class='ocrx_word' id='word_1_786' title='bbox 1988 5393 2022 5431; x_wconf 81' lang='grc' dir='ltr'><strong>ιι</strong></span> 
     </span>
    </p>
   </div>
   <div class='ocr_carea' id='block_1_104' title="bbox 2222 5368 3738 5447">
    <p class='ocr_par' dir='ltr' id='par_1_104' title="bbox 2222 5368 3738 5447">
     <span class='ocr_line' id='line_1_104' title="bbox 2222 5368 3738 5447; baseline 0.001 -19"><span class='ocrx_word' id='word_1_787' title='bbox 2222 5377 2238 5420; x_wconf 79' lang='grc' dir='ltr'>ι’</span> <span class='ocrx_word' id='word_1_788' title='bbox 2281 5374 2514 5447; x_wconf 83' lang='grc' dir='ltr'>ἀτροφία</span> <span class='ocrx_word' id='word_1_789' title='bbox 2547 5373 2776 5428; x_wconf 86' lang='grc' dir='ltr'>θανάτου</span> <span class='ocrx_word' id='word_1_790' title='bbox 2814 5371 3100 5443; x_wconf 75' lang='grc' dir='ltr'>σύμϐολονο</span> <span class='ocrx_word' id='word_1_791' title='bbox 3143 5369 3318 5437; x_wconf 74' lang='grc' dir='ltr'>οὕτως</span> <span class='ocrx_word' id='word_1_792' title='bbox 3347 5369 3441 5425; x_wconf 72' lang='grc' dir='ltr'><strong>καὶ</strong></span> <span class='ocrx_word' id='word_1_793' title='bbox 3465 5369 3599 5441; x_wconf 65' lang='grc' dir='ltr'><strong>ἡμᾶς</strong></span> <span class='ocrx_word' id='word_1_794' title='bbox 3649 5368 3738 5415; x_wconf 73' lang='grc' dir='ltr'><strong>τῶν</strong></span> 
     </span>
    </p>
   </div>
   <div class='ocr_carea' id='block_1_105' title="bbox 589 5514 3736 5591">
    <p class='ocr_par' dir='ltr' id='par_1_105' title="bbox 589 5514 3736 5591">
     <span class='ocr_line' id='line_1_105' title="bbox 589 5514 3736 5591; baseline -0.004 -3"><span class='ocrx_word' id='word_1_795' title='bbox 589 5523 724 5588; x_wconf 63' lang='lat'><strong>&gt;149.</strong></span> <span class='ocrx_word' id='word_1_796' title='bbox 766 5526 873 5583; x_wconf 76' lang='lat'><strong>982</strong></span> <span class='ocrx_word' id='word_1_797' title='bbox 909 5527 1017 5582; x_wconf 85' lang='grc' dir='ltr'><strong>ΕΙ).</strong></span> <span class='ocrx_word' id='word_1_798' title='bbox 1055 5528 1351 5585; x_wconf 81' lang='lat' dir='ltr'><strong>POTTER.</strong></span> <span class='ocrx_word' id='word_1_799' title='bbox 1452 5544 1478 5573; x_wconf 75' lang='grc' dir='ltr'>ι</span> <span class='ocrx_word' id='word_1_800' title='bbox 1515 5531 1620 5585; x_wconf 85' lang='lat' dir='ltr'><strong>lsa.</strong></span> <span class='ocrx_word' id='word_1_801' title='bbox 1659 5546 1748 5585; x_wconf 67' lang='grc' dir='ltr'>χι..</span> <span class='ocrx_word' id='word_1_802' title='bbox 1779 5530 1833 5584; x_wconf 87' lang='lat'><strong>6.</strong></span> <span class='ocrx_word' id='word_1_803' title='bbox 1939 5531 1967 5570; x_wconf 73' lang='grc' dir='ltr'><strong>δ</strong></span> <span class='ocrx_word' id='word_1_804' title='bbox 2008 5528 2048 5582; x_wconf 84' lang='lat' dir='ltr'><strong>ll</strong></span> <span class='ocrx_word' id='word_1_805' title='bbox 2079 5530 2208 5584; x_wconf 81' lang='lat' dir='ltr'><strong>Cor.</strong></span> <span class='ocrx_word' id='word_1_806' title='bbox 2239 5545 2310 5591; x_wconf 80' lang='grc' dir='ltr'><strong>ιν,</strong></span> <span class='ocrx_word' id='word_1_807' title='bbox 2349 5529 2435 5583; x_wconf 79' lang='grc'>18.</span> <span class='ocrx_word' id='word_1_808' title='bbox 2501 5540 2523 5566; x_wconf 80' lang='grc' dir='ltr'>ο</span> <span class='ocrx_word' id='word_1_809' title='bbox 2567 5526 2754 5582; x_wconf 81' lang='lat' dir='ltr'><strong>Matth.</strong></span> <span class='ocrx_word' id='word_1_810' title='bbox 2784 5541 2859 5590; x_wconf 75' lang='lat' dir='ltr'><strong>v1,</strong></span> <span class='ocrx_word' id='word_1_811' title='bbox 2895 5527 2966 5582; x_wconf 73' lang='lat'><strong>5&#39;5</strong></span> <span class='ocrx_word' id='word_1_812' title='bbox 2989 5535 3044 5582; x_wconf 92' lang='lat' dir='ltr'><strong>et</strong></span> <span class='ocrx_word' id='word_1_813' title='bbox 3069 5526 3158 5580; x_wconf 73' lang='lat'><strong>&#39;52.</strong></span> <span class='ocrx_word' id='word_1_814' title='bbox 3264 5523 3293 5564; x_wconf 76' lang='grc' dir='ltr'><strong><em>ἀ</em></strong></span> <span class='ocrx_word' id='word_1_815' title='bbox 3317 5522 3505 5582; x_wconf 70' lang='lat' dir='ltr'><strong>Matth.</strong></span> <span class='ocrx_word' id='word_1_816' title='bbox 3531 5535 3601 5585; x_wconf 81' lang='lat' dir='ltr'><strong>vt,</strong></span> <span class='ocrx_word' id='word_1_817' title='bbox 3651 5514 3736 5576; x_wconf 65' lang='lat'><strong>27;</strong></span> 
     </span>
    </p>
   </div>
   <div class='ocr_carea' id='block_1_106' title="bbox 511 5589 2027 5666">
    <p class='ocr_par' dir='ltr' id='par_1_106' title="bbox 511 5589 2021 5666">
     <span class='ocr_line' id='line_1_106' title="bbox 511 5589 2021 5666; baseline 0.005 -19"><span class='ocrx_word' id='word_1_818' title='bbox 511 5589 649 5648; x_wconf 79' lang='lat' dir='ltr'><strong>an.</strong></span> <span class='ocrx_word' id='word_1_819' title='bbox 680 5613 779 5661; x_wconf 95' lang='lat' dir='ltr'><strong>xu,</strong></span> <span class='ocrx_word' id='word_1_820' title='bbox 811 5599 903 5654; x_wconf 74' lang='grc'><strong>25.</strong></span> <span class='ocrx_word' id='word_1_821' title='bbox 1017 5608 1042 5636; x_wconf 77' lang='grc' dir='ltr'><strong>ο</strong></span> <span class='ocrx_word' id='word_1_822' title='bbox 1084 5599 1125 5652; x_wconf 92' lang='lat' dir='ltr'><strong>ll</strong></span> <span class='ocrx_word' id='word_1_823' title='bbox 1156 5600 1285 5656; x_wconf 85' lang='lat' dir='ltr'><strong>Cor.</strong></span> <span class='ocrx_word' id='word_1_824' title='bbox 1317 5617 1370 5665; x_wconf 88' lang='grc' dir='ltr'>ν,</span> <span class='ocrx_word' id='word_1_825' title='bbox 1399 5601 1454 5656; x_wconf 76' lang='lat'><strong>‘2.</strong></span> <span class='ocrx_word' id='word_1_826' title='bbox 1538 5601 1557 5638; x_wconf 72' lang='grc' dir='ltr'><em>τ</em></span> <span class='ocrx_word' id='word_1_827' title='bbox 1596 5599 1786 5655; x_wconf 77' lang='lat' dir='ltr'><strong>Matth.</strong></span> <span class='ocrx_word' id='word_1_828' title='bbox 1821 5617 1919 5666; x_wconf 89' lang='lat' dir='ltr'><strong>xu,</strong></span> <span class='ocrx_word' id='word_1_829' title='bbox 1952 5601 2021 5655; x_wconf 69' lang='grc'>44</span> 
     </span>
    </p>
   </div>
   <div class='ocr_carea' id='block_1_107' title="bbox 1107 5589 2623 5666">
    <p class='ocr_par' dir='ltr' id='par_1_107' title="bbox 1109 5589 2623 5666">
     <span class='ocr_line' id='line_1_107' title="bbox 1109 5589 2623 5666; baseline -0.001 -14"><span class='ocrx_word' id='word_1_830' title='bbox 1109 5599 1125 5652; x_wconf 92' lang='grc' dir='ltr'><strong>Ι</strong></span> <span class='ocrx_word' id='word_1_831' title='bbox 1156 5600 1285 5656; x_wconf 85' lang='lat' dir='ltr'><strong>Cor.</strong></span> <span class='ocrx_word' id='word_1_832' title='bbox 1317 5617 1370 5665; x_wconf 91' lang='lat' dir='ltr'><strong>v,</strong></span> <span class='ocrx_word' id='word_1_833' title='bbox 1399 5601 1454 5656; x_wconf 71' lang='lat'><strong>‘2.</strong></span> <span class='ocrx_word' id='word_1_834' title='bbox 1538 5601 1557 5638; x_wconf 72' lang='grc' dir='ltr'><em>τ</em></span> <span class='ocrx_word' id='word_1_835' title='bbox 1596 5599 1786 5655; x_wconf 77' lang='lat' dir='ltr'><strong>Matth.</strong></span> <span class='ocrx_word' id='word_1_836' title='bbox 1821 5617 1919 5666; x_wconf 89' lang='lat' dir='ltr'><strong>xu,</strong></span> <span class='ocrx_word' id='word_1_837' title='bbox 1952 5601 2042 5655; x_wconf 68' lang='grc'><strong>44.</strong></span> <span class='ocrx_word' id='word_1_838' title='bbox 2125 5603 2148 5638; x_wconf 69' lang='grc'><strong>⁸</strong></span> <span class='ocrx_word' id='word_1_839' title='bbox 2194 5589 2356 5653; x_wconf 81' lang='lat' dir='ltr'><strong>Deut.</strong></span> <span class='ocrx_word' id='word_1_840' title='bbox 2402 5613 2540 5661; x_wconf 89' lang='lat' dir='ltr'><strong>xvu,</strong></span> <span class='ocrx_word' id='word_1_841' title='bbox 2570 5597 2623 5652; x_wconf 82' lang='lat' dir='ltr'><strong>ﬁ.</strong></span> 
     </span>
    </p>
   </div>
   <div class='ocr_carea' id='block_1_108' title="bbox 585 5744 2101 5825">
    <p class='ocr_par' dir='ltr' id='par_1_108' title="bbox 585 5745 2092 5825">
     <span class='ocr_line' id='line_1_108' title="bbox 585 5745 2092 5825; baseline 0.004 -25"><span class='ocrx_word' id='word_1_842' title='bbox 585 5745 698 5814; x_wconf 74' lang='grc'><strong>(54)</strong></span> <span class='ocrx_word' id='word_1_843' title='bbox 738 5751 802 5825; x_wconf 65' lang='lat' dir='ltr'><strong>Ei</strong></span> <span class='ocrx_word' id='word_1_844' title='bbox 823 5751 910 5819; x_wconf 76' lang='grc' dir='ltr'>μὴ</span> <span class='ocrx_word' id='word_1_845' title='bbox 941 5752 1043 5825; x_wconf 51' lang='grc' dir='ltr'>ὅτε</span> <span class='ocrx_word' id='word_1_846' title='bbox 1076 5753 1390 5822; x_wconf 72' lang='grc' dir='ltr'>πάσχοιεν.</span> <span class='ocrx_word' id='word_1_847' title='bbox 1453 5754 1763 5825; x_wconf 61' lang='lat' dir='ltr'><strong>Lugendum</strong></span> <span class='ocrx_word' id='word_1_848' title='bbox 1806 5755 2016 5812; x_wconf 79' lang='lat' dir='ltr'><strong>videtur</strong></span> <span class='ocrx_word' id='word_1_849' title='bbox 2045 5757 2092 5809; x_wconf 80' lang='grc' dir='ltr'>εἰ</span> 
     </span>
    </p>
   </div>
   <div class='ocr_carea' id='block_1_109' title="bbox 2219 5744 3735 5825">
    <p class='ocr_par' dir='ltr' id='par_1_109' title="bbox 2273 5744 3735 5825">
     <span class='ocr_line' id='line_1_109' title="bbox 2273 5744 3735 5825; baseline -0.005 -19"><span class='ocrx_word' id='word_1_850' title='bbox 2273 5753 2385 5825; x_wconf 67' lang='grc'><strong>(55)</strong></span> <span class='ocrx_word' id='word_1_851' title='bbox 2439 5753 2498 5806; x_wconf 83' lang='grc' dir='ltr'><strong><em>Ἠ</em></strong></span> <span class='ocrx_word' id='word_1_852' title='bbox 2536 5751 2910 5825; x_wconf 14' lang='grc' dir='ltr'>νησγτειάηρο</span> <span class='ocrx_word' id='word_1_853' title='bbox 2938 5751 3146 5825; x_wconf 74' lang='lat' dir='ltr'><strong>jejunii</strong></span> <span class='ocrx_word' id='word_1_854' title='bbox 3194 5752 3517 5810; x_wconf 86' lang='lat' dir='ltr'><strong>abstinentia</strong></span> <span class='ocrx_word' id='word_1_855' title='bbox 3558 5744 3664 5802; x_wconf 79' lang='lat' dir='ltr'><strong>vide</strong></span> <span class='ocrx_word' id='word_1_856' title='bbox 3693 5745 3735 5798; x_wconf 76' lang='lat' dir='ltr'><strong>Cl</strong></span> 
     </span>
    </p>
   </div>
   <div class='ocr_carea' id='block_1_110' title="bbox 521 5815 2037 5893">
    <p class='ocr_par' dir='ltr' id='par_1_110' title="bbox 521 5815 1559 5889">
     <span class='ocr_line' id='line_1_110' title="bbox 521 5815 1559 5889; baseline 0.016 -23"><span class='ocrx_word' id='word_1_857' title='bbox 521 5815 594 5886; x_wconf 78' lang='grc' dir='ltr'>μή</span> <span class='ocrx_word' id='word_1_858' title='bbox 625 5833 674 5868; x_wconf 84' lang='grc' dir='ltr'><strong>τι</strong></span> <span class='ocrx_word' id='word_1_859' title='bbox 707 5815 975 5889; x_wconf 70' lang='grc' dir='ltr'>πὰτχοιεν.</span> <span class='ocrx_word' id='word_1_860' title='bbox 1012 5815 1272 5877; x_wconf 65' lang='grc' dir='ltr'><strong>διιιςυιίῖὶ.</strong></span> <span class='ocrx_word' id='word_1_861' title='bbox 1531 5815 1559 5825; x_wconf 59' lang='grc'><strong><em>“</em></strong></span> 
     </span>
    </p>
   </div>
   <div class='ocr_carea' id='block_1_111' title="bbox 1779 5815 3295 5893">
    <p class='ocr_par' dir='ltr' id='par_1_111' title="bbox 2205 5815 3295 5893">
     <span class='ocr_line' id='line_1_111' title="bbox 2205 5815 3295 5893; baseline 0.004 -18"><span class='ocrx_word' id='word_1_862' title='bbox 2205 5815 2376 5877; x_wconf 63' lang='grc' dir='ltr'><strong>Ιξειὲὶιζ</strong></span> <span class='ocrx_word' id='word_1_863' title='bbox 2414 5838 2534 5893; x_wconf 76' lang='lat' dir='ltr'><strong>pag.</strong></span> <span class='ocrx_word' id='word_1_864' title='bbox 2574 5815 2670 5877; x_wconf 57' lang='grc'><strong>1⁷55</strong></span> <span class='ocrx_word' id='word_1_865' title='bbox 2697 5833 2745 5878; x_wconf 82' lang='lat' dir='ltr'><strong>et.</strong></span> <span class='ocrx_word' id='word_1_866' title='bbox 2789 5823 2904 5877; x_wconf 80' lang='lat' dir='ltr'><strong>I37.</strong></span> <span class='ocrx_word' id='word_1_867' title='bbox 2935 5815 3295 5880; x_wconf 59' lang='grc' dir='ltr'>ΙῙῘΒιιιιινιιο.</span> 
     </span>
    </p>
   </div>
  </div>
