  <div class='ocr_page' id='page_1' title='image "/cluster/home/n/w/nwhite01/storage/ocr_20150623/9/hvd.32044019207612/358.png"; bbox 0 0 3840 6524; ppageno 0'>
   <div class='ocr_carea' id='block_1_1' title="bbox 154 304 3302 396">
    <p class='ocr_par' dir='ltr' id='par_1_1' title="bbox 154 304 3302 396">
     <span class='ocr_line' id='line_1_1' title="bbox 154 304 3302 396; baseline -0.01 -3"><span class='ocrx_word' id='word_1_1' title='bbox 154 340 226 396; x_wconf 71' lang='lat'><strong>1&#39;05</strong></span> <span class='ocrx_word' id='word_1_2' title='bbox 800 323 1024 378; x_wconf 78' lang='lat' dir='ltr'><strong>DUBIA.</strong></span> <span class='ocrx_word' id='word_1_3' title='bbox 1061 316 1461 375; x_wconf 62' lang='lat' dir='ltr'><strong>-—&#39;ECLOGzE</strong></span> <span class='ocrx_word' id='word_1_4' title='bbox 1501 317 1593 372; x_wconf 78' lang='lat' dir='ltr'><strong>EX</strong></span> <span class='ocrx_word' id='word_1_5' title='bbox 1635 309 2046 371; x_wconf 80' lang='lat' dir='ltr'><strong>SCRIPTURIS</strong></span> <span class='ocrx_word' id='word_1_6' title='bbox 2085 307 2558 366; x_wconf 79' lang='lat' dir='ltr'><strong>PROPHETICIS.</strong></span> <span class='ocrx_word' id='word_1_7' title='bbox 3199 304 3302 360; x_wconf 71' lang='lat'><strong>766</strong></span> 
     </span>
    </p>
   </div>
   <div class='ocr_carea' id='block_1_2' title="bbox 147 425 1663 524">
    <p class='ocr_par' dir='ltr' id='par_1_2' title="bbox 147 437 1663 524">
     <span class='ocr_line' id='line_1_2' title="bbox 147 437 1663 524; baseline -0.013 -16"><span class='ocrx_word' id='word_1_8' title='bbox 147 451 355 524; x_wconf 73' lang='grc' dir='ltr'>κωμικῶν</span> <span class='ocrx_word' id='word_1_9' title='bbox 383 443 648 520; x_wconf 78' lang='grc' dir='ltr'>νηστεύειν</span> <span class='ocrx_word' id='word_1_10' title='bbox 680 442 906 514; x_wconf 79' lang='grc' dir='ltr'>χρὴ,ἴνα</span> <span class='ocrx_word' id='word_1_11' title='bbox 932 440 1008 512; x_wconf 80' lang='grc' dir='ltr'><strong>τῷ</strong></span> <span class='ocrx_word' id='word_1_12' title='bbox 1031 439 1216 510; x_wconf 73' lang='grc' dir='ltr'>κόσμῳ</span> <span class='ocrx_word' id='word_1_13' title='bbox 1245 437 1626 509; x_wconf 78' lang='grc' dir='ltr'><strong>ἀποθάνωμεν,</strong></span> <span class='ocrx_word' id='word_1_14' title='bbox 1661 496 1663 504; x_wconf 31' lang='grc' dir='ltr'><strong><em>ι</em></strong></span> 
     </span>
    </p>
   </div>
   <div class='ocr_carea' id='block_1_3' title="bbox 1787 425 3303 524">
    <p class='ocr_par' dir='ltr' id='par_1_3' title="bbox 1787 425 3303 502">
     <span class='ocr_line' id='line_1_3' title="bbox 1787 425 3303 502; baseline -0.003 -17"><span class='ocrx_word' id='word_1_15' title='bbox 1787 445 1950 502; x_wconf 72' lang='lat' dir='ltr'><strong>noque</strong></span> <span class='ocrx_word' id='word_1_16' title='bbox 1977 430 2045 484; x_wconf 90' lang='lat' dir='ltr'><strong>ah</strong></span> <span class='ocrx_word' id='word_1_17' title='bbox 2077 429 2164 485; x_wconf 90' lang='lat' dir='ltr'><strong>his</strong></span> <span class='ocrx_word' id='word_1_18' title='bbox 2190 445 2310 500; x_wconf 67' lang='lat' dir='ltr'><strong>quae</strong></span> <span class='ocrx_word' id='word_1_19' title='bbox 2343 429 2532 483; x_wconf 91' lang='lat' dir='ltr'><strong>mundi</strong></span> <span class='ocrx_word' id='word_1_20' title='bbox 2571 428 2801 499; x_wconf 85' lang='lat' dir='ltr'><strong>hujusce</strong></span> <span class='ocrx_word' id='word_1_21' title='bbox 2822 434 2974 496; x_wconf 90' lang='lat' dir='ltr'><strong>sunt,</strong></span> <span class='ocrx_word' id='word_1_22' title='bbox 2993 425 3303 496; x_wconf 80' lang='lat' dir='ltr'><strong>jejunemus</strong></span> 
     </span>
    </p>
   </div>
   <div class='ocr_carea' id='block_1_4' title="bbox 143 518 1659 616">
    <p class='ocr_par' dir='ltr' id='par_1_4' title="bbox 143 518 1620 616">
     <span class='ocr_line' id='line_1_4' title="bbox 143 518 1620 616; baseline -0.022 -16"><span class='ocrx_word' id='word_1_23' title='bbox 143 518 346 616; x_wconf 60' lang='lat' dir='ltr'><strong>uipera</strong></span> <span class='ocrx_word' id='word_1_24' title='bbox 360 518 501 594; x_wconf 88' lang='grc' dir='ltr'>τοῦτο</span> <span class='ocrx_word' id='word_1_25' title='bbox 529 531 736 609; x_wconf 81' lang='grc' dir='ltr'>τροφῆς</span> <span class='ocrx_word' id='word_1_26' title='bbox 764 533 912 597; x_wconf 88' lang='grc' dir='ltr'>θείας</span> <span class='ocrx_word' id='word_1_27' title='bbox 955 531 1351 604; x_wconf 65' lang='grc' dir='ltr'>μεταλαωντες</span> <span class='ocrx_word' id='word_1_28' title='bbox 1371 528 1490 600; x_wconf 81' lang='grc' dir='ltr'>Θεῷ</span> <span class='ocrx_word' id='word_1_29' title='bbox 1524 528 1620 599; x_wconf 65' lang='grc' dir='ltr'><strong>ζὴ-</strong></span> 
     </span>
    </p>
   </div>
   <div class='ocr_carea' id='block_1_5' title="bbox 1786 518 3302 616">
    <p class='ocr_par' dir='ltr' id='par_1_5' title="bbox 1786 518 3302 592">
     <span class='ocr_line' id='line_1_5' title="bbox 1786 518 3302 592; baseline -0.004 -14"><span class='ocrx_word' id='word_1_30' title='bbox 1786 530 1967 587; x_wconf 77' lang='grc' dir='ltr'>)οι·ιοῑ,</span> <span class='ocrx_word' id='word_1_31' title='bbox 1995 537 2118 577; x_wconf 89' lang='lat' dir='ltr'><strong>eum</strong></span> <span class='ocrx_word' id='word_1_32' title='bbox 2148 535 2344 592; x_wconf 87' lang='lat' dir='ltr'><strong>nempe</strong></span> <span class='ocrx_word' id='word_1_33' title='bbox 2372 520 2426 574; x_wconf 93' lang='lat' dir='ltr'><strong>in</strong></span> <span class='ocrx_word' id='word_1_34' title='bbox 2461 519 2620 575; x_wconf 90' lang='lat' dir='ltr'><strong>ﬁnem</strong></span> <span class='ocrx_word' id='word_1_35' title='bbox 2653 527 2712 574; x_wconf 89' lang='lat' dir='ltr'><strong>ut</strong></span> <span class='ocrx_word' id='word_1_36' title='bbox 2741 521 2944 574; x_wconf 91' lang='lat' dir='ltr'><strong>mundo</strong></span> <span class='ocrx_word' id='word_1_37' title='bbox 2973 518 3302 583; x_wconf 80' lang='lat' dir='ltr'><strong>moriamur;</strong></span> 
     </span>
    </p>
   </div>
   <div class='ocr_carea' id='block_1_6' title="bbox 145 609 1661 707">
    <p class='ocr_par' dir='ltr' id='par_1_6' title="bbox 145 609 1623 707">
     <span class='ocr_line' id='line_1_6' title="bbox 145 609 1623 707; baseline -0.012 -17"><span class='ocrx_word' id='word_1_38' title='bbox 145 609 291 707; x_wconf 72' lang='grc' dir='ltr'>σωμεν.</span> <span class='ocrx_word' id='word_1_39' title='bbox 312 630 494 693; x_wconf 82' lang='grc' dir='ltr'>Ἀλλως</span> <span class='ocrx_word' id='word_1_40' title='bbox 513 645 572 682; x_wconf 89' lang='grc' dir='ltr'><strong>τε</strong></span> <span class='ocrx_word' id='word_1_41' title='bbox 604 629 746 682; x_wconf 81' lang='grc' dir='ltr'>κενοί</span> <span class='ocrx_word' id='word_1_42' title='bbox 758 625 855 696; x_wconf 80' lang='grc' dir='ltr'>τῆς</span> <span class='ocrx_word' id='word_1_43' title='bbox 878 624 1013 695; x_wconf 70' lang='grc' dir='ltr'>ὕλης</span> <span class='ocrx_word' id='word_1_44' title='bbox 1027 623 1125 696; x_wconf 84' lang='grc' dir='ltr'><strong>τὴν</strong></span> <span class='ocrx_word' id='word_1_45' title='bbox 1141 621 1315 694; x_wconf 73' lang='grc' dir='ltr'>ψυχὴν</span> <span class='ocrx_word' id='word_1_46' title='bbox 1336 622 1371 692; x_wconf 77' lang='grc' dir='ltr'>ἡ</span> <span class='ocrx_word' id='word_1_47' title='bbox 1401 619 1623 690; x_wconf 79' lang='grc' dir='ltr'><strong>νηστεία</strong></span> 
     </span>
    </p>
   </div>
   <div class='ocr_carea' id='block_1_7' title="bbox 1784 609 3300 707">
    <p class='ocr_par' dir='ltr' id='par_1_7' title="bbox 1784 609 3300 678">
     <span class='ocr_line' id='line_1_7' title="bbox 1784 609 3300 678; baseline -0.005 -8"><span class='ocrx_word' id='word_1_48' title='bbox 1784 629 1796 670; x_wconf 84' lang='lat'><strong>:</strong></span> <span class='ocrx_word' id='word_1_49' title='bbox 1823 614 1949 669; x_wconf 90' lang='lat' dir='ltr'><strong>dein</strong></span> <span class='ocrx_word' id='word_1_50' title='bbox 1977 612 2286 667; x_wconf 81' lang='lat' dir='ltr'><strong>alimoniam</strong></span> <span class='ocrx_word' id='word_1_51' title='bbox 2304 611 2542 666; x_wconf 79' lang='lat' dir='ltr'><strong>divinam</strong></span> <span class='ocrx_word' id='word_1_52' title='bbox 2577 611 2879 678; x_wconf 80' lang='lat' dir='ltr'><strong>consecuti,</strong></span> <span class='ocrx_word' id='word_1_53' title='bbox 2897 609 3008 665; x_wconf 91' lang='lat' dir='ltr'><strong>Deo</strong></span> <span class='ocrx_word' id='word_1_54' title='bbox 3034 609 3300 663; x_wconf 79' lang='lat' dir='ltr'><strong>vivamus.</strong></span> 
     </span>
    </p>
   </div>
   <div class='ocr_carea' id='block_1_8' title="bbox 141 700 1657 793">
    <p class='ocr_par' dir='ltr' id='par_1_8' title="bbox 141 700 1623 793">
     <span class='ocr_line' id='line_1_8' title="bbox 141 700 1623 793; baseline -0.013 -12"><span class='ocrx_word' id='word_1_55' title='bbox 141 700 211 784; x_wconf 67' lang='lat' dir='ltr'><strong>mi</strong></span> <span class='ocrx_word' id='word_1_56' title='bbox 238 721 444 793; x_wconf 78' lang='grc' dir='ltr'>καθαρὰν</span> <span class='ocrx_word' id='word_1_57' title='bbox 471 721 565 774; x_wconf 62' lang='grc' dir='ltr'><strong>καί⁵</strong></span> <span class='ocrx_word' id='word_1_58' title='bbox 612 718 818 789; x_wconf 78' lang='grc' dir='ltr'>κούφην</span> <span class='ocrx_word' id='word_1_59' title='bbox 860 717 954 771; x_wconf 82' lang='grc' dir='ltr'><strong>σὺν</strong></span> <span class='ocrx_word' id='word_1_60' title='bbox 988 716 1079 770; x_wconf 78' lang='grc' dir='ltr'><strong>καὶ</strong></span> <span class='ocrx_word' id='word_1_61' title='bbox 1103 713 1181 785; x_wconf 79' lang='grc' dir='ltr'>τῷ</span> <span class='ocrx_word' id='word_1_62' title='bbox 1221 713 1433 783; x_wconf 84' lang='grc' dir='ltr'>σώματι</span> <span class='ocrx_word' id='word_1_63' title='bbox 1459 710 1623 784; x_wconf 85' lang='grc' dir='ltr'>παρί-</span> 
     </span>
    </p>
   </div>
   <div class='ocr_carea' id='block_1_9' title="bbox 1792 700 3308 793">
    <p class='ocr_par' dir='ltr' id='par_1_9' title="bbox 1796 700 3308 776">
     <span class='ocr_line' id='line_1_9' title="bbox 1796 700 3308 776; baseline -0.008 -14"><span class='ocrx_word' id='word_1_64' title='bbox 1796 720 1958 776; x_wconf 87' lang='lat' dir='ltr'><strong>super</strong></span> <span class='ocrx_word' id='word_1_65' title='bbox 1980 705 2220 760; x_wconf 86' lang='lat' dir='ltr'><strong>animum</strong></span> <span class='ocrx_word' id='word_1_66' title='bbox 2250 719 2280 758; x_wconf 90' lang='lat' dir='ltr'><strong>a</strong></span> <span class='ocrx_word' id='word_1_67' title='bbox 2312 703 2442 760; x_wconf 57' lang='lat' dir='ltr'><strong>fa‘ce</strong></span> <span class='ocrx_word' id='word_1_68' title='bbox 2471 702 2739 758; x_wconf 86' lang='lat' dir='ltr'><strong>materiali</strong></span> <span class='ocrx_word' id='word_1_69' title='bbox 2767 702 2909 758; x_wconf 83' lang='lat' dir='ltr'><strong>levat</strong></span> <span class='ocrx_word' id='word_1_70' title='bbox 2934 700 3224 772; x_wconf 73' lang='lat' dir='ltr'><strong>jejunium,</strong></span> <span class='ocrx_word' id='word_1_71' title='bbox 3253 705 3308 751; x_wconf 83' lang='lat' dir='ltr'><strong>et</strong></span> 
     </span>
    </p>
   </div>
   <div class='ocr_carea' id='block_1_10' title="bbox 143 793 1659 890">
    <p class='ocr_par' dir='ltr' id='par_1_10' title="bbox 143 799 1626 890">
     <span class='ocr_line' id='line_1_10' title="bbox 143 799 1626 890; baseline -0.011 -20"><span class='ocrx_word' id='word_1_72' title='bbox 143 834 258 890; x_wconf 79' lang='grc' dir='ltr'>στησι</span> <span class='ocrx_word' id='word_1_73' title='bbox 280 817 376 877; x_wconf 79' lang='grc' dir='ltr'>τοῖς</span> <span class='ocrx_word' id='word_1_74' title='bbox 409 812 566 875; x_wconf 88' lang='grc' dir='ltr'>θείοις</span> <span class='ocrx_word' id='word_1_75' title='bbox 597 811 795 880; x_wconf 85' lang='grc' dir='ltr'>λόγοις.</span> <span class='ocrx_word' id='word_1_76' title='bbox 829 808 1016 882; x_wconf 81' lang='grc' dir='ltr'>Τροφὴ</span> <span class='ocrx_word' id='word_1_77' title='bbox 1065 807 1162 877; x_wconf 81' lang='grc' dir='ltr'><strong>μὲν</strong></span> <span class='ocrx_word' id='word_1_78' title='bbox 1195 799 1286 859; x_wconf 79' lang='grc' dir='ltr'><strong>οὖν</strong></span> <span class='ocrx_word' id='word_1_79' title='bbox 1326 802 1562 874; x_wconf 82' lang='grc' dir='ltr'>κοσμικὴ</span> <span class='ocrx_word' id='word_1_80' title='bbox 1597 803 1626 854; x_wconf 85' lang='grc' dir='ltr'>ὁ</span> 
     </span>
    </p>
   </div>
   <div class='ocr_carea' id='block_1_11' title="bbox 1789 793 3305 890">
    <p class='ocr_par' dir='ltr' id='par_1_11' title="bbox 1789 793 3305 865">
     <span class='ocr_line' id='line_1_11' title="bbox 1789 793 3305 865; baseline -0.006 -15"><span class='ocrx_word' id='word_1_81' title='bbox 1789 811 1929 851; x_wconf 84' lang='lat' dir='ltr'><strong>trum</strong></span> <span class='ocrx_word' id='word_1_82' title='bbox 1981 796 2258 865; x_wconf 84' lang='lat' dir='ltr'><strong>levemque</strong></span> <span class='ocrx_word' id='word_1_83' title='bbox 2314 810 2437 849; x_wconf 89' lang='lat' dir='ltr'><strong>cum</strong></span> <span class='ocrx_word' id='word_1_84' title='bbox 2491 796 2612 864; x_wconf 90' lang='lat' dir='ltr'><strong>ipso</strong></span> <span class='ocrx_word' id='word_1_85' title='bbox 2660 809 2891 865; x_wconf 90' lang='lat' dir='ltr'><strong>corpore</strong></span> <span class='ocrx_word' id='word_1_86' title='bbox 2921 793 3305 853; x_wconf 88' lang='lat' dir='ltr'><strong>constitutum,</strong></span> 
     </span>
    </p>
   </div>
   <div class='ocr_carea' id='block_1_12' title="bbox 140 881 1656 982">
    <p class='ocr_par' dir='ltr' id='par_1_12' title="bbox 140 881 1624 982">
     <span class='ocr_line' id='line_1_12' title="bbox 140 881 1624 982; baseline -0.011 -21"><span class='ocrx_word' id='word_1_87' title='bbox 140 881 342 982; x_wconf 63' lang='grc' dir='ltr'>πρότερος</span> <span class='ocrx_word' id='word_1_88' title='bbox 365 903 470 974; x_wconf 86' lang='grc' dir='ltr'>βίος</span> <span class='ocrx_word' id='word_1_89' title='bbox 495 903 588 957; x_wconf 76' lang='grc' dir='ltr'>καὶ</span> <span class='ocrx_word' id='word_1_90' title='bbox 617 901 686 956; x_wconf 82' lang='grc' dir='ltr'><strong>τὰ</strong></span> <span class='ocrx_word' id='word_1_91' title='bbox 717 881 1103 973; x_wconf 79' lang='grc' dir='ltr'>ἁμαρτήματα·</span> <span class='ocrx_word' id='word_1_92' title='bbox 1153 895 1329 969; x_wconf 83' lang='grc' dir='ltr'>τροφὴ</span> <span class='ocrx_word' id='word_1_93' title='bbox 1357 893 1415 948; x_wconf 86' lang='grc' dir='ltr'><strong>δὲ</strong></span> <span class='ocrx_word' id='word_1_94' title='bbox 1448 893 1624 964; x_wconf 81' lang='grc' dir='ltr'>θεῖκὴ,</span> 
     </span>
    </p>
   </div>
   <div class='ocr_carea' id='block_1_13' title="bbox 1793 881 3309 982">
    <p class='ocr_par' dir='ltr' id='par_1_13' title="bbox 1795 881 3309 956">
     <span class='ocr_line' id='line_1_13' title="bbox 1795 881 3309 956; baseline -0.003 -16"><span class='ocrx_word' id='word_1_95' title='bbox 1795 886 2080 942; x_wconf 88' lang='lat' dir='ltr'><strong>rmonibus</strong></span> <span class='ocrx_word' id='word_1_96' title='bbox 2101 885 2474 956; x_wconf 73' lang='lat' dir='ltr'><strong>doctrinisque</strong></span> <span class='ocrx_word' id='word_1_97' title='bbox 2511 885 2713 940; x_wconf 87' lang='lat' dir='ltr'><strong>divinis</strong></span> <span class='ocrx_word' id='word_1_98' title='bbox 2741 895 2925 955; x_wconf 87' lang='lat' dir='ltr'><strong>aptum</strong></span> <span class='ocrx_word' id='word_1_99' title='bbox 2954 884 3154 939; x_wconf 89' lang='lat' dir='ltr'><strong>reddit.</strong></span> <span class='ocrx_word' id='word_1_100' title='bbox 3194 881 3309 936; x_wconf 80' lang='lat' dir='ltr'><strong>Sa:-</strong></span> 
     </span>
    </p>
   </div>
   <div class='ocr_carea' id='block_1_14' title="bbox 142 976 1658 1066">
    <p class='ocr_par' dir='ltr' id='par_1_14' title="bbox 142 976 1626 1066">
     <span class='ocr_line' id='line_1_14' title="bbox 142 976 1626 1066; baseline -0.01 -14"><span class='ocrx_word' id='word_1_101' title='bbox 142 976 289 1063; x_wconf 74' lang='grc' dir='ltr'>πίστις,</span> <span class='ocrx_word' id='word_1_102' title='bbox 315 995 472 1060; x_wconf 74' lang='grc' dir='ltr'>ἐλπὶς,</span> <span class='ocrx_word' id='word_1_103' title='bbox 494 995 704 1066; x_wconf 79' lang='grc' dir='ltr'>ἀγάπη,</span> <span class='ocrx_word' id='word_1_104' title='bbox 747 991 1012 1064; x_wconf 74' lang='grc' dir='ltr'>ὑπομονὴ,</span> <span class='ocrx_word' id='word_1_105' title='bbox 1039 990 1256 1061; x_wconf 86' lang='grc' dir='ltr'>γνῶσις,</span> <span class='ocrx_word' id='word_1_106' title='bbox 1279 988 1492 1060; x_wconf 79' lang='grc' dir='ltr'><strong>εἰρήνη,</strong></span> <span class='ocrx_word' id='word_1_107' title='bbox 1519 1003 1626 1038; x_wconf 92' lang='grc' dir='ltr'>σω-</span> 
     </span>
    </p>
   </div>
   <div class='ocr_carea' id='block_1_15' title="bbox 1793 976 3309 1066">
    <p class='ocr_par' dir='ltr' id='par_1_15' title="bbox 1793 976 3309 1048">
     <span class='ocr_line' id='line_1_15' title="bbox 1793 976 3309 1048; baseline -0.001 -16"><span class='ocrx_word' id='word_1_108' title='bbox 1793 979 1842 1032; x_wconf 78' lang='lat' dir='ltr'><strong>Ili</strong></span> <span class='ocrx_word' id='word_1_109' title='bbox 1906 977 2133 1048; x_wconf 83' lang='lat' dir='ltr'><strong>proinde</strong></span> <span class='ocrx_word' id='word_1_110' title='bbox 2179 978 2409 1047; x_wconf 90' lang='lat' dir='ltr'><strong>hujusce</strong></span> <span class='ocrx_word' id='word_1_111' title='bbox 2453 977 2631 1041; x_wconf 84' lang='lat' dir='ltr'><strong>cibus,</strong></span> <span class='ocrx_word' id='word_1_112' title='bbox 2671 977 2782 1031; x_wconf 83' lang='lat' dir='ltr'><strong>vita</strong></span> <span class='ocrx_word' id='word_1_113' title='bbox 2828 976 3105 1046; x_wconf 57' lang='lat' dir='ltr'><strong>praeterita</strong></span> <span class='ocrx_word' id='word_1_114' title='bbox 3143 982 3309 1046; x_wconf 91' lang='lat' dir='ltr'><strong>atquo</strong></span> 
     </span>
    </p>
   </div>
   <div class='ocr_carea' id='block_1_16' title="bbox 141 1064 1657 1162">
    <p class='ocr_par' dir='ltr' id='par_1_16' title="bbox 141 1064 1629 1162">
     <span class='ocr_line' id='line_1_16' title="bbox 141 1064 1629 1162; baseline -0.009 -19"><span class='ocrx_word' id='word_1_115' title='bbox 141 1089 337 1162; x_wconf 72' lang='grc' dir='ltr'>φροσύνη.</span> <span class='ocrx_word' id='word_1_116' title='bbox 365 1064 641 1158; x_wconf 71' lang='grc' dir='ltr'>Μακάριοι</span> <span class='ocrx_word' id='word_1_117' title='bbox 667 1064 778 1155; x_wconf 81' lang='grc' dir='ltr'>γὰρ</span> <span class='ocrx_word' id='word_1_118' title='bbox 803 1088 857 1140; x_wconf 89' lang='lat' dir='ltr'><strong>ol</strong></span> <span class='ocrx_word' id='word_1_119' title='bbox 879 1083 1194 1149; x_wconf 71' lang='grc' dir='ltr'><strong>πεινῶντες</strong></span> <span class='ocrx_word' id='word_1_120' title='bbox 1211 1081 1309 1136; x_wconf 74' lang='grc' dir='ltr'>καὶ</span> <span class='ocrx_word' id='word_1_121' title='bbox 1335 1077 1629 1148; x_wconf 70' lang='grc' dir='ltr'>διψῶντες</span> 
     </span>
    </p>
   </div>
   <div class='ocr_carea' id='block_1_17' title="bbox 1794 1064 3310 1162">
    <p class='ocr_par' dir='ltr' id='par_1_17' title="bbox 1794 1064 3310 1135">
     <span class='ocr_line' id='line_1_17' title="bbox 1794 1064 3310 1135; baseline -0.001 -15"><span class='ocrx_word' id='word_1_122' title='bbox 1794 1075 1956 1122; x_wconf 78' lang='lat' dir='ltr'><strong>:ccata</strong></span> <span class='ocrx_word' id='word_1_123' title='bbox 1986 1075 2151 1133; x_wconf 89' lang='lat' dir='ltr'><strong>sunt;</strong></span> <span class='ocrx_word' id='word_1_124' title='bbox 2190 1067 2346 1122; x_wconf 87' lang='lat' dir='ltr'><strong>cibus</strong></span> <span class='ocrx_word' id='word_1_125' title='bbox 2366 1083 2494 1121; x_wconf 86' lang='lat' dir='ltr'><strong>vero</strong></span> <span class='ocrx_word' id='word_1_126' title='bbox 2523 1067 2766 1131; x_wconf 90' lang='lat' dir='ltr'><strong>divinus,</strong></span> <span class='ocrx_word' id='word_1_127' title='bbox 2805 1066 2962 1130; x_wconf 90' lang='lat' dir='ltr'><strong>ﬁdes,</strong></span> <span class='ocrx_word' id='word_1_128' title='bbox 2999 1079 3147 1135; x_wconf 85' lang='lat' dir='ltr'><strong>spes.</strong></span> <span class='ocrx_word' id='word_1_129' title='bbox 3177 1064 3310 1120; x_wconf 87' lang='lat' dir='ltr'><strong>cha-</strong></span> 
     </span>
    </p>
   </div>
   <div class='ocr_carea' id='block_1_18' title="bbox 141 1154 1657 1251">
    <p class='ocr_par' dir='ltr' id='par_1_18' title="bbox 141 1154 1630 1251">
     <span class='ocr_line' id='line_1_18' title="bbox 141 1154 1630 1251; baseline -0.008 -15"><span class='ocrx_word' id='word_1_130' title='bbox 141 1154 218 1251; x_wconf 44' lang='lat' dir='ltr'><strong>ita</strong></span> <span class='ocrx_word' id='word_1_131' title='bbox 242 1154 602 1249; x_wconf 65' lang='grc' dir='ltr'>δικαιοσύνην</span> <span class='ocrx_word' id='word_1_132' title='bbox 635 1154 730 1236; x_wconf 83' lang='grc' dir='ltr'><strong>τοῦ</strong></span> <span class='ocrx_word' id='word_1_133' title='bbox 750 1178 910 1233; x_wconf 71' lang='grc' dir='ltr'>Θεοῦ*</span> <span class='ocrx_word' id='word_1_134' title='bbox 942 1172 1107 1232; x_wconf 83' lang='grc' dir='ltr'>οὗτοι</span> <span class='ocrx_word' id='word_1_135' title='bbox 1137 1175 1247 1246; x_wconf 71' lang='grc' dir='ltr'>γὰρ</span> <span class='ocrx_word' id='word_1_136' title='bbox 1279 1173 1377 1228; x_wconf 74' lang='grc' dir='ltr'>καὶ</span> <span class='ocrx_word' id='word_1_137' title='bbox 1405 1173 1630 1242; x_wconf 77' lang='grc' dir='ltr'><strong>ἐμπλη-</strong></span> 
     </span>
    </p>
   </div>
   <div class='ocr_carea' id='block_1_19' title="bbox 1793 1154 3309 1251">
    <p class='ocr_par' dir='ltr' id='par_1_19' title="bbox 1793 1154 3309 1228">
     <span class='ocr_line' id='line_1_19' title="bbox 1793 1154 3309 1228; baseline -0.002 -17"><span class='ocrx_word' id='word_1_138' title='bbox 1793 1164 1893 1226; x_wconf 87' lang='lat' dir='ltr'><strong>tas,</strong></span> <span class='ocrx_word' id='word_1_139' title='bbox 1941 1157 2221 1228; x_wconf 90' lang='lat' dir='ltr'><strong>patientia,</strong></span> <span class='ocrx_word' id='word_1_140' title='bbox 2269 1157 2518 1224; x_wconf 90' lang='lat' dir='ltr'><strong>scientia,</strong></span> <span class='ocrx_word' id='word_1_141' title='bbox 2555 1173 2686 1228; x_wconf 83' lang='lat' dir='ltr'><strong>pax,</strong></span> <span class='ocrx_word' id='word_1_142' title='bbox 2731 1158 3110 1228; x_wconf 82' lang='lat' dir='ltr'><strong>temperantia.</strong></span> <span class='ocrx_word' id='word_1_143' title='bbox 3157 1154 3309 1209; x_wconf 76' lang='lat' dir='ltr'><strong>Beati</strong></span> 
     </span>
    </p>
   </div>
   <div class='ocr_carea' id='block_1_20' title="bbox 136 1245 1652 1342">
    <p class='ocr_par' dir='ltr' id='par_1_20' title="bbox 136 1245 1630 1342">
     <span class='ocr_line' id='line_1_20' title="bbox 136 1245 1630 1342; baseline -0.011 -11"><span class='ocrx_word' id='word_1_144' title='bbox 136 1245 416 1342; x_wconf 68' lang='lat' dir='ltr'><strong>cdricrmat.</strong></span> <span class='ocrx_word' id='word_1_145' title='bbox 475 1245 638 1342; x_wconf 76' lang='grc' dir='ltr'>Ψυχὴ</span> <span class='ocrx_word' id='word_1_146' title='bbox 692 1269 769 1333; x_wconf 82' lang='grc' dir='ltr'><strong>δὲ,</strong></span> <span class='ocrx_word' id='word_1_147' title='bbox 803 1268 916 1323; x_wconf 84' lang='grc' dir='ltr'>ἀλλ’</span> <span class='ocrx_word' id='word_1_148' title='bbox 973 1269 1035 1322; x_wconf 84' lang='grc' dir='ltr'><strong>οὐ</strong></span> <span class='ocrx_word' id='word_1_149' title='bbox 1088 1245 1263 1337; x_wconf 88' lang='grc' dir='ltr'>σῶμα,</span> <span class='ocrx_word' id='word_1_150' title='bbox 1311 1265 1411 1336; x_wconf 74' lang='grc' dir='ltr'><strong>τὴν</strong></span> <span class='ocrx_word' id='word_1_151' title='bbox 1453 1263 1630 1335; x_wconf 76' lang='grc' dir='ltr'>ὄρεξιν</span> 
     </span>
    </p>
   </div>
   <div class='ocr_carea' id='block_1_21' title="bbox 1795 1245 3311 1342">
    <p class='ocr_par' dir='ltr' id='par_1_21' title="bbox 1795 1245 3311 1318">
     <span class='ocr_line' id='line_1_21' title="bbox 1795 1245 3311 1318; baseline -0.001 -17"><span class='ocrx_word' id='word_1_152' title='bbox 1795 1247 1884 1302; x_wconf 77' lang='lat' dir='ltr'><strong>lim</strong></span> <span class='ocrx_word' id='word_1_153' title='bbox 1915 1247 2255 1318; x_wconf 79' lang='lat' dir='ltr'><strong>quiesuritmt</strong></span> <span class='ocrx_word' id='word_1_154' title='bbox 2301 1264 2363 1302; x_wconf 88' lang='lat' dir='ltr'><strong>ac</strong></span> <span class='ocrx_word' id='word_1_155' title='bbox 2405 1250 2593 1302; x_wconf 79' lang='lat' dir='ltr'><strong>sitiunt</strong></span> <span class='ocrx_word' id='word_1_156' title='bbox 2625 1248 2898 1317; x_wconf 78' lang='lat' dir='ltr'><strong>justitiam</strong></span> <span class='ocrx_word' id='word_1_157' title='bbox 2935 1245 3066 1313; x_wconf 89' lang='lat' dir='ltr'><strong>Dei;</strong></span> <span class='ocrx_word' id='word_1_158' title='bbox 3101 1262 3223 1300; x_wconf 85' lang='lat' dir='ltr'><strong>nam</strong></span> <span class='ocrx_word' id='word_1_159' title='bbox 3258 1255 3311 1300; x_wconf 83' lang='lat' dir='ltr'><strong>et</strong></span> 
     </span>
    </p>
   </div>
   <div class='ocr_carea' id='block_1_22' title="bbox 137 1340 1653 1439">
    <p class='ocr_par' dir='ltr' id='par_1_22' title="bbox 137 1340 635 1439">
     <span class='ocr_line' id='line_1_22' title="bbox 137 1340 635 1439; baseline -0.01 -16"><span class='ocrx_word' id='word_1_160' title='bbox 137 1340 284 1439; x_wconf 73' lang='grc' dir='ltr'>ταύτην</span> <span class='ocrx_word' id='word_1_161' title='bbox 309 1340 599 1439; x_wconf 52' lang='grc' dir='ltr'>λαμϐάνει.</span> <span class='ocrx_word' id='word_1_162' title='bbox 625 1340 635 1342; x_wconf 18' lang='lat'><em>7</em></span> 
     </span>
    </p>
   </div>
   <div class='ocr_carea' id='block_1_23' title="bbox 1795 1340 3311 1439">
    <p class='ocr_par' dir='ltr' id='par_1_23' title="bbox 1795 1340 3311 1410">
     <span class='ocr_line' id='line_1_23' title="bbox 1795 1340 3311 1410; baseline 0.001 -15"><span class='ocrx_word' id='word_1_163' title='bbox 1795 1340 2237 1395; x_wconf 80' lang='lat' dir='ltr'><strong>sisaturabuntur</strong></span> <span class='ocrx_word' id='word_1_164' title='bbox 2267 1353 2316 1397; x_wconf 76' lang='grc' dir='ltr'>ιι.</span> <span class='ocrx_word' id='word_1_165' title='bbox 2361 1347 2419 1405; x_wconf 68' lang='lat'><strong>&gt;14</strong></span> <span class='ocrx_word' id='word_1_166' title='bbox 2458 1343 2651 1396; x_wconf 88' lang='lat' dir='ltr'><strong>Anima</strong></span> <span class='ocrx_word' id='word_1_167' title='bbox 2681 1359 2812 1399; x_wconf 81' lang='lat' dir='ltr'><strong>vero</strong></span> <span class='ocrx_word' id='word_1_168' title='bbox 2853 1350 2908 1398; x_wconf 88' lang='lat' dir='ltr'><strong>et</strong></span> <span class='ocrx_word' id='word_1_169' title='bbox 2940 1358 3050 1397; x_wconf 91' lang='lat' dir='ltr'><strong>non</strong></span> <span class='ocrx_word' id='word_1_170' title='bbox 3107 1356 3311 1410; x_wconf 84' lang='lat' dir='ltr'><strong>corpus</strong></span> 
     </span>
    </p>
   </div>
   <div class='ocr_carea' id='block_1_24' title="bbox 1485 1430 2441 1502">
    <p class='ocr_par' dir='ltr' id='par_1_24' title="bbox 1485 1430 2441 1502">
     <span class='ocr_line' id='line_1_24' title="bbox 1485 1430 2441 1502; baseline 0.004 -18"><span class='ocrx_word' id='word_1_171' title='bbox 1485 1446 1488 1450; x_wconf 83' lang='lat'>&#39;</span> <span class='ocrx_word' id='word_1_172' title='bbox 1739 1430 1886 1486; x_wconf 85' lang='lat' dir='ltr'><strong>hunc</strong></span> <span class='ocrx_word' id='word_1_173' title='bbox 1922 1432 2220 1502; x_wconf 87' lang='lat' dir='ltr'><strong>appetitum</strong></span> <span class='ocrx_word' id='word_1_174' title='bbox 2251 1434 2441 1488; x_wconf 86' lang='lat' dir='ltr'><strong>sumit.</strong></span> 
     </span>
    </p>
   </div>
   <div class='ocr_carea' id='block_1_25' title="bbox 185 1525 1701 1620">
    <p class='ocr_par' dir='ltr' id='par_1_25' title="bbox 185 1539 1632 1620">
     <span class='ocr_line' id='line_1_25' title="bbox 185 1539 1632 1620; baseline -0.009 -16"><span class='ocrx_word' id='word_1_175' title='bbox 185 1552 257 1604; x_wconf 82' lang='lat' dir='ltr'><strong>IE&#39;.</strong></span> <span class='ocrx_word' id='word_1_176' title='bbox 276 1549 373 1620; x_wconf 83' lang='grc' dir='ltr'><strong>Τῆς</strong></span> <span class='ocrx_word' id='word_1_177' title='bbox 401 1548 635 1612; x_wconf 84' lang='grc' dir='ltr'>πίστεως</span> <span class='ocrx_word' id='word_1_178' title='bbox 659 1544 756 1618; x_wconf 81' lang='grc' dir='ltr'><strong>τὴν</strong></span> <span class='ocrx_word' id='word_1_179' title='bbox 778 1544 940 1618; x_wconf 79' lang='grc' dir='ltr'>εὐχὴν</span> <span class='ocrx_word' id='word_1_180' title='bbox 974 1541 1324 1615; x_wconf 72' lang='grc' dir='ltr'><strong>ἰσχυροτέραν</strong></span> <span class='ocrx_word' id='word_1_181' title='bbox 1357 1539 1632 1612; x_wconf 75' lang='grc' dir='ltr'>ἀπέφηνεν</span> 
     </span>
    </p>
   </div>
   <div class='ocr_carea' id='block_1_26' title="bbox 1792 1525 3308 1620">
    <p class='ocr_par' dir='ltr' id='par_1_26' title="bbox 1808 1525 3308 1599">
     <span class='ocr_line' id='line_1_26' title="bbox 1808 1525 3308 1599; baseline -0.002 -18"><span class='ocrx_word' id='word_1_182' title='bbox 1808 1526 1924 1582; x_wconf 79' lang='lat' dir='ltr'><strong>XV.</strong></span> <span class='ocrx_word' id='word_1_183' title='bbox 1952 1527 2149 1584; x_wconf 84' lang='lat' dir='ltr'><strong>Preces</strong></span> <span class='ocrx_word' id='word_1_184' title='bbox 2179 1528 2405 1599; x_wconf 88' lang='lat' dir='ltr'><strong>majoris</strong></span> <span class='ocrx_word' id='word_1_185' title='bbox 2458 1543 2581 1584; x_wconf 89' lang='lat' dir='ltr'><strong>esse</strong></span> <span class='ocrx_word' id='word_1_186' title='bbox 2638 1527 2860 1583; x_wconf 85' lang='lat' dir='ltr'><strong>virtutis</strong></span> <span class='ocrx_word' id='word_1_187' title='bbox 2914 1542 3077 1598; x_wconf 82' lang='lat' dir='ltr'><strong>quam</strong></span> <span class='ocrx_word' id='word_1_188' title='bbox 3126 1525 3308 1587; x_wconf 88' lang='lat' dir='ltr'><strong>ﬁdem,</strong></span> 
     </span>
    </p>
   </div>
   <div class='ocr_carea' id='block_1_27' title="bbox 135 1614 1651 1714">
    <p class='ocr_par' dir='ltr' id='par_1_27' title="bbox 135 1614 1631 1714">
     <span class='ocr_line' id='line_1_27' title="bbox 135 1614 1631 1714; baseline -0.006 -20"><span class='ocrx_word' id='word_1_189' title='bbox 135 1644 155 1694; x_wconf 83' lang='grc' dir='ltr'><strong><em>ὁ</em></strong></span> <span class='ocrx_word' id='word_1_190' title='bbox 181 1614 345 1714; x_wconf 73' lang='grc' dir='ltr'>Σωτὴρ</span> <span class='ocrx_word' id='word_1_191' title='bbox 364 1641 469 1704; x_wconf 84' lang='grc' dir='ltr'>τοῖς</span> <span class='ocrx_word' id='word_1_192' title='bbox 500 1614 725 1702; x_wconf 80' lang='grc' dir='ltr'>πιστοῖς</span> <span class='ocrx_word' id='word_1_193' title='bbox 745 1614 1063 1699; x_wconf 80' lang='grc' dir='ltr'>ἀποστόλοις</span> <span class='ocrx_word' id='word_1_194' title='bbox 1093 1634 1194 1688; x_wconf 81' lang='grc' dir='ltr'>ἐπί</span> <span class='ocrx_word' id='word_1_195' title='bbox 1238 1651 1402 1699; x_wconf 71' lang='grc' dir='ltr'>τινος</span> <span class='ocrx_word' id='word_1_196' title='bbox 1428 1633 1631 1703; x_wconf 84' lang='grc' dir='ltr'>δαιμο-</span> 
     </span>
    </p>
   </div>
   <div class='ocr_carea' id='block_1_28' title="bbox 1795 1614 3311 1714">
    <p class='ocr_par' dir='ltr' id='par_1_28' title="bbox 1795 1614 3311 1690">
     <span class='ocr_line' id='line_1_28' title="bbox 1795 1614 3311 1690; baseline -0.004 -15"><span class='ocrx_word' id='word_1_197' title='bbox 1795 1620 2003 1675; x_wconf 76' lang='grc' dir='ltr'>›οεῑοιίε</span> <span class='ocrx_word' id='word_1_198' title='bbox 2056 1619 2306 1676; x_wconf 87' lang='lat' dir='ltr'><strong>ﬁdelibus</strong></span> <span class='ocrx_word' id='word_1_199' title='bbox 2361 1620 2526 1674; x_wconf 89' lang='lat' dir='ltr'><strong>animi</strong></span> <span class='ocrx_word' id='word_1_200' title='bbox 2553 1620 2638 1675; x_wconf 91' lang='lat' dir='ltr'><strong>sui</strong></span> <span class='ocrx_word' id='word_1_201' title='bbox 2671 1635 2893 1674; x_wconf 87' lang='lat' dir='ltr'><strong>sensum</strong></span> <span class='ocrx_word' id='word_1_202' title='bbox 2934 1618 3160 1690; x_wconf 86' lang='lat' dir='ltr'><strong>protulit</strong></span> <span class='ocrx_word' id='word_1_203' title='bbox 3190 1614 3311 1671; x_wconf 89' lang='lat' dir='ltr'><strong>Sal-</strong></span> 
     </span>
    </p>
   </div>
   <div class='ocr_carea' id='block_1_29' title="bbox 132 1707 1648 1800">
    <p class='ocr_par' dir='ltr' id='par_1_29' title="bbox 132 1707 1632 1800">
     <span class='ocr_line' id='line_1_29' title="bbox 132 1707 1632 1800; baseline -0.005 -14"><span class='ocrx_word' id='word_1_204' title='bbox 132 1707 340 1800; x_wconf 55' lang='grc' dir='ltr'>νιῶντοξ,</span> <span class='ocrx_word' id='word_1_205' title='bbox 378 1732 434 1786; x_wconf 76' lang='grc' dir='ltr'>ὃν</span> <span class='ocrx_word' id='word_1_206' title='bbox 485 1730 587 1784; x_wconf 81' lang='grc' dir='ltr'><strong>οὐκ</strong></span> <span class='ocrx_word' id='word_1_207' title='bbox 645 1729 869 1800; x_wconf 70' lang='grc' dir='ltr'>ἴσχυσαν</span> <span class='ocrx_word' id='word_1_208' title='bbox 919 1727 1255 1798; x_wconf 80' lang='grc' dir='ltr'><strong>καθαρίσαι,</strong></span> <span class='ocrx_word' id='word_1_209' title='bbox 1308 1723 1498 1790; x_wconf 81' lang='grc' dir='ltr'>εἰπὼν,</span> <span class='ocrx_word' id='word_1_210' title='bbox 1552 1725 1632 1779; x_wconf 85' lang='grc' dir='ltr'><strong>Τὰ</strong></span> 
     </span>
    </p>
   </div>
   <div class='ocr_carea' id='block_1_30' title="bbox 1793 1707 3309 1800">
    <p class='ocr_par' dir='ltr' id='par_1_30' title="bbox 1793 1707 3309 1780">
     <span class='ocr_line' id='line_1_30' title="bbox 1793 1707 3309 1780; baseline 0.001 -17"><span class='ocrx_word' id='word_1_211' title='bbox 1793 1719 1918 1774; x_wconf 73' lang='grc' dir='ltr'>ιιοτ,</span> <span class='ocrx_word' id='word_1_212' title='bbox 1954 1726 2078 1765; x_wconf 89' lang='lat' dir='ltr'><strong>cum</strong></span> <span class='ocrx_word' id='word_1_213' title='bbox 2109 1710 2174 1764; x_wconf 80' lang='lat' dir='ltr'><strong>de</strong></span> <span class='ocrx_word' id='word_1_214' title='bbox 2193 1710 2520 1766; x_wconf 70' lang='lat' dir='ltr'><strong>dwmoniaco</strong></span> <span class='ocrx_word' id='word_1_215' title='bbox 2547 1710 2773 1780; x_wconf 85' lang='lat' dir='ltr'><strong>quodam</strong></span> <span class='ocrx_word' id='word_1_216' title='bbox 2799 1717 3052 1780; x_wconf 80' lang='lat' dir='ltr'><strong>ageretur</strong></span> <span class='ocrx_word' id='word_1_217' title='bbox 3072 1707 3122 1774; x_wconf 69' lang='grc' dir='ltr'>δ,</span> <span class='ocrx_word' id='word_1_218' title='bbox 3147 1726 3309 1780; x_wconf 91' lang='lat' dir='ltr'><strong>quem</strong></span> 
     </span>
    </p>
   </div>
   <div class='ocr_carea' id='block_1_31' title="bbox 133 1797 1649 1892">
    <p class='ocr_par' dir='ltr' id='par_1_31' title="bbox 133 1816 1634 1892">
     <span class='ocr_line' id='line_1_31' title="bbox 133 1816 1634 1892; baseline -0.004 -16"><span class='ocrx_word' id='word_1_219' title='bbox 133 1821 298 1876; x_wconf 79' lang='grc' dir='ltr'>τοιαῦτα</span> <span class='ocrx_word' id='word_1_220' title='bbox 318 1823 438 1892; x_wconf 76' lang='grc' dir='ltr'><strong>εὐχῇ</strong></span> <span class='ocrx_word' id='word_1_221' title='bbox 460 1818 840 1891; x_wconf 77' lang='grc' dir='ltr'>κατορθοῦται.</span> <span class='ocrx_word' id='word_1_222' title='bbox 897 1820 955 1871; x_wconf 88' lang='lat'><strong>&#39;0</strong></span> <span class='ocrx_word' id='word_1_223' title='bbox 993 1817 1088 1888; x_wconf 77' lang='grc' dir='ltr'><strong>μὲν</strong></span> <span class='ocrx_word' id='word_1_224' title='bbox 1117 1816 1412 1881; x_wconf 79' lang='grc' dir='ltr'>πιστεύσας</span> <span class='ocrx_word' id='word_1_225' title='bbox 1442 1817 1634 1886; x_wconf 80' lang='grc' dir='ltr'>ἄφεσιν</span> 
     </span>
    </p>
   </div>
   <div class='ocr_carea' id='block_1_32' title="bbox 1793 1797 3309 1892">
    <p class='ocr_par' dir='ltr' id='par_1_32' title="bbox 1793 1797 3309 1869">
     <span class='ocr_line' id='line_1_32' title="bbox 1793 1797 3309 1869; baseline 0.003 -20"><span class='ocrx_word' id='word_1_226' title='bbox 1793 1797 2007 1853; x_wconf 81' lang='lat' dir='ltr'><strong>undare</strong></span> <span class='ocrx_word' id='word_1_227' title='bbox 2055 1797 2198 1852; x_wconf 87' lang='lat' dir='ltr'><strong>haud</strong></span> <span class='ocrx_word' id='word_1_228' title='bbox 2250 1806 2520 1869; x_wconf 85' lang='lat' dir='ltr'><strong>poterant,</strong></span> <span class='ocrx_word' id='word_1_229' title='bbox 2576 1799 2788 1864; x_wconf 89' lang='lat' dir='ltr'><strong>dicens,</strong></span> <span class='ocrx_word' id='word_1_230' title='bbox 2837 1799 3101 1854; x_wconf 86' lang='lat' dir='ltr'><strong>miracula</strong></span> <span class='ocrx_word' id='word_1_231' title='bbox 3161 1799 3309 1868; x_wconf 86' lang='lat' dir='ltr'><strong>ejus-</strong></span> 
     </span>
    </p>
   </div>
   <div class='ocr_carea' id='block_1_33' title="bbox 133 1889 1649 1986">
    <p class='ocr_par' dir='ltr' id='par_1_33' title="bbox 133 1889 1635 1986">
     <span class='ocr_line' id='line_1_33' title="bbox 133 1889 1635 1986; baseline -0.004 -19"><span class='ocrx_word' id='word_1_232' title='bbox 133 1889 478 1986; x_wconf 76' lang='grc' dir='ltr'>ἁμαρτημάτων</span> <span class='ocrx_word' id='word_1_233' title='bbox 509 1889 673 1966; x_wconf 72' lang='grc' dir='ltr'>ἔλασε</span> <span class='ocrx_word' id='word_1_234' title='bbox 905 1909 999 1962; x_wconf 87' lang='grc' dir='ltr'><strong>τοῦ</strong></span> <span class='ocrx_word' id='word_1_235' title='bbox 1032 1910 1258 1980; x_wconf 78' lang='grc' dir='ltr'><strong>Κυρίου·</strong></span> <span class='ocrx_word' id='word_1_236' title='bbox 1290 1910 1319 1963; x_wconf 90' lang='grc' dir='ltr'>ὁ</span> <span class='ocrx_word' id='word_1_237' title='bbox 1343 1909 1388 1962; x_wconf 79' lang='grc' dir='ltr'><strong>δ’</strong></span> <span class='ocrx_word' id='word_1_238' title='bbox 1412 1910 1470 1961; x_wconf 86' lang='grc' dir='ltr'>ὲν</span> <span class='ocrx_word' id='word_1_239' title='bbox 1496 1907 1635 1977; x_wconf 81' lang='grc' dir='ltr'>γνῶ-</span> 
     </span>
    </p>
   </div>
   <div class='ocr_carea' id='block_1_34' title="bbox 1790 1889 3306 1986">
    <p class='ocr_par' dir='ltr' id='par_1_34' title="bbox 1790 1889 3306 1962">
     <span class='ocr_line' id='line_1_34' title="bbox 1790 1889 3306 1962; baseline 0.002 -21"><span class='ocrx_word' id='word_1_240' title='bbox 1790 1889 1886 1944; x_wconf 78' lang='grc' dir='ltr'>ιοᾱὶ</span> <span class='ocrx_word' id='word_1_241' title='bbox 1911 1905 2008 1960; x_wconf 89' lang='lat' dir='ltr'><strong>per</strong></span> <span class='ocrx_word' id='word_1_242' title='bbox 2035 1905 2226 1960; x_wconf 88' lang='lat' dir='ltr'><strong>preces</strong></span> <span class='ocrx_word' id='word_1_243' title='bbox 2262 1891 2531 1961; x_wconf 67' lang='lat' dir='ltr'><strong>praestari.</strong></span> <span class='ocrx_word' id='word_1_244' title='bbox 2592 1890 2802 1962; x_wconf 87' lang='lat' dir='ltr'><strong>Quippe</strong></span> <span class='ocrx_word' id='word_1_245' title='bbox 2845 1891 2939 1962; x_wconf 88' lang='lat' dir='ltr'><strong>qui</strong></span> <span class='ocrx_word' id='word_1_246' title='bbox 2991 1889 3246 1954; x_wconf 88' lang='lat' dir='ltr'><strong>credidit,</strong></span> <span class='ocrx_word' id='word_1_247' title='bbox 3276 1904 3306 1944; x_wconf 89' lang='lat' dir='ltr'><strong>a</strong></span> 
     </span>
    </p>
   </div>
   <div class='ocr_carea' id='block_1_35' title="bbox 133 1980 1649 2077">
    <p class='ocr_par' dir='ltr' id='par_1_35' title="bbox 133 1980 1633 2077">
     <span class='ocr_line' id='line_1_35' title="bbox 133 1980 1633 2077; baseline -0.003 -19"><span class='ocrx_word' id='word_1_248' title='bbox 133 1980 189 2058; x_wconf 76' lang='grc' dir='ltr'><strong>σει</strong></span> <span class='ocrx_word' id='word_1_249' title='bbox 514 2004 614 2058; x_wconf 74' lang='grc' dir='ltr'>ἅτε</span> <span class='ocrx_word' id='word_1_250' title='bbox 655 1980 849 2075; x_wconf 81' lang='grc' dir='ltr'>μηκέτι</span> <span class='ocrx_word' id='word_1_251' title='bbox 878 2002 1241 2074; x_wconf 68' lang='grc' dir='ltr'>ἁμαρτάνων,</span> <span class='ocrx_word' id='word_1_252' title='bbox 1277 2002 1407 2073; x_wconf 81' lang='grc' dir='ltr'>παρ’</span> <span class='ocrx_word' id='word_1_253' title='bbox 1439 2000 1633 2055; x_wconf 81' lang='grc' dir='ltr'>ἑαυτοῦ</span> 
     </span>
    </p>
   </div>
   <div class='ocr_carea' id='block_1_36' title="bbox 1791 1980 3307 2077">
    <p class='ocr_par' dir='ltr' id='par_1_36' title="bbox 1791 1983 3307 2054">
     <span class='ocr_line' id='line_1_36' title="bbox 1791 1983 3307 2054; baseline 0.001 -18"><span class='ocrx_word' id='word_1_254' title='bbox 1791 1983 1974 2038; x_wconf 86' lang='lat' dir='ltr'><strong>omine</strong></span> <span class='ocrx_word' id='word_1_255' title='bbox 2002 1991 2355 2052; x_wconf 85' lang='lat' dir='ltr'><strong>peccatorum</strong></span> <span class='ocrx_word' id='word_1_256' title='bbox 2387 1984 2764 2040; x_wconf 88' lang='lat' dir='ltr'><strong>remissionem</strong></span> <span class='ocrx_word' id='word_1_257' title='bbox 2793 1985 3021 2054; x_wconf 88' lang='lat' dir='ltr'><strong>adeptus</strong></span> <span class='ocrx_word' id='word_1_258' title='bbox 3047 1992 3159 2050; x_wconf 88' lang='lat' dir='ltr'><strong>est;</strong></span> <span class='ocrx_word' id='word_1_259' title='bbox 3211 1983 3307 2054; x_wconf 89' lang='lat' dir='ltr'><strong>qui</strong></span> 
     </span>
    </p>
   </div>
   <div class='ocr_carea' id='block_1_37' title="bbox 129 2075 1645 2166">
    <p class='ocr_par' dir='ltr' id='par_1_37' title="bbox 129 2093 1090 2166">
     <span class='ocr_line' id='line_1_37' title="bbox 129 2093 1090 2166; baseline -0.004 -16"><span class='ocrx_word' id='word_1_260' title='bbox 129 2095 197 2166; x_wconf 74' lang='grc' dir='ltr'>τὴν</span> <span class='ocrx_word' id='word_1_261' title='bbox 220 2095 384 2165; x_wconf 71' lang='grc' dir='ltr'>ἄφεσιν</span> <span class='ocrx_word' id='word_1_262' title='bbox 407 2095 514 2149; x_wconf 82' lang='grc' dir='ltr'><strong>τῶν</strong></span> <span class='ocrx_word' id='word_1_263' title='bbox 546 2095 751 2149; x_wconf 84' lang='grc' dir='ltr'>λοιπῶν</span> <span class='ocrx_word' id='word_1_264' title='bbox 786 2093 1090 2164; x_wconf 80' lang='grc' dir='ltr'>κομίζεται.</span> 
     </span>
    </p>
   </div>
   <div class='ocr_carea' id='block_1_38' title="bbox 1795 2075 3311 2166">
    <p class='ocr_par' dir='ltr' id='par_1_38' title="bbox 1795 2075 3311 2147">
     <span class='ocr_line' id='line_1_38' title="bbox 1795 2075 3311 2147; baseline 0 -18"><span class='ocrx_word' id='word_1_265' title='bbox 1795 2087 1873 2129; x_wconf 76' lang='lat' dir='ltr'><strong>:ro</strong></span> <span class='ocrx_word' id='word_1_266' title='bbox 1907 2075 2196 2130; x_wconf 87' lang='lat' dir='ltr'><strong>scientiam</strong></span> <span class='ocrx_word' id='word_1_267' title='bbox 2239 2083 2324 2131; x_wconf 92' lang='lat' dir='ltr'><strong>est</strong></span> <span class='ocrx_word' id='word_1_268' title='bbox 2357 2085 2709 2140; x_wconf 85' lang='lat' dir='ltr'><strong>consecutus,</strong></span> <span class='ocrx_word' id='word_1_269' title='bbox 2763 2077 2969 2147; x_wconf 90' lang='lat' dir='ltr'><strong>quique</strong></span> <span class='ocrx_word' id='word_1_270' title='bbox 3025 2091 3133 2130; x_wconf 92' lang='lat' dir='ltr'><strong>non</strong></span> <span class='ocrx_word' id='word_1_271' title='bbox 3193 2090 3311 2129; x_wconf 84' lang='lat' dir='ltr'><strong>am-</strong></span> 
     </span>
    </p>
   </div>
   <div class='ocr_carea' id='block_1_39' title="bbox 1741 2163 3314 2237">
    <p class='ocr_par' dir='ltr' id='par_1_39' title="bbox 1741 2163 3314 2237">
     <span class='ocr_line' id='line_1_39' title="bbox 1741 2163 3314 2237; baseline 0.002 -20"><span class='ocrx_word' id='word_1_272' title='bbox 1741 2163 1886 2233; x_wconf 87' lang='lat' dir='ltr'><strong>plius</strong></span> <span class='ocrx_word' id='word_1_273' title='bbox 1913 2172 2123 2234; x_wconf 88' lang='lat' dir='ltr'><strong>peccat,</strong></span> <span class='ocrx_word' id='word_1_274' title='bbox 2159 2179 2191 2220; x_wconf 85' lang='lat' dir='ltr'><strong>a</strong></span> <span class='ocrx_word' id='word_1_275' title='bbox 2218 2165 2403 2236; x_wconf 84' lang='lat' dir='ltr'><strong>seipse</strong></span> <span class='ocrx_word' id='word_1_276' title='bbox 2430 2166 2809 2223; x_wconf 86' lang='lat' dir='ltr'><strong>remissionem</strong></span> <span class='ocrx_word' id='word_1_277' title='bbox 2838 2167 3175 2237; x_wconf 85' lang='lat' dir='ltr'><strong>reliquorum</strong></span> <span class='ocrx_word' id='word_1_278' title='bbox 3211 2165 3314 2220; x_wconf 86' lang='lat' dir='ltr'><strong>im-</strong></span> 
     </span>
    </p>
   </div>
   <div class='ocr_carea' id='block_1_40' title="bbox 1741 2264 1938 2325">
    <p class='ocr_par' dir='ltr' id='par_1_40' title="bbox 1741 2264 1938 2325">
     <span class='ocr_line' id='line_1_40' title="bbox 1741 2264 1938 2325; baseline 0.01 -16"><span class='ocrx_word' id='word_1_279' title='bbox 1741 2264 1938 2325; x_wconf 88' lang='lat' dir='ltr'><strong>petrat.</strong></span> 
     </span>
    </p>
   </div>
   <div class='ocr_carea' id='block_1_41' title="bbox 166 2347 3313 2434">
    <p class='ocr_par' dir='ltr' id='par_1_41' title="bbox 166 2347 3313 2434">
     <span class='ocr_line' id='line_1_41' title="bbox 166 2347 3313 2434; baseline 0.003 -23"><span class='ocrx_word' id='word_1_280' title='bbox 166 2350 469 2432; x_wconf 73' lang='grc' dir='ltr'>1τ.”’.Ὦσπερ</span> <span class='ocrx_word' id='word_1_281' title='bbox 491 2361 548 2414; x_wconf 89' lang='grc' dir='ltr'><strong>αί</strong></span> <span class='ocrx_word' id='word_1_282' title='bbox 582 2361 868 2433; x_wconf 80' lang='grc' dir='ltr'>θεραπεῖαι</span> <span class='ocrx_word' id='word_1_283' title='bbox 897 2361 990 2415; x_wconf 75' lang='grc' dir='ltr'><strong>καὶ</strong></span> <span class='ocrx_word' id='word_1_284' title='bbox 1010 2363 1067 2415; x_wconf 84' lang='grc' dir='ltr'>αἱ</span> <span class='ocrx_word' id='word_1_285' title='bbox 1097 2365 1419 2434; x_wconf 80' lang='grc' dir='ltr'>προφητεῖαι</span> <span class='ocrx_word' id='word_1_286' title='bbox 1452 2365 1544 2418; x_wconf 74' lang='grc' dir='ltr'>καὶ</span> <span class='ocrx_word' id='word_1_287' title='bbox 1567 2365 1635 2419; x_wconf 82' lang='grc' dir='ltr'>τὰ</span> <span class='ocrx_word' id='word_1_288' title='bbox 1815 2347 1953 2404; x_wconf 68' lang='grc' dir='ltr'><strong>ΧἫ·</strong></span> <span class='ocrx_word' id='word_1_289' title='bbox 1983 2347 2140 2404; x_wconf 53' lang='lat' dir='ltr'><strong>Sicut</strong></span> <span class='ocrx_word' id='word_1_290' title='bbox 2191 2350 2529 2416; x_wconf 63' lang='grc' dir='ltr'><strong>εῧηθῑίοηθεν</strong></span> <span class='ocrx_word' id='word_1_291' title='bbox 2582 2359 2635 2406; x_wconf 68' lang='grc' dir='ltr'>εί</span> <span class='ocrx_word' id='word_1_292' title='bbox 2687 2349 3003 2422; x_wconf 60' lang='grc' dir='ltr'>ιποῐδῆθίίίθο</span> <span class='ocrx_word' id='word_1_293' title='bbox 3035 2357 3089 2404; x_wconf 66' lang='grc' dir='ltr'><strong>οι</strong></span> <span class='ocrx_word' id='word_1_294' title='bbox 3137 2349 3313 2420; x_wconf 65' lang='grc' dir='ltr'>δίεπε.</span> 
     </span>
    </p>
   </div>
   <div class='ocr_carea' id='block_1_42' title="bbox 127 2438 1643 2529">
    <p class='ocr_par' dir='ltr' id='par_1_42' title="bbox 127 2450 1636 2529">
     <span class='ocr_line' id='line_1_42' title="bbox 127 2450 1636 2529; baseline 0.001 -20"><span class='ocrx_word' id='word_1_295' title='bbox 127 2451 295 2519; x_wconf 74' lang='grc' dir='ltr'>σημεῖα,</span> <span class='ocrx_word' id='word_1_296' title='bbox 316 2450 480 2516; x_wconf 77' lang='grc' dir='ltr'>οὕτως</span> <span class='ocrx_word' id='word_1_297' title='bbox 501 2451 598 2506; x_wconf 72' lang='grc' dir='ltr'><strong>καὶ</strong></span> <span class='ocrx_word' id='word_1_298' title='bbox 626 2453 660 2524; x_wconf 82' lang='grc' dir='ltr'>ἡ</span> <span class='ocrx_word' id='word_1_299' title='bbox 686 2452 958 2526; x_wconf 83' lang='grc' dir='ltr'>γνωστικὴ</span> <span class='ocrx_word' id='word_1_300' title='bbox 988 2453 1306 2509; x_wconf 86' lang='grc' dir='ltr'>διδασκαλία</span> <span class='ocrx_word' id='word_1_301' title='bbox 1332 2454 1402 2508; x_wconf 76' lang='grc' dir='ltr'><strong>δι⁹</strong></span> <span class='ocrx_word' id='word_1_302' title='bbox 1427 2455 1636 2529; x_wconf 82' lang='grc' dir='ltr'>ἀνθρώ-</span> 
     </span>
    </p>
   </div>
   <div class='ocr_carea' id='block_1_43' title="bbox 1799 2438 3315 2529">
    <p class='ocr_par' dir='ltr' id='par_1_43' title="bbox 1799 2438 3315 2513">
     <span class='ocr_line' id='line_1_43' title="bbox 1799 2438 3315 2513; baseline 0.001 -19"><span class='ocrx_word' id='word_1_303' title='bbox 1799 2438 1811 2494; x_wconf 91' lang='grc' dir='ltr'><strong>Ι</strong></span> <span class='ocrx_word' id='word_1_304' title='bbox 1839 2440 2090 2496; x_wconf 90' lang='lat' dir='ltr'><strong>eumdem</strong></span> <span class='ocrx_word' id='word_1_305' title='bbox 2119 2441 2343 2497; x_wconf 90' lang='lat' dir='ltr'><strong>modum</strong></span> <span class='ocrx_word' id='word_1_306' title='bbox 2363 2451 2417 2498; x_wconf 91' lang='lat' dir='ltr'><strong>et</strong></span> <span class='ocrx_word' id='word_1_307' title='bbox 2446 2443 2695 2498; x_wconf 88' lang='lat' dir='ltr'><strong>doctrina</strong></span> <span class='ocrx_word' id='word_1_308' title='bbox 2750 2457 2871 2513; x_wconf 65' lang='lat' dir='ltr'><strong>quas</strong></span> <span class='ocrx_word' id='word_1_309' title='bbox 2900 2445 2969 2498; x_wconf 91' lang='lat' dir='ltr'><strong>ad</strong></span> <span class='ocrx_word' id='word_1_310' title='bbox 3028 2441 3315 2498; x_wconf 85' lang='lat' dir='ltr'><strong>scientiam</strong></span> 
     </span>
    </p>
   </div>
   <div class='ocr_carea' id='block_1_44' title="bbox 129 2531 1645 2620">
    <p class='ocr_par' dir='ltr' id='par_1_44' title="bbox 129 2543 1637 2620">
     <span class='ocr_line' id='line_1_44' title="bbox 129 2543 1637 2620; baseline 0.007 -28"><span class='ocrx_word' id='word_1_311' title='bbox 129 2557 212 2593; x_wconf 77' lang='grc' dir='ltr'><strong>πων</strong></span> <span class='ocrx_word' id='word_1_312' title='bbox 231 2543 558 2615; x_wconf 75' lang='grc' dir='ltr'>ἐνεργοῦντος</span> <span class='ocrx_word' id='word_1_313' title='bbox 586 2544 684 2598; x_wconf 90' lang='grc' dir='ltr'><strong>τοῦ</strong></span> <span class='ocrx_word' id='word_1_314' title='bbox 733 2543 868 2599; x_wconf 82' lang='grc' dir='ltr'>Θεοῦ</span> <span class='ocrx_word' id='word_1_315' title='bbox 914 2545 1260 2601; x_wconf 68' lang='grc' dir='ltr'>ἐπιτελεῖται*</span> <span class='ocrx_word' id='word_1_316' title='bbox 1299 2549 1329 2601; x_wconf 83' lang='grc' dir='ltr'>ὁ</span> <span class='ocrx_word' id='word_1_317' title='bbox 1355 2547 1464 2620; x_wconf 76' lang='grc' dir='ltr'>γὰρ</span> <span class='ocrx_word' id='word_1_318' title='bbox 1505 2549 1637 2614; x_wconf 71' lang='grc' dir='ltr'>Θεὸς</span> 
     </span>
    </p>
   </div>
   <div class='ocr_carea' id='block_1_45' title="bbox 1801 2531 3317 2620">
    <p class='ocr_par' dir='ltr' id='par_1_45' title="bbox 1801 2531 3317 2606">
     <span class='ocr_line' id='line_1_45' title="bbox 1801 2531 3317 2606; baseline 0.001 -20"><span class='ocrx_word' id='word_1_319' title='bbox 1801 2531 1936 2595; x_wconf 91' lang='lat' dir='ltr'><strong>ndit,</strong></span> <span class='ocrx_word' id='word_1_320' title='bbox 1965 2547 2063 2602; x_wconf 87' lang='lat' dir='ltr'><strong>per</strong></span> <span class='ocrx_word' id='word_1_321' title='bbox 2087 2532 2334 2590; x_wconf 86' lang='lat' dir='ltr'><strong>homines</strong></span> <span class='ocrx_word' id='word_1_322' title='bbox 2390 2535 2500 2591; x_wconf 90' lang='lat' dir='ltr'><strong>Deo</strong></span> <span class='ocrx_word' id='word_1_323' title='bbox 2529 2536 2822 2606; x_wconf 84' lang='lat' dir='ltr'><strong>adjuvante</strong></span> <span class='ocrx_word' id='word_1_324' title='bbox 2850 2544 2903 2590; x_wconf 90' lang='lat' dir='ltr'><strong>et</strong></span> <span class='ocrx_word' id='word_1_325' title='bbox 2943 2533 3161 2589; x_wconf 82' lang='lat' dir='ltr'><strong>aﬁlante</strong></span> <span class='ocrx_word' id='word_1_326' title='bbox 3189 2548 3317 2604; x_wconf 85' lang='lat' dir='ltr'><strong>per-</strong></span> 
     </span>
    </p>
   </div>
   <div class='ocr_carea' id='block_1_46' title="bbox 123 2623 1639 2712">
    <p class='ocr_par' dir='ltr' id='par_1_46' title="bbox 123 2630 1639 2712">
     <span class='ocr_line' id='line_1_46' title="bbox 123 2630 1639 2712; baseline 0.008 -29"><span class='ocrx_word' id='word_1_327' title='bbox 123 2630 452 2706; x_wconf 71' lang='grc' dir='ltr'>ὀι⁹ἀν6ρώπων</span> <span class='ocrx_word' id='word_1_328' title='bbox 480 2635 583 2708; x_wconf 80' lang='grc' dir='ltr'>τὴν</span> <span class='ocrx_word' id='word_1_329' title='bbox 623 2636 850 2708; x_wconf 85' lang='grc' dir='ltr'>δύναμιν</span> <span class='ocrx_word' id='word_1_330' title='bbox 882 2637 1267 2692; x_wconf 75' lang='grc' dir='ltr'>ἐπιδείκνυται.</span> <span class='ocrx_word' id='word_1_331' title='bbox 1317 2641 1427 2694; x_wconf 74' lang='grc' dir='ltr'>Καὶ</span> <span class='ocrx_word' id='word_1_332' title='bbox 1465 2641 1639 2712; x_wconf 84' lang='grc' dir='ltr'>ὀρθῶς</span> 
     </span>
    </p>
   </div>
   <div class='ocr_carea' id='block_1_47' title="bbox 1802 2623 3318 2712">
    <p class='ocr_par' dir='ltr' id='par_1_47' title="bbox 1802 2623 3318 2700">
     <span class='ocr_line' id='line_1_47' title="bbox 1802 2623 3318 2700; baseline 0.001 -22"><span class='ocrx_word' id='word_1_333' title='bbox 1802 2623 1946 2679; x_wconf 85' lang='lat' dir='ltr'><strong>:itur.</strong></span> <span class='ocrx_word' id='word_1_334' title='bbox 2005 2624 2152 2681; x_wconf 89' lang='lat' dir='ltr'><strong>Deus</strong></span> <span class='ocrx_word' id='word_1_335' title='bbox 2188 2628 2334 2682; x_wconf 88' lang='lat' dir='ltr'><strong>enim</strong></span> <span class='ocrx_word' id='word_1_336' title='bbox 2380 2645 2478 2700; x_wconf 88' lang='lat' dir='ltr'><strong>per</strong></span> <span class='ocrx_word' id='word_1_337' title='bbox 2536 2628 2813 2684; x_wconf 87' lang='lat' dir='ltr'><strong>hominem</strong></span> <span class='ocrx_word' id='word_1_338' title='bbox 2861 2644 3018 2683; x_wconf 86' lang='lat' dir='ltr'><strong>suam</strong></span> <span class='ocrx_word' id='word_1_339' title='bbox 3077 2626 3318 2682; x_wconf 82' lang='lat' dir='ltr'><strong>ostendit</strong></span> 
     </span>
    </p>
   </div>
   <div class='ocr_carea' id='block_1_48' title="bbox 125 2717 1641 2806">
    <p class='ocr_par' dir='ltr' id='par_1_48' title="bbox 125 2724 1639 2806">
     <span class='ocr_line' id='line_1_48' title="bbox 125 2724 1639 2806; baseline 0.008 -31"><span class='ocrx_word' id='word_1_340' title='bbox 125 2724 424 2796; x_wconf 74' lang='grc' dir='ltr'>ἠπροφητεία</span> <span class='ocrx_word' id='word_1_341' title='bbox 452 2728 614 2800; x_wconf 75' lang='grc' dir='ltr'>φησί’</span> <span class='ocrx_word' id='word_1_342' title='bbox 648 2728 756 2782; x_wconf 82' lang='lat' dir='ltr'><strong>Kal</strong></span> <span class='ocrx_word' id='word_1_343' title='bbox 797 2728 1114 2783; x_wconf 69' lang='grc' dir='ltr'>ἀποστελῶ</span> <span class='ocrx_word' id='word_1_344' title='bbox 1161 2731 1478 2798; x_wconf 77' lang='grc' dir='ltr'>ἐπάὐτοῖς</span> <span class='ocrx_word' id='word_1_345' title='bbox 1527 2732 1639 2806; x_wconf 81' lang='grc'><strong>(56)</strong></span> 
     </span>
    </p>
   </div>
   <div class='ocr_carea' id='block_1_49' title="bbox 1803 2717 3319 2806">
    <p class='ocr_par' dir='ltr' id='par_1_49' title="bbox 1803 2717 3319 2791">
     <span class='ocr_line' id='line_1_49' title="bbox 1803 2717 3319 2791; baseline 0.002 -22"><span class='ocrx_word' id='word_1_346' title='bbox 1803 2724 2091 2773; x_wconf 74' lang='lat' dir='ltr'><strong>itestatem.</strong></span> <span class='ocrx_word' id='word_1_347' title='bbox 2116 2717 2254 2774; x_wconf 86' lang='lat' dir='ltr'><strong>Ilinc</strong></span> <span class='ocrx_word' id='word_1_348' title='bbox 2275 2728 2424 2775; x_wconf 87' lang='lat' dir='ltr'><strong>recte</strong></span> <span class='ocrx_word' id='word_1_349' title='bbox 2455 2720 2587 2774; x_wconf 81' lang='lat' dir='ltr'><strong>dicit</strong></span> <span class='ocrx_word' id='word_1_350' title='bbox 2634 2720 2954 2791; x_wconf 82' lang='lat' dir='ltr'><strong>prephetia:</strong></span> <span class='ocrx_word' id='word_1_351' title='bbox 2990 2717 3058 2772; x_wconf 87' lang='lat' dir='ltr'><strong>Et</strong></span> <span class='ocrx_word' id='word_1_352' title='bbox 3111 2720 3319 2772; x_wconf 79' lang='lat' dir='ltr'><strong>mittam</strong></span> 
     </span>
    </p>
   </div>
   <div class='ocr_carea' id='block_1_50' title="bbox 125 2808 1641 2894">
    <p class='ocr_par' dir='ltr' id='par_1_50' title="bbox 125 2812 1640 2894">
     <span class='ocr_line' id='line_1_50' title="bbox 125 2812 1640 2894; baseline 0.005 -25"><span class='ocrx_word' id='word_1_353' title='bbox 125 2812 378 2882; x_wconf 74' lang='grc' dir='ltr'>ἄνθρωπον</span> <span class='ocrx_word' id='word_1_354' title='bbox 402 2818 470 2885; x_wconf 78' lang='grc' dir='ltr'>ὃς</span> <span class='ocrx_word' id='word_1_355' title='bbox 511 2818 706 2873; x_wconf 84' lang='grc' dir='ltr'>σώσει</span> <span class='ocrx_word' id='word_1_356' title='bbox 739 2820 977 2886; x_wconf 81' lang='grc' dir='ltr'>αὐτούς.</span> <span class='ocrx_word' id='word_1_357' title='bbox 1028 2820 1201 2884; x_wconf 75' lang='grc' dir='ltr'>Αὐτὸς</span> <span class='ocrx_word' id='word_1_358' title='bbox 1237 2817 1332 2875; x_wconf 79' lang='grc' dir='ltr'><strong>οὖν</strong></span> <span class='ocrx_word' id='word_1_359' title='bbox 1369 2823 1640 2894; x_wconf 79' lang='grc' dir='ltr'>ἐκπέμπει</span> 
     </span>
    </p>
   </div>
   <div class='ocr_carea' id='block_1_51' title="bbox 1805 2808 3321 2894">
    <p class='ocr_par' dir='ltr' id='par_1_51' title="bbox 1805 2808 3321 2884">
     <span class='ocr_line' id='line_1_51' title="bbox 1805 2808 3321 2884; baseline 0.003 -24"><span class='ocrx_word' id='word_1_360' title='bbox 1805 2808 1920 2863; x_wconf 76' lang='lat' dir='ltr'><strong>leas</strong></span> <span class='ocrx_word' id='word_1_361' title='bbox 1950 2810 2150 2875; x_wconf 62' lang='lat' dir='ltr'><strong>uirum,</strong></span> <span class='ocrx_word' id='word_1_362' title='bbox 2206 2811 2299 2881; x_wconf 80' lang='lat' dir='ltr'><strong>qui</strong></span> <span class='ocrx_word' id='word_1_363' title='bbox 2346 2812 2688 2866; x_wconf 76' lang='lat' dir='ltr'><strong>salvabiteos</strong></span> <span class='ocrx_word' id='word_1_364' title='bbox 2736 2811 2939 2882; x_wconf 70' lang='lat' dir='ltr'><strong>c.1pse</strong></span> <span class='ocrx_word' id='word_1_365' title='bbox 2967 2811 3185 2884; x_wconf 85' lang='lat' dir='ltr'><strong>quidem</strong></span> <span class='ocrx_word' id='word_1_366' title='bbox 3235 2820 3321 2867; x_wconf 87' lang='lat' dir='ltr'><strong>est</strong></span> 
     </span>
    </p>
   </div>
   <div class='ocr_carea' id='block_1_52' title="bbox 125 2903 1641 2988">
    <p class='ocr_par' dir='ltr' id='par_1_52' title="bbox 125 2907 1641 2988">
     <span class='ocr_line' id='line_1_52' title="bbox 125 2907 1641 2988; baseline 0.006 -29"><span class='ocrx_word' id='word_1_367' title='bbox 125 2907 218 2960; x_wconf 73' lang='grc' dir='ltr'>ποτὲ</span> <span class='ocrx_word' id='word_1_368' title='bbox 246 2909 332 2978; x_wconf 81' lang='grc' dir='ltr'><strong>μὲν</strong></span> <span class='ocrx_word' id='word_1_369' title='bbox 369 2913 680 2984; x_wconf 78' lang='grc' dir='ltr'>προφήτας,</span> <span class='ocrx_word' id='word_1_370' title='bbox 732 2911 864 2964; x_wconf 78' lang='grc' dir='ltr'>ποτὲ</span> <span class='ocrx_word' id='word_1_371' title='bbox 907 2911 964 2964; x_wconf 70' lang='grc' dir='ltr'><strong>δὲ</strong></span> <span class='ocrx_word' id='word_1_372' title='bbox 993 2911 1344 2977; x_wconf 77' lang='grc' dir='ltr'>ἀποστόλους,</span> <span class='ocrx_word' id='word_1_373' title='bbox 1394 2915 1641 2988; x_wconf 84' lang='grc' dir='ltr'>σωτῆρας</span> 
     </span>
    </p>
   </div>
   <div class='ocr_carea' id='block_1_53' title="bbox 1805 2903 3321 2988">
    <p class='ocr_par' dir='ltr' id='par_1_53' title="bbox 1805 2903 3321 2984">
     <span class='ocr_line' id='line_1_53' title="bbox 1805 2903 3321 2984; baseline -0.001 -27"><span class='ocrx_word' id='word_1_374' title='bbox 1805 2903 1842 2957; x_wconf 74' lang='lat' dir='ltr'><strong>ti</strong></span> <span class='ocrx_word' id='word_1_375' title='bbox 1871 2919 2266 2984; x_wconf 81' lang='lat' dir='ltr'><strong>nonnunquam</strong></span> <span class='ocrx_word' id='word_1_376' title='bbox 2293 2903 2608 2974; x_wconf 88' lang='lat' dir='ltr'><strong>prophetas,</strong></span> <span class='ocrx_word' id='word_1_377' title='bbox 2637 2903 2967 2974; x_wconf 86' lang='lat' dir='ltr'><strong>quandoque</strong></span> <span class='ocrx_word' id='word_1_378' title='bbox 2997 2915 3130 2956; x_wconf 86' lang='lat' dir='ltr'><strong>vero</strong></span> <span class='ocrx_word' id='word_1_379' title='bbox 3189 2916 3321 2972; x_wconf 85' lang='lat' dir='ltr'><strong>apo-</strong></span> 
     </span>
    </p>
   </div>
   <div class='ocr_carea' id='block_1_54' title="bbox 123 2991 1639 3076">
    <p class='ocr_par' dir='ltr' id='par_1_54' title="bbox 123 2996 1639 3076">
     <span class='ocr_line' id='line_1_54' title="bbox 123 2996 1639 3076; baseline 0.007 -29"><span class='ocrx_word' id='word_1_380' title='bbox 123 2996 200 3050; x_wconf 81' lang='grc' dir='ltr'><strong>τῶν</strong></span> <span class='ocrx_word' id='word_1_381' title='bbox 227 2999 526 3072; x_wconf 65' lang='grc' dir='ltr'>ἀνθρώπων.</span> <span class='ocrx_word' id='word_1_382' title='bbox 572 3001 736 3055; x_wconf 83' lang='grc' dir='ltr'>Οῦτω</span> <span class='ocrx_word' id='word_1_383' title='bbox 787 3002 917 3066; x_wconf 78' lang='grc' dir='ltr'>Θεὸς</span> <span class='ocrx_word' id='word_1_384' title='bbox 975 3003 1045 3056; x_wconf 84' lang='grc' dir='ltr'><strong>δι’</strong></span> <span class='ocrx_word' id='word_1_385' title='bbox 1073 3003 1376 3076; x_wconf 83' lang='grc' dir='ltr'>ἀνθρώπων</span> <span class='ocrx_word' id='word_1_386' title='bbox 1418 3004 1639 3076; x_wconf 76' lang='grc' dir='ltr'>εὐεργε-</span> 
     </span>
    </p>
   </div>
   <div class='ocr_carea' id='block_1_55' title="bbox 1804 2991 3320 3076">
    <p class='ocr_par' dir='ltr' id='par_1_55' title="bbox 1804 2991 3320 3066">
     <span class='ocr_line' id='line_1_55' title="bbox 1804 2991 3320 3066; baseline -0.003 -14"><span class='ocrx_word' id='word_1_387' title='bbox 1804 2998 1920 3053; x_wconf 82' lang='lat' dir='ltr'><strong>oles</strong></span> <span class='ocrx_word' id='word_1_388' title='bbox 1953 2997 2139 3062; x_wconf 84' lang='lat' dir='ltr'><strong>mittit,</strong></span> <span class='ocrx_word' id='word_1_389' title='bbox 2170 2996 2264 3066; x_wconf 89' lang='lat' dir='ltr'><strong>qui</strong></span> <span class='ocrx_word' id='word_1_390' title='bbox 2300 2995 2614 3052; x_wconf 86' lang='lat' dir='ltr'><strong>hominibus</strong></span> <span class='ocrx_word' id='word_1_391' title='bbox 2661 2995 2891 3050; x_wconf 88' lang='lat' dir='ltr'><strong>salutem</strong></span> <span class='ocrx_word' id='word_1_392' title='bbox 2921 3001 3136 3064; x_wconf 89' lang='lat' dir='ltr'><strong>parent.</strong></span> <span class='ocrx_word' id='word_1_393' title='bbox 3162 2991 3320 3048; x_wconf 81' lang='lat' dir='ltr'><strong>Hunc</strong></span> 
     </span>
    </p>
   </div>
   <div class='ocr_carea' id='block_1_56' title="bbox 123 3088 1639 3165">
    <p class='ocr_par' dir='ltr' id='par_1_56' title="bbox 123 3092 1639 3165">
     <span class='ocr_line' id='line_1_56' title="bbox 123 3092 1639 3165; baseline 0.007 -25"><span class='ocrx_word' id='word_1_394' title='bbox 123 3092 193 3141; x_wconf 79' lang='grc' dir='ltr'>τεῖ-</span> <span class='ocrx_word' id='word_1_395' title='bbox 221 3093 324 3162; x_wconf 76' lang='grc' dir='ltr'>ούχὶ</span> <span class='ocrx_word' id='word_1_396' title='bbox 348 3093 456 3165; x_wconf 80' lang='grc' dir='ltr'>γὰρ</span> <span class='ocrx_word' id='word_1_397' title='bbox 488 3093 560 3148; x_wconf 75' lang='grc' dir='ltr'><strong>τά</strong></span> <span class='ocrx_word' id='word_1_398' title='bbox 619 3093 718 3164; x_wconf 74' lang='grc' dir='ltr'><strong>μὲν</strong></span> <span class='ocrx_word' id='word_1_399' title='bbox 751 3093 992 3158; x_wconf 86' lang='grc' dir='ltr'>δύναται,</span> <span class='ocrx_word' id='word_1_400' title='bbox 1022 3094 1093 3148; x_wconf 80' lang='grc' dir='ltr'>τὰ</span> <span class='ocrx_word' id='word_1_401' title='bbox 1136 3095 1194 3148; x_wconf 84' lang='grc' dir='ltr'><strong>δὲ</strong></span> <span class='ocrx_word' id='word_1_402' title='bbox 1247 3095 1306 3148; x_wconf 86' lang='grc' dir='ltr'>οὺ</span> <span class='ocrx_word' id='word_1_403' title='bbox 1362 3095 1581 3151; x_wconf 83' lang='grc' dir='ltr'>δύναται</span> <span class='ocrx_word' id='word_1_404' title='bbox 1613 3098 1639 3150; x_wconf 81' lang='grc' dir='ltr'><strong>ὁ</strong></span> 
     </span>
    </p>
   </div>
   <div class='ocr_carea' id='block_1_57' title="bbox 1803 3088 3319 3165">
    <p class='ocr_par' dir='ltr' id='par_1_57' title="bbox 1803 3088 3319 3160">
     <span class='ocr_line' id='line_1_57' title="bbox 1803 3088 3319 3160; baseline 0 -18"><span class='ocrx_word' id='word_1_405' title='bbox 1803 3088 2046 3144; x_wconf 86' lang='lat' dir='ltr'><strong>modum</strong></span> <span class='ocrx_word' id='word_1_406' title='bbox 2081 3089 2224 3145; x_wconf 90' lang='lat' dir='ltr'><strong>Deus</strong></span> <span class='ocrx_word' id='word_1_407' title='bbox 2285 3104 2380 3160; x_wconf 89' lang='lat' dir='ltr'><strong>per</strong></span> <span class='ocrx_word' id='word_1_408' title='bbox 2425 3089 2699 3143; x_wconf 87' lang='lat' dir='ltr'><strong>hominem</strong></span> <span class='ocrx_word' id='word_1_409' title='bbox 2758 3088 3019 3142; x_wconf 81' lang='lat' dir='ltr'><strong>beneficia</strong></span> <span class='ocrx_word' id='word_1_410' title='bbox 3073 3094 3319 3156; x_wconf 64' lang='lat' dir='ltr'><strong>praestat.</strong></span> 
     </span>
    </p>
   </div>
   <div class='ocr_carea' id='block_1_58' title="bbox 123 3172 1639 3259">
    <p class='ocr_par' dir='ltr' id='par_1_58' title="bbox 123 3178 1639 3259">
     <span class='ocr_line' id='line_1_58' title="bbox 123 3178 1639 3259; baseline 0.007 -28"><span class='ocrx_word' id='word_1_411' title='bbox 123 3178 233 3245; x_wconf 80' lang='grc' dir='ltr'>Θεὸς,</span> <span class='ocrx_word' id='word_1_412' title='bbox 253 3185 360 3238; x_wconf 77' lang='grc' dir='ltr'>οὐδὲ</span> <span class='ocrx_word' id='word_1_413' title='bbox 389 3185 616 3239; x_wconf 79' lang='grc' dir='ltr'>ἀσθενεῖ</span> <span class='ocrx_word' id='word_1_414' title='bbox 644 3201 776 3238; x_wconf 87' lang='grc' dir='ltr'>ποτε</span> <span class='ocrx_word' id='word_1_415' title='bbox 826 3186 884 3237; x_wconf 82' lang='grc' dir='ltr'>ὲν</span> <span class='ocrx_word' id='word_1_416' title='bbox 912 3185 1106 3239; x_wconf 76' lang='grc' dir='ltr'>οὐδενίο</span> <span class='ocrx_word' id='word_1_417' title='bbox 1149 3185 1264 3239; x_wconf 77' lang='grc' dir='ltr'>ἀλλ’</span> <span class='ocrx_word' id='word_1_418' title='bbox 1285 3186 1406 3240; x_wconf 80' lang='grc' dir='ltr'>οὐδὲ</span> <span class='ocrx_word' id='word_1_419' title='bbox 1456 3186 1524 3240; x_wconf 84' lang='grc' dir='ltr'><strong>τὰ</strong></span> <span class='ocrx_word' id='word_1_420' title='bbox 1557 3187 1639 3259; x_wconf 61' lang='grc' dir='ltr'>μὲι</span> 
     </span>
    </p>
   </div>
   <div class='ocr_carea' id='block_1_59' title="bbox 1802 3172 3318 3259">
    <p class='ocr_par' dir='ltr' id='par_1_59' title="bbox 1805 3172 3318 3252">
     <span class='ocr_line' id='line_1_59' title="bbox 1805 3172 3318 3252; baseline -0.004 -14"><span class='ocrx_word' id='word_1_421' title='bbox 1805 3196 1875 3238; x_wconf 89' lang='lat' dir='ltr'><strong>on</strong></span> <span class='ocrx_word' id='word_1_422' title='bbox 1899 3181 2044 3237; x_wconf 85' lang='lat' dir='ltr'><strong>enim</strong></span> <span class='ocrx_word' id='word_1_423' title='bbox 2071 3180 2319 3252; x_wconf 71' lang='lat' dir='ltr'><strong>quaedam</strong></span> <span class='ocrx_word' id='word_1_424' title='bbox 2350 3179 2560 3235; x_wconf 80' lang='lat' dir='ltr'><strong>efﬁcere</strong></span> <span class='ocrx_word' id='word_1_425' title='bbox 2586 3187 2766 3250; x_wconf 83' lang='lat' dir='ltr'><strong>potest</strong></span> <span class='ocrx_word' id='word_1_426' title='bbox 2798 3172 2964 3240; x_wconf 82' lang='lat' dir='ltr'><strong>Deus,</strong></span> <span class='ocrx_word' id='word_1_427' title='bbox 2997 3185 3050 3231; x_wconf 77' lang='lat' dir='ltr'><strong>et</strong></span> <span class='ocrx_word' id='word_1_428' title='bbox 3073 3178 3179 3232; x_wconf 86' lang='lat' dir='ltr'><strong>alia</strong></span> <span class='ocrx_word' id='word_1_429' title='bbox 3209 3193 3318 3232; x_wconf 88' lang='lat' dir='ltr'><strong>non</strong></span> 
     </span>
    </p>
   </div>
   <div class='ocr_carea' id='block_1_60' title="bbox 121 3269 1637 3348">
    <p class='ocr_par' dir='ltr' id='par_1_60' title="bbox 121 3269 1637 3348">
     <span class='ocr_line' id='line_1_60' title="bbox 121 3269 1637 3348; baseline 0.007 -28"><span class='ocrx_word' id='word_1_430' title='bbox 121 3269 305 3336; x_wconf 73' lang='grc' dir='ltr'>ἑκόντος,</span> <span class='ocrx_word' id='word_1_431' title='bbox 328 3273 395 3327; x_wconf 81' lang='grc' dir='ltr'>τὰ</span> <span class='ocrx_word' id='word_1_432' title='bbox 442 3274 503 3328; x_wconf 83' lang='grc' dir='ltr'><strong>δὲ</strong></span> <span class='ocrx_word' id='word_1_433' title='bbox 538 3274 774 3337; x_wconf 79' lang='grc' dir='ltr'>ἄκοντος</span> <span class='ocrx_word' id='word_1_434' title='bbox 819 3273 982 3328; x_wconf 77' lang='grc' dir='ltr'>αὒτοῦ</span> <span class='ocrx_word' id='word_1_435' title='bbox 1027 3274 1254 3344; x_wconf 88' lang='grc' dir='ltr'>γίνεται·</span> <span class='ocrx_word' id='word_1_436' title='bbox 1297 3275 1392 3330; x_wconf 73' lang='grc' dir='ltr'><strong>καὶ</strong></span> <span class='ocrx_word' id='word_1_437' title='bbox 1427 3277 1494 3331; x_wconf 79' lang='grc' dir='ltr'>τὰ</span> <span class='ocrx_word' id='word_1_438' title='bbox 1546 3277 1637 3348; x_wconf 84' lang='grc' dir='ltr'>μὲν</span> 
     </span>
    </p>
   </div>
   <div class='ocr_carea' id='block_1_61' title="bbox 1804 3269 3320 3348">
    <p class='ocr_par' dir='ltr' id='par_1_61' title="bbox 1804 3269 3320 3344">
     <span class='ocr_line' id='line_1_61' title="bbox 1804 3269 3320 3344; baseline -0.001 -20"><span class='ocrx_word' id='word_1_439' title='bbox 1804 3281 1958 3340; x_wconf 73' lang='grc' dir='ltr'>ιιεεις</span> <span class='ocrx_word' id='word_1_440' title='bbox 1994 3288 2172 3344; x_wconf 88' lang='lat' dir='ltr'><strong>neque</strong></span> <span class='ocrx_word' id='word_1_441' title='bbox 2196 3287 2256 3328; x_wconf 88' lang='lat' dir='ltr'><strong>re</strong></span> <span class='ocrx_word' id='word_1_442' title='bbox 2279 3273 2387 3327; x_wconf 87' lang='lat' dir='ltr'><strong>ulla</strong></span> <span class='ocrx_word' id='word_1_443' title='bbox 2418 3272 2667 3327; x_wconf 85' lang='lat' dir='ltr'><strong>inﬁrmus</strong></span> <span class='ocrx_word' id='word_1_444' title='bbox 2710 3281 2811 3326; x_wconf 87' lang='lat' dir='ltr'><strong>est.</strong></span> <span class='ocrx_word' id='word_1_445' title='bbox 2849 3269 2955 3324; x_wconf 83' lang='lat' dir='ltr'><strong>Sed</strong></span> <span class='ocrx_word' id='word_1_446' title='bbox 2987 3277 3041 3324; x_wconf 88' lang='lat' dir='ltr'><strong>et</strong></span> <span class='ocrx_word' id='word_1_447' title='bbox 3069 3285 3172 3324; x_wconf 87' lang='lat' dir='ltr'><strong>nec</strong></span> <span class='ocrx_word' id='word_1_448' title='bbox 3201 3269 3320 3340; x_wconf 79' lang='lat' dir='ltr'><strong>ip‘so</strong></span> 
     </span>
    </p>
   </div>
   <div class='ocr_carea' id='block_1_62' title="bbox 122 3358 1638 3440">
    <p class='ocr_par' dir='ltr' id='par_1_62' title="bbox 122 3358 1638 3440">
     <span class='ocr_line' id='line_1_62' title="bbox 122 3358 1638 3440; baseline 0.007 -28"><span class='ocrx_word' id='word_1_449' title='bbox 122 3358 186 3413; x_wconf 78' lang='grc' dir='ltr'><strong>ὕπ’</strong></span> <span class='ocrx_word' id='word_1_450' title='bbox 203 3363 364 3428; x_wconf 81' lang='grc' dir='ltr'>αὐτοῦ,</span> <span class='ocrx_word' id='word_1_451' title='bbox 391 3366 460 3420; x_wconf 83' lang='grc' dir='ltr'>τὰ</span> <span class='ocrx_word' id='word_1_452' title='bbox 492 3365 551 3419; x_wconf 82' lang='grc' dir='ltr'><strong>δὲ</strong></span> <span class='ocrx_word' id='word_1_453' title='bbox 583 3364 679 3434; x_wconf 80' lang='grc' dir='ltr'><strong>ὑφ’</strong></span> <span class='ocrx_word' id='word_1_454' title='bbox 708 3364 915 3436; x_wconf 76' lang='grc' dir='ltr'>ἑτέρουο</span> <span class='ocrx_word' id='word_1_455' title='bbox 937 3365 1073 3420; x_wconf 83' lang='grc' dir='ltr'>ἀλλὰ</span> <span class='ocrx_word' id='word_1_456' title='bbox 1099 3367 1193 3421; x_wconf 77' lang='grc' dir='ltr'><strong>καὶ</strong></span> <span class='ocrx_word' id='word_1_457' title='bbox 1219 3368 1364 3438; x_wconf 76' lang='grc' dir='ltr'>ἡμᾶς</span> <span class='ocrx_word' id='word_1_458' title='bbox 1392 3367 1638 3440; x_wconf 75' lang='grc' dir='ltr'>ἐγέννησε</span> 
     </span>
    </p>
   </div>
   <div class='ocr_carea' id='block_1_63' title="bbox 1803 3358 3319 3440">
    <p class='ocr_par' dir='ltr' id='par_1_63' title="bbox 1803 3362 3319 3438">
     <span class='ocr_line' id='line_1_63' title="bbox 1803 3362 3319 3438; baseline -0.001 -21"><span class='ocrx_word' id='word_1_459' title='bbox 1803 3367 1955 3422; x_wconf 72' lang='lat' dir='ltr'><strong>dente</strong></span> <span class='ocrx_word' id='word_1_460' title='bbox 1981 3365 2230 3438; x_wconf 66' lang='lat' dir='ltr'><strong>quaedam</strong></span> <span class='ocrx_word' id='word_1_461' title='bbox 2289 3366 2446 3430; x_wconf 89' lang='lat' dir='ltr'><strong>ﬁunt,</strong></span> <span class='ocrx_word' id='word_1_462' title='bbox 2501 3365 2605 3419; x_wconf 86' lang='lat' dir='ltr'><strong>alia</strong></span> <span class='ocrx_word' id='word_1_463' title='bbox 2635 3380 2764 3418; x_wconf 83' lang='lat' dir='ltr'><strong>vero</strong></span> <span class='ocrx_word' id='word_1_464' title='bbox 2798 3362 2957 3434; x_wconf 89' lang='lat' dir='ltr'><strong>quasi</strong></span> <span class='ocrx_word' id='word_1_465' title='bbox 2993 3363 3114 3433; x_wconf 84' lang='lat' dir='ltr'><strong>ipso</strong></span> <span class='ocrx_word' id='word_1_466' title='bbox 3145 3362 3319 3418; x_wconf 88' lang='lat' dir='ltr'><strong>invito</strong></span> 
     </span>
    </p>
   </div>
   <div class='ocr_carea' id='block_1_64' title="bbox 117 3450 1633 3531">
    <p class='ocr_par' dir='ltr' id='par_1_64' title="bbox 117 3450 1354 3531">
     <span class='ocr_line' id='line_1_64' title="bbox 117 3450 1354 3531; baseline 0.007 -27"><span class='ocrx_word' id='word_1_467' title='bbox 117 3450 164 3504; x_wconf 79' lang='grc' dir='ltr'><strong>δι’</strong></span> <span class='ocrx_word' id='word_1_468' title='bbox 178 3455 467 3528; x_wconf 76' lang='grc' dir='ltr'>ἀνθρώπιον,</span> <span class='ocrx_word' id='word_1_469' title='bbox 498 3457 602 3512; x_wconf 59' lang='grc' dir='ltr'><strong>καί¹</strong></span> <span class='ocrx_word' id='word_1_470' title='bbox 636 3458 919 3512; x_wconf 73' lang='grc' dir='ltr'>ἐπαίδευσε</span> <span class='ocrx_word' id='word_1_471' title='bbox 939 3458 1006 3512; x_wconf 80' lang='grc' dir='ltr'><strong>δι’</strong></span> <span class='ocrx_word' id='word_1_472' title='bbox 1031 3459 1354 3531; x_wconf 81' lang='grc' dir='ltr'>ἀνθρώπων.</span> 
     </span>
    </p>
   </div>
   <div class='ocr_carea' id='block_1_65' title="bbox 1805 3450 3321 3531">
    <p class='ocr_par' dir='ltr' id='par_1_65' title="bbox 1805 3454 3321 3527">
     <span class='ocr_line' id='line_1_65' title="bbox 1805 3454 3321 3527; baseline 0 -18"><span class='ocrx_word' id='word_1_473' title='bbox 1805 3464 1872 3511; x_wconf 64' lang='grc' dir='ltr'><strong>πη.</strong></span> <span class='ocrx_word' id='word_1_474' title='bbox 1895 3457 2121 3524; x_wconf 84' lang='lat' dir='ltr'><strong>eﬁ‘ecta;</strong></span> <span class='ocrx_word' id='word_1_475' title='bbox 2151 3465 2206 3513; x_wconf 88' lang='lat' dir='ltr'><strong>et</strong></span> <span class='ocrx_word' id='word_1_476' title='bbox 2265 3457 2379 3512; x_wconf 67' lang='lat' dir='ltr'><strong>haec</strong></span> <span class='ocrx_word' id='word_1_477' title='bbox 2431 3457 2651 3527; x_wconf 88' lang='lat' dir='ltr'><strong>quidem</strong></span> <span class='ocrx_word' id='word_1_478' title='bbox 2682 3456 2751 3511; x_wconf 87' lang='lat' dir='ltr'><strong>ab</strong></span> <span class='ocrx_word' id='word_1_479' title='bbox 2781 3456 2922 3526; x_wconf 93' lang='lat' dir='ltr'><strong>ipso,</strong></span> <span class='ocrx_word' id='word_1_480' title='bbox 2956 3455 3060 3508; x_wconf 84' lang='lat' dir='ltr'><strong>alia</strong></span> <span class='ocrx_word' id='word_1_481' title='bbox 3084 3469 3216 3509; x_wconf 87' lang='lat' dir='ltr'><strong>vero</strong></span> <span class='ocrx_word' id='word_1_482' title='bbox 3250 3454 3321 3510; x_wconf 87' lang='lat' dir='ltr'><strong>ab</strong></span> 
     </span>
    </p>
   </div>
   <div class='ocr_carea' id='block_1_66' title="bbox 1743 3547 3322 3621">
    <p class='ocr_par' dir='ltr' id='par_1_66' title="bbox 1743 3547 3322 3621">
     <span class='ocr_line' id='line_1_66' title="bbox 1743 3547 3322 3621; baseline 0 -19"><span class='ocrx_word' id='word_1_483' title='bbox 1743 3548 1886 3616; x_wconf 89' lang='lat' dir='ltr'><strong>alio;</strong></span> <span class='ocrx_word' id='word_1_484' title='bbox 1926 3547 2061 3619; x_wconf 91' lang='lat' dir='ltr'><strong>quin</strong></span> <span class='ocrx_word' id='word_1_485' title='bbox 2093 3555 2148 3603; x_wconf 91' lang='lat' dir='ltr'><strong>et</strong></span> <span class='ocrx_word' id='word_1_486' title='bbox 2169 3563 2273 3604; x_wconf 89' lang='lat' dir='ltr'><strong>nos</strong></span> <span class='ocrx_word' id='word_1_487' title='bbox 2299 3561 2516 3621; x_wconf 91' lang='lat' dir='ltr'><strong>quoque</strong></span> <span class='ocrx_word' id='word_1_488' title='bbox 2541 3564 2641 3620; x_wconf 88' lang='lat' dir='ltr'><strong>per</strong></span> <span class='ocrx_word' id='word_1_489' title='bbox 2670 3548 2921 3604; x_wconf 90' lang='lat' dir='ltr'><strong>homines</strong></span> <span class='ocrx_word' id='word_1_490' title='bbox 2949 3547 3159 3619; x_wconf 85' lang='lat' dir='ltr'><strong>genu-it,</strong></span> <span class='ocrx_word' id='word_1_491' title='bbox 3193 3562 3322 3618; x_wconf 88' lang='lat' dir='ltr'><strong>per-</strong></span> 
     </span>
    </p>
   </div>
   <div class='ocr_carea' id='block_1_67' title="bbox 378 3641 2694 3711">
    <p class='ocr_par' dir='ltr' id='par_1_67' title="bbox 378 3641 2694 3711">
     <span class='ocr_line' id='line_1_67' title="bbox 378 3641 2694 3711; baseline 0.015 -42"><span class='ocrx_word' id='word_1_492' title='bbox 378 3653 385 3659; x_wconf 88' lang='grc'><strong>-</strong></span> <span class='ocrx_word' id='word_1_493' title='bbox 1005 3666 1007 3668; x_wconf 89' lang='grc'><strong>-</strong></span> <span class='ocrx_word' id='word_1_494' title='bbox 1744 3657 1851 3711; x_wconf 91' lang='lat' dir='ltr'><strong>que</strong></span> <span class='ocrx_word' id='word_1_495' title='bbox 1884 3641 2134 3697; x_wconf 79' lang='lat' dir='ltr'><strong>homines</strong></span> <span class='ocrx_word' id='word_1_496' title='bbox 2158 3643 2381 3697; x_wconf 87' lang='lat' dir='ltr'><strong>erudiit.</strong></span> <span class='ocrx_word' id='word_1_497' title='bbox 2683 3667 2694 3674; x_wconf 67' lang='grc' dir='ltr'><strong><em>ν</em></strong></span> 
     </span>
    </p>
   </div>
   <div class='ocr_carea' id='block_1_68' title="bbox 169 3715 1685 3804">
    <p class='ocr_par' dir='ltr' id='par_1_68' title="bbox 169 3715 1642 3796">
     <span class='ocr_line' id='line_1_68' title="bbox 169 3715 1642 3796; baseline 0.005 -31"><span class='ocrx_word' id='word_1_498' title='bbox 169 3715 248 3796; x_wconf 68' lang='lat' dir='ltr'><strong>IZ&#39;.</strong></span> <span class='ocrx_word' id='word_1_499' title='bbox 284 3718 338 3771; x_wconf 89' lang='lat'><strong>&#39;0</strong></span> <span class='ocrx_word' id='word_1_500' title='bbox 360 3719 492 3784; x_wconf 72' lang='grc' dir='ltr'>Θεὸς</span> <span class='ocrx_word' id='word_1_501' title='bbox 519 3720 680 3792; x_wconf 73' lang='grc' dir='ltr'><strong>ἡμᾶς</strong></span> <span class='ocrx_word' id='word_1_502' title='bbox 705 3719 982 3792; x_wconf 77' lang='grc' dir='ltr'>ἐποίησεν,</span> <span class='ocrx_word' id='word_1_503' title='bbox 1024 3720 1084 3773; x_wconf 78' lang='grc' dir='ltr'><strong>ού</strong></span> <span class='ocrx_word' id='word_1_504' title='bbox 1113 3720 1397 3792; x_wconf 77' lang='grc' dir='ltr'>προόντας.</span> <span class='ocrx_word' id='word_1_505' title='bbox 1447 3720 1642 3792; x_wconf 78' lang='grc' dir='ltr'>Ἐχρῆν</span> 
     </span>
    </p>
   </div>
   <div class='ocr_carea' id='block_1_69' title="bbox 1809 3715 3325 3804">
    <p class='ocr_par' dir='ltr' id='par_1_69' title="bbox 1811 3731 3325 3804">
     <span class='ocr_line' id='line_1_69' title="bbox 1811 3731 3325 3804; baseline -0.001 -16"><span class='ocrx_word' id='word_1_506' title='bbox 1811 3733 1973 3804; x_wconf 76' lang='lat'><strong>362</strong></span> <span class='ocrx_word' id='word_1_507' title='bbox 2010 3733 2175 3790; x_wconf 79' lang='lat' dir='ltr'>XVII.</span> <span class='ocrx_word' id='word_1_508' title='bbox 2207 3733 2350 3790; x_wconf 90' lang='lat' dir='ltr'><strong>Deus</strong></span> <span class='ocrx_word' id='word_1_509' title='bbox 2371 3733 2590 3804; x_wconf 87' lang='lat' dir='ltr'><strong>quidem</strong></span> <span class='ocrx_word' id='word_1_510' title='bbox 2620 3749 2722 3789; x_wconf 87' lang='lat' dir='ltr'><strong>nos</strong></span> <span class='ocrx_word' id='word_1_511' title='bbox 2749 3735 2976 3796; x_wconf 87' lang='lat' dir='ltr'><strong>creavit,</strong></span> <span class='ocrx_word' id='word_1_512' title='bbox 3017 3748 3141 3787; x_wconf 91' lang='lat' dir='ltr'><strong>cum</strong></span> <span class='ocrx_word' id='word_1_513' title='bbox 3173 3731 3325 3802; x_wconf 89' lang='lat' dir='ltr'><strong>prius</strong></span> 
     </span>
    </p>
   </div>
   <div class='ocr_carea' id='block_1_70' title="bbox 115 3803 1631 3896">
    <p class='ocr_par' dir='ltr' id='par_1_70' title="bbox 115 3803 1631 3883">
     <span class='ocr_line' id='line_1_70' title="bbox 115 3803 1631 3883; baseline 0.001 -23"><span class='ocrx_word' id='word_1_514' title='bbox 115 3803 192 3875; x_wconf 67' lang='grc' dir='ltr'>γὰρ</span> <span class='ocrx_word' id='word_1_515' title='bbox 213 3807 292 3861; x_wconf 67' lang='grc' dir='ltr'><strong>κει)⁵</strong></span> <span class='ocrx_word' id='word_1_516' title='bbox 315 3810 511 3865; x_wconf 86' lang='grc' dir='ltr'>εἰδέναι</span> <span class='ocrx_word' id='word_1_517' title='bbox 543 3811 700 3883; x_wconf 79' lang='grc' dir='ltr'><strong>ἡμᾶς</strong></span> <span class='ocrx_word' id='word_1_518' title='bbox 718 3811 850 3864; x_wconf 84' lang='grc' dir='ltr'>ὅπου</span> <span class='ocrx_word' id='word_1_519' title='bbox 882 3806 1022 3882; x_wconf 81' lang='grc' dir='ltr'>ἦμεν</span> <span class='ocrx_word' id='word_1_520' title='bbox 1047 3813 1095 3864; x_wconf 86' lang='grc' dir='ltr'><strong>εί</strong></span> <span class='ocrx_word' id='word_1_521' title='bbox 1124 3811 1394 3883; x_wconf 82' lang='grc' dir='ltr'>προῆμεν,</span> <span class='ocrx_word' id='word_1_522' title='bbox 1415 3812 1508 3864; x_wconf 69' lang='grc' dir='ltr'>καὶ</span> <span class='ocrx_word' id='word_1_523' title='bbox 1526 3812 1631 3874; x_wconf 78' lang='grc' dir='ltr'><strong>πῶς</strong></span> 
     </span>
    </p>
   </div>
   <div class='ocr_carea' id='block_1_71' title="bbox 1810 3803 3326 3896">
    <p class='ocr_par' dir='ltr' id='par_1_71' title="bbox 1810 3824 3326 3896">
     <span class='ocr_line' id='line_1_71' title="bbox 1810 3824 3326 3896; baseline -0.001 -18"><span class='ocrx_word' id='word_1_524' title='bbox 1810 3840 1856 3878; x_wconf 68' lang='grc' dir='ltr'>μη</span> <span class='ocrx_word' id='word_1_525' title='bbox 1888 3840 2159 3881; x_wconf 90' lang='lat' dir='ltr'><strong>essemus.</strong></span> <span class='ocrx_word' id='word_1_526' title='bbox 2193 3824 2450 3896; x_wconf 88' lang='lat' dir='ltr'><strong>Oportuit</strong></span> <span class='ocrx_word' id='word_1_527' title='bbox 2470 3826 2617 3880; x_wconf 92' lang='lat' dir='ltr'><strong>enim</strong></span> <span class='ocrx_word' id='word_1_528' title='bbox 2644 3833 2699 3881; x_wconf 93' lang='lat' dir='ltr'><strong>et</strong></span> <span class='ocrx_word' id='word_1_529' title='bbox 2735 3842 2836 3882; x_wconf 89' lang='lat' dir='ltr'><strong>nos</strong></span> <span class='ocrx_word' id='word_1_530' title='bbox 2885 3826 3028 3880; x_wconf 90' lang='lat' dir='ltr'><strong>scire</strong></span> <span class='ocrx_word' id='word_1_531' title='bbox 3056 3825 3148 3878; x_wconf 90' lang='lat' dir='ltr'><strong>ubi</strong></span> <span class='ocrx_word' id='word_1_532' title='bbox 3200 3838 3326 3878; x_wconf 86' lang='lat' dir='ltr'><strong>era-</strong></span> 
     </span>
    </p>
   </div>
   <div class='ocr_carea' id='block_1_72' title="bbox 117 3896 1633 3986">
    <p class='ocr_par' dir='ltr' id='par_1_72' title="bbox 117 3896 1633 3975">
     <span class='ocr_line' id='line_1_72' title="bbox 117 3896 1633 3975; baseline 0.006 -28"><span class='ocrx_word' id='word_1_533' title='bbox 117 3896 268 3952; x_wconf 76' lang='grc' dir='ltr'>κσὶδιὰ</span> <span class='ocrx_word' id='word_1_534' title='bbox 294 3902 344 3954; x_wconf 88' lang='grc' dir='ltr'><strong>τί</strong></span> <span class='ocrx_word' id='word_1_535' title='bbox 373 3901 538 3974; x_wconf 84' lang='grc' dir='ltr'>δεῦρο</span> <span class='ocrx_word' id='word_1_536' title='bbox 571 3903 804 3974; x_wconf 74' lang='grc' dir='ltr'>ἥκομεν·</span> <span class='ocrx_word' id='word_1_537' title='bbox 832 3904 880 3955; x_wconf 77' lang='grc' dir='ltr'>εἰ</span> <span class='ocrx_word' id='word_1_538' title='bbox 913 3903 956 3955; x_wconf 80' lang='grc' dir='ltr'><strong>δ’</strong></span> <span class='ocrx_word' id='word_1_539' title='bbox 981 3902 1043 3956; x_wconf 86' lang='grc' dir='ltr'><strong>ού</strong></span> <span class='ocrx_word' id='word_1_540' title='bbox 1075 3903 1342 3974; x_wconf 83' lang='grc' dir='ltr'>προῆμεν,</span> <span class='ocrx_word' id='word_1_541' title='bbox 1369 3903 1468 3975; x_wconf 80' lang='grc' dir='ltr'><strong>τῆς</strong></span> <span class='ocrx_word' id='word_1_542' title='bbox 1498 3903 1633 3972; x_wconf 88' lang='grc' dir='ltr'>γενέ-</span> 
     </span>
    </p>
   </div>
   <div class='ocr_carea' id='block_1_73' title="bbox 1812 3896 3328 3986">
    <p class='ocr_par' dir='ltr' id='par_1_73' title="bbox 1812 3914 3328 3986">
     <span class='ocr_line' id='line_1_73' title="bbox 1812 3914 3328 3986; baseline 0.001 -17"><span class='ocrx_word' id='word_1_543' title='bbox 1812 3931 1896 3980; x_wconf 89' lang='lat' dir='ltr'><strong>us,</strong></span> <span class='ocrx_word' id='word_1_544' title='bbox 1942 3917 1988 3971; x_wconf 91' lang='lat' dir='ltr'><strong>si</strong></span> <span class='ocrx_word' id='word_1_545' title='bbox 2026 3917 2186 3972; x_wconf 92' lang='lat' dir='ltr'><strong>modo</strong></span> <span class='ocrx_word' id='word_1_546' title='bbox 2239 3918 2391 3986; x_wconf 88' lang='lat' dir='ltr'><strong>prius</strong></span> <span class='ocrx_word' id='word_1_547' title='bbox 2441 3916 2768 3984; x_wconf 82' lang='lat' dir='ltr'><strong>fuissemus;</strong></span> <span class='ocrx_word' id='word_1_548' title='bbox 2821 3925 2876 3973; x_wconf 89' lang='lat' dir='ltr'><strong>et</strong></span> <span class='ocrx_word' id='word_1_549' title='bbox 2922 3914 3218 3984; x_wconf 90' lang='lat' dir='ltr'><strong>quomodo,</strong></span> <span class='ocrx_word' id='word_1_550' title='bbox 3274 3924 3328 3972; x_wconf 88' lang='lat' dir='ltr'><strong>et</strong></span> 
     </span>
    </p>
   </div>
   <div class='ocr_carea' id='block_1_74' title="bbox 116 3990 1632 4074">
    <p class='ocr_par' dir='ltr' id='par_1_74' title="bbox 116 3990 1632 4066">
     <span class='ocr_line' id='line_1_74' title="bbox 116 3990 1632 4066; baseline 0.006 -28"><span class='ocrx_word' id='word_1_551' title='bbox 116 4002 220 4052; x_wconf 80' lang='grc' dir='ltr'>σεως</span> <span class='ocrx_word' id='word_1_552' title='bbox 247 3992 393 4062; x_wconf 84' lang='grc' dir='ltr'>μόνος</span> <span class='ocrx_word' id='word_1_553' title='bbox 430 3996 615 4059; x_wconf 70' lang='grc' dir='ltr'>αἴτιος</span> <span class='ocrx_word' id='word_1_554' title='bbox 658 3995 686 4046; x_wconf 88' lang='grc' dir='ltr'>ὁ</span> <span class='ocrx_word' id='word_1_555' title='bbox 721 3995 872 4059; x_wconf 84' lang='grc' dir='ltr'>Θεός.</span> <span class='ocrx_word' id='word_1_556' title='bbox 919 3997 1008 4060; x_wconf 82' lang='grc' dir='ltr'>Ὠς</span> <span class='ocrx_word' id='word_1_557' title='bbox 1033 3990 1125 4049; x_wconf 76' lang='grc' dir='ltr'><strong>οὖν</strong></span> <span class='ocrx_word' id='word_1_558' title='bbox 1152 3997 1253 4048; x_wconf 82' lang='grc' dir='ltr'>οὐκ</span> <span class='ocrx_word' id='word_1_559' title='bbox 1285 3995 1442 4059; x_wconf 75' lang='grc' dir='ltr'>ὄντας</span> <span class='ocrx_word' id='word_1_560' title='bbox 1467 3994 1632 4066; x_wconf 78' lang='grc' dir='ltr'>ἐποίη-</span> 
     </span>
    </p>
   </div>
   <div class='ocr_carea' id='block_1_75' title="bbox 1809 3990 3325 4074">
    <p class='ocr_par' dir='ltr' id='par_1_75' title="bbox 1809 4003 3325 4062">
     <span class='ocr_line' id='line_1_75' title="bbox 1809 4003 3325 4062; baseline -0.001 -4"><span class='ocrx_word' id='word_1_561' title='bbox 1809 4021 1915 4059; x_wconf 77' lang='lat' dir='ltr'><strong>tam</strong></span> <span class='ocrx_word' id='word_1_562' title='bbox 1934 4007 2004 4060; x_wconf 92' lang='lat' dir='ltr'><strong>ob</strong></span> <span class='ocrx_word' id='word_1_563' title='bbox 2030 4022 2252 4062; x_wconf 83' lang='lat' dir='ltr'><strong>causam</strong></span> <span class='ocrx_word' id='word_1_564' title='bbox 2279 4007 2424 4062; x_wconf 89' lang='lat' dir='ltr'><strong>hunc</strong></span> <span class='ocrx_word' id='word_1_565' title='bbox 2455 4007 2506 4061; x_wconf 88' lang='lat' dir='ltr'><strong>in</strong></span> <span class='ocrx_word' id='word_1_566' title='bbox 2539 4005 2802 4062; x_wconf 91' lang='lat' dir='ltr'><strong>mundum</strong></span> <span class='ocrx_word' id='word_1_567' title='bbox 2847 4007 3177 4062; x_wconf 86' lang='lat' dir='ltr'><strong>venerimus.</strong></span> <span class='ocrx_word' id='word_1_568' title='bbox 3229 4003 3325 4058; x_wconf 89' lang='lat' dir='ltr'><strong>Sin</strong></span> 
     </span>
    </p>
   </div>
   <div class='ocr_carea' id='block_1_76' title="bbox 116 4085 1632 4167">
    <p class='ocr_par' dir='ltr' id='par_1_76' title="bbox 116 4085 1632 4162">
     <span class='ocr_line' id='line_1_76' title="bbox 116 4085 1632 4162; baseline 0.003 -25"><span class='ocrx_word' id='word_1_569' title='bbox 116 4095 199 4147; x_wconf 82' lang='grc' dir='ltr'>σεν,</span> <span class='ocrx_word' id='word_1_570' title='bbox 219 4085 379 4152; x_wconf 71' lang='grc' dir='ltr'>οὕτως</span> <span class='ocrx_word' id='word_1_571' title='bbox 407 4089 505 4143; x_wconf 71' lang='grc' dir='ltr'><strong>καὶ</strong></span> <span class='ocrx_word' id='word_1_572' title='bbox 535 4089 869 4160; x_wconf 83' lang='grc' dir='ltr'>γενομένους</span> <span class='ocrx_word' id='word_1_573' title='bbox 903 4089 1062 4154; x_wconf 78' lang='grc' dir='ltr'>σώζει</span> <span class='ocrx_word' id='word_1_574' title='bbox 1089 4093 1154 4162; x_wconf 81' lang='grc' dir='ltr'>τῇ</span> <span class='ocrx_word' id='word_1_575' title='bbox 1192 4089 1296 4161; x_wconf 80' lang='grc' dir='ltr'><strong>ἰδίᾳ</strong></span> <span class='ocrx_word' id='word_1_576' title='bbox 1326 4089 1527 4161; x_wconf 87' lang='grc' dir='ltr'>χάριτι,</span> <span class='ocrx_word' id='word_1_577' title='bbox 1558 4087 1632 4142; x_wconf 70' lang='lat' dir='ltr'><strong>sar</strong></span> 
     </span>
    </p>
   </div>
   <div class='ocr_carea' id='block_1_77' title="bbox 1805 4085 3321 4167">
    <p class='ocr_par' dir='ltr' id='par_1_77' title="bbox 1805 4094 3321 4167">
     <span class='ocr_line' id='line_1_77' title="bbox 1805 4094 3321 4167; baseline -0.001 -18"><span class='ocrx_word' id='word_1_578' title='bbox 1805 4096 1906 4150; x_wconf 73' lang='lat' dir='ltr'><strong>rius</strong></span> <span class='ocrx_word' id='word_1_579' title='bbox 1928 4112 2036 4150; x_wconf 89' lang='lat' dir='ltr'><strong>non</strong></span> <span class='ocrx_word' id='word_1_580' title='bbox 2065 4095 2289 4155; x_wconf 83' lang='lat' dir='ltr'><strong>fuimus.</strong></span> <span class='ocrx_word' id='word_1_581' title='bbox 2321 4106 2478 4152; x_wconf 82' lang='lat' dir='ltr'><strong>ortus</strong></span> <span class='ocrx_word' id='word_1_582' title='bbox 2523 4105 2655 4152; x_wconf 84' lang='lat' dir='ltr'><strong>tunc</strong></span> <span class='ocrx_word' id='word_1_583' title='bbox 2693 4097 2867 4152; x_wconf 88' lang='lat' dir='ltr'><strong>nostri</strong></span> <span class='ocrx_word' id='word_1_584' title='bbox 2912 4111 3080 4151; x_wconf 84' lang='lat' dir='ltr'><strong>causa</strong></span> <span class='ocrx_word' id='word_1_585' title='bbox 3103 4094 3321 4167; x_wconf 80' lang='lat' dir='ltr'><strong>quidem</strong></span> 
     </span>
    </p>
   </div>
   <div class='ocr_carea' id='block_1_78' title="bbox 111 4174 1627 4258">
    <p class='ocr_par' dir='ltr' id='par_1_78' title="bbox 111 4174 1626 4254">
     <span class='ocr_line' id='line_1_78' title="bbox 111 4174 1626 4254; baseline 0.011 -25"><span class='ocrx_word' id='word_1_586' title='bbox 111 4174 213 4241; x_wconf 80' lang='grc' dir='ltr'>ἄξιοι</span> <span class='ocrx_word' id='word_1_587' title='bbox 239 4182 340 4254; x_wconf 82' lang='lat'><strong>(37)</strong></span> <span class='ocrx_word' id='word_1_588' title='bbox 373 4185 471 4238; x_wconf 78' lang='grc' dir='ltr'><strong>καὶ</strong></span> <span class='ocrx_word' id='word_1_589' title='bbox 506 4183 813 4254; x_wconf 80' lang='grc' dir='ltr'>ἐπιτήδειοι</span> <span class='ocrx_word' id='word_1_590' title='bbox 869 4183 1144 4254; x_wconf 83' lang='grc' dir='ltr'>φανῶμεν,</span> <span class='ocrx_word' id='word_1_591' title='bbox 1195 4184 1244 4236; x_wconf 77' lang='grc' dir='ltr'>εἰ</span> <span class='ocrx_word' id='word_1_592' title='bbox 1299 4181 1373 4254; x_wconf 81' lang='grc' dir='ltr'><strong>μὴ</strong></span> <span class='ocrx_word' id='word_1_593' title='bbox 1417 4181 1626 4254; x_wconf 80' lang='grc' dir='ltr'>παρήσε</span> 
     </span>
    </p>
   </div>
   <div class='ocr_carea' id='block_1_79' title="bbox 1811 4174 3327 4258">
    <p class='ocr_par' dir='ltr' id='par_1_79' title="bbox 1811 4187 3327 4258">
     <span class='ocr_line' id='line_1_79' title="bbox 1811 4187 3327 4258; baseline -0.001 -16"><span class='ocrx_word' id='word_1_594' title='bbox 1811 4189 1916 4242; x_wconf 83' lang='lat' dir='ltr'><strong>tica</strong></span> <span class='ocrx_word' id='word_1_595' title='bbox 1943 4197 2026 4243; x_wconf 89' lang='lat' dir='ltr'><strong>est</strong></span> <span class='ocrx_word' id='word_1_596' title='bbox 2053 4187 2218 4244; x_wconf 86' lang='lat' dir='ltr'><strong>Deus.</strong></span> <span class='ocrx_word' id='word_1_597' title='bbox 2275 4187 2429 4242; x_wconf 87' lang='lat' dir='ltr'><strong>Sicut</strong></span> <span class='ocrx_word' id='word_1_598' title='bbox 2478 4191 2664 4258; x_wconf 86' lang='lat' dir='ltr'><strong>itaque</strong></span> <span class='ocrx_word' id='word_1_599' title='bbox 2719 4204 2843 4243; x_wconf 89' lang='lat' dir='ltr'><strong>cum</strong></span> <span class='ocrx_word' id='word_1_600' title='bbox 2877 4187 3121 4242; x_wconf 77' lang='lat' dir='ltr'><strong>nondum</strong></span> <span class='ocrx_word' id='word_1_601' title='bbox 3174 4201 3327 4241; x_wconf 86' lang='lat' dir='ltr'><strong>esse-</strong></span> 
     </span>
    </p>
   </div>
   <div class='ocr_carea' id='block_1_80' title="bbox 111 4269 1627 4348">
    <p class='ocr_par' dir='ltr' id='par_1_80' title="bbox 111 4269 1625 4348">
     <span class='ocr_line' id='line_1_80' title="bbox 111 4269 1625 4348; baseline -0.006 -14"><span class='ocrx_word' id='word_1_602' title='bbox 111 4269 214 4337; x_wconf 63' lang='grc' dir='ltr'>πρὸς</span> <span class='ocrx_word' id='word_1_603' title='bbox 259 4274 315 4327; x_wconf 72' lang='grc' dir='ltr'>τὸ</span> <span class='ocrx_word' id='word_1_604' title='bbox 349 4278 555 4330; x_wconf 75' lang='grc' dir='ltr'>οἰκεῖον</span> <span class='ocrx_word' id='word_1_605' title='bbox 590 4275 765 4339; x_wconf 80' lang='grc' dir='ltr'>τέλος·</span> <span class='ocrx_word' id='word_1_606' title='bbox 797 4275 891 4330; x_wconf 77' lang='grc' dir='ltr'>καὶ</span> <span class='ocrx_word' id='word_1_607' title='bbox 945 4274 1056 4348; x_wconf 80' lang='grc' dir='ltr'>γὰρ</span> <span class='ocrx_word' id='word_1_608' title='bbox 1107 4274 1337 4336; x_wconf 74' lang='grc' dir='ltr'>ζώντων</span> <span class='ocrx_word' id='word_1_609' title='bbox 1366 4273 1499 4328; x_wconf 73' lang='grc' dir='ltr'>ἐστὶ</span> <span class='ocrx_word' id='word_1_610' title='bbox 1549 4289 1625 4326; x_wconf 81' lang='grc' dir='ltr'><strong>κα</strong></span> 
     </span>
    </p>
   </div>
   <div class='ocr_carea' id='block_1_81' title="bbox 1807 4269 3323 4348">
    <p class='ocr_par' dir='ltr' id='par_1_81' title="bbox 1811 4277 3323 4346">
     <span class='ocr_line' id='line_1_81' title="bbox 1811 4277 3323 4346; baseline -0.005 -11"><span class='ocrx_word' id='word_1_611' title='bbox 1811 4295 1876 4335; x_wconf 89' lang='lat' dir='ltr'><strong>us</strong></span> <span class='ocrx_word' id='word_1_612' title='bbox 1898 4281 2124 4346; x_wconf 86' lang='lat' dir='ltr'><strong>creavit,</strong></span> <span class='ocrx_word' id='word_1_613' title='bbox 2185 4279 2253 4334; x_wconf 91' lang='lat' dir='ltr'><strong>ad</strong></span> <span class='ocrx_word' id='word_1_614' title='bbox 2301 4280 2550 4336; x_wconf 88' lang='lat' dir='ltr'><strong>eumdem</strong></span> <span class='ocrx_word' id='word_1_615' title='bbox 2599 4279 2819 4334; x_wconf 89' lang='lat' dir='ltr'><strong>modum</strong></span> <span class='ocrx_word' id='word_1_616' title='bbox 2877 4295 3005 4334; x_wconf 89' lang='lat' dir='ltr'><strong>cum</strong></span> <span class='ocrx_word' id='word_1_617' title='bbox 3032 4277 3089 4332; x_wconf 94' lang='lat' dir='ltr'><strong>in</strong></span> <span class='ocrx_word' id='word_1_618' title='bbox 3141 4292 3323 4332; x_wconf 86' lang='lat' dir='ltr'><strong>rerum</strong></span> 
     </span>
    </p>
   </div>
   <div class='ocr_carea' id='block_1_82' title="bbox 110 4364 1626 4442">
    <p class='ocr_par' dir='ltr' id='par_1_82' title="bbox 110 4364 554 4438">
     <span class='ocr_line' id='line_1_82' title="bbox 110 4364 554 4438; baseline 0.007 -18"><span class='ocrx_word' id='word_1_619' title='bbox 110 4364 294 4432; x_wconf 74' lang='grc' dir='ltr'>νεκρῶν</span> <span class='ocrx_word' id='word_1_620' title='bbox 312 4371 554 4438; x_wconf 82' lang='grc' dir='ltr'>Κύριος.</span> 
     </span>
    </p>
   </div>
   <div class='ocr_carea' id='block_1_83' title="bbox 1804 4364 3320 4442">
    <p class='ocr_par' dir='ltr' id='par_1_83' title="bbox 1804 4368 3320 4442">
     <span class='ocr_line' id='line_1_83' title="bbox 1804 4368 3320 4442; baseline -0.001 -18"><span class='ocrx_word' id='word_1_621' title='bbox 1804 4379 1949 4426; x_wconf 72' lang='lat' dir='ltr'><strong>itura</strong></span> <span class='ocrx_word' id='word_1_622' title='bbox 1981 4372 2155 4426; x_wconf 90' lang='lat' dir='ltr'><strong>simus</strong></span> <span class='ocrx_word' id='word_1_623' title='bbox 2202 4371 2329 4442; x_wconf 88' lang='lat' dir='ltr'><strong>ipsi,</strong></span> <span class='ocrx_word' id='word_1_624' title='bbox 2389 4377 2564 4442; x_wconf 86' lang='lat' dir='ltr'><strong>gratia</strong></span> <span class='ocrx_word' id='word_1_625' title='bbox 2619 4386 2718 4428; x_wconf 85' lang='lat' dir='ltr'><strong>sua</strong></span> <span class='ocrx_word' id='word_1_626' title='bbox 2774 4386 2876 4427; x_wconf 84' lang='lat' dir='ltr'><strong>nos</strong></span> <span class='ocrx_word' id='word_1_627' title='bbox 2915 4370 3112 4426; x_wconf 89' lang='lat' dir='ltr'><strong>salutis</strong></span> <span class='ocrx_word' id='word_1_628' title='bbox 3141 4368 3320 4424; x_wconf 90' lang='lat' dir='ltr'><strong>reddit</strong></span> 
     </span>
    </p>
   </div>
   <div class='ocr_carea' id='block_1_84' title="bbox 109 4457 3330 4533">
    <p class='ocr_par' dir='ltr' id='par_1_84' title="bbox 109 4457 3330 4533">
     <span class='ocr_line' id='line_1_84' title="bbox 109 4457 3330 4533; baseline 0.001 -22"><span class='ocrx_word' id='word_1_629' title='bbox 109 4460 378 4531; x_wconf 77' lang='lat' dir='ltr'><strong>participes,</strong></span> <span class='ocrx_word' id='word_1_630' title='bbox 409 4463 459 4519; x_wconf 91' lang='lat' dir='ltr'><strong>si</strong></span> <span class='ocrx_word' id='word_1_631' title='bbox 490 4461 666 4516; x_wconf 86' lang='lat' dir='ltr'><strong>modo</strong></span> <span class='ocrx_word' id='word_1_632' title='bbox 719 4459 984 4516; x_wconf 78' lang='lat' dir='ltr'><strong>fuerimus</strong></span> <span class='ocrx_word' id='word_1_633' title='bbox 1041 4459 1190 4530; x_wconf 91' lang='lat' dir='ltr'><strong>digni</strong></span> <span class='ocrx_word' id='word_1_634' title='bbox 1247 4466 1304 4514; x_wconf 82' lang='lat' dir='ltr'><strong>et</strong></span> <span class='ocrx_word' id='word_1_635' title='bbox 1355 4457 1566 4524; x_wconf 90' lang='lat' dir='ltr'><strong>idonei;</strong></span> <span class='ocrx_word' id='word_1_636' title='bbox 1601 4457 1647 4512; x_wconf 90' lang='lat' dir='ltr'><strong>si</strong></span> <span class='ocrx_word' id='word_1_637' title='bbox 1685 4475 1794 4516; x_wconf 87' lang='lat' dir='ltr'><strong>non</strong></span> <span class='ocrx_word' id='word_1_638' title='bbox 1826 4477 2023 4533; x_wconf 84' lang='lat' dir='ltr'><strong>segnes</strong></span> <span class='ocrx_word' id='word_1_639' title='bbox 2068 4462 2242 4517; x_wconf 89' lang='lat' dir='ltr'><strong>simus</strong></span> <span class='ocrx_word' id='word_1_640' title='bbox 2293 4462 2360 4516; x_wconf 88' lang='lat' dir='ltr'><strong>ad</strong></span> <span class='ocrx_word' id='word_1_641' title='bbox 2425 4461 2585 4517; x_wconf 88' lang='lat' dir='ltr'><strong>ﬁnem</strong></span> <span class='ocrx_word' id='word_1_642' title='bbox 2635 4462 2957 4532; x_wconf 89' lang='lat' dir='ltr'><strong>proprium;</strong></span> <span class='ocrx_word' id='word_1_643' title='bbox 3013 4462 3214 4532; x_wconf 80' lang='lat' dir='ltr'><strong>quippe</strong></span> <span class='ocrx_word' id='word_1_644' title='bbox 3251 4462 3330 4516; x_wconf 56' lang='lat' dir='ltr'><strong>vi-</strong></span> 
     </span>
    </p>
   </div>
   <div class='ocr_carea' id='block_1_85' title="bbox 109 4554 1278 4614">
    <p class='ocr_par' dir='ltr' id='par_1_85' title="bbox 109 4554 1278 4614">
     <span class='ocr_line' id='line_1_85' title="bbox 109 4554 1278 4614; baseline 0.003 -7"><span class='ocrx_word' id='word_1_645' title='bbox 109 4566 249 4609; x_wconf 75' lang='lat' dir='ltr'><strong>rerum</strong></span> <span class='ocrx_word' id='word_1_646' title='bbox 266 4566 339 4612; x_wconf 72' lang='lat' dir='ltr'><strong>est</strong></span> <span class='ocrx_word' id='word_1_647' title='bbox 363 4559 462 4614; x_wconf 77' lang='lat' dir='ltr'><strong>ille</strong></span> <span class='ocrx_word' id='word_1_648' title='bbox 487 4567 544 4613; x_wconf 82' lang='lat' dir='ltr'><strong>et</strong></span> <span class='ocrx_word' id='word_1_649' title='bbox 582 4565 917 4611; x_wconf 78' lang='lat' dir='ltr'><strong>mortuorum</strong></span> <span class='ocrx_word' id='word_1_650' title='bbox 941 4556 1201 4610; x_wconf 73' lang='lat' dir='ltr'><strong>Dominus</strong></span> <span class='ocrx_word' id='word_1_651' title='bbox 1227 4554 1278 4610; x_wconf 74' lang='grc' dir='ltr'>ἀ.</span> 
     </span>
    </p>
   </div>
   <div class='ocr_carea' id='block_1_86' title="bbox 160 4645 1676 4726">
    <p class='ocr_par' dir='ltr' id='par_1_86' title="bbox 160 4649 1653 4726">
     <span class='ocr_line' id='line_1_86' title="bbox 160 4649 1653 4726; baseline 0.002 -27"><span class='ocrx_word' id='word_1_652' title='bbox 160 4649 249 4703; x_wconf 85' lang='grc' dir='ltr'><strong>1Η’.</strong></span> <span class='ocrx_word' id='word_1_653' title='bbox 279 4652 416 4726; x_wconf 84' lang='grc' dir='ltr'><strong>ὐρα</strong></span> <span class='ocrx_word' id='word_1_654' title='bbox 445 4653 506 4707; x_wconf 78' lang='grc' dir='ltr'><strong>δὲ</strong></span> <span class='ocrx_word' id='word_1_655' title='bbox 538 4668 646 4724; x_wconf 86' lang='grc' dir='ltr'><strong>την</strong></span> <span class='ocrx_word' id='word_1_656' title='bbox 670 4651 896 4723; x_wconf 84' lang='grc' dir='ltr'>δύναμιν</span> <span class='ocrx_word' id='word_1_657' title='bbox 923 4651 1016 4705; x_wconf 91' lang='grc' dir='ltr'><strong>τοῦ</strong></span> <span class='ocrx_word' id='word_1_658' title='bbox 1059 4650 1216 4704; x_wconf 81' lang='grc' dir='ltr'><strong>Θεοῦ⁹</strong></span> <span class='ocrx_word' id='word_1_659' title='bbox 1246 4651 1306 4703; x_wconf 84' lang='grc' dir='ltr'><strong>ού</strong></span> <span class='ocrx_word' id='word_1_660' title='bbox 1360 4651 1517 4722; x_wconf 80' lang='grc' dir='ltr'>μόνον</span> <span class='ocrx_word' id='word_1_661' title='bbox 1567 4650 1653 4702; x_wconf 78' lang='grc' dir='ltr'><strong>ἐπ’</strong></span> 
     </span>
    </p>
   </div>
   <div class='ocr_carea' id='block_1_87' title="bbox 1809 4645 3325 4726">
    <p class='ocr_par' dir='ltr' id='par_1_87' title="bbox 1827 4645 3325 4718">
     <span class='ocr_line' id='line_1_87' title="bbox 1827 4645 3325 4718; baseline 0 -16"><span class='ocrx_word' id='word_1_662' title='bbox 1827 4647 2014 4703; x_wconf 79' lang='lat' dir='ltr'>XVIII.</span> <span class='ocrx_word' id='word_1_663' title='bbox 2040 4646 2179 4704; x_wconf 82' lang='lat' dir='ltr'><strong>Vide</strong></span> <span class='ocrx_word' id='word_1_664' title='bbox 2209 4662 2340 4703; x_wconf 87' lang='lat' dir='ltr'><strong>vero</strong></span> <span class='ocrx_word' id='word_1_665' title='bbox 2369 4645 2461 4701; x_wconf 90' lang='lat' dir='ltr'><strong>Dei</strong></span> <span class='ocrx_word' id='word_1_666' title='bbox 2491 4646 2790 4718; x_wconf 88' lang='lat' dir='ltr'><strong>potentiam</strong></span> <span class='ocrx_word' id='word_1_667' title='bbox 2815 4663 2830 4713; x_wconf 92' lang='lat'><strong>;</strong></span> <span class='ocrx_word' id='word_1_668' title='bbox 2880 4661 2991 4701; x_wconf 79' lang='lat' dir='ltr'><strong>non</strong></span> <span class='ocrx_word' id='word_1_669' title='bbox 3037 4653 3249 4702; x_wconf 82' lang='lat' dir='ltr'><strong>tantum</strong></span> <span class='ocrx_word' id='word_1_670' title='bbox 3274 4647 3325 4702; x_wconf 94' lang='lat' dir='ltr'><strong>in</strong></span> 
     </span>
    </p>
   </div>
   <div class='ocr_carea' id='block_1_88' title="bbox 106 4737 1622 4818">
    <p class='ocr_par' dir='ltr' id='par_1_88' title="bbox 106 4737 1619 4818">
     <span class='ocr_line' id='line_1_88' title="bbox 106 4737 1619 4818; baseline -0.003 -19"><span class='ocrx_word' id='word_1_671' title='bbox 106 4737 364 4811; x_wconf 61' lang='grc' dir='ltr'>ἀνθρώπων</span> <span class='ocrx_word' id='word_1_672' title='bbox 391 4745 472 4818; x_wconf 80' lang='grc' dir='ltr'><strong>μὴ</strong></span> <span class='ocrx_word' id='word_1_673' title='bbox 521 4745 689 4808; x_wconf 73' lang='grc' dir='ltr'>ὄντας</span> <span class='ocrx_word' id='word_1_674' title='bbox 715 4746 794 4808; x_wconf 81' lang='grc' dir='ltr'>εις</span> <span class='ocrx_word' id='word_1_675' title='bbox 818 4745 879 4797; x_wconf 81' lang='grc' dir='ltr'>τὺ</span> <span class='ocrx_word' id='word_1_676' title='bbox 925 4739 1064 4798; x_wconf 77' lang='grc' dir='ltr'>εἶναι</span> <span class='ocrx_word' id='word_1_677' title='bbox 1095 4741 1379 4814; x_wconf 84' lang='grc' dir='ltr'>παράγων,</span> <span class='ocrx_word' id='word_1_678' title='bbox 1406 4741 1501 4796; x_wconf 78' lang='grc' dir='ltr'>καὶ</span> <span class='ocrx_word' id='word_1_679' title='bbox 1526 4740 1619 4794; x_wconf 77' lang='grc' dir='ltr'><strong>τοῦ</strong></span> 
     </span>
    </p>
   </div>
   <div class='ocr_carea' id='block_1_89' title="bbox 1811 4737 3327 4818">
    <p class='ocr_par' dir='ltr' id='par_1_89' title="bbox 1811 4738 3327 4810">
     <span class='ocr_line' id='line_1_89' title="bbox 1811 4738 3327 4810; baseline 0 -17"><span class='ocrx_word' id='word_1_680' title='bbox 1811 4740 2094 4804; x_wconf 73' lang='grc' dir='ltr'>πηίοίὺιιε,</span> <span class='ocrx_word' id='word_1_681' title='bbox 2131 4740 2377 4810; x_wconf 90' lang='lat' dir='ltr'><strong>quicum</strong></span> <span class='ocrx_word' id='word_1_682' title='bbox 2427 4739 2668 4793; x_wconf 92' lang='lat' dir='ltr'><strong>nondum</strong></span> <span class='ocrx_word' id='word_1_683' title='bbox 2709 4749 2916 4803; x_wconf 87' lang='lat' dir='ltr'><strong>essent,</strong></span> <span class='ocrx_word' id='word_1_684' title='bbox 2975 4738 3028 4793; x_wconf 91' lang='lat' dir='ltr'><strong>in</strong></span> <span class='ocrx_word' id='word_1_685' title='bbox 3077 4747 3327 4793; x_wconf 81' lang='lat' dir='ltr'><strong>naturam</strong></span> 
     </span>
    </p>
   </div>
   <div class='ocr_carea' id='block_1_90' title="bbox 106 4830 1622 4907">
    <p class='ocr_par' dir='ltr' id='par_1_90' title="bbox 106 4832 1622 4907">
     <span class='ocr_line' id='line_1_90' title="bbox 106 4832 1622 4907; baseline -0.007 -13"><span class='ocrx_word' id='word_1_686' title='bbox 106 4834 384 4902; x_wconf 75' lang='grc' dir='ltr'>γενομένους</span> <span class='ocrx_word' id='word_1_687' title='bbox 408 4836 606 4902; x_wconf 74' lang='grc' dir='ltr'>αὔξων</span> <span class='ocrx_word' id='word_1_688' title='bbox 629 4835 749 4890; x_wconf 87' lang='grc' dir='ltr'>καθ’</span> <span class='ocrx_word' id='word_1_689' title='bbox 771 4835 986 4907; x_wconf 83' lang='grc' dir='ltr'>ἡλικίας</span> <span class='ocrx_word' id='word_1_690' title='bbox 1035 4835 1338 4906; x_wconf 82' lang='grc' dir='ltr'>προκοπὴν,</span> <span class='ocrx_word' id='word_1_691' title='bbox 1374 4832 1509 4886; x_wconf 82' lang='grc' dir='ltr'>ἀλλὰ</span> <span class='ocrx_word' id='word_1_692' title='bbox 1557 4848 1622 4884; x_wconf 80' lang='grc' dir='ltr'><strong>κα</strong></span> 
     </span>
    </p>
   </div>
   <div class='ocr_carea' id='block_1_91' title="bbox 1810 4830 3326 4907">
    <p class='ocr_par' dir='ltr' id='par_1_91' title="bbox 1810 4830 3326 4902">
     <span class='ocr_line' id='line_1_91' title="bbox 1810 4830 3326 4902; baseline -0.001 -16"><span class='ocrx_word' id='word_1_693' title='bbox 1810 4831 2009 4898; x_wconf 75' lang='lat' dir='ltr'><strong>:ducat,</strong></span> <span class='ocrx_word' id='word_1_694' title='bbox 2047 4846 2111 4885; x_wconf 85' lang='lat' dir='ltr'><strong>ac</strong></span> <span class='ocrx_word' id='word_1_695' title='bbox 2141 4839 2428 4902; x_wconf 87' lang='lat' dir='ltr'><strong>postquam</strong></span> <span class='ocrx_word' id='word_1_696' title='bbox 2458 4831 2659 4886; x_wconf 81' lang='lat' dir='ltr'><strong>fuerint</strong></span> <span class='ocrx_word' id='word_1_697' title='bbox 2691 4846 2790 4901; x_wconf 89' lang='lat' dir='ltr'><strong>per</strong></span> <span class='ocrx_word' id='word_1_698' title='bbox 2820 4831 2997 4886; x_wconf 67' lang='lat' dir='ltr'><strong>aetatis</strong></span> <span class='ocrx_word' id='word_1_699' title='bbox 3021 4830 3326 4901; x_wconf 89' lang='lat' dir='ltr'><strong>profectum</strong></span> 
     </span>
    </p>
   </div>
   <div class='ocr_carea' id='block_1_92' title="bbox 106 4923 1622 4994">
    <p class='ocr_par' dir='ltr' id='par_1_92' title="bbox 106 4923 1622 4993">
     <span class='ocr_line' id='line_1_92' title="bbox 106 4923 1622 4993; baseline -0.003 -13"><span class='ocrx_word' id='word_1_700' title='bbox 106 4925 588 4992; x_wconf 69' lang='grc' dir='ltr'>τσὺςπιστεύοντας</span> <span class='ocrx_word' id='word_1_701' title='bbox 632 4926 819 4993; x_wconf 80' lang='grc' dir='ltr'>σώζων</span> <span class='ocrx_word' id='word_1_702' title='bbox 868 4927 1008 4981; x_wconf 83' lang='grc' dir='ltr'>κατὰ</span> <span class='ocrx_word' id='word_1_703' title='bbox 1060 4926 1122 4980; x_wconf 81' lang='grc' dir='ltr'>τὸ</span> <span class='ocrx_word' id='word_1_704' title='bbox 1175 4927 1372 4978; x_wconf 82' lang='grc' dir='ltr'>οἰκεῖον</span> <span class='ocrx_word' id='word_1_705' title='bbox 1415 4923 1622 4993; x_wconf 76' lang='grc' dir='ltr'>ἑκάστῳ</span> 
     </span>
    </p>
   </div>
   <div class='ocr_carea' id='block_1_93' title="bbox 1811 4923 3327 4994">
    <p class='ocr_par' dir='ltr' id='par_1_93' title="bbox 1811 4923 3327 4994">
     <span class='ocr_line' id='line_1_93' title="bbox 1811 4923 3327 4994; baseline 0 -16"><span class='ocrx_word' id='word_1_706' title='bbox 1811 4925 1826 4978; x_wconf 94' lang='lat' dir='ltr'><strong>l</strong></span> <span class='ocrx_word' id='word_1_707' title='bbox 1871 4924 2190 4981; x_wconf 78' lang='lat' dir='ltr'><strong>earumdem</strong></span> <span class='ocrx_word' id='word_1_708' title='bbox 2245 4933 2596 4994; x_wconf 87' lang='lat' dir='ltr'><strong>augmentum</strong></span> <span class='ocrx_word' id='word_1_709' title='bbox 2651 4923 2864 4988; x_wconf 89' lang='lat' dir='ltr'><strong>evehat,</strong></span> <span class='ocrx_word' id='word_1_710' title='bbox 2926 4939 3113 4979; x_wconf 85' lang='lat' dir='ltr'><strong>verum</strong></span> <span class='ocrx_word' id='word_1_711' title='bbox 3164 4924 3327 4978; x_wconf 89' lang='lat' dir='ltr'><strong>etiam</strong></span> 
     </span>
    </p>
   </div>
   <div class='ocr_carea' id='block_1_94' title="bbox 105 5011 1621 5091">
    <p class='ocr_par' dir='ltr' id='par_1_94' title="bbox 105 5011 1621 5091">
     <span class='ocr_line' id='line_1_94' title="bbox 105 5011 1621 5091; baseline 0.001 -24"><span class='ocrx_word' id='word_1_712' title='bbox 105 5011 288 5088; x_wconf 77' lang='grc' dir='ltr'><strong>Ἥδηδὲ</strong></span> <span class='ocrx_word' id='word_1_713' title='bbox 316 5019 657 5090; x_wconf 75' lang='grc' dir='ltr'>μεταϐάλλει</span> <span class='ocrx_word' id='word_1_714' title='bbox 691 5019 786 5074; x_wconf 82' lang='grc' dir='ltr'><strong>καὶ</strong></span> <span class='ocrx_word' id='word_1_715' title='bbox 815 5019 983 5091; x_wconf 81' lang='grc' dir='ltr'>ὥρας,</span> <span class='ocrx_word' id='word_1_716' title='bbox 1013 5019 1108 5072; x_wconf 72' lang='grc' dir='ltr'>καὶ</span> <span class='ocrx_word' id='word_1_717' title='bbox 1134 5018 1378 5089; x_wconf 77' lang='grc' dir='ltr'>καιροὺς,</span> <span class='ocrx_word' id='word_1_718' title='bbox 1410 5017 1505 5070; x_wconf 70' lang='grc' dir='ltr'>καὶ</span> <span class='ocrx_word' id='word_1_719' title='bbox 1522 5031 1621 5085; x_wconf 73' lang='grc' dir='ltr'><strong>καρ</strong></span> 
     </span>
    </p>
   </div>
   <div class='ocr_carea' id='block_1_95' title="bbox 1811 5011 3327 5091">
    <p class='ocr_par' dir='ltr' id='par_1_95' title="bbox 1811 5015 3327 5087">
     <span class='ocr_line' id='line_1_95' title="bbox 1811 5015 3327 5087; baseline -0.001 -17"><span class='ocrx_word' id='word_1_720' title='bbox 1811 5018 2061 5072; x_wconf 76' lang='lat' dir='ltr'><strong>:cundum</strong></span> <span class='ocrx_word' id='word_1_721' title='bbox 2115 5017 2248 5071; x_wconf 85' lang='lat' dir='ltr'><strong>illud</strong></span> <span class='ocrx_word' id='word_1_722' title='bbox 2299 5017 2443 5087; x_wconf 90' lang='lat' dir='ltr'><strong>quod</strong></span> <span class='ocrx_word' id='word_1_723' title='bbox 2504 5018 2702 5087; x_wconf 91' lang='lat' dir='ltr'><strong>cuique</strong></span> <span class='ocrx_word' id='word_1_724' title='bbox 2746 5031 3049 5086; x_wconf 72' lang='lat' dir='ltr'><strong>congruum</strong></span> <span class='ocrx_word' id='word_1_725' title='bbox 3096 5022 3205 5075; x_wconf 85' lang='lat' dir='ltr'><strong>est.</strong></span> <span class='ocrx_word' id='word_1_726' title='bbox 3236 5015 3327 5086; x_wconf 85' lang='lat' dir='ltr'><strong>qui</strong></span> 
     </span>
    </p>
   </div>
   <div class='ocr_carea' id='block_1_96' title="bbox 105 5102 1621 5182">
    <p class='ocr_par' dir='ltr' id='par_1_96' title="bbox 105 5102 1621 5182">
     <span class='ocr_line' id='line_1_96' title="bbox 105 5102 1621 5182; baseline -0.005 -17"><span class='ocrx_word' id='word_1_727' title='bbox 105 5107 230 5173; x_wconf 72' lang='grc' dir='ltr'>ποὺς,</span> <span class='ocrx_word' id='word_1_728' title='bbox 255 5111 344 5164; x_wconf 77' lang='grc' dir='ltr'><strong>καὶ</strong></span> <span class='ocrx_word' id='word_1_729' title='bbox 371 5112 646 5182; x_wconf 77' lang='grc' dir='ltr'>στοιχεῖα.</span> <span class='ocrx_word' id='word_1_730' title='bbox 695 5103 863 5172; x_wconf 77' lang='grc' dir='ltr'>Οὗτος</span> <span class='ocrx_word' id='word_1_731' title='bbox 905 5107 1012 5179; x_wconf 78' lang='grc' dir='ltr'><strong>γὰρ</strong></span> <span class='ocrx_word' id='word_1_732' title='bbox 1060 5102 1142 5172; x_wconf 76' lang='grc' dir='ltr'>εἷς</span> <span class='ocrx_word' id='word_1_733' title='bbox 1174 5106 1330 5171; x_wconf 83' lang='grc' dir='ltr'>Θεὸς,</span> <span class='ocrx_word' id='word_1_734' title='bbox 1355 5107 1385 5159; x_wconf 84' lang='grc' dir='ltr'>ὁ</span> <span class='ocrx_word' id='word_1_735' title='bbox 1411 5106 1506 5159; x_wconf 61' lang='grc' dir='ltr'><strong>καί⁸</strong></span> <span class='ocrx_word' id='word_1_736' title='bbox 1556 5102 1621 5174; x_wconf 79' lang='grc' dir='ltr'>τὴ</span> 
     </span>
    </p>
   </div>
   <div class='ocr_carea' id='block_1_97' title="bbox 1814 5102 3330 5182">
    <p class='ocr_par' dir='ltr' id='par_1_97' title="bbox 1814 5107 3330 5169">
     <span class='ocr_line' id='line_1_97' title="bbox 1814 5107 3330 5169; baseline -0.003 -3"><span class='ocrx_word' id='word_1_737' title='bbox 1814 5111 1995 5166; x_wconf 75' lang='lat' dir='ltr'><strong>&#39;edunt</strong></span> <span class='ocrx_word' id='word_1_738' title='bbox 2029 5109 2211 5165; x_wconf 89' lang='lat' dir='ltr'><strong>salvos</strong></span> <span class='ocrx_word' id='word_1_739' title='bbox 2241 5109 2438 5166; x_wconf 85' lang='lat' dir='ltr'><strong>reddit.</strong></span> <span class='ocrx_word' id='word_1_740' title='bbox 2472 5108 2591 5164; x_wconf 78' lang='lat' dir='ltr'><strong>Iam</strong></span> <span class='ocrx_word' id='word_1_741' title='bbox 2627 5122 2757 5164; x_wconf 84' lang='lat' dir='ltr'><strong>vero</strong></span> <span class='ocrx_word' id='word_1_742' title='bbox 2782 5115 2836 5162; x_wconf 92' lang='lat' dir='ltr'><strong>et</strong></span> <span class='ocrx_word' id='word_1_743' title='bbox 2887 5107 3073 5169; x_wconf 83' lang='lat' dir='ltr'><strong>horas,</strong></span> <span class='ocrx_word' id='word_1_744' title='bbox 3103 5113 3158 5161; x_wconf 90' lang='lat' dir='ltr'><strong>et</strong></span> <span class='ocrx_word' id='word_1_745' title='bbox 3186 5113 3330 5161; x_wconf 88' lang='lat' dir='ltr'><strong>tem-</strong></span> 
     </span>
    </p>
   </div>
   <div class='ocr_carea' id='block_1_98' title="bbox 101 5193 1617 5272">
    <p class='ocr_par' dir='ltr' id='par_1_98' title="bbox 101 5193 1617 5270">
     <span class='ocr_line' id='line_1_98' title="bbox 101 5193 1617 5270; baseline -0.006 -17"><span class='ocrx_word' id='word_1_746' title='bbox 101 5194 243 5268; x_wconf 74' lang='grc' dir='ltr'>ἀρχὴν</span> <span class='ocrx_word' id='word_1_747' title='bbox 267 5201 359 5254; x_wconf 72' lang='grc' dir='ltr'><strong>καὶ</strong></span> <span class='ocrx_word' id='word_1_748' title='bbox 384 5201 451 5254; x_wconf 81' lang='grc' dir='ltr'><strong>τὸ</strong></span> <span class='ocrx_word' id='word_1_749' title='bbox 477 5199 641 5264; x_wconf 80' lang='grc' dir='ltr'>τέλος</span> <span class='ocrx_word' id='word_1_750' title='bbox 680 5198 790 5252; x_wconf 86' lang='grc' dir='ltr'><strong>τῶν</strong></span> <span class='ocrx_word' id='word_1_751' title='bbox 829 5196 1134 5270; x_wconf 83' lang='grc' dir='ltr'>γενομένων</span> <span class='ocrx_word' id='word_1_752' title='bbox 1186 5197 1402 5261; x_wconf 80' lang='grc' dir='ltr'>οἰκείως</span> <span class='ocrx_word' id='word_1_753' title='bbox 1440 5193 1617 5249; x_wconf 62' lang='grc' dir='ltr'>ἑκάστη</span> 
     </span>
    </p>
   </div>
   <div class='ocr_carea' id='block_1_99' title="bbox 1813 5193 3329 5272">
    <p class='ocr_par' dir='ltr' id='par_1_99' title="bbox 1813 5194 3329 5269">
     <span class='ocr_line' id='line_1_99' title="bbox 1813 5194 3329 5269; baseline -0.004 -13"><span class='ocrx_word' id='word_1_754' title='bbox 1813 5217 1914 5267; x_wconf 66' lang='grc' dir='ltr'><strong>πο,</strong></span> <span class='ocrx_word' id='word_1_755' title='bbox 1945 5209 2000 5257; x_wconf 89' lang='lat' dir='ltr'><strong>et</strong></span> <span class='ocrx_word' id='word_1_756' title='bbox 2027 5199 2261 5266; x_wconf 81' lang='lat' dir='ltr'><strong>fructus,</strong></span> <span class='ocrx_word' id='word_1_757' title='bbox 2290 5216 2357 5257; x_wconf 88' lang='lat' dir='ltr'><strong>ac</strong></span> <span class='ocrx_word' id='word_1_758' title='bbox 2378 5201 2645 5257; x_wconf 88' lang='lat' dir='ltr'><strong>elementa</strong></span> <span class='ocrx_word' id='word_1_759' title='bbox 2689 5207 2866 5254; x_wconf 88' lang='lat' dir='ltr'><strong>mutat</strong></span> <span class='ocrx_word' id='word_1_760' title='bbox 2895 5197 3030 5269; x_wconf 88' lang='lat' dir='ltr'><strong>ipse.</strong></span> <span class='ocrx_word' id='word_1_761' title='bbox 3065 5194 3160 5252; x_wconf 90' lang='lat' dir='ltr'><strong>llle</strong></span> <span class='ocrx_word' id='word_1_762' title='bbox 3182 5199 3329 5250; x_wconf 79' lang='lat' dir='ltr'><strong>enim</strong></span> 
     </span>
    </p>
   </div>
   <div class='ocr_carea' id='block_1_100' title="bbox 104 5290 1620 5365">
    <p class='ocr_par' dir='ltr' id='par_1_100' title="bbox 104 5291 480 5362">
     <span class='ocr_line' id='line_1_100' title="bbox 104 5291 480 5362; baseline 0.011 -22"><span class='ocrx_word' id='word_1_763' title='bbox 104 5291 368 5362; x_wconf 73' lang='grc' dir='ltr'>μετρήσας.</span> <span class='ocrx_word' id='word_1_764' title='bbox 471 5313 480 5322; x_wconf 95' lang='grc'><strong>·</strong></span> 
     </span>
    </p>
   </div>
   <div class='ocr_carea' id='block_1_101' title="bbox 1817 5290 3333 5365">
    <p class='ocr_par' dir='ltr' id='par_1_101' title="bbox 1817 5290 3333 5365">
     <span class='ocr_line' id='line_1_101' title="bbox 1817 5290 3333 5365; baseline -0.003 -19"><span class='ocrx_word' id='word_1_765' title='bbox 1817 5304 1846 5347; x_wconf 56' lang='grc' dir='ltr'><strong>ιι</strong></span> <span class='ocrx_word' id='word_1_766' title='bbox 1873 5294 2018 5351; x_wconf 91' lang='lat' dir='ltr'><strong>Deus</strong></span> <span class='ocrx_word' id='word_1_767' title='bbox 2047 5309 2213 5359; x_wconf 90' lang='lat' dir='ltr'><strong>unus,</strong></span> <span class='ocrx_word' id='word_1_768' title='bbox 2245 5294 2338 5365; x_wconf 88' lang='lat' dir='ltr'><strong>qui</strong></span> <span class='ocrx_word' id='word_1_769' title='bbox 2361 5293 2689 5365; x_wconf 84' lang='lat' dir='ltr'><strong>principium</strong></span> <span class='ocrx_word' id='word_1_770' title='bbox 2720 5306 2785 5346; x_wconf 84' lang='lat' dir='ltr'><strong>ac</strong></span> <span class='ocrx_word' id='word_1_771' title='bbox 2806 5290 2965 5348; x_wconf 82' lang='lat' dir='ltr'><strong>ﬁnem</strong></span> <span class='ocrx_word' id='word_1_772' title='bbox 2994 5303 3186 5345; x_wconf 88' lang='lat' dir='ltr'><strong>eorum</strong></span> <span class='ocrx_word' id='word_1_773' title='bbox 3211 5303 3333 5360; x_wconf 71' lang='lat' dir='ltr'><strong>qua:</strong></span> 
     </span>
    </p>
   </div>
   <div class='ocr_carea' id='block_1_102' title="bbox 1764 5380 2912 5457">
    <p class='ocr_par' dir='ltr' id='par_1_102' title="bbox 1764 5380 2912 5457">
     <span class='ocr_line' id='line_1_102' title="bbox 1764 5380 2912 5457; baseline -0.002 -17"><span class='ocrx_word' id='word_1_774' title='bbox 1764 5394 1894 5441; x_wconf 87' lang='lat' dir='ltr'><strong>sunt</strong></span> <span class='ocrx_word' id='word_1_775' title='bbox 1925 5385 2242 5457; x_wconf 85' lang='lat' dir='ltr'><strong>unicuique,</strong></span> <span class='ocrx_word' id='word_1_776' title='bbox 2253 5383 2641 5441; x_wconf 78' lang='lat' dir='ltr'><strong>convenienter</strong></span> <span class='ocrx_word' id='word_1_777' title='bbox 2663 5380 2912 5438; x_wconf 85' lang='lat' dir='ltr'><strong>deﬁniat.</strong></span> 
     </span>
    </p>
   </div>
   <div class='ocr_carea' id='block_1_103' title="bbox 185 5515 3191 5594">
    <p class='ocr_par' dir='ltr' id='par_1_103' title="bbox 185 5515 3191 5594">
     <span class='ocr_line' id='line_1_103' title="bbox 185 5515 3191 5594; baseline -0.006 -2"><span class='ocrx_word' id='word_1_778' title='bbox 185 5533 238 5592; x_wconf 55' lang='grc' dir='ltr'>ᾖ</span> <span class='ocrx_word' id='word_1_779' title='bbox 276 5528 338 5589; x_wconf 84' lang='grc' dir='ltr'>Ρ.</span> <span class='ocrx_word' id='word_1_780' title='bbox 373 5528 488 5587; x_wconf 78' lang='lat'><strong>985</strong></span> <span class='ocrx_word' id='word_1_781' title='bbox 531 5527 648 5584; x_wconf 85' lang='grc' dir='ltr'><strong>ΕΙ).</strong></span> <span class='ocrx_word' id='word_1_782' title='bbox 687 5524 984 5587; x_wconf 78' lang='lat' dir='ltr'><strong>POTTER.</strong></span> <span class='ocrx_word' id='word_1_783' title='bbox 1026 5541 1055 5571; x_wconf 74' lang='grc' dir='ltr'>ι</span> <span class='ocrx_word' id='word_1_784' title='bbox 1092 5528 1282 5586; x_wconf 80' lang='lat' dir='ltr'><strong>Matth.</strong></span> <span class='ocrx_word' id='word_1_785' title='bbox 1325 5547 1378 5594; x_wconf 84' lang='lat' dir='ltr'><strong>v,</strong></span> <span class='ocrx_word' id='word_1_786' title='bbox 1423 5525 1478 5584; x_wconf 80' lang='lat'><strong>6.</strong></span> <span class='ocrx_word' id='word_1_787' title='bbox 1554 5526 1584 5566; x_wconf 73' lang='grc'><strong>1³</strong></span> <span class='ocrx_word' id='word_1_788' title='bbox 1616 5521 1786 5579; x_wconf 81' lang='lat' dir='ltr'><strong>Marc.</strong></span> <span class='ocrx_word' id='word_1_789' title='bbox 1829 5539 1906 5591; x_wconf 77' lang='lat' dir='ltr'><strong>Ix,</strong></span> <span class='ocrx_word' id='word_1_790' title='bbox 1962 5521 2141 5580; x_wconf 70' lang='lat'><strong>18-28.</strong></span> <span class='ocrx_word' id='word_1_791' title='bbox 2221 5532 2245 5563; x_wconf 77' lang='grc' dir='ltr'><strong>ο</strong></span> <span class='ocrx_word' id='word_1_792' title='bbox 2285 5521 2392 5580; x_wconf 84' lang='lat' dir='ltr'><strong>lsa.</strong></span> <span class='ocrx_word' id='word_1_793' title='bbox 2423 5537 2540 5590; x_wconf 73' lang='lat' dir='ltr'><strong>nx,</strong></span> <span class='ocrx_word' id='word_1_794' title='bbox 2564 5521 2657 5578; x_wconf 74' lang='lat'><strong>20.</strong></span> <span class='ocrx_word' id='word_1_795' title='bbox 2733 5521 2762 5560; x_wconf 69' lang='grc' dir='ltr'><em>α</em></span> <span class='ocrx_word' id='word_1_796' title='bbox 2797 5515 2958 5576; x_wconf 77' lang='lat' dir='ltr'><strong>Rom.</strong></span> <span class='ocrx_word' id='word_1_797' title='bbox 2989 5529 3105 5585; x_wconf 73' lang='lat' dir='ltr'><strong>xiv,</strong></span> <span class='ocrx_word' id='word_1_798' title='bbox 3134 5516 3191 5574; x_wconf 89' lang='lat'><strong>9.</strong></span> 
     </span>
    </p>
   </div>
   <div class='ocr_carea' id='block_1_104' title="bbox 155 5633 1671 5775">
    <p class='ocr_par' dir='ltr' id='par_1_104' title="bbox 155 5641 1656 5775">
     <span class='ocr_line' id='line_1_104' title="bbox 155 5641 1654 5716; baseline -0.007 -12"><span class='ocrx_word' id='word_1_799' title='bbox 155 5642 254 5716; x_wconf 73' lang='lat'><strong>(36)</strong></span> <span class='ocrx_word' id='word_1_800' title='bbox 284 5642 638 5702; x_wconf 76' lang='grc' dir='ltr'>Ἆπόστελῶ</span> <span class='ocrx_word' id='word_1_801' title='bbox 670 5645 762 5698; x_wconf 75' lang='grc' dir='ltr'><strong>ἐπ’</strong></span> <span class='ocrx_word' id='word_1_802' title='bbox 796 5645 1021 5712; x_wconf 79' lang='grc' dir='ltr'>αὐτοῖς.</span> <span class='ocrx_word' id='word_1_803' title='bbox 1072 5641 1236 5700; x_wconf 81' lang='lat' dir='ltr'><strong>Forte</strong></span> <span class='ocrx_word' id='word_1_804' title='bbox 1260 5643 1544 5700; x_wconf 83' lang='grc' dir='ltr'>ἀποστελῶ</span> <span class='ocrx_word' id='word_1_805' title='bbox 1568 5641 1654 5694; x_wconf 77' lang='grc' dir='ltr'><strong>ἐπ’</strong></span> 
     </span>
     <span class='ocr_line' id='line_1_105' title="bbox 155 5713 1656 5775; baseline -0.003 -6"><span class='ocrx_word' id='word_1_806' title='bbox 155 5716 281 5775; x_wconf 74' lang='grc' dir='ltr'>τούς.</span> <span class='ocrx_word' id='word_1_807' title='bbox 333 5719 421 5774; x_wconf 77' lang='lat' dir='ltr'><strong>vel</strong></span> <span class='ocrx_word' id='word_1_808' title='bbox 480 5717 847 5770; x_wconf 76' lang='grc' dir='ltr'>ὲπαποστελῶ</span> <span class='ocrx_word' id='word_1_809' title='bbox 877 5717 1058 5775; x_wconf 79' lang='grc' dir='ltr'>αὐτοῖς</span> <span class='ocrx_word' id='word_1_810' title='bbox 1079 5733 1091 5745; x_wconf 71' lang='grc' dir='ltr'><strong>ο</strong></span> <span class='ocrx_word' id='word_1_811' title='bbox 1151 5723 1245 5769; x_wconf 85' lang='lat' dir='ltr'><strong>aut</strong></span> <span class='ocrx_word' id='word_1_812' title='bbox 1299 5716 1386 5770; x_wconf 75' lang='grc' dir='ltr'><strong>ἐπ’</strong></span> <span class='ocrx_word' id='word_1_813' title='bbox 1428 5713 1656 5770; x_wconf 74' lang='lat' dir='ltr'><strong>omnino</strong></span> 
     </span>
    </p>
   </div>
   <div class='ocr_carea' id='block_1_105' title="bbox 1814 5633 3330 5775">
    <p class='ocr_par' dir='ltr' id='par_1_105' title="bbox 1814 5633 3330 5775">
     <span class='ocr_line' id='line_1_106' title="bbox 1835 5633 3330 5775; baseline -0.005 -81"><span class='ocrx_word' id='word_1_814' title='bbox 1835 5640 1954 5775; x_wconf 74' lang='grc' dir='ltr'><strong>(5Ὶέ</strong></span> <span class='ocrx_word' id='word_1_815' title='bbox 1995 5639 2138 5695; x_wconf 81' lang='grc' dir='ltr'><strong>Ἐὰν</strong></span> <span class='ocrx_word' id='word_1_816' title='bbox 2157 5639 2256 5705; x_wconf 76' lang='grc' dir='ltr'><strong>ἇξ.</strong></span> <span class='ocrx_word' id='word_1_817' title='bbox 2275 5638 2366 5694; x_wconf 92' lang='lat' dir='ltr'><strong>Sic</strong></span> <span class='ocrx_word' id='word_1_818' title='bbox 2384 5654 2600 5710; x_wconf 90' lang='lat' dir='ltr'><strong>quoque</strong></span> <span class='ocrx_word' id='word_1_819' title='bbox 2630 5636 2891 5720; x_wconf 69' lang='lat' dir='ltr'><strong>distingui</strong></span> <span class='ocrx_word' id='word_1_820' title='bbox 2925 5638 3088 5718; x_wconf 73' lang='lat' dir='ltr'><strong>locus</strong></span> <span class='ocrx_word' id='word_1_821' title='bbox 3107 5633 3330 5705; x_wconf 66' lang='lat' dir='ltr'><strong>poterit,-</strong></span> 
     </span>
     <span class='ocr_line' id='line_1_107' title="bbox 1814 5704 3330 5775; baseline -0.005 -13"><span class='ocrx_word' id='word_1_822' title='bbox 1814 5727 1858 5762; x_wconf 90' lang='grc' dir='ltr'><strong>ιν</strong></span> <span class='ocrx_word' id='word_1_823' title='bbox 1884 5711 1921 5766; x_wconf 80' lang='grc' dir='ltr'><strong>ἄ</strong></span> <span class='ocrx_word' id='word_1_824' title='bbox 1957 5727 2024 5763; x_wconf 90' lang='grc' dir='ltr'><strong>ιοι</strong></span> <span class='ocrx_word' id='word_1_825' title='bbox 2049 5712 2142 5764; x_wconf 73' lang='grc' dir='ltr'><strong>καὶ</strong></span> <span class='ocrx_word' id='word_1_826' title='bbox 2188 5711 2481 5775; x_wconf 78' lang='grc' dir='ltr'>ἐπιτήδειοι</span> <span class='ocrx_word' id='word_1_827' title='bbox 2522 5725 2798 5775; x_wconf 78' lang='grc' dir='ltr'>φανῶμεν·</span> <span class='ocrx_word' id='word_1_828' title='bbox 2851 5709 2901 5760; x_wconf 86' lang='grc' dir='ltr'><strong>εί</strong></span> <span class='ocrx_word' id='word_1_829' title='bbox 2946 5705 3022 5775; x_wconf 83' lang='grc' dir='ltr'><strong>μὴ</strong></span> <span class='ocrx_word' id='word_1_830' title='bbox 3055 5707 3128 5775; x_wconf 88' lang='lat' dir='ltr'><strong>(td</strong></span> <span class='ocrx_word' id='word_1_831' title='bbox 3153 5711 3260 5771; x_wconf 84' lang='lat' dir='ltr'><strong>est,</strong></span> <span class='ocrx_word' id='word_1_832' title='bbox 3282 5704 3330 5756; x_wconf 72' lang='lat' dir='ltr'><strong>el</strong></span> 
     </span>
    </p>
   </div>
   <div class='ocr_carea' id='block_1_106' title="bbox 95 5704 1611 5799">
    <p class='ocr_par' dir='ltr' id='par_1_106' title="bbox 95 5704 1611 5799">
     <span class='ocr_line' id='line_1_108' title="bbox 95 5704 1611 5799; baseline -0.005 -27"><span class='ocrx_word' id='word_1_833' title='bbox 333 5719 421 5774; x_wconf 89' lang='lat' dir='ltr'><strong>vel</strong></span> <span class='ocrx_word' id='word_1_834' title='bbox 468 5717 847 5799; x_wconf 58' lang='grc' dir='ltr'>ξπαποστελῶ</span> <span class='ocrx_word' id='word_1_835' title='bbox 877 5704 1091 5779; x_wconf 73' lang='grc' dir='ltr'>αὐτοῖς·</span> <span class='ocrx_word' id='word_1_836' title='bbox 1151 5723 1245 5769; x_wconf 89' lang='lat' dir='ltr'><strong>aut</strong></span> <span class='ocrx_word' id='word_1_837' title='bbox 1299 5716 1386 5770; x_wconf 76' lang='grc' dir='ltr'><strong>ἐπ’</strong></span> <span class='ocrx_word' id='word_1_838' title='bbox 1428 5713 1611 5770; x_wconf 85' lang='lat' dir='ltr'><strong>omnin</strong></span> 
     </span>
    </p>
   </div>
   <div class='ocr_carea' id='block_1_107' title="bbox 1816 5704 3332 5799">
    <p class='ocr_par' dir='ltr' id='par_1_107' title="bbox 1816 5704 3332 5799">
     <span class='ocr_line' id='line_1_109' title="bbox 1816 5704 3332 5799; baseline -0.005 -37"><span class='ocrx_word' id='word_1_839' title='bbox 1816 5704 1858 5762; x_wconf 82' lang='grc' dir='ltr'><strong>ιν</strong></span> <span class='ocrx_word' id='word_1_840' title='bbox 1884 5704 2024 5799; x_wconf 64' lang='grc' dir='ltr'>ᾷξιοι</span> <span class='ocrx_word' id='word_1_841' title='bbox 2049 5712 2142 5799; x_wconf 66' lang='grc' dir='ltr'><strong>καὶ</strong></span> <span class='ocrx_word' id='word_1_842' title='bbox 2188 5704 2481 5799; x_wconf 19' lang='grc' dir='ltr'>ὲνπιτῄδείρι</span> <span class='ocrx_word' id='word_1_843' title='bbox 2512 5704 2901 5799; x_wconf 45' lang='grc' dir='ltr'>ξφανιῖζξιενοόεί</span> <span class='ocrx_word' id='word_1_844' title='bbox 2931 5705 3022 5799; x_wconf 43' lang='grc' dir='ltr'>,μὴ</span> <span class='ocrx_word' id='word_1_845' title='bbox 3055 5704 3128 5778; x_wconf 80' lang='lat' dir='ltr'><strong>(id</strong></span> <span class='ocrx_word' id='word_1_846' title='bbox 3153 5711 3260 5771; x_wconf 84' lang='lat' dir='ltr'><strong>est,</strong></span> <span class='ocrx_word' id='word_1_847' title='bbox 3282 5704 3332 5756; x_wconf 70' lang='lat' dir='ltr'><strong>el</strong></span> 
     </span>
    </p>
   </div>
   <div class='ocr_carea' id='block_1_108' title="bbox 103 5776 1619 5854">
    <p class='ocr_par' dir='ltr' id='par_1_108' title="bbox 103 5776 1052 5844">
     <span class='ocr_line' id='line_1_110' title="bbox 103 5776 1052 5844; baseline 0.011 -11"><span class='ocrx_word' id='word_1_848' title='bbox 103 5776 305 5841; x_wconf 65' lang='lat' dir='ltr'><strong>uidenda</strong></span> <span class='ocrx_word' id='word_1_849' title='bbox 326 5797 434 5844; x_wconf 87' lang='lat' dir='ltr'><strong>est.</strong></span> <span class='ocrx_word' id='word_1_850' title='bbox 466 5789 742 5843; x_wconf 72' lang='lat' dir='ltr'><strong>Summo.</strong></span> <span class='ocrx_word' id='word_1_851' title='bbox 1041 5776 1052 5779; x_wconf 43' lang='grc'>⁷</span> 
     </span>
    </p>
   </div>
   <div class='ocr_carea' id='block_1_109' title="bbox 1567 5776 3083 5854">
    <p class='ocr_par' dir='ltr' id='par_1_109' title="bbox 1763 5776 3083 5854">
     <span class='ocr_line' id='line_1_111' title="bbox 1763 5776 3083 5854; baseline 0.001 -21"><span class='ocrx_word' id='word_1_852' title='bbox 1763 5781 1817 5834; x_wconf 84' lang='grc' dir='ltr'><strong>δὲ</strong></span> <span class='ocrx_word' id='word_1_853' title='bbox 1854 5781 1950 5852; x_wconf 85' lang='grc' dir='ltr'><strong>μὴ)</strong></span> <span class='ocrx_word' id='word_1_854' title='bbox 1982 5783 2216 5854; x_wconf 77' lang='grc' dir='ltr'>παρήσει</span> <span class='ocrx_word' id='word_1_855' title='bbox 2241 5776 2379 5853; x_wconf 72' lang='grc' dir='ltr'>πρδς</span> <span class='ocrx_word' id='word_1_856' title='bbox 2399 5781 2460 5834; x_wconf 79' lang='grc' dir='ltr'>τὸ</span> <span class='ocrx_word' id='word_1_857' title='bbox 2483 5776 2588 5836; x_wconf 75' lang='grc' dir='ltr'>οἰκ.</span> <span class='ocrx_word' id='word_1_858' title='bbox 2617 5776 2786 5844; x_wconf 85' lang='grc' dir='ltr'>τέλος.</span> <span class='ocrx_word' id='word_1_859' title='bbox 2821 5776 3083 5836; x_wconf 67' lang='lat' dir='ltr'><strong>Sustine.</strong></span> 
     </span>
    </p>
   </div>
  </div>
