3840 6530
559 263 667 318 707

1757 267 2080 322 CLEMENS
2119 269 2674 327 ALEXANDRINUS.
3664 283 3735 338 708

626 377 767 433 Xl.\'.
801 371 974 434 Homo
1000 381 1092 450 qui
1151 397 1214 436 ex
1272 383 1375 438 Iide
1414 391 1470 438 ct
1521 382 1714 442 timore
1748 387 1815 440 ad
1847 374 2101 448 Scientian

2304 390 2400 443 IG'.
2446 391 2539 444 Ἐκ
2571 391 2802 456 πίστεως
2837 393 2928 446 καὶ
2952 392 3115 462 φόϐου
3167 395 3441 465 προκόψας
3478 397 3554 468 εἰς
3583 399 3732 466 γνῶσιν

554 472 840 543 processit,
874 487 981 525 non
1013 481 1073 526 ut
1104 489 1299 530 servus
1321 477 1470 530 novit
1494 477 1695 545 dicere,
1735 477 1974 543 Domine,
2019 479 2127 533 Do-

553 563 729 626 mine;
759 561 854 617 sed
886 572 949 616 ut
983 564 1129 619 Iilius
1157 565 1412 621 invocare
1439 567 1654 632 didicit,
1711 567 1878 623 Pater
1919 581 2126 634 noster;

552 653 807 706 nimirum
840 667 869 706 a
901 653 1102 723 spiritu
1153 657 1434 712 servitutis
1468 659 1729 716 liberatus
1749 662 1840 730 qui
1867 661 1935 716 ad
1967 665 2126 718 timo-

2237 479 2536 552 ἄνθρωπος,
2567 477 2705 535 οἶδεν
2735 484 2925 547 εἰπεῖν,
2979 485 3174 552 Κύριε,
3223 488 3414 554 Κύριε·
3463 487 3564 540 ἀλλ’
3585 490 3664 561 οὐχ
3684 494 3736 558 ὡς

2235 572 2262 623 6
2291 571 2499 638 δοῦλος,
2551 572 2718 644 ἔμαθε
2775 573 2970 643 λέγειν,
3005 575 3195 645 Πάτερ
3227 575 3413 650 ἡμῶν
3468 579 3525 632 τὸ
3573 581 3734 654 πνεῦμα

2234 661 2333 732 τῆς
2360 661 2599 726 δουλείας
2624 663 2683 717 τὸ
2711 666 2789 728 είς
2830 664 2992 735 φόϐον
3035 665 3424 737 ἐλευθερώσας,
3451 670 3538 722 καὶ
3561 670 3615 722 δι’
3637 673 3732 740 ἀγά-

551 759 665 797 rcm
693 743 890 807 tendit,
923 759 985 798 ac
1005 761 1106 814 per
1138 746 1464 802 charitatem
1513 749 1578 804 ad
1613 751 1846 807 ﬁliorum
1882 753 2101 824 adoptio

2236 773 2342 826 πης
2369 756 2648 828 προκόψας
2679 761 2757 822 είς
2785 759 3076 824 υἱοθεσίαν,
3103 759 3418 832 αἰδούμενος
3443 760 3535 834 ἢδη
3558 763 3612 816 δι’
3635 766 3730 832 ἀγά-

549 848 672 888 nem
692 839 750 897 >14
772 837 1092 899 translatus,
1115 844 1280 907 atque
1296 855 1441 914 nunc
1464 855 1530 894 ex
1552 841 1821 897 charitate
1849 843 2000 898 illum
2027 860 2124 899 co-

2233 864 2342 916 πην
2367 847 2428 900 ὃν
2453 848 2699 917 ἐφοϐεῖτο
2749 851 3033 923 πρότερον·
3089 853 3150 906 οὒ
3199 853 3309 924 γὰρ
3375 853 3453 906 ἔτι
3501 852 3576 907 διὰ
3614 855 3732 924 φόϐον

548 925 646 992 lat,
682 943 845 998 quem
869 929 1024 1000 prius
1073 931 1275 986 timuit.
1311 930 1432 986 Non
1487 934 1633 988 enim
1675 934 1840 991 timor
1889 938 2101 1008 ampliu:

2230 936 2494 1008 ἀπέχεται
2511 939 2620 992 τῶν
2643 941 2945 1009 ἀφεκτέων,
2977 943 3112 997 ἀλλά
3141 943 3206 997 δι’
3238 945 3456 1015 ἀγάπην
3483 943 3635 1015 ἔχεται
3654 947 3730 998 τῶν

547 1021 608 1076 in
642 1037 810 1078 causa
839 1031 946 1088 est,
987 1024 1132 1094 quod
1156 1039 1192 1078 a
1214 1025 1398 1080 vetitis
1424 1026 1714 1092 abstineat,
1746 1029 1842 1087 sed
1865 1029 2101 1086 charitat

2229 1028 2474 1083 ἐντολῶν.
2502 1030 2678 1095 Αὐτὸ,
2713 1034 2873 1102 φησὶ,
2921 1033 2986 1087 τὸ
3039 1035 3280 1104 Πνεῦμα
3323 1036 3606 1106 μαρτυρεῖ,
3627 1038 3731 1091 ὅταν

548 1120 922 1182 trihuendum,
953 1119 1100 1190 quod
1156 1119 1222 1174 ad
1257 1120 1512 1175 mandata
1573 1123 1812 1178 animum
1867 1127 2117 1197 appellat.

549 1203 690 1273 Ipse,
753 1206 952 1277 inquit,
1014 1206 1247 1275 Spiritus
1294 1209 1652 1265 testimonium
1697 1213 1965 1283 perhibet,
2001 1233 2118 1273 cum

545 1296 768 1352 dicimus
793 1316 810 1353 :
834 1298 1002 1366 Abba,
1040 1298 1201 1354 Pater
1230 1313 1278 1356 ι.

615 1408 732 1462 XX.
768 1409 1042 1483 Sanguine
1060 1428 1188 1468 vero
1218 1414 1458 1484 pretioso
1511 1416 1731 1473 redimit
1782 1435 1884 1476 nos
1935 1420 2120 1475 Domi-

2226 1119 2509 1191 λέγωμεν·
2558 1122 2720 1180 Ἆϐϐᾶ
2744 1128 2777 1178 ό
2801 1123 3019 1193 Πατήρ.

2295 1433 2378 1485 K'.
2454 1432 2736 1503 ’Ᾱγορὰζει
2793 1433 2847 1485 δὲ
2911 1436 3059 1505 ἡμᾶς
3111 1437 3314 1510 Κύριος
3361 1438 3520 1511 τιμίῳ
3568 1439 3723 1511 αἵματι,

545 1516 669 1564 nus,
693 1500 761 1555 ab
795 1501 1117 1590 heris‘olim
1165 1506 1389 1561 acerbis
1453 1518 1667 1565 nosmet
1711 1511 1970 1577 liberans,
2015 1513 2101 1568 Ιιοι

2221 1522 2494 1576 δεσποτῶν
2521 1524 2686 1579 πάλαι
2707 1525 2815 1577 τῶν
2839 1526 3050 1598 πικρῶν
3097 1528 3458 1583 ἀπαλλάσσων
3484 1533 3722 1603 ἀματτιῶν,

542 1601 625 1645 est
661 1607 690 1644 a
747 1594 1009 1661 peccatis,
1063 1611 1296 1664 quorum
1327 1611 1494 1652 causa
1539 1599 1806 1670 spiritalia
1861 1603 2101 1673 nequitia

2221 1610 2287 1663 δι’
2315 1611 2380 1675 ἃς
2409 1612 2474 1665 τὰ
2498 1615 2840 1685 πνευματικά
2862 1617 2960 1686 τῆς
2988 1619 3249 1689 πονηρίας
3270 1619 3572 1690 ἐκυρίευσεν
3595 1621 3721 1691 ἡμῶν.

544 1684 700 1738 nobis
733 1683 953 1740 fuerunt
983 1687 1212 1742 domini.
1248 1688 1406 1745 Ducit
1439 1691 1625 1762 itaque
1682 1695 1748 1750 ad
1805 1695 2112 1751 libertatem

2226 1705 2382 1772 Ἀγει
2406 1701 2498 1758 οὖν
2526 1709 2605 1770 εἰς
2637 1707 2944 1780 ἐλευθερίαν
2973 1709 3069 1780 τὴν
3116 1709 3210 1763 τοῦ
3244 1712 3458 1784 Πατρὸς
3491 1715 3723 1786 συγχλῃρο-

541 1773 692 1827 illam
727 1790 849 1845 qua:
874 1784 957 1830 est
1015 1776 1216 1843 Patris,
1247 1780 1562 1837 cobaeredes
1620 1783 1761 1840 ﬁlios
1795 1793 1849 1838 et
1879 1785 2101 1841 amicos.

2214 1797 2410 1867 νόμους
2445 1798 2592 1862 υἱοὺς
2621 1801 2710 1853 καὶ
2746 1773 2950 1870 φίλους.
3013 1773 3277 1872 Ἆδελφοί
3315 1773 3577 1875 μουήτὰρῑ,
3604 1773 3722 1876 orici»

541 1865 762 1922 Fratres
783 1870 922 1922 enim
959 1871 1079 1932 mei,
1113 1871 1190 1924 ait
1244 1870 1527 1936 Dominus,
1557 1883 1607 1927 et
1640 1875 1934 1930 colurredes
1966 1886 2109 1942 sunt,

535 1958 626 2026 qui
656 1959 862 2027 faciunt
917 1965 1236 2013 voluntatem
1274 1961 1458 2016 Patris
1503 1965 1606 2017 mei
1632 1965 1683 2020 δ.
1741 1965 1918 2022 Nolite
1948 1966 2113 2038 igitur

537 2064 732 2106 vocare
758 2053 915 2108 vobis
939 2063 1146 2123 patrem
1195 2070 1361 2124 super
1404 2062 1627 2110 terram.
1673 2054 1812 2111 Sunt
1837 2058 1982 2112 enim
2017 2074 2109 2114 su-

535 2155 632 2209 per
667 2151 866 2197 terram
893 2153 947 2199 ct
979 2146 1128 2212 heri;
1184 2146 1238 2200 in
1284 2147 1439 2201 caelis
1474 2157 1653 2202 autem
1697 2147 1859 2204 Pater
1893 2158 2000 2214 est,
2044 2166 2107 2204 et

536 2248 646 2302 quo
676 2235 926 2304 cognatio
955 2238 1134 2292 omnis
1165 2253 1288 2293 cum
1335 2239 1389 2292 in
1438 2239 1593 2294 cmlis
1630 2248 1744 2294 tum
1795 2241 1849 2295 in
1887 2249 2030 2296 terra
2059 2255 2105 2296 ο.

538 2324 868 2394 Spontaneis
901 2329 1048 2383 enim
1081 2345 1144 2384 ac
1171 2331 1478 2386 volentibus
1536 2332 1768 2403 imperat
1825 2334 2104 2393 Charitas:

535 2423 619 2469 ast
662 2417 770 2472 illis
811 2419 904 2488 qui
937 2429 1164 2489 pareant
1193 2422 1369 2487 inviti,
1399 2423 1564 2479 timor
1592 2426 1745 2481 hicce
1794 2429 1970 2486 malus
2009 2430 2108 2484 do-

535 2505 813 2562 minatur:
851 2509 944 2577 qui
977 2526 1106 2566 vero
1141 2511 1208 2566 ad
1235 2512 1438 2568 bonum
1471 2516 1768 2573 eruditoris
1803 2519 1952 2575 vices
1977 2536 2108 2592 sup-

533 2595 665 2664 plet,
697 2597 764 2652 ad
787 2599 1064 2655 Christum
1089 2601 1260 2666 ducit,
1318 2605 1658 2678 maximeque
1703 2609 1964 2668 salutaris
2000 2623 2102 2668 est.

610 2687 750 2742 XXI.
779 2689 835 2744 Si
867 2707 998 2748 vero
1039 2693 1164 2763 quis
1221 2694 1390 2750 Deum
1445 2698 1721 2771 intelligit,
1760 2718 2104 2773 nequaquam

533 2795 663 2834 sane
695 2795 794 2848 pro
821 2783 1086 2853 dignitate
1144 2798 1240 2842 Sua
1275 2797 1381 2844 est.
1417 2789 1548 2856 Qua:
1599 2794 1742 2847 enim
1775 2803 1862 2850 est
1906 2794 2001 2850 Dei
2029 2797 2107 2852 di-

531 2872 756 2939 gnitas?
832 2884 928 2929 aut
990 2893 1235 2947 quamam
1289 2883 1367 2938 illi
1425 2887 1738 2954 praestantia
1795 2889 1932 2957 par?
2009 2891 2104 2944 sed

529 2972 735 3031 quanta
764 2981 1029 3023 concessa
1054 2979 1138 3026 est
1167 2973 1242 3026 illi
1299 2973 1552 3042 facultas,
1605 2979 1872 3050 intelligat
1920 2980 2103 3036 lumen

529 3071 804 3127 magnum,
840 3070 1166 3131 captumque
1201 3081 1490 3137 superans,
1547 3079 1602 3126 et
1650 3073 2100 3142 pulcherrimum,

2218 1890 2246 1940 6
2270 1888 2492 1959 Κύριος,
2529 1891 2622 1942 καὶ
2653 1895 3132 1962 συνκληρονόμοι
3164 1896 3218 1948 οἱ
3258 1895 3562 1963 ποιοῦντες
3581 1897 3633 1950 τὸ
3657 1899 3724 1951 θέ-

2215 1981 2377 2047 λημα
2397 1979 2503 2032 τοῦ
2535 1982 2762 2050 Πατρός
2805 2001 2942 2052 μου.
2992 1983 3083 2056 Μὴ
3135 1985 3402 2058 καλέσητε
3445 1983 3530 2042 οὖν
3566 1989 3724 2050 ἑαυτοῖς

2217 2068 2425 2140 πατέρα
2461 2072 2552 2124 ἐπὶ
2576 2071 2675 2142 τῆς
2699 2073 2819 2143 γῆς’
2851 2073 3104 2128 δεσπόται
3133 2077 3244 2146 γάρ
3281 2079 3374 2131 ἐπὶ
3405 2079 3500 2150 τῆς
3542 2079 3642 2148 γῆς·
3679 2082 3721 2132 ὲν

2215 2159 2270 2212 δὲ
2295 2160 2542 2233 οὐρανοῖς
2563 2165 2591 2216 6
2623 2164 2831 2237 Πατὴρ,
2854 2165 2912 2230 ἐξ
2945 2160 3005 2218 οὗ
3045 2169 3193 2221 πᾶσα
3216 2169 3422 2239 πατριά
3457 2170 3509 2222 ἐν
3537 2187 3587 2222 τε
3604 2170 3726 2239 οὐρα-

2215 2254 2324 2314 νοῖς
2347 2253 2439 2305 καὶ
2467 2255 2559 2306 ἐπὶ⁵
2611 2255 2710 2325 τῆς
2737 2256 2858 2326 γῆς.
2904 2258 3112 2330 Ἀγάπη
3148 2258 3256 2331 γάρ
3306 2262 3560 2315 ἑκουσίων
3589 2264 3721 2333 ἀρχεισ

2215 2345 2458 2398 ἀκόντων
2509 2346 2565 2400 δὲ
2614 2348 2642 2400 6
2687 2348 2848 2418 φόϐος
2878 2343 3031 2414 οὗτος
3057 2352 3086 2403 6
3119 2352 3339 2421 φαῦλος·
3371 2356 3402 2407 ὁ
3437 2355 3492 2407 δὲ
3535 2356 3722 2421 είςάγα-

2215 2436 2305 2490 θδν
2333 2438 2697 2509 παιδαγωγῶν
2744 2443 2822 2506 είς
2882 2444 3114 2515 Χριστὸν
3173 2445 3328 2514 ἀγει,
3377 2448 3470 2500 καὶ
3507 2446 3604 2500 ἔστι
3649 2463 3720 2498 σω-

2213 2528 2420 2599 τήριος.

2283 2714 2410 2766 KA'.
2437 2715 2498 2767 Et
2530 2714 2592 2785 δή
2625 2731 2708 2778 τις
2734 2719 2845 2768 νοεῖ
2872 2715 3022 2779 Θεὸν,
3055 2718 3174 2770 κατ’
3207 2717 3364 2784 ἀξίαν
3389 2718 3487 2788 μὲν
3507 2716 3719 2788 οὐδαμῶς·

2210 2803 2294 2867 τίς
2337 2805 2445 2876 γὰρ
2475 2805 2683 2874 γένοιτο
2727 2808 2853 2874 ἀξία
2900 2806 3068 2872 Θεοῦ;
3106 2807 3219 2861 ἀλλ’
3243 2809 3322 2872 ὡς
3375 2809 3582 2863 δυνατόν
3617 2811 3720 2871 ἐστι,

2211 2895 2398 2948 νοείτω
2433 2896 2573 2967 μέγα
2605 2898 2702 2952 καὶ
2751 2899 3103 2969 ἀπερινόητον
3157 2900 3251 2952 καὶ
3313 2900 3582 2954 κάλλιστον
3619 2899 3720 2968 φῶς.

2209 2985 2520 3056 ἀπρόσιτον,
2573 2991 2754 3043 πᾶσαν
2784 2989 3008 3060 δύναμιν
3055 2989 3284 3062 ἀγαθὴν.
3336 2993 3510 3045 πᾶσαν
3551 2988 3722 3044 ἀστείαν

2209 3078 2408 3150 ἀρετὴν
2460 3079 2996 3152 συγκεκληρωμένον,
3057 3080 3276 3135 πάντων
3335 3083 3626 3154 κηδόμενον,
3661 3099 3723 3149 cz-

528 3145 1010 3222 inaccessumque;
1062 3157 1266 3224 lumen,
1315 3161 1560 3234 inquam,
1613 3167 1904 3236 ejusmodi,
1959 3170 2101 3239 quod

2209 3145 2548 3244 λόικειείρμον,⁷
2593 3145 2832 3237 ἀπαθές,
2869 3172 3088 3242 ἀγαθὸν,
3143 3175 3323 3228 πάντα
3375 3145 3529 3238 είδός,
3573 3145 3722 3240 apop-

525 3257 744 3296 omnem
785 3248 1083 3313 potentiam
1116 3249 1337 3317 bonam,
1387 3257 1532 3325 quod
1571 3258 1825 3313 virtutem
1847 3275 2098 3317 nomnem

525 3331 827 3402 elegantem
864 3331 1118 3392 sortitum
1153 3342 1261 3410 sit;
1302 3347 1446 3414 quod
1473 3348 1550 3401 illi
1585 3363 1731 3403 cura!
1757 3349 1870 3404 sint
1897 3353 2100 3416 omnia,

2207 3260 2414 3314 νῶσκον
2470 3261 2668 3326 πάντα,
2701 3262 3024 3333 εἰλικρινὲς,
3088 3262 3282 3331 γλυκὺ,
3336 3264 3601 3335 λαμπρὸν,
3627 3263 3725 3329 sixt-

2209 3371 2390 3426 ρατον.

525 3424 670 3514 quod
703 3425 776 3480 sit
820 3429 1152 3495 misericors,
1186 3436 1391 3507 absque
1441 3441 1810 3510 passiouibus,
1853 3443 2097 3498 bonitate
2137 3424 2347 3500 summa
2397 3447 2719 3517 praeditum;
2779 3447 2925 3515 quod
2993 3450 3174 3502 omnia
3229 3452 3406 3516 sciat,
3473 3456 3723 3521 pramoscat

526 3501 810 3583 uni/versa;
845 3519 990 3587 quod
1017 3520 1252 3594 denique
1282 3529 1577 3595 sincerum,
1640 3533 1820 3597 dulce,
1854 3535 2219 3604 splendidum,
2255 3544 2420 3606 atque
2447 3537 2825 3608 incorruptum
2865 3540 2957 3593 sit.

593 3631 755 3688 XXII.
783 3635 938 3699 Quod
972 3654 1036 3692 cx
1064 3655 1123 3694 se
1154 3649 1436 3697 moveatur
1484 3644 1684 3710 anima,
1718 3647 1822 3702 hoc
1850 3647 1942 3704 Dei
1974 3666 2098 3720 gra-

524 3723 611 3776 tia:
632 3735 918 3795 acceptum
977 3729 1182 3786 referre
1233 3731 1413 3795 debet,
1467 3735 1611 3802 quod
1672 3751 1739 3790 ex
1801 3753 1860 3793 se
1903 3737 2098 3794 habeat

523 3816 723 3882 anima,
751 3833 947 3889 nempe
977 3823 1170 3891 agendi
1221 3825 1554 3892 potentiam,
1612 3828 1681 3882 ab
1736 3844 1800 3882 ea
1853 3833 2098 3901 expoScit

521 3907 679 3975 quasi
711 3911 1018 3979 symbolum
1051 3911 1120 3967 ad
1142 3915 1394 3970 salutem.
1423 3915 1548 3970 Vult
1574 3920 1720 3974 enim
1750 3922 1943 3977 anima:
1972 3938 2099 3991 pro-

521 4001 698 4070 prium
731 4018 854 4060 esse
881 4007 1084 4060 bonum
1124 4007 1278 4073 illud,
1313 4011 1456 4080 quod
1507 4013 1557 4066 ei
1588 4013 1778 4069 tribuit
1809 4015 2091 4072 Dominus.

518 4093 729 4165 Quippe
761 4112 926 4153 sensu
961 4115 1152 4169 parum
1184 4110 1353 4168 caret,
1379 4113 1434 4157 ut
1461 4104 1600 4158 sicut
1627 4120 1828 4177 corpus
1862 4106 2089 4162 feratur.

519 4183 754 4242 Proinde
790 4189 1010 4252 habere,
1045 4192 1192 4248 illius
1214 4196 1409 4265 estqui
1455 4197 1606 4265 prius
1658 4199 1963 4270 acceperit;
2001 4214 2093 4254 ac-

519 4274 701 4344 cipere
762 4295 892 4334 vero
935 4281 1082 4340 illius
1138 4286 1231 4355 qui
1288 4288 1519 4342 voluerit
1554 4298 1717 4360 atque
1764 4291 2090 4362 appetierit;

519 4375 704 4422 tenere
731 4386 860 4426 vero
883 4374 1029 4441 quod
1059 4377 1290 4446 accepit,
1317 4378 1464 4433 illius
1490 4387 1573 4434 est
1606 4381 1700 4450 qui
1725 4387 1910 4436 tenere
1941 4383 2090 4452 cogi-

2268 3654 2394 3707 KB’.
2435 3655 2590 3708 Ἐπεὶ
2622 3656 2680 3720 ἐξ
2707 3657 2904 3726 ἑαυτῆς
2927 3659 3152 3710 κινεῖται
3197 3661 3230 3730 ἡ
3265 3658 3486 3730 ψυχὴ,ἡ
3526 3659 3662 3730 χάρις
3697 3659 3723 3726 ἡ

2196 3747 2290 3800 τοῦ
2329 3747 2494 3813 Θεοῦ,
2538 3749 2566 3802 ὃ
2612 3749 2785 3822 ἔχειὴ
2828 3750 2993 3822 ψυχὴ,
3042 3751 3139 3821 τὴν
3187 3751 3491 3823 προθυμίαν
3545 3752 3724 3804 ἀπαιτεῖ

2198 3841 2327 3912 παρ’
2357 3842 2581 3913 ἑαυτῆς,
2638 3837 2746 3896 οἷον
2781 3843 2967 3914 ἔρανον
3021 3844 3101 3906 εἰς
3160 3845 3456 3916 σωτηρίαν.
3511 3843 3723 3897 Βούλεται

2197 3931 2304 4003 γὰρ
2326 3933 2422 4003 τῆς
2442 3932 2618 4004 ψυχῆς
2650 3933 2776 3986 ἴδιον
2807 3931 2941 3988 εἶναι
2971 3936 3032 3988 τὸ
3079 3935 3300 4004 ἀγαθὸν.
3327 3936 3354 3989 δ
3383 3936 3584 3990 δίδωσιν
3617 3936 3722 4002 αὐτῇ

2196 4025 2224 4075 ό
2257 4023 2479 4095 Κύριος⁸
2515 4027 2576 4078 οὐ
2602 4027 2709 4098 γάρ
2742 4029 2886 4081 ἐστιν
2934 4030 3279 4100 ἀναίσθητος,
3314 4032 3400 4084 ἵνα
3429 4033 3640 4103 φέρηται
3662 4027 3719 4088 ὡς

2195 4117 2370 4188 σῶμα.
2410 4119 2482 4171 Τὸ
2511 4120 2612 4191 μὲν
2638 4117 2729 4174 οὖν
2761 4121 2923 4192 ἔχειν,
2947 4123 3040 4176 τοῦ
3069 4123 3320 4188 λαϐόντος
3340 4143 3352 4155 ·
3378 4126 3438 4178 τὸ
3466 4123 3630 4178 λαϐεῖν
3657 4118 3719 4172 δὲ.

2193 4209 2282 4263 τοῦ
2316 4209 2637 4281 θελήσαντος
2666 4213 2758 4265 καὶ
2786 4213 3124 4286 ὀρεχθέντοςο
3151 4215 3214 4267 τὸ
3249 4217 3472 4287 κρατεῖν
3507 4215 3559 4267 δὲ
3588 4209 3726 4265 65h-

2191 4299 2305 4364 ϐεν,
2338 4301 2431 4354 τοῦ
2464 4306 2683 4373 κρατεῖν
2736 4303 3128 4377 μελετήσαντος
3165 4306 3258 4359 καὶ
3314 4305 3617 4375 δυναμένου.
3647 4299 3723 4352 Διὰ

2193 4393 2348 4446 τοῦτο
2377 4393 2467 4446 ἐπὶ
2498 4397 2564 4465 τῇ
2597 4394 2738 4467 ψυχῇ
2769 4399 2796 4448 ό
2844 4397 2975 4460 Θεὸς
3005 4397 3104 4470 τὴν
3149 4399 3356 4470 αἵρεσιν
3397 4398 3629 4458 δέδωκεν,
3654 4393 3722 4444 ivx

517 4459 715 4512 taverit
739 4469 794 4514 et
825 4463 1017 4530 possit.
1052 4463 1311 4537 llancque
1331 4469 1401 4524 ob
1429 4485 1652 4524 causam
1682 4471 1876 4527 animae
1919 4472 2090 4528 Iacul-

2209 4483 2354 4547 ιύτὸς
2389 4484 2485 4555 μὲν
2783 4487 2844 4542 τὺ
2891 4459 3028 4554 δέον,
3061 4459 3111 4560 ¹ἡ
3140 4459 3224 4556 δὲ,
3261 4489 3508 4561 ἑλομένη,
3539 4485 3724 4555 δέξηται

518 4556 684 4603 tatem
710 4551 946 4622 eligendi
974 4556 1121 4611 dedit
1153 4557 1334 4624 Deus,
1378 4570 1438 4616 ut
1491 4561 1608 4632 ipse
1663 4563 1882 4634 quidem
1936 4563 2094 4620 ollicii

2209 4576 2284 4628 ιαὶ
2322 4551 2586 4648 κατάσχῂ.

519 4640 605 4693 sui
669 4641 993 4709 admoneat,
1060 4649 1150 4703 illa
1201 4667 1330 4707 vero
1389 4654 1596 4725 eligens
1656 4655 1888 4727 accipiat
1945 4665 2094 4712 tene-

517 4738 702 4799 atque.

588 4821 779 4878 XXIII.
817 4824 992 4881 Sicuti
1050 4845 1148 4900 per
1204 4849 1405 4906 corpus
1460 4836 1712 4892 Salvator
1769 4838 1984 4893 locutus
2007 4846 2092 4892 est

511 4928 855 4989 aegrotosque
886 4922 1115 4989 sanavit,
1152 4928 1216 4982 ad
1239 4929 1489 4986 eumdem
1522 4932 1743 4986 modum
1779 4932 1933 5002 prius
1967 4933 2084 5003 qui-

510 5009 632 5065 dem
658 5026 749 5080 pcr
780 5013 1056 5082 prophetas
1089 5011 1155 5084 d;
1195 5036 1344 5075 nunc
1367 5030 1548 5078 autem
1597 5040 1692 5087 per
1723 5024 1988 5093 apostolos
2019 5041 2083 5078 ac

508 5102 768 5159 doctores.
800 5103 1000 5162 Virtuti
1047 5110 1193 5166 enim
1225 5111 1440 5170 Domini
1473 5116 1751 5173 ministrat
1786 5117 2031 5174 Ecclesia
2064 5137 2077 5173 :

417 5188 427 5197 ’
509 5193 634 5251 inde
665 5204 796 5255 tunc
830 5215 1048 5272 quoque
1075 5203 1350 5263 hominem
1400 5210 1722 5280 assumpsit,
1746 5219 1806 5265 ut
1832 5226 1930 5281 per
1955 5226 2080 5267 eum

503 5287 774 5343 voluntati
799 5289 977 5347 Patris
1013 5297 1276 5362 serviret;
1310 5299 1421 5353 imo
1443 5300 1719 5355 hominem
1753 5315 1969 5371 semper
1992 5301 2081 5356 in-

503 5377 622 5434 duit
645 5380 790 5438 Deus
817 5383 1109 5454 humanus,
1140 5389 1482 5456 misericors,
1523 5399 1584 5446 ut
1623 5391 1937 5450 hominibus
1987 5408 2079 5451 sa-

504 5475 672 5529 lutem
700 5479 1053 5551 conciliaret;
1097 5484 1251 5552 prius
1301 5484 1522 5555 quidem
1554 5486 1872 5558 prophetas,
1927 5504 2081 5546 nunc

2261 4845 2380 4900 KI".
2420 4843 2631 4917 Ὥσπερ
2662 4843 2749 4898 διὰ
2781 4845 2874 4898 τοῦ
2911 4845 3157 4916 σώματος
3189 4849 3218 4899 6
3242 4847 3436 4918 Σωτὴρ
3465 4843 3632 4898 ἐλάλει
3650 4841 3724 4892 καὶ

2193 4937 2328 4998 ἰᾶτο,
2361 4934 2504 4989 οὕτω
2553 4936 2648 4989 καὶ
2681 4936 2943 5008 πρότερον
2989 4937 3087 5006 μὲν
3115 4935 3213 4990 διὰ
3258 4935 3378 4990 τῶν
3417 4929 3728 5004 προφητῶν.

2187 5027 2281 5080 νῦν
2310 5027 2366 5082 δέ
2403 5027 2500 5082 διὰ
2528 5026 2652 5088 τῶν,
2688 5027 3047 5081 ἀποστόλων
3077 5027 3175 5081 καί
3203 5025 3324 5082 τῶν
3359 5023 3724 5081 διδασκάλων·

2189 5121 2222 5191 ἡ
2264 5119 2557 5190 Ἐκκλησία
2584 5119 2692 5191 γὰρ
2723 5120 2986 5192 ὑπηρετεῖ
3018 5123 3082 5191 τῇ
3115 5119 3208 5173 τοῦ
3237 5120 3446 5192 Κυρίου
3483 5112 3727 5188 ἐνεργείᾳ⁸

2189 5211 2340 5267 ἐνθεν
2389 5214 2482 5268 καί⁵
2537 5214 2657 5267 τότε
2711 5211 2996 5284 ἄνθρωπον
3040 5211 3324 5278 ἀνέλαϐεν,
3357 5213 3446 5267 ἵνα
3494 5210 3560 5264 δι’
3587 5202 3730 5261 αὐτοῦ

2189 5307 2508 5380 ὕπηρετήσῃ
2564 5305 2644 5376 τῷ
2673 5305 2933 5376 θελήματι
2984 5303 3078 5357 τοῦ
3125 5304 3357 5375 Πατρός·
3408 5304 3499 5356 καὶ
3526 5300 3732 5355 πάντοτε

2185 5395 2470 5468 ἄνθρωπον
2497 5399 2526 5451 6
2556 5395 2934 5467 φιλάνθρωπος
2974 5395 3216 5450 ἐνδύεται
3251 5395 3386 5460 Θεὸς
3417 5396 3496 5459 εἰς
3523 5391 3619 5464 τὴν
3652 5390 3731 5442 ἀν-

2187 5489 2422 5562 θρώπων
2477 5490 2773 5563 σωτηρίαν,
2813 5489 3076 5563 πρότερον
3131 5489 3228 5561 μὲν
3279 5491 3407 5555 τοὺς
3453 5487 3732 5560 προφήτας.

743 5629 935 5718 P._984
975 5638 1080 5697 EI).
1123 5641 1419 5699 POT'I‘ER.
1463 5643 1667 5700 «Rom.
1704 5662 1821 5712 vm,
1855 5648 1955 5708 I5:
1998 5648 2096 5704 Gal

2209 5690 2224 5715 ,
2251 5651 2304 5705 6.
2384 5650 2412 5689 ι’
2452 5648 2639 5703 Matth.
2678 5665 2776 5714 xu,
2816 5650 2918 5715 50;
2962 5665 3098 5704 χχιιι
3165 5650 3216 5704 9.
3300 5663 3322 5688 ε
3366 5639 3498 5718 ΕρΙι.
3529 5661 3618 5708 ιιι,
3658 5636 3734 5694 I5.

503 5691 532 5733 ⁸
577 5693 708 5751 Ilcb.
748 5717 784 5764 ι,
810 5704 829 5756 1
