3840 6530
545 259 638 314 1H
1733 256 2055 312 CLEMENS
2099 289 2108 313 ε

2218 261 2660 320 IXANDRINUS.
3664 287 3746 343 πρ

539 373 876 447 reliquisque
900 375 1236 441 dominatur,
1270 373 1458 432 eodem
1483 375 1641 446 plane
1660 376 1830 435 modo
1871 378 2108 449 omnipo‘

2226 380 2356 446 Θεὸς
2403 383 2804 456 παντοδύναμος
2854 385 2942 439 καὶ
2994 385 3407 460 παντοκράτωρ,
3441 391 3469 444 6
3498 388 3747 467 δυνάμενος

547 472 660 522 lens
691 481 754 522 ac
786 467 1130 523 omnitenens
1168 476 1253 524 est
1289 468 1454 522 etiam
1487 467 1652 531 Deus,
1688 468 1782 539 qui
1823 477 2002 540 potest
2037 478 2118 527 te—

540 574 689 621 nere,
718 575 927 623 creare,
955 559 1157 625 facere,
1183 561 1348 621 alere.
1383 561 1602 630 augere,
1637 575 1879 625 servare,
1908 562 2116 633 quique

2230 475 2524 546 κρατῆσαι,
2557 477 2758 543 κτίσαι,
2783 480 3028 551 ποιῆσαι,
3064 480 3306 552 τρέφειν,
3340 481 3536 552 αὔξειν,
3571 488 3748 554 σώζειν,

2231 565 2480 637 σώματος
2524 569 2616 622 καὶ
2659 569 2838 642 ψυχῆς
2885 571 3134 636 ἐξουσίαν
3183 573 3338 644 ἔχων.
3398 573 3482 639 Ὧς
3537 572 3622 630 οὖν
3666 580 3748 635 :iw

537 654 782 723 corporis
818 653 1124 724 animaeque
1154 661 1482 724 potestatem
1516 653 1699 709 habet.
1739 653 1897 709 Sicut
1927 655 2108 726 itaque

2231 661 2504 731 στοιχείων
2527 661 2783 734 ὑπερέχει
2812 664 2874 717 τὸ
2908 664 3019 735 πῦρ
3039 705 3054 729 ,
3085 664 3226 719 οὕτω
3247 665 3384 720 θεῶν
3417 686 3472 722 τε
3510 671 3594 724 καί
3615 661 3746 727 ¹δυνά-

535 743 821 801 elementis
871 745 995 801 aliis
1035 747 1178 816 ignis
1207 745 1491 816 praecellit,
1536 745 1726 800 eodem
1783 745 1948 802 modo
2003 755 2118 802 tum

535 835 665 899 diis.
697 853 763 892 ac
786 839 1106 903 virtutibus,
1142 854 1208 894 ac
1249 838 1650 910 principatibus
1687 840 1950 910 praecellit
1988 839 2121 896 0m-

535 929 808 987 nitenens.
841 930 988 1002 ignis
1018 939 1199 987 autem
1236 930 1414 986 virtus
1447 930 1647 1000 duplex
1682 938 1790 994 est,
1835 932 1945 988 alia
1993 934 2116 1004 qui-

534 1021 658 1079 dem
697 1023 766 1078 ad
797 1022 1074 1079 fructuum
1116 1013 1529 1093 productionem
1559 1036 1622 1076 ac
1647 1023 1967 1102 eorumdem
2000 1039 2120 1082 ma~

535 1115 840 1181 turitatem,
892 1117 1119 1188 insuper
1151 1115 1220 1171 ad
1256 1115 1577 1170 animalium
1617 1115 2026 1186 generationem
2051 1127 2123 1174 ac

534 1209 850 1270 earumdem
871 1210 1056 1265 cibum
1087 1209 1435 1275 necessaria;
1468 1195 1628 1279 cujus
1662 1209 1745 1265 sol
1779 1209 1962 1282 imago
1987 1221 2108 1267 est:

534 1301 641 1356 alia
669 1317 797 1358 vero
828 1303 896 1358 ad
925 1302 1340 1360 dissolutionem
1375 1317 1439 1357 ac
1469 1303 1882 1372 corruptionem
1917 1303 2111 1368 tendit,

533 1394 713 1464 qualis
749 1402 834 1451 est
871 1395 1016 1466 ignis
1043 1395 1135 1450 ille
1165 1394 1470 1450 terrestris.
1518 1393 1757 1451 Proinde
1799 1410 1922 1452 cum
1968 1393 2113 1451 Deus

533 1487 678 1558 ignis
702 1503 1035 1545 consumens
1057 1497 1306 1554 vocatur,
1339 1488 1517 1545 virtus
1557 1497 1690 1545 tunc.
1718 1487 1877 1545 fortis
1907 1489 2112 1544 intelli-

531 1582 700 1653 gitur,
735 1582 821 1638 cui
853 1582 991 1637 nihil
1021 1581 1222 1654 opponi
1237 1581 1438 1652 possit,
1472 1583 1670 1652 cuique
1694 1581 1830 1636 nihil
1854 1581 2112 1653 impossi-

530 1674 641 1730 bile
673 1675 746 1731 sit
785 1675 1012 1745 insuper
1045 1682 1100 1730 et
1128 1674 1358 1744 perdere
1390 1689 1512 1730 eam
1550 1689 1736 1745 posse.
1791 1673 1870 1729 De
1909 1674 2114 1729 virtute

2231 768 2374 822 μεων
2407 753 2503 807 καὶ
2536 753 2718 825 ἀρχῶν
2749 757 2778 810 ὁ
2811 759 3228 831 παντοκράτωρ.
3280 761 3454 833 Διπλῆ
3485 779 3540 816 τε
3569 767 3596 834 η
3625 765 3746 820 δύνα-

2227 861 2320 915 μις
2351 845 2443 900 τοῦ
2476 846 2665 918 πυρὸς,
2701 848 2735 918 ὴ
2771 849 2870 919 μὲν
2903 848 3040 921 πρὸς
3072 849 3432 922 δημιουργίαν
3463 855 3550 908 καὶ
3577 857 3746 924 πέπαν-

2225 952 2308 989 σιν
2354 936 2581 1008 καρπῶν
2629 938 2724 992 καὶ
2769 938 2922 1004 ζώων
2967 941 3180 1009 γένεσιν
3231 944 3326 996 καὶ
3357 945 3554 1018 τροφὴν
3595 951 3746 1024 ἐπιτή.

2221 1028 2382 1093 δειος,
2422 1024 2490 1098 ἦς
2533 1027 2698 1082 εἰκὼν
2738 1031 2767 1082 6
2807 1028 2996 1099 ἥλιος·
3045 1034 3078 1104 ἡ
3121 1031 3178 1085 δέ
3217 1034 3354 1106 πρὸς
3399 1036 3648 1094 ἀνάλωσιν
3674 1043 3745 1098 καὶ

2222 1117 2446 1191 φθορὰν,
2475 1117 2552 1183 ὡς
2582 1120 2642 1174 τὸ
2676 1120 2787 1192 πῦρ
2807 1120 2866 1174 :6
2895 1121 3154 1192 ἐπίγειον.
3191 1125 3312 1198 Πῦρ
3343 1123 3436 1180 οὖν
3472 1130 3591 1184 ὅταν
3617 1131 3745 1206 λέγηο

2219 1225 2310 1264 ται
2332 1211 2360 1264 6
2383 1209 2518 1274 Θεὸς
2551 1210 2963 1277 καταναλίσκον,
2997 1212 3225 1286 δύναμις
3262 1216 3458 1288 ισχυρά
3484 1219 3740 1290 καὶάπροά·

2221 1300 2450 1376 άντητος
2469 1337 2486 1362 .
2606 1303 2772 1375 μηδὲν
2803 1303 3064 1360 ἀδύνατον
3098 1305 3233 1380 (ιδ),
3269 1307 3404 1362 ἀλλά
3435 1309 3522 1361 καὶ
3556 1309 3608 1362 :6
3634 1313 3742 1365 ἀπο-

2217 1390 2372 1447 λέσαι
2403 1393 2645 1448 δυνατόν.
2681 1396 2815 1468 Περὶ
2837 1397 3094 1469 τοιαύτης
3119 1398 3401 1471 δυνάμεως
3437 1400 3525 1454 καὶ
3551 1402 3576 1453 6
3593 1401 3743 1474 Sarrigp

2216 1481 2364 1552 λέγει
2400 1500 2414 1514 ·
2447 1485 2573 1554 Πῦρ
2592 1482 2782 1557 ἦλθον
2795 1489 3016 1554 ,βαλεῖν
3030 1489 3129 1544 ἐπὶ
3148 1489 3260 1559 τὴν
3285 1489 3421 1561 τῆν,
3443 1489 3655 1564 δηλονότι
3678 1493 3744 1546 δύ-

2216 1591 2398 1646 ναμιν,
2431 1577 2538 1631 τῶν
2587 1579 2683 1650 μὲν
2727 1580 2897 1649 ἁγίων
2934 1580 3295 1655 καθαρτικὴν,
3343 1582 3450 1637 τῶν
3493 1583 3544 1636 δέ
3562 1583 3741 1648 ὑλικῶν,

2214 1667 2290 1734 ὡς
2325 1670 2424 1740 μὲν
2450 1671 2644 1725 ἐκεῖνοι
2674 1671 2856 1741 φασὶν,
2883 1675 3245 1747 ἀφανιστικήν
3280 1692 3296 1706 ο
3333 1674 3408 1738 ὡς
3448 1675 3501 1728 δὲ
3532 1677 3668 1748 ἡμεῖς
3691 1676 3743 1731 ἂν

528 1765 635 1821 hac
681 1765 914 1821 aﬂirmat
967 1765 1225 1822 Salvator
1257 1786 1271 1822 :
1306 1765 1487 1836 Ignem
1535 1767 1650 1820 veni
1687 1766 1894 1821 mittere
1922 1767 1979 1820 in
2006 1775 2108 1821 ter-

2218 1763 2480 1834 φαίημεν,
2523 1765 2900 1838 παιδευπκήν.
2943 1769 3102 1839 Ἔχει
3133 1768 3192 1822 δέ
3229 1767 3323 1824 καὶ
3365 1767 3522 1838 φόὸον
3550 1768 3602 1822 τὸ
3637 1767 3742 1840 πῦρο

528 1872 646 1910 ram
675 1869 743 1924 a;
806 1857 1067 1912 nimirum
1121 1857 1405 1922 virtutem,
1454 1872 1577 1926 quae
1623 1856 1843 1926 quidem
1889 1866 2108 1913 sanctos

2218 1856 2304 1912 καὶ
2332 1857 2579 1928 διάχυσιν
2611 1859 2672 1914 τὸ
2706 1859 2843 1930 φῶς.

527 1961 756 2024 purgat;
794 1963 1086 2011 terrestres
1154 1962 1358 2022 autem,
1403 1963 1565 2024 prout
1631 1963 1886 2010 asserunt
1935 1953 2047 2021 illi,
2090 1953 2255 2020 delet,
2311 1955 2581 2012 destruit:
2615 1959 2886 2014 sententia
2942 1973 3072 2015 vero
3106 1968 3296 2015 nostra
3333 1969 3440 2026 est,
3479 1961 3610 2032 quod
3643 1976 3743 2016 enl-

527 2049 661 2104 diat.
697 2047 840 2120 Ignis
880 2058 1063 2105 autem
1107 2049 1384 2113 timorem,
1417 2049 1512 2102 lux
1541 2047 1890 2104 diﬂ‘usionem
1923 2049 2108 2105 habet.

599 2141 816 2198 XXVII.
865 2143 985 2198 Non
1021 2152 1203 2198 autem
1239 2143 1586 2214 scripserunt
1619 2144 1888 2210 seniores,
1933 2159 2112 2214 neque

517 2234 638 2290 illis
677 2235 976 2299 arridebat,
1024 2243 1085 2290 ut
1117 2250 1252 2290 cura
1295 2235 1611 2292 traditionis
1645 2234 1909 2291 docendae
1949 2236 2110 2292 alteri

527 2345 678 2384 curae
714 2345 778 2384 ac
822 2330 1099 2385 scribendi
1133 2329 1307 2385 labori
1349 2329 1718 2392 incumberet,
1751 2343 1853 2384 nec
1887 2328 2110 2400 quidem

527 2424 609 2478 uti
648 2431 864 2493 tempus
893 2423 1309 2494 praemeditandi
1349 2437 1472 2494 quae
1498 2430 1684 2479 essent
1711 2422 1942 2478 dicenda
1971 2421 2110 2478 scri-

526 2514 708 2570 bendo
729 2515 1092 2571 insumerent.
1126 2514 1388 2571 Fortasse
1420 2529 1553 2571 vero
1589 2529 1716 2570 cum
1747 2515 1990 2586 ejusdem
2016 2529 2109 2586 ge-

527 2606 606 2661 nii
648 2622 757 2662 non
807 2621 930 2664 esse
966 2622 1292 2678 persuasum
1337 2609 1648 2672 habuerint,
1692 2609 1864 2664 libros
1891 2623 2110 2680 compo-

527 2697 693 2753 nendi
733 2706 896 2769 atque
942 2697 1178 2756 docendi
1223 2701 1489 2766 studium,
1537 2701 1832 2772 unicuique
1862 2701 2009 2772 quod
2040 2715 2109 2757 ex

528 2790 711 2846 indole
735 2799 902 2858 esset,
936 2793 1328 2862 permiserunt.
1371 2793 1585 2865 Quippe
1623 2793 1854 2848 alterum
1883 2793 2106 2865 quidem

526 2883 700 2939 libere
730 2891 894 2954 atque
925 2884 1132 2956 impetu
1169 2886 1409 2956 quodam
1441 2899 1505 2940 ex
1540 2897 1638 2940 ore
1671 2885 1906 2942 dicentis
1934 2884 2109 2944 ﬂuens

529 2974 641 3031 cito
669 2991 775 3029 una
810 2991 1004 3046 rapere
1031 2982 1246 3046 potest;
1284 2975 1518 3030 alterum
1552 2983 1758 3040 autem,
1795 2975 1942 3046 quod
1975 2989 2106 3032 exa-

532 3066 668 3121 mini
697 3067 987 3138 diligenter
1016 3067 1312 3139 legentium
1365 3067 1614 3138 quotidie
1661 3065 1949 3134 subdatur,
1987 3067 2107 3124 dis-

527 3160 880 3231 quisitionem
911 3174 1181 3216 summam
1214 3160 1474 3230 postulat,
1505 3173 1839 3230 operamque
1861 3159 2106 3215 sedulam

526 3251 720 3324 exigit.
753 3249 847 3307 Est
893 3251 1081 3317 etiam,
1120 3259 1183 3308 ut
1229 3253 1309 3307 ita
1345 3252 1550 3318 dicam,
1594 3252 1800 3322 scripta
1847 3251 2110 3307 doctrina

529 3342 896 3408 confirmatio,
929 3344 1122 3413 sicque
1151 3342 1222 3400 ad
1252 3352 1479 3416 nepotes
1527 3344 1634 3398 hoc
1673 3341 1842 3398 modo
1883 3342 2108 3413 scriptis

2287 2147 2411 2201 KZ'.
2442 2146 2556 2201 Οὐκ
2583 2145 2821 2218 ἔγραφον
2841 2147 2900 2202 δέ
2928 2147 2978 2202 οἱ
3016 2148 3402 2222 πρεσϐύτεροι,
3451 2151 3578 2222 μήτε
3623 2154 3743 2206 ἀπα-

2217 2241 2429 2312 σχολεῖν
2449 2238 2762 2311 βουλόμενοι
2791 2237 2888 2311 τὴν
2905 2239 3291 2314 διδασκαλικὴν
3314 2242 3413 2314 τῆς
3440 2243 3743 2316 παραδόσεως

2216 2329 2471 2403 φροντίδα
2515 2331 2582 2400 τῇ
2622 2327 2752 2400 περὶ
2799 2327 2860 2383 τὺ
2903 2329 3134 2401 γράφειν
3162 2329 3299 2404 ἄλλῃ
3343 2331 3591 2403 φροντίδι,
3636 2333 3744 2404 μηδὲ

2220 2421 2327 2493 μὴν
2354 2419 2445 2474 τὸν
2489 2419 2584 2474 τοῦ
2613 2418 3055 2491 προσκέπτεσθαι
3094 2419 3160 2476 τὰ
3196 2419 3562 2493 λεχθησόμενα
3587 2423 3743 2494 καιρὸν

2215 2513 2704 2578 καταναλίσκοντες
2739 2515 2820 2578 είς
2860 2513 3100 2586 γραφήν.
3117 2513 3293 2584 ·ιΤάχα
3334 2513 3393 2567 δέ
3417 2514 3535 2568 οὑδέ
3558 2515 3644 2584 τῆς
3668 2514 3745 2569 αὐ-

2213 2606 2314 2678 τῆς
2331 2606 2558 2677 ιφύσεως
2589 2607 2921 2678 κατόρθωμα
2942 2607 3001 2660 τὸ
3035 2605 3389 2660 συντακτικὺν
3417 2607 3510 2661 καὶ
3533 2607 3746 2662 διδασκα-

2214 2699 2364 2755 λικὸν
2398 2696 2538 2764 εἶδος
2569 2695 2708 2754 εἷναι
2747 2699 3128 2770 πεπεισμένοι,
3173 2701 3288 2764 τοῖς
3319 2700 3402 2764 είς
3429 2699 3578 2754 τοῦτο
3602 2718 3744 2770 πεφυ-

2215 2795 2338 2848 κόσι
2372 2790 2730 2866 συνεχώρουν.
2775 2791 2848 2845 Τὸ
2895 2791 2994 2864 μὲν
3024 2792 3160 2864 γὰρ,
3187 2791 3484 2858 ἀκωλύτως
3509 2793 3596 2848 καὶ
3634 2793 3746 2864 μετὰ

2217 2885 2397 2960 ῥύμης
2438 2887 2664 2958 φέρεται
2715 2885 2897 2957 ῥεῦμα
2935 2883 3028 2938 τοῦ
3075 2884 3346 2952 λέγοντος,
3381 2886 3476 2940 καί
3513 2905 3605 2940 που
3633 2886 3746 2956 τάχει

2215 2976 2564 3049 συναρπάσαι
2603 2976 2901 3048 δυνάμενον
2923 2992 2936 3005 ⁸
2969 2976 3031 3029 τὸ
3062 2977 3139 3040 δὲ,
3185 2977 3292 3030 ὑπὸ
3316 2977 3424 3031 τῶν
3442 2976 3746 3048 ἐντυγχανόνυ

2213 3086 2320 3124 των
2351 3069 2464 3140 (44)
2489 3069 2746 3124 ἐκάστοτε
2781 3068 3202 3140 βασανιζόμενον
3233 3069 3498 3142 ἀκριϐῶς,
3532 3069 3620 3140 τῆς
3655 3066 3747 3134 ἐξε-

2213 3162 2422 3227 τάσεως
2449 3164 2716 3235 τυγχάνον
2730 3163 2905 3234 ἄκρας
2931 3161 3024 3215 καί⁸
3045 3161 3143 3232 τῆς
3164 3162 3483 3233 ἐπιμελείας
3505 3161 3744 3230 ἀξιοῦται·

2216 3256 2310 3311 καὶ
2343 3255 2490 3310 ἐστιν
2509 3254 2621 3310 οἷον
2641 3258 2813 3310 είπεῖν
2849 3255 3126 3327 ἔγγραφος
3152 3254 3501 3319 διδασκαλίας
3549 3251 3746 3326 βεϐαίω-

2217 3364 2320 3411 σις,
2357 3345 2450 3400 καὶ
2480 3347 2560 3410 είς
2589 3345 2716 3410 τοὺς
2743 3344 3023 3414 ὀψιγόνους
3046 3343 3221 3408 οὕτως
3239 3343 3329 3399 διὰ
3356 3345 3458 3417 τῆς
3483 3341 3750 3407 συντάξεως

528 3435 899 3491 transmissio.
931 3435 1149 3507 Quippe
1189 3438 1466 3492 seniorum
1506 3433 1839 3506 depositum,
1867 3447 1934 3488 ex
1968 3433 2108 3488 scri-

2218 3437 2725 3510 παραπεμπομένης
2753 3438 2850 3509 τῆς
2893 3437 3076 3510 φωνῆς
3110 3477 3123 3490 .
3173 3438 3239 3490 Ἥ
3269 3438 3381 3511 γὰρ
3414 3438 3520 3492 τῶν
3549 3434 3750 3508 πρεσϐυ-

526 3539 623 3599 pto
646 3528 901 3598 loquens,
935 3528 1208 3599 scriptore
1239 3528 1414 3583 utitur
1441 3527 1718 3590 ministro,
1755 3525 2109 3582 ad.traditio-

526 3635 653 3675 nem
685 3635 878 3676 eorum
907 3635 1028 3690 qua:
1049 3620 1327 3691 leguntur.
1352 3619 1434 3673 Ad
1471 3618 1723 3674 eumdem
1757 3617 1944 3689 itaque
1986 3631 2108 3672 mo-

528 3709 660 3766 dum
701 3726 812 3780 quo
857 3709 1085 3782 Magnes
1118 3710 1282 3782 lapis,
1318 3709 1441 3765 alia:
1477 3708 1720 3765 materiae
1747 3707 2105 3778 coniunctus,

528 3811 732 3867 ferrum
756 3807 1122 3875 solummodo,
1156 3813 1381 3880 propter
1404 3805 1866 3862 necessitudinem
1901 3817 2010 3876 qua
2030 3803 2108 3858 illi

527 3905 603 3962 sit
635 3903 813 3969 amne,
843 3902 913 3958 ad
953 3917 1013 3958 se
1038 3900 1242 3965 trahit;
1275 3899 1361 3956 sic
1387 3897 1554 3954 etiam
1590 3896 1736 3960 libri,
1792 3894 1948 3951 multi
1979 3908 2105 3950 cum

528 4002 639 4059 sint
663 4004 757 4075 qui
788 4003 856 4059 iis
882 4010 1190 4067 versantur,
1223 4001 1327 4056 hos
1354 4005 1567 4053 tantum
1601 3996 1866 4064 trahunt,
1905 3994 1998 4067 qui
2023 3994 2102 4050 in-

528 4094 803 4167 telligendi
851 4094 1055 4150 fuerint
1087 4107 1340 4164 capaces.
1385 4089 1648 4146 Veritatis
1691 4089 1838 4144 enim
1893 4100 2104 4150 sermo,

529 4191 655 4244 aliis
706 4188 918 4262 quidem
975 4187 1212 4243 stultitia
1244 4185 1311 4252 5,
1373 4185 1498 4240 aliis
1557 4198 1688 4238 vero
1746 4179 2106 4244 scandalum;

528 4281 725 4351 paucis
772 4290 958 4338 autem
991 4288 1078 4337 est
1111 4278 1405 4350 sapientia.
1438 4275 1530 4332 Sic
1567 4275 1659 4330 Dei
1691 4276 1868 4330 virtus
1898 4272 2112 4328 inveni-

529 4380 658 4437 tur,
725 4373 855 4429 licet
893 4373 1102 4429 invidia
1159 4381 1446 4445 rumpatur
1500 4371 1756 4444 gnostici.
1807 4367 2106 4441 Propterea

529 4465 727 4536 quaerit
747 4466 934 4529 etiam,
959 4481 1029 4521 an
1052 4472 1111 4530 ᾖ(
1137 4465 1291 4537 pejus
1312 4466 1476 4522 fuerit
1498 4463 1722 4533 indigno
1739 4459 1890 4526 dare,
1907 4460 1990 4516 vel
2015 4459 2104 4515 di-

530 4571 639 4630 gno
673 4556 816 4611 haud
850 4557 1130 4627 praebere:
1181 4573 1401 4629 praeque
1425 4557 1598 4612 nimio
1637 4569 1842 4620 amore,
1885 4550 2108 4623 pericu-

531 4650 646 4705 lum
695 4659 813 4716 est;
847 4665 918 4706 ne
949 4666 1059 4706 non
1094 4651 1274 4707 solum
1309 4651 1482 4712 omni,
1521 4649 1610 4704 cui
1651 4647 1865 4713 deceat,
1915 4657 2107 4699 verum

527 4744 696 4800 etiam
756 4742 1031 4799 interdum
1066 4742 1294 4816 indigno
1329 4743 1536 4805 fervide
1560 4741 1762 4814 petenti
1792 4734 2103 4794 communi-

2214 3531 2389 3603 τέρων
2439 3523 2903 3602 παρακαταθήκη,
2944 3528 3034 3583 διὰ
3091 3529 3190 3600 τῆς
3244 3530 3468 3601 γραφῆς
3526 3527 3748 3584 λαλοῦσα.

2213 3620 2477 3694 ὑπουργῷ
2523 3622 2724 3695 χρῆται
2744 3621 2820 3693 τῷ
2859 3621 3123 3692 γράφοντι
3171 3621 3311 3694 πρὸς
3347 3623 3446 3694 τὴν
3494 3621 3750 3694 παράδοσιν

2209 3716 2320 3770 τῶν
2356 3716 2774 3787 ἐντευξομένων.
2823 3715 3092 3788 Καθάπερ
3126 3711 3220 3770 οὖν
3254 3717 3288 3786 ἡ
3325 3717 3588 3787 μαγνῆτις
3611 3714 3749 3774 λίθος,

2210 3810 2333 3882 τὴν·
2361 3809 2528 3880 ἀλλην
2573 3809 2704 3881 ὓλην
2751 3808 3259 3881 παραπεμπομένη,
3310 3809 3472 3879 μόνον
3501 3807 3751 3878 ἐφέλκεται

2208 3903 2276 3956 δι’
2310 3902 2724 3973 ἐπιτηδειότητα
2757 3900 2846 3954 τὸν
2873 3901 3115 3972 σίδηρον·
3153 3900 3330 3965 οὕτως
3364 3901 3460 3955 καὶ
3487 3901 3552 3955 τὰ
3581 3898 3750 3971 βιϐλία,

2210 3995 2420 4049 πολλῶν
2444 3995 2614 4049 ὄντων
2644 3993 2750 4048 τῶν
2783 3993 3242 4065 ἐντυγχανόντων,
3265 3993 3394 4058 τοὺς
3419 3993 3560 4058 οἵους
3577 4009 3629 4048 τε
3653 4007 3754 4044 συν-

2211 4090 2350 4144 ιέναι
2407 4076 2601 4160 μόνους
2643 4088 2961 4141 ἐπισπᾶταιο
2989 4088 3018 4140 ὁ
3047 4085 3158 4158 γὰρ
3192 4085 3293 4155 τῆς
3333 4084 3587 4158 ἀληθείας
3625 4084 3755 4150 λόγος

2210 4181 2335 4248 τοῖς
2359 4180 2477 4252 μὲν
2503 4183 2716 4252 μωρία,
2745 4182 2858 4244 τοῖς
2879 4179 2935 4232 δὲ
2966 4177 3342 4244 σκάνδαλον,
3380 4180 3575 4249 ὀλίγοις
3609 4177 3660 4230 δὲ
3687 4192 3756 4228 σο-

2210 4275 2338 4346 φίαο
2369 4274 2544 4339 οὓτως
2576 4275 2670 4329 καὶ
2703 4273 2930 4344 δύναμις
2959 4271 3273 4345 εὑρίσκεται
3306 4272 3475 4327 Θεοῦ·
3512 4271 3688 4341 φθόνος

2210 4371 2376 4443 ἀπείη
2417 4369 2531 4442 (46)
2555 4368 2856 4439 γνωστικοῦ
2879 4386 2893 4399 ο
2926 4368 3014 4422 διὰ
3042 4367 3198 4422 τοῦτο
3229 4369 3339 4440 γὰρ
3366 4369 3462 4424 καὶ
3491 4369 3651 4439 ζητεῖ,
3682 4363 3761 4417 πό-

2211 4480 2367 4535 τερον
2394 4465 2572 4534 χεῖρον
2594 4462 2796 4534 ἀναξίῳ
2825 4459 3034 4524 δοῦναι,
3065 4459 3100 4532 ἢ
3134 4460 3271 4533 ἀξίῳ
3311 4461 3388 4533 μὴ
3423 4457 3757 4534 παραδοῦναι*

2211 4555 2299 4610 καὶ
2352 4555 2648 4610 κινδυνεύει
2705 4553 2812 4608 ὑπὸ
2860 4553 3059 4626 πολλῆς
3103 4555 3202 4626 τῆς
3247 4555 3498 4628 ἀγάπης,
3520 4554 3582 4608 o6
3624 4551 3762 4625 μόνον

2211 4649 2372 4702 παντὶ
2403 4646 2479 4719 τῷ
2509 4649 2858 4720 προσήκοντι,
2882 4645 2998 4701 ἀλλ’
3030 4646 3142 4700 ἔσθ’
3163 4648 3254 4700 ὅτε
3283 4647 3382 4700 καὶ
3410 4647 3610 4718 ἀναξίῳ
3626 4646 3763 4698 λιπα-

2211 4743 2322 4816 ρῶς
2350 4740 2588 4813 δεομένῳ
2620 4741 2990 4812 κοινωνήσειν,
3024 4741 3085 4796 οὐ
3106 4740 3196 4796 διὰ
3216 4740 3317 4814 τὴν
3349 4741 3540 4813 δέησιν
3558 4760 3572 4773 ο
3603 4741 3658 4795 o6
3674 4738 3764 4807 γὰρ

526 4843 617 4892 cet
649 4855 663 4892 :
695 4852 806 4893 non
858 4844 1081 4909 propter
1141 4837 1468 4901 orationem,
1527 4835 1729 4906 quippe
1769 4847 1879 4887 non
1921 4826 2103 4883 laudis

2218 4831 2472 4906 ριλοδοξεῖ
2496 4852 2508 4865 ·
2547 4834 2682 4890 ἀλλά
2707 4833 2795 4887 διὰ
2822 4833 2920 4906 τὴν
2945 4832 3210 4906 ἐπιμονὴν
3226 4833 3322 4888 τοῦ
3343 4833 3599 4905 δεομένου
3633 4830 3766 4905 μελε-

530 4943 719 4984 amore
745 4937 1015 4996 movetur,
1047 4929 1143 4986 sed
1169 4937 1384 5000 propter
1418 4924 1880 4999 perseverantiam
1911 4928 2104 4994 peten-

529 5022 624 5086 tis,
660 5023 907 5076 oratione
944 5023 1157 5094 prolixa
1192 5023 1257 5076 ad
1294 5021 1454 5077 ﬁdem
1497 5019 1740 5074 animum
1776 5017 2103 5079 erudientis.

2209 4928 2411 4992 τῶντος
2444 4930 2525 4994 είς
2554 4928 2734 4982 πίστιν
2761 4927 2849 4982 διὰ
2883 4927 3086 4998 πολλῆς
3117 4927 3218 4998 τῆς
3247 4927 3510 4998 δεήσεως.

607 5141 667 5200 r14
709 5135 772 5193 ιι.
811 5133 919 5193 987
957 5137 1065 5194 Ei).
1108 5137 1406 5193 POTTER.
1448 5149 1473 5177 α
1514 5135 1648 5193 Luc.
1677 5149 1780 5200 xu,
1809 5135 1901 5189 49.
1979 5135 2008 5174 δ
2046 5133 2066 5188 l
2103 5143 2108 5179 ι

2218 5175 2226 5187 .
2265 5149 2302 5198 ι,
2345 5133 2430 5189 18.

603 5248 824 5327 (45)⁷ῌ
843 5256 1042 5325 μηδὲν
1067 5256 1387 5327 ἀδύνατον.
1440 5253 1496 5309 In
1547 5254 1886 5327 Flor_.“sunt
1931 5251 2096 5306 etiam

2218 5258 2422 5327 natura.
2464 5256 2729 5327 usurpata
2777 5247 3183 5327 etiamnsupra,
3221 5258 3350 5326 pag.
3383 5243 3520 5308 299,
3566 5253 3618 5302 et
3647 5240 3774 5327 apud

531 5314 1079 5397 alt‘enhs‘s'c'ripturze
1103 5326 1352 5397 vestigia,
1387 5327 1422 5397 ἢ
1461 5326 1627 5397 μηδὲν
1663 5321 1943 5385 ἀδύνατος,
1985 5336 2102 5391 qua:
2202 5320 2511 5397 Philonem,
2539 5314 2880 5397 p.'6_:’)0,_s_ed
2915 5315 3081 5397 aliam
3113 5314 3342 5397 cinerei
3372 5330 3602 5373 causam
3624 5314 3773 5397 adp?-

531 5397 666 5453 nihil
694 5414 800 5451 non
830 5395 1000 5465 facere
1024 5397 1161 5466 potis
1204 5395 1585 5451 “1.5mm.

602 5466 716 5538 (44)
740 5461 1049 5538 inata;-
1091 5467 1332 5538 ὲντυγχ.
1370 5466 1491 5538 Non
1528 5464 1881 5538 minus‘apte
1915 5461 1997 5538 sic
2025 5461 2103 5517 le-

530 5531 707 5608 geris,
729 5536 835 5608 ὑπο
852 5536 960 5608 τῶν
985 5531 1417 5608 ἐντυγχανόντων
1447 5535 1728 5608 ἐκά-στοτεῇ
1740 5531 2091 5608 βασανιζόμε.

531 5603 640 5687 ᾖον,
666 5607 1041 5687 ἀκριϐοῖζςτῇς
1063 5603 1359 5687 ἐξετάσεως
1390 5606 1675 5676 τυγχάνον,
1699 5603 1874 5676 ἄκρας
1895 5603 1990 5658 καὶ⁵
2005 5603 2106 5674 τῆς

533 5675 846 5743 ἐπιμελείας
871 5675 1131 5739 ἀξιοῦται.
1170 5675 1296 5731 SvL.

606 5742 718 5814 (ib)
769 5745 1094 5817 Μαγνῆτις.
1140 5745 1454 5804 Similitudo
1487 5745 1556 5803 de
1591 5743 1854 5818 Magnetis
1904 5742 2105 5818 lapidis

2203 5400 2283 5447 tat
2336 5381 2576 5448 Joannes
2635 5381 2931 5445 Broddaaus
2983 5381 3209 5444 Misce“.
3241 5388 3346 5445 lib.
3383 5403 3475 5454 ιιι,
3535 5401 3655 5457 cap.
3686 5381 3770 5440 τε.

2208 5462 2474 5518 Srmunc.

2280 5533 2390 5616 (1⁸9)
2413 5531 2658 5616 φθόνος.
2680 5528 2750 5613 ’ξέ
2774 5530 2877 5616 ἀπ’
2915 5526 3415 5616 ἓθβὲἓὶθξῖνρςί
3434 5527 3620 5616 ,(μδεέί
3639 5527 3777 5616 ιςῖῖίέ

2207 5597 2433 5674 inuidia)
2483 5597 2728 5674 gnostici,
2764 5617 2800 5654 ι.
2835 5614 2886 5655 e.
2922 5597 3450 5674 hominisguostici
3474 5601 3532 5655 in
3555 5599 3777 5674 divinam

2212 5667 2510 5744 quamdam,
2548 5681 2800 5744 naturam
2830 5667 3226 5744 transmutatii
3261 5671 3416 5741 quod
3451 5679 3636 5728 tamen
3667 5667 3779 5721 abe-

2213 5737 2319 5817 que
2350 5743 2551 5800 invidia
2575 5743 2783 5798 dictum
2837 5741 2980 5798 volo.
3019 5737 3288 5797 Sustine.
