  <div class='ocr_page' id='page_1' title='image "/cluster/home/n/w/nwhite01/storage/ocr_20150623/9/hvd.32044019207612/363.png"; bbox 0 0 3840 6534; ppageno 0'>
   <div class='ocr_carea' id='block_1_1' title="bbox 563 346 669 403">
    <p class='ocr_par' dir='ltr' id='par_1_1' title="bbox 563 346 669 403">
     <span class='ocr_line' id='line_1_1' title="bbox 563 346 669 403; baseline 0.019 -2"><span class='ocrx_word' id='word_1_1' title='bbox 563 346 669 403; x_wconf 81' lang='grc'><strong>’115</strong></span> 
     </span>
    </p>
   </div>
   <div class='ocr_carea' id='block_1_2' title="bbox 1723 339 3729 404">
    <p class='ocr_par' dir='ltr' id='par_1_2' title="bbox 1723 339 3729 404">
     <span class='ocr_line' id='line_1_2' title="bbox 1723 339 3729 404; baseline 0.001 -5"><span class='ocrx_word' id='word_1_2' title='bbox 1723 339 2041 400; x_wconf 75' lang='lat' dir='ltr'><strong>CLEMENS</strong></span> <span class='ocrx_word' id='word_1_3' title='bbox 2077 340 2632 400; x_wconf 78' lang='lat' dir='ltr'><strong>ALEXANDRINUS.</strong></span> <span class='ocrx_word' id='word_1_4' title='bbox 3653 349 3729 404; x_wconf 79' lang='lat' dir='ltr'><strong>7I6</strong></span> 
     </span>
    </p>
   </div>
   <div class='ocr_carea' id='block_1_3' title="bbox 559 461 2103 536">
    <p class='ocr_par' dir='ltr' id='par_1_3' title="bbox 559 462 2103 536">
     <span class='ocr_line' id='line_1_3' title="bbox 559 462 2103 536; baseline -0.005 -12"><span class='ocrx_word' id='word_1_5' title='bbox 559 478 612 524; x_wconf 90' lang='lat' dir='ltr'><strong>et</strong></span> <span class='ocrx_word' id='word_1_6' title='bbox 639 467 796 523; x_wconf 99' lang='lat' dir='ltr'><strong>dulce</strong></span> <span class='ocrx_word' id='word_1_7' title='bbox 812 465 1142 535; x_wconf 78' lang='lat' dir='ltr'><strong>mordaxque</strong></span> <span class='ocrx_word' id='word_1_8' title='bbox 1173 463 1262 522; x_wconf 91' lang='lat' dir='ltr'><strong>sit.</strong></span> <span class='ocrx_word' id='word_1_9' title='bbox 1283 462 1521 519; x_wconf 83' lang='lat' dir='ltr'><strong>Proinde</strong></span> <span class='ocrx_word' id='word_1_10' title='bbox 1546 463 1627 520; x_wconf 88' lang='lat' dir='ltr'><strong>vir</strong></span> <span class='ocrx_word' id='word_1_11' title='bbox 1656 466 1872 536; x_wconf 81' lang='lat' dir='ltr'><strong>sapiens</strong></span> <span class='ocrx_word' id='word_1_12' title='bbox 1903 479 1967 518; x_wconf 91' lang='lat' dir='ltr'><strong>ac</strong></span> <span class='ocrx_word' id='word_1_13' title='bbox 1995 479 2103 518; x_wconf 66' lang='lat' dir='ltr'><strong>vere</strong></span> 
     </span>
    </p>
   </div>
   <div class='ocr_carea' id='block_1_4' title="bbox 2210 461 3732 536">
    <p class='ocr_par' dir='ltr' id='par_1_4' title="bbox 2224 461 3732 534">
     <span class='ocr_line' id='line_1_4' title="bbox 2224 461 3732 534; baseline 0.001 -18"><span class='ocrx_word' id='word_1_14' title='bbox 2224 466 2309 516; x_wconf 87' lang='grc' dir='ltr'><strong>κεῖ</strong></span> <span class='ocrx_word' id='word_1_15' title='bbox 2358 481 2416 517; x_wconf 92' lang='grc' dir='ltr'><strong>τε</strong></span> <span class='ocrx_word' id='word_1_16' title='bbox 2460 464 2569 517; x_wconf 88' lang='grc' dir='ltr'>ὄντι</span> <span class='ocrx_word' id='word_1_17' title='bbox 2621 464 2716 518; x_wconf 75' lang='grc' dir='ltr'><strong>καὶ</strong></span> <span class='ocrx_word' id='word_1_18' title='bbox 2764 461 3022 534; x_wconf 75' lang='grc' dir='ltr'><strong>δηκτικῷ.</strong></span> <span class='ocrx_word' id='word_1_19' title='bbox 3063 463 3220 516; x_wconf 84' lang='grc' dir='ltr'>Ὥστε</span> <span class='ocrx_word' id='word_1_20' title='bbox 3267 462 3459 527; x_wconf 76' lang='grc' dir='ltr'>παντὸς</span> <span class='ocrx_word' id='word_1_21' title='bbox 3503 463 3676 534; x_wconf 81' lang='grc' dir='ltr'>μᾶλλον</span> <span class='ocrx_word' id='word_1_22' title='bbox 3709 468 3732 518; x_wconf 83' lang='grc' dir='ltr'><strong>ό</strong></span> 
     </span>
    </p>
   </div>
   <div class='ocr_carea' id='block_1_5' title="bbox 561 555 2131 630">
    <p class='ocr_par' dir='ltr' id='par_1_5' title="bbox 561 555 2131 630">
     <span class='ocr_line' id='line_1_5' title="bbox 561 555 2131 630; baseline -0.004 -16"><span class='ocrx_word' id='word_1_23' title='bbox 561 559 842 630; x_wconf 77' lang='lat' dir='ltr'><strong>gnOsticus</strong></span> <span class='ocrx_word' id='word_1_24' title='bbox 870 570 981 628; x_wconf 64' lang='lat' dir='ltr'><strong>pre</strong></span> <span class='ocrx_word' id='word_1_25' title='bbox 1013 556 1269 612; x_wconf 89' lang='lat' dir='ltr'><strong>omnibus</strong></span> <span class='ocrx_word' id='word_1_26' title='bbox 1291 555 1547 611; x_wconf 88' lang='lat' dir='ltr'><strong>decorum</strong></span> <span class='ocrx_word' id='word_1_27' title='bbox 1569 599 1582 623; x_wconf 91' lang='lat'><strong>,</strong></span> <span class='ocrx_word' id='word_1_28' title='bbox 1611 571 1733 610; x_wconf 92' lang='lat' dir='ltr'><strong>cum</strong></span> <span class='ocrx_word' id='word_1_29' title='bbox 1765 571 1832 610; x_wconf 84' lang='lat' dir='ltr'><strong>eo</strong></span> <span class='ocrx_word' id='word_1_30' title='bbox 1871 555 2016 626; x_wconf 89' lang='lat' dir='ltr'><strong>quod</strong></span> <span class='ocrx_word' id='word_1_31' title='bbox 2039 569 2131 609; x_wconf 85' lang='lat' dir='ltr'><strong>ra-</strong></span> 
     </span>
    </p>
   </div>
   <div class='ocr_carea' id='block_1_6' title="bbox 559 645 2126 718">
    <p class='ocr_par' dir='ltr' id='par_1_6' title="bbox 559 645 2126 718">
     <span class='ocr_line' id='line_1_6' title="bbox 559 645 2126 718; baseline -0.002 -15"><span class='ocrx_word' id='word_1_32' title='bbox 559 649 694 703; x_wconf 90' lang='lat' dir='ltr'><strong>tioni</strong></span> <span class='ocrx_word' id='word_1_33' title='bbox 731 654 1159 702; x_wconf 88' lang='lat' dir='ltr'><strong>consentaneum</strong></span> <span class='ocrx_word' id='word_1_34' title='bbox 1199 655 1314 710; x_wconf 89' lang='lat' dir='ltr'><strong>est,</strong></span> <span class='ocrx_word' id='word_1_35' title='bbox 1345 655 1542 702; x_wconf 90' lang='lat' dir='ltr'><strong>servat.</strong></span> <span class='ocrx_word' id='word_1_36' title='bbox 1577 645 1849 718; x_wconf 81' lang='lat' dir='ltr'><strong>Quidquid</strong></span> <span class='ocrx_word' id='word_1_37' title='bbox 1876 645 2018 700; x_wconf 92' lang='lat' dir='ltr'><strong>enim</strong></span> <span class='ocrx_word' id='word_1_38' title='bbox 2058 661 2126 701; x_wconf 80' lang='lat' dir='ltr'><strong>ex</strong></span> 
     </span>
    </p>
   </div>
   <div class='ocr_carea' id='block_1_7' title="bbox 555 735 2125 808">
    <p class='ocr_par' dir='ltr' id='par_1_7' title="bbox 555 735 2125 808">
     <span class='ocr_line' id='line_1_7' title="bbox 555 735 2125 808; baseline 0 -17"><span class='ocrx_word' id='word_1_39' title='bbox 555 737 750 793; x_wconf 85' lang='lat' dir='ltr'><strong>all‘ectu</strong></span> <span class='ocrx_word' id='word_1_40' title='bbox 785 746 841 793; x_wconf 89' lang='lat' dir='ltr'><strong>et</strong></span> <span class='ocrx_word' id='word_1_41' title='bbox 875 737 1225 808; x_wconf 85' lang='lat' dir='ltr'><strong>passionibus</strong></span> <span class='ocrx_word' id='word_1_42' title='bbox 1255 749 1358 802; x_wconf 82' lang='lat' dir='ltr'><strong>est,</strong></span> <span class='ocrx_word' id='word_1_43' title='bbox 1381 751 1447 791; x_wconf 79' lang='lat' dir='ltr'><strong>ex</strong></span> <span class='ocrx_word' id='word_1_44' title='bbox 1476 738 1655 792; x_wconf 91' lang='lat' dir='ltr'><strong>anima</strong></span> <span class='ocrx_word' id='word_1_45' title='bbox 1680 737 1828 792; x_wconf 90' lang='lat' dir='ltr'><strong>omni</strong></span> <span class='ocrx_word' id='word_1_46' title='bbox 1877 735 2125 791; x_wconf 88' lang='lat' dir='ltr'><strong>abscisso</strong></span> 
     </span>
    </p>
   </div>
   <div class='ocr_carea' id='block_1_8' title="bbox 553 824 2124 896">
    <p class='ocr_par' dir='ltr' id='par_1_8' title="bbox 553 824 2124 896">
     <span class='ocr_line' id='line_1_8' title="bbox 553 824 2124 896; baseline 0 -16"><span class='ocrx_word' id='word_1_47' title='bbox 553 836 607 880; x_wconf 90' lang='lat' dir='ltr'><strong>et</strong></span> <span class='ocrx_word' id='word_1_48' title='bbox 633 826 833 890; x_wconf 88' lang='lat' dir='ltr'><strong>ablato,</strong></span> <span class='ocrx_word' id='word_1_49' title='bbox 865 840 990 880; x_wconf 91' lang='lat' dir='ltr'><strong>cum</strong></span> <span class='ocrx_word' id='word_1_50' title='bbox 1024 839 1090 881; x_wconf 88' lang='lat' dir='ltr'><strong>eo</strong></span> <span class='ocrx_word' id='word_1_51' title='bbox 1117 824 1262 896; x_wconf 83' lang='lat' dir='ltr'><strong>quod</strong></span> <span class='ocrx_word' id='word_1_52' title='bbox 1288 825 1798 894; x_wconf 73' lang='lat' dir='ltr'><strong>praestantissimum</strong></span> <span class='ocrx_word' id='word_1_53' title='bbox 1821 839 2124 894; x_wconf 88' lang='lat' dir='ltr'><strong>purumque</strong></span> 
     </span>
    </p>
   </div>
   <div class='ocr_carea' id='block_1_9' title="bbox 554 916 2118 987">
    <p class='ocr_par' dir='ltr' id='par_1_9' title="bbox 554 916 2118 987">
     <span class='ocr_line' id='line_1_9' title="bbox 554 916 2118 987; baseline -0.001 -15"><span class='ocrx_word' id='word_1_54' title='bbox 554 919 648 981; x_wconf 92' lang='lat' dir='ltr'><strong>sit,</strong></span> <span class='ocrx_word' id='word_1_55' title='bbox 674 932 738 972; x_wconf 91' lang='lat' dir='ltr'><strong>ac</strong></span> <span class='ocrx_word' id='word_1_56' title='bbox 779 917 1014 974; x_wconf 92' lang='lat' dir='ltr'><strong>ﬁliorum</strong></span> <span class='ocrx_word' id='word_1_57' title='bbox 1064 918 1370 972; x_wconf 87' lang='lat' dir='ltr'><strong>libertatem</strong></span> <span class='ocrx_word' id='word_1_58' title='bbox 1413 916 1703 987; x_wconf 78' lang='lat' dir='ltr'><strong>adoptione</strong></span> <span class='ocrx_word' id='word_1_59' title='bbox 1743 925 2118 982; x_wconf 88' lang='lat' dir='ltr'><strong>consecutum,</strong></span> 
     </span>
    </p>
   </div>
   <div class='ocr_carea' id='block_1_10' title="bbox 551 1005 1639 1076">
    <p class='ocr_par' dir='ltr' id='par_1_10' title="bbox 551 1005 1639 1076">
     <span class='ocr_line' id='line_1_10' title="bbox 551 1005 1639 1076; baseline 0 -16"><span class='ocrx_word' id='word_1_60' title='bbox 551 1013 742 1075; x_wconf 89' lang='lat' dir='ltr'><strong>postea</strong></span> <span class='ocrx_word' id='word_1_61' title='bbox 768 1015 1015 1062; x_wconf 77' lang='lat' dir='ltr'><strong>versatur</strong></span> <span class='ocrx_word' id='word_1_62' title='bbox 1036 1007 1309 1076; x_wconf 78' lang='lat' dir='ltr'><strong>vitamque</strong></span> <span class='ocrx_word' id='word_1_63' title='bbox 1334 1020 1487 1061; x_wconf 84' lang='lat' dir='ltr'><strong>suam</strong></span> <span class='ocrx_word' id='word_1_64' title='bbox 1509 1005 1639 1075; x_wconf 83' lang='lat' dir='ltr'><strong>agit.</strong></span> 
     </span>
    </p>
   </div>
   <div class='ocr_carea' id='block_1_11' title="bbox 623 1115 2120 1189">
    <p class='ocr_par' dir='ltr' id='par_1_11' title="bbox 623 1115 2120 1189">
     <span class='ocr_line' id='line_1_11' title="bbox 623 1115 2120 1189; baseline 0 -19"><span class='ocrx_word' id='word_1_65' title='bbox 623 1115 830 1172; x_wconf 80' lang='lat' dir='ltr'><strong>XXXII.</strong></span> <span class='ocrx_word' id='word_1_66' title='bbox 857 1116 1194 1189; x_wconf 79' lang='lat' dir='ltr'><strong>Pythagoras</strong></span> <span class='ocrx_word' id='word_1_67' title='bbox 1219 1118 1411 1184; x_wconf 87' lang='lat' dir='ltr'><strong>voluit,</strong></span> <span class='ocrx_word' id='word_1_68' title='bbox 1451 1133 1560 1172; x_wconf 93' lang='lat' dir='ltr'><strong>non</strong></span> <span class='ocrx_word' id='word_1_69' title='bbox 1599 1118 1773 1173; x_wconf 90' lang='lat' dir='ltr'><strong>solum</strong></span> <span class='ocrx_word' id='word_1_70' title='bbox 1812 1115 2120 1172; x_wconf 87' lang='lat' dir='ltr'><strong>eruditissi-</strong></span> 
     </span>
    </p>
   </div>
   <div class='ocr_carea' id='block_1_12' title="bbox 551 1205 2118 1280">
    <p class='ocr_par' dir='ltr' id='par_1_12' title="bbox 551 1205 2118 1280">
     <span class='ocr_line' id='line_1_12' title="bbox 551 1205 2118 1280; baseline 0 -18"><span class='ocrx_word' id='word_1_71' title='bbox 551 1223 721 1274; x_wconf 85' lang='lat' dir='ltr'><strong>mum,</strong></span> <span class='ocrx_word' id='word_1_72' title='bbox 746 1224 931 1265; x_wconf 90' lang='lat' dir='ltr'><strong>verum</strong></span> <span class='ocrx_word' id='word_1_73' title='bbox 969 1211 1131 1265; x_wconf 89' lang='lat' dir='ltr'><strong>etiam</strong></span> <span class='ocrx_word' id='word_1_74' title='bbox 1161 1205 1488 1278; x_wconf 84' lang='lat' dir='ltr'><strong>sapientium</strong></span> <span class='ocrx_word' id='word_1_75' title='bbox 1522 1209 1966 1280; x_wconf 90' lang='lat' dir='ltr'><strong>antiquissimum</strong></span> <span class='ocrx_word' id='word_1_76' title='bbox 2017 1207 2118 1262; x_wconf 93' lang='lat' dir='ltr'><strong>du-</strong></span> 
     </span>
    </p>
   </div>
   <div class='ocr_carea' id='block_1_13' title="bbox 547 1299 2117 1372">
    <p class='ocr_par' dir='ltr' id='par_1_13' title="bbox 547 1299 2117 1372">
     <span class='ocr_line' id='line_1_13' title="bbox 547 1299 2117 1372; baseline 0 -18"><span class='ocrx_word' id='word_1_77' title='bbox 547 1300 782 1356; x_wconf 89' lang='lat' dir='ltr'><strong>cendum</strong></span> <span class='ocrx_word' id='word_1_78' title='bbox 806 1299 943 1368; x_wconf 83' lang='lat' dir='ltr'><strong>fore,</strong></span> <span class='ocrx_word' id='word_1_79' title='bbox 963 1301 1056 1372; x_wconf 87' lang='lat' dir='ltr'><strong>qui</strong></span> <span class='ocrx_word' id='word_1_80' title='bbox 1089 1301 1254 1357; x_wconf 87' lang='lat' dir='ltr'><strong>rebus</strong></span> <span class='ocrx_word' id='word_1_81' title='bbox 1281 1301 1505 1356; x_wconf 89' lang='lat' dir='ltr'><strong>nomina</strong></span> <span class='ocrx_word' id='word_1_82' title='bbox 1534 1302 1860 1372; x_wconf 86' lang='lat' dir='ltr'><strong>imponeret.</strong></span> <span class='ocrx_word' id='word_1_83' title='bbox 1891 1299 2117 1370; x_wconf 88' lang='lat' dir='ltr'><strong>Oportet</strong></span> 
     </span>
    </p>
   </div>
   <div class='ocr_carea' id='block_1_14' title="bbox 550 1391 2112 1462">
    <p class='ocr_par' dir='ltr' id='par_1_14' title="bbox 550 1391 2112 1462">
     <span class='ocr_line' id='line_1_14' title="bbox 550 1391 2112 1462; baseline 0.001 -17"><span class='ocrx_word' id='word_1_84' title='bbox 550 1391 734 1462; x_wconf 87' lang='lat' dir='ltr'><strong>itaque</strong></span> <span class='ocrx_word' id='word_1_85' title='bbox 760 1401 822 1447; x_wconf 90' lang='lat' dir='ltr'><strong>ut</strong></span> <span class='ocrx_word' id='word_1_86' title='bbox 851 1391 1163 1462; x_wconf 85' lang='lat' dir='ltr'><strong>Scripturas</strong></span> <span class='ocrx_word' id='word_1_87' title='bbox 1197 1407 1386 1448; x_wconf 87' lang='lat' dir='ltr'><strong>sacras</strong></span> <span class='ocrx_word' id='word_1_88' title='bbox 1419 1402 1671 1447; x_wconf 84' lang='lat' dir='ltr'><strong>accurate</strong></span> <span class='ocrx_word' id='word_1_89' title='bbox 1700 1391 2112 1462; x_wconf 79' lang='lat' dir='ltr'><strong>perscrutanda,</strong></span> 
     </span>
    </p>
   </div>
   <div class='ocr_carea' id='block_1_15' title="bbox 547 1485 2115 1556">
    <p class='ocr_par' dir='ltr' id='par_1_15' title="bbox 547 1485 2115 1556">
     <span class='ocr_line' id='line_1_15' title="bbox 547 1485 2115 1556; baseline -0.001 -16"><span class='ocrx_word' id='word_1_90' title='bbox 547 1487 804 1556; x_wconf 88' lang='lat' dir='ltr'><strong>quoniam</strong></span> <span class='ocrx_word' id='word_1_91' title='bbox 854 1485 909 1540; x_wconf 93' lang='lat' dir='ltr'><strong>in</strong></span> <span class='ocrx_word' id='word_1_92' title='bbox 950 1485 1224 1555; x_wconf 87' lang='lat' dir='ltr'><strong>parabolis</strong></span> <span class='ocrx_word' id='word_1_93' title='bbox 1267 1493 1554 1540; x_wconf 80' lang='lat' dir='ltr'><strong>contextas</strong></span> <span class='ocrx_word' id='word_1_94' title='bbox 1599 1501 1723 1540; x_wconf 88' lang='lat' dir='ltr'><strong>esse</strong></span> <span class='ocrx_word' id='word_1_95' title='bbox 1763 1491 1998 1550; x_wconf 88' lang='lat' dir='ltr'><strong>constat,</strong></span> <span class='ocrx_word' id='word_1_96' title='bbox 2047 1499 2115 1539; x_wconf 78' lang='lat' dir='ltr'><strong>ex</strong></span> 
     </span>
    </p>
   </div>
   <div class='ocr_carea' id='block_1_16' title="bbox 547 1577 2114 1649">
    <p class='ocr_par' dir='ltr' id='par_1_16' title="bbox 547 1577 2114 1649">
     <span class='ocr_line' id='line_1_16' title="bbox 547 1577 2114 1649; baseline 0.001 -18"><span class='ocrx_word' id='word_1_97' title='bbox 547 1578 862 1633; x_wconf 88' lang='lat' dir='ltr'><strong>nominibus</strong></span> <span class='ocrx_word' id='word_1_98' title='bbox 909 1577 1222 1634; x_wconf 86' lang='lat' dir='ltr'><strong>earumdem</strong></span> <span class='ocrx_word' id='word_1_99' title='bbox 1295 1579 1595 1634; x_wconf 87' lang='lat' dir='ltr'><strong>sententias</strong></span> <span class='ocrx_word' id='word_1_100' title='bbox 1643 1594 1923 1644; x_wconf 86' lang='lat' dir='ltr'><strong>venemur,</strong></span> <span class='ocrx_word' id='word_1_101' title='bbox 1976 1593 2114 1649; x_wconf 89' lang='lat' dir='ltr'><strong>quas</strong></span> 
     </span>
    </p>
   </div>
   <div class='ocr_carea' id='block_1_17' title="bbox 548 1668 2112 1742">
    <p class='ocr_par' dir='ltr' id='par_1_17' title="bbox 548 1668 2112 1742">
     <span class='ocr_line' id='line_1_17' title="bbox 548 1668 2112 1742; baseline 0.002 -21"><span class='ocrx_word' id='word_1_102' title='bbox 548 1669 784 1739; x_wconf 86' lang='lat' dir='ltr'><strong>Spiritus</strong></span> <span class='ocrx_word' id='word_1_103' title='bbox 824 1679 1046 1725; x_wconf 87' lang='lat' dir='ltr'><strong>sanctus</strong></span> <span class='ocrx_word' id='word_1_104' title='bbox 1073 1668 1141 1723; x_wconf 91' lang='lat' dir='ltr'><strong>de</strong></span> <span class='ocrx_word' id='word_1_105' title='bbox 1196 1669 1362 1724; x_wconf 87' lang='lat' dir='ltr'><strong>rebus</strong></span> <span class='ocrx_word' id='word_1_106' title='bbox 1398 1671 1501 1725; x_wconf 88' lang='lat' dir='ltr'><strong>sibi</strong></span> <span class='ocrx_word' id='word_1_107' title='bbox 1530 1671 1834 1742; x_wconf 87' lang='lat' dir='ltr'><strong>proposuit.</strong></span> <span class='ocrx_word' id='word_1_108' title='bbox 1861 1679 1916 1726; x_wconf 92' lang='lat' dir='ltr'><strong>et</strong></span> <span class='ocrx_word' id='word_1_109' title='bbox 1949 1679 2009 1724; x_wconf 92' lang='lat' dir='ltr'><strong>ut</strong></span> <span class='ocrx_word' id='word_1_110' title='bbox 2039 1671 2112 1724; x_wconf 90' lang='lat' dir='ltr'><strong>ita</strong></span> 
     </span>
    </p>
   </div>
   <div class='ocr_carea' id='block_1_18' title="bbox 543 1756 2115 1830">
    <p class='ocr_par' dir='ltr' id='par_1_18' title="bbox 543 1756 2115 1830">
     <span class='ocr_line' id='line_1_18' title="bbox 543 1756 2115 1830; baseline 0.005 -21"><span class='ocrx_word' id='word_1_111' title='bbox 543 1756 742 1823; x_wconf 86' lang='lat' dir='ltr'><strong>dicam,</strong></span> <span class='ocrx_word' id='word_1_112' title='bbox 773 1757 1000 1814; x_wconf 85' lang='lat' dir='ltr'><strong>vocibus</strong></span> <span class='ocrx_word' id='word_1_113' title='bbox 1047 1757 1264 1821; x_wconf 90' lang='lat' dir='ltr'><strong>indidit,</strong></span> <span class='ocrx_word' id='word_1_114' title='bbox 1309 1759 1545 1830; x_wconf 90' lang='lat' dir='ltr'><strong>indeque</strong></span> <span class='ocrx_word' id='word_1_115' title='bbox 1579 1771 1813 1817; x_wconf 88' lang='lat' dir='ltr'><strong>mentem</strong></span> <span class='ocrx_word' id='word_1_116' title='bbox 1833 1776 1989 1816; x_wconf 88' lang='lat' dir='ltr'><strong>suam</strong></span> <span class='ocrx_word' id='word_1_117' title='bbox 2019 1777 2115 1817; x_wconf 78' lang='lat' dir='ltr'><strong>ex-</strong></span> 
     </span>
    </p>
   </div>
   <div class='ocr_carea' id='block_1_19' title="bbox 543 1847 2184 1943">
    <p class='ocr_par' dir='ltr' id='par_1_19' title="bbox 543 1847 2184 1943">
     <span class='ocr_line' id='line_1_19' title="bbox 543 1847 2184 1943; baseline 0.004 -45"><span class='ocrx_word' id='word_1_118' title='bbox 543 1862 787 1915; x_wconf 87' lang='lat' dir='ltr'><strong>pressam</strong></span> <span class='ocrx_word' id='word_1_119' title='bbox 821 1847 1020 1918; x_wconf 88' lang='lat' dir='ltr'><strong>docet;</strong></span> <span class='ocrx_word' id='word_1_120' title='bbox 1057 1867 1182 1906; x_wconf 88' lang='lat' dir='ltr'><strong>eum</strong></span> <span class='ocrx_word' id='word_1_121' title='bbox 1227 1865 1417 1927; x_wconf 83' lang='lat' dir='ltr'><strong>nempe</strong></span> <span class='ocrx_word' id='word_1_122' title='bbox 1459 1852 1514 1906; x_wconf 92' lang='lat' dir='ltr'><strong>in</strong></span> <span class='ocrx_word' id='word_1_123' title='bbox 1568 1852 1764 1916; x_wconf 89' lang='lat' dir='ltr'><strong>ﬁnem,</strong></span> <span class='ocrx_word' id='word_1_124' title='bbox 1799 1862 1858 1908; x_wconf 93' lang='lat' dir='ltr'><strong>ut</strong></span> <span class='ocrx_word' id='word_1_125' title='bbox 1889 1853 2110 1907; x_wconf 89' lang='lat' dir='ltr'><strong>nomina</strong></span> <span class='ocrx_word' id='word_1_126' title='bbox 2144 1886 2184 1943; x_wconf 71' lang='grc' dir='ltr'><strong>Β</strong></span> 
     </span>
    </p>
   </div>
   <div class='ocr_carea' id='block_1_20' title="bbox 543 1939 2111 2016">
    <p class='ocr_par' dir='ltr' id='par_1_20' title="bbox 543 1939 2111 2016">
     <span class='ocr_line' id='line_1_20' title="bbox 543 1939 2111 2016; baseline 0.006 -26"><span class='ocrx_word' id='word_1_127' title='bbox 543 1953 666 2007; x_wconf 68' lang='lat' dir='ltr'><strong>qua:</strong></span> <span class='ocrx_word' id='word_1_128' title='bbox 693 1939 1094 2010; x_wconf 85' lang='lat' dir='ltr'><strong>signiﬁcatione</strong></span> <span class='ocrx_word' id='word_1_129' title='bbox 1122 1941 1410 2012; x_wconf 85' lang='lat' dir='ltr'><strong>multiplici</strong></span> <span class='ocrx_word' id='word_1_130' title='bbox 1431 1942 1576 1998; x_wconf 90' lang='lat' dir='ltr'><strong>dicta</strong></span> <span class='ocrx_word' id='word_1_131' title='bbox 1607 1952 1754 2008; x_wconf 88' lang='lat' dir='ltr'><strong>sunt,</strong></span> <span class='ocrx_word' id='word_1_132' title='bbox 1771 1945 2058 2016; x_wconf 78' lang='lat' dir='ltr'><strong>diligenter</strong></span> <span class='ocrx_word' id='word_1_133' title='bbox 2080 1960 2111 1999; x_wconf 91' lang='lat' dir='ltr'><strong>a</strong></span> 
     </span>
    </p>
   </div>
   <div class='ocr_carea' id='block_1_21' title="bbox 540 2029 2111 2116">
    <p class='ocr_par' dir='ltr' id='par_1_21' title="bbox 540 2029 2111 2116">
     <span class='ocr_line' id='line_1_21' title="bbox 540 2029 2111 2116; baseline 0.006 -34"><span class='ocrx_word' id='word_1_134' title='bbox 540 2029 703 2116; x_wconf 79' lang='lat' dir='ltr'><strong>nobis</strong></span> <span class='ocrx_word' id='word_1_135' title='bbox 729 2045 970 2100; x_wconf 78' lang='lat' dir='ltr'><strong>expensa</strong></span> <span class='ocrx_word' id='word_1_136' title='bbox 991 2031 1352 2100; x_wconf 80' lang='lat' dir='ltr'><strong>explicentur,</strong></span> <span class='ocrx_word' id='word_1_137' title='bbox 1376 2041 1432 2088; x_wconf 92' lang='lat' dir='ltr'><strong>et</strong></span> <span class='ocrx_word' id='word_1_138' title='bbox 1464 2033 1820 2091; x_wconf 80' lang='lat' dir='ltr'><strong>absconditus</strong></span> <span class='ocrx_word' id='word_1_139' title='bbox 1844 2035 1898 2089; x_wconf 91' lang='lat' dir='ltr'><strong>in</strong></span> <span class='ocrx_word' id='word_1_140' title='bbox 1925 2036 2111 2092; x_wconf 90' lang='lat' dir='ltr'><strong>multis</strong></span> 
     </span>
    </p>
   </div>
   <div class='ocr_carea' id='block_1_22' title="bbox 539 2119 2112 2193">
    <p class='ocr_par' dir='ltr' id='par_1_22' title="bbox 539 2119 2112 2193">
     <span class='ocr_line' id='line_1_22' title="bbox 539 2119 2112 2193; baseline 0.003 -17"><span class='ocrx_word' id='word_1_141' title='bbox 539 2119 621 2176; x_wconf 91' lang='lat' dir='ltr'><strong>sic</strong></span> <span class='ocrx_word' id='word_1_142' title='bbox 671 2121 976 2191; x_wconf 78' lang='lat' dir='ltr'><strong>tegentibus</strong></span> <span class='ocrx_word' id='word_1_143' title='bbox 1019 2135 1236 2187; x_wconf 89' lang='lat' dir='ltr'><strong>sensus,</strong></span> <span class='ocrx_word' id='word_1_144' title='bbox 1299 2124 1458 2193; x_wconf 83' lang='lat' dir='ltr'><strong>quasi</strong></span> <span class='ocrx_word' id='word_1_145' title='bbox 1497 2126 1888 2181; x_wconf 88' lang='lat' dir='ltr'><strong>contrectando</strong></span> <span class='ocrx_word' id='word_1_146' title='bbox 1921 2125 2112 2181; x_wconf 91' lang='lat' dir='ltr'><strong>condi-</strong></span> 
     </span>
    </p>
   </div>
   <div class='ocr_carea' id='block_1_23' title="bbox 538 2212 2112 2288">
    <p class='ocr_par' dir='ltr' id='par_1_23' title="bbox 538 2212 2112 2288">
     <span class='ocr_line' id='line_1_23' title="bbox 538 2212 2112 2288; baseline 0.003 -20"><span class='ocrx_word' id='word_1_147' title='bbox 538 2212 852 2284; x_wconf 82' lang='lat' dir='ltr'><strong>scendoque</strong></span> <span class='ocrx_word' id='word_1_148' title='bbox 867 2221 1128 2284; x_wconf 86' lang='lat' dir='ltr'><strong>appareat</strong></span> <span class='ocrx_word' id='word_1_149' title='bbox 1144 2224 1305 2285; x_wconf 87' lang='lat' dir='ltr'><strong>atque</strong></span> <span class='ocrx_word' id='word_1_150' title='bbox 1324 2217 1554 2272; x_wconf 88' lang='lat' dir='ltr'><strong>eluceat.</strong></span> <span class='ocrx_word' id='word_1_151' title='bbox 1574 2215 1665 2271; x_wconf 91' lang='lat' dir='ltr'><strong>Sic</strong></span> <span class='ocrx_word' id='word_1_152' title='bbox 1686 2216 1831 2272; x_wconf 92' lang='lat' dir='ltr'><strong>enim</strong></span> <span class='ocrx_word' id='word_1_153' title='bbox 1853 2224 1908 2272; x_wconf 91' lang='lat' dir='ltr'><strong>et</strong></span> <span class='ocrx_word' id='word_1_154' title='bbox 1934 2217 2112 2288; x_wconf 88' lang='lat' dir='ltr'><strong>plum-</strong></span> 
     </span>
    </p>
   </div>
   <div class='ocr_carea' id='block_1_24' title="bbox 537 2305 2108 2379">
    <p class='ocr_par' dir='ltr' id='par_1_24' title="bbox 537 2305 2108 2379">
     <span class='ocr_line' id='line_1_24' title="bbox 537 2305 2108 2379; baseline 0.002 -20"><span class='ocrx_word' id='word_1_155' title='bbox 537 2305 667 2359; x_wconf 89' lang='lat' dir='ltr'><strong>bum</strong></span> <span class='ocrx_word' id='word_1_156' title='bbox 711 2305 903 2359; x_wconf 91' lang='lat' dir='ltr'><strong>attritu</strong></span> <span class='ocrx_word' id='word_1_157' title='bbox 940 2305 1238 2370; x_wconf 89' lang='lat' dir='ltr'><strong>candescit,</strong></span> <span class='ocrx_word' id='word_1_158' title='bbox 1273 2307 1396 2361; x_wconf 89' lang='lat' dir='ltr'><strong>alba</strong></span> <span class='ocrx_word' id='word_1_159' title='bbox 1426 2323 1496 2362; x_wconf 78' lang='lat' dir='ltr'><strong>ex</strong></span> <span class='ocrx_word' id='word_1_160' title='bbox 1535 2308 1694 2379; x_wconf 86' lang='lat' dir='ltr'><strong>nigro</strong></span> <span class='ocrx_word' id='word_1_161' title='bbox 1733 2323 1958 2363; x_wconf 88' lang='lat' dir='ltr'><strong>cerussa</strong></span> <span class='ocrx_word' id='word_1_162' title='bbox 1993 2307 2108 2376; x_wconf 87' lang='lat' dir='ltr'><strong>jam</strong></span> 
     </span>
    </p>
   </div>
   <div class='ocr_carea' id='block_1_25' title="bbox 538 2393 2109 2472">
    <p class='ocr_par' dir='ltr' id='par_1_25' title="bbox 538 2393 2109 2472">
     <span class='ocr_line' id='line_1_25' title="bbox 538 2393 2109 2472; baseline 0.005 -24"><span class='ocrx_word' id='word_1_163' title='bbox 538 2395 702 2449; x_wconf 81' lang='lat' dir='ltr'><strong>facta.</strong></span> <span class='ocrx_word' id='word_1_164' title='bbox 741 2393 835 2450; x_wconf 89' lang='lat' dir='ltr'><strong>Sic</strong></span> <span class='ocrx_word' id='word_1_165' title='bbox 883 2397 1046 2450; x_wconf 88' lang='lat' dir='ltr'><strong>etiam</strong></span> <span class='ocrx_word' id='word_1_166' title='bbox 1123 2405 1176 2452; x_wconf 90' lang='lat' dir='ltr'><strong>et</strong></span> <span class='ocrx_word' id='word_1_167' title='bbox 1225 2398 1454 2452; x_wconf 87' lang='lat' dir='ltr'><strong>scientia</strong></span> <span class='ocrx_word' id='word_1_168' title='bbox 1503 2399 1679 2454; x_wconf 90' lang='lat' dir='ltr'><strong>lucem</strong></span> <span class='ocrx_word' id='word_1_169' title='bbox 1745 2415 1808 2455; x_wconf 91' lang='lat' dir='ltr'><strong>ac</strong></span> <span class='ocrx_word' id='word_1_170' title='bbox 1854 2401 2109 2472; x_wconf 79' lang='lat' dir='ltr'><strong>Splendo-</strong></span> 
     </span>
    </p>
   </div>
   <div class='ocr_carea' id='block_1_26' title="bbox 537 2485 2105 2560">
    <p class='ocr_par' dir='ltr' id='par_1_26' title="bbox 537 2485 2105 2560">
     <span class='ocr_line' id='line_1_26' title="bbox 537 2485 2105 2560; baseline 0.002 -20"><span class='ocrx_word' id='word_1_171' title='bbox 537 2499 653 2540; x_wconf 89' lang='lat' dir='ltr'><strong>rem</strong></span> <span class='ocrx_word' id='word_1_172' title='bbox 697 2485 1001 2549; x_wconf 83' lang='lat' dir='ltr'><strong>eIl&#39;undens,</strong></span> <span class='ocrx_word' id='word_1_173' title='bbox 1043 2501 1169 2541; x_wconf 86' lang='lat' dir='ltr'><strong>vere</strong></span> <span class='ocrx_word' id='word_1_174' title='bbox 1220 2487 1406 2542; x_wconf 80' lang='lat' dir='ltr'><strong>divina</strong></span> <span class='ocrx_word' id='word_1_175' title='bbox 1452 2489 1544 2544; x_wconf 88' lang='lat' dir='ltr'><strong>illa</strong></span> <span class='ocrx_word' id='word_1_176' title='bbox 1603 2489 1870 2560; x_wconf 88' lang='lat' dir='ltr'><strong>sapientia</strong></span> <span class='ocrx_word' id='word_1_177' title='bbox 1920 2489 2105 2555; x_wconf 79' lang='lat' dir='ltr'><strong>fuerit,</strong></span> 
     </span>
    </p>
   </div>
   <div class='ocr_carea' id='block_1_27' title="bbox 537 2577 2106 2652">
    <p class='ocr_par' dir='ltr' id='par_1_27' title="bbox 537 2577 2106 2652">
     <span class='ocr_line' id='line_1_27' title="bbox 537 2577 2106 2652; baseline 0.003 -20"><span class='ocrx_word' id='word_1_178' title='bbox 537 2592 734 2648; x_wconf 86' lang='lat' dir='ltr'><strong>purum</strong></span> <span class='ocrx_word' id='word_1_179' title='bbox 767 2577 901 2632; x_wconf 89' lang='lat' dir='ltr'><strong>illud</strong></span> <span class='ocrx_word' id='word_1_180' title='bbox 938 2577 1144 2641; x_wconf 91' lang='lat' dir='ltr'><strong>lumen,</strong></span> <span class='ocrx_word' id='word_1_181' title='bbox 1171 2577 1486 2636; x_wconf 90' lang='lat' dir='ltr'><strong>illuminans</strong></span> <span class='ocrx_word' id='word_1_182' title='bbox 1535 2581 1660 2637; x_wconf 90' lang='lat' dir='ltr'><strong>illos</strong></span> <span class='ocrx_word' id='word_1_183' title='bbox 1718 2595 1949 2652; x_wconf 88' lang='lat' dir='ltr'><strong>quorum</strong></span> <span class='ocrx_word' id='word_1_184' title='bbox 2003 2597 2106 2652; x_wconf 89' lang='lat' dir='ltr'><strong>pu-</strong></span> 
     </span>
    </p>
   </div>
   <div class='ocr_carea' id='block_1_28' title="bbox 533 2668 2106 2740">
    <p class='ocr_par' dir='ltr' id='par_1_28' title="bbox 533 2668 2106 2740">
     <span class='ocr_line' id='line_1_28' title="bbox 533 2668 2106 2740; baseline 0.001 -17"><span class='ocrx_word' id='word_1_185' title='bbox 533 2669 664 2740; x_wconf 89' lang='lat' dir='ltr'><strong>pilla</strong></span> <span class='ocrx_word' id='word_1_186' title='bbox 699 2668 983 2723; x_wconf 90' lang='lat' dir='ltr'><strong>oculorum</strong></span> <span class='ocrx_word' id='word_1_187' title='bbox 1033 2683 1172 2740; x_wconf 85' lang='lat' dir='ltr'><strong>pura</strong></span> <span class='ocrx_word' id='word_1_188' title='bbox 1221 2668 1406 2734; x_wconf 84' lang='lat' dir='ltr'><strong>fuerit,</strong></span> <span class='ocrx_word' id='word_1_189' title='bbox 1459 2671 1744 2728; x_wconf 83' lang='lat' dir='ltr'><strong>veritatem</strong></span> <span class='ocrx_word' id='word_1_190' title='bbox 1791 2680 1852 2726; x_wconf 93' lang='lat' dir='ltr'><strong>ut</strong></span> <span class='ocrx_word' id='word_1_191' title='bbox 1890 2671 2106 2726; x_wconf 88' lang='lat' dir='ltr'><strong>videant</strong></span> 
     </span>
    </p>
   </div>
   <div class='ocr_carea' id='block_1_29' title="bbox 536 2757 1636 2830">
    <p class='ocr_par' dir='ltr' id='par_1_29' title="bbox 536 2757 1636 2830">
     <span class='ocr_line' id='line_1_29' title="bbox 536 2757 1636 2830; baseline 0.003 -15"><span class='ocrx_word' id='word_1_192' title='bbox 536 2757 888 2828; x_wconf 78' lang='lat' dir='ltr'><strong>eamdemque</strong></span> <span class='ocrx_word' id='word_1_193' title='bbox 913 2757 1140 2816; x_wconf 88' lang='lat' dir='ltr'><strong>ﬁrmiter</strong></span> <span class='ocrx_word' id='word_1_194' title='bbox 1154 2760 1636 2830; x_wconf 87' lang='lat' dir='ltr'><strong>comprehendant.</strong></span> 
     </span>
    </p>
   </div>
   <div class='ocr_carea' id='block_1_30' title="bbox 603 2849 2106 2926">
    <p class='ocr_par' dir='ltr' id='par_1_30' title="bbox 603 2849 2106 2926">
     <span class='ocr_line' id='line_1_30' title="bbox 603 2849 2106 2926; baseline 0.006 -23"><span class='ocrx_word' id='word_1_195' title='bbox 603 2849 767 2924; x_wconf 64' lang='lat'><strong>36‘</strong></span> <span class='ocrx_word' id='word_1_196' title='bbox 780 2849 1016 2906; x_wconf 77' lang='lat' dir='ltr'><strong>XXXIII.</strong></span> <span class='ocrx_word' id='word_1_197' title='bbox 1034 2851 1272 2909; x_wconf 90' lang='lat' dir='ltr'><strong>Proinde</strong></span> <span class='ocrx_word' id='word_1_198' title='bbox 1289 2853 1428 2909; x_wconf 85' lang='lat' dir='ltr'><strong>lucis</strong></span> <span class='ocrx_word' id='word_1_199' title='bbox 1449 2854 1680 2925; x_wconf 88' lang='lat' dir='ltr'><strong>hujusce</strong></span> <span class='ocrx_word' id='word_1_200' title='bbox 1690 2854 2106 2926; x_wconf 88' lang='lat' dir='ltr'><strong>principio,I&#39;ace</strong></span> 
     </span>
    </p>
   </div>
   <div class='ocr_carea' id='block_1_31' title="bbox 535 2936 2102 3022">
    <p class='ocr_par' dir='ltr' id='par_1_31' title="bbox 535 2936 2102 3022">
     <span class='ocr_line' id='line_1_31' title="bbox 535 2936 2102 3022; baseline 0.004 -33"><span class='ocrx_word' id='word_1_201' title='bbox 535 2949 790 3001; x_wconf 89' lang='lat' dir='ltr'><strong>accensa,</strong></span> <span class='ocrx_word' id='word_1_202' title='bbox 827 2950 895 2990; x_wconf 81' lang='lat' dir='ltr'><strong>ex</strong></span> <span class='ocrx_word' id='word_1_203' title='bbox 929 2936 1188 3006; x_wconf 88' lang='lat' dir='ltr'><strong>passione</strong></span> <span class='ocrx_word' id='word_1_204' title='bbox 1217 2953 1338 3008; x_wconf 62' lang='lat' dir='ltr'><strong>qua</strong></span> <span class='ocrx_word' id='word_1_205' title='bbox 1374 2939 1597 3022; x_wconf 73' lang='lat' dir='ltr'><strong>quidem</strong></span> <span class='ocrx_word' id='word_1_206' title='bbox 1626 2940 1683 2994; x_wconf 91' lang='lat' dir='ltr'><strong>in</strong></span> <span class='ocrx_word' id='word_1_207' title='bbox 1712 2941 1804 2995; x_wconf 89' lang='lat' dir='ltr'><strong>illa</strong></span> <span class='ocrx_word' id='word_1_208' title='bbox 1831 2949 2102 3007; x_wconf 81' lang='lat' dir='ltr'><strong>versatur,</strong></span> 
     </span>
    </p>
   </div>
   <div class='ocr_carea' id='block_1_32' title="bbox 531 3025 2106 3100">
    <p class='ocr_par' dir='ltr' id='par_1_32' title="bbox 531 3025 2106 3100">
     <span class='ocr_line' id='line_1_32' title="bbox 531 3025 2106 3100; baseline 0.005 -20"><span class='ocrx_word' id='word_1_209' title='bbox 531 3039 694 3097; x_wconf 86' lang='lat' dir='ltr'><strong>quam</strong></span> <span class='ocrx_word' id='word_1_210' title='bbox 725 3025 958 3081; x_wconf 85' lang='lat' dir='ltr'><strong>maxime</strong></span> <span class='ocrx_word' id='word_1_211' title='bbox 995 3027 1123 3083; x_wconf 88' lang='lat' dir='ltr'><strong>licet</strong></span> <span class='ocrx_word' id='word_1_212' title='bbox 1152 3026 1221 3082; x_wconf 91' lang='lat' dir='ltr'><strong>ad</strong></span> <span class='ocrx_word' id='word_1_213' title='bbox 1245 3027 1657 3086; x_wconf 88' lang='lat' dir='ltr'><strong>similitudinem</strong></span> <span class='ocrx_word' id='word_1_214' title='bbox 1685 3031 2106 3100; x_wconf 79' lang='lat' dir='ltr'><strong>contendentes,</strong></span> 
     </span>
    </p>
   </div>
   <div class='ocr_carea' id='block_1_33' title="bbox 532 3111 2102 3192">
    <p class='ocr_par' dir='ltr' id='par_1_33' title="bbox 532 3111 2102 3192">
     <span class='ocr_line' id='line_1_33' title="bbox 532 3111 2102 3192; baseline 0.005 -20"><span class='ocrx_word' id='word_1_215' title='bbox 532 3117 673 3172; x_wconf 90' lang='lat' dir='ltr'><strong>lucis</strong></span> <span class='ocrx_word' id='word_1_216' title='bbox 698 3117 865 3188; x_wconf 86' lang='lat' dir='ltr'><strong>pleni,</strong></span> <span class='ocrx_word' id='word_1_217' title='bbox 891 3118 994 3172; x_wconf 91' lang='lat' dir='ltr'><strong>viri</strong></span> <span class='ocrx_word' id='word_1_218' title='bbox 1018 3116 1274 3175; x_wconf 68' lang='lat' dir='ltr'><strong>Israelita:</strong></span> <span class='ocrx_word' id='word_1_219' title='bbox 1302 3121 1482 3192; x_wconf 80' lang='lat' dir='ltr'><strong>reipsa</strong></span> <span class='ocrx_word' id='word_1_220' title='bbox 1529 3123 1833 3178; x_wconf 84' lang='lat' dir='ltr'><strong>evadimus.</strong></span> <span class='ocrx_word' id='word_1_221' title='bbox 1878 3111 2102 3180; x_wconf 70' lang='lat' dir='ltr'><strong>Amicos</strong></span> 
     </span>
    </p>
   </div>
   <div class='ocr_carea' id='block_1_34' title="bbox 2219 553 3730 627">
    <p class='ocr_par' dir='ltr' id='par_1_34' title="bbox 2219 553 3730 627">
     <span class='ocr_line' id='line_1_34' title="bbox 2219 553 3730 627; baseline 0 -19"><span class='ocrx_word' id='word_1_222' title='bbox 2219 556 2514 623; x_wconf 84' lang='grc' dir='ltr'>γνωστικὸς</span> <span class='ocrx_word' id='word_1_223' title='bbox 2543 556 2604 608; x_wconf 84' lang='grc' dir='ltr'>τὸ</span> <span class='ocrx_word' id='word_1_224' title='bbox 2635 555 2846 627; x_wconf 80' lang='grc' dir='ltr'>πρέπον</span> <span class='ocrx_word' id='word_1_225' title='bbox 2889 554 2955 609; x_wconf 84' lang='grc' dir='ltr'><strong>ἃν</strong></span> <span class='ocrx_word' id='word_1_226' title='bbox 2990 553 3124 626; x_wconf 77' lang='grc' dir='ltr'>μετὰ</span> <span class='ocrx_word' id='word_1_227' title='bbox 3169 553 3260 607; x_wconf 90' lang='grc' dir='ltr'><strong>τοῦ</strong></span> <span class='ocrx_word' id='word_1_228' title='bbox 3293 553 3431 609; x_wconf 71' lang='grc' dir='ltr'>κατὰ</span> <span class='ocrx_word' id='word_1_229' title='bbox 3469 553 3612 623; x_wconf 86' lang='grc' dir='ltr'>λόγον</span> <span class='ocrx_word' id='word_1_230' title='bbox 3651 573 3730 623; x_wconf 84' lang='grc' dir='ltr'>φυ-</span> 
     </span>
    </p>
   </div>
   <div class='ocr_carea' id='block_1_35' title="bbox 2223 643 3728 718">
    <p class='ocr_par' dir='ltr' id='par_1_35' title="bbox 2223 643 3728 718">
     <span class='ocr_line' id='line_1_35' title="bbox 2223 643 3728 718; baseline -0.001 -19"><span class='ocrx_word' id='word_1_231' title='bbox 2223 644 2430 699; x_wconf 87' lang='grc' dir='ltr'>λάσσει.</span> <span class='ocrx_word' id='word_1_232' title='bbox 2476 647 2582 700; x_wconf 87' lang='grc' dir='ltr'>Τοῦ</span> <span class='ocrx_word' id='word_1_233' title='bbox 2625 646 2734 718; x_wconf 82' lang='grc' dir='ltr'><strong>γὰρ</strong></span> <span class='ocrx_word' id='word_1_234' title='bbox 2787 645 3066 716; x_wconf 82' lang='grc' dir='ltr'>ἐμπαθοῦς</span> <span class='ocrx_word' id='word_1_235' title='bbox 3113 645 3310 708; x_wconf 78' lang='grc' dir='ltr'>παντὸς</span> <span class='ocrx_word' id='word_1_236' title='bbox 3355 643 3728 717; x_wconf 84' lang='grc' dir='ltr'>περιτμηθέντος</span> 
     </span>
    </p>
   </div>
   <div class='ocr_carea' id='block_1_36' title="bbox 2222 735 3729 810">
    <p class='ocr_par' dir='ltr' id='par_1_36' title="bbox 2222 735 3729 810">
     <span class='ocr_line' id='line_1_36' title="bbox 2222 735 3729 810; baseline -0.002 -18"><span class='ocrx_word' id='word_1_237' title='bbox 2222 737 2314 792; x_wconf 76' lang='grc' dir='ltr'>καὶ</span> <span class='ocrx_word' id='word_1_238' title='bbox 2347 737 2780 810; x_wconf 86' lang='grc' dir='ltr'>περιαιρεθέντος</span> <span class='ocrx_word' id='word_1_239' title='bbox 2805 738 3021 809; x_wconf 85' lang='grc' dir='ltr'>ἁπάσης</span> <span class='ocrx_word' id='word_1_240' title='bbox 3052 737 3150 806; x_wconf 80' lang='grc' dir='ltr'>τῆς</span> <span class='ocrx_word' id='word_1_241' title='bbox 3179 737 3376 809; x_wconf 78' lang='grc' dir='ltr'>ψυχῆς,</span> <span class='ocrx_word' id='word_1_242' title='bbox 3399 735 3474 808; x_wconf 85' lang='grc' dir='ltr'><strong>τῷ</strong></span> <span class='ocrx_word' id='word_1_243' title='bbox 3503 737 3729 810; x_wconf 77' lang='grc' dir='ltr'><strong>κρατίστῳ</strong></span> 
     </span>
    </p>
   </div>
   <div class='ocr_carea' id='block_1_37' title="bbox 2223 827 3730 901">
    <p class='ocr_par' dir='ltr' id='par_1_37' title="bbox 2223 827 3730 901">
     <span class='ocr_line' id='line_1_37' title="bbox 2223 827 3730 901; baseline 0.002 -18"><span class='ocrx_word' id='word_1_244' title='bbox 2223 827 2444 900; x_wconf 84' lang='grc' dir='ltr'>καθαρῷ</span> <span class='ocrx_word' id='word_1_245' title='bbox 2475 829 2751 900; x_wconf 85' lang='grc' dir='ltr'><strong>γενομένῳ</strong></span> <span class='ocrx_word' id='word_1_246' title='bbox 2781 829 2877 882; x_wconf 80' lang='grc' dir='ltr'>καὶ</span> <span class='ocrx_word' id='word_1_247' title='bbox 2919 827 3348 901; x_wconf 67' lang='grc' dir='ltr'>ἠλευθερωμένῳ</span> <span class='ocrx_word' id='word_1_248' title='bbox 3390 830 3468 892; x_wconf 90' lang='grc' dir='ltr'><strong>είς</strong></span> <span class='ocrx_word' id='word_1_249' title='bbox 3506 828 3730 886; x_wconf 72' lang='grc' dir='ltr'>υἱοθεσίαν</span> 
     </span>
    </p>
   </div>
   <div class='ocr_carea' id='block_1_38' title="bbox 2219 917 3128 989">
    <p class='ocr_par' dir='ltr' id='par_1_38' title="bbox 2219 917 3128 989">
     <span class='ocr_line' id='line_1_38' title="bbox 2219 917 3128 989; baseline 0.001 -17"><span class='ocrx_word' id='word_1_250' title='bbox 2219 917 2310 972; x_wconf 88' lang='grc' dir='ltr'><strong>τοῦ</strong></span> <span class='ocrx_word' id='word_1_251' title='bbox 2343 917 2528 972; x_wconf 78' lang='grc' dir='ltr'><strong>λοιποῦ</strong></span> <span class='ocrx_word' id='word_1_252' title='bbox 2559 917 2774 972; x_wconf 83' lang='grc' dir='ltr'><strong>σύνεστι</strong></span> <span class='ocrx_word' id='word_1_253' title='bbox 2805 935 2862 972; x_wconf 89' lang='grc' dir='ltr'><strong>τε</strong></span> <span class='ocrx_word' id='word_1_254' title='bbox 2887 919 2976 972; x_wconf 64' lang='grc' dir='ltr'><strong>καί¹</strong></span> <span class='ocrx_word' id='word_1_255' title='bbox 3006 917 3128 989; x_wconf 86' lang='grc' dir='ltr'>βιοῖ.</span> 
     </span>
    </p>
   </div>
   <div class='ocr_carea' id='block_1_39' title="bbox 2287 1119 3730 1196">
    <p class='ocr_par' dir='ltr' id='par_1_39' title="bbox 2287 1119 3730 1196">
     <span class='ocr_line' id='line_1_39' title="bbox 2287 1119 3730 1196; baseline 0.004 -23"><span class='ocrx_word' id='word_1_256' title='bbox 2287 1120 2407 1174; x_wconf 85' lang='grc' dir='ltr'><strong>ΛΒ’.</strong></span> <span class='ocrx_word' id='word_1_257' title='bbox 2443 1119 2766 1192; x_wconf 75' lang='grc' dir='ltr'><strong>Πυθαγόρας</strong></span> <span class='ocrx_word' id='word_1_258' title='bbox 2797 1119 2949 1190; x_wconf 80' lang='grc' dir='ltr'>ἠξίου</span> <span class='ocrx_word' id='word_1_259' title='bbox 2985 1119 3058 1192; x_wconf 79' lang='grc' dir='ltr'>μὴ</span> <span class='ocrx_word' id='word_1_260' title='bbox 3093 1121 3251 1191; x_wconf 88' lang='grc' dir='ltr'>μόνον</span> <span class='ocrx_word' id='word_1_261' title='bbox 3277 1120 3606 1196; x_wconf 69' lang='grc' dir='ltr'>λογιώτατον,</span> <span class='ocrx_word' id='word_1_262' title='bbox 3625 1125 3730 1180; x_wconf 78' lang='grc' dir='ltr'>ἀλλὰ</span> 
     </span>
    </p>
   </div>
   <div class='ocr_carea' id='block_1_40' title="bbox 2217 1209 3728 1283">
    <p class='ocr_par' dir='ltr' id='par_1_40' title="bbox 2217 1209 3728 1283">
     <span class='ocr_line' id='line_1_40' title="bbox 2217 1209 3728 1283; baseline 0.003 -22"><span class='ocrx_word' id='word_1_263' title='bbox 2217 1209 2309 1261; x_wconf 79' lang='grc' dir='ltr'>καὶ</span> <span class='ocrx_word' id='word_1_264' title='bbox 2341 1209 2706 1280; x_wconf 79' lang='grc' dir='ltr'>πρεσϐύτατον</span> <span class='ocrx_word' id='word_1_265' title='bbox 2737 1209 2986 1280; x_wconf 72' lang='grc' dir='ltr'>ἡγεῖσθαι</span> <span class='ocrx_word' id='word_1_266' title='bbox 3015 1209 3121 1262; x_wconf 82' lang='grc' dir='ltr'><strong>τῶν</strong></span> <span class='ocrx_word' id='word_1_267' title='bbox 3145 1210 3322 1279; x_wconf 80' lang='grc' dir='ltr'>σοφῶν</span> <span class='ocrx_word' id='word_1_268' title='bbox 3346 1210 3434 1264; x_wconf 82' lang='grc' dir='ltr'>τὸν</span> <span class='ocrx_word' id='word_1_269' title='bbox 3462 1209 3660 1283; x_wconf 84' lang='grc' dir='ltr'>θέμενον</span> <span class='ocrx_word' id='word_1_270' title='bbox 3677 1214 3728 1268; x_wconf 80' lang='grc' dir='ltr'>τὰ</span> 
     </span>
    </p>
   </div>
   <div class='ocr_carea' id='block_1_41' title="bbox 2214 1299 3731 1376">
    <p class='ocr_par' dir='ltr' id='par_1_41' title="bbox 2214 1299 3731 1376">
     <span class='ocr_line' id='line_1_41' title="bbox 2214 1299 3731 1376; baseline 0.005 -26"><span class='ocrx_word' id='word_1_271' title='bbox 2214 1299 2453 1370; x_wconf 82' lang='grc' dir='ltr'>ὀνόματα</span> <span class='ocrx_word' id='word_1_272' title='bbox 2476 1303 2584 1366; x_wconf 87' lang='grc' dir='ltr'>τοῖς</span> <span class='ocrx_word' id='word_1_273' title='bbox 2619 1302 2923 1373; x_wconf 76' lang='grc' dir='ltr'><strong>πράγμασι.</strong></span> <span class='ocrx_word' id='word_1_274' title='bbox 2946 1303 3037 1354; x_wconf 88' lang='grc' dir='ltr'>Δεῖ</span> <span class='ocrx_word' id='word_1_275' title='bbox 3065 1301 3242 1355; x_wconf 78' lang='grc' dir='ltr'>τοίνυν</span> <span class='ocrx_word' id='word_1_276' title='bbox 3264 1302 3361 1366; x_wconf 77' lang='grc' dir='ltr'><strong>τὰς</strong></span> <span class='ocrx_word' id='word_1_277' title='bbox 3384 1304 3592 1373; x_wconf 79' lang='grc' dir='ltr'>Γραφάς</span> <span class='ocrx_word' id='word_1_278' title='bbox 3613 1305 3731 1376; x_wconf 82' lang='grc' dir='ltr'>άκρι·</span> 
     </span>
    </p>
   </div>
   <div class='ocr_carea' id='block_1_42' title="bbox 2214 1390 3729 1468">
    <p class='ocr_par' dir='ltr' id='par_1_42' title="bbox 2214 1390 3729 1468">
     <span class='ocr_line' id='line_1_42' title="bbox 2214 1390 3729 1468; baseline 0.003 -25"><span class='ocrx_word' id='word_1_279' title='bbox 2214 1390 2324 1457; x_wconf 75' lang='grc' dir='ltr'>σῶς</span> <span class='ocrx_word' id='word_1_280' title='bbox 2355 1392 2826 1464; x_wconf 86' lang='grc' dir='ltr'>διερευνωμένους,</span> <span class='ocrx_word' id='word_1_281' title='bbox 2863 1392 3046 1464; x_wconf 77' lang='grc' dir='ltr'>ἐπειδὴ</span> <span class='ocrx_word' id='word_1_282' title='bbox 3079 1394 3136 1450; x_wconf 81' lang='grc' dir='ltr'><strong>ἐν</strong></span> <span class='ocrx_word' id='word_1_283' title='bbox 3168 1394 3497 1466; x_wconf 68' lang='grc' dir='ltr'>παραϐολαῖς</span> <span class='ocrx_word' id='word_1_284' title='bbox 3527 1395 3729 1468; x_wconf 73' lang='grc' dir='ltr'>εἰρῆσθαι</span> 
     </span>
    </p>
   </div>
   <div class='ocr_carea' id='block_1_43' title="bbox 2213 1483 3728 1558">
    <p class='ocr_par' dir='ltr' id='par_1_43' title="bbox 2213 1483 3728 1558">
     <span class='ocr_line' id='line_1_43' title="bbox 2213 1483 3728 1558; baseline 0.003 -22"><span class='ocrx_word' id='word_1_285' title='bbox 2213 1483 2678 1556; x_wconf 76' lang='grc' dir='ltr'>ἀνωμολόγηνται,</span> <span class='ocrx_word' id='word_1_286' title='bbox 2713 1485 2818 1538; x_wconf 74' lang='grc' dir='ltr'>ἀπὸ</span> <span class='ocrx_word' id='word_1_287' title='bbox 2851 1483 2955 1538; x_wconf 83' lang='grc' dir='ltr'><strong>τῶν</strong></span> <span class='ocrx_word' id='word_1_288' title='bbox 2989 1485 3267 1556; x_wconf 81' lang='grc' dir='ltr'>ὀνομάτων</span> <span class='ocrx_word' id='word_1_289' title='bbox 3301 1486 3628 1558; x_wconf 79' lang='grc' dir='ltr'><strong>θηρωμένους</strong></span> <span class='ocrx_word' id='word_1_290' title='bbox 3652 1490 3728 1552; x_wconf 75' lang='grc' dir='ltr'><strong>τὰς</strong></span> 
     </span>
    </p>
   </div>
   <div class='ocr_carea' id='block_1_44' title="bbox 2212 1575 3728 1649">
    <p class='ocr_par' dir='ltr' id='par_1_44' title="bbox 2212 1575 3728 1649">
     <span class='ocr_line' id='line_1_44' title="bbox 2212 1575 3728 1649; baseline 0.003 -21"><span class='ocrx_word' id='word_1_291' title='bbox 2212 1575 2398 1640; x_wconf 80' lang='grc' dir='ltr'>δόξας,</span> <span class='ocrx_word' id='word_1_292' title='bbox 2436 1575 2502 1640; x_wconf 77' lang='lat' dir='ltr'><strong>a;</strong></span> <span class='ocrx_word' id='word_1_293' title='bbox 2533 1576 2592 1628; x_wconf 81' lang='grc' dir='ltr'>τὸ</span> <span class='ocrx_word' id='word_1_294' title='bbox 2637 1576 2791 1644; x_wconf 78' lang='grc' dir='ltr'>άγιον</span> <span class='ocrx_word' id='word_1_295' title='bbox 2837 1577 3063 1648; x_wconf 88' lang='grc' dir='ltr'>Πνεῦμα</span> <span class='ocrx_word' id='word_1_296' title='bbox 3116 1577 3384 1648; x_wconf 76' lang='grc' dir='ltr'>περὶτῶν</span> <span class='ocrx_word' id='word_1_297' title='bbox 3439 1579 3728 1649; x_wconf 81' lang='grc' dir='ltr'>πραγμάτων</span> 
     </span>
    </p>
   </div>
   <div class='ocr_carea' id='block_1_45' title="bbox 2212 1666 3728 1740">
    <p class='ocr_par' dir='ltr' id='par_1_45' title="bbox 2212 1666 3728 1740">
     <span class='ocr_line' id='line_1_45' title="bbox 2212 1666 3728 1740; baseline 0.002 -20"><span class='ocrx_word' id='word_1_298' title='bbox 2212 1666 2353 1738; x_wconf 74' lang='grc' dir='ltr'>ἔχον,</span> <span class='ocrx_word' id='word_1_299' title='bbox 2388 1670 2467 1733; x_wconf 80' lang='grc' dir='ltr'>εἰς</span> <span class='ocrx_word' id='word_1_300' title='bbox 2511 1667 2610 1733; x_wconf 87' lang='grc' dir='ltr'>τὰς</span> <span class='ocrx_word' id='word_1_301' title='bbox 2641 1667 2832 1732; x_wconf 82' lang='grc' dir='ltr'><strong>λέξεις,</strong></span> <span class='ocrx_word' id='word_1_302' title='bbox 2870 1667 2944 1732; x_wconf 85' lang='grc' dir='ltr'>ὡς</span> <span class='ocrx_word' id='word_1_303' title='bbox 2977 1671 3170 1732; x_wconf 81' lang='grc' dir='ltr'>εἰπεῖν,</span> <span class='ocrx_word' id='word_1_304' title='bbox 3202 1668 3300 1740; x_wconf 81' lang='grc' dir='ltr'>τὴν</span> <span class='ocrx_word' id='word_1_305' title='bbox 3333 1669 3493 1722; x_wconf 81' lang='grc' dir='ltr'>αὐτοῦ</span> <span class='ocrx_word' id='word_1_306' title='bbox 3535 1669 3728 1724; x_wconf 80' lang='grc' dir='ltr'>διάνοιαν</span> 
     </span>
    </p>
   </div>
   <div class='ocr_carea' id='block_1_46' title="bbox 2213 1759 3726 1832">
    <p class='ocr_par' dir='ltr' id='par_1_46' title="bbox 2213 1759 3726 1832">
     <span class='ocr_line' id='line_1_46' title="bbox 2213 1759 3726 1832; baseline 0.002 -21"><span class='ocrx_word' id='word_1_307' title='bbox 2213 1759 2664 1831; x_wconf 83' lang='grc' dir='ltr'>ἐκτυπωσάμενον</span> <span class='ocrx_word' id='word_1_308' title='bbox 2708 1760 2967 1826; x_wconf 84' lang='grc' dir='ltr'>διδάσκει,</span> <span class='ocrx_word' id='word_1_309' title='bbox 3001 1761 3089 1813; x_wconf 85' lang='grc' dir='ltr'><strong>ἴνα</strong></span> <span class='ocrx_word' id='word_1_310' title='bbox 3133 1763 3268 1831; x_wconf 83' lang='grc' dir='ltr'>ἡμῖν</span> <span class='ocrx_word' id='word_1_311' title='bbox 3301 1759 3536 1832; x_wconf 72' lang='grc' dir='ltr'>ἀκριϐῶς</span> <span class='ocrx_word' id='word_1_312' title='bbox 3575 1761 3726 1828; x_wconf 74' lang='grc' dir='ltr'>ἐξεταο</span> 
     </span>
    </p>
   </div>
   <div class='ocr_carea' id='block_1_47' title="bbox 2214 1847 3729 1922">
    <p class='ocr_par' dir='ltr' id='par_1_47' title="bbox 2214 1847 3729 1922">
     <span class='ocr_line' id='line_1_47' title="bbox 2214 1847 3729 1922; baseline 0.002 -20"><span class='ocrx_word' id='word_1_313' title='bbox 2214 1847 2416 1921; x_wconf 81' lang='grc' dir='ltr'>ζόμενα</span> <span class='ocrx_word' id='word_1_314' title='bbox 2469 1850 2858 1922; x_wconf 80' lang='grc' dir='ltr'>διαπτύσσηται</span> <span class='ocrx_word' id='word_1_315' title='bbox 2899 1856 2967 1906; x_wconf 83' lang='grc' dir='ltr'><strong>τά</strong></span> <span class='ocrx_word' id='word_1_316' title='bbox 3011 1851 3252 1922; x_wconf 70' lang='grc' dir='ltr'>ὀνόματα</span> <span class='ocrx_word' id='word_1_317' title='bbox 3297 1851 3610 1922; x_wconf 78' lang='grc' dir='ltr'>πολυσήμως</span> <span class='ocrx_word' id='word_1_318' title='bbox 3653 1853 3729 1922; x_wconf 80' lang='grc' dir='ltr'><strong>μὲν</strong></span> 
     </span>
    </p>
   </div>
   <div class='ocr_carea' id='block_1_48' title="bbox 2211 1940 3729 2013">
    <p class='ocr_par' dir='ltr' id='par_1_48' title="bbox 2211 1940 3729 2013">
     <span class='ocr_line' id='line_1_48' title="bbox 2211 1940 3729 2013; baseline -0.001 -19"><span class='ocrx_word' id='word_1_319' title='bbox 2211 1941 2480 2013; x_wconf 75' lang='grc' dir='ltr'>εἰρημένα</span> <span class='ocrx_word' id='word_1_320' title='bbox 2513 1941 2644 2013; x_wconf 74' lang='grc'>(55),</span> <span class='ocrx_word' id='word_1_321' title='bbox 2677 1940 2738 1994; x_wconf 82' lang='grc' dir='ltr'><strong>τὺ</strong></span> <span class='ocrx_word' id='word_1_322' title='bbox 2766 1941 2811 1995; x_wconf 90' lang='grc' dir='ltr'>δ’</span> <span class='ocrx_word' id='word_1_323' title='bbox 2839 1941 3287 2012; x_wconf 78' lang='grc' dir='ltr'>ἐγκεκρυμμένον</span> <span class='ocrx_word' id='word_1_324' title='bbox 3321 1943 3378 1995; x_wconf 85' lang='grc' dir='ltr'><strong>ἐν</strong></span> <span class='ocrx_word' id='word_1_325' title='bbox 3412 1941 3608 2006; x_wconf 79' lang='grc' dir='ltr'>πολλοῖς</span> <span class='ocrx_word' id='word_1_326' title='bbox 3643 1944 3729 2007; x_wconf 81' lang='grc' dir='ltr'>τοῖς</span> 
     </span>
    </p>
   </div>
   <div class='ocr_carea' id='block_1_49' title="bbox 2210 2031 3730 2106">
    <p class='ocr_par' dir='ltr' id='par_1_49' title="bbox 2210 2031 3730 2106">
     <span class='ocr_line' id='line_1_49' title="bbox 2210 2031 3730 2106; baseline 0.001 -22"><span class='ocrx_word' id='word_1_327' title='bbox 2210 2031 2469 2086; x_wconf 86' lang='grc' dir='ltr'>σκέπουσι</span> <span class='ocrx_word' id='word_1_328' title='bbox 2514 2031 2904 2104; x_wconf 78' lang='grc' dir='ltr'>ψηλαφώμενον</span> <span class='ocrx_word' id='word_1_329' title='bbox 2953 2034 3049 2087; x_wconf 77' lang='grc' dir='ltr'>καὶ</span> <span class='ocrx_word' id='word_1_330' title='bbox 3089 2033 3618 2106; x_wconf 81' lang='grc' dir='ltr'>καταμανθανόμενον</span> <span class='ocrx_word' id='word_1_331' title='bbox 3656 2035 3730 2086; x_wconf 79' lang='grc' dir='ltr'>ἐκ·</span> 
     </span>
    </p>
   </div>
   <div class='ocr_carea' id='block_1_50' title="bbox 2210 2124 3730 2198">
    <p class='ocr_par' dir='ltr' id='par_1_50' title="bbox 2210 2124 3730 2198">
     <span class='ocr_line' id='line_1_50' title="bbox 2210 2124 3730 2198; baseline 0 -20"><span class='ocrx_word' id='word_1_332' title='bbox 2210 2125 2464 2196; x_wconf 84' lang='grc' dir='ltr'>φαίνηται</span> <span class='ocrx_word' id='word_1_333' title='bbox 2497 2125 2592 2180; x_wconf 73' lang='grc' dir='ltr'><strong>καὶ</strong></span> <span class='ocrx_word' id='word_1_334' title='bbox 2622 2124 2933 2198; x_wconf 75' lang='grc' dir='ltr'>ἀναλάμψῃ.</span> <span class='ocrx_word' id='word_1_335' title='bbox 2971 2125 3157 2191; x_wconf 75' lang='grc' dir='ltr'>Οὕτως</span> <span class='ocrx_word' id='word_1_336' title='bbox 3189 2127 3298 2198; x_wconf 85' lang='grc' dir='ltr'><strong>γάρ</strong></span> <span class='ocrx_word' id='word_1_337' title='bbox 3331 2126 3426 2180; x_wconf 69' lang='grc' dir='ltr'>καὶ</span> <span class='ocrx_word' id='word_1_338' title='bbox 3457 2129 3486 2180; x_wconf 81' lang='grc' dir='ltr'><strong>ὁ</strong></span> <span class='ocrx_word' id='word_1_339' title='bbox 3527 2125 3730 2197; x_wconf 74' lang='grc' dir='ltr'>μόλιϐδος</span> 
     </span>
    </p>
   </div>
   <div class='ocr_carea' id='block_1_51' title="bbox 2208 2215 3730 2288">
    <p class='ocr_par' dir='ltr' id='par_1_51' title="bbox 2208 2215 3730 2288">
     <span class='ocr_line' id='line_1_51' title="bbox 2208 2215 3730 2288; baseline -0.001 -18"><span class='ocrx_word' id='word_1_340' title='bbox 2208 2219 2318 2280; x_wconf 88' lang='grc' dir='ltr'>τοῖς</span> <span class='ocrx_word' id='word_1_341' title='bbox 2351 2217 2625 2286; x_wconf 78' lang='grc' dir='ltr'>τρίϐουσιν</span> <span class='ocrx_word' id='word_1_342' title='bbox 2656 2215 2866 2282; x_wconf 77' lang='grc' dir='ltr'>ἐξανθεῖ</span> <span class='ocrx_word' id='word_1_343' title='bbox 2911 2215 3101 2271; x_wconf 82' lang='grc' dir='ltr'>λευκὸν</span> <span class='ocrx_word' id='word_1_344' title='bbox 3134 2217 3199 2270; x_wconf 85' lang='grc' dir='ltr'><strong>ἐκ</strong></span> <span class='ocrx_word' id='word_1_345' title='bbox 3249 2217 3474 2288; x_wconf 80' lang='grc' dir='ltr'>μέλανος</span> <span class='ocrx_word' id='word_1_346' title='bbox 3503 2217 3559 2270; x_wconf 85' lang='grc' dir='ltr'>τὸ</span> <span class='ocrx_word' id='word_1_347' title='bbox 3592 2215 3730 2286; x_wconf 72' lang='grc' dir='ltr'>ψιμύ-</span> 
     </span>
    </p>
   </div>
   <div class='ocr_carea' id='block_1_52' title="bbox 2209 2307 3733 2379">
    <p class='ocr_par' dir='ltr' id='par_1_52' title="bbox 2209 2307 3733 2379">
     <span class='ocr_line' id='line_1_52' title="bbox 2209 2307 3733 2379; baseline 0 -19"><span class='ocrx_word' id='word_1_348' title='bbox 2209 2308 2321 2362; x_wconf 86' lang='grc' dir='ltr'>θιον</span> <span class='ocrx_word' id='word_1_349' title='bbox 2340 2325 2353 2338; x_wconf 92' lang='grc'><strong>·</strong></span> <span class='ocrx_word' id='word_1_350' title='bbox 2387 2307 2560 2374; x_wconf 75' lang='grc' dir='ltr'>οὕτως</span> <span class='ocrx_word' id='word_1_351' title='bbox 2589 2307 2682 2361; x_wconf 65' lang='grc' dir='ltr'><strong>καὶ⁵</strong></span> <span class='ocrx_word' id='word_1_352' title='bbox 2709 2307 2816 2378; x_wconf 78' lang='lat'><strong>(56)</strong></span> <span class='ocrx_word' id='word_1_353' title='bbox 2849 2307 2882 2378; x_wconf 82' lang='grc' dir='ltr'><strong>ἡ</strong></span> <span class='ocrx_word' id='word_1_354' title='bbox 2914 2307 3134 2376; x_wconf 80' lang='grc' dir='ltr'>γνῶσις,</span> <span class='ocrx_word' id='word_1_355' title='bbox 3172 2307 3374 2377; x_wconf 81' lang='grc' dir='ltr'>φέγγος</span> <span class='ocrx_word' id='word_1_356' title='bbox 3406 2310 3498 2362; x_wconf 76' lang='grc' dir='ltr'>καὶ</span> <span class='ocrx_word' id='word_1_357' title='bbox 3531 2307 3733 2379; x_wconf 78' lang='grc' dir='ltr'>λαμπρό-</span> 
     </span>
    </p>
   </div>
   <div class='ocr_carea' id='block_1_53' title="bbox 2206 2398 3732 2472">
    <p class='ocr_par' dir='ltr' id='par_1_53' title="bbox 2206 2398 3732 2472">
     <span class='ocr_line' id='line_1_53' title="bbox 2206 2398 3732 2472; baseline -0.001 -19"><span class='ocrx_word' id='word_1_358' title='bbox 2206 2417 2343 2470; x_wconf 87' lang='grc' dir='ltr'>τητα</span> <span class='ocrx_word' id='word_1_359' title='bbox 2401 2399 2744 2470; x_wconf 82' lang='grc' dir='ltr'>καταχέουσα</span> <span class='ocrx_word' id='word_1_360' title='bbox 2775 2398 2881 2452; x_wconf 84' lang='grc' dir='ltr'><strong>τῶν</strong></span> <span class='ocrx_word' id='word_1_361' title='bbox 2929 2399 3289 2471; x_wconf 83' lang='grc' dir='ltr'>πραγμάτων,</span> <span class='ocrx_word' id='word_1_362' title='bbox 3337 2402 3369 2471; x_wconf 84' lang='grc' dir='ltr'>ἡ</span> <span class='ocrx_word' id='word_1_363' title='bbox 3401 2400 3478 2472; x_wconf 81' lang='grc' dir='ltr'><strong>τῷ</strong></span> <span class='ocrx_word' id='word_1_364' title='bbox 3505 2401 3606 2456; x_wconf 88' lang='grc' dir='ltr'>ὄντι</span> <span class='ocrx_word' id='word_1_365' title='bbox 3635 2398 3732 2452; x_wconf 80' lang='grc' dir='ltr'>θεία</span> 
     </span>
    </p>
   </div>
   <div class='ocr_carea' id='block_1_54' title="bbox 2207 2488 3731 2562">
    <p class='ocr_par' dir='ltr' id='par_1_54' title="bbox 2207 2488 3731 2562">
     <span class='ocr_line' id='line_1_54' title="bbox 2207 2488 3731 2562; baseline -0.001 -20"><span class='ocrx_word' id='word_1_366' title='bbox 2207 2491 2369 2560; x_wconf 89' lang='grc' dir='ltr'>σοφία</span> <span class='ocrx_word' id='word_1_367' title='bbox 2400 2490 2484 2562; x_wconf 73' lang='grc' dir='ltr'>εἴη</span> <span class='ocrx_word' id='word_1_368' title='bbox 2522 2490 2609 2553; x_wconf 78' lang='grc' dir='ltr'>ἂν,</span> <span class='ocrx_word' id='word_1_369' title='bbox 2636 2490 2696 2544; x_wconf 85' lang='grc' dir='ltr'>τὸ</span> <span class='ocrx_word' id='word_1_370' title='bbox 2729 2489 2843 2557; x_wconf 83' lang='grc' dir='ltr'><strong>φῶς</strong></span> <span class='ocrx_word' id='word_1_371' title='bbox 2874 2491 2934 2544; x_wconf 84' lang='grc' dir='ltr'>τὸ</span> <span class='ocrx_word' id='word_1_372' title='bbox 2964 2489 3271 2562; x_wconf 86' lang='grc' dir='ltr'>είλικρινὲς,</span> <span class='ocrx_word' id='word_1_373' title='bbox 3301 2491 3363 2544; x_wconf 83' lang='grc' dir='ltr'>τὸ</span> <span class='ocrx_word' id='word_1_374' title='bbox 3391 2489 3607 2560; x_wconf 75' lang='grc' dir='ltr'>φωτίζον</span> <span class='ocrx_word' id='word_1_375' title='bbox 3629 2488 3731 2551; x_wconf 79' lang='grc' dir='ltr'>τοὺς</span> 
     </span>
    </p>
   </div>
   <div class='ocr_carea' id='block_1_55' title="bbox 2205 2568 3732 2657">
    <p class='ocr_par' dir='ltr' id='par_1_55' title="bbox 2205 2568 3732 2657">
     <span class='ocr_line' id='line_1_55' title="bbox 2205 2568 3732 2657; baseline 0.003 -23"><span class='ocrx_word' id='word_1_376' title='bbox 2205 2580 2476 2652; x_wconf 76' lang='grc' dir='ltr'>καθαροὺς</span> <span class='ocrx_word' id='word_1_377' title='bbox 2500 2581 2604 2636; x_wconf 86' lang='grc' dir='ltr'><strong>τῶν</strong></span> <span class='ocrx_word' id='word_1_378' title='bbox 2623 2568 2718 2636; x_wconf 86' lang='grc' dir='ltr'><strong>ἀνθ</strong></span> <span class='ocrx_word' id='word_1_379' title='bbox 2727 2582 2920 2653; x_wconf 84' lang='grc' dir='ltr'>ρώπων</span> <span class='ocrx_word' id='word_1_380' title='bbox 2939 2583 3014 2646; x_wconf 83' lang='grc' dir='ltr'>ὡς</span> <span class='ocrx_word' id='word_1_381' title='bbox 3036 2583 3204 2655; x_wconf 85' lang='grc' dir='ltr'>κόρην</span> <span class='ocrx_word' id='word_1_382' title='bbox 3222 2583 3520 2657; x_wconf 79' lang='grc' dir='ltr'>ὀφθαλμοῦ,</span> <span class='ocrx_word' id='word_1_383' title='bbox 3542 2585 3612 2648; x_wconf 89' lang='grc' dir='ltr'><strong>είς</strong></span> <span class='ocrx_word' id='word_1_384' title='bbox 3632 2584 3732 2653; x_wconf 70' lang='grc' dir='ltr'>ὄψιν</span> 
     </span>
    </p>
   </div>
   <div class='ocr_carea' id='block_1_56' title="bbox 2205 2671 3308 2744">
    <p class='ocr_par' dir='ltr' id='par_1_56' title="bbox 2205 2671 3308 2744">
     <span class='ocr_line' id='line_1_56' title="bbox 2205 2671 3308 2744; baseline -0.001 -19"><span class='ocrx_word' id='word_1_385' title='bbox 2205 2672 2300 2726; x_wconf 73' lang='grc' dir='ltr'>καὶ</span> <span class='ocrx_word' id='word_1_386' title='bbox 2327 2673 2626 2742; x_wconf 81' lang='grc' dir='ltr'>κατάληψιν</span> <span class='ocrx_word' id='word_1_387' title='bbox 2651 2673 2750 2743; x_wconf 82' lang='grc' dir='ltr'>τῆς</span> <span class='ocrx_word' id='word_1_388' title='bbox 2775 2671 3032 2744; x_wconf 82' lang='grc' dir='ltr'>ἀληθείας</span> <span class='ocrx_word' id='word_1_389' title='bbox 3067 2673 3308 2744; x_wconf 76' lang='grc' dir='ltr'>βεϐαίαν.</span> 
     </span>
    </p>
   </div>
   <div class='ocr_carea' id='block_1_57' title="bbox 2274 2841 3731 2919">
    <p class='ocr_par' dir='ltr' id='par_1_57' title="bbox 2274 2841 3731 2919">
     <span class='ocr_line' id='line_1_57' title="bbox 2274 2841 3731 2919; baseline 0.002 -22"><span class='ocrx_word' id='word_1_390' title='bbox 2274 2845 2396 2897; x_wconf 83' lang='lat' dir='ltr'><strong>AI&quot;.</strong></span> <span class='ocrx_word' id='word_1_391' title='bbox 2445 2845 2802 2916; x_wconf 73' lang='grc' dir='ltr'>Ἀναψάμενοι</span> <span class='ocrx_word' id='word_1_392' title='bbox 2845 2845 3021 2901; x_wconf 87' lang='grc' dir='ltr'>τοίνυν</span> <span class='ocrx_word' id='word_1_393' title='bbox 3065 2845 3166 2916; x_wconf 84' lang='grc' dir='ltr'>τῆς</span> <span class='ocrx_word' id='word_1_394' title='bbox 3219 2841 3395 2919; x_wconf 80' lang='grc' dir='ltr'>ἀρχῆς</span> <span class='ocrx_word' id='word_1_395' title='bbox 3437 2845 3528 2900; x_wconf 87' lang='grc' dir='ltr'><strong>τοῦ</strong></span> <span class='ocrx_word' id='word_1_396' title='bbox 3586 2845 3731 2916; x_wconf 74' lang='grc' dir='ltr'>φωτὸς</span> 
     </span>
    </p>
   </div>
   <div class='ocr_carea' id='block_1_58' title="bbox 2203 2937 3728 3009">
    <p class='ocr_par' dir='ltr' id='par_1_58' title="bbox 2203 2937 3728 3009">
     <span class='ocr_line' id='line_1_58' title="bbox 2203 2937 3728 3009; baseline 0.003 -22"><span class='ocrx_word' id='word_1_397' title='bbox 2203 2937 2412 2991; x_wconf 87' lang='grc' dir='ltr'>ἐκείνου</span> <span class='ocrx_word' id='word_1_398' title='bbox 2442 2939 2508 2990; x_wconf 86' lang='grc' dir='ltr'><strong>ἐκ</strong></span> <span class='ocrx_word' id='word_1_399' title='bbox 2539 2937 2630 2990; x_wconf 90' lang='grc' dir='ltr'><strong>τοῦ</strong></span> <span class='ocrx_word' id='word_1_400' title='bbox 2666 2937 2869 3002; x_wconf 82' lang='grc' dir='ltr'>πάθους</span> <span class='ocrx_word' id='word_1_401' title='bbox 2905 2937 2998 2990; x_wconf 89' lang='grc' dir='ltr'><strong>τοῦ</strong></span> <span class='ocrx_word' id='word_1_402' title='bbox 3050 2938 3180 3009; x_wconf 66' lang='grc' dir='ltr'><strong>περὶ⁵</strong></span> <span class='ocrx_word' id='word_1_403' title='bbox 3230 2939 3384 3003; x_wconf 81' lang='grc' dir='ltr'>αὐτὸ,</span> <span class='ocrx_word' id='word_1_404' title='bbox 3414 2938 3489 3002; x_wconf 81' lang='grc' dir='ltr'><strong>ὡς</strong></span> <span class='ocrx_word' id='word_1_405' title='bbox 3532 2937 3604 2992; x_wconf 73' lang='grc' dir='ltr'>ἔνι</span> <span class='ocrx_word' id='word_1_406' title='bbox 3641 2938 3728 3008; x_wconf 79' lang='grc' dir='ltr'>μά-</span> 
     </span>
    </p>
   </div>
   <div class='ocr_carea' id='block_1_59' title="bbox 2201 3025 3729 3100">
    <p class='ocr_par' dir='ltr' id='par_1_59' title="bbox 2201 3025 3729 3100">
     <span class='ocr_line' id='line_1_59' title="bbox 2201 3025 3729 3100; baseline 0.002 -20"><span class='ocrx_word' id='word_1_407' title='bbox 2201 3025 2358 3081; x_wconf 88' lang='grc' dir='ltr'>λιστα</span> <span class='ocrx_word' id='word_1_408' title='bbox 2381 3027 2753 3098; x_wconf 72' lang='grc' dir='ltr'>ἐξομοιοῦσθαι</span> <span class='ocrx_word' id='word_1_409' title='bbox 2781 3026 3124 3100; x_wconf 82' lang='grc' dir='ltr'>πειρώμενοι,</span> <span class='ocrx_word' id='word_1_410' title='bbox 3151 3029 3327 3097; x_wconf 77' lang='grc' dir='ltr'>φωτὸς</span> <span class='ocrx_word' id='word_1_411' title='bbox 3355 3029 3568 3100; x_wconf 74' lang='grc' dir='ltr'>ἔμπλεοι</span> <span class='ocrx_word' id='word_1_412' title='bbox 3588 3028 3729 3099; x_wconf 77' lang='grc' dir='ltr'>φῶτες</span> 
     </span>
    </p>
   </div>
   <div class='ocr_carea' id='block_1_60' title="bbox 2213 3117 3730 3195">
    <p class='ocr_par' dir='ltr' id='par_1_60' title="bbox 2213 3117 3730 3195">
     <span class='ocr_line' id='line_1_60' title="bbox 2213 3117 3730 3195; baseline -0.001 -21"><span class='ocrx_word' id='word_1_413' title='bbox 2213 3120 2538 3194; x_wconf 81' lang='grc' dir='ltr'>Ἰσραηλῖται</span> <span class='ocrx_word' id='word_1_414' title='bbox 2569 3121 2648 3192; x_wconf 82' lang='grc' dir='ltr'>τῷ</span> <span class='ocrx_word' id='word_1_415' title='bbox 2675 3123 2788 3175; x_wconf 90' lang='grc' dir='ltr'>ὄντι</span> <span class='ocrx_word' id='word_1_416' title='bbox 2827 3119 3106 3191; x_wconf 85' lang='grc' dir='ltr'>γινόμεθα.</span> <span class='ocrx_word' id='word_1_417' title='bbox 3141 3121 3330 3185; x_wconf 72' lang='grc' dir='ltr'><strong>⁴ιιίλους</strong></span> <span class='ocrx_word' id='word_1_418' title='bbox 3367 3123 3474 3195; x_wconf 85' lang='grc' dir='ltr'><strong>γὰρ</strong></span> <span class='ocrx_word' id='word_1_419' title='bbox 3502 3117 3610 3176; x_wconf 75' lang='grc' dir='ltr'>εἷπε</span> <span class='ocrx_word' id='word_1_420' title='bbox 3654 3120 3730 3174; x_wconf 71' lang='grc' dir='ltr'>καὶ</span> 
     </span>
    </p>
   </div>
   <div class='ocr_carea' id='block_1_61' title="bbox 529 3197 2103 3289">
    <p class='ocr_par' dir='ltr' id='par_1_61' title="bbox 529 3197 2103 3289">
     <span class='ocr_line' id='line_1_61' title="bbox 529 3197 2103 3289; baseline 0.004 -23"><span class='ocrx_word' id='word_1_421' title='bbox 529 3212 676 3266; x_wconf 89' lang='lat' dir='ltr'><strong>enim</strong></span> <span class='ocrx_word' id='word_1_422' title='bbox 726 3209 1031 3282; x_wconf 79' lang='lat' dir='ltr'><strong>fratresque</strong></span> <span class='ocrx_word' id='word_1_423' title='bbox 1081 3214 1298 3268; x_wconf 89' lang='lat' dir='ltr'><strong>vocavit</strong></span> <span class='ocrx_word' id='word_1_424' title='bbox 1355 3215 1507 3280; x_wconf 88' lang='lat' dir='ltr'><strong>illos,</strong></span> <span class='ocrx_word' id='word_1_425' title='bbox 1553 3215 1648 3286; x_wconf 86' lang='lat' dir='ltr'><strong>qui</strong></span> <span class='ocrx_word' id='word_1_426' title='bbox 1688 3197 1982 3284; x_wconf 83' lang='lat' dir='ltr'><strong>desiderio,</strong></span> <span class='ocrx_word' id='word_1_427' title='bbox 2013 3220 2103 3289; x_wconf 90' lang='lat' dir='ltr'><strong>qui</strong></span> 
     </span>
    </p>
   </div>
   <div class='ocr_carea' id='block_1_62' title="bbox 2210 3197 3735 3289">
    <p class='ocr_par' dir='ltr' id='par_1_62' title="bbox 2210 3209 3735 3284">
     <span class='ocr_line' id='line_1_62' title="bbox 2210 3209 3735 3284; baseline -0.002 -18"><span class='ocrx_word' id='word_1_428' title='bbox 2210 3212 2470 3282; x_wconf 81' lang='grc' dir='ltr'>ἀδελφοὺς</span> <span class='ocrx_word' id='word_1_429' title='bbox 2492 3216 2616 3277; x_wconf 84' lang='grc' dir='ltr'>τοὺς</span> <span class='ocrx_word' id='word_1_430' title='bbox 2639 3213 2933 3284; x_wconf 79' lang='grc' dir='ltr'>ἐχομένους</span> <span class='ocrx_word' id='word_1_431' title='bbox 2957 3212 3057 3284; x_wconf 82' lang='grc' dir='ltr'>τῆς</span> <span class='ocrx_word' id='word_1_432' title='bbox 3082 3213 3217 3284; x_wconf 81' lang='grc' dir='ltr'>πρὸς</span> <span class='ocrx_word' id='word_1_433' title='bbox 3240 3215 3301 3267; x_wconf 82' lang='grc' dir='ltr'>τὸ</span> <span class='ocrx_word' id='word_1_434' title='bbox 3325 3214 3476 3269; x_wconf 84' lang='grc' dir='ltr'><strong>Θείον</strong></span> <span class='ocrx_word' id='word_1_435' title='bbox 3500 3209 3735 3284; x_wconf 83' lang='grc' dir='ltr'>ἀφομοιώ-</span> 
     </span>
    </p>
   </div>
   <div class='ocr_carea' id='block_1_63' title="bbox 529 3303 2098 3379">
    <p class='ocr_par' dir='ltr' id='par_1_63' title="bbox 529 3303 2098 3379">
     <span class='ocr_line' id='line_1_63' title="bbox 529 3303 2098 3379; baseline 0.004 -21"><span class='ocrx_word' id='word_1_436' title='bbox 529 3310 753 3374; x_wconf 86' lang='lat' dir='ltr'><strong>conatu,</strong></span> <span class='ocrx_word' id='word_1_437' title='bbox 774 3311 834 3358; x_wconf 90' lang='lat' dir='ltr'><strong>ut</strong></span> <span class='ocrx_word' id='word_1_438' title='bbox 861 3317 984 3358; x_wconf 92' lang='lat' dir='ltr'><strong>cum</strong></span> <span class='ocrx_word' id='word_1_439' title='bbox 1031 3303 1142 3359; x_wconf 90' lang='lat' dir='ltr'><strong>Deo</strong></span> <span class='ocrx_word' id='word_1_440' title='bbox 1186 3305 1598 3362; x_wconf 89' lang='lat' dir='ltr'><strong>similitudinem</strong></span> <span class='ocrx_word' id='word_1_441' title='bbox 1643 3306 1851 3379; x_wconf 76' lang='lat' dir='ltr'><strong>ineapt,</strong></span> <span class='ocrx_word' id='word_1_442' title='bbox 1876 3309 2098 3374; x_wconf 70' lang='lat' dir='ltr'><strong>student</strong></span> 
     </span>
    </p>
   </div>
   <div class='ocr_carea' id='block_1_64' title="bbox 531 3400 1120 3464">
    <p class='ocr_par' dir='ltr' id='par_1_64' title="bbox 531 3400 1120 3464">
     <span class='ocr_line' id='line_1_64' title="bbox 531 3400 1120 3464; baseline 0 -16"><span class='ocrx_word' id='word_1_443' title='bbox 531 3408 864 3464; x_wconf 87' lang='lat' dir='ltr'><strong>operamque</strong></span> <span class='ocrx_word' id='word_1_444' title='bbox 896 3400 1120 3448; x_wconf 87' lang='lat' dir='ltr'><strong>navant.</strong></span> 
     </span>
    </p>
   </div>
   <div class='ocr_carea' id='block_1_65' title="bbox 599 3505 2097 3580">
    <p class='ocr_par' dir='ltr' id='par_1_65' title="bbox 599 3505 2097 3580">
     <span class='ocr_line' id='line_1_65' title="bbox 599 3505 2097 3580; baseline 0.003 -20"><span class='ocrx_word' id='word_1_445' title='bbox 599 3505 838 3561; x_wconf 79' lang='lat' dir='ltr'><strong>XXXIV.</strong></span> <span class='ocrx_word' id='word_1_446' title='bbox 879 3506 1010 3562; x_wconf 86' lang='lat' dir='ltr'><strong>Loci</strong></span> <span class='ocrx_word' id='word_1_447' title='bbox 1035 3507 1251 3577; x_wconf 90' lang='lat' dir='ltr'><strong>quidem</strong></span> <span class='ocrx_word' id='word_1_448' title='bbox 1302 3507 1423 3577; x_wconf 90' lang='lat' dir='ltr'><strong>puri</strong></span> <span class='ocrx_word' id='word_1_449' title='bbox 1460 3513 1722 3578; x_wconf 88' lang='lat' dir='ltr'><strong>prataque</strong></span> <span class='ocrx_word' id='word_1_450' title='bbox 1767 3517 2097 3580; x_wconf 89' lang='lat' dir='ltr'><strong>acceperunt</strong></span> 
     </span>
    </p>
   </div>
   <div class='ocr_carea' id='block_1_66' title="bbox 528 3595 2100 3668">
    <p class='ocr_par' dir='ltr' id='par_1_66' title="bbox 528 3595 2100 3668">
     <span class='ocr_line' id='line_1_66' title="bbox 528 3595 2100 3668; baseline 0.001 -16"><span class='ocrx_word' id='word_1_451' title='bbox 528 3613 691 3654; x_wconf 87' lang='lat' dir='ltr'><strong>voces</strong></span> <span class='ocrx_word' id='word_1_452' title='bbox 713 3637 728 3663; x_wconf 88' lang='lat'><strong>,</strong></span> <span class='ocrx_word' id='word_1_453' title='bbox 761 3613 825 3653; x_wconf 91' lang='lat' dir='ltr'><strong>ac</strong></span> <span class='ocrx_word' id='word_1_454' title='bbox 849 3604 1107 3668; x_wconf 88' lang='lat' dir='ltr'><strong>aspectus</strong></span> <span class='ocrx_word' id='word_1_455' title='bbox 1149 3595 1412 3666; x_wconf 89' lang='lat' dir='ltr'><strong>quosdam</strong></span> <span class='ocrx_word' id='word_1_456' title='bbox 1439 3599 1840 3668; x_wconf 87' lang='lat' dir='ltr'><strong>apparitionum</strong></span> <span class='ocrx_word' id='word_1_457' title='bbox 1879 3611 2100 3656; x_wconf 80' lang='lat' dir='ltr'><strong>sancta-</strong></span> 
     </span>
    </p>
   </div>
   <div class='ocr_carea' id='block_1_67' title="bbox 526 3689 2098 3759">
    <p class='ocr_par' dir='ltr' id='par_1_67' title="bbox 526 3689 2098 3759">
     <span class='ocr_line' id='line_1_67' title="bbox 526 3689 2098 3759; baseline 0.002 -15"><span class='ocrx_word' id='word_1_458' title='bbox 526 3706 648 3744; x_wconf 83' lang='lat' dir='ltr'><strong>rum</strong></span> <span class='ocrx_word' id='word_1_459' title='bbox 685 3689 1007 3756; x_wconf 88' lang='lat' dir='ltr'><strong>;bominum</strong></span> <span class='ocrx_word' id='word_1_460' title='bbox 1046 3695 1227 3742; x_wconf 90' lang='lat' dir='ltr'><strong>autem</strong></span> <span class='ocrx_word' id='word_1_461' title='bbox 1263 3689 1657 3758; x_wconf 88' lang='lat' dir='ltr'><strong>unusquisque,</strong></span> <span class='ocrx_word' id='word_1_462' title='bbox 1695 3691 1789 3759; x_wconf 89' lang='lat' dir='ltr'><strong>qui</strong></span> <span class='ocrx_word' id='word_1_463' title='bbox 1847 3698 2098 3748; x_wconf 86' lang='lat' dir='ltr'><strong>accurate</strong></span> 
     </span>
    </p>
   </div>
   <div class='ocr_carea' id='block_1_68' title="bbox 527 3769 2094 3850">
    <p class='ocr_par' dir='ltr' id='par_1_68' title="bbox 527 3769 2094 3850">
     <span class='ocr_line' id='line_1_68' title="bbox 527 3769 2094 3850; baseline 0.001 -14"><span class='ocrx_word' id='word_1_464' title='bbox 527 3780 690 3836; x_wconf 82' lang='lat' dir='ltr'><strong>fuerit</strong></span> <span class='ocrx_word' id='word_1_465' title='bbox 723 3788 1022 3850; x_wconf 84' lang='lat' dir='ltr'><strong>purgatus,</strong></span> <span class='ocrx_word' id='word_1_466' title='bbox 1053 3769 1316 3834; x_wconf 70' lang='lat' dir='ltr'><strong>doctrinae</strong></span> <span class='ocrx_word' id='word_1_467' title='bbox 1353 3793 1418 3834; x_wconf 88' lang='lat' dir='ltr'><strong>ac</strong></span> <span class='ocrx_word' id='word_1_468' title='bbox 1457 3780 1677 3835; x_wconf 88' lang='lat' dir='ltr'><strong>virtutis</strong></span> <span class='ocrx_word' id='word_1_469' title='bbox 1699 3779 1899 3835; x_wconf 77' lang='lat' dir='ltr'><strong>divinae</strong></span> <span class='ocrx_word' id='word_1_470' title='bbox 1941 3797 2094 3837; x_wconf 89' lang='lat' dir='ltr'><strong>com-</strong></span> 
     </span>
    </p>
   </div>
   <div class='ocr_carea' id='block_1_69' title="bbox 525 3871 850 3943">
    <p class='ocr_par' dir='ltr' id='par_1_69' title="bbox 525 3871 850 3943">
     <span class='ocr_line' id='line_1_69' title="bbox 525 3871 850 3943; baseline -0.003 -16"><span class='ocrx_word' id='word_1_471' title='bbox 525 3887 625 3943; x_wconf 90' lang='lat' dir='ltr'><strong>pos</strong></span> <span class='ocrx_word' id='word_1_472' title='bbox 649 3871 850 3927; x_wconf 77' lang='lat' dir='ltr'><strong>evadit.</strong></span> 
     </span>
    </p>
   </div>
   <div class='ocr_carea' id='block_1_70' title="bbox 596 3979 2096 4053">
    <p class='ocr_par' dir='ltr' id='par_1_70' title="bbox 596 3979 2096 4053">
     <span class='ocr_line' id='line_1_70' title="bbox 596 3979 2096 4053; baseline 0.001 -17"><span class='ocrx_word' id='word_1_473' title='bbox 596 3980 816 4037; x_wconf 78' lang='lat' dir='ltr'><strong>XXXV.</strong></span> <span class='ocrx_word' id='word_1_474' title='bbox 867 3979 1098 4052; x_wconf 89' lang='lat' dir='ltr'><strong>Insuper</strong></span> <span class='ocrx_word' id='word_1_475' title='bbox 1132 3980 1265 4035; x_wconf 88' lang='lat' dir='ltr'><strong>mihi</strong></span> <span class='ocrx_word' id='word_1_476' title='bbox 1319 3980 1539 4051; x_wconf 90' lang='lat' dir='ltr'><strong>quidem</strong></span> <span class='ocrx_word' id='word_1_477' title='bbox 1591 3981 1905 4045; x_wconf 87' lang='lat' dir='ltr'><strong>innotescit,</strong></span> <span class='ocrx_word' id='word_1_478' title='bbox 1950 3982 2096 4053; x_wconf 92' lang='lat' dir='ltr'><strong>quod</strong></span> 
     </span>
    </p>
   </div>
   <div class='ocr_carea' id='block_1_71' title="bbox 524 4073 2092 4144">
    <p class='ocr_par' dir='ltr' id='par_1_71' title="bbox 524 4073 2092 4144">
     <span class='ocr_line' id='line_1_71' title="bbox 524 4073 2092 4144; baseline -0.001 -12"><span class='ocrx_word' id='word_1_479' title='bbox 524 4075 770 4132; x_wconf 69' lang='lat' dir='ltr'><strong>scientia:</strong></span> <span class='ocrx_word' id='word_1_480' title='bbox 829 4073 1113 4144; x_wconf 88' lang='lat' dir='ltr'><strong>mysteria,</strong></span> <span class='ocrx_word' id='word_1_481' title='bbox 1160 4087 1192 4126; x_wconf 92' lang='lat' dir='ltr'><strong>a</strong></span> <span class='ocrx_word' id='word_1_482' title='bbox 1247 4073 1433 4128; x_wconf 88' lang='lat' dir='ltr'><strong>multis</strong></span> <span class='ocrx_word' id='word_1_483' title='bbox 1491 4073 1729 4129; x_wconf 87' lang='lat' dir='ltr'><strong>ludibrio</strong></span> <span class='ocrx_word' id='word_1_484' title='bbox 1765 4074 2092 4140; x_wconf 85' lang='lat' dir='ltr'><strong>habeantur,</strong></span> 
     </span>
    </p>
   </div>
   <div class='ocr_carea' id='block_1_72' title="bbox 521 4165 2093 4236">
    <p class='ocr_par' dir='ltr' id='par_1_72' title="bbox 521 4165 2093 4236">
     <span class='ocr_line' id='line_1_72' title="bbox 521 4165 2093 4236; baseline 0.001 -17"><span class='ocrx_word' id='word_1_485' title='bbox 521 4165 795 4236; x_wconf 65' lang='lat' dir='ltr'><strong>praecipue</strong></span> <span class='ocrx_word' id='word_1_486' title='bbox 839 4179 968 4218; x_wconf 89' lang='lat' dir='ltr'><strong>vero</strong></span> <span class='ocrx_word' id='word_1_487' title='bbox 1034 4177 1160 4218; x_wconf 90' lang='lat' dir='ltr'><strong>cum</strong></span> <span class='ocrx_word' id='word_1_488' title='bbox 1205 4165 1510 4234; x_wconf 88' lang='lat' dir='ltr'><strong>tropologia</strong></span> <span class='ocrx_word' id='word_1_489' title='bbox 1579 4165 1881 4236; x_wconf 88' lang='lat' dir='ltr'><strong>sophistica</strong></span> <span class='ocrx_word' id='word_1_490' title='bbox 1947 4165 2093 4221; x_wconf 89' lang='lat' dir='ltr'><strong>haud</strong></span> 
     </span>
    </p>
   </div>
   <div class='ocr_carea' id='block_1_73' title="bbox 521 4257 2095 4324">
    <p class='ocr_par' dir='ltr' id='par_1_73' title="bbox 521 4257 2095 4324">
     <span class='ocr_line' id='line_1_73' title="bbox 521 4257 2095 4324; baseline 0.001 -14"><span class='ocrx_word' id='word_1_491' title='bbox 521 4258 686 4310; x_wconf 88' lang='lat' dir='ltr'><strong>mista</strong></span> <span class='ocrx_word' id='word_1_492' title='bbox 753 4262 882 4310; x_wconf 89' lang='lat' dir='ltr'><strong>sunt</strong></span> <span class='ocrx_word' id='word_1_493' title='bbox 920 4269 984 4309; x_wconf 89' lang='lat' dir='ltr'><strong>ac</strong></span> <span class='ocrx_word' id='word_1_494' title='bbox 1042 4262 1541 4324; x_wconf 88' lang='lat' dir='ltr'><strong>consuta:paucos</strong></span> <span class='ocrx_word' id='word_1_495' title='bbox 1591 4271 1742 4322; x_wconf 84' lang='lat' dir='ltr'><strong>vero,</strong></span> <span class='ocrx_word' id='word_1_496' title='bbox 1803 4257 1966 4312; x_wconf 87' lang='lat' dir='ltr'><strong>sicuti</strong></span> <span class='ocrx_word' id='word_1_497' title='bbox 2010 4258 2095 4312; x_wconf 88' lang='lat' dir='ltr'><strong>Iu-</strong></span> 
     </span>
    </p>
   </div>
   <div class='ocr_carea' id='block_1_74' title="bbox 521 4346 2094 4422">
    <p class='ocr_par' dir='ltr' id='par_1_74' title="bbox 521 4346 2094 4422">
     <span class='ocr_line' id='line_1_74' title="bbox 521 4346 2094 4422; baseline 0.004 -22"><span class='ocrx_word' id='word_1_498' title='bbox 521 4361 649 4402; x_wconf 90' lang='lat' dir='ltr'><strong>men</strong></span> <span class='ocrx_word' id='word_1_499' title='bbox 699 4352 925 4416; x_wconf 86' lang='lat' dir='ltr'><strong>repente</strong></span> <span class='ocrx_word' id='word_1_500' title='bbox 977 4347 1261 4417; x_wconf 88' lang='lat' dir='ltr'><strong>symposio</strong></span> <span class='ocrx_word' id='word_1_501' title='bbox 1313 4346 1658 4418; x_wconf 90' lang='lat' dir='ltr'><strong>triclinioque</strong></span> <span class='ocrx_word' id='word_1_502' title='bbox 1699 4348 1944 4418; x_wconf 88' lang='lat' dir='ltr'><strong>illatum,</strong></span> <span class='ocrx_word' id='word_1_503' title='bbox 1979 4352 2094 4422; x_wconf 79' lang='lat' dir='ltr'><strong>pri-</strong></span> 
     </span>
    </p>
   </div>
   <div class='ocr_carea' id='block_1_75' title="bbox 524 4437 2092 4511">
    <p class='ocr_par' dir='ltr' id='par_1_75' title="bbox 524 4437 2092 4511">
     <span class='ocr_line' id='line_1_75' title="bbox 524 4437 2092 4511; baseline 0.004 -21"><span class='ocrx_word' id='word_1_504' title='bbox 524 4452 671 4490; x_wconf 91' lang='lat' dir='ltr'><strong>mum</strong></span> <span class='ocrx_word' id='word_1_505' title='bbox 695 4445 919 4506; x_wconf 86' lang='lat' dir='ltr'><strong>stupore</strong></span> <span class='ocrx_word' id='word_1_506' title='bbox 937 4437 1234 4506; x_wconf 88' lang='lat' dir='ltr'><strong>percutiet;</strong></span> <span class='ocrx_word' id='word_1_507' title='bbox 1253 4445 1440 4508; x_wconf 90' lang='lat' dir='ltr'><strong>postea</strong></span> <span class='ocrx_word' id='word_1_508' title='bbox 1459 4445 1841 4494; x_wconf 89' lang='lat' dir='ltr'><strong>assuescentes</strong></span> <span class='ocrx_word' id='word_1_509' title='bbox 1857 4455 1915 4496; x_wconf 90' lang='lat' dir='ltr'><strong>se</strong></span> <span class='ocrx_word' id='word_1_510' title='bbox 1927 4447 2092 4511; x_wconf 89' lang='lat' dir='ltr'><strong>atque</strong></span> 
     </span>
    </p>
   </div>
   <div class='ocr_carea' id='block_1_76' title="bbox 522 4527 2092 4600">
    <p class='ocr_par' dir='ltr' id='par_1_76' title="bbox 522 4527 2092 4600">
     <span class='ocr_line' id='line_1_76' title="bbox 522 4527 2092 4600; baseline 0.004 -20"><span class='ocrx_word' id='word_1_511' title='bbox 522 4535 703 4582; x_wconf 90' lang='lat' dir='ltr'><strong>mente</strong></span> <span class='ocrx_word' id='word_1_512' title='bbox 735 4533 794 4590; x_wconf 80' lang='grc' dir='ltr'><strong>›Ῑ‹</strong></span> <span class='ocrx_word' id='word_1_513' title='bbox 826 4527 1134 4593; x_wconf 73' lang='lat' dir='ltr'><strong>exercitati,</strong></span> <span class='ocrx_word' id='word_1_514' title='bbox 1173 4529 1330 4598; x_wconf 86' lang='lat' dir='ltr'><strong>quasi</strong></span> <span class='ocrx_word' id='word_1_515' title='bbox 1351 4531 1550 4600; x_wconf 86' lang='lat' dir='ltr'><strong>gaudio</strong></span> <span class='ocrx_word' id='word_1_516' title='bbox 1569 4533 1799 4586; x_wconf 89' lang='lat' dir='ltr'><strong>recreati</strong></span> <span class='ocrx_word' id='word_1_517' title='bbox 1827 4546 1891 4585; x_wconf 90' lang='lat' dir='ltr'><strong>ac</strong></span> <span class='ocrx_word' id='word_1_518' title='bbox 1917 4533 2092 4588; x_wconf 86' lang='lat' dir='ltr'><strong>exsul-</strong></span> 
     </span>
    </p>
   </div>
   <div class='ocr_carea' id='block_1_77' title="bbox 521 4619 2091 4694">
    <p class='ocr_par' dir='ltr' id='par_1_77' title="bbox 521 4619 2091 4694">
     <span class='ocr_line' id='line_1_77' title="bbox 521 4619 2091 4694; baseline 0.003 -20"><span class='ocrx_word' id='word_1_519' title='bbox 521 4627 727 4683; x_wconf 87' lang='lat' dir='ltr'><strong>tantes,</strong></span> <span class='ocrx_word' id='word_1_520' title='bbox 769 4619 1172 4676; x_wconf 87' lang='lat' dir='ltr'><strong>Dominum.....</strong></span> <span class='ocrx_word' id='word_1_521' title='bbox 1223 4620 1393 4676; x_wconf 88' lang='lat' dir='ltr'><strong>Prout</strong></span> <span class='ocrx_word' id='word_1_522' title='bbox 1417 4625 1562 4678; x_wconf 90' lang='lat' dir='ltr'><strong>enim</strong></span> <span class='ocrx_word' id='word_1_523' title='bbox 1609 4623 1860 4694; x_wconf 87' lang='lat' dir='ltr'><strong>voluptas</strong></span> <span class='ocrx_word' id='word_1_524' title='bbox 1892 4624 2091 4680; x_wconf 88' lang='lat' dir='ltr'><strong>libera-</strong></span> 
     </span>
    </p>
   </div>
   <div class='ocr_carea' id='block_1_78' title="bbox 520 4710 2089 4778">
    <p class='ocr_par' dir='ltr' id='par_1_78' title="bbox 520 4710 2089 4778">
     <span class='ocr_line' id='line_1_78' title="bbox 520 4710 2089 4778; baseline 0.003 -14"><span class='ocrx_word' id='word_1_525' title='bbox 520 4712 727 4765; x_wconf 89' lang='lat' dir='ltr'><strong>tionem</strong></span> <span class='ocrx_word' id='word_1_526' title='bbox 759 4727 790 4764; x_wconf 90' lang='lat' dir='ltr'><strong>a</strong></span> <span class='ocrx_word' id='word_1_527' title='bbox 819 4710 1008 4767; x_wconf 91' lang='lat' dir='ltr'><strong>dolore</strong></span> <span class='ocrx_word' id='word_1_528' title='bbox 1040 4726 1106 4766; x_wconf 82' lang='lat' dir='ltr'><strong>ex</strong></span> <span class='ocrx_word' id='word_1_529' title='bbox 1130 4722 1326 4767; x_wconf 89' lang='lat' dir='ltr'><strong>natura</strong></span> <span class='ocrx_word' id='word_1_530' title='bbox 1360 4727 1458 4769; x_wconf 89' lang='lat' dir='ltr'><strong>sua</strong></span> <span class='ocrx_word' id='word_1_531' title='bbox 1501 4713 1685 4778; x_wconf 89' lang='lat' dir='ltr'><strong>habet,</strong></span> <span class='ocrx_word' id='word_1_532' title='bbox 1715 4713 1796 4769; x_wconf 92' lang='lat' dir='ltr'><strong>sic</strong></span> <span class='ocrx_word' id='word_1_533' title='bbox 1821 4719 1876 4770; x_wconf 90' lang='lat' dir='ltr'><strong>et</strong></span> <span class='ocrx_word' id='word_1_534' title='bbox 1907 4714 2089 4770; x_wconf 86' lang='lat' dir='ltr'><strong>scien-</strong></span> 
     </span>
    </p>
   </div>
   <div class='ocr_carea' id='block_1_79' title="bbox 520 4801 2090 4875">
    <p class='ocr_par' dir='ltr' id='par_1_79' title="bbox 520 4801 2090 4875">
     <span class='ocr_line' id='line_1_79' title="bbox 520 4801 2090 4875; baseline 0.003 -21"><span class='ocrx_word' id='word_1_535' title='bbox 520 4801 596 4854; x_wconf 87' lang='lat' dir='ltr'><strong>tia</strong></span> <span class='ocrx_word' id='word_1_536' title='bbox 611 4801 930 4872; x_wconf 71' lang='lat' dir='ltr'><strong>ignorantia:</strong></span> <span class='ocrx_word' id='word_1_537' title='bbox 946 4801 1294 4859; x_wconf 89' lang='lat' dir='ltr'><strong>ablationem.</strong></span> <span class='ocrx_word' id='word_1_538' title='bbox 1319 4802 1474 4858; x_wconf 89' lang='lat' dir='ltr'><strong>Sicut</strong></span> <span class='ocrx_word' id='word_1_539' title='bbox 1494 4804 1640 4858; x_wconf 90' lang='lat' dir='ltr'><strong>enim</strong></span> <span class='ocrx_word' id='word_1_540' title='bbox 1667 4819 1862 4860; x_wconf 88' lang='lat' dir='ltr'><strong>somno</strong></span> <span class='ocrx_word' id='word_1_541' title='bbox 1878 4803 2090 4875; x_wconf 86' lang='lat' dir='ltr'><strong>gravati</strong></span> 
     </span>
    </p>
   </div>
   <div class='ocr_carea' id='block_1_80' title="bbox 518 4897 2087 4970">
    <p class='ocr_par' dir='ltr' id='par_1_80' title="bbox 518 4897 2087 4970">
     <span class='ocr_line' id='line_1_80' title="bbox 518 4897 2087 4970; baseline 0.002 -19"><span class='ocrx_word' id='word_1_542' title='bbox 518 4898 611 4968; x_wconf 91' lang='lat' dir='ltr'><strong>qui</strong></span> <span class='ocrx_word' id='word_1_543' title='bbox 635 4905 762 4952; x_wconf 91' lang='lat' dir='ltr'><strong>sunt</strong></span> <span class='ocrx_word' id='word_1_544' title='bbox 775 4897 1036 4960; x_wconf 81' lang='lat' dir='ltr'><strong>&#39;maxime,</strong></span> <span class='ocrx_word' id='word_1_545' title='bbox 1054 4905 1224 4954; x_wconf 90' lang='lat' dir='ltr'><strong>semet</strong></span> <span class='ocrx_word' id='word_1_546' title='bbox 1243 4899 1714 4970; x_wconf 80' lang='lat' dir='ltr'><strong>vigilaremaxime</strong></span> <span class='ocrx_word' id='word_1_547' title='bbox 1729 4901 2087 4968; x_wconf 89' lang='lat' dir='ltr'><strong>arbitrantur,</strong></span> 
     </span>
    </p>
   </div>
   <div class='ocr_carea' id='block_1_81' title="bbox 517 4990 2087 5070">
    <p class='ocr_par' dir='ltr' id='par_1_81' title="bbox 517 4990 2087 5070">
     <span class='ocr_line' id='line_1_81' title="bbox 517 4990 2087 5070; baseline 0.001 -26"><span class='ocrx_word' id='word_1_548' title='bbox 517 4990 613 5070; x_wconf 79' lang='lat' dir='ltr'><strong>qui</strong></span> <span class='ocrx_word' id='word_1_549' title='bbox 643 4990 967 5046; x_wconf 88' lang='lat' dir='ltr'><strong>clarioribus</strong></span> <span class='ocrx_word' id='word_1_550' title='bbox 999 4991 1290 5060; x_wconf 87' lang='lat' dir='ltr'><strong>minusque</strong></span> <span class='ocrx_word' id='word_1_551' title='bbox 1337 4991 1617 5070; x_wconf 76' lang='lat' dir='ltr'><strong>dissipatis</strong></span> <span class='ocrx_word' id='word_1_552' title='bbox 1646 5007 1710 5047; x_wconf 90' lang='lat' dir='ltr'><strong>ac</strong></span> <span class='ocrx_word' id='word_1_553' title='bbox 1738 4991 1846 5046; x_wconf 88' lang='lat' dir='ltr'><strong>alio</strong></span> <span class='ocrx_word' id='word_1_554' title='bbox 1868 4991 2087 5046; x_wconf 86' lang='lat' dir='ltr'><strong>trahen-</strong></span> 
     </span>
    </p>
   </div>
   <div class='ocr_carea' id='block_1_82' title="bbox 451 5080 2087 5152">
    <p class='ocr_par' dir='ltr' id='par_1_82' title="bbox 451 5080 2087 5152">
     <span class='ocr_line' id='line_1_82' title="bbox 451 5080 2087 5152; baseline 0.002 -19"><span class='ocrx_word' id='word_1_555' title='bbox 451 5130 454 5133; x_wconf 86' lang='lat'><strong>.</strong></span> <span class='ocrx_word' id='word_1_556' title='bbox 515 5080 666 5136; x_wconf 89' lang='lat' dir='ltr'><strong>tibus</strong></span> <span class='ocrx_word' id='word_1_557' title='bbox 693 5081 748 5136; x_wconf 92' lang='lat' dir='ltr'><strong>in</strong></span> <span class='ocrx_word' id='word_1_558' title='bbox 777 5081 986 5137; x_wconf 84' lang='lat' dir='ltr'><strong>somnis</strong></span> <span class='ocrx_word' id='word_1_559' title='bbox 1027 5080 1357 5151; x_wconf 86' lang='lat' dir='ltr'><strong>spectaculis</strong></span> <span class='ocrx_word' id='word_1_560' title='bbox 1407 5082 1518 5137; x_wconf 89' lang='lat' dir='ltr'><strong>sint</strong></span> <span class='ocrx_word' id='word_1_561' title='bbox 1560 5081 1837 5152; x_wconf 88' lang='lat' dir='ltr'><strong>occupati;</strong></span> <span class='ocrx_word' id='word_1_562' title='bbox 1868 5080 1950 5136; x_wconf 90' lang='lat' dir='ltr'><strong>sic</strong></span> <span class='ocrx_word' id='word_1_563' title='bbox 1992 5081 2087 5152; x_wconf 92' lang='lat' dir='ltr'><strong>qui</strong></span> 
     </span>
    </p>
   </div>
   <div class='ocr_carea' id='block_1_83' title="bbox 517 5172 2087 5245">
    <p class='ocr_par' dir='ltr' id='par_1_83' title="bbox 517 5172 2087 5245">
     <span class='ocr_line' id='line_1_83' title="bbox 517 5172 2087 5245; baseline -0.002 -15"><span class='ocrx_word' id='word_1_564' title='bbox 517 5188 731 5230; x_wconf 82' lang='lat' dir='ltr'><strong>summa</strong></span> <span class='ocrx_word' id='word_1_565' title='bbox 754 5173 1008 5230; x_wconf 88' lang='lat' dir='ltr'><strong>laborant</strong></span> <span class='ocrx_word' id='word_1_566' title='bbox 1039 5173 1346 5245; x_wconf 76' lang='lat' dir='ltr'><strong>ignorantia</strong></span> <span class='ocrx_word' id='word_1_567' title='bbox 1365 5215 1379 5239; x_wconf 92' lang='lat'><strong>,</strong></span> <span class='ocrx_word' id='word_1_568' title='bbox 1409 5189 1468 5229; x_wconf 91' lang='lat' dir='ltr'><strong>se</strong></span> <span class='ocrx_word' id='word_1_569' title='bbox 1497 5174 1732 5228; x_wconf 83' lang='lat' dir='ltr'><strong>maxime</strong></span> <span class='ocrx_word' id='word_1_570' title='bbox 1757 5173 1901 5228; x_wconf 89' lang='lat' dir='ltr'><strong>scire</strong></span> <span class='ocrx_word' id='word_1_571' title='bbox 1940 5172 2087 5228; x_wconf 82' lang='lat' dir='ltr'><strong>arbi-</strong></span> 
     </span>
    </p>
   </div>
   <div class='ocr_carea' id='block_1_84' title="bbox 623 5324 1414 5394">
    <p class='ocr_par' dir='ltr' id='par_1_84' title="bbox 623 5324 1414 5394">
     <span class='ocr_line' id='line_1_84' title="bbox 623 5324 1414 5394; baseline -0.005 -10"><span class='ocrx_word' id='word_1_572' title='bbox 623 5335 684 5394; x_wconf 65' lang='lat'><strong>&gt;14</strong></span> <span class='ocrx_word' id='word_1_573' title='bbox 719 5325 784 5384; x_wconf 88' lang='lat' dir='ltr'><strong>P.</strong></span> <span class='ocrx_word' id='word_1_574' title='bbox 823 5324 932 5384; x_wconf 85' lang='lat'><strong>989</strong></span> <span class='ocrx_word' id='word_1_575' title='bbox 968 5325 1076 5384; x_wconf 81' lang='grc' dir='ltr'><strong>ΕΙ).</strong></span> <span class='ocrx_word' id='word_1_576' title='bbox 1119 5324 1414 5382; x_wconf 77' lang='lat' dir='ltr'><strong>POTTER.</strong></span> 
     </span>
    </p>
   </div>
   <div class='ocr_carea' id='block_1_85' title="bbox 583 5478 2076 5555">
    <p class='ocr_par' dir='ltr' id='par_1_85' title="bbox 583 5478 2076 5555">
     <span class='ocr_line' id='line_1_85' title="bbox 583 5478 2076 5555; baseline -0.005 -16"><span class='ocrx_word' id='word_1_577' title='bbox 583 5483 695 5555; x_wconf 82' lang='lat'><strong>(55)</strong></span> <span class='ocrx_word' id='word_1_578' title='bbox 725 5485 975 5539; x_wconf 79' lang='grc' dir='ltr'>Διαπτ...</span> <span class='ocrx_word' id='word_1_579' title='bbox 991 5482 1117 5555; x_wconf 9' lang='grc' dir='ltr'>,μὲν</span> <span class='ocrx_word' id='word_1_580' title='bbox 1142 5553 1150 5555; x_wconf 96' lang='lat'><em>_</em></span> <span class='ocrx_word' id='word_1_581' title='bbox 1165 5481 1464 5555; x_wconf 70' lang='grc' dir='ltr'>εἰρημένα.</span> <span class='ocrx_word' id='word_1_582' title='bbox 1494 5478 1730 5555; x_wconf 76' lang='lat' dir='ltr'><strong>PIanior_</strong></span> <span class='ocrx_word' id='word_1_583' title='bbox 1743 5478 1849 5532; x_wconf 90' lang='lat' dir='ltr'><strong>erit</strong></span> <span class='ocrx_word' id='word_1_584' title='bbox 1865 5485 2076 5555; x_wconf 78' lang='lat' dir='ltr'><strong>senten-</strong></span> 
     </span>
    </p>
   </div>
   <div class='ocr_carea' id='block_1_86' title="bbox 515 5548 2081 5624">
    <p class='ocr_par' dir='ltr' id='par_1_86' title="bbox 515 5548 2081 5624">
     <span class='ocr_line' id='line_1_86' title="bbox 515 5548 2081 5624; baseline -0.004 -18"><span class='ocrx_word' id='word_1_585' title='bbox 515 5548 622 5616; x_wconf 68' lang='lat' dir='ltr'><strong>tia&#39;,</strong></span> <span class='ocrx_word' id='word_1_586' title='bbox 650 5548 696 5624; x_wconf 83' lang='lat' dir='ltr'><strong>si</strong></span> <span class='ocrx_word' id='word_1_587' title='bbox 727 5548 1061 5624; x_wconf 77' lang='lat' dir='ltr'><strong>transposito</strong></span> <span class='ocrx_word' id='word_1_588' title='bbox 1087 5548 1505 5624; x_wconf 56' lang='grc' dir='ltr'>μένζιοιςιιηιιιε,</span> <span class='ocrx_word' id='word_1_589' title='bbox 1540 5549 1934 5624; x_wconf 58' lang='grc' dir='ltr'>διαπτύοσηται</span> <span class='ocrx_word' id='word_1_590' title='bbox 1984 5548 2081 5620; x_wconf 82' lang='grc' dir='ltr'>μὲν</span> 
     </span>
    </p>
   </div>
   <div class='ocr_carea' id='block_1_87' title="bbox 512 5617 1826 5701">
    <p class='ocr_par' dir='ltr' id='par_1_87' title="bbox 512 5617 1826 5701">
     <span class='ocr_line' id='line_1_87' title="bbox 512 5617 1826 5701; baseline -0.001 -25"><span class='ocrx_word' id='word_1_591' title='bbox 512 5623 846 5701; x_wconf 42' lang='lat' dir='ltr'><strong>“Excitat-:9</strong></span> <span class='ocrx_word' id='word_1_592' title='bbox 879 5617 1206 5701; x_wconf 71' lang='grc' dir='ltr'>πολυσήμως</span> <span class='ocrx_word' id='word_1_593' title='bbox 1239 5617 1523 5701; x_wconf 73' lang='grc' dir='ltr'>εἰρημένα.</span> <span class='ocrx_word' id='word_1_594' title='bbox 1545 5617 1826 5701; x_wconf 60' lang='grc' dir='ltr'>βηιψκε.</span> 
     </span>
    </p>
   </div>
   <div class='ocr_carea' id='block_1_88' title="bbox 518 5689 2074 5815">
    <p class='ocr_par' dir='ltr' id='par_1_88' title="bbox 518 5689 2074 5815">
     <span class='ocr_line' id='line_1_88' title="bbox 518 5689 2074 5815; baseline 0.002 -70"><span class='ocrx_word' id='word_1_595' title='bbox 518 5689 715 5815; x_wconf 49' lang='lat' dir='ltr'><strong>ll’(5(i)&#39;</strong></span> <span class='ocrx_word' id='word_1_596' title='bbox 747 5694 945 5760; x_wconf 74' lang='grc' dir='ltr'>Οὕτως</span> <span class='ocrx_word' id='word_1_597' title='bbox 981 5689 1110 5764; x_wconf 69' lang='grc' dir='ltr'>γάρ.</span> <span class='ocrx_word' id='word_1_598' title='bbox 1149 5689 1482 5748; x_wconf 81' lang='lat' dir='ltr'><strong>Coucinnius</strong></span> <span class='ocrx_word' id='word_1_599' title='bbox 1529 5689 1606 5754; x_wconf 82' lang='grc' dir='ltr'>ὡς</span> <span class='ocrx_word' id='word_1_600' title='bbox 1643 5689 1772 5761; x_wconf 85' lang='grc' dir='ltr'>γάρ,</span> <span class='ocrx_word' id='word_1_601' title='bbox 1820 5697 1879 5744; x_wconf 84' lang='lat' dir='ltr'><strong>ut</strong></span> <span class='ocrx_word' id='word_1_602' title='bbox 1906 5689 2074 5748; x_wconf 62' lang='lat' dir='ltr'><strong>enim.</strong></span> 
     </span>
    </p>
   </div>
   <div class='ocr_carea' id='block_1_89' title="bbox 2198 3304 3173 3376">
    <p class='ocr_par' dir='ltr' id='par_1_89' title="bbox 2198 3304 3173 3376">
     <span class='ocr_line' id='line_1_89' title="bbox 2198 3304 3173 3376; baseline 0 -17"><span class='ocrx_word' id='word_1_603' title='bbox 2198 3323 2334 3370; x_wconf 85' lang='grc' dir='ltr'>σεως</span> <span class='ocrx_word' id='word_1_604' title='bbox 2365 3307 2504 3360; x_wconf 83' lang='grc' dir='ltr'>κατὰ</span> <span class='ocrx_word' id='word_1_605' title='bbox 2535 3304 2826 3376; x_wconf 80' lang='grc' dir='ltr'>ἐπιθυμίαν</span> <span class='ocrx_word' id='word_1_606' title='bbox 2853 3306 2945 3360; x_wconf 79' lang='grc' dir='ltr'>καὶ</span> <span class='ocrx_word' id='word_1_607' title='bbox 2973 3305 3173 3370; x_wconf 82' lang='grc' dir='ltr'>δίωξιν.</span> 
     </span>
    </p>
   </div>
   <div class='ocr_carea' id='block_1_90' title="bbox 2267 3499 3728 3573">
    <p class='ocr_par' dir='ltr' id='par_1_90' title="bbox 2267 3499 3728 3573">
     <span class='ocr_line' id='line_1_90' title="bbox 2267 3499 3728 3573; baseline 0 -19"><span class='ocrx_word' id='word_1_608' title='bbox 2267 3501 2386 3554; x_wconf 83' lang='lat' dir='ltr'><strong>AA’.</strong></span> <span class='ocrx_word' id='word_1_609' title='bbox 2429 3501 2531 3555; x_wconf 85' lang='lat' dir='ltr'><strong>&quot;Hv</strong></span> <span class='ocrx_word' id='word_1_610' title='bbox 2585 3501 2695 3572; x_wconf 81' lang='lat'><strong>(57)</strong></span> <span class='ocrx_word' id='word_1_611' title='bbox 2744 3501 2898 3556; x_wconf 88' lang='grc' dir='ltr'>τόποι</span> <span class='ocrx_word' id='word_1_612' title='bbox 2941 3501 3041 3570; x_wconf 85' lang='grc' dir='ltr'>μὲν</span> <span class='ocrx_word' id='word_1_613' title='bbox 3096 3502 3328 3573; x_wconf 73' lang='grc' dir='ltr'>καθαροὶ</span> <span class='ocrx_word' id='word_1_614' title='bbox 3371 3503 3465 3555; x_wconf 75' lang='grc' dir='ltr'><strong>καὶ</strong></span> <span class='ocrx_word' id='word_1_615' title='bbox 3507 3499 3728 3572; x_wconf 76' lang='grc' dir='ltr'>λειμῶνες</span> 
     </span>
    </p>
   </div>
   <div class='ocr_carea' id='block_1_91' title="bbox 2199 3587 3728 3662">
    <p class='ocr_par' dir='ltr' id='par_1_91' title="bbox 2199 3587 3728 3662">
     <span class='ocr_line' id='line_1_91' title="bbox 2199 3587 3728 3662; baseline 0 -3"><span class='ocrx_word' id='word_1_616' title='bbox 2199 3589 2443 3656; x_wconf 66' lang='grc' dir='ltr'><strong>ἐδέξαιντῦ</strong></span> <span class='ocrx_word' id='word_1_617' title='bbox 2516 3587 2696 3662; x_wconf 79' lang='grc' dir='ltr'>φωνὰς</span> <span class='ocrx_word' id='word_1_618' title='bbox 2756 3591 2849 3645; x_wconf 88' lang='grc' dir='ltr'><strong>καί</strong></span> <span class='ocrx_word' id='word_1_619' title='bbox 2891 3607 3042 3654; x_wconf 83' lang='grc' dir='ltr'>τινας</span> <span class='ocrx_word' id='word_1_620' title='bbox 3102 3591 3254 3660; x_wconf 60' lang='grc' dir='ltr'>ὄψεις</span> <span class='ocrx_word' id='word_1_621' title='bbox 3314 3593 3487 3661; x_wconf 82' lang='grc' dir='ltr'>ἁγίων</span> <span class='ocrx_word' id='word_1_622' title='bbox 3543 3590 3728 3662; x_wconf 50' lang='grc' dir='ltr'><strong>(θαῦμ’</strong></span> 
     </span>
    </p>
   </div>
   <div class='ocr_carea' id='block_1_92' title="bbox 2197 3681 3731 3756">
    <p class='ocr_par' dir='ltr' id='par_1_92' title="bbox 2197 3681 3731 3756">
     <span class='ocr_line' id='line_1_92' title="bbox 2197 3681 3731 3756; baseline -0.001 -20"><span class='ocrx_word' id='word_1_623' title='bbox 2197 3701 2337 3738; x_wconf 81' lang='grc' dir='ltr'>των’</span> <span class='ocrx_word' id='word_1_624' title='bbox 2385 3683 2668 3756; x_wconf 84' lang='grc' dir='ltr'>ἄνθρωπος</span> <span class='ocrx_word' id='word_1_625' title='bbox 2716 3682 2773 3736; x_wconf 84' lang='grc' dir='ltr'>δὲ</span> <span class='ocrx_word' id='word_1_626' title='bbox 2815 3685 2844 3736; x_wconf 86' lang='grc' dir='ltr'>ὁ</span> <span class='ocrx_word' id='word_1_627' title='bbox 2892 3681 3132 3754; x_wconf 78' lang='grc' dir='ltr'>ἀκριϐῶς</span> <span class='ocrx_word' id='word_1_628' title='bbox 3182 3684 3582 3756; x_wconf 82' lang='grc' dir='ltr'>κεκαθαρμένος</span> <span class='ocrx_word' id='word_1_629' title='bbox 3609 3683 3731 3742; x_wconf 72' lang='grc' dir='ltr'>ἄπας</span> 
     </span>
    </p>
   </div>
   <div class='ocr_carea' id='block_1_93' title="bbox 2195 3774 3728 3848">
    <p class='ocr_par' dir='ltr' id='par_1_93' title="bbox 2195 3774 3728 3848">
     <span class='ocr_line' id='line_1_93' title="bbox 2195 3774 3728 3848; baseline -0.005 -17"><span class='ocrx_word' id='word_1_630' title='bbox 2195 3777 2538 3842; x_wconf 85' lang='grc' dir='ltr'>διδασκαλίας</span> <span class='ocrx_word' id='word_1_631' title='bbox 2600 3777 2696 3830; x_wconf 74' lang='grc' dir='ltr'>καὶ</span> <span class='ocrx_word' id='word_1_632' title='bbox 2759 3775 3040 3847; x_wconf 81' lang='grc' dir='ltr'>δυνάμεως</span> <span class='ocrx_word' id='word_1_633' title='bbox 3107 3775 3296 3848; x_wconf 84' lang='grc' dir='ltr'>θεῖκῆς</span> <span class='ocrx_word' id='word_1_634' title='bbox 3357 3774 3728 3845; x_wconf 68' lang='grc' dir='ltr'>καταξιωθῄσε-</span> 
     </span>
    </p>
   </div>
   <div class='ocr_carea' id='block_1_94' title="bbox 2197 3885 2961 3936">
    <p class='ocr_par' dir='ltr' id='par_1_94' title="bbox 2197 3885 2961 3936">
     <span class='ocr_line' id='line_1_94' title="bbox 2197 3885 2961 3936; baseline 0.016 -12"><span class='ocrx_word' id='word_1_635' title='bbox 2197 3885 2306 3926; x_wconf 86' lang='grc' dir='ltr'>ται.</span> <span class='ocrx_word' id='word_1_636' title='bbox 2950 3923 2961 3936; x_wconf 89' lang='grc'><strong>.</strong></span> 
     </span>
    </p>
   </div>
   <div class='ocr_carea' id='block_1_95' title="bbox 2265 3975 3733 4050">
    <p class='ocr_par' dir='ltr' id='par_1_95' title="bbox 2265 3975 3733 4050">
     <span class='ocr_line' id='line_1_95' title="bbox 2265 3975 3733 4050; baseline -0.007 -12"><span class='ocrx_word' id='word_1_637' title='bbox 2265 3984 2386 4038; x_wconf 85' lang='grc' dir='ltr'><strong>ΛΕ’.</strong></span> <span class='ocrx_word' id='word_1_638' title='bbox 2421 3975 2554 4037; x_wconf 76' lang='grc' dir='ltr'>Οἶδα</span> <span class='ocrx_word' id='word_1_639' title='bbox 2579 3980 2636 4034; x_wconf 85' lang='grc' dir='ltr'>δὲ</span> <span class='ocrx_word' id='word_1_640' title='bbox 2667 3979 2798 4049; x_wconf 87' lang='grc' dir='ltr'>ἐγὼ,</span> <span class='ocrx_word' id='word_1_641' title='bbox 2839 3981 2921 4034; x_wconf 79' lang='grc' dir='ltr'>ὅτι</span> <span class='ocrx_word' id='word_1_642' title='bbox 2951 3979 3018 4033; x_wconf 77' lang='grc' dir='ltr'>τὰ</span> <span class='ocrx_word' id='word_1_643' title='bbox 3049 3979 3148 4049; x_wconf 80' lang='grc' dir='ltr'>τῆς</span> <span class='ocrx_word' id='word_1_644' title='bbox 3189 3979 3446 4048; x_wconf 87' lang='grc' dir='ltr'>γνώσεως</span> <span class='ocrx_word' id='word_1_645' title='bbox 3493 3978 3733 4050; x_wconf 74' lang='grc' dir='ltr'>μυστήρια</span> 
     </span>
    </p>
   </div>
   <div class='ocr_carea' id='block_1_96' title="bbox 2194 4067 3735 4146">
    <p class='ocr_par' dir='ltr' id='par_1_96' title="bbox 2194 4067 3735 4146">
     <span class='ocr_line' id='line_1_96' title="bbox 2194 4067 3735 4146; baseline -0.006 -17"><span class='ocrx_word' id='word_1_646' title='bbox 2194 4077 2306 4140; x_wconf 80' lang='grc' dir='ltr'>τοῖς</span> <span class='ocrx_word' id='word_1_647' title='bbox 2343 4074 2441 4146; x_wconf 79' lang='grc' dir='ltr'>μὲν</span> <span class='ocrx_word' id='word_1_648' title='bbox 2476 4071 2686 4136; x_wconf 88' lang='grc' dir='ltr'>πολλοῖς</span> <span class='ocrx_word' id='word_1_649' title='bbox 2719 4069 2914 4142; x_wconf 84' lang='grc' dir='ltr'>χλεύην</span> <span class='ocrx_word' id='word_1_650' title='bbox 2950 4071 3126 4141; x_wconf 82' lang='grc' dir='ltr'>φέρει,</span> <span class='ocrx_word' id='word_1_651' title='bbox 3158 4071 3256 4124; x_wconf 64' lang='grc' dir='ltr'><strong>καί⁵</strong></span> <span class='ocrx_word' id='word_1_652' title='bbox 3291 4071 3523 4142; x_wconf 87' lang='grc' dir='ltr'>μάλιστα</span> <span class='ocrx_word' id='word_1_653' title='bbox 3561 4067 3627 4140; x_wconf 85' lang='grc' dir='ltr'>μὴ</span> <span class='ocrx_word' id='word_1_654' title='bbox 3653 4083 3735 4121; x_wconf 86' lang='grc' dir='ltr'>κε·-</span> 
     </span>
    </p>
   </div>
   <div class='ocr_carea' id='block_1_97' title="bbox 2195 4161 3732 4236">
    <p class='ocr_par' dir='ltr' id='par_1_97' title="bbox 2195 4161 3732 4236">
     <span class='ocr_line' id='line_1_97' title="bbox 2195 4161 3732 4236; baseline -0.005 -17"><span class='ocrx_word' id='word_1_655' title='bbox 2195 4165 2524 4236; x_wconf 83' lang='grc' dir='ltr'>καττυμένα,</span> <span class='ocrx_word' id='word_1_656' title='bbox 2557 4166 2839 4234; x_wconf 84' lang='grc' dir='ltr'>σοφιστικῇ</span> <span class='ocrx_word' id='word_1_657' title='bbox 2875 4161 3234 4233; x_wconf 78' lang='grc' dir='ltr'>τροπολογίᾳ’</span> <span class='ocrx_word' id='word_1_658' title='bbox 3271 4164 3398 4228; x_wconf 82' lang='grc' dir='ltr'>τοὺς</span> <span class='ocrx_word' id='word_1_659' title='bbox 3429 4163 3484 4216; x_wconf 85' lang='grc' dir='ltr'><strong>δέ</strong></span> <span class='ocrx_word' id='word_1_660' title='bbox 3526 4161 3732 4229; x_wconf 84' lang='grc' dir='ltr'>ὀλίγους,</span> 
     </span>
    </p>
   </div>
   <div class='ocr_carea' id='block_1_98' title="bbox 2195 4251 3732 4330">
    <p class='ocr_par' dir='ltr' id='par_1_98' title="bbox 2195 4251 3732 4330">
     <span class='ocr_line' id='line_1_98' title="bbox 2195 4251 3732 4330; baseline -0.006 -18"><span class='ocrx_word' id='word_1_661' title='bbox 2195 4257 2444 4330; x_wconf 83' lang='grc' dir='ltr'>καθάπερ</span> <span class='ocrx_word' id='word_1_662' title='bbox 2470 4255 2586 4326; x_wconf 86' lang='grc' dir='ltr'><strong>φῶς</strong></span> <span class='ocrx_word' id='word_1_663' title='bbox 2626 4254 3000 4326; x_wconf 61' lang='grc' dir='ltr'>ἐπισενεχθέν</span> <span class='ocrx_word' id='word_1_664' title='bbox 3031 4253 3296 4325; x_wconf 76' lang='grc' dir='ltr'>ἐξαίφνης</span> <span class='ocrx_word' id='word_1_665' title='bbox 3339 4254 3612 4326; x_wconf 79' lang='grc' dir='ltr'>συμποσίῳ</span> <span class='ocrx_word' id='word_1_666' title='bbox 3637 4251 3732 4305; x_wconf 83' lang='grc' dir='ltr'>τινὶ</span> 
     </span>
    </p>
   </div>
   <div class='ocr_carea' id='block_1_99' title="bbox 2196 4343 3736 4420">
    <p class='ocr_par' dir='ltr' id='par_1_99' title="bbox 2196 4343 3736 4420">
     <span class='ocr_line' id='line_1_99' title="bbox 2196 4343 3736 4420; baseline -0.003 -18"><span class='ocrx_word' id='word_1_667' title='bbox 2196 4350 2520 4420; x_wconf 86' lang='grc' dir='ltr'>συνηρεφεῖ,</span> <span class='ocrx_word' id='word_1_668' title='bbox 2563 4347 2826 4419; x_wconf 79' lang='grc' dir='ltr'>ἐκπλήξει</span> <span class='ocrx_word' id='word_1_669' title='bbox 2876 4346 2943 4400; x_wconf 90' lang='grc' dir='ltr'>τὰ</span> <span class='ocrx_word' id='word_1_670' title='bbox 2989 4343 3215 4417; x_wconf 85' lang='grc' dir='ltr'>πρῶτα·</span> <span class='ocrx_word' id='word_1_671' title='bbox 3255 4345 3444 4401; x_wconf 71' lang='grc' dir='ltr'>ἔπειτα</span> <span class='ocrx_word' id='word_1_672' title='bbox 3487 4347 3736 4406; x_wconf 78' lang='grc' dir='ltr'>ἐθίσαντες</span> 
     </span>
    </p>
   </div>
   <div class='ocr_carea' id='block_1_100' title="bbox 2194 4434 3733 4510">
    <p class='ocr_par' dir='ltr' id='par_1_100' title="bbox 2194 4434 3733 4510">
     <span class='ocr_line' id='line_1_100' title="bbox 2194 4434 3733 4510; baseline -0.003 -16"><span class='ocrx_word' id='word_1_673' title='bbox 2194 4440 2286 4494; x_wconf 75' lang='grc' dir='ltr'>καὶ</span> <span class='ocrx_word' id='word_1_674' title='bbox 2323 4438 2718 4510; x_wconf 83' lang='grc' dir='ltr'>συντραφέντες</span> <span class='ocrx_word' id='word_1_675' title='bbox 2741 4439 2852 4492; x_wconf 75' lang='grc' dir='ltr'>,καὶ</span> <span class='ocrx_word' id='word_1_676' title='bbox 2883 4435 3360 4508; x_wconf 83' lang='grc' dir='ltr'>ἐγγυμνασάμενοι</span> <span class='ocrx_word' id='word_1_677' title='bbox 3389 4437 3466 4507; x_wconf 84' lang='grc' dir='ltr'><strong>τῷ</strong></span> <span class='ocrx_word' id='word_1_678' title='bbox 3493 4434 3733 4506; x_wconf 77' lang='grc' dir='ltr'>λογισμῷ,</span> 
     </span>
    </p>
   </div>
   <div class='ocr_carea' id='block_1_101' title="bbox 2192 4525 3736 4601">
    <p class='ocr_par' dir='ltr' id='par_1_101' title="bbox 2192 4525 3736 4601">
     <span class='ocr_line' id='line_1_101' title="bbox 2192 4525 3736 4601; baseline -0.002 -19"><span class='ocrx_word' id='word_1_679' title='bbox 2192 4531 2267 4594; x_wconf 86' lang='grc' dir='ltr'>ὡς</span> <span class='ocrx_word' id='word_1_680' title='bbox 2313 4529 2402 4600; x_wconf 81' lang='grc' dir='ltr'><strong>ὑφ’</strong></span> <span class='ocrx_word' id='word_1_681' title='bbox 2435 4528 2625 4600; x_wconf 79' lang='grc' dir='ltr'>ἡδονῆς</span> <span class='ocrx_word' id='word_1_682' title='bbox 2654 4529 3068 4601; x_wconf 80' lang='grc' dir='ltr'>εὐφραινόμενοι</span> <span class='ocrx_word' id='word_1_683' title='bbox 3097 4527 3194 4582; x_wconf 78' lang='grc' dir='ltr'>καὶ</span> <span class='ocrx_word' id='word_1_684' title='bbox 3223 4527 3610 4598; x_wconf 85' lang='grc' dir='ltr'>ἀγαλλιώμενοι</span> <span class='ocrx_word' id='word_1_685' title='bbox 3652 4525 3736 4579; x_wconf 74' lang='grc' dir='ltr'>τὸν</span> 
     </span>
    </p>
   </div>
   <div class='ocr_carea' id='block_1_102' title="bbox 2121 4583 3736 4696">
    <p class='ocr_par' dir='ltr' id='par_1_102' title="bbox 2121 4583 3736 4696">
     <span class='ocr_line' id='line_1_102' title="bbox 2121 4583 3736 4696; baseline -0.004 -20"><span class='ocrx_word' id='word_1_686' title='bbox 2121 4583 2166 4637; x_wconf 74' lang='lat' dir='ltr'><strong>D</strong></span> <span class='ocrx_word' id='word_1_687' title='bbox 2193 4583 2415 4696; x_wconf 65' lang='grc' dir='ltr'>Κῦριόν.</span> <span class='ocrx_word' id='word_1_688' title='bbox 2446 4583 2468 4672; x_wconf 51' lang='grc' dir='ltr'><strong>,Ι</strong></span> <span class='ocrx_word' id='word_1_689' title='bbox 2489 4659 2504 4673; x_wconf 94' lang='grc'><strong>.</strong></span> <span class='ocrx_word' id='word_1_690' title='bbox 2534 4659 2548 4673; x_wconf 93' lang='grc'><strong>.</strong></span> <span class='ocrx_word' id='word_1_691' title='bbox 2660 4658 2674 4672; x_wconf 95' lang='grc'><strong>.</strong></span> <span class='ocrx_word' id='word_1_692' title='bbox 2803 4621 2890 4682; x_wconf 86' lang='grc' dir='ltr'>Ὡς</span> <span class='ocrx_word' id='word_1_693' title='bbox 2917 4583 3040 4690; x_wconf 50' lang='grc' dir='ltr'>.γὰρ</span> <span class='ocrx_word' id='word_1_694' title='bbox 3077 4617 3243 4690; x_wconf 77' lang='grc' dir='ltr'>ἡδονὴ</span> <span class='ocrx_word' id='word_1_695' title='bbox 3273 4583 3398 4690; x_wconf 52' lang='grc' dir='ltr'>’τὴν</span> <span class='ocrx_word' id='word_1_696' title='bbox 3444 4583 3542 4690; x_wconf 60' lang='grc' dir='ltr'>τῆς</span> <span class='ocrx_word' id='word_1_697' title='bbox 3578 4615 3736 4685; x_wconf 82' lang='grc' dir='ltr'>ἀλγη-</span> 
     </span>
    </p>
   </div>
   <div class='ocr_carea' id='block_1_103' title="bbox 2189 4707 3736 4784">
    <p class='ocr_par' dir='ltr' id='par_1_103' title="bbox 2189 4707 3736 4784">
     <span class='ocr_line' id='line_1_103' title="bbox 2189 4707 3736 4784; baseline 0 -16"><span class='ocrx_word' id='word_1_698' title='bbox 2189 4715 2339 4778; x_wconf 91' lang='grc' dir='ltr'>δόνος</span> <span class='ocrx_word' id='word_1_699' title='bbox 2369 4712 2686 4784; x_wconf 79' lang='grc' dir='ltr'>ἀπαλλαγὴν</span> <span class='ocrx_word' id='word_1_700' title='bbox 2727 4711 2914 4765; x_wconf 81' lang='grc' dir='ltr'>οὐσίαν</span> <span class='ocrx_word' id='word_1_701' title='bbox 2956 4711 3088 4782; x_wconf 79' lang='grc' dir='ltr'>ἔχει,</span> <span class='ocrx_word' id='word_1_702' title='bbox 3120 4709 3296 4776; x_wconf 74' lang='grc' dir='ltr'>οὕτως</span> <span class='ocrx_word' id='word_1_703' title='bbox 3333 4713 3368 4782; x_wconf 85' lang='grc' dir='ltr'>ή</span> <span class='ocrx_word' id='word_1_704' title='bbox 3415 4709 3602 4781; x_wconf 88' lang='grc' dir='ltr'>γνῶσις</span> <span class='ocrx_word' id='word_1_705' title='bbox 3643 4707 3736 4776; x_wconf 76' lang='grc' dir='ltr'><strong>τῆς</strong></span> 
     </span>
    </p>
   </div>
   <div class='ocr_carea' id='block_1_104' title="bbox 2189 4795 3739 4876">
    <p class='ocr_par' dir='ltr' id='par_1_104' title="bbox 2189 4795 3739 4876">
     <span class='ocr_line' id='line_1_104' title="bbox 2189 4795 3739 4876; baseline -0.007 -18"><span class='ocrx_word' id='word_1_706' title='bbox 2189 4805 2409 4873; x_wconf 81' lang='grc' dir='ltr'>ἀγνοίας</span> <span class='ocrx_word' id='word_1_707' title='bbox 2439 4804 2537 4876; x_wconf 80' lang='grc' dir='ltr'>τὴν</span> <span class='ocrx_word' id='word_1_708' title='bbox 2562 4802 2930 4875; x_wconf 80' lang='grc' dir='ltr'>ὑπεξαίρεσιν.</span> <span class='ocrx_word' id='word_1_709' title='bbox 2969 4803 3056 4865; x_wconf 78' lang='grc' dir='ltr'>Ὠς</span> <span class='ocrx_word' id='word_1_710' title='bbox 3084 4801 3194 4874; x_wconf 85' lang='grc' dir='ltr'><strong>γὰρ</strong></span> <span class='ocrx_word' id='word_1_711' title='bbox 3220 4803 3270 4856; x_wconf 89' lang='grc' dir='ltr'>οἱ</span> <span class='ocrx_word' id='word_1_712' title='bbox 3297 4803 3531 4874; x_wconf 81' lang='grc' dir='ltr'>μάλιστα</span> <span class='ocrx_word' id='word_1_713' title='bbox 3559 4795 3739 4854; x_wconf 73' lang='grc' dir='ltr'>καθεύ-</span> 
     </span>
    </p>
   </div>
   <div class='ocr_carea' id='block_1_105' title="bbox 2187 4889 3738 4966">
    <p class='ocr_par' dir='ltr' id='par_1_105' title="bbox 2187 4889 3738 4966">
     <span class='ocr_line' id='line_1_105' title="bbox 2187 4889 3738 4966; baseline -0.005 -16"><span class='ocrx_word' id='word_1_714' title='bbox 2187 4895 2365 4960; x_wconf 88' lang='grc' dir='ltr'>δοντες</span> <span class='ocrx_word' id='word_1_715' title='bbox 2418 4893 2616 4952; x_wconf 82' lang='grc' dir='ltr'>οἴονται</span> <span class='ocrx_word' id='word_1_716' title='bbox 2685 4895 2918 4966; x_wconf 90' lang='grc' dir='ltr'>μάλιστα</span> <span class='ocrx_word' id='word_1_717' title='bbox 2973 4893 3372 4965; x_wconf 87' lang='grc' dir='ltr'>ἐγρηγορέναι,</span> <span class='ocrx_word' id='word_1_718' title='bbox 3435 4889 3738 4965; x_wconf 80' lang='grc' dir='ltr'>ἐναργεστέ-</span> 
     </span>
    </p>
   </div>
   <div class='ocr_carea' id='block_1_106' title="bbox 2188 4983 3740 5058">
    <p class='ocr_par' dir='ltr' id='par_1_106' title="bbox 2188 4983 3740 5058">
     <span class='ocr_line' id='line_1_106' title="bbox 2188 4983 3740 5058; baseline -0.003 -20"><span class='ocrx_word' id='word_1_719' title='bbox 2188 5002 2298 5058; x_wconf 89' lang='grc' dir='ltr'>ροις</span> <span class='ocrx_word' id='word_1_720' title='bbox 2352 4983 2488 5056; x_wconf 79' lang='lat'><strong>(58)</strong></span> <span class='ocrx_word' id='word_1_721' title='bbox 2550 4986 2946 5046; x_wconf 80' lang='grc' dir='ltr'>ὑποπίπτοντες</span> <span class='ocrx_word' id='word_1_722' title='bbox 2994 4983 3091 5036; x_wconf 75' lang='grc' dir='ltr'>καὶ</span> <span class='ocrx_word' id='word_1_723' title='bbox 3148 4983 3572 5055; x_wconf 74' lang='grc' dir='ltr'>ἀπερισπάστως</span> <span class='ocrx_word' id='word_1_724' title='bbox 3626 4983 3740 5044; x_wconf 76' lang='grc' dir='ltr'>ταῖς</span> 
     </span>
    </p>
   </div>
   <div class='ocr_carea' id='block_1_107' title="bbox 2182 5075 3740 5150">
    <p class='ocr_par' dir='ltr' id='par_1_107' title="bbox 2182 5075 3740 5150">
     <span class='ocr_line' id='line_1_107' title="bbox 2182 5075 3740 5150; baseline -0.003 -18"><span class='ocrx_word' id='word_1_725' title='bbox 2182 5079 2315 5150; x_wconf 86' lang='grc' dir='ltr'>ὄναρ</span> <span class='ocrx_word' id='word_1_726' title='bbox 2346 5078 2698 5148; x_wconf 82' lang='grc' dir='ltr'>φαντασίαις·</span> <span class='ocrx_word' id='word_1_727' title='bbox 2729 5076 2902 5140; x_wconf 75' lang='grc' dir='ltr'>οὕτως</span> <span class='ocrx_word' id='word_1_728' title='bbox 2933 5077 2983 5130; x_wconf 86' lang='grc' dir='ltr'><strong>οί</strong></span> <span class='ocrx_word' id='word_1_729' title='bbox 3011 5075 3250 5146; x_wconf 85' lang='grc' dir='ltr'>μάλιστα</span> <span class='ocrx_word' id='word_1_730' title='bbox 3292 5075 3603 5146; x_wconf 86' lang='grc' dir='ltr'>ἀγνοοῦντες</span> <span class='ocrx_word' id='word_1_731' title='bbox 3638 5075 3740 5146; x_wconf 85' lang='grc' dir='ltr'>μά-</span> 
     </span>
    </p>
   </div>
   <div class='ocr_carea' id='block_1_108' title="bbox 2183 5165 3742 5242">
    <p class='ocr_par' dir='ltr' id='par_1_108' title="bbox 2183 5165 3742 5242">
     <span class='ocr_line' id='line_1_108' title="bbox 2183 5165 3742 5242; baseline -0.003 -18"><span class='ocrx_word' id='word_1_732' title='bbox 2183 5171 2338 5227; x_wconf 89' lang='grc' dir='ltr'>λιστα</span> <span class='ocrx_word' id='word_1_733' title='bbox 2363 5169 2870 5242; x_wconf 76' lang='grc' dir='ltr'>εῖδέναινομίζουσι.</span> <span class='ocrx_word' id='word_1_734' title='bbox 2888 5169 3162 5241; x_wconf 84' lang='grc' dir='ltr'>Μακάριοι</span> <span class='ocrx_word' id='word_1_735' title='bbox 3193 5168 3252 5222; x_wconf 82' lang='grc' dir='ltr'>δὲ</span> <span class='ocrx_word' id='word_1_736' title='bbox 3274 5171 3327 5223; x_wconf 74' lang='grc' dir='ltr'>οἱ</span> <span class='ocrx_word' id='word_1_737' title='bbox 3346 5168 3409 5235; x_wconf 81' lang='grc' dir='ltr'>ἐξ</span> <span class='ocrx_word' id='word_1_738' title='bbox 3421 5167 3580 5224; x_wconf 80' lang='grc' dir='ltr'>ὕπνου</span> <span class='ocrx_word' id='word_1_739' title='bbox 3594 5165 3742 5221; x_wconf 73' lang='grc' dir='ltr'>τοῦδε</span> 
     </span>
    </p>
   </div>
   <div class='ocr_carea' id='block_1_109' title="bbox 2259 5473 3747 5552">
    <p class='ocr_par' dir='ltr' id='par_1_109' title="bbox 2259 5473 3747 5552">
     <span class='ocr_line' id='line_1_109' title="bbox 2259 5473 3747 5552; baseline 0 -20"><span class='ocrx_word' id='word_1_740' title='bbox 2259 5476 2538 5552; x_wconf 38' lang='grc' dir='ltr'><strong>(57)-ᾜν.</strong></span> <span class='ocrx_word' id='word_1_741' title='bbox 2573 5473 2857 5552; x_wconf 73' lang='grc' dir='ltr'>Ειίυιιιεὶᾖ</span> <span class='ocrx_word' id='word_1_742' title='bbox 2904 5478 3144 5548; x_wconf 84' lang='lat' dir='ltr'><strong>legamus</strong></span> <span class='ocrx_word' id='word_1_743' title='bbox 3193 5493 3299 5552; x_wconf 82' lang='lat' dir='ltr'><strong>pro</strong></span> <span class='ocrx_word' id='word_1_744' title='bbox 3331 5480 3422 5552; x_wconf 77' lang='grc' dir='ltr'>ῆν,</span> <span class='ocrx_word' id='word_1_745' title='bbox 3473 5489 3642 5534; x_wconf 85' lang='lat' dir='ltr'><strong>tamen</strong></span> <span class='ocrx_word' id='word_1_746' title='bbox 3669 5487 3747 5552; x_wconf 70' lang='lat' dir='ltr'><strong>ne</strong></span> 
     </span>
    </p>
   </div>
   <div class='ocr_carea' id='block_1_110' title="bbox 2187 5546 3745 5617">
    <p class='ocr_par' dir='ltr' id='par_1_110' title="bbox 2187 5546 3745 5617">
     <span class='ocr_line' id='line_1_110' title="bbox 2187 5546 3745 5617; baseline 0.002 -17"><span class='ocrx_word' id='word_1_747' title='bbox 2187 5546 2520 5617; x_wconf 64' lang='grc' dir='ltr'>εἰς’,ιιιιίιιθιιι</span> <span class='ocrx_word' id='word_1_748' title='bbox 2561 5557 2646 5604; x_wconf 85' lang='lat' dir='ltr'><strong>sat</strong></span> <span class='ocrx_word' id='word_1_749' title='bbox 2697 5546 2856 5604; x_wconf 61' lang='lat' dir='ltr'><strong>recte&quot;</strong></span> <span class='ocrx_word' id='word_1_750' title='bbox 2888 5546 3142 5604; x_wconf 62' lang='lat' dir='ltr'><strong>constare</strong></span> <span class='ocrx_word' id='word_1_751' title='bbox 3187 5546 3410 5604; x_wconf 75' lang='lat' dir='ltr'><strong>videtur</strong></span> <span class='ocrx_word' id='word_1_752' title='bbox 3459 5546 3745 5604; x_wconf 73' lang='lat' dir='ltr'><strong>sententia.</strong></span> 
     </span>
    </p>
   </div>
   <div class='ocr_carea' id='block_1_111' title="bbox 2193 5616 2458 5674">
    <p class='ocr_par' dir='ltr' id='par_1_111' title="bbox 2193 5616 2458 5674">
     <span class='ocr_line' id='line_1_111' title="bbox 2193 5616 2458 5674; baseline -0.008 0"><span class='ocrx_word' id='word_1_753' title='bbox 2193 5616 2458 5674; x_wconf 62' lang='lat' dir='ltr'><strong>Svuiuac.</strong></span> 
     </span>
    </p>
   </div>
   <div class='ocr_carea' id='block_1_112' title="bbox 2184 5684 3750 5763">
    <p class='ocr_par' dir='ltr' id='par_1_112' title="bbox 2184 5684 3750 5763">
     <span class='ocr_line' id='line_1_112' title="bbox 2184 5684 3750 5763; baseline 0.018 -41"><span class='ocrx_word' id='word_1_754' title='bbox 2184 5715 2189 5722; x_wconf 86' lang='lat'><strong>.</strong></span> <span class='ocrx_word' id='word_1_755' title='bbox 2245 5689 2368 5763; x_wconf 55' lang='grc' dir='ltr'><strong>Δ(58)</strong></span> <span class='ocrx_word' id='word_1_756' title='bbox 2413 5686 2906 5763; x_wconf 68' lang='grc' dir='ltr'>Ἐναργεσςτέροις.</span> <span class='ocrx_word' id='word_1_757' title='bbox 2926 5685 3188 5746; x_wconf 84' lang='lat' dir='ltr'><strong>Usitatius</strong></span> <span class='ocrx_word' id='word_1_758' title='bbox 3211 5689 3644 5763; x_wconf 66' lang='grc' dir='ltr'>ἐναργεστέρως,</span> <span class='ocrx_word' id='word_1_759' title='bbox 3665 5684 3750 5742; x_wconf 68' lang='grc' dir='ltr'><strong>ΐο-</strong></span> 
     </span>
    </p>
   </div>
   <div class='ocr_carea' id='block_1_113' title="bbox 2188 5759 2946 5816">
    <p class='ocr_par' dir='ltr' id='par_1_113' title="bbox 2188 5759 2946 5816">
     <span class='ocr_line' id='line_1_113' title="bbox 2188 5759 2946 5816; baseline 0.001 -2"><span class='ocrx_word' id='word_1_760' title='bbox 2188 5759 2396 5816; x_wconf 87' lang='lat' dir='ltr'><strong>minina</strong></span> <span class='ocrx_word' id='word_1_761' title='bbox 2440 5759 2843 5815; x_wconf 84' lang='lat' dir='ltr'><strong>terminatione.</strong></span> <span class='ocrx_word' id='word_1_762' title='bbox 2870 5759 2946 5815; x_wconf 81' lang='lat' dir='ltr'><strong>In.</strong></span> 
     </span>
    </p>
   </div>
  </div>
