3840 6524
96 352 167 408 717

94 468 156 523 καί
181 465 263 537 τῆς
304 464 728 539 παραφροσύνης
775 465 1175 537 ἀνεγειρόμενοι
1227 464 1322 516 xui.
1363 462 1591 517 ἀναϐλέο
1622 486 1667 540 Α

92 560 237 629 dum;
259 556 318 610 τὺ
347 557 463 626 φῶς
486 558 583 611 καὶ
613 557 709 629 τὴν
734 556 1007 628 ἀλήθειαν.

134 758 239 823 Δεῖν.
266 757 358 809 Δεῖ
378 755 565 809 τοίνυν
620 756 815 828 ἐπίσης
854 753 935 827 τῷ
979 753 1282 827 βουλομένῳ
1324 752 1386 806 τὸ
1416 752 1595 808 πειθό-

90 862 201 917 μενον
223 844 359 917 ἐχειν
400 846 499 901 τὸν
548 848 817 920 μαθητὴν,
846 850 943 904 κα)⁸
970 848 1049 921 τῷ
1099 847 1249 919 πόθῳ
1277 846 1375 919 τὴν
1416 848 1599 901 πίστιν

90 937 465 1005 ἑγκσταμίξαντα
482 978 500 1002 ,
556 938 853 1011 γυμνάζειν
913 941 1008 995 καὶ
1065 939 1291 1012 μελετᾷν
1342 939 1598 993 ἑκάστοτε

89 1029 182 1099 πρὸς
211 1030 390 1083 ἑαυτὸν
418 1031 525 1103 τὴν
560 1030 672 1086 τῶν
718 1030 1088 1103 θεωρημάτων
1119 1030 1374 1102 ἀλήθειαν
1415 1030 1599 1097 ἐξετά-

88 1120 213 1184 ζοντα.
250 1120 502 1175 Ἐπειδὰν
531 1122 589 1176 δὲ
616 1119 676 1177 εὖ
704 1121 846 1193 ἔχειν
890 1121 1037 1193 αὑτῷ
1062 1122 1216 1193 δοκῇ,
1242 1120 1364 1175 τότε
1394 1120 1457 1192 δὴ
1504 1121 1597 1175 καὶ

87 1213 141 1273 tl;
163 1210 240 1276 τὰς
271 1211 379 1265 τῶν
416 1212 594 1277 πέλας
631 1212 885 1286 ζητήσεις
917 1212 1197 1267 καθιέναιο
1229 1213 1352 1266 ἐπεὶ
1401 1212 1495 1266 καὶ
1545 1213 1597 1265 oi

85 1303 229 1355 νεοττοὶ
262 1304 817 1376 προσαποπειρῶνται
847 1303 957 1375 (59)
987 1303 1081 1358 τοῦ
1111 1304 1341 1358 πετάσαι
1369 1305 1463 1357 ἐπὶ
1497 1304 1595 1376 τῆς

86 1393 239 1459 καλιᾶς,
264 1396 646 1467 γυμνάσαντες
673 1396 744 1451 τά
771 1397 966 1469 πτερά.

131 1508 221 1560 AZ’.
251 1508 310 1560 Ἦ
334 1508 448 1580 γάρ
464 1509 639 1581 ἀρετὴ
664 1511 697 1580 ή
729 1508 1000 1581 γνωστικὴ
1030 1505 1304 1580 πανταχοῦ
1324 1507 1484 1562 καλὸν
1498 1507 1592 1561 καὶ

84 1601 207 1671 πρᾶον
229 1601 313 1654 καὶ
347 1601 610 1666 ἀόλαόὲς,
642 1601 736 1655 καὶ
779 1602 1007 1666 ἄλυπον,
1038 1602 1134 1655 καὶ
1176 1600 1469 1673 μακάριον,
1499 1600 1592 1654 κα)⁵

82 1693 561 1763 παρεσκευασμένον,
586 1691 783 1764 ἄριστα
799 1694 894 1765 μὲν
906 1692 1112 1766 ὁμιλεῖν
1142 1691 1304 1745 παντὶ
1330 1690 1407 1763 τῷ
1441 1690 1588 1763 θείῳ,

82 1783 224 1854 ἄριστα
251 1784 292 1837 δ’
325 1783 663 1857 ἀνθρώπως,
699 1783 1023 1856 θεωρητικὸν
1061 1782 1197 1856 ὁμοῦ
1227 1783 1322 1839 καὶ
1360 1799 1589 1856 πρακτι-

80 1874 145 1927 κὸν
181 1874 381 1947 ἄγαλμα
434 1875 580 1929 θεῖον
629 1875 720 1929 τὸν
751 1875 1032 1947 ἄνθρωπον
1079 1875 1585 1941 κατασκευάζουσα,
1619 1865 1661 1920 Β

82 1967 146 2017 καὶ
187 1967 456 2035 φιλόκαλον
513 1966 935 2041 ἀπεργαζομένη
980 1968 1048 2023 δι’
1087 1968 1337 2042 ἀγάπηςο
1382 1969 1445 2022 τὸ
1479 1969 1589 2041 γάρ
1632 1966 1639 1973 ’

82 2057 214 2121 χιλὸν,
245 2059 315 2123 ὼς
342 2061 462 2113 ἐκεῖ
503 2058 671 2131 σοφίᾳ
703 2058 972 2131 θεωρητδν
997 2061 1092 2115 καὶ
1119 2061 1326 2133 νοητὸν,
1355 2063 1589 2118 ἐνταῦθα

83 2146 307 2219 miserim
359 2149 459 2202 καὶ
516 2147 832 2221 δικαιοσύνῃ
882 2147 970 2203 διὰ
1018 2148 1251 2215 πίστεως
1308 2152 1547 2224 πρακτόν
1570 2168 1584 2183 ο

80 2235 120 2290 iv
143 2241 273 2310 σαρκὶ
300 2240 697 2313 μελετήσαντες
726 2238 1014 2311 ἀγγελικὴν
1055 2241 1372 2313 ὑπουργίαν,
1402 2242 1590 2317 ὥσπερ

81 2330 120 2382 ὲν
138 2333 259 2403 τόπῳ
283 2333 539 2403 διαφανεῖ
566 2332 940 2404 καὶ-ἀμιάντῳ
966 2331 1044 2404 τῷ
1085 2331 1297 2405 σώματι
1332 2334 1424 2389 τὸν
1463 2334 1588 2389 νοῦν

72 2420 472 2496 ἃαθιερώσαντες.

127 2601 230 2654 AH'.
254 2603 395 2674 Πρὸς
422 2603 481 2656 δὲ
507 2602 777 2657 Τατιανδν
804 2601 936 2675 (60),
968 2603 1194 2673 λέγοντα
1231 2605 1481 2659 εὐκτικὸν
1511 2600 1588 2660 εἷ-

77 2708 138 2745 ναι
154 2694 202 2746 τὸ
225 2694 539 2762 Γενηθήτω
564 2692 713 2764 ςρῶς,
738 2693 954 2749 λεκτέον
970 2711 984 2726 ·
1000 2693 1064 2748 Ei
1093 2696 1270 2751 τοίνυν
1298 2697 1587 2769 εὐχόμενος

78 2783 147 2854 ἤδη
176 2785 254 2840 τὸν
292 2787 696 2859 ὑπερκείμενον
743 2785 853 2858 (6|)
909 2787 1062 2852 Θεὸν,
1105 2787 1221 2853 πῶς
1262 2787 1407 2858 λέγει
1448 2789 1588 2859 Ἐγὼ

76 2877 202 2943 Θεὸς,
233 2879 324 2932 καί
364 2876 541 2946 πλὴν
578 2878 729 2948 ἐμοῦ
762 2878 951 2945 ἄλλος
988 2878 1217 2946 οὐδείς;
1256 2880 1480 2951 εἴπομεν
1511 2880 1588 2946 ὡς

76 2966 265 3030 κολάσεις
316 2968 424 3020 εἰσὶ
474 2965 869 3037 βλασφημιῶν,
924 2966 1186 3037 φλυαρίας
1203 3006 1218 3032 ,
1275 2966 1586 3020 ἀκολάστων

75 3058 291 3126 ῥημάτων,
321 3057 469 3129 λόγῳ
519 3057 644 3130 (62)
697 3056 1070 3129 κολαζομένων
1110 3058 1204 3112 καὶ
1257 3056 1585 3129 παιδευομέ-

73 3164 162 3204 νων.

118 3264 214 3317 A8"
252 3267 531 3337 Ἔφασκεν
571 3265 631 3320 δὲ
661 3265 754 3321 καὶ
779 3264 866 3319 διὰ
907 3264 1007 3330 τὰς
1046 3264 1238 3336 τρίχας
1265 3261 1587 3327 κολάζεσθαι

71 3358 135 3407 ut
163 3357 235 3412 τὸν
274 3361 483 3432 κόσμον
522 3358 626 3423 τὰς
678 3361 944 3428 γυναῖκας
994 3358 1100 3411 ὑπὸ
1155 3355 1436 3427 δυνάμεως
1486 3355 1587 3425 τῆς

68 3447 131 3500 ἐπὶ
160 3451 346 3516 τούτοις
379 3451 752 3522 τεταγμένης,
787 3450 822 3522 ἡ
852 3449 945 3503 καὶ
975 3447 1052 3519 τῷ
1079 3446 1317 3518 Σαμψὼν
1359 3446 1584 3517 δύναμιν

70 3543 241 3609 παρεῖχε
279 3546 397 3607 ταῖς
448 3541 651 3614 θριξὶν,
694 3542 814 3611 ἥτις
856 3538 1075 3604 κολάζει
1110 3538 1209 3603 τὰς
1247 3536 1352 3592 διά’
1381 3537 1585 3609 κόσμου

64 3631 213 3698 τριχῶν
236 3634 322 3686 ἐπὶ
352 3632 621 3704 πορνείαν
645 3629 917 3703 ὁρμώσας.

112 3742 177 3797 Μ’.
202 3746 465 3819 Καθάπερ
493 3744 700 3815 ἀγαθοῦ
725 3743 993 3817 άπορροίᾳ.
1018 3742 1395 3812 άγαθύνονται,
1414 3742 1585 3807 οὕτως

62 3834 445 3893 ιεὶηκοῦνται.
490 3836 714 3908 Καλὴή
760 3833 942 3906 κρίσις
972 3832 1066 3887 τοῦ
1107 3832 1263 3896 Θεοῦ,
1294 3834 1328 3903 ἢ
1364 3851 1425 3887 τε
1469 3832 1587 3886 διά-

63 3938 193 3993 ιρεςις
216 3930 247 3999 ή
274 3931 382 3986 τῶν
422 3927 642 3986 πιστῶν
684 3922 792 3980 ἀπὸ
830 3926 937 3978 τῶν
973 3924 1235 3990 ἀπίστων,
1277 3925 1313 3995 ἥ
1349 3941 1408 3978 τε
1452 3924 1587 3997 πρό-

62 4028 192 4080 κρισις
212 4018 342 4091 ὑπὲρ
372 4019 475 4073 τοῦ
516 4018 594 4090 μὴ
640 4013 844 4087 μείζονι
884 4018 1200 4086 περιπεσεῖν
1226 4013 1423 4086 κρίσει,
1452 4015 1488 4085 ἦ
1524 4032 1584 4068 τε

60 4106 209 4174 κρίσις,
237 4112 533 4175 παίδευσις
558 4104 721 4162 οὖσα.

104 4337 212 4391 MA'.
252 4343 315 4395 Ἡ
340 4342 546 4415 Γραςρή
597 4355 732 4411 φησι
758 4338 826 4393 τά
861 4336 1035 4410 βρέφη
1065 4337 1132 4391 τά
1163 4336 1452 4390 ἐκτεθέντα
1480 4353 1578 4406 τη-

55 4425 245 4502 μελούχῳ
278 4429 685 4503 παραδίδοσθαι
732 4428 963 4499 ἀγγέλῳ,
1009 4427 1096 4497 ὑφ’
1133 4421 1194 4481 οὗ
1229 4425 1576 4480 παιδεύεσθαί

52 4533 93 4569 τε
115 4524 193 4575 καὶ
230 4524 445 4593 αὔξειν·
508 4524 610 4578 καὶ
658 4521 889 4585 ἔσονται,
940 4521 1124 4591 φησὶν,
1173 4518 1249 4581 ὼς
1279 4520 1327 4571 oi
1382 4517 1575 4572 ἑκατὸν
1607 4544 1650 4599 D

50 4607 149 4662 ἐτῶν
169 4614 389 4671 ἐνταῦθα
431 4613 655 4670 πιστοί’
685 4611 764 4666 διὸ
792 4612 886 4666 καὶ
915 4610 1119 4683 Πέτρος
1139 4611 1197 4662 ὲν
1232 4610 1299 4679 τῇ
1345 4608 1574 4662 Ἀποκα-

48 4698 162 4770 Mm.
183 4725 247 4780 φη
257 4711 305 4763 σί
320 4728 337 4744 ·
376 4711 497 4765 Kal
521 4704 804 4774 ἀστραπὴ
829 4702 1018 4772 πυρὸς
1045 4701 1297 4770 πηδῶσα
1324 4699 1442 4755 ἀπὸ
1464 4696 1582 4752 τῶν

42 4790 231 4863 βρεφῶν
250 4802 530 4865 ἐκείνων,
551 4797 655 4851 καὶ
678 4794 1049 4862 πλήσσουσα
1071 4791 1213 4858 τοὺς
1237 4787 1580 4860 ὀφθαλμοὺς

46 4884 128 4936 τῶν
172 4890 492 4959 ῃνναικῶν.
539 4888 699 4943 Ἐπεὶ
737 4888 766 4940 ὁ
820 4885 1024 4948 δίκαιος
1052 4884 1133 4949 ὡς
1164 4881 1432 4949 σπινθὴρ
1492 4879 1579 4934 διὰ

43 4976 243 5051 καλάμης
269 4984 580 5053 ἐκλάμπει,
610 4978 707 5032 καὶ
734 4979 907 5049 κρινεῖ
934 4974 1084 5045 έθνη.

102 5072 233 5129 MB'.
300 5075 476 5129 Μετὰ
553 5070 734 5127 ὁσίου
807 5065 1133 5134 όσιωθήσῃ.
1199 5062 1357 5119 Κατά
1427 5057 1573 5117 αἷνόν

89 5227 248 5286 'Gen.
276 5249 316 5297 ι,
345 5232 404 5287 3.
487 5230 522 5270 ιι
551 5227 661 5297 Isa.
695 5240 840 5297 xciv,
878 5223 1034 5297 61}
1086 5219 1213 5277 Jud.
1275 5233 1385 5287 xvr,
1416 5219 1504 5277 {3.
1583 5222 1642 5280 ω

40 5303 55 5327 ε
83 5298 183 5369 Sap.
211 5318 269 5355 ιιι
287 5286 316 5366 ,’
339 5302 393 5355 7.
514 5297 539 5337 ί
582 5295 731 5350 Psal.
759 5286 891 5357 xvii,
923 5286 1016 5344 ‘26.

72 5465 176 5542 .159)
198 5463 831 5542 Προσαποπειρῷνται.
851 5461 1010 5542 Forte
1026 5462 1206 5542 verius
1231 5476 1573 5542 προαποπει-

40 5532 414 5652 εῖλντει,’ρνὶιιε
461 5536 819 5608 experiuntur
882 5534 1001 5606 (seu
1061 5532 1281 5603 tentant)
1335 5532 1565 5586 volatus.

69 5618 250 5665 necne.
1506 5663 1513 5665 ξ

88 5654 563 5749 [ἀάΓῖατιανόν.
607 5672 918 5749 Conf._Gu_l.
951 5672 1105 5749 gare
1136 5669 1340 5749 Hister.
1372 5663 1561 5749 liuer.,

37 5746 113 5863 ὃν.
139 5739 192 5811 Il,
215 5766 263 5819 p.
295 5753 388 5817 55,
419 5758 479 5807 et
511 5746 833 5805 testimOnia
859 5745 925 5801 de
950 5741 1180 5799 Tatiano
1203 5741 1259 5797 in
1283 5740 1402 5811 ejus
1426 5739 1561 5797 edit.

70 5829 191 5884 xon.,
217 5836 270 5891 p.
301 5823 354 5876 7.

158 5858 191 5884 ο,
218 5858 270 5884 γε
310 5858 354 5876 Ι.

734 346 962 404 DUBIA.
1002 376 1072 387 —-
1102 341 1398 401 ECLOGIE
1438 342 1529 398 EX
1571 341 1981 400 SCRIPTURIS
2019 339 2491 398 I’ROPHETICIS.

3154 343 3255 400 718

1694 470 1927 518 trantur.
1960 460 2111 517 Beati
2168 476 2298 516 vero
2328 463 2443 532 qui,
2481 478 2545 517 ex
2572 477 2763 517 somno
2808 461 2911 518 hoc
2956 462 3258 518 dementia-

1699 572 1805 628 que
1836 555 2078 619 excitati,
2110 554 2180 608 ad
2206 554 2384 608 lucem
2413 568 2477 609 ac
2505 552 2782 609 veritatem
2817 553 3009 609 oculos
3031 568 3257 609 conver-

1699 656 1834 704 tant.

1766 763 2003 819 XXXVI.
2026 762 2235 816 Pariter
2255 760 2440 830 itaque
2470 768 2708 831 oportet,
2734 776 2857 817 eum
2893 763 2986 833 qui
3010 762 3254 833 discipu-

1698 855 1808 908 lum
1829 855 2213 924 obsequentem
2238 853 2438 908 habere
2464 851 2618 915 velit,
2647 860 2703 907 et
2723 850 2993 907 desiderio
3016 852 3251 909 admista

1696 946 1804 1001 ﬁde
1826 962 2100 1009 exercere,
2120 953 2176 1001 et
2199 946 2341 1015 apud
2380 962 2439 1000 se
2467 943 2712 1015 quotidie
2743 943 3016 1009 meditari,
3051 946 3255 1001 verita-

1696 1047 1803 1093 tem
1845 1046 2287 1109 argumentorum
2324 1035 2697 1108 expendendo.
2729 1035 2798 1090 Et
2842 1051 2967 1091 cum
3008 1038 3253 1094 eamdem

1696 1144 1757 1185 se
1779 1136 1926 1185 recte
1968 1137 2155 1185 tenere
2181 1130 2526 1199 judicaverit,
2557 1138 2685 1183 tunc
2723 1128 2984 1183 nimirum
3010 1129 3075 1183 ad
3103 1145 3255 1199 quae-

1694 1221 1904 1277 stiones
1965 1221 2120 1277 hisce
2164 1222 2373 1277 vicinas
2435 1220 2809 1286 descendere;
2877 1226 3138 1290 quoniam
3197 1229 3253 1275 et

1695 1308 1875 1362 avium
1916 1308 2049 1380 pulli
2072 1324 2279 1378 pennas
2322 1308 2628 1365 exercendo
2657 1308 2908 1363 etiam‘in
2942 1309 3072 1365 nido
3100 1310 3252 1366 vola-

1691 1408 1811 1463 tum
1831 1400 2205 1470 experiantur.

1761 1511 2025 1571 XXXVII.
2083 1511 2263 1569 Virtus
2288 1511 2432 1569 enim
2486 1510 2754 1583 gnostica,
2789 1511 2991 1581 ubique
3046 1511 3249 1568 bonum

1691 1613 2165 1675 mansuetumque,
2189 1613 2242 1660 et
2266 1604 2569 1667 innoxium,
2593 1611 2647 1659 et
2667 1602 2918 1658 dolorum
2944 1612 3246 1674 expertem,

1690 1710 1754 1751 ac
1785 1697 2000 1752 beatum
2025 1707 2405 1768 paratumque,
2436 1696 2634 1765 optime
2672 1695 2878 1751 versari
2908 1694 2965 1749 in
2993 1697 3249 1752 omnibus

1688 1803 1809 1858 qua:
1845 1787 1913 1841 ad
1952 1787 2140 1856 Deum,
2187 1789 2297 1844 imo
2319 1787 2520 1858 optime
2542 1786 2597 1840 in
2629 1786 2715 1842 his
2741 1801 2862 1858 quae
2897 1786 2965 1841 ad
2997 1786 3249 1843 homines

1687 1879 1974 1946 attineant,
2004 1879 2357 1934 simulacrum
2378 1877 2644 1940 divinum,
2669 1878 3128 1946 contemplatione
3169 1879 3248 1934 sic

1688 1970 1801 2025 mul
1832 1976 1886 2025 et
1912 1969 2126 2025 actione
2154 1969 2428 2025 hominem
2465 1967 2739 2023 excultum
2768 1966 3023 2031 reddens,
3062 1983 3127 2023 ac
3148 1984 3249 2041 per

1687 2061 2010 2117 charitatem
2061 2060 2277 2115 honesti
2328 2069 2622 2115 amatorem
2677 2065 2962 2129 praestans.
3034 2059 3242 2140 Bonum

1685 2153 1830 2209 enim
1852 2162 2013 2223 prout
2033 2152 2148 2207 illic
2180 2150 2447 2221 sapientia
2481 2149 2861 2207 consideratur
2893 2158 2948 2205 et
2984 2152 3244 2225 intelligi-

1687 2252 1797 2309 tur,
1824 2246 1906 2300 sic
1930 2244 2095 2300 etiam
2122 2242 2213 2297 hic
2244 2242 2604 2313 temperantia
2631 2250 2688 2298 et
2707 2242 2920 2314 justitia
2958 2258 3055 2312 per
3090 2243 3254 2301 ﬁdem

1685 2345 1997 2404 exercetur;
2054 2335 2388 2391 iunctionem
2434 2334 2733 2405 angelicam
2765 2334 2822 2389 in
2865 2348 3029 2391 carne
3072 2336 3249 2392 medi-

1686 2433 1886 2489 tantes,
1914 2426 2059 2483 sicut
2074 2425 2131 2480 in
2155 2425 2277 2481 loco
2298 2424 2597 2495 conspicuo
2623 2431 2679 2480 et
2698 2423 3004 2495 impolluto,
3036 2425 3091 2480 in
3120 2441 3247 2481 cor-

1686 2527 1819 2585 pore
1845 2520 2078 2569 mentem
2099 2514 2490 2569 sacriﬁcamus.

1754 2604 1917 2677 365
1951 2604 2237 2662 XXXVlll.
2266 2604 2470 2662 Contra
2494 2620 2627 2663 vero
2653 2603 2964 2672 Tattanum,
2994 2621 3245 2664 asseren-

1686 2705 1796 2753 tem
1832 2697 2072 2768 Optantis
2105 2713 2227 2754 esse
2259 2699 2523 2769 scriptum
2555 2698 2687 2753 illud
2711 2697 2836 2753 Fiat
2873 2698 2966 2753 tua:
2991 2699 3243 2771 ’,ἀίσσει-

1686 2789 1815 2845 dum
1842 2787 2024 2846 est:Si
2057 2789 2223 2861 igitur
2238 2791 2539 2845 orationem
2579 2790 2644 2845 ad
2690 2788 2859 2846 Deum
2904 2791 3243 2861 superiorem

1686 2879 1903 2951 dirigat,
1950 2881 2222 2950 quomodo
2242 2879 2374 2936 dicit
2402 2900 2415 2936 :
2443 2879 2555 2951 Ego
2574 2880 2738 2946 Deus,
2767 2890 2816 2936 et
2835 2892 3026 2950 prwter
3047 2899 3126 2937 me
3140 2899 3245 2938 non

1684 2980 1764 3025 est
1791 2970 1931 3025 alius
1981 2970 2122 3026 ullus
2150 2972 2223 3025 η
2250 2971 2496 3027 Diximus
2545 2971 3001 3043 blasphemiarum
3053 2988 3243 3045 pcenas

1685 3077 1829 3127 esse,
1862 3062 2168 3132 .verborum
2212 3063 2589 3133 petulantium-
2609 3077 2805 3134 nugas.
2840 3066 3054 3129 ratione
3075 3067 3242 3135 puni-

1688 3163 1866 3209 torum
1894 3161 2058 3225 atque
2080 3154 2489 3224 castigatorum.

1755 3263 1996 3321 XXXIX.
2028 3264 2257 3337 Insuper
2284 3266 2447 3323 etiam
2478 3267 2713 3322 asseruit
2735 3268 2991 3324 mulieres
3019 3278 3247 3341 propter

1686 3358 1866 3413 crines
1883 3373 1946 3413 ac
1976 3358 2236 3413 mundum
2264 3358 2467 3429 puniri,
2495 3373 2526 3411 a
2546 3360 2748 3414 virtute
2774 3375 2893 3430 quae
2910 3361 3070 3416 rebus
3093 3362 3244 3417 hisce

1685 3450 1938 3522 praetecta
1987 3450 2169 3516 fuerit,
2203 3466 2324 3522 quae
2362 3452 2606 3507 crinibus
2642 3450 2925 3508 Samsonis
2978 3453 3238 3509 virtutem

1683 3542 1914 3614 praebuit
1938 3554 1996 3611 c;
2046 3557 2165 3614 quae
2192 3543 2357 3599 etiam
2386 3543 2506 3598 illas
2526 3541 2684 3613 punit
2720 3557 2843 3613 qum
2872 3558 2970 3615 per
3004 3544 3240 3599 crinium

1683 3641 1939 3689 ornatum
1963 3635 2021 3688 in
2049 3634 2440 3691 scortationem
2470 3632 2742 3689 feruntur.

1753 3746 1867 3804 XL.
1893 3746 2068 3803 Sicuti
2106 3747 2234 3803 boni
2275 3746 2587 3803 deﬂuxione
2624 3747 2929 3803 redduntur
2964 3747 3115 3814 boni,
3161 3749 3243 3804 sic

1683 3848 1736 3896 et
1763 3840 1893 3894 mali
1920 3841 2180 3910 qualitate
2227 3841 2479 3897 similiter
2526 3841 2863 3896 imbuuntur.
2907 3839 3115 3896 Bonum
3159 3850 3245 3897 est

1684 3932 1779 3988 Dei
1804 3932 2071 4002 judicium
2102 3950 2114 3985 :
2145 3946 2209 3986 ac
2240 3930 2535 3987 discrimen
2567 3931 2753 3987 ﬁdeles
2782 3932 2925 3988 inter
2961 3943 3015 3989 et
3047 3933 3242 3988 inlide-

1682 4022 1785 4084 les,
1815 4023 1926 4076 imo
1954 4020 2218 4090 judicium
2243 4019 2375 4074 illud
2414 4020 2558 4090 quod
2597 4020 2847 4090 prohibet
2878 4036 2946 4075 ne
2974 4021 3027 4074 in
3060 4022 3241 4091 majus

1684 4112 1945 4183 judicium
1976 4111 2100 4182 quis
2126 4110 2359 4177 incidat;
2389 4110 2524 4165 illud
2555 4110 2773 4166 demum
2798 4109 3067 4180 judicium
3094 4111 3241 4181 quod

1682 4213 1765 4261 est
1784 4203 2109 4260 emendatio.

1749 4315 1885 4369 XLI.
1934 4314 2215 4384 Scriptura
2272 4312 2426 4381 dicit,
2478 4313 2714 4370 infantes
2741 4314 3013 4384 projectos
3044 4315 3241 4384 angelo

1681 4411 1849 4467 tutori
1895 4410 2038 4466 tradi
2085 4408 2415 4466 erudiendos
2471 4417 2633 4479 atque
2689 4407 3025 4465 educandos.
3060 4413 3118 4471 ἧς
3175 4407 3242 4460 Ει

1679 4511 1861 4566 erunt,
1897 4500 2095 4573 inquit,
2132 4504 2289 4572 quasi
2334 4509 2551 4557 centum
2604 4515 2872 4556 annorum
2923 4500 2977 4554 in
3004 4499 3113 4555 hoc
3139 4515 3243 4556 saec

1678 4595 1803 4651 culo
1830 4593 2036 4650 ﬁdeles.
2085 4592 2427 4662 Quapropter
2453 4593 2617 4647 etiam
2659 4590 2853 4648 Petrus
2885 4593 2941 4647 in
2971 4594 3240 4664 Apocaly-

1678 4688 1764 4759 psi
1818 4686 1951 4741 dicit
1984 4705 1997 4740 :
2060 4684 2130 4739 Et
2164 4684 2344 4754 fulgur
2372 4683 2509 4754 ignis
2554 4681 2801 4737 exsiliens
2846 4682 2910 4737 ab
2945 4682 3237 4751 infantibus

1676 4779 1809 4842 illis,
1842 4788 1893 4831 et
1919 4778 2197 4831 mulierum
2223 4772 2404 4828 oculos
2438 4774 2787 4845 perstringens
2815 4773 2862 4828 ἀ.
2899 4771 3111 4843 Quippe
3151 4774 3240 4843 ju—

1675 4881 1792 4928 stus
1832 4871 1887 4925 in
1936 4867 2260 4925 arundineto
2312 4865 2452 4919 sicut
2494 4866 2729 4920 scintilla
2765 4876 2788 4904 ε
2835 4863 3073 4933 effulget,
3108 4877 3241 4932 gen-

1674 4972 1866 5031 tesque
1892 4958 2183 5029 judicabit.

1746 5052 1897 5110 XLII.
1929 5050 2063 5108 Cum
2090 5058 2271 5105 sancto
2297 5059 2518 5104 sanctus
2548 5048 2672 5103 eris.
2706 5047 2725 5085 ί
2763 5045 2852 5101 Uti
2896 5059 3088 5114 nempe
3137 5057 3237 5113 pro

1683 5212 1746 5269 P.
1799 5217 1911 5277 990
1975 5208 2084 5264 El).
2128 5203 2428 5262 POTTER.
2502 5204 2528 5244 ἀ
2572 5203 2742 5272 Apoc.
2775 5198 2931 5271 .Petri
2986 5195 3231 5251 Revelat.

1750 5455 1862 5525 (6|)
1888 5456 2230 5524 Εὺχόμενος
2260 5451 2379 5525 ἤδη
2426 5451 2532 5525 τὸν
2581 5453 2789 5518 ὑπερκ.
2819 5445 3013 5503 Nescio
3044 5460 3112 5525 an
3141 5457 3237 5499 ve-

1676 5518 1793 5581 riu‘s
1839 5518 2129 5597 εὐχόμενος
2164 5518 2296 5597 ᾔτει
2333 5523 2425 5577 τὸν
2470 5523 2664 5594 ὑπερκ.
2687 5535 2927 5591 precans,
2963 5518 3165 5587 petebat
3201 5530 3235 5566 a

1674 5594 2120 5675 ,ςιιχιέρωδνιιιυιιιλΔ
2236 5665 2247 5675 .
2553 5662 2571 5675 κ
2597 5662 2610 5675 ο
2798 5658 2817 5675 κ
2840 5657 2856 5675 ’
3001 5670 3055 5675 μ
3091 5654 3103 5666 ⁸

1741 5657 1851 5737 (62)
1879 5666 2061 5733 Λόγῳ.
2093 5665 2419 5737 Ambiguum
2446 5674 2529 5722 est
2553 5662 2693 5730 λόγῳ
2714 5674 2782 5713 an
2798 5657 2971 5727 λόγων
2999 5657 3235 5724 scripse-

1668 5737 1740 5793 rit
1760 5746 1970 5793 auctor.
2010 5738 2087 5790 In.
