3840 6530
564 371 665 425 719

1704 356 2021 423 CLEMENS
2042 352 2595 414 ALEXANDRINUS.
3652 355 3731 413 ἳεο

566 487 743 542 laudis
796 498 908 539 suae
970 481 1201 546 ratione,
1271 487 1432 549 atque
1461 493 1527 535 ex
1572 456 1848 548 agnitione
1904 484 2113 539 nostra,

2249 490 2312 527 ου
2353 472 2494 545 (65),
2531 470 2842 537 δεδόξασται
2869 468 2930 523 τὸ
2968 467 3138 540 ὄνομά
3186 485 3300 534 σου,
3334 468 3453 523 κατ’
3483 471 3734 539 ἐπίγνωσιν

567 579 709 634 Deus
762 575 1125 647 glorillcetur;
1184 571 1437 626 similiter
1491 585 1557 624 ex
1607 567 1938 623 hereditatis
1972 567 2116 636 jure.

569 670 661 727 Sic
696 683 910 739 quoque
936 665 1142 720 dictum
1168 662 1322 727 illud,
1339 662 1461 717 vivit
1489 660 1761 723 Dominus,
1784 666 1947 728 atque
1961 654 2119 722 illud,

567 763 796 819 surrexit
833 760 1093 815 Dominus
1127 770 1177 814 ι.

634 852 815 909 XLIII.
848 851 1086 921 Populus
1103 864 1252 920 quem
1270 863 1371 901 non
1395 861 1658 905 noueram,
1685 841 1893 898 servivit
1919 838 2120 905 minii;

563 964 663 1020 per
689 949 1077 1002 testamentum
1106 956 1215 995 nou
1243 953 1523 994 noveram.
1550 934 1681 990 Filii
1720 933 1902 996 alieni,
1936 932 2031 1003 qui
2057 945 2123 987 ea

564 1054 686 1113 quae
708 1036 930 1092 alterius
959 1041 1106 1096 sunt,
1135 1031 1370 1087 :emulati
1395 1040 1543 1085 sunt.

633 1127 819 1185 XLIV.
889 1124 1243 1196 Magniﬁcam
1304 1120 1502 1175 salutes
1543 1120 1676 1190 regis
1708 1120 1845 1188 ejus.
1885 1126 1909 1155 ο
1946 1112 2126 1184 Reges

564 1230 832 1279 vocantur
862 1232 1052 1274 omnes
1083 1215 1289 1278 ﬁdeles,
1330 1211 1385 1266 in
1414 1225 1640 1280 regnum
1694 1206 1969 1271 translati,
2001 1201 2127 1274 qui-

565 1330 674 1385 que
703 1310 940 1367 haaredes
975 1308 1143 1364 futuri
1166 1312 1318 1362 sunt.
2045 1382 2052 1388 .

638 1402 798 1458 XLV.
835 1401 1097 1455 Malorum
1155 1395 1466 1457 tolerantia,
1520 1392 1753 1448 dulcedo
1797 1389 2017 1460 quidem
2041 1393 2128 1445 est

565 1496 726 1552 melle
757 1494 963 1561 major;
998 1506 1110 1545 non
1145 1497 1325 1544 autem
1370 1501 1478 1556 qua
1525 1485 1790 1539 malorum
1837 1478 2125 1537 tolerantia

565 1593 669 1648 est,
715 1584 810 1638 sed
840 1582 1050 1637 ratione
1079 1578 1290 1633 fructus
1321 1573 1591 1650 ejusmodi
1624 1573 1951 1629 tolerantiae.
1976 1569 2126 1636 Quo-

566 1679 714 1732 niam
762 1676 947 1745 itaque
1003 1671 1292 1727 continens
1330 1669 1423 1739 qui
1458 1675 1561 1732 est,
1604 1667 1674 1723 ab
1706 1664 1987 1721 allectibus
2013 1676 2127 1717 non

564 1776 651 1824 est
680 1765 1201 1838 prorsusimmunis,
1234 1769 1421 1834 utpote
1450 1761 1541 1832 qui
1576 1774 1684 1814 non
1714 1758 1919 1826 absque
1942 1754 2128 1809 labore

2218 562 2395 634 ἡμῶν,
2426 561 2778 634 δοξαζομένου
2829 559 2922 614 τοῦ
2960 558 3093 613 Θεοῦ
3121 560 3260 614 κατά
3292 576 3352 612 τε
3393 560 3489 630 τὴν
3518 561 3732 634 κληρονοο

2224 651 2370 722 μίαν.
2419 650 2575 707 Οὕτω
2618 652 2715 707 καὶ
2760 651 2821 705 τὸ
2865 649 2951 721 Ζῇ
3002 652 3242 719 Κύριος,
3281 652 3376 705 καὶ
3425 652 3489 706 τὸ
3535 654 3734 726 Ἀνέστη

2221 746 2451 811 Κύριος.

2288 836 2419 889 MI".
2454 835 2613 902 Λαὸς
2639 834 2712 888 ὃν
2734 835 2845 889 οὐκ
2871 836 3079 905 ἔγνων,
3121 835 3450 890 ἐδούλευσέ
3476 851 3600 905 μοι’
3625 837 3738 892 κατὰ

2221 924 2483 996 διαθήκην
2509 926 2612 979 οὐκ
2650 924 2840 994 ἔγνων.
2882 924 2999 979 Υἱοὶ
3030 925 3355 993 ἀλλότριοι,
3382 925 3451 979 τὰ
3488 924 3577 981 τοῦ
3609 926 3736 982 ἄλλω

2222 1015 2316 1069 καὶ
2344 1016 2696 1088 ἐζηλωκότες.

2293 1108 2422 1161 MA'.
2460 1109 2824 1178 Μεγαλύνων
2862 1107 2969 1175 τὰς
3002 1107 3303 1176 σωτηρίας
3345 1104 3452 1160 τοῦ
3484 1106 3739 1173 ,ϐασιλέως

2222 1193 2430 1249 αὑτοῦ.
2465 1194 2711 1259 Βασιλεῖς
2732 1196 2930 1259 πάντες
2962 1195 3206 1266 λέγονται
3236 1196 3286 1249 oi
3316 1195 3496 1249 πιστοὶ
3528 1197 3600 1260 είς
3619 1195 3739 1268 βασιο

2222 1284 2372 1339 λείαν
2406 1285 2545 1340 κατά
2580 1286 2941 1359 κληρονομίαν
2970 1304 3053 1342 τε.

2294 1376 2427 1430 ME'.
2463 1377 2527 1430 Ἦ
2560 1376 2908 1448 μακροθυμία
2930 1375 3204 1448 γλυκύτης
3229 1378 3381 1432 ἐστὶν
3400 1376 3606 1449 saepe
3630 1376 3739 1447 μέλι,

2224 1468 2322 1538 οὐχ
2355 1469 2435 1521 ὅτι
2468 1469 2583 1522 ἐστὶ
2612 1467 2976 1539 μακροθυμία,
3002 1465 3137 1521 ἀλλά
3164 1468 3305 1522 κατά
3339 1468 3430 1521 τὸν
3454 1466 3648 1538 καρπὸν
3666 1467 3741 1537 τῆς

2228 1557 2624 1629 μακροθυμίας.
2660 1558 2809 1611 Ἐπεὶ
2847 1552 2938 1611 οὖν
2974 1559 3004 1610 ό
3033 1558 3307 1629 ἐγκρατής
3354 1559 3504 1611 ἐστιν
3540 1556 3741 1627 ἀπαθὴς,

2225 1647 2440 1720 κρατῶν
2469 1649 2568 1709 οὐκ
2606 1647 2818 1711 ἀπόνως
2848 1644 2957 1700 τῶν
2996 1645 3182 1701 παθῶν
3200 1663 3213 1676 ·
3250 1648 3377 1701 ὅταν
3410 1646 3465 1701 δὲ
3495 1645 3599 1710 ἕξις
3619 1646 3745 1715 γένη-

2226 1758 2339 1803 ται,
2364 1740 2463 1794 οὐκ
2507 1738 2587 1793 ἔτι
2618 1739 2919 1811 ἐγκρατὴς,
2953 1739 3015 1792 ἐν
3049 1739 3149 1810 μιᾷ
3186 1736 3298 1805 ἕξει
3328 1738 3423 1792 καὶ
3454 1738 3585 1808 ἁγίῳ
3612 1735 3744 1790 IIsz-

565 1876 596 1916 a
625 1825 974 1932 missionibus
1020 1825 1318 1913 contineat:
1348 1825 1485 1912 Cum
1534 1869 1665 1909 vero
1706 1825 1844 1907 insit
1885 1848 2126 1912 habitus,

2249 1846 2360 1897 ιατι
2388 1828 2675 1901 γενομένου
2702 1827 2794 1882 τοῦ
2818 1825 3123 1899 ἀνθρώπου.

562 1948 706 2003 haud
741 1946 976 2017 amplius
1007 1945 1296 2000 continens
1333 1950 1439 2006 est,
1478 1939 1624 2010 quod
1677 1940 1733 1993 in
1789 1951 1899 1993 uno
1940 1934 2126 1990 habitu

563 2050 617 2097 ct
641 2040 849 2111 Spiritu
885 2045 1079 2094 sancto
1103 2037 1269 2091 homo
1296 2048 1443 2088 nunc
1470 2033 1563 2088 sit.

632 2150 816 2207 XLVI.
853 2148 1090 2220 Spiritus
1138 2155 1422 2209 vocantur,
1458 2159 1581 2214 qua:
1619 2142 1673 2196 in
1709 2142 1891 2197 anima
1917 2140 2135 2212 passio-

567 2262 666 2302 nes
697 2252 849 2309 sunt,
880 2258 987 2298 non
1011 2249 1191 2296 autem
1225 2238 1451 2309 spiritus
1484 2242 1755 2306 potentes,
1776 2234 1976 2305 quippe
2002 2239 2135 2287 tunc

564 2336 729 2390 homo
756 2335 848 2405 qui
876 2332 962 2387 his
985 2337 1132 2387 esset
1160 2329 1431 2384 obnoxius
1460 2328 1768 2383 daemonum
1800 2324 1939 2396 legio
1970 2322 2130 2388 foret,

568 2428 663 2483 sed
679 2435 903 2499 prOpter
934 2421 1363 2494 suggestionem.
1390 2418 1591 2474 Eadem
1623 2418 1768 2474 enim
1797 2418 1999 2481 anima,
2021 2430 2136 2469 mu-

570 2521 773 2575 tatione
802 2514 1060 2588 quadam,
1092 2512 1229 2566 alias
1257 2518 1420 2581 atque
1470 2511 1608 2566 alias
1655 2509 1948 2580 qualitates
1999 2508 2129 2564 dum

568 2612 820 2685 recipiat.
852 2608 1080 2680 spiritus
1112 2615 1244 2661 tunc
1271 2606 1514 2676 recipere
1533 2604 1754 2659 dici-tur.

639 2698 850 2758 XLVII.
885 2700 1047 2755 Ratio
1067 2715 1097 2753 a
1124 2706 1378 2754 creatura
1398 2694 1678 2751 discedere
1699 2709 1801 2749 nos
1828 2707 1935 2749 non
1956 2692 2133 2763 jubet,

571 2797 667 2853 sed
713 2796 794 2850 uti
833 2794 980 2849 nulla
1027 2792 1347 2863 passionum
1400 2788 1669 2860 pravitate
1704 2802 1827 2842 cum
1882 2786 1972 2839 illa
2024 2800 2133 2840 una

570 2899 918 2941 versaremur
944 2900 957 2936 :
995 2895 1230 2951 cumque
1255 2877 1460 2948 aliquid
1490 2873 1774 2940 acciderit,
1815 2884 1876 2927 ut
1902 2872 2135 2928 moleste

569 2988 679 3028 non
717 2971 982 3034 feramus,
1006 2984 1109 3024 nec
1154 2968 1570 3031 contristemur,
1616 2978 1795 3034 neque
1820 2960 2136 3033 possidendi

573 3063 849 3121 desiderio
889 3063 1071 3118 simus
1125 3059 1357 3132 abrepti.
1409 3057 1545 3114 Cum
1591 3057 1660 3111 ab
1706 3054 1902 3110 aﬂectu
1955 3069 2135 3109 rerum

570 3157 942 3229 possessione,
1000 3155 1259 3225 omnique
1317 3151 1545 3241 libidine
1602 3148 1883 3205 discedere
1946 3147 2209 3241 jubeatc

570 3245 917 3302 Providentia
952 3244 1156 3308 divina,
1198 3241 1255 3296 in
1286 3255 1383 3297 eos
1431 3239 1579 3297 solos
1616 3248 1921 3293 sermonem
1953 3234 2134 3298 vertit,

570 3343 663 3414 qui
686 3342 747 3395 in
781 3354 949 3396 carne
976 3342 1285 3393 versantur.

639 3429 878 3487 XLVIII.
912 3429 1064 3485 Illico
1093 3425 1291 3481 Petrus
1316 3425 1372 3479 in
1406 3421 1735 3493 Apocalypsi
1764 3420 1919 3482 dicit.
1951 3417 2137 3474 inlan-

570 3536 654 3581 tes
683 3522 983 3587 abortivos,
1018 3525 1250 3575 conatus
1283 3531 1347 3572 ac
1377 3515 1545 3572 sortis
1575 3529 1699 3569 esse
1737 3513 1998 3578 melioris,
2035 3510 2138 3566 bos

571 3615 760 3686 angelo
786 3613 955 3667 tutori
995 3609 1163 3675 tradi,
1214 3616 1274 3663 ut
1319 3605 1565 3663 scientia:
1598 3602 1885 3674 praeceptis
1917 3601 2136 3667 imbuti,

572 3706 958 3762 habitationem
988 3702 1383 3778 nancisggptur
1415 3698 1719 3762 meliorem,
1754 3696 1942 3752 eadem
1988 3710 2140 3750 nem-

574 3814 638 3868 pe
676 3796 845 3867 passi,
881 3808 1002 3864 quae
1042 3792 1089 3849 si
1131 3792 1187 3845 in
1230 3805 1458 3871 corpore
1487 3788 1688 3844 versati
1739 3787 1999 3851 fuissent,
2040 3804 2140 3859 pa-

570 3891 851 3950 terentur;
878 3880 1072 3952 reliqui
1098 3894 1250 3940 vero.
1284 3877 1479 3951 salutis
1511 3882 1724 3929 tantum
1757 3874 1884 3930 [ient
1923 3874 2141 3945 partici-

571 3992 689 4048 pes,
723 3973 879 4046 quasi
898 3970 1155 4041 injuriam
1180 3966 1349 4039 passi,
1382 3964 1814 4021 misericordiam
1834 3963 2137 4026 consecuti,

570 4083 634 4122 ac
668 4072 887 4120 manent
910 4063 1029 4118 sine
1052 4058 1322 4120 cruciatu,
1361 4055 1571 4128 prazmii
1615 4056 1734 4111 loco
1777 4055 1880 4110 hoc
1917 4054 2137 4124 quidem

569 4164 934 4229 reportantes.

639 4248 826 4304 XLIX.
885 4246 1171 4303 Mulierum
1205 4250 1388 4297 autem
1441 4241 1527 4296 Iac
1566 4238 1814 4296 deﬂuens
1856 4255 1920 4293 ex
1963 4237 2141 4294 uberi-

569 4344 672 4398 bus
717 4355 781 4396 ac
800 4348 1141 4399 concretum,
1182 4335 1361 4404 inquit
1387 4332 1584 4388 Petrus
1627 4332 1681 4386 in
1705 4336 1763 4395 >14
1786 4328 2135 4402 Apocalypsi,

570 4433 775 4488 bestias
809 4446 1002 4502 parvas
1035 4444 1097 4483 ac
1124 4427 1444 4483 carnivoras
1476 4424 1649 4493 pariet
1671 4462 1687 4484 ,
1747 4429 1799 4475 et
1836 4422 1892 4475 in
1932 4437 2027 4476 eas
2062 4435 2142 4475 re-

2299 2118 2449 2186 Μετ’.
2484 2115 2773 2188 Πνεύματα
2799 2117 3013 2186 λέγεται
3040 2116 3110 2170 τά
3141 2116 3288 2189 πάθη
3317 2116 3387 2171 τά
3417 2119 3475 2171 ὲν
3504 2121 3565 2190 τῇ
3606 2118 3746 2189 ψυχῇ,

2231 2211 2332 2265 οὐκ
2357 2209 2603 2278 ἐξουσίας
2635 2208 2940 2281 πνεύματα,
2970 2211 3091 2263 ἐπεὶ
3118 2209 3273 2263 ἔσται
3304 2209 3553 2282 ἐμπαθὴς
3584 2210 3751 2282 ἀνθρω-

2232 2319 2332 2366 πος
2366 2301 2566 2371 λεγεὼν
2613 2301 2913 2373 δαιμόνωνο
2947 2301 3083 2355 ἀλλά
3120 2300 3261 2355 κατά
3303 2300 3404 2372 τὴν
3465 2304 3749 2373 προτροπὴν.

2245 2394 2308 2447 Ἦ
2358 2394 2467 2466 γάρ
2516 2394 2653 2466 αὐτὴ
2702 2392 2877 2464 ψυχὴ,
2928 2393 3069 2447 κατά
3130 2393 3435 2464 μεταϐολὰς
3482 2394 3631 2458 ἀλλας
3677 2402 3767 2447 κερ

2232 2486 2397 2551 ἄλλας
2427 2486 2710 2556 ποιότητας
2744 2484 2940 2548 κακίας
2971 2484 3365 2559 ἀναδεχομένη,
3394 2485 3656 2557 πνεύματα
3683 2484 3754 2539 λέν

2232 2594 2385 2647 γεται
2410 2577 2774 2647 ἀνειληφέναι.

2302 2672 2433 2725 MZ'.
2484 2671 2540 2723 '0
2579 2669 2732 2739 λόγος
2773 2668 2875 2739 τῆς
2927 2668 3152 2731 κτίσεως
3205 2666 3326 2739 (64)
3375 2666 3676 2737 ἀφίστασθαι
3705 2667 3755 2719 οὐ

2234 2761 2470 2826 κελεύει,
2509 2760 2621 2815 ἀλλ’
2672 2758 3039 2831 ἀπροσπαθῶς
3091 2758 3410 2813 διοικεῖσθαι
3450 2757 3543 2829 τὴν
3582 2756 3755 2810 κτίσιν·

2235 2851 2634 2924 ὲπισυμϐάντος
2662 2851 2720 2904 δέ
2747 2867 2911 2917 τινος,
2945 2848 3021 2920 μὴ
3063 2849 3410 2916 ἀγανακτεῖν,
3450 2848 3579 2920 μηδὲ
3606 2848 3759 2901 Ituraei-

2237 2947 2392 3012 σθαι,
2424 2948 2559 3019 μηδὲ
2591 2947 2876 3020 ἐπιθυμεῖν
2917 2945 3224 3019 κτήσασθαι
3243 2963 3257 2978 ·
3290 2947 3391 3018 τῆς
3419 2949 3477 3000 ὲν
3504 2946 3646 3000 πάθει
3672 2962 3759 2999 πα-

2237 3042 2552 3113 ρακτήσεως
2588 3039 2918 3110 ἀφίστασθαι
2962 3038 3174 3093 κελεύει
3207 3039 3303 3093 καὶ
3342 3041 3520 3111 πάσης
3556 3056 3762 3111 «posm-

2237 3133 2406 3198 θείας,
2433 3135 2468 3206 ή
2508 3132 2627 3187 θεία
2663 3132 2896 3204 Πρόνοια
2938 3130 3265 3203 ἀναστρέφει
3309 3131 3405 3185 ἐπὶ
3445 3131 3625 3203 μόνους
3660 3129 3761 3189 τοὺς

2239 3231 2297 3282 ὲν
2324 3230 2487 3301 σαρκί
2516 3227 2648 3300 (65).

2306 3406 2447 3462 MH'.
2480 3404 2686 3459 Αὐτίκα
2712 3406 2741 3458 ό
2772 3404 2975 3476 Πέτρος
3012 3406 3069 3458 ὲν
3100 3407 3166 3476 τῇ
3222 3400 3579 3471 ’Δποκαλύψει
3611 3396 3764 3468 φησὶν,

2236 3498 2304 3552 τὰ
2352 3496 2527 3567 βρέφη
2584 3495 3036 3567 ὲξαμϐλωθέντα,
3085 3494 3184 3566 τῆς
3245 3494 3528 3565 ἀμείνονος
3574 3489 3768 3560 ἐσόμενα

2238 3588 2436 3660 πείρας
2459 3587 2592 3658 (66),
2620 3587 2794 3641 ταῦτα
2822 3587 3037 3657 ἀγγέλῳ
3062 3586 3380 3657 τημελούχῳ
3402 3580 3766 3656 παραδίδοσθαι.

2238 3681 2345 3745 ἵνα,
2376 3679 2627 3749 γνώσεως
2659 3678 3051 3749 μεταλαϐόντα,
3090 3679 3188 3749 τῆς
3226 3676 3509 3748 ἀμείνονος
3540 3673 3663 3745 τύχῃ
3700 3688 3769 3742 μο-

2237 3770 2356 3841 νῆς,
2388 3771 2629 3825 παθόντα
2660 3768 2697 3823 ἀ
2729 3769 2793 3823 ἂν
2829 3769 3026 3823 ἔπαθεν
3056 3770 3149 3823 καὶ
3177 3771 3235 3822 ὲν
3269 3766 3482 3839 σώματι
3512 3766 3765 3836 γενόμενα·

2238 3863 2306 3916 τά
2339 3860 2383 3913 δ’
2412 3861 2573 3932 ἕτερα
2607 3861 2774 3932 μόνης
2823 3859 2922 3929 τῆς
2968 3850 3242 3930 σωτηρίας
3273 3857 3548 3922 τεύξεται,
3576 3855 3642 3918 ὡς
3681 3851 3770 3921 ἠδι-

2238 3953 2451 4025 κημένα
2495 3952 2812 4023 ὲλεηθέντα,
2848 3951 2944 4007 καὶ
2980 3951 3130 4025 μένει
3174 3950 3303 4005 ἄνευ
3336 3950 3617 4010 κολάσεως,
3643 3942 3772 3996 τοῦτο

2238 4046 2405 4118 γέρας
2434 4044 2685 4101 λαϐόντα.

2308 4219 2441 4275 ΜΘν.
2471 4219 2544 4272 Τὸ
2573 4218 2629 4272 δὲ
2679 4217 2820 4287 γάλα
2870 4215 2978 4270 τῶν
3026 4214 3325 4285 γυναικῶν,
3378 4214 3503 4286 ῥέον
3550 4209 3649 4265 ἀπὸ
3686 4203 3776 4257 τῶν

2245 4311 2464 4384 μαστῶν
2514 4309 2610 4363 καὶ
2662 4307 3039 4381 πηγνύμενον,
3087 4306 3252 4377 φησὶν
3303 4306 3337 4358 ὁ
3376 4303 3580 4375 Πέτρος
3626 4301 3677 4352 ὲν
3722 4296 3775 4363 τῇ

2253 4399 2611 4470 Ἀποκαλύψει
2633 4438 2648 4464 ,
2700 4404 2948 4470 γεννήσει
2998 4396 3161 4467 θηρία
3221 4394 3395 4448 λεπτὰ
3459 4389 3779 4463 σαρκοᾳάγα,

572 4483 771 4488 ---νη
810 4483 927 4502 τη,
986 4483 997 4485 -
1476 4483 1490 4493 ,

572 4524 869 4586 currentia,
918 4520 1288 4585 devorabunt;
1336 4515 1595 4570 nimirum
1643 4521 1863 4583 propter
1916 4518 2131 4585 peccata

2249 4495 2337 4548 καὶ
2367 4491 2734 4564 ἀνατρέχοντα
2761 4492 2839 4553 εις
2864 4488 3052 4553 αὐτὰς,
3084 4486 3387 4548 κατεσθίει,
3415 4484 3504 4539 διὰ
3528 4483 3782 4553 τάςάμαρ-

572 4616 787 4670 venisse
816 4628 1004 4684 pmnas
1048 4608 1384 4674 erudiendo;
1413 4621 1480 4662 ex
1530 4605 1771 4676 peccatis
1816 4603 1967 4658 nasci
2016 4603 2139 4658 illas

574 4707 730 4769 dicit,
766 4705 927 4760 sicuti
957 4712 1178 4776 pr0pter
1218 4707 1440 4773 peccata
1483 4694 1826 4750 venundatus
1855 4702 1939 4750 est
1967 4709 2144 4764 popu-

573 4801 699 4867 lus;
735 4798 988 4869 quodque
1019 4797 1073 4850 in
1100 4795 1378 4851 Christum
1411 4789 1633 4845 credere
1664 4787 1858 4851 noluit,
1890 4787 1970 4841 uti
2006 4785 2141 4840 dicit

573 4893 885 4962 Apostolus,
915 4904 945 4942 a
973 4886 1319 4959 serpentibus
1352 4882 1724 4937 mordebatur.

643 5053 705 5110 L.
757 5055 902 5109 Dixit
951 5053 1176 5123 quidam
1225 5062 1414 5112 senex,
1468 5044 1675 5100 animal
1725 5057 1849 5099 esse
1894 5040 2040 5111 quod
2076 5039 2135 5092 in

715 5223 739 5251 ⁸
782 5210 915 5264 Luc.
947 5224 1095 5269 χειν,
1124 5205 1213 5260 54.
1291 5202 1320 5242 δ
1356 5200 1504 5257 Psal.
1537 5215 1673 5263 xvn,
1704 5198 1795 5253 45.

668 5364 756 5434 63)
810 5362 970 5434 Κατὰ
1007 5357 1339 5434 αἷηόνςςου.
1367 5355 1434 5411 Α.
1468 5349 2131 5434 legendum-suspicatur,

575 5420 719 5489 καθά
740 5420 831 5496 ἐἰς
864 5433 1062 5495 αἰῶνας
1093 5427 1404 5496 δεδόξασται
1439 5442 1452 5455 ⁸
1484 5420 1669 5496 Αεῖιυάί
1700 5422 1842 5476 enim
1868 5422 1934 5472 ad
1960 5420 2138 5496 locum

578 5507 669 5572 qui
708 5492 968 5571 est'Sap.
1020 5492 1098 5572 lll_.
1151 5492 1285 5552 ΙηἘ
1292 5498 1390 5550 lor.
1431 5494 1563 5549 edit.
1590 5498 1844 5559 corrupte
1874 5492 2140 5559 scriptum

578 5569 720 5626 κατά
750 5569 1026 5626 αἱνονόσω.
1065 5569 1327 5623 ὃνωωιϐ.

650 5643 762 5711 (64)
822 5638 935 5707 Τῆς
980 5640 1255 5711 κτίσεως.
1282 5633 1475 5704 Aptius
1508 5632 1617 5711 rip;
1637 5631 1909 5701 κτήσεως,
1962 5625 2142 5711 aequi

580 5696 767 5764 sitiuné
792 5720 841 5765 et
873 5696 1488 5776 possessione-bonarum
1529 5696 1821 5776 {itemque
1874 5715 1997 5754 mox
2038 5696 2140 5765 τὴν

582 5784 767 5847 κτῆσιν
792 5797 805 5810 ·
840 5769 895 5833 ut
923 5780 1196 5834 declarant
1227 5774 1529 5843 sequentia.
1559 5769 1630 5825 Io.

2242 4582 2362 4646 τίας
2418 4580 2663 4650 γίνεσθαι
2729 4577 2828 4643 τὰς
2901 4576 3148 4641 κολάσεις
3215 4574 3505 4630 διδάσκων.
3552 4575 3641 4628 Ἐκ
3692 4571 3783 4623 τῶν

2244 4672 2527 4745 ἁμαρτιῶν
2598 4668 2889 4739 γεννᾶσθαι
2940 4666 3109 4731 αὺτάς
3180 4684 3377 4738 φησιν,
3435 4668 3512 4730 ὡς
3576 4664 3657 4719 διά
3704 4662 3786 4722 τὶς

2242 4762 2513 4834 ἁμαρτίας
2544 4761 2757 4833 ἐπράθη
2789 4762 2818 4815 ὁ
2858 4758 3017 4822 λαός’
3062 4759 3157 4812 καὶ
3202 4756 3293 4811 διὰ
3332 4757 3436 4829 τὴν
3467 4760 3545 4821 εἰς
3582 4752 3785 4826 Χριστὸν

2241 4852 2527 4915 ἀπιστίαν,
2559 4850 2636 4914 ὡς
2672 4852 2838 4923 φησὶν
2866 4850 2896 4903 ό
2934 4847 3253 4911 Ἀπόστολος
3276 4887 3292 4913 ,
3329 4848 3440 4902 ὑπὸ
3474 4849 3581 4901 τῶν
3634 4846 3787 4914 ὄφεων

2241 4945 2544 4998 ἔδάκνοντο.

2308 5036 2391 5091 N'.
2411 5035 2603 5104 Ἔλεγε
2630 5033 2941 5106 πρεσϐύτης
2973 5031 3111 5098 ζῶον
3144 5027 3287 5086 εἶναι
3310 5033 3373 5086 τὸ
3401 5030 3543 5087 κατά
3562 5026 3786 5099 γαστρός·

1875 5206 1897 5235 ο
1933 5193 2069 5250 Ibid.
2103 5193 2193 5248 51.
2275 5195 2334 5255 r14
2375 5188 2439 5247 P.
2491 5200 2592 5257 991
2655 5187 2763 5244 ED.
2796 5184 3092 5244 POTTER.

2313 5342 2424 5414 (65)
2493 5342 2877 5414 Ἀναστρέερει
2916 5341 3024 5414 ἐπὶ
3047 5341 3278 5414 μόνους
3308 5339 3457 5414 τοὺς
3503 5336 3793 5414 ἐν’-σαρκί.

2239 5409 2415 5468 Paulo
2438 5414 2632 5467 melius
2654 5409 2879 5482 ἀναστρ.
2911 5412 2990 5464 ἔτι
3029 5409 3288 5480 μένοντας
3327 5412 3387 5482 ὲν
3432 5411 3616 5482 σαρκί,
3645 5410 3797 5482 adhuc

2237 5491 2619 5538 commorantes
2674 5482 2729 5535 in
2779 5476 2877 5533 Ιιάσ
2915 5476 3097 5552 carne
3147 5493 3166 5531 :
3210 5487 3282 5552 ut
3339 5476 3669 5552 ἀναστρέφει
3714 5476 3799 5546 τῆς

2239 5552 2606 5623 προσπαθείας
2633 5567 2730 5620 per
2752 5550 2976 5623 eltipsin
3004 5548 3418 5617 praepositionis
3457 5548 3567 5604 ἀπό
3598 5548 3797 5604 dictum

2234 5618 2344 5685 sit,
2373 5631 2427 5677 ut
2470 5622 2599 5674 alibi
2632 5618 2909 5688 ἀνακαλεῖ.
2944 5618 3208 5674 SYLBURG.

2237 5692 2419 5816 “(65)
2474 5692 2709 5760 Πείρας.
2741 5685 2862 5747 Non
2886 5691 3029 5745 male
3064 5702 3191 5744 cum
3217 5685 3287 5743 II.
3315 5693 3569 5763 legemus
3600 5689 3795 5763 μοίρας.
