  <div class='ocr_page' id='page_1' title='image "/cluster/home/n/w/nwhite01/storage/ocr_20150623/9/hvd.32044019207612/366.png"; bbox 0 0 3840 6524; ppageno 0'>
   <div class='ocr_carea' id='block_1_1' title="bbox 88 370 2444 432">
    <p class='ocr_par' dir='ltr' id='par_1_1' title="bbox 88 370 2444 432">
     <span class='ocr_line' id='line_1_1' title="bbox 88 370 2444 432; baseline -0.002 0"><span class='ocrx_word' id='word_1_1' title='bbox 88 376 163 432; x_wconf 77' lang='lat' dir='ltr'><strong>&#39;Bl</strong></span> <span class='ocrx_word' id='word_1_2' title='bbox 692 370 913 428; x_wconf 79' lang='lat' dir='ltr'><strong>DUBIA.</strong></span> <span class='ocrx_word' id='word_1_3' title='bbox 950 402 1020 415; x_wconf 90' lang='lat'><strong>-—</strong></span> <span class='ocrx_word' id='word_1_4' title='bbox 1054 370 1352 431; x_wconf 61' lang='lat' dir='ltr'><strong>ECLOGIE</strong></span> <span class='ocrx_word' id='word_1_5' title='bbox 1391 372 1484 428; x_wconf 80' lang='lat' dir='ltr'><strong>EX</strong></span> <span class='ocrx_word' id='word_1_6' title='bbox 1517 372 1931 431; x_wconf 78' lang='lat' dir='ltr'><strong>SCRIPTURIS</strong></span> <span class='ocrx_word' id='word_1_7' title='bbox 1961 370 2444 428; x_wconf 74' lang='lat' dir='ltr'><strong>PBGPHETICIS.</strong></span> 
     </span>
    </p>
   </div>
   <div class='ocr_carea' id='block_1_2' title="bbox 3161 366 3264 422">
    <p class='ocr_par' dir='ltr' id='par_1_2' title="bbox 3161 366 3264 422">
     <span class='ocr_line' id='line_1_2' title="bbox 3161 366 3264 422; baseline -0.01 0"><span class='ocrx_word' id='word_1_8' title='bbox 3161 366 3264 422; x_wconf 66' lang='grc' dir='ltr'><strong>’1ἓῖ</strong></span> 
     </span>
    </p>
   </div>
   <div class='ocr_carea' id='block_1_3' title="bbox 87 484 1603 567">
    <p class='ocr_par' dir='ltr' id='par_1_3' title="bbox 87 489 1592 567">
     <span class='ocr_line' id='line_1_3' title="bbox 87 489 1592 567; baseline 0 -19"><span class='ocrx_word' id='word_1_9' title='bbox 87 490 304 548; x_wconf 81' lang='grc' dir='ltr'>είσιοῦσαν</span> <span class='ocrx_word' id='word_1_10' title='bbox 331 489 433 563; x_wconf 77' lang='grc' dir='ltr'><strong>γὰρ</strong></span> <span class='ocrx_word' id='word_1_11' title='bbox 474 489 575 562; x_wconf 80' lang='grc' dir='ltr'>τὴν</span> <span class='ocrx_word' id='word_1_12' title='bbox 626 489 800 563; x_wconf 78' lang='grc' dir='ltr'>ψυχὴν</span> <span class='ocrx_word' id='word_1_13' title='bbox 844 493 923 555; x_wconf 85' lang='grc' dir='ltr'><strong>είς</strong></span> <span class='ocrx_word' id='word_1_14' title='bbox 971 490 1069 562; x_wconf 82' lang='grc' dir='ltr'>τὴν</span> <span class='ocrx_word' id='word_1_15' title='bbox 1104 494 1315 565; x_wconf 79' lang='grc' dir='ltr'><strong>μήτραν</strong></span> <span class='ocrx_word' id='word_1_16' title='bbox 1358 493 1467 547; x_wconf 76' lang='grc' dir='ltr'><strong>ἀπὸ</strong></span> <span class='ocrx_word' id='word_1_17' title='bbox 1493 494 1592 567; x_wconf 82' lang='grc' dir='ltr'>τῆς</span> 
     </span>
    </p>
   </div>
   <div class='ocr_carea' id='block_1_4' title="bbox 1714 484 3267 567">
    <p class='ocr_par' dir='ltr' id='par_1_4' title="bbox 1714 484 3267 565">
     <span class='ocr_line' id='line_1_4' title="bbox 1714 484 3267 565; baseline -0.006 -17"><span class='ocrx_word' id='word_1_18' title='bbox 1714 502 1883 552; x_wconf 78' lang='lat' dir='ltr'><strong>rentre</strong></span> <span class='ocrx_word' id='word_1_19' title='bbox 1936 494 2228 565; x_wconf 89' lang='lat' dir='ltr'><strong>reperitur.</strong></span> <span class='ocrx_word' id='word_1_20' title='bbox 2260 493 2567 564; x_wconf 81' lang='lat' dir='ltr'><strong>lngressam</strong></span> <span class='ocrx_word' id='word_1_21' title='bbox 2603 491 2749 547; x_wconf 90' lang='lat' dir='ltr'><strong>enim</strong></span> <span class='ocrx_word' id='word_1_22' title='bbox 2795 487 3033 546; x_wconf 69' lang='lat' dir='ltr'><strong>animum</strong></span> <span class='ocrx_word' id='word_1_23' title='bbox 3062 484 3119 542; x_wconf 90' lang='lat' dir='ltr'><strong>in</strong></span> <span class='ocrx_word' id='word_1_24' title='bbox 3152 500 3267 539; x_wconf 77' lang='lat' dir='ltr'><strong>tua-</strong></span> 
     </span>
    </p>
   </div>
   <div class='ocr_carea' id='block_1_5' title="bbox 89 583 1590 659">
    <p class='ocr_par' dir='ltr' id='par_1_5' title="bbox 89 583 1590 659">
     <span class='ocr_line' id='line_1_5' title="bbox 89 583 1590 659; baseline 0.002 -22"><span class='ocrx_word' id='word_1_25' title='bbox 89 586 343 656; x_wconf 72' lang='grc' dir='ltr'>καθὰρσεως</span> <span class='ocrx_word' id='word_1_26' title='bbox 361 583 798 655; x_wconf 75' lang='grc' dir='ltr'>ηὑτρεπισμὲνην</span> <span class='ocrx_word' id='word_1_27' title='bbox 838 585 915 647; x_wconf 82' lang='grc' dir='ltr'><strong>είς</strong></span> <span class='ocrx_word' id='word_1_28' title='bbox 943 585 1223 656; x_wconf 78' lang='grc' dir='ltr'><strong>σύλληψιν,</strong></span> <span class='ocrx_word' id='word_1_29' title='bbox 1246 586 1338 639; x_wconf 78' lang='grc' dir='ltr'><strong>καὶ</strong></span> <span class='ocrx_word' id='word_1_30' title='bbox 1383 588 1590 659; x_wconf 74' lang='grc' dir='ltr'>εἰσκρι-</span> 
     </span>
    </p>
   </div>
   <div class='ocr_carea' id='block_1_6' title="bbox 89 674 1591 748">
    <p class='ocr_par' dir='ltr' id='par_1_6' title="bbox 89 674 1591 748">
     <span class='ocr_line' id='line_1_6' title="bbox 89 674 1591 748; baseline 0 -17"><span class='ocrx_word' id='word_1_31' title='bbox 89 678 227 731; x_wconf 74' lang='grc' dir='ltr'>θείσαν</span> <span class='ocrx_word' id='word_1_32' title='bbox 250 674 343 728; x_wconf 72' lang='grc' dir='ltr'><strong>ὑπό</strong></span> <span class='ocrx_word' id='word_1_33' title='bbox 359 692 498 739; x_wconf 87' lang='grc' dir='ltr'>τινος</span> <span class='ocrx_word' id='word_1_34' title='bbox 524 675 637 729; x_wconf 88' lang='grc' dir='ltr'><strong>τῶν</strong></span> <span class='ocrx_word' id='word_1_35' title='bbox 655 678 722 748; x_wconf 72' lang='grc' dir='ltr'>τῇ</span> <span class='ocrx_word' id='word_1_36' title='bbox 750 675 959 745; x_wconf 83' lang='grc' dir='ltr'><strong>γενέσει</strong></span> <span class='ocrx_word' id='word_1_37' title='bbox 984 678 1298 747; x_wconf 73' lang='grc' dir='ltr'><strong>ἐφεστώτων</strong></span> <span class='ocrx_word' id='word_1_38' title='bbox 1328 679 1591 747; x_wconf 84' lang='grc' dir='ltr'>ἀγγέλων,</span> 
     </span>
    </p>
   </div>
   <div class='ocr_carea' id='block_1_7' title="bbox 88 766 1596 842">
    <p class='ocr_par' dir='ltr' id='par_1_7' title="bbox 88 766 1596 842">
     <span class='ocr_line' id='line_1_7' title="bbox 88 766 1596 842; baseline 0.001 -19"><span class='ocrx_word' id='word_1_39' title='bbox 88 766 536 839; x_wconf 74' lang='grc' dir='ltr'>παραγινώσκοντος</span> <span class='ocrx_word' id='word_1_40' title='bbox 566 767 661 821; x_wconf 80' lang='grc' dir='ltr'>τὸν</span> <span class='ocrx_word' id='word_1_41' title='bbox 704 768 889 840; x_wconf 79' lang='grc' dir='ltr'>καιρὸν</span> <span class='ocrx_word' id='word_1_42' title='bbox 920 769 1021 839; x_wconf 79' lang='grc' dir='ltr'>τῆς</span> <span class='ocrx_word' id='word_1_43' title='bbox 1053 769 1393 842; x_wconf 75' lang='grc' dir='ltr'><strong>συλλήψεως,</strong></span> <span class='ocrx_word' id='word_1_44' title='bbox 1430 775 1596 824; x_wconf 80' lang='grc' dir='ltr'>κινεῖν</span> 
     </span>
    </p>
   </div>
   <div class='ocr_carea' id='block_1_8' title="bbox 89 858 1595 933">
    <p class='ocr_par' dir='ltr' id='par_1_8' title="bbox 89 858 1595 933">
     <span class='ocr_line' id='line_1_8' title="bbox 89 858 1595 933; baseline 0.003 -20"><span class='ocrx_word' id='word_1_45' title='bbox 89 860 188 933; x_wconf 78' lang='grc' dir='ltr'>πρὸς</span> <span class='ocrx_word' id='word_1_46' title='bbox 213 858 476 913; x_wconf 76' lang='grc' dir='ltr'>συνουσίαν</span> <span class='ocrx_word' id='word_1_47' title='bbox 504 858 605 929; x_wconf 84' lang='grc' dir='ltr'>τὴν</span> <span class='ocrx_word' id='word_1_48' title='bbox 633 863 883 927; x_wconf 83' lang='grc' dir='ltr'>γυναῖκα.</span> <span class='ocrx_word' id='word_1_49' title='bbox 930 861 1373 932; x_wconf 83' lang='grc' dir='ltr'>Καταϐληθέντος</span> <span class='ocrx_word' id='word_1_50' title='bbox 1397 862 1452 916; x_wconf 79' lang='grc' dir='ltr'>δὲ</span> <span class='ocrx_word' id='word_1_51' title='bbox 1502 862 1595 917; x_wconf 83' lang='grc' dir='ltr'><strong>τοῦ</strong></span> 
     </span>
    </p>
   </div>
   <div class='ocr_carea' id='block_1_9' title="bbox 89 950 1596 1027">
    <p class='ocr_par' dir='ltr' id='par_1_9' title="bbox 89 950 1596 1027">
     <span class='ocr_line' id='line_1_9' title="bbox 89 950 1596 1027; baseline 0.002 -23"><span class='ocrx_word' id='word_1_52' title='bbox 89 951 360 1024; x_wconf 77' lang='grc' dir='ltr'>σπέρματος,</span> <span class='ocrx_word' id='word_1_53' title='bbox 387 950 464 1015; x_wconf 85' lang='grc' dir='ltr'>ὡς</span> <span class='ocrx_word' id='word_1_54' title='bbox 496 953 698 1016; x_wconf 79' lang='grc' dir='ltr'>εἰπεῖν,</span> <span class='ocrx_word' id='word_1_55' title='bbox 733 953 1117 1017; x_wconf 78' lang='grc' dir='ltr'>ἐξοικειοῦσθαι</span> <span class='ocrx_word' id='word_1_56' title='bbox 1140 954 1200 1009; x_wconf 86' lang='grc' dir='ltr'>τὸ</span> <span class='ocrx_word' id='word_1_57' title='bbox 1233 957 1290 1008; x_wconf 75' lang='grc' dir='ltr'>ὲν</span> <span class='ocrx_word' id='word_1_58' title='bbox 1317 955 1395 1026; x_wconf 85' lang='grc' dir='ltr'>τῷ</span> <span class='ocrx_word' id='word_1_59' title='bbox 1429 955 1596 1027; x_wconf 83' lang='grc' dir='ltr'>σπέρ-</span> 
     </span>
    </p>
   </div>
   <div class='ocr_carea' id='block_1_10' title="bbox 90 1043 1594 1120">
    <p class='ocr_par' dir='ltr' id='par_1_10' title="bbox 90 1043 1594 1120">
     <span class='ocr_line' id='line_1_10' title="bbox 90 1043 1594 1120; baseline 0.002 -23"><span class='ocrx_word' id='word_1_60' title='bbox 90 1062 185 1116; x_wconf 70' lang='grc' dir='ltr'>ματι</span> <span class='ocrx_word' id='word_1_61' title='bbox 208 1043 422 1116; x_wconf 79' lang='grc' dir='ltr'>πνεῦμα,</span> <span class='ocrx_word' id='word_1_62' title='bbox 449 1044 547 1099; x_wconf 80' lang='grc' dir='ltr'>καὶ</span> <span class='ocrx_word' id='word_1_63' title='bbox 585 1043 731 1098; x_wconf 78' lang='grc' dir='ltr'>οὕτω</span> <span class='ocrx_word' id='word_1_64' title='bbox 781 1045 1249 1118; x_wconf 84' lang='grc' dir='ltr'>συλλαμϐάνεσθαι</span> <span class='ocrx_word' id='word_1_65' title='bbox 1282 1051 1347 1120; x_wconf 83' lang='grc' dir='ltr'>τῇ</span> <span class='ocrx_word' id='word_1_66' title='bbox 1383 1048 1594 1103; x_wconf 80' lang='grc' dir='ltr'>πλάσει.</span> 
     </span>
    </p>
   </div>
   <div class='ocr_carea' id='block_1_11' title="bbox 86 1136 1598 1212">
    <p class='ocr_par' dir='ltr' id='par_1_11' title="bbox 86 1136 1598 1212">
     <span class='ocr_line' id='line_1_11' title="bbox 86 1136 1598 1212; baseline 0.001 -21"><span class='ocrx_word' id='word_1_67' title='bbox 86 1136 340 1209; x_wconf 71' lang='grc' dir='ltr'>Μαρτύριον</span> <span class='ocrx_word' id='word_1_68' title='bbox 386 1136 675 1209; x_wconf 82' lang='grc' dir='ltr'>ὠνόμασεν</span> <span class='ocrx_word' id='word_1_69' title='bbox 709 1139 892 1203; x_wconf 77' lang='grc' dir='ltr'>πᾶσιν,</span> <span class='ocrx_word' id='word_1_70' title='bbox 929 1141 1164 1212; x_wconf 81' lang='grc' dir='ltr'>ὁπηνίκα</span> <span class='ocrx_word' id='word_1_71' title='bbox 1212 1142 1277 1195; x_wconf 86' lang='grc' dir='ltr'>ἂν</span> <span class='ocrx_word' id='word_1_72' title='bbox 1316 1140 1598 1210; x_wconf 79' lang='grc' dir='ltr'>εὐαγγελί-</span> 
     </span>
    </p>
   </div>
   <div class='ocr_carea' id='block_1_12' title="bbox 88 1227 1600 1305">
    <p class='ocr_par' dir='ltr' id='par_1_12' title="bbox 88 1227 1600 1305">
     <span class='ocr_line' id='line_1_12' title="bbox 88 1227 1600 1305; baseline 0.002 -23"><span class='ocrx_word' id='word_1_73' title='bbox 88 1229 237 1292; x_wconf 78' lang='grc' dir='ltr'>ζωνται</span> <span class='ocrx_word' id='word_1_74' title='bbox 257 1230 302 1282; x_wconf 82' lang='grc' dir='ltr'><strong>οί</strong></span> <span class='ocrx_word' id='word_1_75' title='bbox 332 1228 553 1298; x_wconf 80' lang='grc' dir='ltr'>ἄγγελοι</span> <span class='ocrx_word' id='word_1_76' title='bbox 599 1231 700 1293; x_wconf 76' lang='grc' dir='ltr'>τὰς</span> <span class='ocrx_word' id='word_1_77' title='bbox 739 1231 976 1303; x_wconf 85' lang='grc' dir='ltr'>στείρας,</span> <span class='ocrx_word' id='word_1_78' title='bbox 1008 1227 1118 1286; x_wconf 74' lang='grc' dir='ltr'>οἷον</span> <span class='ocrx_word' id='word_1_79' title='bbox 1165 1234 1600 1305; x_wconf 69' lang='grc' dir='ltr'>προεισπρίνουσι</span> 
     </span>
    </p>
   </div>
   <div class='ocr_carea' id='block_1_13' title="bbox 86 1314 1604 1391">
    <p class='ocr_par' dir='ltr' id='par_1_13' title="bbox 86 1314 1604 1391">
     <span class='ocr_line' id='line_1_13' title="bbox 86 1314 1604 1391; baseline -0.001 -20"><span class='ocrx_word' id='word_1_80' title='bbox 86 1318 159 1387; x_wconf 76' lang='grc' dir='ltr'>τῆς</span> <span class='ocrx_word' id='word_1_81' title='bbox 175 1318 569 1389; x_wconf 74' lang='grc' dir='ltr'>συλλήψεωςτὰς</span> <span class='ocrx_word' id='word_1_82' title='bbox 587 1318 783 1389; x_wconf 78' lang='grc' dir='ltr'>ψυχάς·</span> <span class='ocrx_word' id='word_1_83' title='bbox 804 1319 898 1374; x_wconf 75' lang='grc' dir='ltr'>καὶ</span> <span class='ocrx_word' id='word_1_84' title='bbox 913 1321 970 1372; x_wconf 83' lang='grc' dir='ltr'>ὲν</span> <span class='ocrx_word' id='word_1_85' title='bbox 983 1319 1060 1391; x_wconf 84' lang='grc' dir='ltr'>τῷ</span> <span class='ocrx_word' id='word_1_86' title='bbox 1072 1319 1385 1390; x_wconf 82' lang='grc' dir='ltr'>Εὑαγγελίῳ</span> <span class='ocrx_word' id='word_1_87' title='bbox 1397 1318 1461 1372; x_wconf 81' lang='grc' dir='ltr'>τὸ</span> <span class='ocrx_word' id='word_1_88' title='bbox 1469 1314 1604 1386; x_wconf 79' lang='grc' dir='ltr'>βρέ-</span> 
     </span>
    </p>
   </div>
   <div class='ocr_carea' id='block_1_14' title="bbox 84 1410 1602 1485">
    <p class='ocr_par' dir='ltr' id='par_1_14' title="bbox 84 1410 1602 1485">
     <span class='ocr_line' id='line_1_14' title="bbox 84 1410 1602 1485; baseline 0 -21"><span class='ocrx_word' id='word_1_89' title='bbox 84 1415 585 1485; x_wconf 71' lang='grc' dir='ltr'>ροςέσιιρτησενὼς</span> <span class='ocrx_word' id='word_1_90' title='bbox 606 1410 850 1483; x_wconf 69' lang='grc' dir='ltr'>ἔμψυχον</span> <span class='ocrx_word' id='word_1_91' title='bbox 874 1410 1013 1484; x_wconf 80' lang='grc'><strong>(67)·</strong></span> <span class='ocrx_word' id='word_1_92' title='bbox 1051 1412 1144 1467; x_wconf 67' lang='grc' dir='ltr'>καὶ</span> <span class='ocrx_word' id='word_1_93' title='bbox 1179 1415 1235 1467; x_wconf 86' lang='grc' dir='ltr'><strong>αί</strong></span> <span class='ocrx_word' id='word_1_94' title='bbox 1267 1415 1474 1485; x_wconf 73' lang='grc' dir='ltr'>στεῖραι</span> <span class='ocrx_word' id='word_1_95' title='bbox 1515 1411 1602 1464; x_wconf 79' lang='grc' dir='ltr'>διὰ</span> 
     </span>
    </p>
   </div>
   <div class='ocr_carea' id='block_1_15' title="bbox 85 1496 1603 1577">
    <p class='ocr_par' dir='ltr' id='par_1_15' title="bbox 85 1496 1603 1577">
     <span class='ocr_line' id='line_1_15' title="bbox 85 1496 1603 1577; baseline 0.013 -28"><span class='ocrx_word' id='word_1_96' title='bbox 85 1496 202 1551; x_wconf 61' lang='lat' dir='ltr'><strong>who</strong></span> <span class='ocrx_word' id='word_1_97' title='bbox 221 1500 314 1552; x_wconf 77' lang='grc' dir='ltr'>εἱσι</span> <span class='ocrx_word' id='word_1_98' title='bbox 357 1503 599 1573; x_wconf 81' lang='grc' dir='ltr'>στεῖραι,</span> <span class='ocrx_word' id='word_1_99' title='bbox 637 1501 714 1567; x_wconf 80' lang='grc' dir='ltr'>ὡς</span> <span class='ocrx_word' id='word_1_100' title='bbox 739 1502 802 1556; x_wconf 85' lang='grc' dir='ltr'>ἂν</span> <span class='ocrx_word' id='word_1_101' title='bbox 837 1503 910 1575; x_wconf 79' lang='grc' dir='ltr'>μὴ</span> <span class='ocrx_word' id='word_1_102' title='bbox 950 1505 1361 1577; x_wconf 82' lang='grc' dir='ltr'>είσκρινομένης</span> <span class='ocrx_word' id='word_1_103' title='bbox 1384 1506 1481 1576; x_wconf 81' lang='grc' dir='ltr'>τῆς</span> <span class='ocrx_word' id='word_1_104' title='bbox 1506 1504 1603 1576; x_wconf 81' lang='grc' dir='ltr'><strong>τὴν</strong></span> 
     </span>
    </p>
   </div>
   <div class='ocr_carea' id='block_1_16' title="bbox 87 1590 1603 1670">
    <p class='ocr_par' dir='ltr' id='par_1_16' title="bbox 87 1590 1603 1670">
     <span class='ocr_line' id='line_1_16' title="bbox 87 1590 1603 1670; baseline 0.005 -28"><span class='ocrx_word' id='word_1_105' title='bbox 87 1590 152 1642; x_wconf 74' lang='grc' dir='ltr'>τοῦ</span> <span class='ocrx_word' id='word_1_106' title='bbox 191 1592 480 1664; x_wconf 78' lang='grc' dir='ltr'>σπέρματος</span> <span class='ocrx_word' id='word_1_107' title='bbox 529 1596 835 1667; x_wconf 80' lang='grc' dir='ltr'>καταϐολὴν</span> <span class='ocrx_word' id='word_1_108' title='bbox 884 1596 1218 1670; x_wconf 76' lang='grc' dir='ltr'>συναγούσης</span> <span class='ocrx_word' id='word_1_109' title='bbox 1259 1600 1337 1663; x_wconf 77' lang='grc' dir='ltr'><strong>εἰς</strong></span> <span class='ocrx_word' id='word_1_110' title='bbox 1370 1595 1603 1669; x_wconf 78' lang='grc' dir='ltr'>κατοχὴν</span> 
     </span>
    </p>
   </div>
   <div class='ocr_carea' id='block_1_17' title="bbox 87 1683 825 1760">
    <p class='ocr_par' dir='ltr' id='par_1_17' title="bbox 87 1683 825 1760">
     <span class='ocr_line' id='line_1_17' title="bbox 87 1683 825 1760; baseline 0.008 -23"><span class='ocrx_word' id='word_1_111' title='bbox 87 1683 339 1756; x_wconf 75' lang='grc' dir='ltr'>συλλήψεως</span> <span class='ocrx_word' id='word_1_112' title='bbox 365 1686 458 1740; x_wconf 76' lang='grc' dir='ltr'>καὶ</span> <span class='ocrx_word' id='word_1_113' title='bbox 494 1689 825 1760; x_wconf 77' lang='grc' dir='ltr'>γεννήσεως.</span> 
     </span>
    </p>
   </div>
   <div class='ocr_carea' id='block_1_18' title="bbox 132 1947 1601 2022">
    <p class='ocr_par' dir='ltr' id='par_1_18' title="bbox 132 1947 1601 2022">
     <span class='ocr_line' id='line_1_18' title="bbox 132 1947 1601 2022; baseline 0.007 -22"><span class='ocrx_word' id='word_1_114' title='bbox 132 1947 231 2000; x_wconf 75' lang='grc' dir='ltr'><strong>Μ’.</strong></span> <span class='ocrx_word' id='word_1_115' title='bbox 261 1952 321 2002; x_wconf 77' lang='grc' dir='ltr'><strong>οι</strong></span> <span class='ocrx_word' id='word_1_116' title='bbox 337 1949 589 2017; x_wconf 73' lang='grc' dir='ltr'>οὐραγοὶ</span> <span class='ocrx_word' id='word_1_117' title='bbox 619 1949 729 2020; x_wconf 80' lang='lat'><strong>(68)</strong></span> <span class='ocrx_word' id='word_1_118' title='bbox 763 1950 1104 2022; x_wconf 56' lang='grc' dir='ltr'>διηγοῦνται</span> <span class='ocrx_word' id='word_1_119' title='bbox 1133 1953 1321 2020; x_wconf 78' lang='grc' dir='ltr'>δόξαν</span> <span class='ocrx_word' id='word_1_120' title='bbox 1346 1955 1514 2010; x_wconf 83' lang='grc' dir='ltr'>Θεοῦ.</span> <span class='ocrx_word' id='word_1_121' title='bbox 1538 1956 1601 2009; x_wconf 81' lang='lat' dir='ltr'><strong>Ol</strong></span> 
     </span>
    </p>
   </div>
   <div class='ocr_carea' id='block_1_19' title="bbox 82 2040 1603 2119">
    <p class='ocr_par' dir='ltr' id='par_1_19' title="bbox 82 2040 1603 2119">
     <span class='ocr_line' id='line_1_19' title="bbox 82 2040 1603 2119; baseline 0.007 -28"><span class='ocrx_word' id='word_1_122' title='bbox 82 2040 249 2110; x_wconf 70' lang='grc' dir='ltr'>οὐρανοὶ</span> <span class='ocrx_word' id='word_1_123' title='bbox 287 2040 537 2110; x_wconf 80' lang='grc' dir='ltr'>λέγονται</span> <span class='ocrx_word' id='word_1_124' title='bbox 596 2043 903 2115; x_wconf 82' lang='grc' dir='ltr'>πολλαχῶς,</span> <span class='ocrx_word' id='word_1_125' title='bbox 953 2047 1049 2102; x_wconf 79' lang='grc' dir='ltr'>καὶ</span> <span class='ocrx_word' id='word_1_126' title='bbox 1073 2048 1123 2100; x_wconf 87' lang='grc' dir='ltr'>οἱ</span> <span class='ocrx_word' id='word_1_127' title='bbox 1167 2047 1306 2102; x_wconf 81' lang='grc' dir='ltr'>κατὰ</span> <span class='ocrx_word' id='word_1_128' title='bbox 1333 2047 1603 2119; x_wconf 85' lang='grc' dir='ltr'>διάστημα</span> 
     </span>
    </p>
   </div>
   <div class='ocr_carea' id='block_1_20' title="bbox 83 2133 1604 2211">
    <p class='ocr_par' dir='ltr' id='par_1_20' title="bbox 83 2133 1604 2211">
     <span class='ocr_line' id='line_1_20' title="bbox 83 2133 1604 2211; baseline 0.004 -26"><span class='ocrx_word' id='word_1_129' title='bbox 83 2133 146 2185; x_wconf 73' lang='lat' dir='ltr'><strong>ut</strong></span> <span class='ocrx_word' id='word_1_130' title='bbox 166 2134 405 2205; x_wconf 80' lang='grc' dir='ltr'>περίοδον,</span> <span class='ocrx_word' id='word_1_131' title='bbox 454 2134 554 2188; x_wconf 80' lang='grc' dir='ltr'>καὶ</span> <span class='ocrx_word' id='word_1_132' title='bbox 585 2136 640 2188; x_wconf 85' lang='grc' dir='ltr'><strong>οί</strong></span> <span class='ocrx_word' id='word_1_133' title='bbox 670 2135 810 2190; x_wconf 85' lang='grc' dir='ltr'>κατὰ</span> <span class='ocrx_word' id='word_1_134' title='bbox 840 2136 1100 2210; x_wconf 80' lang='grc' dir='ltr'>διαθήκην</span> <span class='ocrx_word' id='word_1_135' title='bbox 1147 2138 1255 2192; x_wconf 80' lang='grc' dir='ltr'><strong>τῶν</strong></span> <span class='ocrx_word' id='word_1_136' title='bbox 1307 2136 1604 2211; x_wconf 62' lang='grc' dir='ltr'>πρωτοκτίι</span> 
     </span>
    </p>
   </div>
   <div class='ocr_carea' id='block_1_21' title="bbox 84 2224 1605 2303">
    <p class='ocr_par' dir='ltr' id='par_1_21' title="bbox 84 2224 1605 2303">
     <span class='ocr_line' id='line_1_21' title="bbox 84 2224 1605 2303; baseline 0.004 -26"><span class='ocrx_word' id='word_1_137' title='bbox 84 2239 185 2277; x_wconf 82' lang='grc' dir='ltr'>πων</span> <span class='ocrx_word' id='word_1_138' title='bbox 216 2224 451 2294; x_wconf 79' lang='grc' dir='ltr'>ἀγγέλων</span> <span class='ocrx_word' id='word_1_139' title='bbox 490 2225 751 2298; x_wconf 74' lang='grc' dir='ltr'>ἐνέργεια</span> <span class='ocrx_word' id='word_1_140' title='bbox 789 2230 1064 2301; x_wconf 85' lang='grc' dir='ltr'>προσεχής</span> <span class='ocrx_word' id='word_1_141' title='bbox 1100 2230 1228 2301; x_wconf 77' lang='grc'><strong>(69)’</strong></span> <span class='ocrx_word' id='word_1_142' title='bbox 1269 2229 1605 2303; x_wconf 80' lang='grc' dir='ltr'>κυριωτέραν</span> 
     </span>
    </p>
   </div>
   <div class='ocr_carea' id='block_1_22' title="bbox 82 2315 1604 2394">
    <p class='ocr_par' dir='ltr' id='par_1_22' title="bbox 82 2315 1604 2394">
     <span class='ocr_line' id='line_1_22' title="bbox 82 2315 1604 2394; baseline 0.006 -27"><span class='ocrx_word' id='word_1_143' title='bbox 82 2315 158 2387; x_wconf 70' lang='grc' dir='ltr'><strong>γὰρ</strong></span> <span class='ocrx_word' id='word_1_144' title='bbox 180 2317 461 2389; x_wconf 73' lang='grc' dir='ltr'>παρουσίαν</span> <span class='ocrx_word' id='word_1_145' title='bbox 485 2317 745 2388; x_wconf 81' lang='grc' dir='ltr'>ἀγγέλων</span> <span class='ocrx_word' id='word_1_146' title='bbox 776 2320 831 2373; x_wconf 82' lang='lat' dir='ltr'><strong>al</strong></span> <span class='ocrx_word' id='word_1_147' title='bbox 867 2319 1121 2391; x_wconf 83' lang='grc' dir='ltr'>διαθῆκαι</span> <span class='ocrx_word' id='word_1_148' title='bbox 1150 2320 1604 2394; x_wconf 65' lang='grc' dir='ltr'>ὲνήργησανῌθ),</span> 
     </span>
    </p>
   </div>
   <div class='ocr_carea' id='block_1_23' title="bbox 83 2406 1608 2484">
    <p class='ocr_par' dir='ltr' id='par_1_23' title="bbox 83 2406 1608 2484">
     <span class='ocr_line' id='line_1_23' title="bbox 83 2406 1608 2484; baseline 0.003 -24"><span class='ocrx_word' id='word_1_149' title='bbox 83 2406 193 2475; x_wconf 73' lang='grc' dir='ltr'><strong>ήὲπὶ</strong></span> <span class='ocrx_word' id='word_1_150' title='bbox 218 2407 394 2479; x_wconf 70' lang='grc' dir='ltr'>Ἀδὰμ,</span> <span class='ocrx_word' id='word_1_151' title='bbox 426 2411 463 2481; x_wconf 77' lang='grc' dir='ltr'><strong>ἡ</strong></span> <span class='ocrx_word' id='word_1_152' title='bbox 483 2411 584 2463; x_wconf 75' lang='grc' dir='ltr'><strong>ἐπὶ</strong></span> <span class='ocrx_word' id='word_1_153' title='bbox 614 2408 763 2473; x_wconf 82' lang='grc' dir='ltr'>Νῶε,</span> <span class='ocrx_word' id='word_1_154' title='bbox 788 2411 823 2481; x_wconf 84' lang='grc' dir='ltr'><strong>ή</strong></span> <span class='ocrx_word' id='word_1_155' title='bbox 849 2411 943 2465; x_wconf 69' lang='grc' dir='ltr'><strong>ἐπὶ</strong></span> <span class='ocrx_word' id='word_1_156' title='bbox 984 2411 1252 2484; x_wconf 71' lang='grc' dir='ltr'>Ἀϐραὰμ,</span> <span class='ocrx_word' id='word_1_157' title='bbox 1270 2415 1304 2484; x_wconf 88' lang='grc' dir='ltr'><strong>ή</strong></span> <span class='ocrx_word' id='word_1_158' title='bbox 1331 2412 1424 2465; x_wconf 72' lang='grc' dir='ltr'><strong>ἐπὶ</strong></span> <span class='ocrx_word' id='word_1_159' title='bbox 1444 2413 1608 2466; x_wconf 62' lang='lat' dir='ltr'><strong>Mmo-</strong></span> 
     </span>
    </p>
   </div>
   <div class='ocr_carea' id='block_1_24' title="bbox 83 2498 1606 2575">
    <p class='ocr_par' dir='ltr' id='par_1_24' title="bbox 83 2498 1606 2575">
     <span class='ocr_line' id='line_1_24' title="bbox 83 2498 1606 2575; baseline 0.003 -23"><span class='ocrx_word' id='word_1_160' title='bbox 83 2498 194 2562; x_wconf 68' lang='grc' dir='ltr'>τέως.</span> <span class='ocrx_word' id='word_1_161' title='bbox 220 2500 309 2554; x_wconf 83' lang='grc' dir='ltr'><strong>Διὰ</strong></span> <span class='ocrx_word' id='word_1_162' title='bbox 332 2500 442 2573; x_wconf 78' lang='grc' dir='ltr'><strong>γὰρ</strong></span> <span class='ocrx_word' id='word_1_163' title='bbox 472 2500 576 2555; x_wconf 80' lang='grc' dir='ltr'>τοῦ</span> <span class='ocrx_word' id='word_1_164' title='bbox 609 2500 820 2572; x_wconf 80' lang='grc' dir='ltr'>Κυρίου</span> <span class='ocrx_word' id='word_1_165' title='bbox 855 2502 1170 2575; x_wconf 75' lang='grc' dir='ltr'>κινηθέντες</span> <span class='ocrx_word' id='word_1_166' title='bbox 1214 2502 1606 2575; x_wconf 88' lang='grc' dir='ltr'>πρωτόκτιστοι</span> 
     </span>
    </p>
   </div>
   <div class='ocr_carea' id='block_1_25' title="bbox 80 2596 1608 2673">
    <p class='ocr_par' dir='ltr' id='par_1_25' title="bbox 80 2596 1608 2673">
     <span class='ocr_line' id='line_1_25' title="bbox 80 2596 1608 2673; baseline -0.003 -17"><span class='ocrx_word' id='word_1_167' title='bbox 80 2596 261 2666; x_wconf 70' lang='grc' dir='ltr'>ἄγγελοι,</span> <span class='ocrx_word' id='word_1_168' title='bbox 274 2602 539 2673; x_wconf 73' lang='grc' dir='ltr'>ἐνήργουν</span> <span class='ocrx_word' id='word_1_169' title='bbox 570 2603 658 2667; x_wconf 81' lang='grc' dir='ltr'><strong>είς</strong></span> <span class='ocrx_word' id='word_1_170' title='bbox 684 2601 810 2664; x_wconf 85' lang='grc' dir='ltr'>τοὺς</span> <span class='ocrx_word' id='word_1_171' title='bbox 840 2602 1128 2672; x_wconf 85' lang='grc' dir='ltr'>προσεχεῖς</span> <span class='ocrx_word' id='word_1_172' title='bbox 1152 2603 1265 2665; x_wconf 83' lang='grc' dir='ltr'>τοῖς</span> <span class='ocrx_word' id='word_1_173' title='bbox 1304 2600 1608 2671; x_wconf 80' lang='grc' dir='ltr'>προφήταις</span> 
     </span>
    </p>
   </div>
   <div class='ocr_carea' id='block_1_26' title="bbox 80 2688 1608 2765">
    <p class='ocr_par' dir='ltr' id='par_1_26' title="bbox 80 2688 1608 2765">
     <span class='ocr_line' id='line_1_26' title="bbox 80 2688 1608 2765; baseline -0.001 -19"><span class='ocrx_word' id='word_1_174' title='bbox 80 2688 302 2759; x_wconf 72' lang='grc' dir='ltr'>ἀγγέλους,</span> <span class='ocrx_word' id='word_1_175' title='bbox 337 2693 648 2765; x_wconf 74' lang='grc' dir='ltr'>ἡγούμενοι</span> <span class='ocrx_word' id='word_1_176' title='bbox 674 2692 831 2760; x_wconf 80' lang='grc' dir='ltr'>δόξαν</span> <span class='ocrx_word' id='word_1_177' title='bbox 850 2691 1119 2757; x_wconf 79' lang='grc' dir='ltr'>Θεοῦ,τὰς</span> <span class='ocrx_word' id='word_1_178' title='bbox 1143 2691 1425 2763; x_wconf 81' lang='grc' dir='ltr'>διαθήκας.</span> <span class='ocrx_word' id='word_1_179' title='bbox 1452 2691 1608 2744; x_wconf 81' lang='grc' dir='ltr'>Ἀλλὰ</span> 
     </span>
    </p>
   </div>
   <div class='ocr_carea' id='block_1_27' title="bbox 82 2781 1608 2859">
    <p class='ocr_par' dir='ltr' id='par_1_27' title="bbox 82 2781 1608 2859">
     <span class='ocr_line' id='line_1_27' title="bbox 82 2781 1608 2859; baseline 0.002 -27"><span class='ocrx_word' id='word_1_180' title='bbox 82 2781 147 2833; x_wconf 73' lang='lat' dir='ltr'><strong>ul</strong></span> <span class='ocrx_word' id='word_1_181' title='bbox 170 2782 227 2837; x_wconf 80' lang='grc' dir='ltr'>τὰ</span> <span class='ocrx_word' id='word_1_182' title='bbox 259 2785 393 2840; x_wconf 82' lang='grc' dir='ltr'>κατὰ</span> <span class='ocrx_word' id='word_1_183' title='bbox 419 2786 523 2859; x_wconf 79' lang='grc' dir='ltr'>τὴν</span> <span class='ocrx_word' id='word_1_184' title='bbox 565 2787 678 2858; x_wconf 82' lang='grc' dir='ltr'>γῆν</span> <span class='ocrx_word' id='word_1_185' title='bbox 716 2787 978 2858; x_wconf 81' lang='grc' dir='ltr'>γενόμενα</span> <span class='ocrx_word' id='word_1_186' title='bbox 1007 2786 1098 2839; x_wconf 80' lang='grc' dir='ltr'><strong>ὑπ’</strong></span> <span class='ocrx_word' id='word_1_187' title='bbox 1128 2784 1374 2854; x_wconf 82' lang='grc' dir='ltr'>ἀγγέλων</span> <span class='ocrx_word' id='word_1_188' title='bbox 1387 2784 1474 2838; x_wconf 85' lang='grc' dir='ltr'><strong>διὰ</strong></span> <span class='ocrx_word' id='word_1_189' title='bbox 1503 2784 1608 2837; x_wconf 84' lang='grc' dir='ltr'><strong>τῶν</strong></span> 
     </span>
    </p>
   </div>
   <div class='ocr_carea' id='block_1_28' title="bbox 80 2876 1462 2949">
    <p class='ocr_par' dir='ltr' id='par_1_28' title="bbox 80 2876 1462 2949">
     <span class='ocr_line' id='line_1_28' title="bbox 80 2876 1462 2949; baseline -0.001 -18"><span class='ocrx_word' id='word_1_190' title='bbox 80 2878 435 2944; x_wconf 68' lang='grc' dir='ltr'>προηοκτίστων</span> <span class='ocrx_word' id='word_1_191' title='bbox 468 2879 730 2949; x_wconf 81' lang='grc' dir='ltr'>ἀγγέλων</span> <span class='ocrx_word' id='word_1_192' title='bbox 761 2879 1005 2947; x_wconf 75' lang='grc' dir='ltr'>ἐγένοντο</span> <span class='ocrx_word' id='word_1_193' title='bbox 1030 2878 1109 2942; x_wconf 86' lang='grc' dir='ltr'><strong>είς</strong></span> <span class='ocrx_word' id='word_1_194' title='bbox 1126 2876 1282 2944; x_wconf 81' lang='grc' dir='ltr'>δόξαν</span> <span class='ocrx_word' id='word_1_195' title='bbox 1307 2876 1462 2930; x_wconf 73' lang='grc' dir='ltr'>Θεοῦ.</span> 
     </span>
    </p>
   </div>
   <div class='ocr_carea' id='block_1_29' title="bbox 125 3073 1607 3151">
    <p class='ocr_par' dir='ltr' id='par_1_29' title="bbox 125 3073 1607 3151">
     <span class='ocr_line' id='line_1_29' title="bbox 125 3073 1607 3151; baseline 0 -23"><span class='ocrx_word' id='word_1_196' title='bbox 125 3075 224 3130; x_wconf 79' lang='lat' dir='ltr'><strong>NB&#39;.</strong></span> <span class='ocrx_word' id='word_1_197' title='bbox 271 3077 585 3134; x_wconf 74' lang='grc' dir='ltr'>Καλοῧνται</span> <span class='ocrx_word' id='word_1_198' title='bbox 616 3076 676 3133; x_wconf 75' lang='grc' dir='ltr'>δὲ</span> <span class='ocrx_word' id='word_1_199' title='bbox 704 3079 919 3151; x_wconf 75' lang='grc' dir='ltr'>οὐρανοὶ</span> <span class='ocrx_word' id='word_1_200' title='bbox 948 3077 1151 3151; x_wconf 88' lang='grc' dir='ltr'>κυρίως</span> <span class='ocrx_word' id='word_1_201' title='bbox 1183 3077 1283 3149; x_wconf 83' lang='grc' dir='ltr'>μὲν</span> <span class='ocrx_word' id='word_1_202' title='bbox 1310 3078 1339 3131; x_wconf 85' lang='grc' dir='ltr'><strong>δ</strong></span> <span class='ocrx_word' id='word_1_203' title='bbox 1386 3073 1607 3147; x_wconf 81' lang='grc' dir='ltr'>Κύριος,</span> 
     </span>
    </p>
   </div>
   <div class='ocr_carea' id='block_1_30' title="bbox 80 3164 1678 3266">
    <p class='ocr_par' dir='ltr' id='par_1_30' title="bbox 80 3164 1678 3266">
     <span class='ocr_line' id='line_1_30' title="bbox 80 3164 1678 3266; baseline 0.005 -50"><span class='ocrx_word' id='word_1_204' title='bbox 80 3164 219 3223; x_wconf 74' lang='grc' dir='ltr'>ἔπειτα</span> <span class='ocrx_word' id='word_1_205' title='bbox 253 3168 304 3224; x_wconf 79' lang='grc' dir='ltr'>δὲ</span> <span class='ocrx_word' id='word_1_206' title='bbox 336 3173 432 3225; x_wconf 75' lang='grc' dir='ltr'>καὶ</span> <span class='ocrx_word' id='word_1_207' title='bbox 461 3173 515 3225; x_wconf 84' lang='grc' dir='ltr'>οἱ</span> <span class='ocrx_word' id='word_1_208' title='bbox 548 3169 973 3241; x_wconf 83' lang='grc' dir='ltr'>πρωτόκτιστοι,</span> <span class='ocrx_word' id='word_1_209' title='bbox 1003 3168 1119 3242; x_wconf 87' lang='grc' dir='ltr'>μεθ’</span> <span class='ocrx_word' id='word_1_210' title='bbox 1148 3168 1241 3233; x_wconf 83' lang='grc' dir='ltr'>οὒς</span> <span class='ocrx_word' id='word_1_211' title='bbox 1267 3168 1360 3223; x_wconf 74' lang='grc' dir='ltr'><strong>καὶ</strong></span> <span class='ocrx_word' id='word_1_212' title='bbox 1382 3169 1433 3221; x_wconf 90' lang='grc' dir='ltr'><strong>οί</strong></span> <span class='ocrx_word' id='word_1_213' title='bbox 1465 3168 1607 3237; x_wconf 68' lang='grc' dir='ltr'>ἅγιοι</span> <span class='ocrx_word' id='word_1_214' title='bbox 1635 3208 1678 3266; x_wconf 73' lang='lat' dir='ltr'>C</span> 
     </span>
    </p>
   </div>
   <div class='ocr_carea' id='block_1_31' title="bbox 78 3260 1609 3335">
    <p class='ocr_par' dir='ltr' id='par_1_31' title="bbox 78 3260 1609 3335">
     <span class='ocr_line' id='line_1_31' title="bbox 78 3260 1609 3335; baseline 0.006 -29"><span class='ocrx_word' id='word_1_215' title='bbox 78 3260 153 3327; x_wconf 73' lang='grc' dir='ltr'><strong>πρὸ</strong></span> <span class='ocrx_word' id='word_1_216' title='bbox 170 3260 315 3332; x_wconf 82' lang='grc' dir='ltr'>νόμου</span> <span class='ocrx_word' id='word_1_217' title='bbox 340 3263 657 3335; x_wconf 72' lang='grc' dir='ltr'>ἄνθρωποι,</span> <span class='ocrx_word' id='word_1_218' title='bbox 688 3260 763 3327; x_wconf 83' lang='grc' dir='ltr'>ὼς</span> <span class='ocrx_word' id='word_1_219' title='bbox 792 3264 841 3316; x_wconf 85' lang='grc' dir='ltr'><strong>οί</strong></span> <span class='ocrx_word' id='word_1_220' title='bbox 887 3261 1221 3335; x_wconf 82' lang='grc' dir='ltr'>πατριάρχαι</span> <span class='ocrx_word' id='word_1_221' title='bbox 1242 3262 1336 3315; x_wconf 71' lang='grc' dir='ltr'>καὶ</span> <span class='ocrx_word' id='word_1_222' title='bbox 1370 3262 1609 3333; x_wconf 78' lang='grc' dir='ltr'>Μωῡσῆς</span> 
     </span>
    </p>
   </div>
   <div class='ocr_carea' id='block_1_32' title="bbox 81 3350 1612 3428">
    <p class='ocr_par' dir='ltr' id='par_1_32' title="bbox 81 3350 1612 3428">
     <span class='ocr_line' id='line_1_32' title="bbox 81 3350 1612 3428; baseline 0.004 -27"><span class='ocrx_word' id='word_1_223' title='bbox 81 3350 145 3402; x_wconf 68' lang='grc' dir='ltr'>καὶ</span> <span class='ocrx_word' id='word_1_224' title='bbox 168 3354 207 3406; x_wconf 87' lang='grc' dir='ltr'><strong>οί</strong></span> <span class='ocrx_word' id='word_1_225' title='bbox 234 3357 523 3428; x_wconf 79' lang='grc' dir='ltr'>προφῆται·</span> <span class='ocrx_word' id='word_1_226' title='bbox 549 3352 681 3410; x_wconf 72' lang='grc' dir='ltr'>εἶτα</span> <span class='ocrx_word' id='word_1_227' title='bbox 717 3355 811 3411; x_wconf 74' lang='grc' dir='ltr'>καὶ</span> <span class='ocrx_word' id='word_1_228' title='bbox 835 3357 885 3409; x_wconf 85' lang='grc' dir='ltr'>οἱ</span> <span class='ocrx_word' id='word_1_229' title='bbox 914 3353 1218 3411; x_wconf 83' lang='grc' dir='ltr'>ἀπόστολοι.</span> <span class='ocrx_word' id='word_1_230' title='bbox 1248 3354 1503 3420; x_wconf 78' lang='grc' dir='ltr'>Ποίησιν</span> <span class='ocrx_word' id='word_1_231' title='bbox 1542 3353 1612 3407; x_wconf 82' lang='grc' dir='ltr'>δὲ</span> 
     </span>
    </p>
   </div>
   <div class='ocr_carea' id='block_1_33' title="bbox 78 3428 1611 3518">
    <p class='ocr_par' dir='ltr' id='par_1_33' title="bbox 78 3428 1611 3518">
     <span class='ocr_line' id='line_1_33' title="bbox 78 3428 1611 3518; baseline -0.006 -11"><span class='ocrx_word' id='word_1_232' title='bbox 78 3443 239 3512; x_wconf 67' lang='grc' dir='ltr'>Ζειριῖιν</span> <span class='ocrx_word' id='word_1_233' title='bbox 264 3448 450 3503; x_wconf 84' lang='grc' dir='ltr'>αὑτοῦ</span> <span class='ocrx_word' id='word_1_234' title='bbox 486 3428 859 3517; x_wconf 62' lang='grc' dir='ltr'>ἀναγγέλλει</span> <span class='ocrx_word' id='word_1_235' title='bbox 890 3446 956 3502; x_wconf 82' lang='grc' dir='ltr'>τὸ</span> <span class='ocrx_word' id='word_1_236' title='bbox 978 3448 1297 3517; x_wconf 80' lang='grc' dir='ltr'>στερέωμα.</span> <span class='ocrx_word' id='word_1_237' title='bbox 1317 3446 1611 3518; x_wconf 84' lang='grc' dir='ltr'>Στερέωμα</span> 
     </span>
    </p>
   </div>
   <div class='ocr_carea' id='block_1_34' title="bbox 76 3534 1613 3619">
    <p class='ocr_par' dir='ltr' id='par_1_34' title="bbox 76 3534 1613 3619">
     <span class='ocr_line' id='line_1_34' title="bbox 76 3534 1613 3619; baseline 0.006 -28"><span class='ocrx_word' id='word_1_238' title='bbox 76 3534 182 3607; x_wconf 65' lang='grc' dir='ltr'>λέγει</span> <span class='ocrx_word' id='word_1_239' title='bbox 200 3543 280 3597; x_wconf 82' lang='grc' dir='ltr'>τὸν</span> <span class='ocrx_word' id='word_1_240' title='bbox 307 3546 440 3601; x_wconf 82' lang='grc' dir='ltr'><strong>Θεὸν</strong></span> <span class='ocrx_word' id='word_1_241' title='bbox 482 3547 583 3600; x_wconf 83' lang='grc' dir='ltr'>τὸν</span> <span class='ocrx_word' id='word_1_242' title='bbox 628 3546 811 3619; x_wconf 78' lang='grc' dir='ltr'>ἀπαθῆ</span> <span class='ocrx_word' id='word_1_243' title='bbox 838 3546 932 3601; x_wconf 77' lang='grc' dir='ltr'>καὶ</span> <span class='ocrx_word' id='word_1_244' title='bbox 984 3547 1375 3618; x_wconf 83' lang='grc' dir='ltr'>ἀμετάϐλητον,</span> <span class='ocrx_word' id='word_1_245' title='bbox 1411 3546 1487 3610; x_wconf 86' lang='grc' dir='ltr'>ὡς</span> <span class='ocrx_word' id='word_1_246' title='bbox 1518 3546 1613 3600; x_wconf 76' lang='grc' dir='ltr'>καὶ</span> 
     </span>
    </p>
   </div>
   <div class='ocr_carea' id='block_1_35' title="bbox 76 3628 1611 3711">
    <p class='ocr_par' dir='ltr' id='par_1_35' title="bbox 76 3628 1611 3711">
     <span class='ocr_line' id='line_1_35' title="bbox 76 3628 1611 3711; baseline 0 -18"><span class='ocrx_word' id='word_1_247' title='bbox 76 3628 232 3706; x_wconf 70' lang='grc' dir='ltr'>ἀλλαχῆ</span> <span class='ocrx_word' id='word_1_248' title='bbox 258 3640 285 3691; x_wconf 84' lang='grc' dir='ltr'><strong>ὁ</strong></span> <span class='ocrx_word' id='word_1_249' title='bbox 309 3640 474 3704; x_wconf 77' lang='grc' dir='ltr'>αὐτὸς</span> <span class='ocrx_word' id='word_1_250' title='bbox 490 3638 692 3700; x_wconf 72' lang='grc' dir='ltr'>Δαϐὶδ.</span> <span class='ocrx_word' id='word_1_251' title='bbox 721 3632 1024 3710; x_wconf 68' lang='grc' dir='ltr'>Ἀγαπήσω</span> <span class='ocrx_word' id='word_1_252' title='bbox 1039 3655 1132 3704; x_wconf 82' lang='grc' dir='ltr'><strong>σε,</strong></span> <span class='ocrx_word' id='word_1_253' title='bbox 1157 3641 1353 3710; x_wconf 82' lang='grc' dir='ltr'>Κύριε,</span> <span class='ocrx_word' id='word_1_254' title='bbox 1378 3641 1415 3708; x_wconf 80' lang='grc' dir='ltr'>ἡ</span> <span class='ocrx_word' id='word_1_255' title='bbox 1432 3640 1611 3711; x_wconf 80' lang='grc' dir='ltr'>ίσχύς</span> 
     </span>
    </p>
   </div>
   <div class='ocr_carea' id='block_1_36' title="bbox 73 3729 1608 3802">
    <p class='ocr_par' dir='ltr' id='par_1_36' title="bbox 73 3729 1608 3802">
     <span class='ocr_line' id='line_1_36' title="bbox 73 3729 1608 3802; baseline -0.001 -16"><span class='ocrx_word' id='word_1_256' title='bbox 73 3737 173 3786; x_wconf 73' lang='grc' dir='ltr'><strong>μου.</strong></span> <span class='ocrx_word' id='word_1_257' title='bbox 198 3729 398 3799; x_wconf 81' lang='grc' dir='ltr'>Κύριος</span> <span class='ocrx_word' id='word_1_258' title='bbox 430 3730 753 3800; x_wconf 81' lang='grc' dir='ltr'>στερέωμά</span> <span class='ocrx_word' id='word_1_259' title='bbox 792 3749 932 3800; x_wconf 82' lang='grc' dir='ltr'>μου,</span> <span class='ocrx_word' id='word_1_260' title='bbox 987 3731 1087 3786; x_wconf 83' lang='grc' dir='ltr'>καὶ</span> <span class='ocrx_word' id='word_1_261' title='bbox 1132 3732 1440 3802; x_wconf 71' lang='grc' dir='ltr'>καταφυγή</span> <span class='ocrx_word' id='word_1_262' title='bbox 1469 3750 1608 3802; x_wconf 82' lang='grc' dir='ltr'>μου.</span> 
     </span>
    </p>
   </div>
   <div class='ocr_carea' id='block_1_37' title="bbox 74 3813 1611 3897">
    <p class='ocr_par' dir='ltr' id='par_1_37' title="bbox 74 3813 1611 3897">
     <span class='ocr_line' id='line_1_37' title="bbox 74 3813 1611 3897; baseline 0.003 -25"><span class='ocrx_word' id='word_1_263' title='bbox 74 3813 152 3886; x_wconf 69' lang='grc' dir='ltr'><strong>Τὴν</strong></span> <span class='ocrx_word' id='word_1_264' title='bbox 166 3822 360 3893; x_wconf 71' lang='grc' dir='ltr'>ποίησιν</span> <span class='ocrx_word' id='word_1_265' title='bbox 383 3819 483 3877; x_wconf 77' lang='grc' dir='ltr'>οὖν</span> <span class='ocrx_word' id='word_1_266' title='bbox 519 3822 640 3877; x_wconf 81' lang='grc' dir='ltr'>τῶν</span> <span class='ocrx_word' id='word_1_267' title='bbox 659 3822 854 3894; x_wconf 84' lang='grc' dir='ltr'>χειρῶν</span> <span class='ocrx_word' id='word_1_268' title='bbox 874 3823 1039 3878; x_wconf 79' lang='grc' dir='ltr'>αὑτοῦ</span> <span class='ocrx_word' id='word_1_269' title='bbox 1075 3824 1206 3878; x_wconf 77' lang='grc' dir='ltr'>αὐτὸ</span> <span class='ocrx_word' id='word_1_270' title='bbox 1232 3824 1293 3878; x_wconf 80' lang='grc' dir='ltr'>τὸ</span> <span class='ocrx_word' id='word_1_271' title='bbox 1327 3824 1611 3897; x_wconf 84' lang='grc' dir='ltr'>στερέωμα</span> 
     </span>
    </p>
   </div>
   <div class='ocr_carea' id='block_1_38' title="bbox 74 3902 1613 3987">
    <p class='ocr_par' dir='ltr' id='par_1_38' title="bbox 74 3902 1613 3987">
     <span class='ocr_line' id='line_1_38' title="bbox 74 3902 1613 3987; baseline 0.003 -23"><span class='ocrx_word' id='word_1_272' title='bbox 74 3902 351 3977; x_wconf 68' lang='grc' dir='ltr'>ἀναγγέλλει,</span> <span class='ocrx_word' id='word_1_273' title='bbox 371 3914 672 3967; x_wconf 78' lang='grc' dir='ltr'>τουτέστιν</span> <span class='ocrx_word' id='word_1_274' title='bbox 699 3911 935 3967; x_wconf 85' lang='grc' dir='ltr'>δείκνυσι</span> <span class='ocrx_word' id='word_1_275' title='bbox 959 3914 1055 3968; x_wconf 70' lang='grc' dir='ltr'><strong>κει.)⁸</strong></span> <span class='ocrx_word' id='word_1_276' title='bbox 1080 3913 1255 3983; x_wconf 81' lang='grc' dir='ltr'>φαίνει</span> <span class='ocrx_word' id='word_1_277' title='bbox 1272 3914 1369 3987; x_wconf 79' lang='grc' dir='ltr'><strong>τήν</strong></span> <span class='ocrx_word' id='word_1_278' title='bbox 1394 3913 1613 3986; x_wconf 83' lang='grc' dir='ltr'>ποίησιν</span> 
     </span>
    </p>
   </div>
   <div class='ocr_carea' id='block_1_39' title="bbox 70 3996 1612 4144">
    <p class='ocr_par' dir='ltr' id='par_1_39' title="bbox 70 3996 1612 4144">
     <span class='ocr_line' id='line_1_39' title="bbox 70 3996 1612 4144; baseline 0.002 -85"><span class='ocrx_word' id='word_1_279' title='bbox 70 3996 389 4144; x_wconf 76' lang='grc' dir='ltr'>ἀγγέλων</span> <span class='ocrx_word' id='word_1_280' title='bbox 414 4004 621 4061; x_wconf 81' lang='grc' dir='ltr'>αὑτοῦ·</span> <span class='ocrx_word' id='word_1_281' title='bbox 652 4004 970 4074; x_wconf 79' lang='grc' dir='ltr'>ἀναγγέλλει</span> <span class='ocrx_word' id='word_1_282' title='bbox 991 4005 1100 4079; x_wconf 82' lang='grc' dir='ltr'><strong>γὰρ</strong></span> <span class='ocrx_word' id='word_1_283' title='bbox 1119 4007 1214 4061; x_wconf 66' lang='grc' dir='ltr'><strong>καὶ¹</strong></span> <span class='ocrx_word' id='word_1_284' title='bbox 1235 4005 1505 4061; x_wconf 87' lang='grc' dir='ltr'>δείκνυσιν</span> <span class='ocrx_word' id='word_1_285' title='bbox 1519 4007 1612 4073; x_wconf 80' lang='grc' dir='ltr'>οὓς</span> 
     </span>
     <span class='ocr_line' id='line_1_40' title="bbox 159 4110 293 4144; baseline 0 0"><span class='ocrx_word' id='word_1_286' title='bbox 159 4110 293 4144; x_wconf 58' lang='grc' dir='ltr'>ησῃι</span> 
     </span>
    </p>
   </div>
   <div class='ocr_carea' id='block_1_40' title="bbox 159 4110 294 4165">
    <p class='ocr_par' dir='ltr' id='par_1_40' title="bbox 159 4110 294 4165">
     <span class='ocr_line' id='line_1_41' title="bbox 159 4110 294 4165; baseline 0.007 -14"><span class='ocrx_word' id='word_1_287' title='bbox 159 4110 294 4165; x_wconf 65' lang='lat' dir='ltr'><strong>qm.</strong></span> 
     </span>
    </p>
   </div>
   <div class='ocr_carea' id='block_1_41' title="bbox 120 4291 1611 4367">
    <p class='ocr_par' dir='ltr' id='par_1_41' title="bbox 120 4291 1611 4367">
     <span class='ocr_line' id='line_1_42' title="bbox 120 4291 1611 4367; baseline 0.004 -22"><span class='ocrx_word' id='word_1_288' title='bbox 120 4291 216 4348; x_wconf 76' lang='lat' dir='ltr'><strong>NI‘.</strong></span> <span class='ocrx_word' id='word_1_289' title='bbox 265 4296 483 4365; x_wconf 82' lang='grc' dir='ltr'>Ἡμέρα</span> <span class='ocrx_word' id='word_1_290' title='bbox 532 4291 619 4364; x_wconf 77' lang='grc' dir='ltr'>τῇ</span> <span class='ocrx_word' id='word_1_291' title='bbox 674 4294 860 4364; x_wconf 79' lang='grc' dir='ltr'>ἡμέρᾳ</span> <span class='ocrx_word' id='word_1_292' title='bbox 883 4292 1185 4367; x_wconf 80' lang='grc' dir='ltr'>ἐρεύγεται</span> <span class='ocrx_word' id='word_1_293' title='bbox 1206 4296 1391 4366; x_wconf 77' lang='grc' dir='ltr'>ῥῆμα.</span> <span class='ocrx_word' id='word_1_294' title='bbox 1440 4296 1527 4361; x_wconf 82' lang='grc' dir='ltr'>Ὧς</span> <span class='ocrx_word' id='word_1_295' title='bbox 1562 4299 1611 4351; x_wconf 87' lang='grc' dir='ltr'><strong>οί</strong></span> 
     </span>
    </p>
   </div>
   <div class='ocr_carea' id='block_1_42' title="bbox 67 4380 1612 4461">
    <p class='ocr_par' dir='ltr' id='par_1_42' title="bbox 67 4380 1612 4461">
     <span class='ocr_line' id='line_1_43' title="bbox 67 4380 1612 4461; baseline 0.007 -30"><span class='ocrx_word' id='word_1_296' title='bbox 67 4380 232 4452; x_wconf 69' lang='grc' dir='ltr'>οὐρανοὶ</span> <span class='ocrx_word' id='word_1_297' title='bbox 264 4386 584 4460; x_wconf 76' lang='grc' dir='ltr'>πολλαχῶς,</span> <span class='ocrx_word' id='word_1_298' title='bbox 620 4384 792 4450; x_wconf 70' lang='grc' dir='ltr'>οὕτως</span> <span class='ocrx_word' id='word_1_299' title='bbox 830 4388 926 4441; x_wconf 80' lang='grc' dir='ltr'>καὶ</span> <span class='ocrx_word' id='word_1_300' title='bbox 956 4389 989 4459; x_wconf 79' lang='grc' dir='ltr'><strong>ἡ</strong></span> <span class='ocrx_word' id='word_1_301' title='bbox 1018 4387 1215 4459; x_wconf 78' lang='grc' dir='ltr'>ἡμέρα.</span> <span class='ocrx_word' id='word_1_302' title='bbox 1263 4388 1451 4461; x_wconf 79' lang='grc' dir='ltr'>Ῥἦμα⁸</span> <span class='ocrx_word' id='word_1_303' title='bbox 1472 4387 1529 4441; x_wconf 86' lang='grc' dir='ltr'>δὲ</span> <span class='ocrx_word' id='word_1_304' title='bbox 1583 4391 1612 4443; x_wconf 86' lang='grc' dir='ltr'><strong>δ</strong></span> 
     </span>
    </p>
   </div>
   <div class='ocr_carea' id='block_1_43' title="bbox 69 4470 1610 4552">
    <p class='ocr_par' dir='ltr' id='par_1_43' title="bbox 69 4470 1610 4552">
     <span class='ocr_line' id='line_1_44' title="bbox 69 4470 1610 4552; baseline 0.002 -21"><span class='ocrx_word' id='word_1_305' title='bbox 69 4470 240 4543; x_wconf 52' lang='lat' dir='ltr'><strong>“(nec</strong></span> <span class='ocrx_word' id='word_1_306' title='bbox 269 4479 359 4533; x_wconf 71' lang='grc' dir='ltr'>καὶ</span> <span class='ocrx_word' id='word_1_307' title='bbox 383 4481 414 4534; x_wconf 84' lang='grc' dir='ltr'><strong>ὁ</strong></span> <span class='ocrx_word' id='word_1_308' title='bbox 453 4477 635 4541; x_wconf 76' lang='grc' dir='ltr'>αὐτὸς</span> <span class='ocrx_word' id='word_1_309' title='bbox 665 4476 723 4531; x_wconf 76' lang='grc' dir='ltr'>δὲ</span> <span class='ocrx_word' id='word_1_310' title='bbox 759 4478 940 4552; x_wconf 73' lang='grc' dir='ltr'>ἡμέρα</span> <span class='ocrx_word' id='word_1_311' title='bbox 966 4479 1208 4551; x_wconf 80' lang='grc' dir='ltr'>πολλαχῆ</span> <span class='ocrx_word' id='word_1_312' title='bbox 1237 4478 1470 4551; x_wconf 79' lang='grc' dir='ltr'>εἴρηται.</span> <span class='ocrx_word' id='word_1_313' title='bbox 1496 4479 1610 4534; x_wconf 81' lang='grc' dir='ltr'><strong>Καὶ</strong></span> 
     </span>
    </p>
   </div>
   <div class='ocr_carea' id='block_1_44' title="bbox 1698 566 3417 671">
    <p class='ocr_par' dir='ltr' id='par_1_44' title="bbox 1698 566 3417 671">
     <span class='ocr_line' id='line_1_45' title="bbox 1698 566 3417 671; baseline -0.006 -28"><span class='ocrx_word' id='word_1_314' title='bbox 1698 588 1891 643; x_wconf 91' lang='lat' dir='ltr'><strong>tricem</strong></span> <span class='ocrx_word' id='word_1_315' title='bbox 1924 603 2024 659; x_wconf 89' lang='lat' dir='ltr'><strong>per</strong></span> <span class='ocrx_word' id='word_1_316' title='bbox 2047 586 2494 642; x_wconf 87' lang='lat' dir='ltr'><strong>emundationem</strong></span> <span class='ocrx_word' id='word_1_317' title='bbox 2526 582 2594 637; x_wconf 84' lang='lat' dir='ltr'><strong>ad</strong></span> <span class='ocrx_word' id='word_1_318' title='bbox 2644 582 2813 639; x_wconf 88' lang='lat' dir='ltr'><strong>fetum</strong></span> <span class='ocrx_word' id='word_1_319' title='bbox 2846 579 3266 651; x_wconf 84' lang='lat' dir='ltr'><strong>concipiendum</strong></span> <span class='ocrx_word' id='word_1_320' title='bbox 3365 566 3417 671; x_wconf 39' lang='lat'><strong>3::</strong></span> 
     </span>
    </p>
   </div>
   <div class='ocr_carea' id='block_1_45' title="bbox 1697 669 3266 751">
    <p class='ocr_par' dir='ltr' id='par_1_45' title="bbox 1697 669 3266 751">
     <span class='ocr_line' id='line_1_46' title="bbox 1697 669 3266 751; baseline -0.009 -16"><span class='ocrx_word' id='word_1_321' title='bbox 1697 680 1834 735; x_wconf 87' lang='lat' dir='ltr'><strong>bene</strong></span> <span class='ocrx_word' id='word_1_322' title='bbox 1882 689 2269 751; x_wconf 68' lang='lat' dir='ltr'><strong>praeparatam.</strong></span> <span class='ocrx_word' id='word_1_323' title='bbox 2300 685 2465 747; x_wconf 84' lang='lat' dir='ltr'><strong>atque</strong></span> <span class='ocrx_word' id='word_1_324' title='bbox 2510 675 2583 729; x_wconf 87' lang='lat' dir='ltr'><strong>ab</strong></span> <span class='ocrx_word' id='word_1_325' title='bbox 2620 676 2936 747; x_wconf 74' lang='lat' dir='ltr'><strong>angelorum</strong></span> <span class='ocrx_word' id='word_1_326' title='bbox 2966 673 3149 742; x_wconf 84' lang='lat' dir='ltr'><strong>aliquo</strong></span> <span class='ocrx_word' id='word_1_327' title='bbox 3176 669 3266 740; x_wconf 90' lang='lat' dir='ltr'><strong>qui</strong></span> 
     </span>
    </p>
   </div>
   <div class='ocr_carea' id='block_1_46' title="bbox 1698 760 3413 843">
    <p class='ocr_par' dir='ltr' id='par_1_46' title="bbox 1698 760 3413 843">
     <span class='ocr_line' id='line_1_47' title="bbox 1698 760 3413 843; baseline -0.006 -17"><span class='ocrx_word' id='word_1_328' title='bbox 1698 771 1979 826; x_wconf 80' lang='lat' dir='ltr'><strong>hominum</strong></span> <span class='ocrx_word' id='word_1_329' title='bbox 2003 771 2344 843; x_wconf 87' lang='lat' dir='ltr'><strong>generationi</strong></span> <span class='ocrx_word' id='word_1_330' title='bbox 2375 773 2622 841; x_wconf 63' lang='lat' dir='ltr'><strong>praesunt</strong></span> <span class='ocrx_word' id='word_1_331' title='bbox 2651 765 2911 829; x_wconf 75' lang='lat' dir='ltr'><strong>infusam,</strong></span> <span class='ocrx_word' id='word_1_332' title='bbox 2941 760 3039 834; x_wconf 82' lang='lat' dir='ltr'><strong>qui</strong></span> <span class='ocrx_word' id='word_1_333' title='bbox 3063 772 3119 820; x_wconf 86' lang='lat' dir='ltr'><strong>et</strong></span> <span class='ocrx_word' id='word_1_334' title='bbox 3141 777 3286 817; x_wconf 65' lang='lat' dir='ltr'><strong>mur</strong></span> <span class='ocrx_word' id='word_1_335' title='bbox 3340 791 3348 797; x_wconf 92' lang='lat'><strong>-</strong></span> <span class='ocrx_word' id='word_1_336' title='bbox 3384 776 3413 843; x_wconf 35' lang='lat'><strong>’3</strong></span> 
     </span>
    </p>
   </div>
   <div class='ocr_carea' id='block_1_47' title="bbox 3330 798 3415 914">
    <p class='ocr_par' dir='ltr' id='par_1_47' title="bbox 3330 798 3415 914">
     <span class='ocr_line' id='line_1_48' title="bbox 3330 798 3415 914; baseline 0 -80"><span class='ocrx_word' id='word_1_337' title='bbox 3330 798 3415 914; x_wconf 39' lang='grc' dir='ltr'>α.</span> 
     </span>
    </p>
   </div>
   <div class='ocr_carea' id='block_1_48' title="bbox 1698 856 3271 935">
    <p class='ocr_par' dir='ltr' id='par_1_48' title="bbox 1698 856 3271 935">
     <span class='ocr_line' id='line_1_49' title="bbox 1698 856 3271 935; baseline -0.006 -16"><span class='ocrx_word' id='word_1_338' title='bbox 1698 864 1969 935; x_wconf 89' lang='lat' dir='ltr'><strong>ceptionis</strong></span> <span class='ocrx_word' id='word_1_339' title='bbox 1996 863 2462 934; x_wconf 72' lang='lat' dir='ltr'><strong>opportunitatem</strong></span> <span class='ocrx_word' id='word_1_340' title='bbox 2490 860 2895 927; x_wconf 80' lang='lat' dir='ltr'><strong>articulnmque</strong></span> <span class='ocrx_word' id='word_1_341' title='bbox 2934 856 3139 926; x_wconf 89' lang='lat' dir='ltr'><strong>optime</strong></span> <span class='ocrx_word' id='word_1_342' title='bbox 3179 870 3271 911; x_wconf 89' lang='lat' dir='ltr'><strong>co-</strong></span> 
     </span>
    </p>
   </div>
   <div class='ocr_carea' id='block_1_49' title="bbox 1699 948 3329 1028">
    <p class='ocr_par' dir='ltr' id='par_1_49' title="bbox 1699 948 3329 1028">
     <span class='ocr_line' id='line_1_50' title="bbox 1699 948 3329 1028; baseline -0.007 -17"><span class='ocrx_word' id='word_1_343' title='bbox 1699 956 1968 1028; x_wconf 90' lang='lat' dir='ltr'><strong>gnoverit,</strong></span> <span class='ocrx_word' id='word_1_344' title='bbox 2008 970 2229 1012; x_wconf 90' lang='lat' dir='ltr'><strong>movere</strong></span> <span class='ocrx_word' id='word_1_345' title='bbox 2270 955 2336 1010; x_wconf 86' lang='lat' dir='ltr'><strong>ad</strong></span> <span class='ocrx_word' id='word_1_346' title='bbox 2384 953 2565 1009; x_wconf 78' lang='lat' dir='ltr'><strong>mariti</strong></span> <span class='ocrx_word' id='word_1_347' title='bbox 2591 950 2912 1021; x_wconf 72' lang='lat' dir='ltr'><strong>complexus</strong></span> <span class='ocrx_word' id='word_1_348' title='bbox 2941 948 3268 1004; x_wconf 83' lang='lat' dir='ltr'><strong>mulierem:</strong></span> <span class='ocrx_word' id='word_1_349' title='bbox 3324 961 3329 967; x_wconf 74' lang='lat'><strong>&#39;</strong></span> 
     </span>
    </p>
   </div>
   <div class='ocr_carea' id='block_1_50' title="bbox 1700 1041 3271 1113">
    <p class='ocr_par' dir='ltr' id='par_1_50' title="bbox 1700 1041 3271 1113">
     <span class='ocr_line' id='line_1_51' title="bbox 1700 1041 3271 1113; baseline -0.008 -8"><span class='ocrx_word' id='word_1_350' title='bbox 1700 1047 1908 1105; x_wconf 81' lang='lat' dir='ltr'><strong>semine</strong></span> <span class='ocrx_word' id='word_1_351' title='bbox 1939 1063 2069 1104; x_wconf 88' lang='lat' dir='ltr'><strong>vero</strong></span> <span class='ocrx_word' id='word_1_352' title='bbox 2101 1048 2415 1112; x_wconf 90' lang='lat' dir='ltr'><strong>commisto,</strong></span> <span class='ocrx_word' id='word_1_353' title='bbox 2455 1053 2515 1101; x_wconf 92' lang='lat' dir='ltr'><strong>ut</strong></span> <span class='ocrx_word' id='word_1_354' title='bbox 2544 1047 2620 1099; x_wconf 89' lang='lat' dir='ltr'><strong>ita</strong></span> <span class='ocrx_word' id='word_1_355' title='bbox 2662 1043 2881 1113; x_wconf 83' lang='lat' dir='ltr'><strong>loquar,</strong></span> <span class='ocrx_word' id='word_1_356' title='bbox 2910 1041 3140 1111; x_wconf 84' lang='lat' dir='ltr'><strong>spiritus</strong></span> <span class='ocrx_word' id='word_1_357' title='bbox 3180 1041 3271 1111; x_wconf 87' lang='lat' dir='ltr'><strong>qui</strong></span> 
     </span>
    </p>
   </div>
   <div class='ocr_carea' id='block_1_51' title="bbox 1700 1134 3285 1211">
    <p class='ocr_par' dir='ltr' id='par_1_51' title="bbox 1700 1134 3285 1211">
     <span class='ocr_line' id='line_1_52' title="bbox 1700 1134 3285 1211; baseline -0.004 -16"><span class='ocrx_word' id='word_1_358' title='bbox 1700 1141 1919 1211; x_wconf 87' lang='lat' dir='ltr'><strong>quidem</strong></span> <span class='ocrx_word' id='word_1_359' title='bbox 1969 1142 2025 1195; x_wconf 93' lang='lat' dir='ltr'><strong>in</strong></span> <span class='ocrx_word' id='word_1_360' title='bbox 2082 1139 2294 1196; x_wconf 78' lang='lat' dir='ltr'><strong>semine</strong></span> <span class='ocrx_word' id='word_1_361' title='bbox 2325 1147 2432 1203; x_wconf 87' lang='lat' dir='ltr'><strong>est,</strong></span> <span class='ocrx_word' id='word_1_362' title='bbox 2468 1139 2644 1194; x_wconf 85' lang='lat' dir='ltr'><strong>amice</strong></span> <span class='ocrx_word' id='word_1_363' title='bbox 2674 1134 3055 1207; x_wconf 72' lang='lat' dir='ltr'><strong>coniungitur,</strong></span> <span class='ocrx_word' id='word_1_364' title='bbox 3081 1134 3285 1204; x_wconf 68' lang='lat' dir='ltr'><strong>sicque:</strong></span> 
     </span>
    </p>
   </div>
   <div class='ocr_carea' id='block_1_52' title="bbox 1703 1221 3276 1303">
    <p class='ocr_par' dir='ltr' id='par_1_52' title="bbox 1703 1221 3276 1303">
     <span class='ocr_line' id='line_1_53' title="bbox 1703 1221 3276 1303; baseline -0.002 -17"><span class='ocrx_word' id='word_1_365' title='bbox 1703 1246 1800 1303; x_wconf 89' lang='lat' dir='ltr'><strong>per</strong></span> <span class='ocrx_word' id='word_1_366' title='bbox 1849 1230 2234 1288; x_wconf 81' lang='lat' dir='ltr'><strong>formationem</strong></span> <span class='ocrx_word' id='word_1_367' title='bbox 2281 1231 2519 1300; x_wconf 84' lang='lat' dir='ltr'><strong>concipi.</strong></span> <span class='ocrx_word' id='word_1_368' title='bbox 2580 1230 2853 1286; x_wconf 87' lang='lat' dir='ltr'><strong>Omnibus</strong></span> <span class='ocrx_word' id='word_1_369' title='bbox 2912 1229 2992 1284; x_wconf 86' lang='lat' dir='ltr'><strong>rei</strong></span> <span class='ocrx_word' id='word_1_370' title='bbox 3042 1221 3276 1296; x_wconf 65' lang='lat' dir='ltr'><strong>hujusce</strong></span> 
     </span>
    </p>
   </div>
   <div class='ocr_carea' id='block_1_53' title="bbox 1703 1322 3272 1393">
    <p class='ocr_par' dir='ltr' id='par_1_53' title="bbox 1703 1322 3272 1393">
     <span class='ocr_line' id='line_1_54' title="bbox 1703 1322 3272 1393; baseline -0.001 -16"><span class='ocrx_word' id='word_1_371' title='bbox 1703 1322 2082 1378; x_wconf 88' lang='lat' dir='ltr'><strong>testimonium</strong></span> <span class='ocrx_word' id='word_1_372' title='bbox 2117 1322 2413 1393; x_wconf 79' lang='lat' dir='ltr'><strong>perhibuit,</strong></span> <span class='ocrx_word' id='word_1_373' title='bbox 2453 1338 2579 1377; x_wconf 90' lang='lat' dir='ltr'><strong>cum</strong></span> <span class='ocrx_word' id='word_1_374' title='bbox 2613 1323 2841 1393; x_wconf 76' lang='lat' dir='ltr'><strong>angelos</strong></span> <span class='ocrx_word' id='word_1_375' title='bbox 2873 1322 2962 1385; x_wconf 83' lang='lat' dir='ltr'><strong>iis,</strong></span> <span class='ocrx_word' id='word_1_376' title='bbox 3005 1335 3127 1392; x_wconf 80' lang='lat' dir='ltr'><strong>qua:</strong></span> <span class='ocrx_word' id='word_1_377' title='bbox 3155 1327 3272 1377; x_wconf 90' lang='lat' dir='ltr'><strong>ste-</strong></span> 
     </span>
    </p>
   </div>
   <div class='ocr_carea' id='block_1_54' title="bbox 1702 1412 3276 1483">
    <p class='ocr_par' dir='ltr' id='par_1_54' title="bbox 1702 1412 3276 1483">
     <span class='ocr_line' id='line_1_55' title="bbox 1702 1412 3276 1483; baseline -0.001 -15"><span class='ocrx_word' id='word_1_378' title='bbox 1702 1412 1834 1468; x_wconf 86' lang='lat' dir='ltr'><strong>riles</strong></span> <span class='ocrx_word' id='word_1_379' title='bbox 1860 1420 1989 1468; x_wconf 89' lang='lat' dir='ltr'><strong>sunt</strong></span> <span class='ocrx_word' id='word_1_380' title='bbox 2018 1412 2363 1475; x_wconf 87' lang='lat' dir='ltr'><strong>amumtiant,</strong></span> <span class='ocrx_word' id='word_1_381' title='bbox 2390 1420 2517 1467; x_wconf 83' lang='lat' dir='ltr'><strong>ante</strong></span> <span class='ocrx_word' id='word_1_382' title='bbox 2546 1412 2959 1483; x_wconf 68' lang='lat' dir='ltr'><strong>conceptionem</strong></span> <span class='ocrx_word' id='word_1_383' title='bbox 2990 1412 3276 1467; x_wconf 78' lang='lat' dir='ltr'><strong>infundere</strong></span> 
     </span>
    </p>
   </div>
   <div class='ocr_carea' id='block_1_55' title="bbox 1705 1504 3275 1576">
    <p class='ocr_par' dir='ltr' id='par_1_55' title="bbox 1705 1504 3275 1576">
     <span class='ocr_line' id='line_1_56' title="bbox 1705 1504 3275 1576; baseline -0.001 -17"><span class='ocrx_word' id='word_1_384' title='bbox 1705 1505 1938 1561; x_wconf 88' lang='lat' dir='ltr'><strong>animas.</strong></span> <span class='ocrx_word' id='word_1_385' title='bbox 1985 1504 2050 1559; x_wconf 82' lang='lat' dir='ltr'><strong>Et</strong></span> <span class='ocrx_word' id='word_1_386' title='bbox 2098 1505 2152 1562; x_wconf 89' lang='lat' dir='ltr'><strong>in</strong></span> <span class='ocrx_word' id='word_1_387' title='bbox 2207 1505 2501 1576; x_wconf 72' lang='lat' dir='ltr'><strong>Evangelia</strong></span> <span class='ocrx_word' id='word_1_388' title='bbox 2553 1505 2839 1560; x_wconf 74' lang='lat' dir='ltr'><strong>exsultavit</strong></span> <span class='ocrx_word' id='word_1_389' title='bbox 2893 1505 3134 1575; x_wconf 73' lang='lat' dir='ltr'><strong>infensa,</strong></span> <span class='ocrx_word' id='word_1_390' title='bbox 3190 1513 3275 1559; x_wconf 88' lang='lat' dir='ltr'><strong>ut-</strong></span> 
     </span>
    </p>
   </div>
   <div class='ocr_carea' id='block_1_56' title="bbox 1704 1596 3273 1669">
    <p class='ocr_par' dir='ltr' id='par_1_56' title="bbox 1704 1596 3273 1669">
     <span class='ocr_line' id='line_1_57' title="bbox 1704 1596 3273 1669; baseline 0 -18"><span class='ocrx_word' id='word_1_391' title='bbox 1704 1604 1830 1668; x_wconf 88' lang='lat' dir='ltr'><strong>pote</strong></span> <span class='ocrx_word' id='word_1_392' title='bbox 1861 1596 2086 1668; x_wconf 86' lang='lat' dir='ltr'><strong>quijam</strong></span> <span class='ocrx_word' id='word_1_393' title='bbox 2118 1598 2299 1653; x_wconf 86' lang='lat' dir='ltr'><strong>anima</strong></span> <span class='ocrx_word' id='word_1_394' title='bbox 2336 1599 2597 1669; x_wconf 83' lang='lat' dir='ltr'><strong>praeditus</strong></span> <span class='ocrx_word' id='word_1_395' title='bbox 2650 1607 2817 1655; x_wconf 81' lang='lat' dir='ltr'><strong>esset.</strong></span> <span class='ocrx_word' id='word_1_396' title='bbox 2851 1597 3005 1653; x_wconf 81' lang='lat' dir='ltr'><strong>Hanc</strong></span> <span class='ocrx_word' id='word_1_397' title='bbox 3033 1599 3103 1654; x_wconf 90' lang='lat' dir='ltr'><strong>ob</strong></span> <span class='ocrx_word' id='word_1_398' title='bbox 3142 1613 3273 1653; x_wconf 86' lang='lat' dir='ltr'><strong>cau-</strong></span> 
     </span>
    </p>
   </div>
   <div class='ocr_carea' id='block_1_57' title="bbox 1706 1689 3273 1760">
    <p class='ocr_par' dir='ltr' id='par_1_57' title="bbox 1706 1689 3273 1760">
     <span class='ocr_line' id='line_1_58' title="bbox 1706 1689 3273 1760; baseline 0.001 -16"><span class='ocrx_word' id='word_1_399' title='bbox 1706 1703 1821 1744; x_wconf 86' lang='lat' dir='ltr'><strong>sam</strong></span> <span class='ocrx_word' id='word_1_400' title='bbox 1874 1689 2091 1745; x_wconf 86' lang='lat' dir='ltr'><strong>steriles</strong></span> <span class='ocrx_word' id='word_1_401' title='bbox 2137 1698 2263 1746; x_wconf 90' lang='lat' dir='ltr'><strong>sunt</strong></span> <span class='ocrx_word' id='word_1_402' title='bbox 2314 1692 2549 1755; x_wconf 85' lang='lat' dir='ltr'><strong>steriles,</strong></span> <span class='ocrx_word' id='word_1_403' title='bbox 2585 1692 2745 1760; x_wconf 89' lang='lat' dir='ltr'><strong>quasi</strong></span> <span class='ocrx_word' id='word_1_404' title='bbox 2798 1706 2909 1745; x_wconf 88' lang='lat' dir='ltr'><strong>non</strong></span> <span class='ocrx_word' id='word_1_405' title='bbox 2950 1690 3273 1745; x_wconf 78' lang='lat' dir='ltr'><strong>infundatur</strong></span> 
     </span>
    </p>
   </div>
   <div class='ocr_carea' id='block_1_58' title="bbox 1706 1781 3272 1854">
    <p class='ocr_par' dir='ltr' id='par_1_58' title="bbox 1706 1781 3272 1854">
     <span class='ocr_line' id='line_1_59' title="bbox 1706 1781 3272 1854; baseline 0.003 -21"><span class='ocrx_word' id='word_1_406' title='bbox 1706 1782 1912 1847; x_wconf 85' lang='lat' dir='ltr'><strong>anima,</strong></span> <span class='ocrx_word' id='word_1_407' title='bbox 1937 1794 2060 1852; x_wconf 72' lang='lat' dir='ltr'><strong>qua:</strong></span> <span class='ocrx_word' id='word_1_408' title='bbox 2087 1797 2272 1837; x_wconf 88' lang='lat' dir='ltr'><strong>semen</strong></span> <span class='ocrx_word' id='word_1_409' title='bbox 2307 1782 2619 1853; x_wconf 88' lang='lat' dir='ltr'><strong>conjectum</strong></span> <span class='ocrx_word' id='word_1_410' title='bbox 2651 1783 2892 1854; x_wconf 80' lang='lat' dir='ltr'><strong>colligat,</strong></span> <span class='ocrx_word' id='word_1_411' title='bbox 2923 1781 2989 1837; x_wconf 89' lang='lat' dir='ltr'><strong>ad</strong></span> <span class='ocrx_word' id='word_1_412' title='bbox 3037 1797 3272 1852; x_wconf 86' lang='lat' dir='ltr'><strong>concep-</strong></span> 
     </span>
    </p>
   </div>
   <div class='ocr_carea' id='block_1_59' title="bbox 1633 1846 3014 1945">
    <p class='ocr_par' dir='ltr' id='par_1_59' title="bbox 1633 1846 3014 1945">
     <span class='ocr_line' id='line_1_60' title="bbox 1633 1846 3014 1945; baseline 0.002 -18"><span class='ocrx_word' id='word_1_413' title='bbox 1633 1846 1674 1902; x_wconf 69' lang='grc' dir='ltr'><strong>θ</strong></span> <span class='ocrx_word' id='word_1_414' title='bbox 1702 1874 1869 1928; x_wconf 88' lang='lat' dir='ltr'><strong>tionis</strong></span> <span class='ocrx_word' id='word_1_415' title='bbox 1887 1889 1951 1929; x_wconf 90' lang='lat' dir='ltr'><strong>ac</strong></span> <span class='ocrx_word' id='word_1_416' title='bbox 1982 1876 2354 1945; x_wconf 77' lang='lat' dir='ltr'><strong>generationis</strong></span> <span class='ocrx_word' id='word_1_417' title='bbox 2382 1876 2752 1931; x_wconf 90' lang='lat' dir='ltr'><strong>detentionem</strong></span> <span class='ocrx_word' id='word_1_418' title='bbox 2788 1886 3014 1930; x_wconf 89' lang='lat' dir='ltr'><strong>rectam.</strong></span> 
     </span>
    </p>
   </div>
   <div class='ocr_carea' id='block_1_60' title="bbox 1770 1964 3269 2038">
    <p class='ocr_par' dir='ltr' id='par_1_60' title="bbox 1770 1964 3269 2038">
     <span class='ocr_line' id='line_1_61' title="bbox 1770 1964 3269 2038; baseline 0.001 -19"><span class='ocrx_word' id='word_1_419' title='bbox 1770 1964 1934 2038; x_wconf 77' lang='lat'><strong>366</strong></span> <span class='ocrx_word' id='word_1_420' title='bbox 1963 1964 2044 2020; x_wconf 83' lang='lat' dir='ltr'><strong>LI.</strong></span> <span class='ocrx_word' id='word_1_421' title='bbox 2073 1964 2203 2021; x_wconf 79' lang='lat' dir='ltr'><strong>Cain</strong></span> <span class='ocrx_word' id='word_1_422' title='bbox 2240 1977 2491 2020; x_wconf 87' lang='lat' dir='ltr'><strong>enarrant</strong></span> <span class='ocrx_word' id='word_1_423' title='bbox 2533 1968 2758 2038; x_wconf 79' lang='lat' dir='ltr'><strong>gloriam</strong></span> <span class='ocrx_word' id='word_1_424' title='bbox 2808 1968 2971 2024; x_wconf 67' lang='lat' dir='ltr'><strong>Deib.</strong></span> <span class='ocrx_word' id='word_1_425' title='bbox 3002 1966 3138 2022; x_wconf 72' lang='grc' dir='ltr'><strong>εωιί</strong></span> <span class='ocrx_word' id='word_1_426' title='bbox 3188 1966 3269 2021; x_wconf 77' lang='lat' dir='ltr'><strong>di-</strong></span> 
     </span>
    </p>
   </div>
   <div class='ocr_carea' id='block_1_61' title="bbox 1703 2057 3275 2132">
    <p class='ocr_par' dir='ltr' id='par_1_61' title="bbox 1703 2057 3275 2132">
     <span class='ocr_line' id='line_1_62' title="bbox 1703 2057 3275 2132; baseline 0.002 -22"><span class='ocrx_word' id='word_1_427' title='bbox 1703 2065 1902 2111; x_wconf 82' lang='lat' dir='ltr'><strong>cuntur</strong></span> <span class='ocrx_word' id='word_1_428' title='bbox 1935 2057 2121 2113; x_wconf 90' lang='lat' dir='ltr'><strong>multis</strong></span> <span class='ocrx_word' id='word_1_429' title='bbox 2168 2057 2379 2125; x_wconf 88' lang='lat' dir='ltr'><strong>modis;</strong></span> <span class='ocrx_word' id='word_1_430' title='bbox 2414 2060 2507 2130; x_wconf 86' lang='lat' dir='ltr'><strong>qui</strong></span> <span class='ocrx_word' id='word_1_431' title='bbox 2560 2060 2774 2115; x_wconf 88' lang='lat' dir='ltr'><strong>scilicet</strong></span> <span class='ocrx_word' id='word_1_432' title='bbox 2818 2075 2916 2132; x_wconf 82' lang='lat' dir='ltr'><strong>per</strong></span> <span class='ocrx_word' id='word_1_433' title='bbox 2951 2058 3275 2115; x_wconf 88' lang='lat' dir='ltr'><strong>distantiam</strong></span> 
     </span>
    </p>
   </div>
   <div class='ocr_carea' id='block_1_62' title="bbox 1704 2150 3276 2221">
    <p class='ocr_par' dir='ltr' id='par_1_62' title="bbox 1704 2150 3276 2221">
     <span class='ocr_line' id='line_1_63' title="bbox 1704 2150 3276 2221; baseline 0.003 -19"><span class='ocrx_word' id='word_1_434' title='bbox 1704 2162 1768 2203; x_wconf 90' lang='lat' dir='ltr'><strong>ac</strong></span> <span class='ocrx_word' id='word_1_435' title='bbox 1802 2150 2084 2221; x_wconf 84' lang='lat' dir='ltr'><strong>periodum</strong></span> <span class='ocrx_word' id='word_1_436' title='bbox 2120 2158 2270 2209; x_wconf 89' lang='lat' dir='ltr'><strong>sunt.</strong></span> <span class='ocrx_word' id='word_1_437' title='bbox 2297 2160 2350 2205; x_wconf 92' lang='lat' dir='ltr'><strong>et</strong></span> <span class='ocrx_word' id='word_1_438' title='bbox 2380 2152 2475 2221; x_wconf 84' lang='lat' dir='ltr'><strong>qui</strong></span> <span class='ocrx_word' id='word_1_439' title='bbox 2507 2166 2601 2221; x_wconf 87' lang='lat' dir='ltr'><strong>per</strong></span> <span class='ocrx_word' id='word_1_440' title='bbox 2630 2158 3015 2207; x_wconf 85' lang='lat' dir='ltr'><strong>testamentum</strong></span> <span class='ocrx_word' id='word_1_441' title='bbox 3057 2150 3276 2221; x_wconf 83' lang='lat' dir='ltr'><strong>angelo-</strong></span> 
     </span>
    </p>
   </div>
   <div class='ocr_carea' id='block_1_63' title="bbox 1704 2243 3278 2314">
    <p class='ocr_par' dir='ltr' id='par_1_63' title="bbox 1704 2243 3278 2314">
     <span class='ocr_line' id='line_1_64' title="bbox 1704 2243 3278 2314; baseline 0.001 -17"><span class='ocrx_word' id='word_1_442' title='bbox 1704 2258 1825 2297; x_wconf 87' lang='lat' dir='ltr'><strong>rum</strong></span> <span class='ocrx_word' id='word_1_443' title='bbox 1870 2244 2050 2314; x_wconf 88' lang='lat' dir='ltr'><strong>primo</strong></span> <span class='ocrx_word' id='word_1_444' title='bbox 2099 2253 2409 2298; x_wconf 87' lang='lat' dir='ltr'><strong>creatorum</strong></span> <span class='ocrx_word' id='word_1_445' title='bbox 2456 2245 2631 2299; x_wconf 87' lang='lat' dir='ltr'><strong>virtus</strong></span> <span class='ocrx_word' id='word_1_446' title='bbox 2680 2244 3011 2299; x_wconf 87' lang='lat' dir='ltr'><strong>immediata.</strong></span> <span class='ocrx_word' id='word_1_447' title='bbox 3066 2243 3278 2314; x_wconf 86' lang='lat' dir='ltr'><strong>Quippe</strong></span> 
     </span>
    </p>
   </div>
   <div class='ocr_carea' id='block_1_64' title="bbox 1704 2337 3278 2407">
    <p class='ocr_par' dir='ltr' id='par_1_64' title="bbox 1704 2337 3278 2407">
     <span class='ocr_line' id='line_1_65' title="bbox 1704 2337 3278 2407; baseline 0 -18"><span class='ocrx_word' id='word_1_448' title='bbox 1704 2337 2025 2407; x_wconf 89' lang='lat' dir='ltr'><strong>angelorum</strong></span> <span class='ocrx_word' id='word_1_449' title='bbox 2081 2337 2428 2407; x_wconf 64' lang='lat' dir='ltr'><strong>praesentiam</strong></span> <span class='ocrx_word' id='word_1_450' title='bbox 2475 2337 2918 2407; x_wconf 85' lang='lat' dir='ltr'><strong>principaliorem</strong></span> <span class='ocrx_word' id='word_1_451' title='bbox 2950 2343 3278 2391; x_wconf 87' lang='lat' dir='ltr'><strong>testamenta</strong></span> 
     </span>
    </p>
   </div>
   <div class='ocr_carea' id='block_1_65' title="bbox 1705 2426 3278 2499">
    <p class='ocr_par' dir='ltr' id='par_1_65' title="bbox 1705 2426 3278 2499">
     <span class='ocr_line' id='line_1_66' title="bbox 1705 2426 3278 2499; baseline -0.003 -15"><span class='ocrx_word' id='word_1_452' title='bbox 1705 2445 1804 2484; x_wconf 88' lang='lat' dir='ltr'><strong>ceu</strong></span> <span class='ocrx_word' id='word_1_453' title='bbox 1838 2427 2042 2484; x_wconf 59' lang='lat' dir='ltr'><strong>foedera</strong></span> <span class='ocrx_word' id='word_1_454' title='bbox 2092 2436 2222 2485; x_wconf 89' lang='lat' dir='ltr'><strong>sunt</strong></span> <span class='ocrx_word' id='word_1_455' title='bbox 2269 2436 2512 2499; x_wconf 85' lang='lat' dir='ltr'><strong>operata,</strong></span> <span class='ocrx_word' id='word_1_456' title='bbox 2564 2429 2623 2483; x_wconf 89' lang='lat' dir='ltr'><strong>in</strong></span> <span class='ocrx_word' id='word_1_457' title='bbox 2676 2428 2907 2492; x_wconf 81' lang='lat' dir='ltr'><strong>Adatno,</strong></span> <span class='ocrx_word' id='word_1_458' title='bbox 2946 2429 3001 2483; x_wconf 88' lang='lat' dir='ltr'><strong>in</strong></span> <span class='ocrx_word' id='word_1_459' title='bbox 3044 2426 3178 2489; x_wconf 82' lang='lat' dir='ltr'><strong>Noe,</strong></span> <span class='ocrx_word' id='word_1_460' title='bbox 3221 2428 3278 2481; x_wconf 87' lang='lat' dir='ltr'><strong>in</strong></span> 
     </span>
    </p>
   </div>
   <div class='ocr_carea' id='block_1_66' title="bbox 1704 2520 3279 2593">
    <p class='ocr_par' dir='ltr' id='par_1_66' title="bbox 1704 2520 3279 2593">
     <span class='ocr_line' id='line_1_67' title="bbox 1704 2520 3279 2593; baseline -0.001 -19"><span class='ocrx_word' id='word_1_461' title='bbox 1704 2521 2036 2587; x_wconf 81' lang='lat' dir='ltr'><strong>Ahrahamo,</strong></span> <span class='ocrx_word' id='word_1_462' title='bbox 2072 2522 2127 2577; x_wconf 89' lang='lat' dir='ltr'><strong>in</strong></span> <span class='ocrx_word' id='word_1_463' title='bbox 2178 2521 2382 2593; x_wconf 84' lang='lat' dir='ltr'><strong>Moyse.</strong></span> <span class='ocrx_word' id='word_1_464' title='bbox 2420 2520 2613 2575; x_wconf 67' lang='lat' dir='ltr'><strong>Prima:</strong></span> <span class='ocrx_word' id='word_1_465' title='bbox 2654 2521 2799 2577; x_wconf 90' lang='lat' dir='ltr'><strong>enim</strong></span> <span class='ocrx_word' id='word_1_466' title='bbox 2845 2521 3147 2575; x_wconf 86' lang='lat' dir='ltr'><strong>creationis</strong></span> <span class='ocrx_word' id='word_1_467' title='bbox 3178 2535 3279 2573; x_wconf 85' lang='lat' dir='ltr'><strong>an-</strong></span> 
     </span>
    </p>
   </div>
   <div class='ocr_carea' id='block_1_67' title="bbox 1704 2613 3347 2693">
    <p class='ocr_par' dir='ltr' id='par_1_67' title="bbox 1704 2613 3347 2693">
     <span class='ocr_line' id='line_1_68' title="bbox 1704 2613 3347 2693; baseline 0.002 -27"><span class='ocrx_word' id='word_1_468' title='bbox 1704 2613 1807 2683; x_wconf 90' lang='lat' dir='ltr'><strong>geli</strong></span> <span class='ocrx_word' id='word_1_469' title='bbox 1841 2629 1871 2667; x_wconf 91' lang='lat' dir='ltr'><strong>a</strong></span> <span class='ocrx_word' id='word_1_470' title='bbox 1899 2614 2127 2668; x_wconf 89' lang='lat' dir='ltr'><strong>Domino</strong></span> <span class='ocrx_word' id='word_1_471' title='bbox 2156 2616 2308 2682; x_wconf 89' lang='lat' dir='ltr'><strong>moti,</strong></span> <span class='ocrx_word' id='word_1_472' title='bbox 2332 2614 2384 2668; x_wconf 90' lang='lat' dir='ltr'><strong>in</strong></span> <span class='ocrx_word' id='word_1_473' title='bbox 2415 2615 2637 2685; x_wconf 89' lang='lat' dir='ltr'><strong>angelos</strong></span> <span class='ocrx_word' id='word_1_474' title='bbox 2669 2614 2949 2685; x_wconf 87' lang='lat' dir='ltr'><strong>prophetis</strong></span> <span class='ocrx_word' id='word_1_475' title='bbox 2973 2614 3282 2670; x_wconf 79' lang='lat' dir='ltr'><strong>immediate</strong></span> <span class='ocrx_word' id='word_1_476' title='bbox 3335 2680 3347 2693; x_wconf 41' lang='grc' dir='ltr'><strong><em>ο</em></strong></span> 
     </span>
    </p>
   </div>
   <div class='ocr_carea' id='block_1_68' title="bbox 1705 2706 3278 2779">
    <p class='ocr_par' dir='ltr' id='par_1_68' title="bbox 1705 2706 3278 2779">
     <span class='ocr_line' id='line_1_69' title="bbox 1705 2706 3278 2779; baseline 0.002 -21"><span class='ocrx_word' id='word_1_477' title='bbox 1705 2706 2075 2776; x_wconf 72' lang='lat' dir='ltr'><strong>coniunctos,</strong></span> <span class='ocrx_word' id='word_1_478' title='bbox 2132 2706 2342 2776; x_wconf 89' lang='lat' dir='ltr'><strong>operati</strong></span> <span class='ocrx_word' id='word_1_479' title='bbox 2401 2716 2554 2772; x_wconf 90' lang='lat' dir='ltr'><strong>sunt,</strong></span> <span class='ocrx_word' id='word_1_480' title='bbox 2614 2707 2996 2762; x_wconf 78' lang='lat' dir='ltr'><strong>existimantes</strong></span> <span class='ocrx_word' id='word_1_481' title='bbox 3044 2707 3278 2779; x_wconf 84' lang='lat' dir='ltr'><strong>gloriam</strong></span> 
     </span>
    </p>
   </div>
   <div class='ocr_carea' id='block_1_69' title="bbox 1709 2796 3278 2869">
    <p class='ocr_par' dir='ltr' id='par_1_69' title="bbox 1709 2796 3278 2869">
     <span class='ocr_line' id='line_1_70' title="bbox 1709 2796 3278 2869; baseline 0.001 -18"><span class='ocrx_word' id='word_1_482' title='bbox 1709 2796 1827 2862; x_wconf 87' lang='lat' dir='ltr'><strong>Dei,</strong></span> <span class='ocrx_word' id='word_1_483' title='bbox 1860 2798 2117 2853; x_wconf 89' lang='lat' dir='ltr'><strong>nimirum</strong></span> <span class='ocrx_word' id='word_1_484' title='bbox 2148 2805 2475 2854; x_wconf 87' lang='lat' dir='ltr'><strong>testamenta</strong></span> <span class='ocrx_word' id='word_1_485' title='bbox 2521 2814 2621 2853; x_wconf 90' lang='lat' dir='ltr'><strong>ceu</strong></span> <span class='ocrx_word' id='word_1_486' title='bbox 2680 2797 2908 2855; x_wconf 70' lang='lat' dir='ltr'><strong>ftedera.</strong></span> <span class='ocrx_word' id='word_1_487' title='bbox 2935 2797 3071 2852; x_wconf 85' lang='lat' dir='ltr'><strong>Nam</strong></span> <span class='ocrx_word' id='word_1_488' title='bbox 3116 2813 3278 2869; x_wconf 80' lang='lat' dir='ltr'><strong>opera</strong></span> 
     </span>
    </p>
   </div>
   <div class='ocr_carea' id='block_1_70' title="bbox 1708 2888 3281 2962">
    <p class='ocr_par' dir='ltr' id='par_1_70' title="bbox 1708 2888 3281 2962">
     <span class='ocr_line' id='line_1_71' title="bbox 1708 2888 3281 2962; baseline 0.001 -19"><span class='ocrx_word' id='word_1_489' title='bbox 1708 2905 1828 2962; x_wconf 66' lang='lat' dir='ltr'><strong>qua</strong></span> <span class='ocrx_word' id='word_1_490' title='bbox 1855 2890 1923 2944; x_wconf 90' lang='lat' dir='ltr'><strong>ab</strong></span> <span class='ocrx_word' id='word_1_491' title='bbox 1956 2889 2166 2961; x_wconf 88' lang='lat' dir='ltr'><strong>angelis</strong></span> <span class='ocrx_word' id='word_1_492' title='bbox 2212 2888 2268 2943; x_wconf 92' lang='lat' dir='ltr'><strong>in</strong></span> <span class='ocrx_word' id='word_1_493' title='bbox 2315 2899 2460 2945; x_wconf 88' lang='lat' dir='ltr'><strong>terra</strong></span> <span class='ocrx_word' id='word_1_494' title='bbox 2491 2898 2715 2961; x_wconf 87' lang='lat' dir='ltr'><strong>peracta</strong></span> <span class='ocrx_word' id='word_1_495' title='bbox 2756 2896 2886 2945; x_wconf 85' lang='lat' dir='ltr'><strong>sunt</strong></span> <span class='ocrx_word' id='word_1_496' title='bbox 2915 2905 3012 2959; x_wconf 89' lang='lat' dir='ltr'><strong>per</strong></span> <span class='ocrx_word' id='word_1_497' title='bbox 3047 2890 3281 2945; x_wconf 89' lang='lat' dir='ltr'><strong>creatio-</strong></span> 
     </span>
    </p>
   </div>
   <div class='ocr_carea' id='block_1_71' title="bbox 1708 2981 3175 3056">
    <p class='ocr_par' dir='ltr' id='par_1_71' title="bbox 1708 2981 3175 3056">
     <span class='ocr_line' id='line_1_72' title="bbox 1708 2981 3175 3056; baseline 0 -17"><span class='ocrx_word' id='word_1_498' title='bbox 1708 2984 1796 3039; x_wconf 88' lang='lat' dir='ltr'><strong>nis</strong></span> <span class='ocrx_word' id='word_1_499' title='bbox 1821 2982 2009 3054; x_wconf 80' lang='lat' dir='ltr'><strong>prima:</strong></span> <span class='ocrx_word' id='word_1_500' title='bbox 2038 2984 2261 3054; x_wconf 87' lang='lat' dir='ltr'><strong>angelos</strong></span> <span class='ocrx_word' id='word_1_501' title='bbox 2290 2983 2346 3038; x_wconf 92' lang='lat' dir='ltr'><strong>in</strong></span> <span class='ocrx_word' id='word_1_502' title='bbox 2376 2982 2472 3039; x_wconf 91' lang='lat' dir='ltr'><strong>Dei</strong></span> <span class='ocrx_word' id='word_1_503' title='bbox 2500 2981 2730 3056; x_wconf 84' lang='lat' dir='ltr'><strong>gloriam</strong></span> <span class='ocrx_word' id='word_1_504' title='bbox 2765 2982 2907 3038; x_wconf 86' lang='lat' dir='ltr'><strong>edita</strong></span> <span class='ocrx_word' id='word_1_505' title='bbox 2934 2981 3175 3039; x_wconf 89' lang='lat' dir='ltr'><strong>fuerunt.</strong></span> 
     </span>
    </p>
   </div>
   <div class='ocr_carea' id='block_1_72' title="bbox 1778 3074 3283 3146">
    <p class='ocr_par' dir='ltr' id='par_1_72' title="bbox 1778 3074 3283 3146">
     <span class='ocr_line' id='line_1_73' title="bbox 1778 3074 3283 3146; baseline 0.001 -17"><span class='ocrx_word' id='word_1_506' title='bbox 1778 3074 1887 3131; x_wconf 83' lang='lat' dir='ltr'><strong>LII.</strong></span> <span class='ocrx_word' id='word_1_507' title='bbox 1918 3075 2056 3131; x_wconf 69' lang='lat' dir='ltr'><strong>Coeli</strong></span> <span class='ocrx_word' id='word_1_508' title='bbox 2086 3090 2219 3130; x_wconf 90' lang='lat' dir='ltr'><strong>vero</strong></span> <span class='ocrx_word' id='word_1_509' title='bbox 2257 3083 2547 3139; x_wconf 79' lang='lat' dir='ltr'><strong>vocantur,</strong></span> <span class='ocrx_word' id='word_1_510' title='bbox 2578 3075 2857 3146; x_wconf 65' lang='lat' dir='ltr'><strong>praecipue</strong></span> <span class='ocrx_word' id='word_1_511' title='bbox 2908 3074 3149 3144; x_wconf 85' lang='lat' dir='ltr'><strong>quidem,</strong></span> <span class='ocrx_word' id='word_1_512' title='bbox 3184 3074 3283 3130; x_wconf 91' lang='lat' dir='ltr'><strong>Do-</strong></span> 
     </span>
    </p>
   </div>
   <div class='ocr_carea' id='block_1_73' title="bbox 1709 3166 3281 3238">
    <p class='ocr_par' dir='ltr' id='par_1_73' title="bbox 1709 3166 3281 3238">
     <span class='ocr_line' id='line_1_74' title="bbox 1709 3166 3281 3238; baseline -0.001 -16"><span class='ocrx_word' id='word_1_513' title='bbox 1709 3167 1925 3237; x_wconf 88' lang='lat' dir='ltr'><strong>minus;</strong></span> <span class='ocrx_word' id='word_1_514' title='bbox 1959 3167 2082 3224; x_wconf 92' lang='lat' dir='ltr'><strong>dein</strong></span> <span class='ocrx_word' id='word_1_515' title='bbox 2108 3178 2311 3230; x_wconf 90' lang='lat' dir='ltr'><strong>autem,</strong></span> <span class='ocrx_word' id='word_1_516' title='bbox 2351 3169 2445 3238; x_wconf 86' lang='lat' dir='ltr'><strong>qui</strong></span> <span class='ocrx_word' id='word_1_517' title='bbox 2466 3167 2646 3238; x_wconf 90' lang='lat' dir='ltr'><strong>primo</strong></span> <span class='ocrx_word' id='word_1_518' title='bbox 2674 3166 2893 3221; x_wconf 89' lang='lat' dir='ltr'><strong>fuerunt</strong></span> <span class='ocrx_word' id='word_1_519' title='bbox 2924 3168 3129 3234; x_wconf 88' lang='lat' dir='ltr'><strong>creati;</strong></span> <span class='ocrx_word' id='word_1_520' title='bbox 3159 3175 3281 3236; x_wconf 87' lang='lat' dir='ltr'><strong>post</strong></span> 
     </span>
    </p>
   </div>
   <div class='ocr_carea' id='block_1_74' title="bbox 1712 3259 3373 3331">
    <p class='ocr_par' dir='ltr' id='par_1_74' title="bbox 1712 3259 3373 3331">
     <span class='ocr_line' id='line_1_75' title="bbox 1712 3259 3373 3331; baseline -0.003 -15"><span class='ocrx_word' id='word_1_521' title='bbox 1712 3260 1815 3316; x_wconf 92' lang='lat' dir='ltr'><strong>hos</strong></span> <span class='ocrx_word' id='word_1_522' title='bbox 1846 3270 1901 3317; x_wconf 92' lang='lat' dir='ltr'><strong>et</strong></span> <span class='ocrx_word' id='word_1_523' title='bbox 1945 3260 2196 3318; x_wconf 85' lang='lat' dir='ltr'><strong>homines</strong></span> <span class='ocrx_word' id='word_1_524' title='bbox 2227 3261 2401 3318; x_wconf 91' lang='lat' dir='ltr'><strong>sancti</strong></span> <span class='ocrx_word' id='word_1_525' title='bbox 2428 3267 2556 3315; x_wconf 90' lang='lat' dir='ltr'><strong>ante</strong></span> <span class='ocrx_word' id='word_1_526' title='bbox 2585 3260 2782 3330; x_wconf 85' lang='lat' dir='ltr'><strong>legem,</strong></span> <span class='ocrx_word' id='word_1_527' title='bbox 2808 3274 3004 3331; x_wconf 89' lang='lat' dir='ltr'><strong>nempe</strong></span> <span class='ocrx_word' id='word_1_528' title='bbox 3043 3259 3279 3330; x_wconf 82' lang='lat' dir='ltr'><strong>patriar-</strong></span> <span class='ocrx_word' id='word_1_529' title='bbox 3370 3316 3373 3319; x_wconf 19' lang='grc' dir='ltr'><strong>Α</strong></span> 
     </span>
    </p>
   </div>
   <div class='ocr_carea' id='block_1_75' title="bbox 1712 3351 3280 3425">
    <p class='ocr_par' dir='ltr' id='par_1_75' title="bbox 1712 3351 3280 3425">
     <span class='ocr_line' id='line_1_76' title="bbox 1712 3351 3280 3425; baseline -0.003 -15"><span class='ocrx_word' id='word_1_530' title='bbox 1712 3355 1848 3422; x_wconf 70' lang='lat' dir='ltr'><strong>chaa,</strong></span> <span class='ocrx_word' id='word_1_531' title='bbox 1879 3364 1933 3410; x_wconf 93' lang='lat' dir='ltr'><strong>et</strong></span> <span class='ocrx_word' id='word_1_532' title='bbox 1965 3353 2199 3425; x_wconf 82' lang='lat' dir='ltr'><strong>Moyses,</strong></span> <span class='ocrx_word' id='word_1_533' title='bbox 2230 3362 2394 3424; x_wconf 86' lang='lat' dir='ltr'><strong>atque</strong></span> <span class='ocrx_word' id='word_1_534' title='bbox 2450 3352 2765 3423; x_wconf 63' lang='lat' dir='ltr'><strong>prophetae;</strong></span> <span class='ocrx_word' id='word_1_535' title='bbox 2797 3359 2851 3407; x_wconf 88' lang='lat' dir='ltr'><strong>et</strong></span> <span class='ocrx_word' id='word_1_536' title='bbox 2880 3351 3009 3407; x_wconf 92' lang='lat' dir='ltr'><strong>dein</strong></span> <span class='ocrx_word' id='word_1_537' title='bbox 3062 3365 3280 3421; x_wconf 88' lang='lat' dir='ltr'><strong>quoque</strong></span> 
     </span>
    </p>
   </div>
   <div class='ocr_carea' id='block_1_76' title="bbox 1711 3443 3282 3519">
    <p class='ocr_par' dir='ltr' id='par_1_76' title="bbox 1711 3443 3282 3519">
     <span class='ocr_line' id='line_1_77' title="bbox 1711 3443 3282 3519; baseline -0.002 -19"><span class='ocrx_word' id='word_1_538' title='bbox 1711 3447 1966 3519; x_wconf 89' lang='lat' dir='ltr'><strong>apostoli.</strong></span> <span class='ocrx_word' id='word_1_539' title='bbox 2002 3444 2147 3515; x_wconf 88' lang='lat' dir='ltr'><strong>Opus</strong></span> <span class='ocrx_word' id='word_1_540' title='bbox 2184 3463 2303 3501; x_wconf 86' lang='lat' dir='ltr'><strong>vero</strong></span> <span class='ocrx_word' id='word_1_541' title='bbox 2334 3461 2585 3500; x_wconf 84' lang='lat' dir='ltr'><strong>manuum</strong></span> <span class='ocrx_word' id='word_1_542' title='bbox 2622 3444 2736 3513; x_wconf 76' lang='lat' dir='ltr'><strong>eius</strong></span> <span class='ocrx_word' id='word_1_543' title='bbox 2767 3444 3049 3498; x_wconf 80' lang='lat' dir='ltr'><strong>annuntiat</strong></span> <span class='ocrx_word' id='word_1_544' title='bbox 3094 3443 3282 3513; x_wconf 80' lang='lat' dir='ltr'><strong>ﬁrma-</strong></span> 
     </span>
    </p>
   </div>
   <div class='ocr_carea' id='block_1_77' title="bbox 1711 3533 3283 3606">
    <p class='ocr_par' dir='ltr' id='par_1_77' title="bbox 1711 3533 3283 3606">
     <span class='ocr_line' id='line_1_78' title="bbox 1711 3533 3283 3606; baseline -0.001 -14"><span class='ocrx_word' id='word_1_545' title='bbox 1711 3545 1963 3592; x_wconf 83' lang='lat' dir='ltr'><strong>mentum.</strong></span> <span class='ocrx_word' id='word_1_546' title='bbox 2003 3534 2439 3593; x_wconf 80' lang='lat' dir='ltr'><strong>Firmamentum</strong></span> <span class='ocrx_word' id='word_1_547' title='bbox 2470 3543 2630 3591; x_wconf 89' lang='lat' dir='ltr'><strong>vocat</strong></span> <span class='ocrx_word' id='word_1_548' title='bbox 2667 3533 2861 3600; x_wconf 89' lang='lat' dir='ltr'><strong>Deum,</strong></span> <span class='ocrx_word' id='word_1_549' title='bbox 2888 3535 2981 3606; x_wconf 89' lang='lat' dir='ltr'><strong>qui</strong></span> <span class='ocrx_word' id='word_1_550' title='bbox 3012 3549 3040 3589; x_wconf 91' lang='lat' dir='ltr'><strong>a</strong></span> <span class='ocrx_word' id='word_1_551' title='bbox 3070 3535 3283 3605; x_wconf 89' lang='lat' dir='ltr'><strong>passio-</strong></span> 
     </span>
    </p>
   </div>
   <div class='ocr_carea' id='block_1_78' title="bbox 1712 3627 3283 3689">
    <p class='ocr_par' dir='ltr' id='par_1_78' title="bbox 1712 3627 3283 3689">
     <span class='ocr_line' id='line_1_79' title="bbox 1712 3627 3283 3689; baseline -0.001 -5"><span class='ocrx_word' id='word_1_552' title='bbox 1712 3645 1781 3685; x_wconf 90' lang='lat' dir='ltr'><strong>ne</strong></span> <span class='ocrx_word' id='word_1_553' title='bbox 1810 3628 2070 3685; x_wconf 87' lang='lat' dir='ltr'><strong>immunis</strong></span> <span class='ocrx_word' id='word_1_554' title='bbox 2097 3638 2182 3684; x_wconf 90' lang='lat' dir='ltr'><strong>est</strong></span> <span class='ocrx_word' id='word_1_555' title='bbox 2218 3643 2282 3683; x_wconf 86' lang='lat' dir='ltr'><strong>ac</strong></span> <span class='ocrx_word' id='word_1_556' title='bbox 2324 3627 2706 3689; x_wconf 85' lang='lat' dir='ltr'><strong>immutabilis,</strong></span> <span class='ocrx_word' id='word_1_557' title='bbox 2744 3628 2905 3683; x_wconf 89' lang='lat' dir='ltr'><strong>sicuti</strong></span> <span class='ocrx_word' id='word_1_558' title='bbox 2937 3636 2992 3684; x_wconf 88' lang='lat' dir='ltr'><strong>et</strong></span> <span class='ocrx_word' id='word_1_559' title='bbox 3022 3628 3129 3683; x_wconf 89' lang='lat' dir='ltr'><strong>alio</strong></span> <span class='ocrx_word' id='word_1_560' title='bbox 3163 3627 3283 3683; x_wconf 91' lang='lat' dir='ltr'><strong>loco</strong></span> 
     </span>
    </p>
   </div>
   <div class='ocr_carea' id='block_1_79' title="bbox 1710 3719 3283 3793">
    <p class='ocr_par' dir='ltr' id='par_1_79' title="bbox 1710 3719 3283 3793">
     <span class='ocr_line' id='line_1_80' title="bbox 1710 3719 3283 3793; baseline -0.001 -17"><span class='ocrx_word' id='word_1_561' title='bbox 1710 3719 1857 3778; x_wconf 90' lang='lat' dir='ltr'><strong>idem</strong></span> <span class='ocrx_word' id='word_1_562' title='bbox 1884 3721 1975 3777; x_wconf 92' lang='lat' dir='ltr'><strong>ille</strong></span> <span class='ocrx_word' id='word_1_563' title='bbox 2007 3719 2175 3775; x_wconf 87' lang='lat' dir='ltr'><strong>David</strong></span> <span class='ocrx_word' id='word_1_564' title='bbox 2198 3721 2396 3776; x_wconf 87' lang='lat' dir='ltr'><strong>asserit</strong></span> <span class='ocrx_word' id='word_1_565' title='bbox 2429 3737 2441 3773; x_wconf 91' lang='lat'>:</span> <span class='ocrx_word' id='word_1_566' title='bbox 2470 3720 2705 3793; x_wconf 85' lang='lat' dir='ltr'><strong>Diligam</strong></span> <span class='ocrx_word' id='word_1_567' title='bbox 2739 3729 2808 3785; x_wconf 86' lang='lat' dir='ltr'><strong>te,</strong></span> <span class='ocrx_word' id='word_1_568' title='bbox 2848 3721 3093 3784; x_wconf 81' lang='lat' dir='ltr'><strong>Domine,</strong></span> <span class='ocrx_word' id='word_1_569' title='bbox 3117 3721 3283 3776; x_wconf 75' lang='lat' dir='ltr'><strong>virtus</strong></span> 
     </span>
    </p>
   </div>
   <div class='ocr_carea' id='block_1_80' title="bbox 1713 3812 3282 3885">
    <p class='ocr_par' dir='ltr' id='par_1_80' title="bbox 1713 3812 3282 3885">
     <span class='ocr_line' id='line_1_81' title="bbox 1713 3812 3282 3885; baseline -0.001 -15"><span class='ocrx_word' id='word_1_570' title='bbox 1713 3830 1830 3870; x_wconf 84' lang='lat' dir='ltr'><strong>mea</strong></span> <span class='ocrx_word' id='word_1_571' title='bbox 1860 3830 1879 3868; x_wconf 89' lang='lat'><strong><em>:</em></strong></span> <span class='ocrx_word' id='word_1_572' title='bbox 1921 3812 2179 3868; x_wconf 88' lang='lat' dir='ltr'><strong>Dominus</strong></span> <span class='ocrx_word' id='word_1_573' title='bbox 2227 3814 2621 3883; x_wconf 80' lang='lat' dir='ltr'><strong>ﬁrmamentum</strong></span> <span class='ocrx_word' id='word_1_574' title='bbox 2660 3830 2831 3868; x_wconf 86' lang='lat' dir='ltr'><strong>meum</strong></span> <span class='ocrx_word' id='word_1_575' title='bbox 2891 3830 2955 3867; x_wconf 83' lang='lat' dir='ltr'><strong>ac</strong></span> <span class='ocrx_word' id='word_1_576' title='bbox 3024 3814 3282 3885; x_wconf 80' lang='lat' dir='ltr'><strong>refugium</strong></span> 
     </span>
    </p>
   </div>
   <div class='ocr_carea' id='block_1_81' title="bbox 1712 3905 3283 3978">
    <p class='ocr_par' dir='ltr' id='par_1_81' title="bbox 1712 3905 3283 3978">
     <span class='ocr_line' id='line_1_82' title="bbox 1712 3905 3283 3978; baseline -0.001 -16"><span class='ocrx_word' id='word_1_577' title='bbox 1712 3924 1881 3963; x_wconf 84' lang='lat' dir='ltr'><strong>meum</strong></span> <span class='ocrx_word' id='word_1_578' title='bbox 1901 3918 1949 3963; x_wconf 78' lang='grc' dir='ltr'>ο.</span> <span class='ocrx_word' id='word_1_579' title='bbox 1983 3906 2134 3978; x_wconf 92' lang='lat' dir='ltr'><strong>Opus</strong></span> <span class='ocrx_word' id='word_1_580' title='bbox 2166 3906 2352 3977; x_wconf 89' lang='lat' dir='ltr'><strong>itaque</strong></span> <span class='ocrx_word' id='word_1_581' title='bbox 2405 3922 2665 3962; x_wconf 88' lang='lat' dir='ltr'><strong>manuum</strong></span> <span class='ocrx_word' id='word_1_582' title='bbox 2718 3906 2841 3977; x_wconf 85' lang='lat' dir='ltr'><strong>ejus</strong></span> <span class='ocrx_word' id='word_1_583' title='bbox 2875 3905 3055 3976; x_wconf 90' lang='lat' dir='ltr'><strong>ipsum</strong></span> <span class='ocrx_word' id='word_1_584' title='bbox 3098 3905 3283 3961; x_wconf 83' lang='lat' dir='ltr'><strong>ﬁrma-</strong></span> 
     </span>
    </p>
   </div>
   <div class='ocr_carea' id='block_1_82' title="bbox 1714 4000 3284 4070">
    <p class='ocr_par' dir='ltr' id='par_1_82' title="bbox 1714 4000 3284 4070">
     <span class='ocr_line' id='line_1_83' title="bbox 1714 4000 3284 4070; baseline 0 -15"><span class='ocrx_word' id='word_1_585' title='bbox 1714 4008 1957 4057; x_wconf 88' lang='lat' dir='ltr'><strong>mentum</strong></span> <span class='ocrx_word' id='word_1_586' title='bbox 1992 4000 2311 4068; x_wconf 88' lang='lat' dir='ltr'><strong>annuntiat;</strong></span> <span class='ocrx_word' id='word_1_587' title='bbox 2341 4000 2447 4056; x_wconf 91' lang='lat' dir='ltr'><strong>hoc</strong></span> <span class='ocrx_word' id='word_1_588' title='bbox 2488 4007 2576 4057; x_wconf 89' lang='lat' dir='ltr'><strong>est</strong></span> <span class='ocrx_word' id='word_1_589' title='bbox 2629 4000 2868 4056; x_wconf 86' lang='lat' dir='ltr'><strong>ostendit</strong></span> <span class='ocrx_word' id='word_1_590' title='bbox 2912 4014 2978 4055; x_wconf 90' lang='lat' dir='ltr'><strong>ac</strong></span> <span class='ocrx_word' id='word_1_591' title='bbox 3022 4005 3284 4070; x_wconf 77' lang='lat' dir='ltr'><strong>apparere</strong></span> 
     </span>
    </p>
   </div>
   <div class='ocr_carea' id='block_1_83' title="bbox 1713 4089 3278 4163">
    <p class='ocr_par' dir='ltr' id='par_1_83' title="bbox 1713 4089 3278 4163">
     <span class='ocr_line' id='line_1_84' title="bbox 1713 4089 3278 4163; baseline -0.001 -17"><span class='ocrx_word' id='word_1_592' title='bbox 1713 4090 1846 4146; x_wconf 90' lang='lat' dir='ltr'><strong>facit</strong></span> <span class='ocrx_word' id='word_1_593' title='bbox 1879 4106 2019 4162; x_wconf 91' lang='lat' dir='ltr'><strong>opus</strong></span> <span class='ocrx_word' id='word_1_594' title='bbox 2047 4091 2367 4163; x_wconf 87' lang='lat' dir='ltr'><strong>angelorum</strong></span> <span class='ocrx_word' id='word_1_595' title='bbox 2408 4106 2657 4147; x_wconf 87' lang='lat' dir='ltr'><strong>suorum.</strong></span> <span class='ocrx_word' id='word_1_596' title='bbox 2708 4089 3017 4146; x_wconf 82' lang='lat' dir='ltr'><strong>Annuntiat</strong></span> <span class='ocrx_word' id='word_1_597' title='bbox 3047 4092 3192 4146; x_wconf 82' lang='lat' dir='ltr'><strong>enim</strong></span> <span class='ocrx_word' id='word_1_598' title='bbox 3217 4105 3278 4145; x_wconf 86' lang='lat' dir='ltr'><strong>ac</strong></span> 
     </span>
    </p>
   </div>
   <div class='ocr_carea' id='block_1_84' title="bbox 1711 4181 2451 4255">
    <p class='ocr_par' dir='ltr' id='par_1_84' title="bbox 1711 4181 2451 4255">
     <span class='ocr_line' id='line_1_85' title="bbox 1711 4181 2451 4255; baseline 0 -16"><span class='ocrx_word' id='word_1_599' title='bbox 1711 4182 1974 4248; x_wconf 87' lang='lat' dir='ltr'><strong>ostendit,</strong></span> <span class='ocrx_word' id='word_1_600' title='bbox 2007 4196 2149 4255; x_wconf 87' lang='lat' dir='ltr'><strong>quos</strong></span> <span class='ocrx_word' id='word_1_601' title='bbox 2180 4182 2272 4239; x_wconf 91' lang='lat' dir='ltr'><strong>ille</strong></span> <span class='ocrx_word' id='word_1_602' title='bbox 2302 4181 2451 4239; x_wconf 84' lang='lat' dir='ltr'><strong>fecit.</strong></span> 
     </span>
    </p>
   </div>
   <div class='ocr_carea' id='block_1_85' title="bbox 1788 4293 3283 4351">
    <p class='ocr_par' dir='ltr' id='par_1_85' title="bbox 1788 4293 3283 4351">
     <span class='ocr_line' id='line_1_86' title="bbox 1788 4293 3283 4351; baseline -0.001 -1"><span class='ocrx_word' id='word_1_603' title='bbox 1788 4293 1921 4351; x_wconf 86' lang='lat' dir='ltr'><strong>Llll.</strong></span> <span class='ocrx_word' id='word_1_604' title='bbox 1960 4294 2082 4351; x_wconf 84' lang='lat' dir='ltr'><strong>Dies</strong></span> <span class='ocrx_word' id='word_1_605' title='bbox 2112 4293 2219 4350; x_wconf 81' lang='lat' dir='ltr'><strong>diei</strong></span> <span class='ocrx_word' id='word_1_606' title='bbox 2251 4303 2457 4350; x_wconf 84' lang='lat' dir='ltr'><strong>eructat</strong></span> <span class='ocrx_word' id='word_1_607' title='bbox 2489 4293 2760 4351; x_wconf 72' lang='lat' dir='ltr'><strong>verbumd.</strong></span> <span class='ocrx_word' id='word_1_608' title='bbox 2789 4293 2947 4350; x_wconf 87' lang='lat' dir='ltr'><strong>Sicut</strong></span> <span class='ocrx_word' id='word_1_609' title='bbox 2985 4294 3111 4350; x_wconf 75' lang='grc' dir='ltr'>εωιί</span> <span class='ocrx_word' id='word_1_610' title='bbox 3141 4293 3283 4350; x_wconf 90' lang='lat' dir='ltr'><strong>mul-</strong></span> 
     </span>
    </p>
   </div>
   <div class='ocr_carea' id='block_1_86' title="bbox 1717 4384 3285 4459">
    <p class='ocr_par' dir='ltr' id='par_1_86' title="bbox 1717 4384 3285 4459">
     <span class='ocr_line' id='line_1_87' title="bbox 1717 4384 3285 4459; baseline 0.001 -18"><span class='ocrx_word' id='word_1_611' title='bbox 1717 4386 1978 4459; x_wconf 90' lang='lat' dir='ltr'><strong>tipliciter</strong></span> <span class='ocrx_word' id='word_1_612' title='bbox 2009 4385 2291 4449; x_wconf 85' lang='lat' dir='ltr'><strong>dicuntur,</strong></span> <span class='ocrx_word' id='word_1_613' title='bbox 2321 4386 2403 4441; x_wconf 90' lang='lat' dir='ltr'><strong>sic</strong></span> <span class='ocrx_word' id='word_1_614' title='bbox 2442 4386 2607 4442; x_wconf 90' lang='lat' dir='ltr'><strong>etiam</strong></span> <span class='ocrx_word' id='word_1_615' title='bbox 2647 4386 2786 4443; x_wconf 91' lang='lat' dir='ltr'><strong>dies.</strong></span> <span class='ocrx_word' id='word_1_616' title='bbox 2824 4392 2882 4451; x_wconf 59' lang='lat'><strong>&gt;11</strong></span> <span class='ocrx_word' id='word_1_617' title='bbox 2916 4384 3155 4442; x_wconf 83' lang='lat' dir='ltr'><strong>Verbum</strong></span> <span class='ocrx_word' id='word_1_618' title='bbox 3185 4402 3285 4442; x_wconf 88' lang='lat' dir='ltr'><strong>au-</strong></span> 
     </span>
    </p>
   </div>
   <div class='ocr_carea' id='block_1_87' title="bbox 1714 4476 3282 4548">
    <p class='ocr_par' dir='ltr' id='par_1_87' title="bbox 1714 4476 3282 4548">
     <span class='ocr_line' id='line_1_88' title="bbox 1714 4476 3282 4548; baseline 0.001 -14"><span class='ocrx_word' id='word_1_619' title='bbox 1714 4489 1823 4535; x_wconf 90' lang='lat' dir='ltr'><strong>tem</strong></span> <span class='ocrx_word' id='word_1_620' title='bbox 1851 4476 2117 4534; x_wconf 90' lang='lat' dir='ltr'><strong>Dominus</strong></span> <span class='ocrx_word' id='word_1_621' title='bbox 2143 4486 2263 4544; x_wconf 86' lang='lat' dir='ltr'><strong>est,</strong></span> <span class='ocrx_word' id='word_1_622' title='bbox 2292 4493 2358 4533; x_wconf 88' lang='lat' dir='ltr'><strong>ac</strong></span> <span class='ocrx_word' id='word_1_623' title='bbox 2379 4478 2495 4548; x_wconf 91' lang='lat' dir='ltr'><strong>ipse</strong></span> <span class='ocrx_word' id='word_1_624' title='bbox 2525 4494 2903 4548; x_wconf 68' lang='lat' dir='ltr'><strong>saepenumero</strong></span> <span class='ocrx_word' id='word_1_625' title='bbox 2950 4480 3069 4536; x_wconf 89' lang='lat' dir='ltr'><strong>dies</strong></span> <span class='ocrx_word' id='word_1_626' title='bbox 3103 4482 3282 4536; x_wconf 87' lang='lat' dir='ltr'><strong>nomi-</strong></span> 
     </span>
    </p>
   </div>
   <div class='ocr_carea' id='block_1_88' title="bbox 66 4562 1603 4643">
    <p class='ocr_par' dir='ltr' id='par_1_88' title="bbox 66 4562 1603 4641">
     <span class='ocr_line' id='line_1_89' title="bbox 66 4562 1603 4641; baseline 0.007 -28"><span class='ocrx_word' id='word_1_627' title='bbox 66 4562 150 4629; x_wconf 72' lang='grc' dir='ltr'><strong>νὺε</strong></span> <span class='ocrx_word' id='word_1_628' title='bbox 175 4570 332 4625; x_wconf 74' lang='grc' dir='ltr'>νυκτί</span> <span class='ocrx_word' id='word_1_629' title='bbox 392 4567 777 4640; x_wconf 71' lang='grc' dir='ltr'>ἀναγγέλλει</span> <span class='ocrx_word' id='word_1_630' title='bbox 822 4569 1068 4639; x_wconf 73' lang='grc' dir='ltr'>γνῶσιν.</span> <span class='ocrx_word' id='word_1_631' title='bbox 1110 4571 1170 4623; x_wconf 85' lang='lat'><strong>&#39;0</strong></span> <span class='ocrx_word' id='word_1_632' title='bbox 1202 4568 1445 4633; x_wconf 79' lang='grc' dir='ltr'>διάϐολος</span> <span class='ocrx_word' id='word_1_633' title='bbox 1495 4568 1603 4641; x_wconf 72' lang='grc' dir='ltr'>ᾔδει</span> 
     </span>
    </p>
   </div>
   <div class='ocr_carea' id='block_1_89' title="bbox 1714 4562 3285 4643">
    <p class='ocr_par' dir='ltr' id='par_1_89' title="bbox 1716 4568 3285 4643">
     <span class='ocr_line' id='line_1_90' title="bbox 1716 4568 3285 4643; baseline 0.002 -18"><span class='ocrx_word' id='word_1_634' title='bbox 1716 4576 1881 4625; x_wconf 82' lang='lat' dir='ltr'><strong>natus</strong></span> <span class='ocrx_word' id='word_1_635' title='bbox 1905 4576 2010 4626; x_wconf 88' lang='lat' dir='ltr'><strong>est.</strong></span> <span class='ocrx_word' id='word_1_636' title='bbox 2044 4568 2113 4623; x_wconf 82' lang='lat' dir='ltr'><strong>Et</strong></span> <span class='ocrx_word' id='word_1_637' title='bbox 2151 4585 2258 4624; x_wconf 72' lang='lat' dir='ltr'><strong>nos:</strong></span> <span class='ocrx_word' id='word_1_638' title='bbox 2285 4571 2428 4624; x_wconf 88' lang='lat' dir='ltr'><strong>nocti</strong></span> <span class='ocrx_word' id='word_1_639' title='bbox 2453 4570 2655 4624; x_wconf 78' lang='lat' dir='ltr'><strong>indicat</strong></span> <span class='ocrx_word' id='word_1_640' title='bbox 2682 4570 2981 4627; x_wconf 79' lang='lat' dir='ltr'><strong>scientiam.</strong></span> <span class='ocrx_word' id='word_1_641' title='bbox 3016 4571 3285 4643; x_wconf 77' lang='lat' dir='ltr'><strong>Cognovit</strong></span> 
     </span>
    </p>
   </div>
   <div class='ocr_carea' id='block_1_90' title="bbox 68 4652 1610 4734">
    <p class='ocr_par' dir='ltr' id='par_1_90' title="bbox 68 4652 1610 4734">
     <span class='ocr_line' id='line_1_91' title="bbox 68 4652 1610 4734; baseline 0.001 -23"><span class='ocrx_word' id='word_1_642' title='bbox 68 4652 362 4730; x_wconf 71' lang='grc' dir='ltr'>ἱλευσόμενον</span> <span class='ocrx_word' id='word_1_643' title='bbox 404 4663 504 4716; x_wconf 77' lang='grc' dir='ltr'>τὸν</span> <span class='ocrx_word' id='word_1_644' title='bbox 535 4659 772 4732; x_wconf 74' lang='grc' dir='ltr'>Κύριονσ</span> <span class='ocrx_word' id='word_1_645' title='bbox 807 4663 855 4714; x_wconf 85' lang='grc' dir='ltr'><strong>εί</strong></span> <span class='ocrx_word' id='word_1_646' title='bbox 891 4660 949 4714; x_wconf 77' lang='grc' dir='ltr'>δὲ</span> <span class='ocrx_word' id='word_1_647' title='bbox 992 4660 1124 4724; x_wconf 78' lang='grc' dir='ltr'>Θεὸς</span> <span class='ocrx_word' id='word_1_648' title='bbox 1156 4660 1267 4732; x_wconf 79' lang='grc'><strong>(71)</strong></span> <span class='ocrx_word' id='word_1_649' title='bbox 1314 4660 1475 4725; x_wconf 82' lang='grc' dir='ltr'>αὐτὸς</span> <span class='ocrx_word' id='word_1_650' title='bbox 1501 4660 1610 4734; x_wconf 75' lang='grc' dir='ltr'>εἴη,</span> 
     </span>
    </p>
   </div>
   <div class='ocr_carea' id='block_1_91' title="bbox 64 4746 1610 4827">
    <p class='ocr_par' dir='ltr' id='par_1_91' title="bbox 64 4746 1610 4827">
     <span class='ocr_line' id='line_1_92' title="bbox 64 4746 1610 4827; baseline 0.006 -26"><span class='ocrx_word' id='word_1_651' title='bbox 64 4746 135 4801; x_wconf 70' lang='grc' dir='ltr'>σῦκ</span> <span class='ocrx_word' id='word_1_652' title='bbox 157 4752 428 4821; x_wconf 66' lang='grc' dir='ltr'><strong>ἠπίστατο⁸</strong></span> <span class='ocrx_word' id='word_1_653' title='bbox 463 4756 555 4810; x_wconf 81' lang='grc' dir='ltr'>διὸ</span> <span class='ocrx_word' id='word_1_654' title='bbox 620 4753 716 4808; x_wconf 75' lang='grc' dir='ltr'>καὶ</span> <span class='ocrx_word' id='word_1_655' title='bbox 762 4753 1051 4827; x_wconf 74' lang='grc' dir='ltr'>ἐπείραζεν</span> <span class='ocrx_word' id='word_1_656' title='bbox 1083 4754 1265 4820; x_wconf 78' lang='grc' dir='ltr'>αὐτὸν,</span> <span class='ocrx_word' id='word_1_657' title='bbox 1301 4754 1387 4809; x_wconf 79' lang='grc' dir='ltr'>ἵνα</span> <span class='ocrx_word' id='word_1_658' title='bbox 1419 4754 1532 4827; x_wconf 85' lang='grc' dir='ltr'>γνῷ</span> <span class='ocrx_word' id='word_1_659' title='bbox 1561 4759 1610 4810; x_wconf 86' lang='grc' dir='ltr'><strong>εί</strong></span> 
     </span>
    </p>
   </div>
   <div class='ocr_carea' id='block_1_92' title="bbox 64 4837 1608 4919">
    <p class='ocr_par' dir='ltr' id='par_1_92' title="bbox 64 4837 1608 4919">
     <span class='ocr_line' id='line_1_93' title="bbox 64 4837 1608 4919; baseline 0.002 -19"><span class='ocrx_word' id='word_1_660' title='bbox 64 4837 236 4907; x_wconf 60' lang='grc' dir='ltr'>ἀνίατός</span> <span class='ocrx_word' id='word_1_661' title='bbox 261 4846 432 4902; x_wconf 78' lang='grc' dir='ltr'>ἐστιν.</span> <span class='ocrx_word' id='word_1_662' title='bbox 473 4849 620 4919; x_wconf 76' lang='grc' dir='ltr'>Ἐᾷν</span> <span class='ocrx_word' id='word_1_663' title='bbox 650 4846 759 4916; x_wconf 68' lang='lat'><strong>(72)</strong></span> <span class='ocrx_word' id='word_1_664' title='bbox 789 4864 946 4919; x_wconf 84' lang='grc' dir='ltr'>φησι,</span> <span class='ocrx_word' id='word_1_665' title='bbox 981 4848 1079 4902; x_wconf 79' lang='grc' dir='ltr'>καὶ</span> <span class='ocrx_word' id='word_1_666' title='bbox 1102 4849 1338 4917; x_wconf 79' lang='grc' dir='ltr'>ἀπέστη</span> <span class='ocrx_word' id='word_1_667' title='bbox 1366 4850 1469 4903; x_wconf 78' lang='grc' dir='ltr'><strong>ἀπ’</strong></span> <span class='ocrx_word' id='word_1_668' title='bbox 1500 4850 1608 4903; x_wconf 82' lang='grc' dir='ltr'><strong>αὐ-</strong></span> 
     </span>
    </p>
   </div>
   <div class='ocr_carea' id='block_1_93' title="bbox 63 4929 1610 5014">
    <p class='ocr_par' dir='ltr' id='par_1_93' title="bbox 63 4929 1610 5014">
     <span class='ocr_line' id='line_1_94' title="bbox 63 4929 1610 5014; baseline 0.008 -31"><span class='ocrx_word' id='word_1_669' title='bbox 63 4929 140 4983; x_wconf 75' lang='grc' dir='ltr'>τοῦ</span> <span class='ocrx_word' id='word_1_670' title='bbox 155 4935 231 5000; x_wconf 80' lang='grc' dir='ltr'><strong>είς</strong></span> <span class='ocrx_word' id='word_1_671' title='bbox 252 4938 489 5007; x_wconf 78' lang='grc' dir='ltr'>καιρὸν,</span> <span class='ocrx_word' id='word_1_672' title='bbox 518 4936 812 4991; x_wconf 83' lang='grc' dir='ltr'>τουτέστιν</span> <span class='ocrx_word' id='word_1_673' title='bbox 832 4938 1154 4993; x_wconf 78' lang='grc' dir='ltr'>ἀνεϐάλλετο</span> <span class='ocrx_word' id='word_1_674' title='bbox 1174 4940 1271 5013; x_wconf 79' lang='grc' dir='ltr'><strong>τήν</strong></span> <span class='ocrx_word' id='word_1_675' title='bbox 1291 4939 1506 5014; x_wconf 79' lang='grc' dir='ltr'>εὕρεσιν</span> <span class='ocrx_word' id='word_1_676' title='bbox 1531 4943 1610 5005; x_wconf 82' lang='grc' dir='ltr'><strong>είς</strong></span> 
     </span>
    </p>
   </div>
   <div class='ocr_carea' id='block_1_94' title="bbox 109 5064 1053 5158">
    <p class='ocr_par' dir='ltr' id='par_1_94' title="bbox 109 5064 1053 5158">
     <span class='ocr_line' id='line_1_95' title="bbox 109 5064 1053 5158; baseline 0.006 -18"><span class='ocrx_word' id='word_1_677' title='bbox 109 5083 276 5158; x_wconf 67' lang='lat' dir='ltr'><strong>fLuc.</strong></span> <span class='ocrx_word' id='word_1_678' title='bbox 308 5091 449 5153; x_wconf 72' lang='lat'><strong>1,“.</strong></span> <span class='ocrx_word' id='word_1_679' title='bbox 536 5089 571 5131; x_wconf 68' lang='grc' dir='ltr'>δ</span> <span class='ocrx_word' id='word_1_680' title='bbox 615 5064 762 5147; x_wconf 86' lang='lat' dir='ltr'><strong>Psal.</strong></span> <span class='ocrx_word' id='word_1_681' title='bbox 805 5106 963 5158; x_wconf 78' lang='lat' dir='ltr'><strong>mn,</strong></span> <span class='ocrx_word' id='word_1_682' title='bbox 1002 5094 1053 5148; x_wconf 79' lang='lat' dir='ltr'><strong>l.</strong></span> 
     </span>
    </p>
   </div>
   <div class='ocr_carea' id='block_1_95' title="bbox 63 5146 434 5229">
    <p class='ocr_par' dir='ltr' id='par_1_95' title="bbox 63 5146 434 5229">
     <span class='ocr_line' id='line_1_96' title="bbox 63 5146 434 5229; baseline 0.027 -19"><span class='ocrx_word' id='word_1_683' title='bbox 63 5146 211 5216; x_wconf 74' lang='lat' dir='ltr'><strong>‘Luc.</strong></span> <span class='ocrx_word' id='word_1_684' title='bbox 237 5176 309 5229; x_wconf 84' lang='lat' dir='ltr'><strong>tv,</strong></span> <span class='ocrx_word' id='word_1_685' title='bbox 335 5146 434 5220; x_wconf 54' lang='grc'><strong>15.</strong></span> 
     </span>
    </p>
   </div>
   <div class='ocr_carea' id='block_1_96' title="bbox 108 5308 1597 5387">
    <p class='ocr_par' dir='ltr' id='par_1_96' title="bbox 108 5308 1597 5387">
     <span class='ocr_line' id='line_1_97' title="bbox 108 5308 1597 5387; baseline 0 -18"><span class='ocrx_word' id='word_1_686' title='bbox 108 5308 201 5381; x_wconf 78' lang='lat'><strong>(67)</strong></span> <span class='ocrx_word' id='word_1_687' title='bbox 231 5314 589 5387; x_wconf 63' lang='grc' dir='ltr'><strong>Ἕμψυχον.</strong></span> <span class='ocrx_word' id='word_1_688' title='bbox 634 5310 769 5367; x_wconf 85' lang='lat' dir='ltr'><strong>Post</strong></span> <span class='ocrx_word' id='word_1_689' title='bbox 812 5313 951 5368; x_wconf 85' lang='lat' dir='ltr'><strong>hanc</strong></span> <span class='ocrx_word' id='word_1_690' title='bbox 984 5327 1174 5368; x_wconf 87' lang='lat' dir='ltr'><strong>vocem</strong></span> <span class='ocrx_word' id='word_1_691' title='bbox 1212 5313 1266 5368; x_wconf 91' lang='lat' dir='ltr'><strong>in</strong></span> <span class='ocrx_word' id='word_1_692' title='bbox 1297 5309 1471 5387; x_wconf 26' lang='lat' dir='ltr'><strong>Flor.‘</strong></span> <span class='ocrx_word' id='word_1_693' title='bbox 1502 5311 1597 5387; x_wconf 83' lang='lat' dir='ltr'><strong>de-</strong></span> 
     </span>
    </p>
   </div>
   <div class='ocr_carea' id='block_1_97' title="bbox 61 5375 1603 5506">
    <p class='ocr_par' dir='ltr' id='par_1_97' title="bbox 61 5375 1603 5506">
     <span class='ocr_line' id='line_1_98' title="bbox 61 5375 1603 5506; baseline 0.005 -74"><span class='ocrx_word' id='word_1_694' title='bbox 219 5375 600 5457; x_wconf 47' lang='lat' dir='ltr'><strong>sig&#39;numuest,</strong></span> <span class='ocrx_word' id='word_1_695' title='bbox 657 5398 778 5438; x_wconf 88' lang='lat' dir='ltr'><strong>cum</strong></span> <span class='ocrx_word' id='word_1_696' title='bbox 815 5393 995 5439; x_wconf 90' lang='lat' dir='ltr'><strong>tamen</strong></span> <span class='ocrx_word' id='word_1_697' title='bbox 1027 5392 1319 5440; x_wconf 68' lang='lat' dir='ltr'><strong>structurae</strong></span> <span class='ocrx_word' id='word_1_698' title='bbox 1339 5384 1474 5440; x_wconf 88' lang='lat' dir='ltr'><strong>nihil</strong></span> <span class='ocrx_word' id='word_1_699' title='bbox 1507 5384 1603 5439; x_wconf 89' lang='lat' dir='ltr'><strong>de-</strong></span> 
     </span>
     <span class='ocr_line' id='line_1_99' title="bbox 117 5470 405 5506; baseline 0.014 -4"><span class='ocrx_word' id='word_1_700' title='bbox 117 5491 127 5502; x_wconf 84' lang='lat'><strong>.</strong></span> <span class='ocrx_word' id='word_1_701' title='bbox 189 5470 405 5506; x_wconf 64' lang='lat' dir='ltr'><strong>&#39;LBURG-</strong></span> 
     </span>
    </p>
   </div>
   <div class='ocr_carea' id='block_1_98' title="bbox 62 5460 405 5514">
    <p class='ocr_par' dir='ltr' id='par_1_98' title="bbox 62 5460 405 5514">
     <span class='ocr_line' id='line_1_100' title="bbox 62 5460 405 5514; baseline 0.038 -14"><span class='ocrx_word' id='word_1_702' title='bbox 62 5460 127 5502; x_wconf 77' lang='lat' dir='ltr'><strong>Sll.</strong></span> <span class='ocrx_word' id='word_1_703' title='bbox 154 5460 405 5514; x_wconf 66' lang='lat' dir='ltr'><strong>SYLBCRG.</strong></span> 
     </span>
    </p>
   </div>
   <div class='ocr_carea' id='block_1_99' title="bbox 111 5522 1608 5597">
    <p class='ocr_par' dir='ltr' id='par_1_99' title="bbox 111 5522 1608 5597">
     <span class='ocr_line' id='line_1_101' title="bbox 111 5522 1608 5597; baseline 0.003 -21"><span class='ocrx_word' id='word_1_704' title='bbox 111 5522 202 5589; x_wconf 82' lang='lat'><strong>(68)</strong></span> <span class='ocrx_word' id='word_1_705' title='bbox 225 5530 288 5582; x_wconf 82' lang='lat' dir='ltr'><strong>Ol</strong></span> <span class='ocrx_word' id='word_1_706' title='bbox 314 5524 624 5597; x_wconf 46' lang='grc' dir='ltr'>οὐρανοίη</span> <span class='ocrx_word' id='word_1_707' title='bbox 644 5523 931 5597; x_wconf 81' lang='lat' dir='ltr'><strong>Enarratio</strong></span> <span class='ocrx_word' id='word_1_708' title='bbox 958 5530 1041 5580; x_wconf 90' lang='lat' dir='ltr'><strong>est</strong></span> <span class='ocrx_word' id='word_1_709' title='bbox 1078 5525 1276 5597; x_wconf 72' lang='lat' dir='ltr'><strong>psalmi</strong></span> <span class='ocrx_word' id='word_1_710' title='bbox 1302 5540 1459 5592; x_wconf 80' lang='lat' dir='ltr'><strong>xvnt,</strong></span> <span class='ocrx_word' id='word_1_711' title='bbox 1486 5539 1608 5595; x_wconf 74' lang='lat' dir='ltr'><strong>qua:</strong></span> 
     </span>
    </p>
   </div>
   <div class='ocr_carea' id='block_1_100' title="bbox 61 5593 1265 5666">
    <p class='ocr_par' dir='ltr' id='par_1_100' title="bbox 61 5593 1265 5666">
     <span class='ocr_line' id='line_1_102' title="bbox 61 5593 1265 5666; baseline -0.002 -12"><span class='ocrx_word' id='word_1_712' title='bbox 61 5601 280 5666; x_wconf 49' lang='lat' dir='ltr'><strong>quintum</strong></span> <span class='ocrx_word' id='word_1_713' title='bbox 318 5593 432 5652; x_wconf 72' lang='lat' dir='ltr'><strong>huc</strong></span> <span class='ocrx_word' id='word_1_714' title='bbox 460 5593 736 5666; x_wconf 84' lang='lat' dir='ltr'><strong>quadret,</strong></span> <span class='ocrx_word' id='word_1_715' title='bbox 764 5595 1019 5666; x_wconf 69' lang='lat' dir='ltr'><strong>judicent</strong></span> <span class='ocrx_word' id='word_1_716' title='bbox 1039 5593 1159 5666; x_wconf 83' lang='lat' dir='ltr'><strong>alii.</strong></span> <span class='ocrx_word' id='word_1_717' title='bbox 1188 5594 1265 5651; x_wconf 83' lang='lat' dir='ltr'><strong>In.</strong></span> 
     </span>
    </p>
   </div>
   <div class='ocr_carea' id='block_1_101' title="bbox 113 5661 1613 5738">
    <p class='ocr_par' dir='ltr' id='par_1_101' title="bbox 113 5661 1613 5738">
     <span class='ocr_line' id='line_1_103' title="bbox 113 5661 1613 5738; baseline 0.001 -23"><span class='ocrx_word' id='word_1_718' title='bbox 113 5661 206 5728; x_wconf 70' lang='lat'><strong>(69)</strong></span> <span class='ocrx_word' id='word_1_719' title='bbox 243 5661 556 5738; x_wconf 75' lang='grc' dir='ltr'>Ὲνέργεὶα</span> <span class='ocrx_word' id='word_1_720' title='bbox 587 5661 914 5738; x_wconf 57' lang='grc' dir='ltr'>προσεχής.</span> <span class='ocrx_word' id='word_1_721' title='bbox 943 5664 1167 5738; x_wconf 84' lang='lat' dir='ltr'><strong>Etiamsi</strong></span> <span class='ocrx_word' id='word_1_722' title='bbox 1194 5666 1345 5738; x_wconf 82' lang='lat' dir='ltr'><strong>legas</strong></span> <span class='ocrx_word' id='word_1_723' title='bbox 1365 5663 1613 5738; x_wconf 73' lang='grc' dir='ltr'>ἐνεργείᾳ</span> 
     </span>
    </p>
   </div>
   <div class='ocr_carea' id='block_1_102' title="bbox 60 5735 1503 5806">
    <p class='ocr_par' dir='ltr' id='par_1_102' title="bbox 60 5735 1503 5806">
     <span class='ocr_line' id='line_1_104' title="bbox 60 5735 1503 5806; baseline 0.004 -21"><span class='ocrx_word' id='word_1_724' title='bbox 60 5740 326 5806; x_wconf 53' lang='grc' dir='ltr'>προσεχεῖς,</span> <span class='ocrx_word' id='word_1_725' title='bbox 358 5735 573 5806; x_wconf 76' lang='lat' dir='ltr'><strong>parum</strong></span> <span class='ocrx_word' id='word_1_726' title='bbox 608 5735 760 5806; x_wconf 87' lang='lat' dir='ltr'><strong>lucis_</strong></span> <span class='ocrx_word' id='word_1_727' title='bbox 773 5735 1051 5799; x_wconf 57' lang='lat' dir='ltr'><strong>sententiae</strong></span> <span class='ocrx_word' id='word_1_728' title='bbox 1078 5735 1395 5793; x_wconf 79' lang='lat' dir='ltr'><strong>accesserit.</strong></span> <span class='ocrx_word' id='word_1_729' title='bbox 1426 5735 1503 5791; x_wconf 74' lang='lat' dir='ltr'><strong>lo.</strong></span> 
     </span>
    </p>
   </div>
   <div class='ocr_carea' id='block_1_103' title="bbox 112 5801 1615 5930">
    <p class='ocr_par' dir='ltr' id='par_1_103' title="bbox 112 5801 1615 5930">
     <span class='ocr_line' id='line_1_105' title="bbox 112 5801 1615 5930; baseline -0.003 -65"><span class='ocrx_word' id='word_1_730' title='bbox 112 5801 669 5930; x_wconf 45' lang='lat' dir='ltr'><strong>Ql&#39;l&#39;Erﬁpq-no&#39;ar.</strong></span> <span class='ocrx_word' id='word_1_731' title='bbox 720 5802 864 5860; x_wconf 79' lang='lat' dir='ltr'><strong>Flor.</strong></span> <span class='ocrx_word' id='word_1_732' title='bbox 892 5846 905 5871; x_wconf 92' lang='lat'><strong>,</strong></span> <span class='ocrx_word' id='word_1_733' title='bbox 957 5806 1425 5879; x_wconf 72' lang='grc' dir='ltr'>ἑνειργήσθησαν,</span> <span class='ocrx_word' id='word_1_734' title='bbox 1489 5819 1615 5860; x_wconf 85' lang='lat' dir='ltr'><strong>cor-</strong></span> 
     </span>
     <span class='ocr_line' id='line_1_106' title="bbox 185 5891 299 5930; baseline 0 0"><span class='ocrx_word' id='word_1_735' title='bbox 185 5917 197 5930; x_wconf 95' lang='lat'><strong>.</strong></span> <span class='ocrx_word' id='word_1_736' title='bbox 244 5891 299 5930; x_wconf 80' lang='grc' dir='ltr'><strong>ο.</strong></span> 
     </span>
    </p>
   </div>
   <div class='ocr_carea' id='block_1_104' title="bbox 58 5880 299 5942">
    <p class='ocr_par' dir='ltr' id='par_1_104' title="bbox 58 5880 299 5942">
     <span class='ocr_line' id='line_1_107' title="bbox 58 5880 299 5942; baseline 0.041 -18"><span class='ocrx_word' id='word_1_737' title='bbox 58 5880 197 5942; x_wconf 76' lang='lat' dir='ltr'><strong>rapte.</strong></span> <span class='ocrx_word' id='word_1_738' title='bbox 225 5880 299 5934; x_wconf 78' lang='lat' dir='ltr'><strong>In.</strong></span> 
     </span>
    </p>
   </div>
   <div class='ocr_carea' id='block_1_105' title="bbox 1714 4661 3284 4722">
    <p class='ocr_par' dir='ltr' id='par_1_105' title="bbox 1714 4661 3284 4722">
     <span class='ocr_line' id='line_1_108' title="bbox 1714 4661 3284 4722; baseline 0.001 -3"><span class='ocrx_word' id='word_1_739' title='bbox 1714 4662 1968 4719; x_wconf 88' lang='lat' dir='ltr'><strong>diabolus</strong></span> <span class='ocrx_word' id='word_1_740' title='bbox 2011 4661 2297 4718; x_wconf 90' lang='lat' dir='ltr'><strong>Dominum</strong></span> <span class='ocrx_word' id='word_1_741' title='bbox 2344 4670 2637 4718; x_wconf 80' lang='lat' dir='ltr'><strong>venturum</strong></span> <span class='ocrx_word' id='word_1_742' title='bbox 2685 4678 2807 4721; x_wconf 91' lang='lat' dir='ltr'><strong>esse</strong></span> <span class='ocrx_word' id='word_1_743' title='bbox 2844 4680 2953 4719; x_wconf 90' lang='lat' dir='ltr'><strong>:an</strong></span> <span class='ocrx_word' id='word_1_744' title='bbox 2982 4680 3113 4721; x_wconf 89' lang='lat' dir='ltr'><strong>vero</strong></span> <span class='ocrx_word' id='word_1_745' title='bbox 3141 4663 3284 4722; x_wconf 90' lang='lat' dir='ltr'><strong>Deus</strong></span> 
     </span>
    </p>
   </div>
   <div class='ocr_carea' id='block_1_106' title="bbox 1717 4752 3280 4830">
    <p class='ocr_par' dir='ltr' id='par_1_106' title="bbox 1717 4752 3280 4830">
     <span class='ocr_line' id='line_1_109' title="bbox 1717 4752 3280 4830; baseline 0.002 -19"><span class='ocrx_word' id='word_1_746' title='bbox 1717 4755 1861 4812; x_wconf 88' lang='lat' dir='ltr'><strong>idem</strong></span> <span class='ocrx_word' id='word_1_747' title='bbox 1892 4762 2039 4811; x_wconf 85' lang='lat' dir='ltr'><strong>esset</strong></span> <span class='ocrx_word' id='word_1_748' title='bbox 2071 4752 2311 4819; x_wconf 88' lang='lat' dir='ltr'><strong>futurus,</strong></span> <span class='ocrx_word' id='word_1_749' title='bbox 2343 4754 2493 4809; x_wconf 91' lang='lat' dir='ltr'><strong>illum</strong></span> <span class='ocrx_word' id='word_1_750' title='bbox 2525 4754 2704 4813; x_wconf 90' lang='lat' dir='ltr'><strong>latuit.</strong></span> <span class='ocrx_word' id='word_1_751' title='bbox 2733 4755 3072 4829; x_wconf 85' lang='lat' dir='ltr'><strong>Quapropter</strong></span> <span class='ocrx_word' id='word_1_752' title='bbox 3104 4759 3280 4830; x_wconf 85' lang='lat' dir='ltr'><strong>ipsum</strong></span> 
     </span>
    </p>
   </div>
   <div class='ocr_carea' id='block_1_107' title="bbox 1716 4847 3279 4921">
    <p class='ocr_par' dir='ltr' id='par_1_107' title="bbox 1716 4847 3279 4921">
     <span class='ocr_line' id='line_1_110' title="bbox 1716 4847 3279 4921; baseline 0.001 -18"><span class='ocrx_word' id='word_1_753' title='bbox 1716 4847 1966 4911; x_wconf 83' lang='lat' dir='ltr'><strong>tentavit,</strong></span> <span class='ocrx_word' id='word_1_754' title='bbox 1995 4855 2057 4901; x_wconf 86' lang='lat' dir='ltr'><strong>ut</strong></span> <span class='ocrx_word' id='word_1_755' title='bbox 2095 4853 2456 4917; x_wconf 87' lang='lat' dir='ltr'><strong>cognosceret</strong></span> <span class='ocrx_word' id='word_1_756' title='bbox 2495 4849 2675 4918; x_wconf 83' lang='lat' dir='ltr'><strong>qualis</strong></span> <span class='ocrx_word' id='word_1_757' title='bbox 2705 4850 2783 4904; x_wconf 94' lang='lat' dir='ltr'><strong>illi</strong></span> <span class='ocrx_word' id='word_1_758' title='bbox 2820 4852 3062 4921; x_wconf 89' lang='lat' dir='ltr'><strong>potentia</strong></span> <span class='ocrx_word' id='word_1_759' title='bbox 3096 4851 3279 4916; x_wconf 90' lang='lat' dir='ltr'><strong>fuerit,</strong></span> 
     </span>
    </p>
   </div>
   <div class='ocr_carea' id='block_1_108' title="bbox 1717 4936 3281 5011">
    <p class='ocr_par' dir='ltr' id='par_1_108' title="bbox 1717 4936 3281 5011">
     <span class='ocr_line' id='line_1_111' title="bbox 1717 4936 3281 5011; baseline 0.003 -18"><span class='ocrx_word' id='word_1_760' title='bbox 1717 4940 1959 5007; x_wconf 64' lang='grc' dir='ltr'>ιιιίῳιιιη</span> <span class='ocrx_word' id='word_1_761' title='bbox 2000 4937 2170 4993; x_wconf 90' lang='lat' dir='ltr'><strong>dicit:</strong></span> <span class='ocrx_word' id='word_1_762' title='bbox 2195 4936 2265 4992; x_wconf 86' lang='lat' dir='ltr'><strong>Et</strong></span> <span class='ocrx_word' id='word_1_763' title='bbox 2299 4940 2512 4994; x_wconf 74' lang='lat' dir='ltr'><strong>recessit</strong></span> <span class='ocrx_word' id='word_1_764' title='bbox 2558 4938 2623 4994; x_wconf 85' lang='lat' dir='ltr'><strong>ab</strong></span> <span class='ocrx_word' id='word_1_765' title='bbox 2661 4956 2722 4996; x_wconf 88' lang='lat' dir='ltr'><strong>eo</strong></span> <span class='ocrx_word' id='word_1_766' title='bbox 2768 4940 2837 4994; x_wconf 88' lang='lat' dir='ltr'><strong>ad</strong></span> <span class='ocrx_word' id='word_1_767' title='bbox 2866 4952 3105 5011; x_wconf 66' lang='lat' dir='ltr'><strong>tempuse</strong></span> <span class='ocrx_word' id='word_1_768' title='bbox 3135 4958 3153 4996; x_wconf 91' lang='lat'><strong><em>:</em></strong></span> <span class='ocrx_word' id='word_1_769' title='bbox 3178 4942 3281 4997; x_wconf 90' lang='lat' dir='ltr'><strong>hoc</strong></span> 
     </span>
    </p>
   </div>
   <div class='ocr_carea' id='block_1_109' title="bbox 1132 5091 1603 5162">
    <p class='ocr_par' dir='ltr' id='par_1_109' title="bbox 1132 5092 1571 5160">
     <span class='ocr_line' id='line_1_112' title="bbox 1132 5092 1571 5160; baseline 0 -12"><span class='ocrx_word' id='word_1_770' title='bbox 1132 5103 1156 5132; x_wconf 72' lang='grc' dir='ltr'><strong><em>ο</em></strong></span> <span class='ocrx_word' id='word_1_771' title='bbox 1225 5092 1371 5152; x_wconf 85' lang='lat' dir='ltr'><strong>Psal.</strong></span> <span class='ocrx_word' id='word_1_772' title='bbox 1438 5111 1571 5160; x_wconf 77' lang='lat' dir='ltr'><strong>xvu,</strong></span> 
     </span>
    </p>
   </div>
   <div class='ocr_carea' id='block_1_110' title="bbox 1714 5091 3277 5162">
    <p class='ocr_par' dir='ltr' id='par_1_110' title="bbox 1738 5091 3277 5162">
     <span class='ocr_line' id='line_1_113' title="bbox 1738 5091 3277 5162; baseline 0.001 -14"><span class='ocrx_word' id='word_1_773' title='bbox 1738 5093 1765 5133; x_wconf 77' lang='grc' dir='ltr'>ἀ</span> <span class='ocrx_word' id='word_1_774' title='bbox 1828 5092 1975 5150; x_wconf 83' lang='lat' dir='ltr'><strong>Psal.</strong></span> <span class='ocrx_word' id='word_1_775' title='bbox 2044 5107 2202 5162; x_wconf 77' lang='lat' dir='ltr'><strong>xvm,</strong></span> <span class='ocrx_word' id='word_1_776' title='bbox 2262 5093 2318 5149; x_wconf 76' lang='lat'><strong>2.</strong></span> <span class='ocrx_word' id='word_1_777' title='bbox 2400 5101 2460 5160; x_wconf 51' lang='lat' dir='ltr'><strong>si</strong></span> <span class='ocrx_word' id='word_1_778' title='bbox 2500 5091 2565 5150; x_wconf 88' lang='lat' dir='ltr'><strong>P.</strong></span> <span class='ocrx_word' id='word_1_779' title='bbox 2629 5092 2736 5152; x_wconf 75' lang='lat'><strong>99?.</strong></span> <span class='ocrx_word' id='word_1_780' title='bbox 2812 5093 2919 5151; x_wconf 82' lang='grc' dir='ltr'>ΕΙ).</span> <span class='ocrx_word' id='word_1_781' title='bbox 2981 5092 3277 5151; x_wconf 82' lang='lat' dir='ltr'><strong>POTTEB.</strong></span> 
     </span>
    </p>
   </div>
   <div class='ocr_carea' id='block_1_111' title="bbox 1740 5314 3278 5397">
    <p class='ocr_par' dir='ltr' id='par_1_111' title="bbox 1740 5314 3278 5397">
     <span class='ocr_line' id='line_1_114' title="bbox 1740 5314 3278 5397; baseline 0.003 -26"><span class='ocrx_word' id='word_1_782' title='bbox 1740 5314 1898 5397; x_wconf 41' lang='grc' dir='ltr'><strong>,(Ὴλ</strong></span> <span class='ocrx_word' id='word_1_783' title='bbox 1921 5320 2085 5385; x_wconf 86' lang='grc' dir='ltr'>Θεός.</span> <span class='ocrx_word' id='word_1_784' title='bbox 2142 5318 2269 5376; x_wconf 66' lang='lat' dir='ltr'><strong>Haec</strong></span> <span class='ocrx_word' id='word_1_785' title='bbox 2324 5337 2429 5377; x_wconf 83' lang='lat' dir='ltr'><strong>vox</strong></span> <span class='ocrx_word' id='word_1_786' title='bbox 2492 5320 2735 5378; x_wconf 86' lang='lat' dir='ltr'><strong>additae</strong></span> <span class='ocrx_word' id='word_1_787' title='bbox 2767 5320 2915 5378; x_wconf 82' lang='lat' dir='ltr'><strong>Flor.</strong></span> <span class='ocrx_word' id='word_1_788' title='bbox 2967 5320 3101 5377; x_wconf 87' lang='lat' dir='ltr'><strong>edit.</strong></span> <span class='ocrx_word' id='word_1_789' title='bbox 3132 5336 3278 5375; x_wconf 89' lang='lat' dir='ltr'><strong>mar-</strong></span> 
     </span>
    </p>
   </div>
   <div class='ocr_carea' id='block_1_112' title="bbox 1703 5401 2126 5457">
    <p class='ocr_par' dir='ltr' id='par_1_112' title="bbox 1703 5401 2126 5457">
     <span class='ocr_line' id='line_1_115' title="bbox 1703 5401 2126 5457; baseline 0.014 -19"><span class='ocrx_word' id='word_1_790' title='bbox 1703 5401 1844 5457; x_wconf 85' lang='lat' dir='ltr'><strong>gme.</strong></span> <span class='ocrx_word' id='word_1_791' title='bbox 1866 5401 2126 5445; x_wconf 69' lang='lat' dir='ltr'><strong>annuae.</strong></span> 
     </span>
    </p>
   </div>
   <div class='ocr_carea' id='block_1_113' title="bbox 1740 5456 3285 5541">
    <p class='ocr_par' dir='ltr' id='par_1_113' title="bbox 1740 5456 3285 5541">
     <span class='ocr_line' id='line_1_116' title="bbox 1740 5456 3285 5541; baseline 0.005 -32"><span class='ocrx_word' id='word_1_792' title='bbox 1740 5456 1890 5541; x_wconf 52' lang='lat'><strong>.(72)</strong></span> <span class='ocrx_word' id='word_1_793' title='bbox 1933 5458 2240 5541; x_wconf 84' lang='lat' dir='ltr'><strong>Pro</strong></span> <span class='ocrx_word' id='word_1_794' title='bbox 2293 5463 2389 5534; x_wconf 81' lang='grc' dir='ltr'>ὲᾷν</span> <span class='ocrx_word' id='word_1_795' title='bbox 2443 5469 2721 5541; x_wconf 67' lang='lat' dir='ltr'><strong>structura</strong></span> <span class='ocrx_word' id='word_1_796' title='bbox 2770 5462 3010 5541; x_wconf 73' lang='lat' dir='ltr'><strong>postulat</strong></span> <span class='ocrx_word' id='word_1_797' title='bbox 3063 5462 3285 5541; x_wconf 37' lang='lat' dir='ltr'><strong>elevet</strong></span> 
     </span>
    </p>
   </div>
   <div class='ocr_carea' id='block_1_114' title="bbox 1709 5529 3279 5603">
    <p class='ocr_par' dir='ltr' id='par_1_114' title="bbox 1709 5529 3279 5603">
     <span class='ocr_line' id='line_1_117' title="bbox 1709 5529 3279 5603; baseline 0.004 -22"><span class='ocrx_word' id='word_1_798' title='bbox 1709 5529 1884 5603; x_wconf 72' lang='grc' dir='ltr'>εἴασες</span> <span class='ocrx_word' id='word_1_799' title='bbox 1916 5530 2057 5585; x_wconf 82' lang='lat' dir='ltr'><strong>sivit.</strong></span> <span class='ocrx_word' id='word_1_800' title='bbox 2093 5529 2270 5603; x_wconf 86' lang='lat' dir='ltr'><strong>Lucas</strong></span> <span class='ocrx_word' id='word_1_801' title='bbox 2312 5529 2432 5603; x_wconf 82' lang='lat' dir='ltr'><strong>cap.</strong></span> <span class='ocrx_word' id='word_1_802' title='bbox 2497 5549 2569 5596; x_wconf 84' lang='lat' dir='ltr'><strong>Iv,</strong></span> <span class='ocrx_word' id='word_1_803' title='bbox 2605 5532 2737 5587; x_wconf 86' lang='lat' dir='ltr'><strong>dicit</strong></span> <span class='ocrx_word' id='word_1_804' title='bbox 2769 5529 2789 5586; x_wconf 78' lang='grc' dir='ltr'>Ξ</span> <span class='ocrx_word' id='word_1_805' title='bbox 2811 5533 2918 5586; x_wconf 75' lang='grc' dir='ltr'><strong>Καὶ</strong></span> <span class='ocrx_word' id='word_1_806' title='bbox 2958 5532 3279 5597; x_wconf 81' lang='grc' dir='ltr'>συντελέσας</span> 
     </span>
    </p>
   </div>
   <div class='ocr_carea' id='block_1_115' title="bbox 1712 5598 3276 5675">
    <p class='ocr_par' dir='ltr' id='par_1_115' title="bbox 1712 5598 3276 5675">
     <span class='ocr_line' id='line_1_118' title="bbox 1712 5598 3276 5675; baseline 0.004 -24"><span class='ocrx_word' id='word_1_807' title='bbox 1712 5598 1906 5675; x_wconf 48' lang='grc' dir='ltr'>πάντα-</span> <span class='ocrx_word' id='word_1_808' title='bbox 1919 5602 2227 5675; x_wconf 53' lang='grc' dir='ltr'>πειρασμὸν</span> <span class='ocrx_word' id='word_1_809' title='bbox 2248 5604 2278 5657; x_wconf 83' lang='grc' dir='ltr'><strong>ὁ</strong></span> <span class='ocrx_word' id='word_1_810' title='bbox 2301 5598 2565 5667; x_wconf 73' lang='grc' dir='ltr'>διάϐολος,</span> <span class='ocrx_word' id='word_1_811' title='bbox 2589 5603 2799 5675; x_wconf 71' lang='grc' dir='ltr'>ἀπέστη</span> <span class='ocrx_word' id='word_1_812' title='bbox 2827 5604 2923 5657; x_wconf 83' lang='grc' dir='ltr'><strong>ἀπ’</strong></span> <span class='ocrx_word' id='word_1_813' title='bbox 2956 5603 3119 5675; x_wconf 62' lang='grc' dir='ltr'>αυτοῦ</span> <span class='ocrx_word' id='word_1_814' title='bbox 3150 5604 3276 5674; x_wconf 75' lang='grc' dir='ltr'><strong>ἄχρι</strong></span> 
     </span>
    </p>
   </div>
   <div class='ocr_carea' id='block_1_116' title="bbox 1716 5667 3280 5746">
    <p class='ocr_par' dir='ltr' id='par_1_116' title="bbox 1716 5667 3280 5746">
     <span class='ocr_line' id='line_1_119' title="bbox 1716 5667 3280 5746; baseline -0.005 -13"><span class='ocrx_word' id='word_1_815' title='bbox 1716 5667 2267 5746; x_wconf 47' lang='grc' dir='ltr'>κριιρορηὃὶέίιυὲηιὶο</span> <span class='ocrx_word' id='word_1_816' title='bbox 2298 5690 2448 5746; x_wconf 84' lang='lat' dir='ltr'><strong>vero,</strong></span> <span class='ocrx_word' id='word_1_817' title='bbox 2485 5667 2802 5746; x_wconf 83' lang='grc' dir='ltr'>ἀνεϐάλλετό</span> <span class='ocrx_word' id='word_1_818' title='bbox 2840 5675 2938 5746; x_wconf 79' lang='grc' dir='ltr'>τὴν</span> <span class='ocrx_word' id='word_1_819' title='bbox 2960 5673 3175 5745; x_wconf 73' lang='grc' dir='ltr'>εὕρεσιν</span> <span class='ocrx_word' id='word_1_820' title='bbox 3188 5667 3280 5738; x_wconf 64' lang='grc' dir='ltr'><strong>ἐἰς</strong></span> 
     </span>
    </p>
   </div>
   <div class='ocr_carea' id='block_1_117' title="bbox 1714 5738 3281 5810">
    <p class='ocr_par' dir='ltr' id='par_1_117' title="bbox 1714 5738 3281 5810">
     <span class='ocr_line' id='line_1_120' title="bbox 1714 5738 3281 5810; baseline 0.005 -20"><span class='ocrx_word' id='word_1_821' title='bbox 1714 5738 1825 5810; x_wconf 78' lang='grc' dir='ltr'>τὴν</span> <span class='ocrx_word' id='word_1_822' title='bbox 1863 5738 2182 5807; x_wconf 76' lang='grc' dir='ltr'>ἀνάστασιν,</span> <span class='ocrx_word' id='word_1_823' title='bbox 2217 5745 2456 5800; x_wconf 86' lang='lat' dir='ltr'><strong>alludere</strong></span> <span class='ocrx_word' id='word_1_824' title='bbox 2487 5745 2744 5800; x_wconf 76' lang='lat' dir='ltr'><strong>videntur</strong></span> <span class='ocrx_word' id='word_1_825' title='bbox 2793 5744 2860 5800; x_wconf 88' lang='lat' dir='ltr'><strong>ad</strong></span> <span class='ocrx_word' id='word_1_826' title='bbox 2895 5738 3281 5800; x_wconf 73' lang='lat' dir='ltr'><strong>narrationem</strong></span> 
     </span>
    </p>
   </div>
   <div class='ocr_carea' id='block_1_118' title="bbox 1714 5813 3205 5886">
    <p class='ocr_par' dir='ltr' id='par_1_118' title="bbox 1714 5813 3205 5886">
     <span class='ocr_line' id='line_1_121' title="bbox 1714 5813 3205 5886; baseline 0.003 -22"><span class='ocrx_word' id='word_1_827' title='bbox 1714 5825 1837 5882; x_wconf 72' lang='lat' dir='ltr'><strong>qua:</strong></span> <span class='ocrx_word' id='word_1_828' title='bbox 1868 5820 1952 5869; x_wconf 89' lang='lat' dir='ltr'><strong>est</strong></span> <span class='ocrx_word' id='word_1_829' title='bbox 1984 5814 2040 5870; x_wconf 91' lang='lat' dir='ltr'><strong>in</strong></span> <span class='ocrx_word' id='word_1_830' title='bbox 2070 5813 2363 5886; x_wconf 80' lang='lat' dir='ltr'><strong>Evangelia</strong></span> <span class='ocrx_word' id='word_1_831' title='bbox 2389 5814 2689 5872; x_wconf 87' lang='lat' dir='ltr'><strong>secundum</strong></span> <span class='ocrx_word' id='word_1_832' title='bbox 2722 5814 3095 5873; x_wconf 84' lang='lat' dir='ltr'><strong>Nieodemum.</strong></span> <span class='ocrx_word' id='word_1_833' title='bbox 3128 5814 3205 5871; x_wconf 79' lang='lat' dir='ltr'><strong>lo.</strong></span> 
     </span>
    </p>
   </div>
  </div>
