3840 6534
568 385 665 416 ’το-τ

576 411 590 437 ι
600 403 668 437 2:.)

1715 391 2034 447 CLEMENS
2072 391 2626 450 ALEXANDRINUS.
3658 399 3737 456 τεξι

562 519 645 563 est
677 505 956 562 differebat
988 509 1354 581 cognitionem
1385 511 1527 567 banc
1562 512 1630 568 ad
1657 514 2113 569 resurrectionem

2239 517 2313 588 γὴν
2367 516 2678 570 ἀνάστασιν.
2715 515 2868 588 ᾜὸει
2910 514 3019 586 γὰρ
3049 513 3234 569 τοῦτον
3289 509 3425 569 εἶναι
3455 514 3540 568 τὸν
3572 514 3738 587 Κύριον

564 613 755 666 usque.
787 599 998 670 Quippe
1038 611 1265 656 noverat
1312 604 1464 658 illum
1516 621 1637 660 esse
1678 604 1988 668 Dominum,
2025 606 2118 676 qui

562 697 973 744 resurrecturus
1017 700 1182 746 esset.
1257 691 1520 749 Similiter
1575 696 1734 750 etiam
1807 695 2116 758 daemones,

561 778 818 847 quoniam
855 779 1198 837 Salomonem
1224 783 1512 839 Dominum
1543 802 1665 841 esse
1679 796 1968 856 putarunt;
2001 789 2120 858 ipso

563 884 742 927 autem
790 884 1073 943 peccante.
1106 878 1273 946 probe
1321 888 1712 948 cognoverunt,
1743 896 1853 934 non
1905 897 2026 937 esse
2057 883 2120 935 il-

563 964 697 1019 lum.
738 963 863 1019 Non:
908 969 1086 1032 nocti;
1129 969 1404 1023 daemones
1453 979 1631 1024 autem
1681 987 1871 1027 omnes
1922 980 2122 1027 norunt

564 1055 851 1111 Dominum
895 1074 1017 1114 esse
1061 1060 1211 1114 illum
1254 1061 1347 1130 qui
1378 1069 1498 1130 post
1542 1063 1852 1131 passionem
1880 1079 1909 1117 a
1949 1074 2123 1120 morte

563 1151 886 1204 resurrexit.
914 1149 1032 1204 Jam
1064 1167 1194 1205 vero
1215 1151 1348 1206 dicit
1378 1154 1540 1208 etiam
1571 1152 1778 1216 Enoch,
1815 1163 2123 1226 transgres-

565 1254 720 1294 sores
752 1241 971 1311 angelos
1007 1243 1260 1298 docuisse
1309 1243 1556 1300 homines
1602 1247 2012 1304 astronomiam.
2040 1249 2119 1302 di-

561 1332 916 1398 vinationem,
950 1335 1293 1405 reliquasque
1323 1347 1489 1391 artes.

635 1440 767 1498 LIV.
801 1442 924 1498 Non
968 1456 1091 1500 sunt
1139 1447 1354 1516 loquela:
1388 1463 1548 1518 neque
1589 1465 1875 1511 sermones,
1901 1465 2124 1518 quorum

563 1550 667 1587 non
724 1535 1011 1589 audiantur
1067 1554 1208 1592 voces
1261 1555 1440 1592 eorum
1471 1555 1489 1592 :
1520 1555 1710 1610 nempe
1757 1556 1855 1596 nec
1886 1541 2120 1605 dierum,

562 1640 741 1695 neque
772 1627 1034 1682 noctium.
1088 1627 1153 1682 In
1205 1646 1409 1684 omnem
1439 1641 1634 1684 terram
1663 1633 1822 1692 exivit
1848 1650 2008 1687 sonus
2037 1649 2126 1686 eo-

561 1732 676 1769 rum
695 1729 743 1773 ει.
779 1717 1085 1774 Transtulit
1118 1736 1425 1778 sermonem
1451 1723 1516 1777 ad
1546 1724 1692 1779 solos
1719 1735 1958 1788 sanctos,
1988 1740 2125 1794 quos

561 1807 726 1861 etiam
758 1809 928 1864 coalos
955 1811 1168 1865 vocavit
1199 1819 1363 1882 atque
1394 1812 1530 1868 dies.

630 1917 742 1972 LV.
781 1917 979 1987 Stellae,
1030 1936 1264 1990 corpora
1319 1923 1606 1992 spiritalia,
1634 1923 1834 1994 quibus
1864 1939 1987 1978 cum
2022 1940 2123 1978 an-

565 2009 699 2075 gelis
733 2009 1006 2078 praefectis
1036 2017 1121 2065 est
1149 2027 1328 2066 rerum
1362 2013 1761 2068 administratio
1792 2016 2122 2076 communis.

563 2115 672 2152 non
718 2100 936 2169 quidem
981 2103 1349 2172 generationis
1389 2114 1515 2156 sunt
1551 2105 1682 2174 ipsze
1733 2120 1935 2169 causae,
1972 2107 2125 2176 signa

563 2206 695 2244 vero
736 2200 861 2246 sunt
913 2208 1103 2247 eorum
1155 2210 1276 2264 quae
1327 2194 1482 2255 fiunt.
1507 2212 1626 2266 quae
1662 2197 1842 2252 futura
1896 2206 2024 2253 sunt
2074 2206 2128 2253 ct

517 2333 520 2336 .
567 2297 686 2350 qua:
719 2284 872 2350 prius
907 2285 1256 2350 exstiterunt,
1295 2286 1350 2340 in
1384 2289 1719 2343 vertentibus
1750 2290 1873 2344 cmli
1920 2297 2128 2360 tempe-

565 2373 646 2424 rie
681 2373 810 2424 anni
841 2376 1297 2443 tempestatibus;
1333 2377 1386 2429 in
1425 2376 1641 2446 frugum
1680 2379 1926 2434 ubertate
1965 2381 2126 2434 etiam

566 2469 618 2514 et
659 2463 916 2530 penuria;
970 2465 1025 2517 in
1077 2467 1322 2534 pestibus
1359 2483 1422 2522 ac
1464 2468 1694 2523 febrium
1726 2471 2043 2538 ardoribus;
2072 2472 2127 2526 in

568 2553 817 2606 homines
875 2569 1006 2608 vero
1054 2571 1156 2611 nec
1205 2573 1301 2627 per
1354 2559 1622 2614 somnium
1670 2561 1922 2616 virtutem
1973 2578 2127 2619 suam

485 2688 496 2698 .
572 2654 836 2700 exserunt
860 2655 1040 2715 astra;
1075 2657 1158 2705 ast
1190 2649 1431 2706 indicant
1455 2661 1567 2706 tum
1596 2669 1656 2708 ea
1689 2670 1809 2726 quae
1831 2662 1979 2720 sunt,
2012 2665 2128 2710 tum

569 2754 692 2807 quae
723 2738 928 2802 futura,
958 2757 1079 2810 qua:
1109 2741 1269 2796 etiam
1303 2742 1545 2799 fuerunt.

643 2829 775 2882 LVI.
802 2828 870 2882 Et
902 2833 956 2885 in
991 2833 1098 2886 sole
1140 2835 1314 2902 posuit
1348 2836 1745 2890 tabernaculum
1776 2855 1929 2892 suum
1944 2839 1996 2895 δ.
2031 2837 2130 2893 Hic

570 2923 678 2976 loci
712 2922 1048 2994 hyperbaton
1083 2935 1204 2993 est;
1241 2942 1421 2982 sermo
1454 2929 1598 2984 cnim
1652 2939 1733 2985 est
1790 2915 1860 2986 de
1890 2931 2131 2987 secundo

572 3014 828 3070 adventu.
862 3015 1019 3072 Hunc
1050 3017 1234 3088 itaque
1266 3018 1319 3072 in
1347 3020 1565 3075 modum
1597 3022 1741 3091 quod
1791 3022 1981 3078 ordine
2022 3031 2130 3077 tam

572 3115 906 3178 praepostero
937 3108 1200 3180 scriptum
1231 3117 1337 3173 est,
1370 3096 1511 3166 serie
1541 3121 1692 3167 recta
1732 3113 2015 3182 legendum
2048 3122 2132 3170 est

2219 612 2305 662 τὸν
2328 611 2778 681 ἀναστησόμενον.
2817 608 3045 678 Ὁμοίως
3064 607 3157 661 καὶ
3177 608 3227 660 οἱ
3254 607 3514 677 δαίμονες·
3543 608 3647 660 ἐπεὶ
3666 608 3737 661 καὶ

2220 701 2503 773 Σολομῶνα
2533 700 2894 754 ὑπώπτευσαν
2929 695 3066 753 εἶναι
3088 700 3176 754 τὸν
3208 698 3428 769 Κύριον·
3454 699 3668 766 ἔγνωσαν
3694 701 3738 754 δὲ

2223 793 2295 864 μὴ
2335 789 2490 856 εἶναι,
2543 793 2878 863 ἁμαρτόντος
2899 791 3082 846 αὐτοῦ.
3118 790 3245 854 Νὺξ
3274 791 3466 844 νυκτίο
3507 791 3679 854 πάντες
3699 794 3735 844 al

2218 882 2464 953 δαίμονες
2488 882 2727 951 ἔγνωσαν
2784 883 2866 935 ὅτι
2898 881 3098 952 Κύριος
3118 877 3185 951 ἦν
3208 881 3236 932 ὁ
3277 880 3506 942 ἀναστὰς
3533 881 3649 949 μετά
3691 881 3736 932 τὸ

2222 974 2408 1038 πάθος.
2461 973 2599 1044 Ἤδη
2632 974 2688 1026 δὲ
2736 974 2827 1027 καὶ
2868 972 3033 1043 Ἑνώχ
3068 971 3176 1043 (75)
3230 988 3415 1041 φησιν,
3448 972 3566 1033 τοὺς
3593 989 3734 1041 παρα-

2221 1066 2420 1130 ϐάντας
2452 1066 2713 1135 ἀγγέλους
2759 1065 2965 1131 διδάξαι
2999 1065 3128 1128 τοὺς
3182 1063 3496 1134 ἀνθρώπους
3525 1063 3734 1132 ἀστρονοο

2226 1159 2353 1230 μίαν
2382 1158 2474 1212 καὶ
2516 1159 2801 1229 μαντικὴν,
2841 1157 2932 1211 κιί.)⁸
2972 1156 3071 1219 τὰς
3103 1155 3267 1219 ἄλλας
3297 1155 3504 1226 τέχνας.

2291 1465 2411 1517 NA’.
2458 1465 2578 1516 Οὐκ
2640 1461 2757 1516 εἰσὶ
2814 1460 3016 1514 ,καλιαί
3077 1459 3219 1513 οὐδὲ
3277 1458 3463 1527 λόγοι,
3515 1451 3593 1509 ὧν
3648 1460 3734 1511 οὐκ

2223 1557 2541 1612 ἀκούονται
2578 1556 2637 1607 αἱ
2677 1551 2864 1622 φωναὶ
2891 1550 3106 1605 αὐτῶν
3141 1548 3262 1601 οὔτε
3293 1546 3402 1601 τῶν
3431 1547 3630 1618 ⁴ἡμερῶν
3643 1547 3736 1599 οὔτε

2222 1646 2329 1700 τῶν
2351 1644 2578 1699 νυκτῶν.
2605 1647 2646 1695 Ε
2653 1647 2705 1710 ὶς
2719 1641 2923 1698 πᾶσαν
2937 1641 3048 1708 τὴν
3063 1638 3179 1710 γῆν
3196 1638 3454 1705 ἐξῆλθεν
3473 1639 3505 1690 ὁ
3529 1638 3737 1706 φθόγγος

2223 1738 2438 1794 αὐτῶν.
2473 1738 2789 1807 Μετήνεγκε
2825 1735 2916 1788 τὸν
2938 1733 3092 1802 λόγον
3116 1732 3206 1785 ἐπὶ
3231 1731 3422 1802 μόνους
3438 1717 3555 1792 τοὺς
3571 1729 3734 1796 ἁγίους,

2225 1830 2318 1894 οὓς
2343 1827 2605 1900 οὐρανούς
2626 1845 2685 1881 τε
2723 1825 2940 1898 εἴρηκεν
2973 1825 3068 1878 καὶ
3089 1823 3324 1893 ἡμέρας.

2293 1943 2417 1996 NE’.
2442 1940 2770 2012 Οἱάστέρες,
2805 1937 3028 2009 σώματα
3068 1934 3434 2006 πνευματικὰ,
3468 1948 3737 2000 κεκοινωνη-

2223 2035 2356 2089 κότα
2376 2033 2625 2103 ἀγγέλοις
2653 2030 2914 2100 ἐφεστῶσι
2940 2027 3301 2098 διοικούμενα,
3335 2027 3435 2079 οὐκ
3455 2024 3590 2078 αἴτια
3616 2021 3736 2090 γενέ-

2227 2144 2382 2191 σεως,
2414 2123 2722 2196 σημαντικὰ
2752 2123 2808 2175 δὲ
2835 2121 2942 2174 τῶν
2983 2120 3284 2192 γινομένων
3313 2134 3374 2170 τε
3406 2117 3495 2170 καὶ
3515 2113 3740 2184 ἐσομένων

2225 2218 2319 2272 καὶ
2357 2217 2680 2287 γενομένων,
2712 2213 2801 2269 ὲπί
2831 2231 2890 2267 τε
2919 2211 3135 2284 τροπῶν
3157 2211 3356 2284 ἀέρων,
3397 2209 3486 2262 ἐπί
3531 2225 3584 2260 τε
3612 2207 3739 2273 εὐφ-

2229 2307 2348 2378 ρίας
2381 2308 2473 2360 καὶ
2497 2304 2790 2376 ἀκαρπίας,
2819 2303 2908 2356 ὲπί
2933 2321 2993 2356 τε
3026 2301 3228 2372 λοιμῶν
3255 2301 3349 2353 κα).
3381 2298 3635 2369 φλογμῶν,
3669 2295 3739 2346 ἐπί

2225 2415 2284 2451 τε
2309 2398 2418 2451 τῶν
2447 2395 2764 2468 ἀνθρώπων.
2798 2392 2922 2447 Οῠτ’
2955 2393 3087 2462 ὄναρ
3117 2391 3216 2454 τάς
3241 2390 3514 2461 ἐνεργείας
3555 2389 3674 2439 ποιεῖ
3690 2383 3741 2435 τὰ

2227 2491 2418 2559 ἄστραο
2452 2487 2703 2558 σημαίνει
2725 2485 2832 2556 (74)
2864 2483 2922 2536 δὲ
2949 2482 3020 2537 τά
3042 2485 3088 2535 τ’
3114 2480 3292 2543 ἐόντα,
3322 2480 3394 2534 τά
3422 2482 3470 2532 τ’
3503 2477 3739 2546 ἐσσόμενα,

2231 2580 2337 2651 πρό
2364 2582 2411 2633 τ’
2434 2579 2612 2632 ἐόντα.

2300 2840 2439 2906 NG".
2467 2838 2580 2892 Καὶ
2615 2837 2684 2892 ἐν
2707 2835 2788 2903 τῷ
2819 2836 2968 2905 ἡλίῳ
2991 2834 3154 2889 ἔθετο
3185 2832 3252 2887 τὸ
3279 2831 3560 2901 σκήνωμα
3577 2826 3739 2883 αὑτοῦ.

2243 2930 2500 2985 Ἐνταῦθα
2535 2928 2839 3001 ὑπερϐατόν
2872 2929 3005 2980 ἐστι·
3041 2925 3168 2998 περὶ
3205 2923 3316 2996 γὰρ
3366 2923 3468 2994 τῆς
3497 2919 3742 2992 παρουσίας

2229 3022 2327 3094 τῆς
2341 3020 2595 3093 δευτέρας
2612 3023 2641 3073 ὁ
2655 3019 2826 3088 λόγος.
2854 3017 3041 3080 Οὕτως
3063 3012 3154 3069 οὖν
3170 3014 3536 3085 ἀναγνωστέον
3557 3013 3609 3064 τὸ
3622 3013 3746 3079 ὑπερ-

2231 3113 2391 3167 ϐατὸν
2424 3111 2564 3167 κατὰ
2590 3109 2926 3165 ἀκολουθίαν.
2959 3107 3286 3174 Καίαύτὸς,
3321 3106 3402 3172 ὡς
3429 3104 3657 3174 νυμφίος
3673 3101 3746 3153 ἐκ·

573 3199 754 3255 nobis.
791 3198 861 3252 Et
893 3202 1001 3270 ipse
1025 3211 1272 3273 tanquam
1303 3219 1524 3272 sponsus
1553 3205 1833 3274 procedens
1869 3206 1932 3261 dc
1962 3206 2133 3263 thala-

2239 3207 2634 3276 πορευόμενος
2652 3204 2720 3258 ἐκ
2745 3200 2978 3257 παστοῦ
3004 3199 3210 3263 αὐτοῦ,
3248 3199 3652 3269 (ly-alliciendi
3686 3193 3742 3254 ὠς

574 3309 660 3346 mo
691 3309 813 3356 suo,
849 3295 1130 3348 exsultabit
1153 3307 1210 3350 ut
1245 3298 1389 3368 gigas
1430 3315 1638 3352 currere
1685 3299 1822 3353 viam
1871 3315 2023 3353 suam
2045 3315 2064 3353 :
2095 3317 2128 3354 a

2235 3299 2405 3371 γίγας
2442 3296 2686 3368 δραμεῖν
2714 3295 2858 3351 ὁδὸν
2889 3294 3092 3349 αὑτοῦ.
3137 3292 3250 3347 Ἀπ’
3267 3290 3456 3360 ἄκρου
3482 3288 3579 3344 τοῦ
3607 3288 3746 3354 οὐρα-

575 3401 780 3440 summo
803 3387 917 3439 casti
943 3403 1178 3457 egressus
1209 3389 1342 3458 ejus,
1369 3406 1462 3442 nec
1478 3399 1554 3443 est
1579 3391 1668 3460 qui
1693 3407 1748 3444 se
1775 3389 2065 3445 abscondat
2096 3407 2129 3445 a

2239 3389 2347 3445 νοῦ
2376 3392 2415 3459 ἡ
2456 3388 2682 3455 ἔξοδος·
2726 3387 2826 3441 καὶ
2872 3387 2981 3441 οὐκ
3016 3384 3188 3438 ἐστιν
3229 3383 3298 3450 ὃς
3319 3379 3747 3450 ἀποκρυὸήσεται

575 3477 750 3532 calore
760 3477 892 3546 ejus.
909 3476 973 3532 Et
985 3479 1108 3534 dein
1127 3497 1138 3531 :
1162 3479 1223 3536 In
1239 3481 1346 3535 sole
1359 3483 1531 3550 posuit
1549 3481 1941 3537 tabernaculum
1954 3500 2126 3538 suum.
2139 3476 2153 3488 Ὺ

576 3569 814 3626 Proinde
864 3570 1052 3625 dicunt
1106 3572 1321 3642 quidem
1373 3574 1639 3639 nonnulli,
1673 3573 1849 3643 ipsum
1885 3572 2133 3630 Salvato-

575 3674 691 3718 rem
713 3678 913 3732 corpus
940 3679 1101 3718 suum
1133 3664 1189 3718 in
1223 3665 1336 3720 sole
1366 3665 1637 3735 posuisse.
1664 3675 1724 3720 ut
1746 3664 2130 3737 Hermogenes.

578 3755 790 3825 Corpus
823 3755 1017 3825 :autem
1063 3754 1286 3823 dicunt,
1318 3756 1410 3810 alii
1455 3756 1674 3826 quidem
1720 3757 2132 3814 tabernaculum

579 3859 738 3899 suum
764 3885 779 3910 ,
815 3845 906 3899 alii
938 3843 1236 3900 Ecclesiam
1264 3844 1520 3900 ﬁdelium.
1547 3845 1742 3903 Noster
1779 3856 1960 3903 autem
1988 3847 2132 3901 Pan-

2136 3436 2180 3491 υἱ

2236 3481 2350 3552 τὴν
2377 3479 2789 3550 θέρμηναῠτοῦ
2818 3477 2951 3549 (75).
2974 3476 3084 3529 Καὶ
3105 3477 3247 3530 τότεο
3277 3476 3373 3529 Ἐν
3403 3473 3482 3540 τῷ
3500 3473 3634 3542 ἡλίῳ
3659 3471 3750 3524 ἕθε-

2237 3591 2304 3630 το
2335 3573 2400 3627 τὸ
2420 3572 2704 3642 σκήνωμα
2727 3569 2931 3626 αὐτοῦ.
2965 3570 3135 3622 Ἔνιοι
3163 3568 3262 3640 μὲν
3279 3562 3372 3622 οὖν
3399 3583 3526 3636 φασι
3550 3565 3604 3618 τὸ
3626 3562 3748 3631 σῶμα

2237 3665 2332 3720 τοῦ
2364 3665 2566 3737 Κυρίου
2599 3665 2656 3717 ὲν
2693 3661 2771 3734 τῷ
2801 3662 2934 3737 ἡλίῳ
2965 3659 3122 3714 αὐτὸν
3156 3658 3524 3723 ἀποτίθεσθαι,
3555 3656 3621 3720 ὡς
3656 3654 3747 3722 Ἐρ-

2239 3757 2492 3830 μογένης·
2537 3755 2694 3827 σῶμα
2735 3755 2791 3808 δὲ
2819 3753 3065 3822 λέγουσιν
3095 3753 3145 3805 οἱ
3171 3751 3270 3823 μὲν
3296 3751 3357 3805 τὸ
3387 3751 3576 3820 σκῆνος
3603 3742 3749 3802 αὐτοῦ,

2234 3851 2284 3902 οἱ
2344 3847 2401 3900 δὲ
2445 3847 2544 3917 τὴν
2595 3845 2703 3899 τῶν
2760 3843 2963 3898 πιστῶν
3031 3841 3377 3913 Ἐκκλησίαν·
3430 3843 3459 3894 ὁ
3505 3838 3750 3896 Πανταῖνος

578 3944 752 3990 taenus
811 3935 987 4000 dixit,
1043 3937 1334 4003 indefinite
1375 3953 1540 3995 voces
1596 3938 1890 4009 prophetas
1943 3939 2134 3995 efferre

2239 3937 2292 3991 δὲ
2326 3935 2435 4010 (76)
2460 3934 2617 4007 ἡμῶν
2646 3934 2848 4003 ἔλεγεν,
2884 3932 3149 4004 ἀορίστως
3188 3933 3288 4003 τὴν
3323 3929 3642 4002 προφητείαν
3681 3926 3749 3976 ἐκ·

582 4031 640 4088 ἦ(
664 4026 716 4079 in
748 4026 1012 4095 pluribus,
1040 4036 1092 4081 et
1113 4037 1374 4098 praesente
1404 4028 1708 4099 profuturo
1729 4029 1830 4094 uti,
1848 4037 1902 4083 et
1936 4043 2134 4085 rursus

2239 4027 2420 4100 φέρειν
2450 4025 2550 4090 τὰς
2579 4025 2770 4092 λέξεις,
2805 4024 2881 4088 ὼς
2925 4023 3020 4077 ἐπὶ
3051 4022 3110 4077 τὸ
3146 4022 3417 4086 πλεῖστον,
3451 4023 3541 4076 καὶ
3579 4018 3646 4090 τῷ
3669 4019 3754 4068 ἑνε-

579 4117 829 4188 prazsenti
859 4125 1100 4188 tempore
1129 4134 1226 4189 pro
1252 4122 1545 4191 praiterito.
1583 4120 1736 4189 Quod
1774 4129 1830 4177 et
1859 4135 2006 4176 nunc
2039 4135 2134 4193 ap-

2239 4117 2402 4172 στῶτι
2431 4118 2550 4172 ἀντὶ
2591 4116 2687 4172 τοῦ
2731 4115 3016 4188 μέλλοντος
3046 4113 3156 4186 (77)
3193 4112 3430 4185 χρῆσθαι
3468 4111 3651 4184 χρόνῳ,
3685 4104 3754 4160 καὶ

684 4283 711 4313 ι
749 4271 873 4328 Psal
925 4288 1079 4340 xvm,
1107 4274 1160 4338 4,
1187 4274 1242 4330 5.
1314 4275 1344 4315 δ
1383 4274 1516 4330 lbid.
1553 4275 1609 4330 6.
1689 4280 1747 4340 »Β
1789 4272 1851 4327 Ρ.
1906 4273 2014 4332 995
2074 4270 2134 4326 El

2239 4269 2517 4327 POTTER.

652 4429 762 4499 (7‘5)
797 4429 998 4506 Ἑνώχἷ
1023 4430 1359 4506 Apocryphis
1379 4427 2001 4506 pLurimum.delec_tatus_

581 4495 759 4570 mens,
795 4501 851 4553 in
881 4495 1087 4570 quibus
1113 4495 1219 4555 hic'
1239 4495 1635 4570 'liber'Enoch.
1659 4498 1804 4570 Petri
1839 4495 2142 4570 Revelatio,

581 4565 1092 4647 Prsedic_atio,_etc.,
1117 4587 1184 4647 ex
1218 4572 1421 4642 quibus
1470 4568 1712 4639 proclive
1750 4567 1998 4647 haurire,
2027 4579 2148 4634 quae

585 4654 732 4693 sanae
775 4641 1040 4696 doctrina:
1097 4641 1492 4706 adversantur;
1526 4647 1621 4691 aut
1650 4644 1798 4691 certe
1829 4641 2013 4690 nescio
2041 4650 2148 4704 quo

584 4711 858 4785 genio,_ac
889 4712 1034 4766 velut
1067 4711 1403 4785 ostentandae
1446 4706 1781 4785 eruditionis
1822 4706 1975 4785 fumo
2005 4719 2146 4785 quo-

585 4775 710 4849 dam
745 4779 826 4834 sic
876 4797 1143 4849 promere,
1174 4790 1227 4837 et
1281 4779 1490 4835 chartis
1539 4777 1806 4849 oblinere,
1841 4775 1933 4849 vel
1985 4775 2149 4849 etiam

585 4848 834 4920 docendo
877 4846 1205 4917 obtrudere;
1261 4849 1405 4920 quod
1459 4848 1845 4920 magistrorum
1892 4846 2148 4920 Κᾳτηχήῖ

587 4934 725 4982 σεως
750 4919 1092 4975 Alexandriae
1125 4914 1316 4976 vitium
1349 4933 1460 4973 non
1495 4914 1608 4972 leve
1641 4917 1874 4977 videtur,
1903 4915 1970 4968 ad
2004 4914 2148 4983 quod

586 4986 728 5061 forte
769 4998 988 5061 cogeret
1037 4993 1152 5060 ipsa
1200 4991 1377 5061 gentis
1418 4989 1652 5061 indoles,
1677 4994 1731 5041 et
1759 4986 1900 5061 quod
1928 4985 2039 5061 nisi
2067 4985 2150 5039 his

585 5057 1171 5126 instructimercibus,
1199 5057 1460 5129 onmique
1495 5062 1562 5129 τῇ
1594 5057 1698 5123 ἔξω
1728 5057 1993 5129 sapientia
2025 5059 2150 5129 (sae-

586 5129 762 5183 culari
818 5131 1030 5185 scilicet
1085 5139 1144 5183 ut
1193 5125 1562 5198 Grmcdnica),
1591 5125 1857 5198 quantum
1925 5125 2150 5178 decebat

589 5201 728 5264 apud
765 5201 1062 5264 auditores,
1092 5201 1250 5255 fidem
1291 5214 1400 5252 non
1449 5195 1786 5252 obtinebant.
1816 5195 2050 5264 Count-ir.
2081 5223 2152 5231 —

640 5271 724 5324 ide
756 5271 900 5323 hunc
930 5263 1110 5324 Enoch
1147 5270 1214 5324 de
1256 5268 1462 5337 angelis
1494 5269 1689 5321 librum
1715 5263 2149 5337 part_im_editum

588 5339 644 5412 in
675 5339 1034 5412 Animadvert.
1073 5341 1218 5412 Scal.
1252 5332 1671 5412 ad‘Eusebium.
1703 5332 1862 5412 anf.
1903 5332 2151 5412 Clemen-

589 5410 664 5480 tis
715 5409 914 5464 Strom.
949 5426 987 5472 ι,
1025 5427 1076 5480 p.
1116 5410 1250 5480 566,
1285 5415 1408 5480 not,
1438 5408 1512 5480 Δ’ᾗ
1575 5407 1702 5480 item
1757 5403 2148 5480 Recognitiones

590 5477 888 5547 Clementis
917 5481 1012 5534 lib.
1027 5473 1120 5547 'tv,
1149 5495 1199 5535 c.
1229 5479 1320 5543 26,
1353 5487 1408 5532 et
1429 5473 1766 5530 Clementina
1794 5473 1982 5526 homil.
2007 5473 2060 5535 8,
2097 5488 2144 5526 c.

591 5546 678 5607 12,
706 5555 760 5601 et
786 5563 900 5607 seu.

667 5588 678 5607 ,
706 5565 760 5601 et
786 5565 900 5617 seq.
1323 5618 1334 5629 .
1692 5614 1704 5625 ο

663 5617 773 5688 (74)
789 5619 1087 5688 Σημαινει.
1120 5611 1840 5688 Homeriiloc_us_est_i_lzad.A
1852 5651 1873 5688 ._
1887 5610 2144 5665 SYLBCRG.

664 5682 777 5757 (75)
813 5682 932 5756 Τῆν
953 5689 1173 5757 θέρμην
1188 5687 1390 5740 αὐτοῦ.
1430 5684 1588 5757 Vulg.
1612 5683 1729 5757 Bito.
1760 5682 1968 5751 psalmo
1991 5696 2146 5742 xvm,

595 5752 924 5828 ‘ﬁéﬂéppqg
961 5752 1148 5819 αὑτοῦ,
1183 5757 1350 5828 genit-
1396 5752 1727 5828 ιτειειιέᾼᾼι)ζ

603 5890 620 5899 κ
649 5819 1143 5897 ’(76)’Πὰνταῖνος
1177 5819 1259 5878 δέ.
1301 5825 1539 5878 Meminit
1582 5824 1669 5876 hic
1695 5821 1958 5887 Pantaeni,
2003 5819 2146 5889 quod

2249 4423 2316 4480 de
2348 4423 2440 4478 illo
2468 4422 2697 4478 advertit
2720 4420 3011 4484 Eusebius,
3044 4420 3085 4474 l.
3107 4433 3185 4485 v1,
3217 4433 3269 4473 c.
3299 4419 3388 4483 15,
3420 4417 3638 4488 ejusque
3663 4427 3757 4468 sen-

2247 4495 2448 4548 tentias
2491 4493 2702 4563 aliquas
2746 4492 2900 4547 atl'ert
2933 4509 2948 4544 :
2978 4505 3290 4563 quanquam
3328 4505 3455 4563 _non
3485 4495 3757 4563 praecepto-

2248 4579 2361 4616 rem
2408 4569 2501 4616 aut
2545 4559 2864 4632 magistrum
2896 4559 3076 4632 vocat.
3111 4560 3208 4632 sed
3262 4559 3441 4614 solum
3477 4559 3756 4632 Pantaenus)

2247 4632 2423 4702 ήμῶν,
2458 4625 2734 4702 nostrain.
2753 4631 2866 4686 sive
2893 4629 3321 4702 Alexandrinum
3373 4628 3616 4702 perinde
3638 4625 3756 4683 velit,

2251 4696 2363 4757 sive
2402 4704 2564 4757 etiam
2591 4701 2865 4755 hominem
2895 4696 3548 4762 ecclesiasticuquuem
3577 4696 3741 4750 Herum

2251 4717 2363 4757 sne
2402 4717 2564 4757 etiam
2593 4717 2865 4755 nominem
2895 4717 3356 4762 eccmsrasucum,
3386 4717 3404 4754 ι
3427 4717 3548 4753 uem
3577 4717 3741 4772 ηεηιιςτ

2249 4772 2384 4844 genii
2401 4779 2657 4844 opponat,
2691 4772 2781 4844 qui
2815 4769 2953 4825 forte
3000 4770 3107 4823 ἀπὸ
3136 4769 3246 4844 τῶν
3295 4717 3564 4844 αίρέσεων
3611 4768 3756 4844 fuerit:

2249 4836 2389 4908 Quid
2436 4836 2490 4897 ἐἰ
2533 4842 2650 4911 ipse
2701 4836 3084 4910 Hermogenes,
3116 4838 3274 4911 cujus
3315 4836 3523 4911 Paulus
3560 4836 3759 4911 meminit

2249 4907 2293 4966 ll
2321 4911 2462 4966 Tim.
2496 4927 2536 4973 ι,
2557 4907 2654 4974 16,
2687 4911 2778 4980 qui
2817 4907 2999 4964 sic'ab
3043 4924 3108 4980 eo
3141 4908 3412 4979 (sanaque
3438 4909 3571 4962 adeo
3594 4907 3760 4960 doctri-

2251 4981 2342 5052 na)
2375 4996 2597 5052 aversus
2626 4978 2721 5052 sit,
2750 4995 3027 5052 eumeum
3056 4978 3332 5052 iacebas
3353 4980 3507 5048 prius
3540 4984 3760 5052 e§_mago

2250 5047 2608 5106 convertisset
2634 5070 2646 5102 :
2676 5050 2819 5103 haud
2859 5048 3143 5104 dissimilis
3186 5047 3400 5102 Simoni
3449 5057 3542 5101 aut
3571 5047 3754 5115 Elymm.

2251 5121 2408 5189 cujus
2440 5120 2738 5176 sententias
2776 5118 3082 5189 Dionysius
3109 5117 3328 5173 refellit.
3361 5118 3546 5186 Longe
3575 5117 3757 5189 distantz

2249 5179 2393 5260 quod
2443 5190 2782 5253 Pantsenum,
2832 5179 3296 5260 suum_Clemens
3355 5179 3606 5260 dicataet
3647 5179 3762 5260 quill

2250 5253 2407 5315 suum
2455 5261 2796 5328 magistrum,
2856 5259 2976 5328 sive,
3015 5256 3284 5328 Eusebius
3335 5259 3437 5328 τὴν
3486 5253 3764 5328 διδασκάλου

2249 5345 2435 5386 vocem
2475 5325 2702 5393 addidit,
2734 5329 2847 5383 sive
2889 5327 2981 5398 qui
3012 5325 3140 5382 fecit
3168 5325 3416 5398 ἐκλογάς]
3432 5327 3676 5383 sustulit:
3704 5332 3765 5371 51c

2249 5401 2352 5454 levi
2382 5401 2536 5470 lapsu
2568 5407 2721 5454 nutat
2750 5397 2973 5459 veritas,
3009 5412 3111 5471 nec
3140 5398 3345 5466 ubique
3379 5397 3766 5471 Eusebiumﬂu-

2249 5461 2789 5530 ctores'assecutum,
2821 5476 2915 5521 aut
2966 5469 3099 5522 satis
3145 5461 3488 5536 expressisse
3513 5468 3644 5520 dicta
3670 5461 3766 5536 illo—

2248 5556 2368 5594 rum
2397 5550 2460 5592 ac
2489 5555 2669 5602 sensa,
2697 5540 2750 5591 in
2784 5536 3005 5600 Irenaao,
3037 5535 3437 5600 Tertull.,etc.,
3471 5536 3764 5602 observavit.

2249 5610 2342 5680 qui
2390 5609 2470 5680 sic
2521 5599 2739 5663 strenue
2770 5607 2826 5660 in
2850 5624 2916 5663 eo
2950 5599 3123 5677 nuper
3152 5599 3446 5672 laboravit,
3479 5607 3608 5661 Heu.
3636 5599 3767 5654 Valc-

2248 5678 2381 5733 sius.
2417 5678 2652 5731 ϐομβεῖ.
3163 5739 3166 5742 _

2251 5817 2287 5872 S
2320 5747 2430 5816 (77)
2486 5748 2630 5800 Ἀντί
2668 5747 2773 5801 τοῦ
2810 5764 2877 5817 μ.
2928 5744 3098 5812 Flor.,
3124 5747 3187 5800 ἂν
3238 5747 3330 5799 ἐπὶ
3363 5748 3457 5802 τοῦ
3501 5745 3760 5818 μέλλοντος.

2291 5831 2510 5870 rLBeno.

2291 5831 2510 5870 YLBL’RG.
