3840 6580
129 404 210 459 79.5
816 403 1038 461 ΒΗΜΛ.
1078 435 1149 446 --
1187 402 1482 462 ECLOGA?
1523 398 1614 459 EX
1653 401 2072 461 SCRIPTURIS
2114 400 2591 461 PROPIlETIClS.

3228 405 3331 461 726

129 524 255 578 πᾶλιν
278 520 349 591 τῷ
379 521 649 576 ἐνεστῶτι
675 522 792 575 ἀντὶ
813 522 905 575 τοῦ
932 524 1346 598 παρῳχηκότος·
1382 524 1411 577 ὃ
1441 525 1533 578 καὶ
1562 522 1648 579 νῦν

1759 531 1934 595 paret.
1968 523 2185 592 Quippe
2213 521 2367 589 illud,
2398 523 2595 591 posuit,
2628 537 2727 593 pro
2755 524 3027 594 praterito
3051 530 3105 580 et
3143 524 3333 580 futuro

129 618 348 685 φαίνεται.
400 614 479 667 Τὸ
508 614 625 687 γὰρ
664 616 826 669 ἔθετο
865 615 959 668 καὶ
1005 619 1098 671 ἐπὶ
1137 618 1231 671 τοῦ
1270 620 1657 689 παρῳχηκότος

127 706 196 758 καὶ
229 705 309 756 ἐπὶ
341 702 436 756 τοῦ
488 705 755 776 ἐσομένου
794 706 1067 761 τάσσεται.
1120 707 1240 762 Ἐπὶ
1281 708 1378 780 μὲν
1409 709 1503 762 τοῦ
1536 711 1657 763 ἐσο-

129 797 275 867 μένου,
304 796 404 859 ὅτι,
443 795 832 870 πληρωθείσης
858 799 1056 872 ταύτης
1081 801 1179 872 τῆς
1218 799 1360 854 κατά
1386 801 1485 872 τὴν
1517 817 1658 872 παρ·

125 889 272 945 ουσίαν
323 888 668 942 κατάστασιν
700 888 808 961 (78)
843 892 1110 962 περιόδου,
1153 892 1404 965 όΚύριος
1442 891 1656 945 ἐλεύσε-

125 998 208 1043 ται,
236 978 317 1033 καὶ
341 980 469 1044 τοὺς
500 979 769 1044 δικαίους,
798 983 924 1045 τοὺς
948 985 1190 1046 πιστοὺς,
1214 978 1295 1047 οἷς
1314 983 1657 1036 ἐπαναπαύε-

124 1089 189 1126 ται
219 1070 457 1143 καθάπερ
485 1075 664 1142 σκηνῇ
715 1071 802 1143 (ἓν
840 1072 949 1145 γὰρ
973 1073 1131 1145 σῶμα
1158 1077 1206 1127 οἱ
1229 1076 1447 1138 πάντες,
1479 1076 1543 1128 ὲκ
1563 1072 1657 1127 τοῦ

124 1163 253 1218 αὑτοῦ
283 1163 494 1233 γένους,
529 1166 631 1236 τὴν
658 1165 825 1236 αὐτὴν
859 1166 1039 1221 πίστιν
1068 1168 1160 1221 καὶ
1190 1167 1532 1239 δικαιοσύνην
1553 1168 1660 1222 ἐλό-

125 1255 271 1327 pavor.)
328 1257 412 1319 εἰς
462 1258 565 1328 τὴν
630 1258 814 1329 αὐτὴν)
862 1258 1088 1329 ἑνότητα
1137 1260 1660 1331 ἀποκαταστησόμε-

124 1367 190 1412 νος
215 1348 310 1419 (79)
332 1366 348 1379 ’
390 1349 508 1402 ἀλλ’
531 1350 580 1402 oi
614 1350 714 1420 μὲν
747 1350 821 1412 ὡς
852 1351 1078 1423 κεφαλὴ,
1110 1353 1158 1405 οἱ
1182 1352 1239 1405 δὲ
1269 1353 1344 1417 ὡς
1370 1352 1655 1424 ὀφθαλμοὶ,

123 1444 158 1493 οξ
178 1441 223 1493 δὲ
251 1441 320 1504 ὡς
345 1435 486 1508 ὦτα,
517 1441 571 1495 οί
605 1441 663 1494 δὲ
693 1442 767 1505 ὡς
805 1444 1002 1514 χεῖρες,
1033 1446 1080 1497 οἱ
1110 1444 1165 1497 δὲ
1191 1445 1266 1509 ὡς
1308 1445 1498 1518 στήθη,
1524 1448 1572 1497 οἱ
1600 1445 1657 1497 δὲ

122 1534 368 1597 ὼςπόδες,
409 1535 469 1587 ἐν
508 1534 648 1606 ἡλίῳ
693 1535 1008 1607 τεθήσονται
1052 1537 1323 1605 φωτεινοί.
1373 1537 1659 1606 Λάμψατε

121 1627 180 1691 ὡς
199 1630 226 1679 d
253 1625 440 1693 ἥλιος·
494 1626 528 1697 ἦ
582 1626 641 1678 ἐν
672 1626 825 1698 ἡλίῳ,
861 1627 983 1679 ἐπεὶ
1009 1628 1325 1699 ἀρχοντικὸς
1349 1628 1576 1695 ἅγγελος
1600 1628 1657 1681 έν

120 1718 356 1789 ﬁliai-Eli;
383 1717 589 1789 ἀρχὴν
609 1718 722 1788 γὰρ
757 1717 992 1789 τίιιερῶν
1013 1719 1289 1781 τέτακται,
1330 1719 1575 1792 καθάπερ
1618 1720 1657 1788 ἡ

128 1809 422 1877 σε.1ήνηεὶς
437 1811 505 1865 τὸ
520 1810 983 1880 ἀρχειννυκτόςο
1061 1811 1294 1882 Ἡμέραι
1334 1811 1391 1864 δὲ
1439 1811 1655 1879 ἄγγελοι

1756 617 2004 686 ponitur.
2042 613 2152 669 Pro
2198 614 2382 669 futuro
2425 615 2664 684 quidem,
2705 617 2871 686 quod,
2896 616 3123 687 periodo
3155 626 3334 673 status

1758 703 1989 773 hujusce
2026 703 2313 773 praesentis
2344 703 2586 774 impleta,
2615 705 2794 760 veniet
2833 705 3116 772 Dominus,
3154 724 3215 762 ac
3240 708 3331 777 ju-

1757 802 1895 859 stos,
1924 810 2121 864 nempe
2158 795 2366 859 ﬁdeles,
2400 795 2454 849 in
2480 795 2680 866 quibus
2705 798 2864 866 quasi
2887 796 2940 851 i-n
2979 799 3332 854 tabernaculo

1757 886 2099 954 conquiescit
2135 884 2327 956 (unum
2353 884 2498 939 enim
2525 900 2726 955 corpus
2749 900 2939 943 omnes
2962 896 3108 954 sunt,
3141 905 3207 943 ex
3236 904 3333 944 eo-

1758 977 1879 1032 dem
1914 990 2135 1046 genere,
2163 977 2258 1046 qui
2300 974 2460 1037 ﬁdem
2497 977 2743 1032 eamdem
2783 991 2847 1031 ac
2884 977 3149 1046 justitiam
3180 992 3333 1032 rece-

1758 1069 1979 1139 perint),
2027 1069 2082 1122 in
2128 1068 2375 1123 eamdem
2425 1068 2688 1123 unitatem
2736 1069 3111 1123 restituturus.
3158 1072 3226 1120 At
3272 1067 3328 1122 hi

1759 1160 1974 1231 quidem
2007 1167 2066 1213 ut
2109 1168 2297 1229 caput,
2336 1158 2415 1213 illi
2446 1174 2577 1215 vero
2610 1166 2670 1212 ut
2711 1160 2881 1223 oculi,
2914 1159 2968 1212 hi
3018 1158 3235 1228 quidem
3270 1166 3330 1213 ut

1759 1267 1943 1314 aures.
1973 1252 2049 1305 illi
2075 1267 2206 1306 vero
2240 1261 2298 1306 ut
2343 1266 2557 1314 manus,
2587 1251 2640 1304 hi
2688 1253 2924 1321 denique
2968 1251 3043 1304 uti
3085 1257 3328 1320 pectora,

1760 1345 1837 1399 illi
1869 1360 2000 1399 vero
2023 1353 2085 1399 ut
2111 1345 2300 1414 pedes,
2331 1346 2384 1399 in
2414 1345 2527 1399 sole
2559 1346 2975 1401 collocabuntur
3004 1344 3190 1398 lucidi.
3220 1343 3332 1397 Lu—

1759 1444 1865 1487 cete
1893 1443 1953 1486 ut
1986 1435 2068 1487 sat
2099 1446 2151 1498 ει,
2201 1437 2283 1490 vel
2330 1437 2384 1489 in
2424 1436 2568 1502 sole;
2610 1436 2872 1506 quoniam
2920 1435 3146 1506 angelus
3175 1434 3328 1503 prin-

1758 1541 1887 1597 ceps
1919 1526 1975 1580 in
2010 1526 2126 1582 sole
2154 1534 2257 1583 est.
2288 1526 2479 1582 Diebus
2509 1528 2653 1582 enim
2686 1528 2763 1579 uti
2792 1528 2994 1595 praesit,
3027 1528 3325 1581 collocatus

1758 1628 1841 1675 est
1872 1619 2031 1673 sicuti
2071 1618 2197 1671 luna
2226 1629 2282 1672 ut
2323 1620 2463 1673 nocti
2505 1619 2687 1689 praesit
2714 1618 2760 1671 ι).
2808 1616 2935 1671 Dies
2983 1624 3187 1677 autem,
3221 1630 3324 1668 an-

1757 1711 1882 1776 geli,
1911 1711 2086 1766 vocati
2115 1718 2260 1765 sunt.
2289 1710 2425 1765 Cum
2456 1710 2588 1765 solis
2620 1709 2848 1779 angelis,
2890 1707 3089 1777 inquit,
3130 1706 3324 1759 ordine

1758 1799 1872 1866 pari
1918 1813 2024 1852 una
2058 1799 2241 1853 sedem
2276 1798 2621 1859 obtinebunt,
2656 1813 2848 1861 unum,
2883 1805 2944 1851 ut
2984 1805 3169 1866 caput,
3201 1810 3326 1849 cor-

119 1900 398 1972 ἐκλήθησαν.
430 1903 589 1955 Μετά
610 1902 721 1955 τῶν
756 1902 872 1974 μεθ’
895 1903 1043 1974 ἡλίου
1071 1902 1178 1973 (80)
1207 1903 1470 1972 ἀγγέλων,
1496 1906 1647 1975 φησι,

1753 1904 1882 1958 pore
1903 1904 2011 1945 uno
2038 1890 2355 1954 exsistente,
2379 1891 2461 1945 sol
2486 1898 2539 1943 et
2567 1890 2671 1960 ipsi
2701 1890 2910 1944 ratione
2939 1887 3172 1959 quadam
3204 1896 3326 1942 tau-

117 1994 399 2064 ταγήσονται
437 1993 517 2056 ἓν,
552 1994 746 2066 ὥσπερ
776 1995 981 2067 κεφαλὴ
1012 1994 1261 2065 σώματος
1288 1994 1439 2058 ὄντος
1473 1994 1592 2058 ἐνὸς
1624 1995 1654 2047 ὁ

117 2085 229 2155 ἣλιος
265 2086 513 2157 ὲσόμενοί
554 2102 689 2140 ποτε
732 2086 871 2139 κατά
911 2103 1033 2140 τινα
1058 2104 1070 2117 ’
1110 2086 1236 2157 περὶ
1267 2086 1323 2139 δὲ
1366 2087 1459 2139 καὶ
1501 2086 1653 2139 αὐτοὶ

118 2176 326 2247 ἄρχοντες
358 2177 610 2248 ἡμερῶν,
646 2177 722 2240 ὼς
771 2178 975 2241 ἐκεῖνος
1015 2178 1045 2229 ό
1093 2178 1183 2230 ἐπὶ
1221 2176 1315 2230 τοῦ
1363 2177 1532 2247 ἡλίου,
1562 2178 1653 2230 ἐπὶ

117 2266 160 2318 τὸ
186 2267 362 2336 μεῖζον,
402 2269 492 2336 ἐφ’
622 2265 885 2337 μετῆλθεν
914 2267 1019 2340 πρὸ
1054 2265 1218 2320 αὐτοῦ
1255 2269 1311 2319 ὲν
1349 2266 1424 2336 τῷ
1468 2267 1646 2338 αὐτῷ·

118 2359 187 2410 καὶ
223 2359 367 2413 πάλιν
408 2358 888 2428 ἐπαναϐησόμενοι
927 2358 1067 2411 κατά
1099 2358 1379 2428 προκοπὴν
1426 2359 1650 2427 ἀφίκον-

117 2466 183 2503 ται
208 2451 303 2523 (81)
346 2453 442 2505 ἐπὶ
469 2452 574 2523 τὴν
600 2449 827 2521 πρώτην
858 2450 1046 2522 μονὴν,
1079 2449 1218 2503 κατὰ
1258 2449 1350 2502 τὸν
1385 2465 1650 2520 παρῳχη-

118 2543 216 2595 κότα
250 2543 390 2596 ἔθετο
412 2560 427 2572 ·
472 2541 603 2605 τούς
635 2558 697 2594 τε
728 2542 1160 2612 πρωτοκτίστους
1189 2538 1449 2607 ἀγγέλους
1477 2542 1555 2602 είς
1588 2539 1651 2593 τὸ

120 2635 274 2704 μηκέτι
295 2635 434 2689 κατά
464 2634 565 2706 τὴν
597 2634 857 2706 πρόνοιαν
888 2633 966 2704 τῷ
989 2633 1275 2704 ὡρισμένῳ
1296 2633 1647 2703 λειτουργεῖν,

223 2725 298 2777 ἶνα
322 2727 377 2778 ὲν
406 2725 746 2789 ἀναπαύσει,
776 2724 870 2778 καὶ
904 2724 1039 2795 πρὸς
1063 2724 1200 2798 μόνῃ
1229 2726 1293 2795 τῇ
1328 2722 1532 2796 θεωρίᾳ
1554 2722 1649 2776 τοῦ

116 2811 239 2867 θεοῦ·
271 2816 317 2870 οἱ
347 2816 403 2870 δὲ
447 2817 879 2889 προσεχέστεροι
908 2816 1117 2879 τούτοις
1164 2816 1530 2887 προκόψουσιν
1570 2818 1652 2880 είς

116 2905 162 2971 ἢν
184 2907 353 2961 ὲκεῖνοι
382 2909 786 2962 ἀπολελοίπασι
814 2907 967 2975 τάξιν
987 2925 1001 2939 ·
1039 2908 1133 2961 καὶ
1160 2906 1334 2971 οὕτως
1365 2908 1414 2960 οἱ
1455 2906 1652 2960 ὑποϐε-

116 2994 296 3065 ϐηκότες
320 3000 633 3067 ἀναλόγως.

162 3088 259 3141 NZ'.
308 3091 461 3145 Εἰσὶν
513 3088 615 3147 οὖν
665 3090 809 3145 κατά
857 3090 951 3145 τὸν
1000 3090 1321 3145 Ἀπόστολον
1367 3090 1419 3143 οί
1469 3091 1525 3143 ὲν
1579 3092 1648 3162 τῇ

117 3177 225 3248 ἂκρα
243 3181 691 3237 ἀποκαταστάσει
714 3183 1102 3254 πρωτόκτιστοι
1121 3200 1133 3211 υ
1160 3182 1335 3255 θρόνοι
1355 3182 1412 3236 δὲ
1431 3181 1497 3237 ἂν
1516 3178 1649 3247 εἷεν,

113 3271 245 3324 καίτοι
282 3272 539 3345 δυνάμεις
573 3274 735 3337 ὄντες
765 3274 815 3327 οί
858 3272 1251 3345 πρωτόκτιστοι
1284 3271 1373 3327 διὰ
1416 3271 1478 3326 τὸ
1514 3274 1646 3327 ἀνα-

116 3360 327 3417 παύεσθαι
358 3367 416 3419 ὲν
447 3367 646 3429 αὐτοῖς
670 3365 762 3419 τὸν
790 3365 941 3429 Θεὸν,
971 3366 1047 3431 ὡς
1074 3367 1168 3421 καὶ
1194 3368 1252 3421 ὲν
1280 3370 1391 3432 τοῖς
1423 3366 1648 3421 πιστεύ-

112 3464 239 3505 ουσιν.
272 3453 541 3519 Ἕκαστος
570 3453 707 3525 γὰρ,
744 3456 885 3509 κατά
915 3456 1012 3528 τὴν
1059 3457 1194 3511 ἰδίαν
1229 3460 1532 3530 προκοπὴν,
1564 3462 1645 3513 ol-

113 3540 226 3594 κείαν
251 3542 354 3614 ἔχει
383 3547 487 3619 τὴν
524 3547 662 3618 περὶ
691 3546 826 3599 Θεοῦ
855 3547 1056 3615 γνῶσιν
1074 3565 1089 3579 ·
1118 3550 1203 3619 ἐφ’
1295 3550 1494 3618 γνώσει
1526 3552 1651 3606 ἀνα-

112 3631 296 3687 παύεται
318 3639 346 3690 ό
375 3638 537 3701 Θεὸς,
572 3638 764 3691 ἀϊδίων
793 3640 1095 3710 γενομένων
1126 3640 1216 3693 διὰ
1249 3642 1348 3711 τῆς
1396 3641 1649 3710 γνώσεως

112 3722 190 3776 τῶν
208 3727 533 3795 ἐγνωκότων.
562 3731 678 3783 Καὶ
708 3737 838 3802 μήτι
859 3731 939 3795 τὸ,
978 3732 1081 3785 Ἐν
1104 3731 1183 3797 τῷ
1211 3734 1360 3801 ἡλίῳ
1382 3734 1551 3788 ἔθετο
1580 3734 1647 3787 τὸ

109 3815 348 3888 σκήνωμα
378 3821 602 3887 αὐτοῦ,
634 3821 808 3884 οὕτως
842 3823 1191 3889 ἐξακούεται·
1245 3825 1351 3878 Ἑν
1384 3824 1465 3890 τῷ
1496 3826 1647 3896 ἡλίῳ

109 3904 250 3972 ἔθετο,
272 3915 580 3977 τουτέστιν,
631 3914 691 3967 ἐν
735 3912 813 3985 τῷ
839 3912 959 3983 Θεῷ
992 3912 1070 3984 τῷ
1117 3913 1343 3984 πλησίον
1388 3914 1541 3977 Θεὸς,
1571 3914 1647 3977 ὡς

108 3992 149 4048 ἓν
169 3998 229 4070 τῷ
246 4002 562 4074 Εὑαγγελίῳ
600 4003 746 4069 Ἠλὶ,
781 4005 903 4058 Ἠλί
928 4004 1062 4075 (82),
1100 4006 1220 4058 ἀντὶ
1234 4005 1346 4069 τοῦ,
1376 4004 1481 4060 Θεέ
1502 4023 1644 4074 μου,

110 4086 185 4139 Θεέ
202 4109 321 4158 μου.
352 4096 464 4149 Καὶ
495 4096 563 4147 τὸ
596 4094 873 4163 ὑπεράνω
900 4094 1104 4162 πάσης
1133 4095 1324 4165 ἀρχῆς
1346 4099 1441 4151 καὶ
1475 4098 1648 4161 ἐξου-

109 4177 213 4246 σάις
245 4185 335 4238 καὶ
379 4185 740 4255 δυνάμεως,
776 4188 873 4240 καὶ
913 4187 1138 4253 παντὸς
1184 4190 1473 4257 ὀνόματος
1515 4190 1647 4241 ὀνο-

102 4268 398 4341 μσῶμένου,
442 4278 497 4331 οί
555 4275 935 4342 τελειωθέντες
985 4278 1124 4332 εἰσιν
1185 4278 1245 4342 ἐξ
1304 4278 1604 4350 ἀνθρώπων
1627 4318 1640 4341 ,

106 4360 306 4433 ἄγγελοι,
342 4366 689 4440 ἀρχάγγελοι
708 4406 724 4429 ,
758 4369 839 4432 είς
860 4369 958 4440 τὴν
984 4369 1383 4442 πρωτόκτιστον
1408 4368 1516 4422 τῶν
1554 4370 1647 4437 ἀγ-

105 4451 242 4516 γέλων
261 4458 438 4527 φύσιν.
475 4461 545 4514 Oi
578 4459 691 4531 γὰρ
722 4457 780 4525 ἐξ
811 4459 1113 4530 ἀνθρώπων
1142 4462 1222 4523 είς
1256 4459 1522 4529 ἀγγέλους
1547 4477 1643 4530 με-

1754 1979 1876 2033 dem
1919 1979 2214 2049 aliquando
2251 1979 2420 2034 futuri
2470 1981 2599 2035 sint.
2638 1980 2857 2034 Dierum
2894 1989 3076 2034 autem
3121 1987 3175 2033 et
3216 1979 3324 2049 ipsi

1753 2071 2037 2140 praesides,
2080 2073 2223 2128 sicut
2262 2073 2350 2127 ille
2380 2074 2472 2142 qui
2511 2074 2566 2126 in
2599 2074 2715 2128 sole
2746 2072 2928 2127 sedem
2963 2072 3148 2136 habet,
3174 2070 3242 2125 ad
3267 2070 3321 2124 id

1753 2164 1898 2232 quod
1930 2165 2108 2233 majus
2142 2172 2248 2229 est,
2281 2180 2391 2234 quo
2421 2172 2473 2221 et
2504 2165 2622 2235 ipse
2654 2166 2805 2235 prior
2836 2166 2891 2218 in
2935 2164 3127 2219 eodem
3173 2178 3326 2217 com-

1752 2255 2098 2324 migraverit;
2142 2271 2204 2309 ac
2252 2272 2471 2311 rursum
2514 2258 2871 2312 ascendentes
2913 2255 2980 2308 ad
3028 2256 3323 2309 stationem

1751 2347 1987 2414 priorem
2033 2357 2338 2411 revertunt,
2389 2356 2640 2418 respectu
2684 2348 2943 2419 praeteriti
2989 2347 3203 2416 posuit;
3233 2352 3323 2399 ut-

1753 2444 1880 2505 pote
1911 2436 2101 2506 prima:
2127 2438 2423 2495 creationis
2451 2437 2651 2508 angeli,
2681 2454 2787 2491 non
2816 2438 3047 2507 amplius
3085 2453 3182 2507 per
3202 2451 3327 2506 pro-

1751 2529 2047 2589 videntiam
2084 2530 2392 2587 ministerio
2436 2529 2662 2584 deﬁnito
2690 2531 2801 2584 sint
2835 2531 3109 2599 occupati,
3142 2529 3236 2583 sed
3266 2536 3327 2583 ut

1750 2618 1806 2672 in
1839 2622 2050 2690 requie,
2077 2621 2130 2675 in
2157 2620 2588 2692 perseverantia,
2617 2629 2780 2691 atque
2809 2621 3031 2677 assidua
3066 2618 3157 2673 Dei
3191 2635 3325 2673 con-

1750 2712 2104 2781 templatione
2142 2720 2418 2768 maneant.
2456 2712 2560 2777 Qui
2604 2728 2737 2767 vero
2767 2713 2853 2769 his
2897 2712 3323 2768 immediatiores

1752 2813 1903 2869 sunt,
1934 2805 2003 2860 ad
2028 2821 2151 2862 eum
2181 2822 2375 2878 nempe
2403 2807 2650 2862 ordinem
2679 2806 2994 2875 proﬁciunt.
3026 2821 3186 2875 quem
3219 2805 3324 2874 ipsi

1750 2897 2133 2966 reliquerunt;
2164 2898 2245 2953 sic
2276 2900 2440 2953 etiam
2467 2898 2678 2953 ratione
2708 2898 2851 2968 pari,
2888 2898 2979 2969 qui
3009 2904 3138 2954 sunt
3180 2895 3323 2951 infe-

1750 2990 1950 3045 riores.

1819 3079 1982 3150 367
2021 3078 2176 3136 LVII.
2213 3077 2352 3134 Sunt
2399 3081 2605 3152 itaque,
2641 3080 2943 3137 secundum
2975 3080 3321 3150 Apostolum,

1750 3174 2050 3230 creationis
2079 3175 2268 3245 prima:
2298 3176 2498 3246 angeli,
2535 3176 2630 3245 qui
2658 3176 2713 3229 in
2741 3189 2953 3231 summa
3000 3189 3128 3230 arce
3155 3174 3324 3228 collo-

1747 3265 1858 3319 cati
1906 3273 2063 3333 sunt;
2111 3266 2165 3320 hi
2207 3282 2336 3322 vero
2375 3266 2556 3321 throni
2601 3267 2748 3332 sint;
2791 3267 3042 3337 quamvis
3094 3266 3324 3320 virtutes

1749 3366 1877 3413 sunt
1911 3359 2089 3428 primo
2118 3360 2306 3421 creati.
2336 3362 2538 3431 quippe
2560 3361 2617 3416 in
2661 3360 2728 3415 iis
2758 3359 2992 3430 quiescit
3017 3357 3182 3425 Deus,
3215 3358 3325 3414 sic-

1750 3452 1829 3503 uti
1890 3450 2055 3505 etiam
2101 3449 2155 3504 in
2201 3450 2469 3506 fidelibus.
2512 3450 2901 3522 Unusquisque
2936 3451 3080 3506 enim
3124 3465 3325 3506 secun-

1748 3539 1877 3595 dum
1916 3542 2223 3610 profectum
2261 3542 2566 3612 proprium,
2598 3544 2871 3614 propriam
2917 3542 3081 3595 etiam
3117 3540 3186 3595 de
3210 3540 3321 3596 Deo

1748 3632 2035 3687 scientiam
2066 3633 2264 3698 habet;
2305 3634 2361 3687 in
2399 3649 2507 3704 qua
2547 3633 2767 3704 quidem
2801 3634 3032 3689 scientia
3061 3632 3326 3703 conquie-

1749 3723 1856 3777 scit
1885 3722 2048 3789 Deus,
2080 3739 2144 3777 ac
2178 3724 2254 3778 illi
2292 3726 2653 3781 aeternitatem
2695 3725 2978 3780 consecuti
3019 3734 3173 3790 sunt,
3199 3740 3321 3795 pro-

1748 3824 1871 3885 pter
1909 3817 2221 3880 scientiam,
2259 3834 2364 3888 qua
2396 3827 2525 3874 sunt
2568 3819 2801 3889 praditi.
2843 3818 2926 3885 Et,
2961 3835 3030 3873 an
3068 3833 3320 3873 comma:

1751 3907 1818 3962 In
1846 3909 1954 3963 sole
1973 3911 2147 3977 posuit
2181 3910 2580 3965 tabernaculum
2607 3928 2784 3977 suum,
2815 3912 2895 3966 sic
2923 3912 2995 3966 sit
3021 3910 3327 3981 intelligen-

1750 4000 1913 4055 dum:
1947 4000 2015 4055 In
2042 4003 2149 4056 sole
2179 4004 2376 4070 posuit,
2406 4004 2511 4058 hoc
2544 4015 2628 4060 est
2678 4005 2732 4059 in
2768 4003 2879 4059 Deo
2910 4005 3003 4074 qui
3030 4012 3116 4058 est
3143 4005 3327 4073 proxi-

1749 4109 1874 4147 mus
1933 4092 2107 4160 Deus;
2139 4096 2283 4149 sicut
2315 4104 2399 4151 est
2434 4097 2487 4150 in
2518 4096 2848 4167 Evangelia:
2884 4095 2991 4159 Eli,
3025 4095 3113 4149 Eli
3142 4105 3190 4161 ο,
3220 4110 3323 4164 pro
3390 4168 3399 4173 _

1748 4201 1815 4242 eo
1851 4185 2134 4249 nimirum,
2167 4185 2303 4240 Deus
2346 4204 2512 4251 meus,
2550 4188 2688 4243 Deus
2732 4204 2893 4241 meus.
2933 4186 3162 4257 Insuper
3193 4187 3318 4251 hoc,

1753 4280 1813 4337 ᾖ(
1846 4274 2016 4344 Super
2042 4291 2244 4329 omnem
2274 4277 2650 4346 principatum,
2684 4286 2732 4331 et
2764 4285 3092 4345 potestatem,
3127 4293 3190 4330 ac
3214 4278 3319 4331 vir-

1748 4375 1935 4433 tutem,
1967 4376 2016 4423 et
2037 4384 2190 4423 omne
2215 4386 2401 4423 nomen
2430 4371 2572 4441 quod
2601 4371 2929 4433 nominatur,
2960 4370 3014 4423 hi
3042 4376 3192 4434 sunt,
3224 4372 3319 4441 qui

1748 4476 1815 4516 ex
1844 4461 2156 4517 hominibus
2195 4464 2371 4533 angeli
2401 4472 2455 4519 et
2494 4462 2804 4534 archangeli
2840 4463 3078 4533 perfecte
3104 4465 3316 4518 consti-

104 4544 348 4612 ταστάντες
375 4549 531 4620 χίλια
563 4548 663 4619 ἐτη
696 4548 1086 4619 μαθητεύονται
1113 4550 1217 4603 ὑπὸ
1243 4550 1352 4603 τῶν
1374 4548 1640 4618 ἀγγέλων,

1753 4550 1873 4614 tuti,
1905 4551 1985 4604 uti
2014 4549 2232 4605 demum
2261 4558 2512 4605 naturam
2551 4549 2849 4605 creationis
2877 4549 3069 4618 prima:
3099 4549 3319 4618 angelos

104 4634 163 4698 είς
182 4637 477 4713 τελειότητα
512 4639 1058 4711 ἀποκαθιστάμενόϊ·
1107 4637 1227 4695 εἶτα
1257 4644 1307 4695 οἱ
1352 4643 1452 4714 μὲν
1495 4641 1643 4694 διδά-

1746 4657 1867 4697 rum
1898 4652 2326 4713 consequantur.
2360 4641 2573 4713 Quippe
2599 4642 2691 4713 qui
2720 4657 2787 4697 ex
2829 4641 3108 4695 hominum
3139 4641 3193 4694 in
3221 4655 3317 4694 an-

157 4803 180 4833 ι
207 4792 384 4851 Matth.
418 4813 547 4859 xm,
578 4795 673 4851 45.
747 4796 778 4836 ι’
816 4794 952 4852 Gen.
982 4812 1019 4863 I,
1043 4795 1130 4850 18.
1210 4807 1231 4835 ο
1275 4796 1466 4851 Matth.
1499 4812 1643 4850 xxvu

1753 4795 1789 4851 ἲ.
1869 4802 1928 4861 ›Ῑ‹
1970 4794 2033 4852 Ρ.
2088 4798 2205 4859 994
2250 4795 2357 4849 ED.
2397 4794 2689 4851 POTTER.

151 4943 245 5020 (73)
275 4950 639 5020 Παρθυαίαν
675 4946 1070 5020 κατάστασιν.
1121 4948 1385 5020 Corrupte
1428 4948 1634 5020 utroliio

99 5027 194 5082 (pte.
214 5015 473 5092 ﬁngunt}.
499 5018 894 5092 —Legentlum
908 5018 1128 5092 ridetur
1144 5015 1644 5092 παρουσίαν-κατά-

102 5097 265 5160 στασιν.
290 5088 470 5160 Paulo
502 5087 958 5160 ante_Sylburgio
984 5089 1160 5160 visum
1189 5087 1275 5145 est
1312 5091 1413 5160 legi
1443 5089 1641 5160 debere

100 5154 251 5229 ordine
287 5157 533 5223 inverso,
583 5157 664 5229 τῷ
712 5154 1063 5229 ἆταρῳῇίηκότι
1106 5159 1229 5214 ἀντὶ
1270 5154 1389 5214 1:06—
1414 5158 1642 5213 ἐνεστῶ-

99 5235 195 5297 τοςὶ
222 5227 268 5281 id
292 5239 439 5285 certe
460 5227 712 5284 innuunt
739 5227 1040 5297 sequentia.

149 5294 245 5366 (79)
287 5294 985 5370 ⁹Αειτοκαταοντηονόέὶενος.
1041 5297 1215 5363 Flor.,
1264 5301 1643 5370 ἀποκαταστη-

100 5360 292 5431 σῦμενοι.
318 5368 451 5435 Qua:
481 5372 652 5425 lectio
678 5360 955 5422 non'male
974 5360 1244 5439 congruit.
1272 5371 1481 5426 Nostra:
1501 5360 1639 5423 scri-

101 5439 264 5509 Pium,
282 5440 555 5509 singulari
594 5453 845 5509 numero,
879 5439 1206 5509 coliterentia
1238 5443 1350 5495 hare
1383 5451 1485 5503 est,
1515 5455 1637 5494 cum

101 5506 525 5580 Pmedenti'bus,
563 5510 623 5580 Ὀ
652 5507 1169 5580 Κύριοςλὲλευσεται,
1198 5512 1291 5565 καὶ
1322 5512 1436 5575 (Le.
1456 5509 1638 5578 etiam)

98 5573 195 5635 τοὺς
222 5576 481 5649 δικαίους,
534 5579 664 5641 τοὺς
699 5573 922 5649 πιστοὺς
968 5577 1276 5649 (sequentia
1315 5573 1461 5636 enim
1506 5573 1635 5634 sunt

99 5646 419 5719 parentheta).
456 5650 544 5712 είς
584 5649 687 5719 τὴν
728 5646 895 5719 αὐτὴν
927 5646 1151 5719 ἑνότητα
1202 5649 1642 5719 ἀποκαταστησόέ

101 5723 243 5791 μενος.
284 5715 506 5791 Forsan
520 5715 693 5791 etiam
704 5715 1004 5791 sequentia
1030 5715 1109 5791 sic
1136 5717 1395 5791 legenda:
1435 5715 1638 5791 Ἀλλ’λό

308 5788 548 5861 κέφαλὴ,
584 5788 634 5841 οἱ
671 5786 729 5841 δὲ
768 5779 842 5853 ὥς
877 5787 1032 5860 μέλη.
1063 5779 1416 5846 ΚαΓτούτων
1452 5793 1501 5844 οἱ
1538 5789 1636 5861 μὲν

100 5850 159 5911 ὡς
179 5850 283 5922 ὀφθ.
326 5850 602 5913 Sinnio.

1742 4948 1955 5022 {(80).
1986 4949 2123 5022 Μεθ’
2190 4951 2388 5017 ἡλίου.
2428 4948 2615 5022 Ἐοιιίθ
2668 4950 2789 5022 καθ’
2848 4952 3026 5022 ἡλίου,
3079 4950 3162 5022 vel
3223 4950 3292 5018 ἐφ

1742 5019 1917 5091 ἡλίου,
1941 5021 1993 5073 in
2016 5019 2163 5079 sole;
2218 5026 2281 5091 ut
2318 5020 2478 5088 paulo
2503 5021 2669 5075 infra.
2702 5019 2996 5088 Sequentia
3028 5022 3116 5091 sic
3143 5020 3305 5073 inter-

1746 5089 2076 5160 polabuntur
2103 5090 2274 5160 paulo
2293 5091 2867 5160 ηιειίυεεταγήσονται
2896 5091 2975 5151 ἓν,
3013 5089 3199 5159 ὥσπερ
3225 5105 3311 5140 κε-

1743 5158 1886 5229 φαλὴ
1933 5158 2204 5229 σώματος,
2228 5159 2402 5230 όντος
2437 5160 2575 5224 ἐνὸς,
2618 5158 2849 5229 όήῆλιος,
2899 5159 3143 5230 ὲσόμενοί
3174 5158 3314 5230 ποτε

1744 5229 1888 5353 ξατά
1935 5228 2057 5283 τινα
2109 5229 2355 5301 περίοδον
2405 5231 2500 5283 καὶ
2543 5228 2711 5283 αὐτοὶ
2755 5228 3016 5301 ἄρχοντες
3065 5228 3311 5300 ἡμερῶν.

1789 5314 2012 5353 rusuno.

1789 5314 2012 5356 YLBURG.

1814 5371 1927 5441 (81)
1978 5371 2336 5441 Ἀφίκονται.
2380 5367 2499 5424 Non
2542 5369 2727 5425 minus
2752 5377 2938 5440 aptum
2963 5368 3064 5425 l‘ut.
3097 5378 3313 5439 tempus

1740 5439 2044 5509 ἀφίξονται.
2072 5440 2148 5496 ID.

1814 5510 1924 5532 [θαι
1977 5512 2100 5532 911³11
2169 5509 2334 5532 n__--:
2388 5507 2601 5532 ---ξᾹΑ-..
2653 5509 2709 5532 ι..
2752 5507 2824 5532 -ξ⁸.
2869 5508 2986 5532 ’Πλιι
3049 5507 3242 5532 ΙΪΑιι-υιὲ

1792 5507 1925 5577 (82)
1977 5512 2129 5576 Ἠλῖ,
2168 5509 2335 5577 Quasi
2384 5507 2603 5578 quidem
2651 5509 2709 5561 ἐν
2750 5507 2828 5580 τῷ
2869 5508 3005 5563 Ἦλί.
3048 5507 3314 5562 Hebraico

1740 5563 1854 5644 ’διο
1881 5581 2025 5657 quod
2060 5582 2243 5657 solem
2263 5633 2271 5643 ,
2294 5579 2661 5657 διειήϋροηιοει..
2683 5577 2845 5657 _Seui.
2882 5579 3034 5657 Mira
3062 5578 3312 5657 iiebraici

1744 5647 2014 5706 sermonis
2058 5651 2298 5715 inscitia,
2330 5647 2420 5704 illa
2460 5647 2555 5701 τοῦ
2605 5647 2781 5717 ἡλίου,
2841 5658 2895 5704 et
2955 5648 3098 5701 Ἡλεί
3142 5660 3315 5702 evan-

1743 5718 2293 5791 gelici_conjugatio:
2334 5729 2395 5774 ut
2431 5726 2489 5791 et
2516 5718 2661 5791 quod
2696 5719 2922 5791 Romani
2956 5718 3179 5780 milites,
3220 5720 3311 5772 illa

1745 5787 1875 5844 uoce
1904 5787 2075 5863 Etiam
2117 5787 2425 5863 appellasse
2460 5787 2751 5844 Dominum
2786 5790 2841 5843 iu
2881 5804 3045 5844 cruce
3086 5796 3312 5861 putave-

1742 5868 1893 5916 runt.
1924 5861 2161 5917 COIBBP.
