3818 6538
453 397 551 451 ’751

454 508 872 577 malediceretur,
907 511 1084 582 inquit
1105 512 1177 583 (v.
1203 511 1320 582 23),
1370 529 1473 568 non
1497 513 1841 570 maledicebat
1864 534 1884 578 ;
1905 530 2025 568 cum
2054 521 2099 574 Α

452 592 746 672 pateretur,
781 621 885 659 non
916 606 1363 660 comminabatur.
1400 604 1664 663 Dominus
1706 606 1810 661 hoc
1847 607 2036 676 utique

412 722 427 739 ι
454 708 552 763 per
585 694 881 750 bonitatem
915 704 1078 765 atque
1094 696 1439 766 patientiam.
1468 696 1732 751 Tradebat
1761 706 1937 751 autem
1952 696 2038 766 ju-

453 787 658 841 dicanti
699 805 754 842 se
804 787 1000 858 injuste
1035 787 1216 859 (ibid.)
1242 828 1259 853 ,
1300 789 1417 844 sive
1460 791 1838 860 semetipsum,
1869 797 1931 855 ut
1965 790 2036 845 sit

456 877 799 950 hyperbaton
839 881 944 934 hoc
978 879 1143 935 modo
1177 895 1236 935 se
1278 881 1486 936 habens
1515 900 1528 935 :
1569 882 1820 935 tradebat
1854 889 2034 936 autem

457 973 809 1043 semetipsum
864 974 1165 1030 secundum
1211 974 1473 1044 injustam
1523 974 1695 1045 legem
1736 974 2036 1046 iudicanti-

456 1063 594 1130 bus;
626 1064 754 1133 quia
788 1064 998 1120 inutilis
1021 1064 1130 1119 illis
1151 1074 1289 1128 erat,
1315 1066 1703 1135 utpotejustus
1724 1067 2032 1123 exsistens:

456 1157 545 1211 vel
579 1155 832 1211 tradebat
863 1155 971 1213 Deo
1002 1158 1205 1227 injuste
1230 1158 1561 1228 judicantes,
1594 1157 1647 1213 id
1679 1164 1762 1213 est
1790 1174 1887 1214 eos
1940 1160 2033 1230 qui

458 1264 581 1303 eum
613 1248 952 1318 nequissime
973 1250 1415 1305 condemnabant
1439 1292 1453 1313 ,
1487 1257 1541 1305 et
1572 1250 1740 1321 gratis
1767 1251 1887 1305 neci
1916 1250 2035 1321 ejus

458 1339 768 1405 instabant,
822 1349 883 1395 ut
937 1342 1200 1413 supplicia
1252 1342 1661 1413 perpetientes,
1692 1342 2031 1398 erudiantur.

459 1429 566 1495 Qui
596 1432 733 1484 enim
764 1432 873 1487 vult
917 1434 1078 1487 vitam
1107 1474 1122 1498 ,
1163 1435 1339 1504 inquit
1369 1433 1513 1505 (cap.
1558 1449 1643 1500 ιιι,
1676 1450 1727 1489 v.
1764 1434 1876 1505 10),
1909 1434 2037 1489 dili-

457 1537 598 1590 gere.
626 1532 676 1576 et
700 1523 873 1578 videre
920 1525 1031 1580 dies
1061 1525 1255 1591 bonos;
1285 1526 1391 1581 hoc
1408 1533 1492 1581 est
1529 1527 1623 1597 qui
1657 1526 1774 1582 vult
1797 1535 2034 1586 aeternus

458 1623 514 1669 et
546 1617 978 1687 incorruptibilis
1005 1617 1141 1673 ﬁeri.
1170 1617 1351 1673 Vitam
1382 1634 1534 1681 vero.
1557 1618 1847 1675 Dominum
1868 1620 2032 1687 dicit;

458 1707 578 1765 dies
605 1717 782 1764 autem
809 1711 1004 1775 bonos,
1035 1711 1139 1767 hoc
1167 1720 1250 1768 est
1308 1721 1547 1769 sanctos.
1584 1711 1725 1779 Quia
1752 1713 1913 1776 oculi,
1950 1712 2036 1767 in-

460 1804 580 1871 quit
610 1804 811 1875 (VJI),
845 1804 1061 1859 Domini
1092 1821 1250 1875 super
1283 1806 1495 1876 justas,
1546 1815 1597 1860 et
1651 1822 1804 1861 aures
1829 1806 1941 1877 ejus
1976 1808 2032 1859 in

456 1869 634 1962 preces
662 1869 863 1949 eorum.
901 1869 1300 1951 Multiformem'
1316 1895 1551 1968 Spiritus
1576 1898 1752 1952 sancti
1784 1869 2031 1968 specula-
2062 1869 2105 1928 Β

460 1983 663 2038 tionem
690 1984 996 2056 signiﬁcat:
1041 1987 1227 2042 Vultus
1273 1998 1448 2042 autem
1496 1988 1710 2042 Domini
1754 2004 1911 2057 super
1947 1988 2033 2059 fa-

462 2072 657 2128 cientes
692 2075 837 2128 mala
871 2078 946 2147 (v.
982 2076 1070 2146 l2)
1092 2116 1106 2138 ,
1140 2060 1253 2132 .hoc
1286 2085 1371 2132 est
1415 2077 1530 2133 sive
1568 2077 1834 2146 judicium
1863 2118 1879 2142 ,
1919 2078 2035 2132 sive

461 2168 630 2232 ultio,
697 2169 812 2224 sive
888 2170 1278 2227 manilestatio.
1350 2171 1635 2226 Dominum
1695 2189 1813 2227 vero
1881 2170 2037 2227 Chri-

462 2267 625 2325 stum,
659 2261 835 2333 inquit
859 2265 935 2334 (v.
967 2264 1077 2334 15),
1110 2265 1444 2335 sanctiﬁcate
1473 2267 1527 2319 in
1560 2265 1805 2321 cordibus
1830 2266 2033 2320 vestris.

465 2349 561 2407 Sic
591 2353 761 2409 habes
792 2355 957 2410 etiam
991 2354 1048 2411 in
1079 2357 1328 2412 oratione
1352 2357 1633 2413 Dominica
1667 2377 1680 2412 :
1719 2356 2039 2428 Sanctiﬁce—

465 2453 554 2499 tur
591 2463 799 2511 nomen,
842 2447 1051 2517 inquit,
1100 2458 1249 2503 tuum
1279 2462 1327 2503 ο.
1374 2448 1617 2505 Christus
1653 2452 1816 2518 enim,
1865 2453 2041 2523 inquit

465 2540 543 2612 (v.
572 2541 687 2612 i8),
704 2540 863 2596 semel
883 2557 979 2612 pro
1009 2543 1234 2611 peccatis
1258 2544 1455 2598 nostris
1482 2553 1722 2598 mortuus
1742 2555 1841 2608 est,
1857 2545 2042 2615 justus

462 2647 560 2703 pro
593 2632 830 2702 injustis.
862 2641 919 2685 ut
949 2650 1042 2688 nos
1066 2616 1808 2704 o/j‘erretDeopmortiﬁcatus
1836 2634 2044 2705 quidem

462 2742 645 2789 carne,
672 2726 963 2795 viviﬁcatus
991 2736 1165 2780 autem
1195 2726 1404 2787 spiritu.
1433 2725 1556 2781 iltnc
1578 2727 1641 2781 ad
1673 2727 1831 2782 ﬁdem
1854 2743 2043 2783 eorum

464 2816 720 2886 redigens
748 2816 905 2871 dicit.
951 2814 1064 2871 Hoc
1093 2826 1177 2872 est
1214 2836 1227 2871 :
1262 2817 1318 2871 in
1358 2819 1562 2873 nostris
1610 2819 1915 2874 viviﬁcatus
1959 2827 2046 2877 est

465 2906 772 2977 spiritibus.
806 2906 1121 2971 Adveniens,
1154 2907 1333 2978 inquit
1382 2914 1458 2979 (v.
1488 2907 1606 2979 20),
1638 2908 1948 2979 pradicavit
1968 2909 2045 2965 eis

464 3000 556 3069 qui
591 2998 859 3070 quondam
888 3012 1037 3055 erant
1078 3001 1369 3066 increduli;
1401 3002 1639 3073 speciem
1675 3002 1897 3073 quidem
1927 3001 2046 3072 ejus

464 3105 575 3146 non
605 3092 898 3156 viderunt,
939 3107 1135 3148 sonum
1186 3108 1315 3149 vero
1371 3093 1523 3149 vocis
1567 3092 1879 3149 audierunt.
1909 3088 2046 3150 Cum

464 3185 724 3245 sustinet.
758 3185 938 3255 inquit
971 3184 1176 3257 (ibid.),
1223 3184 1318 3239 Dei
1377 3184 1775 3255 longanimitas.
1828 3182 1908 3239 Ita
1960 3194 2045 3242 est

466 3275 646 3331 bonus
687 3274 852 3341 Deus,
879 3277 1130 3333 utetiam
1169 3292 1265 3348 per
1300 3275 1666 3332 eruditionem
1694 3275 1887 3331 salutis
1915 3290 2045 3345 ope-

467 3377 622 3422 retur
650 3367 929 3423 elTectum.
965 3366 1068 3423 Per
1098 3368 1534 3423 resurrectionem
1559 3406 1575 3431 ,
1619 3367 1796 3437 inquit
1826 3367 1901 3439 (v.
1928 3367 2046 3441 21),

465 3455 600 3512 Iesu
629 3457 863 3521 Christi;
895 3458 1107 3513 scilicet
1134 3473 1253 3528 qua:
1279 3474 1374 3527 per
1399 3457 1556 3512 ﬁdem
1591 3457 1646 3511 in
1676 3457 1835 3512 nobis
1856 3457 2047 3513 effecta

466 3556 573 3603 est.
610 3546 873 3617 Subjectis
903 3548 1005 3602 sibi
1043 3548 1246 3619 angelis
1272 3550 1347 3618 (v.
1381 3548 1498 3620 22),
1537 3549 1627 3618 qui
1666 3557 1795 3607 sunt
1825 3550 2035 3620 primus

465 3639 639 3695 ordo:
675 3650 729 3695 et
755 3641 991 3696 subditis
1023 3641 1392 3710 potestatibus,
1426 3644 1519 3712 qui
1551 3648 1679 3697 sunt
1701 3643 1926 3698 secundi
1950 3659 2045 3699 or-

465 3731 616 3788 dinis
643 3752 656 3787 :
688 3733 921 3790 subditis
950 3749 1165 3804 quoque
1194 3734 1475 3789 virtutibus
1496 3773 1511 3797 ,
1545 3749 1667 3805 quae
1712 3734 1781 3789 ad
1825 3736 2044 3791 tertium

467 3824 718 3880 ordinem
744 3825 1022 3895 pertinere
1052 3825 1424 3881 declarantur.
1451 3826 1557 3893 Qui
1584 3825 1835 3890 reddent,
1871 3825 2049 3897 inquit

468 3916 618 3987 (cap.
642 3933 717 3981 Iv,
750 3934 804 3973 v.
838 3917 917 3988 5),
947 3919 1203 3973 rationem
1236 3920 1286 3973 ei
1330 3920 1419 3990 qui
1448 3931 1669 3984 paratus
1698 3929 1777 3974 cst
1800 3919 2048 3989 judicare

468 4010 610 4065 vivos
642 4019 691 4065 et
723 4021 981 4068 mortuos.
1021 4011 1086 4067 lii
1120 4012 1422 4069 secundum
1453 4012 1813 4084 praecedentia
1840 4011 2049 4081 judicia

469 4099 821 4158 erudiuntur.
853 4100 935 4159 Ob
965 4104 1066 4159 hoc
1094 4102 1258 4159 etiam
1287 4102 1566 4177 subjungit
1597 4103 1670 4175 (v.
1696 4103 1751 4175 6)
1776 4122 1792 4161 :
1824 4102 2049 4175 Propter

1682 393 2072 455 CLEMENTIS
2108 393 2569 449 ALEXANDRINI

3612 393 3697 449 τῗή

2127 512 2389 568 hocrenim
2416 522 2469 569 et
2506 513 2728 567 mortuis
2777 512 3166 584 euangelizatus
3216 523 3332 580 est,
3384 514 3558 570 nobis
3615 520 3692 582 qui

2134 603 2405 671 quondam
2441 603 2693 657 videlicet
2711 603 3063 659 exstabamus
3092 605 3355 664 inﬁdeles.
3372 606 3441 663 Ut
3449 604 3695 674 judica-

2139 704 2227 749 tur
2284 695 2494 764 quidem
2530 693 2815 749 secundum
2853 693 3138 759 hominem,
3183 694 3356 767 inquit
3404 696 3632 767 (ibid.).
3660 698 3698 749 in

2132 800 2310 852 carne,
2342 786 2516 840 vivant
2540 796 2717 840 autem
2735 785 3023 841 secundum
3049 785 3214 839 Deum
3244 788 3296 839 in
3324 788 3553 855 spiritu.
3576 786 3698 852 Qui:

2132 875 2293 931 aﬁde
2342 876 2591 931 videlicet
2635 876 2984 945 exciderunt;
3040 877 3169 931 dum
3201 877 3376 932 adhuc
3430 879 3491 933 in
3552 894 3702 934 carne

2134 977 2281 1031 sum,
2309 968 2628 1038 iudicantur
2660 968 2963 1025 secundum
3001 968 3206 1040 judicia
3249 971 3636 1041 praecedentia
3661 982 3703 1026 ut

2133 1061 2456 1130 poeniteant.
2500 1061 2711 1116 Idcirco
2750 1070 2804 1118 et
2835 1062 3128 1130 subnectit,
3155 1063 3341 1127 dicens
3376 1083 3391 1120 :
3439 1064 3704 1119 Viventis

2132 1153 2324 1222 spiritu
2366 1151 2652 1207 secundum
2690 1153 2877 1209 Deum.
2920 1153 3010 1210 Sic
3039 1153 3242 1211 Paulus
3278 1170 3543 1227 quoque;
3598 1170 3703 1209 nam

2132 1250 2187 1297 et
2221 1243 2337 1313 ipse
2364 1244 2470 1299 tale
2512 1243 2716 1314 aliquid
2770 1244 2903 1300 dicit
2940 1262 3101 1317 quem
3156 1246 3355 1300 tradidi
3408 1247 3703 1317 (inquieta)

2133 1333 2384 1399 Satanw,
2418 1345 2475 1389 ut
2517 1336 2654 1390 vivat
2702 1336 2895 1406 spiritu
2920 1338 2977 1394 ιι.
3008 1337 3164 1409 (Cap.
3192 1354 3264 1403 Iv,
3299 1355 3351 1394 ν.
3387 1338 3481 1410 10)
3518 1358 3534 1393 :
3573 1338 3707 1393 Sicut

2133 1426 2278 1492 boni,
2313 1427 2565 1484 videlicet
2591 1427 2983 1497 dispensatores
3008 1428 3347 1499 multiformis
3373 1430 3583 1499 gratim
3610 1426 3704 1481 Dei.

2136 1516 2400 1575 Similiter
2436 1526 2491 1575 et
2537 1517 2784 1575 Paulus:
2818 1519 3153 1591 Multifarie,
3187 1520 3393 1590 inquit,
3436 1530 3491 1573 et
3539 1517 3707 1572 multis

2134 1612 2303 1667 modis
2330 1612 2470 1667 Deus
2502 1612 2629 1667 olim
2657 1612 2863 1668 locutus
2889 1622 2971 1669 est
2996 1614 3241 1683 patribus
3273 1613 3473 1667 nostris
3493 1622 3547 1661 ε.
3583 1611 3710 1665 Cas-

2131 1706 2287 1769 dete,
2344 1707 2525 1778 inquit
2565 1708 2802 1781 (v.15),
2872 1709 3315 1762 communicantes
3376 1707 3711 1777 passiouilm

2133 1794 2378 1853 Christi:
2416 1797 2521 1852 hoc
2563 1805 2649 1853 est
2696 1797 2740 1852 si
2766 1797 2903 1868 justi
2956 1797 3123 1861 estis,
3168 1804 3396 1867 propter
3440 1795 3710 1865 justitiam

2133 1888 2409 1959 patimini,
2439 1889 2583 1945 sicut
2628 1889 2881 1946 Christus
2939 1904 3038 1960 pro
3090 1889 3307 1960 justitia
3364 1903 3584 1958 passus
3628 1895 3712 1955 est,

2131 1979 2305 2047 Beati,
2344 1982 2520 2052 inquit
2542 1981 2620 2053 (v.
2646 1982 2757 2053 M),
2789 1982 3039 2053 quoniam
3067 1982 3159 2053 qui
3186 1990 3264 2036 est
3303 1980 3422 2047 ejus
3479 1980 3713 2035 honoris.

2132 2081 2183 2125 et
2201 2073 2410 2135 virtutis
2435 2072 2534 2128 Dei
2557 2073 2809 2145 Spiritus,
2833 2090 2989 2144 super
3005 2091 3094 2129 ros
3126 2075 3421 2144 requiescit.
3449 2071 3582 2126 Hoc
3611 2087 3717 2143 pos.

2145 2163 2448 2228 sessivum,
2478 2164 2593 2229 eius
2614 2205 2629 2230 ,
2661 2175 2716 2220 et
2746 2165 3049 2236 angelicum
3101 2163 3352 2236 spiritum
3401 2162 3715 2232 signiﬁcat:

2137 2255 2310 2324 gloria
2342 2257 2542 2327 quippe
2572 2255 2663 2312 Dei
2692 2297 2708 2321 ,
2745 2257 2826 2311 illi
2869 2266 3000 2313 sunt
3030 2272 3127 2327 per
3155 2272 3296 2327 quos
3325 2257 3650 2312 secundum
3673 2255 3721 2307 ti-

2138 2350 2263 2405 dem
2294 2360 2349 2403 et
2372 2347 2641 2417 justitiam
2681 2348 3018 2420 gloriﬁcatur
3050 2350 3118 2405 ad
3152 2349 3381 2421 gloriam
3426 2349 3721 2403 honorabi-

2141 2444 2267 2505 lem,
2302 2440 2607 2496 secundum
2638 2439 2946 2511 profectum
2986 2440 3420 2495 introductorum
3448 2439 3719 2494 ﬁdelium.

2142 2533 2328 2590 Potest
2376 2534 2541 2591 etiam
2588 2534 2670 2590 sic
2699 2534 2929 2605 intelligi
2980 2531 3214 2603 Spiritus
3254 2532 3349 2587 Dei
3385 2548 3561 2602 super
3608 2548 3723 2595 nos;

2142 2629 2249 2685 hoc
2297 2635 2416 2693 est,
2450 2629 2542 2698 qui
2580 2628 2879 2683 secundum
2935 2627 3093 2682 ﬁdem
3143 2627 3337 2683 anima:
3382 2627 3721 2695 supervenit.

2144 2720 2313 2777 veluti
2334 2729 2595 2776 venustas
2624 2720 2871 2791 quaedam
2897 2720 3097 2775 mentis
3129 2726 3183 2775 et
3213 2718 3381 2773 animi
3411 2718 3724 2789 pulchrituo

2146 2812 2236 2869 do.
2256 2814 2545 2882 Quoniam,
2570 2817 2748 2887 inquit
2778 2814 2852 2888 (v.
2892 2814 3004 2886 17),
3030 2822 3231 2886 tempus
3252 2812 3449 2885 judicii
3470 2811 3726 2866 inchoau-

2146 2905 2205 2961 di
2250 2925 2283 2961 a
2314 2908 2471 2964 domo
2506 2908 2737 2966 Domini.
2794 2908 2892 2965 His
2926 2909 3072 2964 enim
3096 2950 3112 2975 ,
3152 2908 3206 2962 in
3249 2904 3726 2978 persecutionibus

2149 3002 2482 3066 constitutis,
2521 3002 2789 3073 judicium
2819 3010 3203 3074 consequetur.
3233 3001 3374 3057 Deus
3414 3011 3629 3060 autem.
3657 2999 3727 3052 iu-

2148 3094 2269 3165 quit
2307 3094 2449 3167 (cap.
2502 3110 2557 3160 v,
2598 3095 2797 3167 v.10),
2850 3097 3011 3150 totius
3043 3096 3253 3171 gratim.
3298 3092 3494 3149 Totius

2151 3187 2305 3249 dixit,
2338 3188 2597 3258 quoniam
2625 3188 2806 3245 bonus
2837 3196 2947 3255 est,
2983 3199 3036 3242 et
3064 3187 3308 3241 omnium
3336 3187 3622 3241 bonorum
3645 3187 3727 3235 ita.

2150 3286 2238 3335 tor
2267 3287 2351 3335 est
2383 3280 2518 3350 ipse.
2556 3279 2769 3335 Salutat
2798 3297 2885 3335 vos
2914 3278 3127 3348 Marcus
3145 3279 3293 3349 filius
3323 3295 3470 3331 meus
3512 3278 3594 3346 (v.
3630 3277 3725 3341 lli.

2153 3370 2367 3427 Marcus
2408 3371 2559 3427 Petri
2618 3381 2895 3435 sectator,
2956 3375 3134 3443 palam
3193 3370 3535 3442 pra-dicanti:
3578 3368 3728 3425 Petro

2150 3464 2505 3535 Evangelium
2558 3463 2742 3522 Romae
2778 3480 2967 3519 coram
3015 3462 3345 3535 quibusdam
3389 3462 3728 3519 Caesareanis

2150 3557 2463 3626 equitibus,
2490 3563 2545 3611 et
2574 3557 2742 3611 multa
2775 3556 2982 3613 Christi
3016 3556 3330 3612 testimonia
3381 3554 3727 3626 proferente;

2152 3647 2373 3717 penitus
2395 3647 2463 3701 ab
2491 3647 2572 3703 eis
2620 3653 2677 3699 ut
2712 3654 2937 3716 possent
2968 3661 3087 3717 qua:
3109 3646 3441 3701 dicebantur
3461 3644 3730 3699 memoria:

2152 3739 2558 3803 commendare,
2591 3740 2817 3812 scripsit
2842 3756 2905 3795 ex
2941 3739 3027 3794 his
3058 3754 3179 3810 quae
3206 3737 3372 3795 Petro
3403 3736 3555 3792 dicta
3592 3748 3727 3795 sunt.

2151 3828 2503 3900 Evangelium
2571 3830 2717 3901 quod
2771 3830 3071 3887 secundum
3128 3828 3372 3883 Marcum
3440 3827 3728 3882 vocitatur.

2155 3918 2311 3976 Sicut
2365 3920 2544 3978 Lucas
2595 3939 2834 3993 quoque,
2885 3930 2940 3977 et
2972 3921 3144 3977 Actus
3174 3920 3553 3992 aposwlorum
3601 3920 3732 3989 style

2153 4017 2446 4066 exsecutus
2466 4022 2806 4083 agnosceret,
2831 4019 2886 4068 et
2919 4010 3074 4067 Pauli
3099 4011 3167 4067 ad
3190 4010 3733 4080 Hebraeosinterpre-

2154 4111 2302 4158 tatus
2327 4103 2648 4175 Epismlam.

2080 4412 2160 4474 11.

1098 4619 1457 4682 EIUSDEM
1494 4619 2189 4683 ADUMBRATIONES
2224 4620 2306 4682 IN
2353 4621 2806 4683 EPISTOLAM
2838 4623 3082 4687 JUDJE.

532 4811 698 4885 369
709 4809 1342 4884 Iudas,quicatliolicam
1357 4814 1579 4885 scripsit
1599 4813 1918 4886 Epistolam,
1944 4814 2055 4870 fra-
2084 4820 2129 4875 D
2159 4817 2422 4885 Quoniam
2439 4818 2695 4874 Dominus
2713 4818 2851 4873 Deus
2868 4818 3028 4874 semel
3048 4818 3323 4887 populum,
3355 4817 3536 4888 inquit
3556 4817 3626 4884 (v.
3655 4814 3735 4883 5).

379 4980 384 4985 .
475 4909 561 4958 ter
580 4901 809 4956 ﬁliorum
822 4898 1020 4972 Joseplt
1036 4904 1442 4967 essmns,valde
1468 4905 1772 4977 religiosus;
1793 4922 1916 4962 cum
1938 4907 2046 4962 sci-

476 4995 1031 5067 retpropinquilatem
1055 4994 1289 5063 Domini,
1307 5012 1411 5053 non
1439 5007 1619 5055 tamen
1635 5000 1773 5056 dixit
1792 5015 1851 5057 se
1871 5002 2051 5073 ipsum

478 5087 702 5143 fratrem
747 5088 869 5157 ejus
913 5104 1067 5156 esse;
1121 5089 1219 5145 srd
1268 5090 1398 5160 quid
1452 5091 1589 5147 dixit
1631 5093 1776 5164 (cap.
1823 5109 1861 5156 ι,
1909 5092 2046 5163 v.1)

478 5179 652 5235 ludas
708 5197 887 5237 servus
936 5180 1067 5236 Iesu
1108 5180 1340 5248 Christi,
1390 5194 1577 5254 utpote
1605 5184 1850 5252 Domini;
1885 5186 2052 5255 frater

479 5285 655 5329 autem
677 5273 885 5328 Jacobi.
922 5274 1032 5330 Hoc
1062 5276 1208 5331 enim
1235 5292 1420 5331 verum
1443 5286 1558 5345 est;
1584 5278 1752 5334 frater
1778 5279 2050 5349 eratejus,

479 5363 700 5433 lusi-ph.
744 5363 1171 5420 Subintroierunt
1207 5369 1345 5421 enim
1373 5368 1589 5437 quidam
1615 5408 1630 5435 ,
1656 5369 1832 5437 inquit
1859 5367 1934 5438 (v.
1970 5367 2050 5440 ι),

386 5487 390 5491 ς
482 5453 719 5509 homines
781 5456 929 5524 impii
972 5458 1062 5527 qui
1086 5457 1212 5511 olim
1253 5460 1550 5529 prtescripti
1589 5469 1639 5513 et
1688 5459 2052 5528 prwdestinati

481 5556 634 5601 erant
658 5550 711 5602 in
733 5550 997 5620 judicium
1026 5552 1123 5605 Dei
1150 5555 1339 5619 nostri,
1370 5570 1478 5608 non
1503 5563 1562 5608 ut
1593 5553 1721 5610 ﬁant
1750 5554 1921 5624 impii,
1954 5552 2049 5609 sed

481 5639 812 5697 exsistuntes
829 5643 941 5713 jam
974 5644 1146 5715 impii,
1182 5645 1238 5700 in
1265 5645 1532 5715 judiciqu
1567 5646 1863 5717 praescripti
1897 5654 2045 5701 sunt.

554 5853 583 5882 ι
610 5840 796 5899 Matth.
840 5860 913 5908 γι,
943 5845 994 5898 9.
1074 5845 1101 5884 δ
1143 5843 1319 5901 lCor.
1346 5863 1397 5911 ι’,
1430 5846 1482 5903 5.
1564 5858 1583 5884 α’
1624 5845 1758 5901 ch.
1794 5859 1832 5911 t,
1878 5846 1926 5900 l.

2154 4910 2218 4965 de
2270 4920 2412 4965 terra
2437 4909 2659 4981 zEgypti
2711 4911 2942 4965 liberans
2964 4950 2979 4976 ,
3026 4908 3268 4978 deinceps
3299 4924 3393 4964 eos
3420 4915 3483 4972 »Β
3520 4908 3602 4978 qui
3633 4923 3737 4960 non

2153 5000 2507 5064 crediderunt,
2550 5001 2812 5071 perdidit;
2864 5009 2925 5055 ut
2980 5016 3077 5056 eos
3114 5000 3375 5056 videlicet
3404 5016 3505 5070 per
3535 4999 3737 5069 suppli-

2154 5094 2297 5148 cium
2328 5094 2590 5149 erutliret.
2638 5095 2697 5150 In
2727 5094 2988 5166 praesenti
3035 5093 3236 5164 quippe
3276 5100 3535 5161 tempore
3560 5089 3738 5162 puniti

2155 5194 2282 5242 sunt
2306 5193 2361 5242 et
2392 5188 2670 5258 perierunt
2708 5198 2931 5259 propter
2956 5203 3051 5243 eos
3083 5188 3177 5258 qui
3211 5187 3533 5253 salvantur,
3562 5183 3739 5237 donec

2154 5287 2546 5335 convertantur
2582 5280 2651 5334 ad
2712 5280 3021 5334 Dominum.
3074 5279 3303 5348 Angelos
3367 5294 3512 5340 vero,
3560 5273 3740 5345 inquit

2152 5379 2229 5443 (v.
2262 5373 2316 5444 6)
2333 5374 2423 5441 qui
2438 5390 2540 5427 non
2570 5380 2902 5427 servaverunt
2929 5373 3199 5441 proprium
3229 5370 3596 5439 principatum.
3622 5366 3740 5420 scio

2153 5465 2282 5520 licet
2310 5480 2471 5533 quem
2502 5472 2830 5533 acceperunt
2848 5462 3151 5517 secundum
3176 5458 3511 5529 profectum,
3531 5457 3610 5512 sed
3647 5454 3741 5509 de-

2152 5554 2493 5625 reliquerunt,
2515 5552 2691 5623 inquit
2718 5552 2925 5617 (ibid.),
2952 5567 3103 5605 suum
3131 5546 3735 5611 habitaculumcaeium

2151 5643 2404 5699 videlicet
2432 5658 2494 5697 ac
2516 5641 3052 5708 slellussigniﬁcans,
3070 5649 3339 5711 apostata:
3362 5638 3494 5694 facti
3522 5645 3645 5693 sunt
3675 5643 3737 5690 α

2009 5851 2066 5909 »Β
2112 5842 2172 5897 Ρ.
2224 5843 2328 5899 998
2382 5839 2486 5896 ΕΙ).
2529 5839 2821 5895 POTTER.
