3840 6536
163 451 239 506 733

158 569 308 626 vocati.
339 562 396 616 In
414 558 696 632 judicium,
730 554 907 626 inquit
937 551 1136 624 (ibid.),
1175 563 1377 620 ntagnte
1399 545 1504 599 diei

159 662 257 719 :ulis
277 653 510 728 perpetuis
534 650 627 705 sub
652 650 871 720 caligine
902 645 1198 700 reservavit.
1223 640 1470 696 Vicinum
1488 637 1650 692 terris

143 757 314 812 locum,
342 750 439 803 hoc
478 751 562 800 est
603 741 960 811 caliginosum
991 753 1170 794 aerem
1205 732 1494 806 signiﬁcat.
1526 729 1653 783 Vin-

159 846 249 901 cula
275 857 388 897 vero
413 838 546 893 dixit
595 835 943 890 amissionem
978 830 1200 886 honoris
1230 831 1284 882 in
1312 841 1420 897 quo
1450 823 1651 878 consti-

155 945 318 995 terant,
367 941 417 987 et
457 928 804 998 cupiditatem
837 924 1170 979 inﬁrmarum
1200 933 1412 984 rerum;
1444 914 1657 984 cupidi-

157 1036 240 1081 tate
263 1024 438 1093 quippe
467 1019 703 1075 devincti
731 1015 948 1087 propria
971 1054 986 1076 ,
1016 1010 1257 1068 converti
1290 1024 1398 1063 non
1431 1012 1654 1075 queunt.

156 1119 268 1172 Sicut
287 1113 499 1169 Sodoma
523 1150 538 1174 ,
569 1110 744 1179 inquit
775 1111 848 1178 (ν.
889 1108 963 1175 7),
992 1115 1042 1160 et
1084 1101 1398 1158 Gomorrha.
1449 1098 1659 1164 Quibus

155 1206 373 1276 signiﬁcat
398 1200 664 1256 Dominus
699 1197 982 1267 remissius
1013 1210 1134 1250 esse
1153 1233 1168 1258 ,
1197 1202 1249 1246 et
1274 1189 1516 1246 eruditos
1545 1203 1662 1258 poe-

153 1303 351 1358 nituisse.
399 1298 657 1353 Similiter
702 1293 922 1356 iisdem,
971 1292 1148 1363 inquit
1202 1290 1275 1362 (v.
1308 1288 1384 1354 8),
1411 1296 1461 1341 et
1497 1287 1550 1339 hi
1574 1301 1664 1338 so-

154 1395 392 1454 muiantes,
431 1391 534 1444 hoc
575 1396 660 1444 est
703 1388 796 1458 qui
841 1385 1114 1442 somniant
1151 1379 1534 1452 imaginatione
1563 1392 1662 1431 sua

153 1484 356 1540 libidines
394 1491 445 1536 et
498 1481 762 1550 reprobas
787 1478 1111 1548 cupiditates
1133 1515 1150 1542 ,
1178 1473 1379 1527 bonum
1416 1485 1537 1525 esse
1563 1484 1666 1537 pu-

153 1586 309 1637 tantes,
331 1589 431 1628 non
454 1573 587 1626 illud
613 1571 756 1641 quod
776 1585 901 1625 vere
917 1569 1122 1622 bonum
1147 1574 1250 1626 est,
1275 1571 1330 1617 et
1353 1560 1498 1617 omni
1522 1559 1666 1613 bono

152 1666 376 1737 superius.
406 1662 632 1718 Carnem
656 1660 882 1732 quidem,
919 1659 1096 1728 inquit
1130 1653 1333 1725 (ibid.),
1373 1651 1662 1714 maculant,

151 1758 506 1812 dominationem
566 1763 742 1807 autem
785 1759 1070 1821 spernunt,
1119 1746 1447 1817 majestatem
1493 1751 1664 1796 autem

151 1850 489 1916 blasphemant;
545 1847 654 1900 hoe
699 1853 784 1899 est
847 1843 1021 1899 solum
1060 1839 1349 1893 Dominum
1394 1835 1486 1905 qui
1541 1847 1665 1886 vere

149 1940 359 1995 Dominus
385 1948 571 1992 noster
595 1948 702 2002 est,
723 1935 882 1991 Jesus
902 1933 1176 1993 Christus,
1210 1939 1264 1985 et
1294 1929 1445 1983 solus
1473 1925 1632 1981 lauda
1649 1954 1663 1966 -

149 2027 260 2085 bilis.
287 2028 636 2098 Majestatem,
659 2026 860 2096 inquit,
894 2024 1252 2092 blasphemant
1278 2061 1294 2086 ,
1319 2020 1424 2074 hoc
1453 2026 1535 2074 est
1565 2033 1664 2070 an-

155 2123 284 2191 gelos.
325 2121 407 2188 (ν.
459 2121 515 2193 9)
553 2140 570 2175 :
628 2119 851 2186 Quando
891 2117 1118 2170 Michael
1157 2112 1497 2184 arcltangelus
1549 2127 1665 2164 cum

150 2213 317 2267 diabolo
342 2214 646 2283 disputans,
679 2210 1038 2265 altercabatur
1083 2208 1147 2262 de
1184 2223 1397 2277 corpore
1423 2204 1477 2258 Μ
1486 2205 1664 2274 oysis:

149 2306 213 2360 hic
228 2309 488 2361 conﬁrmat
519 2306 955 2375 assumptionem
988 2301 1209 2373 Moysis.
1230 2298 1455 2354 Michael
1485 2303 1666 2350 autem

150 2395 215 2450 hic
237 2396 419 2450 dicitur
457 2396 554 2467 qui
586 2410 687 2466 per
716 2395 1081 2464 propinquum
1116 2391 1277 2445 nobis
1307 2389 1558 2459 angelum
1588 2386 1666 2439 al-

143 2489 406 2542 tercabatur
446 2504 574 2542 cum
608 2487 848 2544 diabolo.
886 2469 964 2538 Hi
991 2491 1194 2546 autem,
1230 2480 1406 2549 inquit
1443 2482 1518 2545 (ν.
1553 2477 1664 2542 10),

143 2593 406 2648 quacunque
432 2578 649 2649 quidem
686 2577 964 2647 ignorant,
998 2571 1375 2640 blasphemant.
1407 2569 1667 2635 Quazcun-

141 2685 213 2737 qva
231 2680 384 2724 autem
407 2668 737 2723 naturaliter
763 2677 1017 2737 tanquam
1043 2672 1192 2718 muta
1222 2660 1478 2737 animalia
1516 2675 1668 2712 nove-

143 2769 259 2822 runt,
285 2763 332 2814 in
354 2761 432 2816 his
455 2767 893 2828 corrumpuntur.
949 2755 1230 2828 Signiﬁcat
1258 2769 1355 2808 eos
1381 2734 1669 2897 exedere

143 2855 380 2897 anitihnrﬂ-
415 2864 470 2897 et
509 2853 685 2897 νριιιις
714 2851 963 2897 venereis
1008 2847 1316 2897 indulgere.
1356 2851 1409 2897 et
1513 2859 1542 2896 a
1575 2858 1668 2897 eos

142 2868 187 2907 ac
204 2855 382 2919 bibere,
415 2864 471 2910 et
509 2853 685 2910 rebus
714 2851 963 2906 venereis
1008 2847 1316 2914 indulgere,
1356 2851 1409 2899 et
1436 2847 1542 2897 alia
1575 2858 1668 2898 eos

143 2955 403 3015 perpetrare
425 2947 562 3002 dicit
594 2960 720 3016 quae
751 2953 878 2999 sunt
908 2939 1218 2998 communia
1255 2953 1376 2992 cum
1421 2935 1670 2990 animali~

141 3039 217 3093 bus
241 3039 433 3094 ratione
456 3037 802 3092 carentibus.
817 3034 906 3088 Va:
933 3033 1041 3087 illis
1061 3071 1076 3096 ,
1103 3029 1281 3100 inquit
1309 3030 1382 3097 (ν.
1412 3026 1523 3096 il),
1545 3027 1669 3097 quia

139 3130 180 3181 in
204 3131 272 3183 via
295 3130 420 3186 Cain
449 3130 726 3185 abierunt.
757 3127 848 3182 Sic
874 3127 1036 3181 etiam
1074 3132 1299 3194 peccato
1327 3123 1455 3177 Adae
1483 3121 1670 3190 subja-

139 3234 284 3277 ceruus
315 3221 622 3277 secundum
645 3218 855 3289 peccati
888 3216 1322 3272 similitudinem.
1353 3211 1554 3279 Nubes,
1583 3211 1668 3265 in-
1694 3216 1735 3273 c
1770 3201 1882 3246 δίκε

139 3312 230 3378 quit
249 3314 315 3380 (ν.
343 3315 452 3381 l2),
476 3316 598 3368 sine
639 3327 810 3382 aqua;
861 3311 966 3364 hoc
1010 3317 1115 3371 est,
1142 3307 1236 3377 qui
1272 3306 1500 3362 verbum
1536 3303 1672 3358 divi-

139 3417 236 3458 num
256 3414 302 3459 et
334 3407 641 3461 fecundum
682 3405 739 3458 in
776 3418 835 3458 se
864 3417 974 3457 non
991 3400 1297 3471 possident.
1333 3397 1410 3453 0b
1439 3397 1556 3461 hoc,
1588 3397 1670 3451 in-

140 3495 229 3562 quit
257 3499 446 3569 (Ibid.),
473 3508 526 3552 et
567 3515 606 3550 a
643 3495 844 3558 ventis,
867 3502 916 3548 et
953 3491 1228 3562 spiritibus
1270 3490 1529 3552 violentis,
1573 3487 1672 3540 hu-

132 3583 321 3650 iusmodi
383 3585 836 3652 circumferuntur
892 3583 1144 3637 homines.
1214 3580 1464 3647 Arbores,
1499 3578 1674 3648 inquit

137 3671 298 3742 (ibid.),
321 3664 667 3729 autumnales
716 3673 1077 3743 infructuosaz,
1129 3677 1182 3726 et
1215 3669 1461 3726 inﬁdeles
1485 3666 1674 3723 videli-

137 3772 219 3829 cet,
246 3768 328 3836 qui
354 3769 569 3822 nullum
618 3766 859 3829 fructum
893 3762 1170 3818 ﬁdelitatis
1213 3768 1520 3833 apportant.
1558 3759 1670 3823 Bis,

138 3855 275 3925 inquit
301 3859 508 3930 (ibid.),
537 3869 802 3920 mortuae;
835 3857 998 3912 semel
1028 3855 1237 3911 scilicet
1260 3853 1476 3925 quando
1499 3851 1675 3906 delin-

136 3949 310 4015 quendo
331 3958 674 4020 peccarunt;
707 3949 948 4004 secundo
971 3964 1122 4015 vero,
1148 3947 1365 4018 quando
1393 3947 1674 4017 suppliciis

134 4043 482 4100 contradentur
541 4042 855 4099 secundum
887 4041 1272 4112 praedestinata
1305 4040 1400 4094 Dei
1423 4039 1628 4108 judicia
1658 4058 1670 4093 :

135 4147 252 4189 mors
277 4136 475 4206 quippe
499 4132 815 4205 reputanda
844 4140 930 4188 est
950 4173 964 4197 ,
996 4133 1161 4186 etiam
1191 4130 1410 4202 quando
1442 4131 1674 4200 quisque

133 4224 465 4284 hereditatem
515 4243 636 4283 non
682 4226 941 4282 continuo
969 4233 1391 4295 promereretur.
1427 4221 1673 4285 Fluctus,

135 4313 278 4388 inquit
298 4321 370 4390 (ν.
404 4320 499 4391 15)
520 4361 538 4383 ,
578 4318 776 4389 ferocis
805 4317 992 4370 maris.
1027 4315 1122 4370 His
1149 4315 1329 4370 verbis
1354 4313 1522 4367 vitam
1547 4329 1678 4384 gen—

131 4407 254 4463 tilem
303 4413 627 4484 signiﬁcat,
671 4424 902 4480 quorum
951 4407 1265 4462 ambitionis
1300 4405 1677 4461 abominabilis

131 4509 194 4552 est
212 4500 338 4558 ﬁnis.
366 4502 566 4558 Sidera
596 4501 860 4564 errantia,
886 4499 990 4553 hoc
1021 4504 1105 4552 est
1171 4504 1422 4551 errantes
1461 4503 1516 4550 et
1557 4509 1680 4563 apo-

131 4595 270 4648 statas
291 4595 597 4667 signiﬁcat,
637 4609 707 4648 ex
735 4589 1049 4660 huiusmodi
1081 4589 1254 4645 stellis
1285 4595 1433 4653 sunt,
1458 4586 1550 4657 qui
1578 4601 1676 4640 an-

132 4684 334 4750 Selorum
367 4688 628 4744 cecidere
660 4685 730 4740 de
759 4685 1006 4748 sedibus,
1041 4681 1229 4753 quibus
1253 4722 1269 4746 ,
1298 4686 1518 4752 propter
1543 4692 1677 4748 apo-

129 4779 348 4847 stasiam,
386 4781 570 4851 caligo
609 4776 945 4833 tenebrarum
975 4782 1274 4829 reservatur
1310 4772 1366 4824 in
1408 4770 1680 4841 sempiteru

1482 414 1926 478 FRAGMENTA.

1531 546 1644 598 vin-
1673 546 1718 603 Α
1747 553 1898 594 num.
1917 529 2255 601 Prophetavit
2271 535 2441 581 autem
2458 523 2519 578 de
2531 523 2613 578 his
2633 481 2904 591 septimus,
2919 514 3094 586 inquit
3118 511 3321 579 (v.14),

3221 392 3325 448 734

1753 629 1818 682 ab
1843 627 2018 680 Adam
2041 621 2240 676 Enoch.
2267 618 2362 673 His
2389 616 2570 671 verbis
2616 611 2950 682 prophetiam
2984 601 3323 672 comprobat.

1752 721 1880 785 Isti,
1913 718 2090 788 inquit
2121 715 2193 784 (v.
2224 713 2336 779 19),
2370 714 2697 776 segregantes
2727 744 2742 765 ,
2779 701 2965 754 ﬁdeles
2995 698 3063 751 ab
3090 693 3326 749 inﬁdeli-

1754 816 1883 877 bus,
1939 787 2238 866 secundum
2291 805 2568 874 propriam
2625 796 2995 851 inﬁdelitatem
3025 787 3321 857 redarguti.

1755 903 1822 957 Et
1851 905 2045 957 iterum
2101 899 2482 952 discernentes
2521 906 2551 944 a
2600 889 2879 943 carnibus.
2914 881 3209 941 Animales,
3242 879 3328 931 in-

1757 995 1877 1065 quit
1906 991 2109 1062 (ibid.),
2144 988 2400 1057 Spiritum
2453 1001 2555 1038 non
2608 979 2853 1033 habentes
2883 990 2900 1026 :
2932 973 3189 1042 Spiritum
3219 967 3330 1023 sci-

1760 1061 1889 1138 licet
1912 1061 2003 1152 qui
2035 1088 2118 1136 est
2151 1094 2246 1148 per
2275 1077 2431 1130 ﬁdem
2475 1071 2769 1129 secundum
2804 1081 2958 1120 usum
2985 1061 3211 1132 iustitia?
3234 1075 3336 1112 su-

1760 1175 2104 1246 perveniens.
2146 1171 2249 1224 Vos
2280 1177 2484 1227 autem,
2518 1163 2694 1233 inquit
2721 1162 2795 1229 (ν.
2835 1159 2926 1226 20)
2949 1199 2962 1221 ,
2995 1152 3291 1208 charissirni
3311 1191 3326 1215 ,

1763 1262 2243 1334 superwdiﬁcantes
2282 1258 2618 1323 vosmetipsos
2648 1249 2987 1306 sanctissima
3033 1253 3204 1298 vestra
3229 1238 3332 1307 ﬁde

1763 1332 2058 1424 iri-Spiritu
2109 1362 2315 1407 sancto.
2359 1345 2629 1414 Quosdam
2662 1351 2868 1404 autem,
2904 1337 3079 1406 inquit
3108 1334 3183 1404 (ν.
3213 1332 3327 1402 2i),

1763 1449 1964 1504 salvate
2016 1445 2080 1499 de
2125 1445 2240 1514 igne
2282 1443 2541 1510 rapientes
2578 1441 2651 1506 (v.
2692 1434 2783 1504 Q2)
2812 1473 2826 1497 ,
2872 1428 3186 1502 quibusdam
3214 1442 3332 1479 vero

1764 1539 2082 1597 miseremini
2111 1539 2163 1590 in
2193 1536 2408 1604 timore,
2441 1533 2493 1586 id
2523 1540 2608 1586 est
2665 1544 2758 1584 eos
2800 1526 2892 1596 qui
2933 1525 2989 1578 in
3029 1524 3206 1592 ignem
3239 1534 3326 1572 ca-

1765 1637 1930 1697 dunt,
1982 1628 2227 1686 doceatis
2269 1634 2327 1680 ut
2381 1624 2704 1692 semetipsos
2753 1619 3004 1672 liberent.
3048 1611 3330 1670 0dientes.

1766 1728 1942 1797 inquit
1973 1727 2047 1795 (v.
2080 1721 2196 1791 25),
2219 1735 2335 1773 eam
2384 1732 2498 1788 qua:
2527 1712 2760 1768 carnalis
2790 1718 2866 1763 est
2896 1707 3219 1760 maculatam
3248 1709 3333 1753 tu—

1767 1822 1972 1880 nicam;
2003 1817 2195 1869 anima:
2218 1810 2470 1866 videlicet
2503 1806 2686 1860 tunica
2715 1800 2927 1855 macula
2956 1803 3070 1860 est,
3105 1792 3332 1863 spiritus

1699 1887 1737 1940 Β
1769 1908 2232 1981 concupiscentiis
2261 1903 2502 1975 pollutus
2533 1895 2864 1952 carnalibus.
2908 1889 2974 1943 Ei
3015 1897 3217 1952 autem,
3246 1884 3333 1936 in-

1767 2005 1886 2075 quit
1925 1975 1998 2074 (v.
2033 1982 2161 2067 24):
2218 1999 2306 2068 qui
2353 2003 2532 2063 potens
2562 1999 2638 2045 est
2667 2000 2968 2042 conservare
2995 1998 3082 2036 vos
3112 1980 3224 2032 sine
3249 1975 3335 2047 of-

1766 2097 2021 2167 fensione,
2056 2101 2104 2146 et
2136 2089 2453 2144 constituere
2497 2094 2618 2138 ante
2642 2088 2971 2150 conspectum
3017 2074 3200 2144 gloriw
3222 2084 3334 2124 sua

1768 2166 2134 2242 immaculatos
2163 2183 2216 2235 in
2250 2180 2455 2235 lcetitia.
2509 2175 2571 2230 In
2629 2181 2924 2240 conspectu
2985 2166 3168 2237 gloria:
3221 2176 3334 2217 sua:

1768 2281 1922 2344 dicit,
1950 2291 2135 2332 coram
2177 2273 2403 2343 angelis.
2459 2267 2844 2325 lmmaculatos
2897 2269 3074 2316 autem
3125 2255 3335 2310 consti-

1769 2369 2018 2431 tuendos,
2056 2366 2278 2437 angelos
2305 2363 2502 2424 factos,
2551 2373 2676 2413 cum
2731 2355 2864 2410 dicit
2914 2350 3101 2406 Daniel
3146 2349 3214 2401 de
3240 2360 3334 2414 po-

1767 2463 1918 2534 pulo,
1948 2468 2002 2515 et
2024 2459 2173 2515 venit
2203 2459 2256 2510 in
2287 2461 2587 2524 conspectu
2615 2449 2831 2504 Domini
2862 2488 2876 2510 ,
2909 2460 3015 2500 non
3059 2444 3164 2497 hoc
3201 2439 3335 2495 dicit

1766 2553 2024 2624 quoniam
2054 2550 2192 2604 vidit
2241 2548 2443 2607 Deum:
2496 2545 2601 2599 hoc
2629 2543 2773 2598 enim
2803 2535 3138 2608 impossibile
3164 2540 3248 2588 est
3277 2539 3336 2585 ut

1767 2646 2000 2716 quisque
2051 2658 2160 2697 non
2189 2640 2394 2695 mundo
2421 2638 2588 2693 corde
2638 2636 2817 2690 videat
2864 2631 3031 2685 Deum
3061 2647 3073 2682 :
3106 2626 3200 2681 sed
3235 2626 3335 2679 hoc

1768 2715 1930 2798 dicit,
1969 2734 2097 2803 quia
2125 2738 2324 2786 cuncta
2355 2742 2697 2799 quascunque
2727 2723 2960 2778 faciebat
2989 2719 3253 2791 populus,
3281 2715 3334 2768 in

1767 2831 2064 2894 conspectu
2093 2829 2249 2877 erant
2279 2820 2393 2880 Dei,
2428 2826 2481 2874 et
2527 2816 2817 2871 manifesta
2849 2814 2926 2868 illi
2965 2809 3291 2866 constabant
3319 2824 3333 2868 ;

1768 2917 1870 2971 hoc
1897 2923 1981 2970 est
2007 2914 2263 2985 quoniam
2312 2911 2448 2965 nihil
2495 2907 2876 2964 absconditum
2901 2912 2986 2959 est
3014 2919 3042 2955 a
3084 2897 3334 2953 Domino.

1767 3006 1825 3062 ln
1859 3006 2151 3076 Evangelio
2180 3019 2309 3058 vero
2363 3002 2663 3058 secundum
2697 2997 2935 3051 Marcum
2971 2995 3338 3059 interrogatus

1769 3095 2032 3151 Dominus
2073 3110 2102 3148 a
2150 3094 2395 3164 principe
2425 3091 2770 3146 sacerdotum
2800 3089 2845 3140 si
2878 3088 2986 3154 ipse
3013 3091 3147 3136 esset
3179 3078 3338 3136 Chri—

1945 3189 2120 3244 Filius
2163 3189 2259 3242 Dei
2318 3186 2602 3250 benedicti;
2639 3180 2950 3252 respondens
2981 3177 3119 3230 dixit
3157 3189 3178 3229 :
3225 3173 3337 3244 Ego

1771 3299 1908 3346 sum,
1943 3292 1992 3336 et
2024 3280 2260 3335 videbitis
2293 3278 2493 3332 Filium
2523 3277 2749 3330 hominis
2785 3291 2818 3328 a
2853 3270 3052 3326 dextris
3079 3267 3336 3321 sedentem

1772 3375 1978 3428 virtutis
2008 3386 2056 3429 ε.
2098 3374 2323 3426 Virtutes
2355 3381 2534 3425 autem
2577 3367 2886 3439 signiﬁcant
2915 3369 3134 3418 sanctos
3173 3374 3338 3428 ange-

1771 3463 1872 3520 los.
1901 3465 2135 3522 Proinde
2167 3465 2330 3519 etiam
2367 3477 2490 3517 cum
2531 3461 2662 3515 dicit
2692 3476 2722 3511 a
2751 3457 2948 3511 dextris
2975 3454 3090 3514 Dei,
3119 3451 3336 3507 eosdem

1772 3558 1921 3629 ipsos
1971 3559 2104 3613 dicit
2141 3565 2364 3628 propter
2407 3553 2771 3624 aequalitatem
2829 3557 2883 3603 et
2928 3543 3340 3602 similitudinem

1773 3653 2142 3721 angelicarum
2176 3657 2602 3716 sanctarumque
2631 3644 2894 3698 virtutum
2927 3639 3018 3711 qui
3055 3637 3340 3692 nominan-

1772 3751 1862 3798 tur
1893 3744 2112 3798 nomine
2143 3742 2255 3797 Dei.
2298 3741 2436 3795 Eum
2477 3754 2606 3810 ergo
2639 3738 2814 3792 sedere
2859 3737 2912 3787 in
2962 3732 3150 3786 dextra
3185 3728 3339 3788 dicit,

1773 3838 1879 3891 hoc
1907 3843 1992 3891 est
2040 3835 2094 3889 in
2142 3835 2400 3889 eminenti
2447 3833 2653 3885 honore
2706 3827 3067 3897 requiescere.
3109 3821 3168 3875 In
3217 3820 3342 3874 aliis

1775 3939 1956 3985 autem
1990 3927 2295 3997 Evangeliis
2346 3925 2548 3979 dicitur
2603 3918 2833 3991 principi
2890 3914 3229 3971 sacerdotum
3259 3911 3341 3963 in-

1775 4021 2072 4092 terroganti
2107 4022 2152 4075 si
2184 4020 2298 4088 ipse
2327 4024 2474 4072 esset
2502 4015 2675 4068 Filius
2723 4012 2854 4074 Dei,
2902 4023 3011 4062 non
3065 4021 3095 4060 e
3149 4011 3340 4058 contra

1774 4113 2140 4185 respondisse.
2200 4109 2305 4164 Sed
2346 4107 2475 4179 quid
2517 4105 2698 4160 dixit?
2751 4103 2853 4156 Vos
2911 4100 3085 4153 dicitis
3110 4098 3160 4150 ι).
3196 4095 3341 4150 Satis

1777 4205 1913 4259 bene
1951 4201 2309 4271 respondens.
2368 4198 2425 4251 Si
2448 4197 2593 4251 enim
2626 4194 2852 4257 diceret,
2885 4191 3030 4245 sicut
3057 4201 3154 4242 vos
3183 4185 3343 4239 intel-

1777 4295 1946 4366 ligitis
1968 4333 1982 4356 ,
2012 4291 2339 4346 mentiretur
2382 4287 2569 4357 utique
2618 4300 2726 4338 non
2760 4297 2820 4336 se
2850 4278 3114 4336 conﬁtens
3143 4276 3340 4330 Filium

1779 4386 1894 4452 Dei,
1927 4385 2001 4439 illi
2050 4400 2156 4438 non
2193 4383 2266 4435 ita
2297 4381 2364 4435 de
2410 4379 2504 4434 illo
2543 4376 2877 4440 sentiebant;
2923 4372 3108 4426 dicens
3137 4377 3339 4432 autem,

1781 4495 1868 4534 vos
1906 4477 2105 4540 dicitis,
2135 4490 2261 4529 vere
2290 4473 2506 4526 locutus
2553 4477 2656 4524 est.
2703 4465 2856 4534 Quod
2904 4465 3048 4521 enim
3102 4477 3210 4518 non
3257 4476 3344 4516 sa-

1710 4547 1752 4602 Ῑ)
1785 4573 2025 4644 piebant,
2061 4568 2240 4622 verbis
2271 4565 2553 4627 dicebant,
2584 4563 2686 4618 hoc
2719 4561 2811 4618 ille
2846 4573 3030 4616 verum
3062 4572 3187 4614 esse
3214 4569 3341 4609 con-

1784 4663 1961 4718 fessus
1993 4668 2094 4715 cst.

1661 5077 1772 5137 Ill.

653 5209 1008 5274 EIUSDEM
1039 5203 1719 5267 ADUMBRATIONES
1753 5202 1832 5262 ΙΝ
1886 5193 2342 5260 EPISTOLAM
2383 5191 2410 5251 ι
2444 5187 2788 5250 JOANNIS.

178 5343 324 5415 370
352 5349 413 5408 »Β
441 5339 588 5411 Cap.
623 5356 662 5405 ι,
688 5355 742 5393 v.
769 5338 792 5391 1
829 5367 899 5378 --
943 5335 1095 5402 Quod
1120 5343 1233 5389 erat
1259 5333 1322 5386 ab
1350 5333 1519 5395 initio,
1553 5331 1690 5402 quod
1795 5327 2122 5400 principium
2143 5321 2506 5394 generationis
2538 5324 2845 5388 separatum
2876 5314 2943 5366 ab
2963 5308 3170 5381 Opiﬁcis
3200 5308 3356 5378 prin—

124 5434 319 5490 ridimus
379 5434 556 5490 oculis
584 5431 804 5492 nostris,
834 5428 971 5499 quod
1000 5427 1312 5481 audivimus.
1344 5400 1695 5493 Consequens
1794 5420 1937 5489 cipio
1966 5433 2078 5471 non
2111 5423 2214 5471 est.
2249 5415 2383 5469 Cum
2433 5412 2578 5467 enim
2609 5409 2740 5463 dicit
2773 5404 2909 5477 quod
2941 5413 3053 5458 erat
3085 5403 3148 5456 ab
3179 5400 3349 5463 initio,

124 5517 446 5597 Erangelium
463 5522 780 5582 secundum
798 5520 1083 5583 Joannem,
1111 5526 1164 5573 et
1185 5517 1516 5572 conveniens
1531 5515 1690 5569 etiam
1791 5511 2197 5582 generationem
2229 5507 2404 5577 tangit
2449 5507 2566 5560 sine
2594 5502 2863 5573 principio
2890 5498 3008 5552 Filii
3038 5512 3161 5550 cum
3193 5494 3354 5549 Patre

126 5612 215 5668 hac
230 5616 469 5686 Epistola
491 5615 831 5686 principium
851 5613 1094 5682 spiritale
1114 5607 1537 5674 continet.Quod
1559 5621 1690 5676 ergo
1789 5603 1952 5658 simul
1980 5601 2247 5657 cxstantis
2280 5620 2294 5656 :
2335 5606 2455 5655 erat
2500 5611 2628 5668 ergo
2650 5594 2889 5649 Verbum
2920 5588 3234 5645 aeternitatis
3268 5585 3337 5641 si-

125 5704 235 5765 dicit
258 5710 320 5765 ab
350 5710 534 5775 initio,
556 5709 666 5762 hoc
690 5705 851 5762 modo
883 5706 1166 5777 presbyter
1185 5702 1510 5773 exponebat,
1535 5699 1680 5769 quod
1787 5695 2158 5767 gniticativum
2188 5708 2295 5748 non
2329 5693 2576 5747 habentis
2598 5689 2832 5751 initium,
2861 5684 3005 5741 sicut
3027 5681 3185 5736 etiam
3218 5677 3345 5733 Ver-

187 5875 208 5904 ι
244 5864 407 5923 Marc.
438 5883 560 5933 xiv,
605 5862 790 5918 61-63.
866 5861 892 5901 ι’
933 5859 1123 5914 Matth.
1164 5858 1309 5922 xm,
1345 5857 1433 5912 64.
1514 5862 1570 5920 >11
1612 5851 1667 5907 Ρ.

1767 5857 1826 5912 99
1893 5851 1997 5907 ΕΙ).
2045 5846 2338 5904 ΡΟΤΤΕΒ.
