3818 6548
459 366 566 420 75ῗὶ

1689 366 2080 423 CLEMENTlS
2116 367 2577 433 ALEXANDRINI

3593 375 3700 433 736

459 486 586 540 bum
616 485 818 554 ipsum,
845 482 947 538 hoc
977 490 1064 540 est
1090 481 1263 538 Filius
1295 483 1391 540 Dei
1422 486 1722 540 secundum
1748 487 2029 557 mqualita-
2055 491 2100 548 Α
2129 487 2383 540 stantiam
2439 491 2492 540 et
2547 500 2668 539 cum
2705 485 2967 555 subjectis
2996 485 3200 555 angelis
3231 493 3283 539 et
3322 486 3696 558 archangelis,

459 586 566 632 tem
591 577 910 633 substantia:
931 592 1098 631 unum
1123 591 1245 630 cum
1267 577 1427 633 Patre
1447 579 1716 641 consistit.
1741 581 2023 650 sempiter-

459 686 589 724 num
618 676 701 724 est
737 677 791 724 et
820 668 1079 724 infectum
1115 688 1128 722 ε
1165 670 1310 737 quod
1351 686 1565 739 semper
1615 679 1732 726 erat
1761 670 2019 737 Verbum,

457 760 797 830 signiﬁcatur
826 761 1055 814 dicendo
1080 800 1096 824 ,
1131 760 1184 812 in
1233 761 1488 830 principio
1534 769 1649 813 erat
1709 759 1936 815 Verbum
1968 775 2018 818 ι.

459 849 613 918 Quod
665 867 792 906 vero
843 851 1017 913 dixit,
1044 851 1182 921 quod
1213 851 1435 906 vidimus
1464 853 1630 906 oculis
1661 855 1886 916 nostris,
1913 853 2021 908 Do-

459 943 590 997 mini
620 943 889 1013 signiﬁcat
918 943 975 996 in
1009 958 1174 996 carne
1206 945 1546 1012 pnesentiam
1573 983 1588 1008 ,
1621 955 1672 998 et
1699 962 1906 1007 ntanus,
1939 947 2022 1000 in-

458 1033 578 1102 quit
635 1033 836 1105 (ibid.),
878 1043 1073 1088 nostrw
1103 1044 1558 1088 contrectaverunt
1587 1034 1650 1090 de
1699 1036 1850 1091 verba
1881 1039 2018 1092 vita.

458 1119 577 1178 Non
611 1125 787 1179 solum
813 1139 1032 1178 carnem
1050 1125 1298 1194 ejus,sed
1329 1125 1490 1180 etiam
1522 1127 1749 1184 virtutes
1775 1129 2021 1199 ejusdem

460 1214 582 1268 Filii
618 1216 909 1285 signiﬁcat,
937 1218 1077 1271 sicut
1111 1217 1296 1272 radius
1329 1219 1462 1273 solis
1491 1235 1664 1288 usque
1692 1219 1758 1272 ad
1795 1220 1907 1275 haec
1939 1223 2022 1275 in-

461 1306 584 1360 ﬁma
617 1307 733 1360 loca
763 1309 1156 1376 pertransiens,
1185 1308 1276 1378 qui
1309 1307 1493 1364 radius
1525 1309 1575 1362 in
1609 1325 1771 1365 carne
1803 1311 2042 1368 veniens‘

459 1399 747 1468 palpabilis
770 1398 946 1454 factus
975 1409 1058 1454 est
1089 1399 1389 1469 discipulis.
1425 1398 1618 1455 Fertur
1658 1416 1787 1472 ergo
1828 1403 1883 1457 in
1914 1411 2022 1457 tra-

459 1489 775 1553 ditionibus,
809 1490 1066 1560 quoniam
1115 1489 1354 1546 Joannes
1399 1491 1575 1560 ipsum
1625 1507 1828 1563 corpus
1876 1495 2022 1564 quod

459 1589 577 1634 erat
604 1581 947 1636 extrinsecus
971 1590 1220 1652 tangens,
1243 1599 1461 1636 manum
1489 1599 1644 1637 suam
1677 1583 1732 1638 in
1755 1584 2023 1654 profunda

458 1671 692 1736 misisse,
726 1681 780 1727 et
803 1673 853 1727 ei
883 1673 1139 1726 duritiam
1172 1674 1355 1728 carnis
1398 1675 1548 1728 nullo
1597 1676 1757 1730 modo
1791 1678 2025 1732 relucta-

458 1769 568 1815 tam
601 1779 742 1829 esse,
775 1764 868 1819 sed
925 1765 1102 1818 locum
1163 1766 1348 1819 manui
1401 1767 1699 1836 praebuisse
1746 1769 2019 1840 discipuli.

2121 591 2245 630 cum
2275 577 2473 646 qui-bus
2512 584 2775 630 vocantur
2810 577 3106 647 acquivoce,
3140 576 3380 632 diversas
3410 581 3700 648 operatio-

2120 683 2218 722 nes
2249 668 2507 724 elliciunt.
2544 665 2635 722 Sic
2671 669 2835 722 etiam
2888 677 2942 724 et
2989 667 3202 740 Moyses
3237 669 3456 726 Michael
3506 673 3701 741 angeli

2119 759 2376 814 virtutem
2407 775 2502 829 per
2530 759 2771 816 vicinum
2813 761 2917 817 sibi
2946 769 2999 817 et
3034 762 3273 816 inﬁmum
3306 765 3563 834 angelum
3599 781 3701 818 vo-

2116 858 2228 930 μί.
2248 850 2511 907 Similiter
2533 869 2754 924 quoque
2771 854 2824 907 in
2848 854 3123 925 prophetis
3140 857 3339 911 sanctis
3352 858 3701 921 invenimus,

2092 935 2214 995 “Sed
2245 941 2413 1013 Moysi
2463 942 2681 1013 quidem
2731 945 3071 1016 propinquus
3111 960 3174 1000 ac
3217 946 3425 1002 vicinus
3451 950 3703 1018 angelus

2121 1033 2389 1101 apparuit.
2422 1031 2707 1090 Exaudivit
2737 1051 2884 1101 eum,
2915 1044 2968 1091 et
2994 1037 3209 1092 locutus
3235 1038 3284 1092 ei
3312 1037 3553 1109 Moyses,
3581 1056 3704 1092 ma-

2120 1123 2315 1180 nifeste
2346 1125 2482 1180 facie
2513 1126 2578 1180 ad
2630 1127 2844 1182 faciem.
2888 1129 3025 1183 Aliis
3073 1137 3250 1184 autem
3295 1130 3590 1200 prophetis
3614 1147 3707 1185 se-

2122 1214 2358 1269 cundum
2415 1218 2783 1286 operationem
2850 1221 3163 1289 angelorum
3224 1229 3409 1275 motus"
3458 1222 3704 1293 quidam

2123 1303 2316 1370 ﬁebat,
2352 1308 2516 1362 veluti
2564 1309 2900 1363 audientium
2933 1325 2997 1363 ac
3026 1311 3341 1366 videntium.
3389 1313 3620 1367 Idcirco
3649 1323 3704 1368 et

2122 1395 2225 1449 soli
2253 1397 2545 1453 audiebant
2571 1437 2585 1463 ,
2616 1400 2827 1470 solique
2877 1402 3201 1466 cernebant,
3246 1403 3387 1458 sicut
3416 1414 3470 1458 et
3503 1405 3570 1458 in
3599 1403 3704 1458 Sa-

2123 1486 2299 1542 muele
2350 1488 2727 1546 manifestatur
2752 1502 2776 1530 θ
2803 1511 2817 1559 ;
2853 1490 3080 1548 Elisaeus
3122 1494 3281 1548 etiam
3311 1495 3457 1550 solus
3486 1497 3703 1550 audie-

2121 1577 2214 1632 bat
2238 1595 2420 1635 vocem
2441 1620 2457 1646 ,
2486 1597 2592 1652 qua
2620 1592 2844 1639 vocatus
2872 1591 2955 1640 est
2990 1583 3010 1623 τ
3026 1625 3038 1636 .
3095 1583 3151 1639 Si
3186 1595 3362 1642 autem
3399 1598 3560 1642 esset
3592 1605 3706 1641 ma.

2123 1669 2320 1726 nifcsta
2351 1679 2406 1726 et
2438 1677 2744 1731 communis
2783 1692 2909 1740 vox,
2942 1676 3011 1731 ab
3040 1676 3293 1732 omnibus
3323 1680 3704 1748 prasentibns

2126 1761 2438 1829 audiretur;
2490 1780 2637 1818 nunc
2696 1773 2876 1820 autem
2920 1780 2951 1819 a
2983 1767 3101 1821 solo
3135 1767 3188 1820 in
3221 1782 3328 1838 quo
3355 1769 3707 1836 operabatur

457 1851 686 1923 PrOpter
713 1855 859 1925 quod
890 1863 943 1910 ct
975 1855 1178 1911 infert:
1212 1855 1280 1910 Et
1301 1874 1487 1912 ntartus
1518 1871 1711 1913 nostra:
1731 1869 2023 1914 contrecta-
2057 1845 2096 1900 Β
2124 1860 2305 1907 ηιοῑυε
2335 1853 2428 1923 qui
2458 1855 2527 1908 ab
2578 1857 2772 1925 angelo
2803 1856 2986 1919 ﬁebat.
3019 1857 3202 1911 audita
3231 1866 3333 1913 est.
3361 1856 3483 1911 Non
3519 1859 3704 1912 solum

457 1957 638 1999 verunt
669 1945 730 2000 de
762 1946 913 2000 uerbo
959 1948 1078 2002 vine
1108 1963 1126 2000 :
1157 1950 1564 2006 contrectabilis
1618 1951 1803 2021 utique
1847 1951 2023 2008 factus

457 2045 542 2090 est
570 2037 663 2105 qui
698 2037 844 2092 venit
872 2038 926 2091 in
957 2054 1142 2103 carne,
1182 2040 1324 2093 sicut
1356 2050 1403 2094 et
1435 2042 1539 2094 vita
1567 2058 1682 2112 qua:
1710 2043 2022 2113 ntanifesta-

459 2139 511 2179 ta
542 2137 620 2182 est
641 2129 714 2198 (v.
739 2128 816 2199 2).
841 2129 974 2183 Nam
1005 2139 1060 2185 et
1083 2132 1138 2184 in
1168 2131 1460 2202 Evangelio
1492 2135 1572 2188 sic
1605 2135 1770 2188 dicit:
1803 2134 1869 2188 Et
1889 2136 2026 2206 quod

458 2219 658 2288 factum
680 2229 792 2285 est,
823 2222 875 2274 in
909 2224 1021 2290 ipso
1056 2225 1162 2276 vita
1203 2235 1337 2287 erat,
1371 2237 1419 2279 et
1448 2227 1553 2279 vita
1585 2236 1696 2280 erat
1732 2227 1824 2280 lux
1859 2227 2028 2283 homi—

459 2326 583 2363 num
617 2312 667 2365 δ.
700 2310 767 2364 Et
821 2315 1157 2378 nuntiamus,
1224 2317 1396 2386 inquit
1437 2318 1640 2389 (ibid.),
1674 2321 1814 2375 vobis
1865 2322 2027 2377 vitam

459 2410 710 2455 (sternam
737 2420 851 2473 qua:
869 2411 982 2457 erat
998 2406 1138 2474 apud
1167 2405 1405 2473 Patrem,
1431 2410 1671 2477 etpalam
1698 2411 1842 2480 facta
1864 2412 2025 2468 vobis.

459 2489 638 2548 Patris
686 2495 1048 2564 appellatione
1108 2498 1422 2567 signiﬁcat,
1465 2502 1720 2570 quoniam
1768 2511 1821 2558 et
1857 2503 2027 2560 Filius

459 2600 675 2656 semper
725 2597 842 2642 erat
877 2590 996 2644 sine
1035 2589 1208 2644 initio.
1255 2591 1394 2658 Quia
1431 2592 1606 2662 Deus,
1640 2596 1815 2666 inquit
1845 2597 1918 2667 (v.
1949 2599 2026 2669 5),

459 2675 634 2730 lumen
661 2687 781 2744 est;
835 2696 946 2735 non
996 2687 1290 2739 essentiam
1323 2685 1560 2739 divinam
1616 2688 1892 2756 exprimit,
1933 2689 2027 2744 sed

457 2766 735 2826 declarare
765 2772 952 2828 volens
986 2775 1323 2844 majestatem
1360 2777 1475 2842 Dei,
1529 2777 1673 2848 quod
1705 2779 1898 2836 melius
1946 2787 2030 2836 est

459 2864 516 2912 et
562 2861 918 2918 excellentius
981 2867 1123 2935 apud
1177 2866 1425 2924 homines
1483 2870 1699 2939 proprie
1759 2869 2030 2925 divinitati

457 2951 748 3020 coaptavit.
778 2952 868 3010 Sic
889 2964 942 3010 et
965 2955 1165 3012 Paulus
1195 2959 1366 3013 lumen
1396 2975 1591 3014 vocans
1609 2961 2026 3018 inaccessibile'.

461 3039 568 3098 Sed
598 3051 653 3098 et
684 3045 799 3116 ipse
835 3045 1073 3104 Joannes
1124 3051 1180 3105 in
1223 3051 1411 3106 eadem
1453 3053 1569 3122 ipsa
1605 3052 1866 3123 Epistola,
1898 3051 2031 3108 Οἰα-

458 3136 629 3200 ritas,
671 3137 884 3208 inquit,
920 3140 1059 3194 Deus
1094 3141 1249 3209 estd;
1291 3144 1523 3200 virtutes
1561 3146 1875 3215 significans
1904 3146 2025 3210 Dei,

459 3229 715 3298 quoniam
749 3232 990 3288 clemens
1017 3244 1100 3288 est
1131 3243 1184 3289 et
1215 3236 1546 3298 misericors,
1582 3245 1635 3290 et
1664 3239 1788 3308 quia
1822 3240 2023 3308 lumen,

459 3319 566 3374 hoc
595 3329 679 3375 est
723 3320 904 3391 justus
938 3324 1236 3379 secundum
1264 3325 1563 3395 profectum
1595 3329 1760 3382 animi
1785 3345 1879 3398 per
1899 3331 2029 3385 cha-

457 3411 676 3464 ritatem
717 3413 1024 3469 constituit.
1058 3413 1264 3470 Lumen
1299 3432 1428 3487 ergo
1489 3416 1632 3473 Deus
1676 3420 1768 3488 qui
1817 3430 1896 3474 est
1937 3421 2022 3474 in-

454 3503 792 3559 enarrabilis
822 3505 1122 3559 secundum
1151 3507 1416 3562 rationem
1455 3510 1776 3564 substantia:
1805 3530 1816 3565 :
1865 3510 1932 3564 Et
1957 3521 2030 3566 te-

455 3591 654 3654 nebrte,
688 3593 864 3663 inquit
889 3595 1094 3663 (ibid.),
1119 3597 1174 3649 in
1194 3615 1254 3652 eo
1280 3609 1402 3652 sunt
1441 3599 1622 3662 nullaz,
1651 3601 1753 3654 hoc
1778 3612 1860 3655 est
1881 3603 2028 3656 nulla

457 3682 765 3749 iracundia,
820 3686 966 3739 nulla
1017 3688 1240 3757 passio,
1293 3691 1439 3743 nulla
1499 3691 1643 3745 circa
1699 3708 2027 3763 quemquam

465 3775 591 3829 mali
644 3777 876 3832 retentio
928 3779 1135 3833 nullum
1195 3781 1460 3849 perdens,
1519 3782 1614 3836 sed
1668 3785 1881 3839 cunctis
1937 3800 2027 3840 sa-

459 3866 628 3920 lutem
698 3867 962 3927 tribuens.
1048 3867 1254 3924 Lumen
1323 3880 1505 3926 autem
1562 3874 1874 3944 significat,
1944 3877 2030 3932 vel

459 3966 730 4028 pmoepta
792 3960 948 4030 legis,
1005 3961 1090 4016 vel
1128 3963 1308 4026 ﬁdem,
1355 3965 1437 4018 vel
1477 3963 1803 4019 doctrinam.
1853 3964 2029 4022 Tene-

459 4052 576 4107 brae
603 4066 731 4106 vero
761 4053 955 4107 horum
980 4056 1277 4120 contraria,
1308 4071 1418 4110 non
1443 4057 1605 4112 veluti
1638 4058 1805 4112 altera
1833 4059 1916 4112 via
1936 4058 2024 4114 sit.

458 4143 584 4199 .Una
627 4147 828 4217 quippe
888 4147 973 4201 via
1029 4154 1113 4202 est
1163 4148 1459 4203 secundum
1507 4159 1775 4220 praecepta
1824 4151 2026 4210 divina.

464 4237 653 4295 Monas
685 4255 921 4311 namque
964 4239 1058 4296 Dei
1088 4255 1225 4311 opus
1254 4249 1338 4296 est
1361 4282 1378 4305 ,
1411 4241 1545 4312 dyas
1579 4251 1756 4297 autem
1787 4251 1840 4298 et
1867 4244 2028 4313 quid-

463 4331 596 4400 quid
623 4340 820 4401 prteter
841 4332 1127 4387 monadem
1159 4341 1396 4397 constat,
1429 4350 1497 4388 ex
1523 4335 1647 4388 vita:
1677 4337 2029 4405 perversitate

463 4423 750 4492 contingit.
777 4423 844 4476 Et
860 4426 1075 4494 sanguis
1095 4423 1225 4479 Filii
1252 4425 1386 4494 ejus,
1413 4426 1587 4496 inquit
1619 4426 1692 4496 (v.
1721 4426 1794 4496 7),
1813 4428 2030 4481 mundat

2127 1954 2322 2008 autem,
2365 1945 2541 2015 inquit
2577 1944 2648 2017 (v.
2679 1945 2758 2017 2),
2807 1964 2900 2017 pro
2934 1949 3127 2002 nostris
3155 1951 3374 2018 peccatis
3425 1950 3704 2004 Dominus

2127 2037 2451 2106 propitiatur
2478 2048 2584 2100 est.
2615 2039 2719 2094 hoc
2751 2049 2834 2095 est
2864 2039 3122 2100 ﬁdelium,
3151 2043 3240 2096 sed
3268 2043 3424 2096 etiam
3455 2060 3567 2111 pro
3598 2053 3705 2096 toto

2127 2127 2352 2190 mundo;
2385 2129 2609 2198 proinde
2640 2131 2933 2186 universos
2954 2131 3172 2202 quidem
3201 2134 3390 2194 salvat,
3419 2134 3519 2188 sed
3561 2135 3704 2188 alios

2129 2233 2226 2286 per
2257 2219 2522 2288 supplicia
2557 2229 2882 2276 convertens
2907 2263 2921 2286 ,
2978 2223 3117 2278 alios
3165 2231 3340 2278 autem
3387 2234 3703 2294 spontanea

2128 2319 2481 2379 assequentes
2514 2312 2808 2376 voluntate,
2840 2325 3036 2368 etcum
3063 2313 3287 2370 honoris
3314 2313 3621 2385 dignitate,
3653 2328 3704 2368 st

2129 2417 2276 2455 omne
2303 2419 2433 2472 genu
2465 2404 2712 2472 ﬂectatur
2736 2406 2804 2473 ei,
2835 2406 3118 2460 ctrlestium
3139 2447 3153 2472 ,
3185 2408 3516 2461 terrestrium
3552 2419 3608 2461 et
3627 2410 3706 2461 in-

2126 2493 2394 2562 femorum
2426 2498 2488 2558 ες
2524 2497 2623 2550 hoc
2652 2505 2735 2551 est
2782 2498 2979 2568 angeli,
3011 2498 3259 2555 homines
3285 2506 3334 2554 et
3355 2499 3568 2554 anima!
3587 2517 3706 2570 qua

2131 2597 2255 2641 ante
2287 2586 2581 2642 adventum
2613 2588 2732 2658 ejus
2761 2589 2828 2644 de
2863 2591 2962 2644 hac
2994 2591 3102 2645 vita
3145 2591 3443 2661 migravere
3483 2603 3706 2661 tempo-

2128 2677 2248 2730 rali.
2287 2677 2432 2752 Et‘in
2459 2679 2556 2734 hoc
2576 2683 2931 2750 cognoscimus
2961 2683 3207 2752 quoniam
3257 2684 3491 2736 norimus
3561 2701 3701 2742 eum.

2129 2723 2248 2730 ---η
2287 2723 2351 2731 ---
2459 2723 2552 2734 .-π
2576 2723 2931 2750 “unum...”
2961 2723 3207 2752 Ἵππη...
3257 2723 3491 2736 ...........-
3561 2723 3701 2742 μη...

2128 2769 2176 2822 si
2200 2723 2451 2853 ma‘ta
2478 2771 2591 2839 ejus
2623 2772 2982 2828 custodiamus
3012 2774 3086 2842 (v.
3119 2774 3204 2843 5);
3237 2776 3327 2844 qui
3354 2776 3504 2829 enim
3544 2776 3704 2828 intel-

2129 2858 2410 2926 lector,est,
2430 2863 2615 2932 utique
2629 2875 2680 2917 et
2693 2878 2854 2933 opera
2873 2864 3077 2934 perﬁcit
3091 2881 3210 2935 quae
3226 2865 3494 2936 pertinent
3509 2867 3589 2919 ad
3606 2869 3704 2918 vir-

2129 2951 2263 3007 tutis
2296 2951 2548 3010 ollicium.
2581 2953 2683 3021 Qui
2711 2970 2839 3009 vero
2868 2971 3031 3025 opera
3055 2955 3355 3025 perﬁcitpis
3389 2971 3500 3009 non
3521 2960 3702 3011 conti-

2129 3060 2240 3099 nuo
2267 3044 2428 3100 etiam
2444 3045 2732 3100 intellector
2749 3046 2858 3116 (87)
2877 3054 2978 3102 est.
2998 3045 3180 3103 Potest
3203 3050 3341 3102 enim
3363 3063 3485 3102 esse
3517 3060 3702 3104 recta-

2129 3153 2249 3191 rum
2278 3138 2676 3208 operationum,
2707 3155 2813 3193 non
2842 3148 3022 3195 tamen
3054 3141 3462 3212 intelligibilium
3499 3158 3702 3198 saera-

2131 3237 2434 3284 mentorum
2465 3233 2748 3301 cognitor;
2781 3231 2997 3286 demum
3025 3233 3205 3288 sciens
3245 3233 3485 3304 quaedam
3531 3250 3701 3305 opera

2129 3321 2312 3391 perﬁci
2357 3323 2552 3378 timore
2592 3325 2867 3394 supplicii,
2917 3325 3165 3394 quaedam
3195 3341 3322 3381 vero
3348 3333 3595 3395 propter
3624 3343 3704 3382 re

2130 3413 2544 3484 promissionem
2577 3417 3055 3480 remunerationis,
3085 3417 3264 3479 docet,
3300 3418 3703 3488 perfectionem

2131 3503 2516 3559 intellectualis
2544 3505 2782 3561 hominis
2834 3522 2932 3577 per
2978 3507 3299 3562 charitatem
3340 3523 3512 3577 opera
3549 3525 3705 3564 com-

2131 3596 2362 3666 plentis:
2398 3596 2628 3667 proinde
2659 3599 2939 3668 subjungit
2966 3615 3029 3653 ac
3058 3599 3189 3654 dicit
3219 3601 3292 3668 (v.
3326 3600 3381 3669 5)
3404 3619 3415 3652 :
3441 3599 3562 3666 Qui
3589 3619 3704 3656 vero

2130 3689 2357 3742 custodit
2405 3690 2612 3743 verbum
2639 3691 2752 3759 ejus
2787 3707 2936 3755 rere;
2971 3693 3026 3745 in
3065 3691 3159 3745 hoc
3185 3693 3417 3746 charitas
3445 3691 3559 3747 Dei
3590 3709 3702 3760 per-

2131 3780 2266 3850 fecta
2295 3791 2393 3835 est.
2436 3780 2498 3834 In
2521 3782 2615 3835 hoc
2643 3783 2778 3836 enim
2801 3784 3182 3854 cognoscimus,
3211 3786 3456 3854 quoniam
3494 3786 3561 3838 in
3594 3788 3702 3854 ipse

2128 3889 2308 3928 sumus
2349 3875 2646 3930 secundum
2695 3875 2852 3931 ﬁdem
2909 3886 2962 3930 et
3012 3877 3308 3931 secundum
3341 3877 3698 3933 charizatem.

2132 3962 2252 4018 Non
2283 3966 2591 4020 mandatum
2634 3983 2819 4021 novum
2861 3967 3032 4022 scribo
3062 3967 3224 4031 vobis,
3262 3967 3350 4021 sed
3380 3970 3701 4022 mandatum

2129 4067 2270 4111 vetus
2315 4057 2452 4128 quod
2498 4058 2754 4113 habuistis
2787 4076 2819 4112 a
2865 4059 3120 4128 principio
3151 4060 3223 4130 (v.
3265 4059 3358 4129 7),
3391 4050 3492 4130 per
3526 4062 3700 4131 legem

2129 4147 2336 4203 scilicet
2389 4155 2442 4202 et
2485 4150 2793 4219 prophetas.
2847 4149 2951 4205 Ubi
3003 4150 3205 4204 dicitur
3233 4167 3366 4204 unus
3401 4159 3478 4204 est
3537 4151 3699 4205 Deus.

2128 4239 2337 4296 idcirco
2365 4254 2418 4296 et
2444 4241 2608 4296 infert
2641 4241 2818 4314 (ibid.)
2848 4260 2861 4296 :
2895 4242 3157 4309 Quoniam
3196 4240 3510 4296 mandatum
3559 4257 3702 4297 serus

2128 4343 2205 4387 est
2226 4333 2434 4387 verbum
2459 4333 2595 4404 quod
2632 4334 2877 4389 audistis.
2911 4333 3113 4390 lterum
3144 4342 3321 4388 autem
3353 4334 3486 4387 dicit
3516 4336 3592 4404 (v.
3621 4336 3699 4400 8):

2131 4425 2445 4479 Mandatum
2477 4435 2651 4479 autem
2683 4425 2778 4480 hoc
2801 4436 2878 4481 est
2909 4426 3046 4496 quod
3091 4427 3312 4480 tenebra:
3346 4429 3701 4485 transierunt,

464 4528 583 4566 nos.
619 4513 777 4584 371
806 4513 1060 4570 Doctrina
1083 4517 1282 4588 quippe
1315 4517 1527 4572 Domini
1557 4534 1677 4587 qua:
1693 4519 1846 4573 valde
1874 4519 2027 4576 fortis
2058 4527 2102 4583 Ι)
2132 4519 2494 4590 perversionis
2540 4519 2792 4584 scilicet,
2821 4528 2868 4573 et
2900 4519 3072 4574 tamen
3103 4537 3274 4574 verum
3304 4535 3422 4573 ecce
3441 4519 3561 4588 jam
3589 4520 3705 4572 cla-

463 4611 574 4671 est,
627 4606 849 4676 sanguis
882 4607 1002 4676 ejus
1046 4611 1310 4678 appellata
1338 4618 1443 4664 est.
1481 4607 1634 4674 Quod
1673 4609 1719 4662 si
1743 4608 2028 4666 dixerimus

463 4695 604 4766 quod
629 4713 730 4751 non
755 4700 1096 4768 peccavimus,
1123 4701 1418 4755 mendacem
1449 4701 1673 4771 facimus
1691 4712 1892 4767 eum,et
1918 4719 2030 4756 ver-

467 4785 590 4841 bum
610 4787 722 4856 ejus
761 4804 864 4842 non
886 4799 964 4843 est
991 4793 1044 4844 in
1090 4790 1238 4844 nobis
1265 4793 1338 4857 (v.
1368 4790 1444 4860 9).
1479 4791 1736 4846 Doctrina
1769 4793 1912 4860 ejus,
1944 4795 2027 4848 vi-

465 4877 662 4933 delicet
689 4879 804 4934 sive
836 4881 1058 4934 verbum
1079 4921 1094 4943 ,
1121 4883 1323 4937 veritas
1367 4890 1469 4938 est.
1507 4881 1572 4934 Et
1608 4884 1654 4936 si
1690 4885 1828 4952 quis,
1854 4885 2028 4954 inquit

467 4967 612 5038 (cap.
632 4983 692 5032 tt,
723 4985 776 5024 ν.
813 4969 886 5041 1),
915 4973 1234 5039 peccaverit,
1263 4974 1646 5028 consolatorem
1676 4975 1924 5030 habemus
1956 4977 2024 5030 ad

468 5056 686 5114 Patrem
711 5057 894 5114 Iesum
927 5060 1218 5118 Christum.
1255 5062 1408 5118 Sicut
1452 5066 1595 5120 enim
1627 5067 1768 5136 apud
1805 5065 2023 5121 Patrem

469 5153 782 5208 consolator
811 5161 896 5208 est
926 5171 1025 5224 pro
1055 5156 1214 5211 nobis
1243 5155 1536 5224 Dominus;
1568 5159 1648 5214 sic
1697 5159 1861 5214 etiam
1891 5174 2025 5213 con-

469 5241 674 5297 solator
698 5252 782 5298 est
810 5259 968 5313 quem
1018 5252 1142 5315 post
1195 5248 1620 5317 assumptionem
1652 5265 1803 5304 suam
1835 5249 2028 5319 digna-

468 5338 557 5388 tus
587 5343 670 5388 est
698 5334 930 5390 mittere.
965 5333 1058 5389 Hae
1097 5351 1332 5406 namque
1377 5337 1664 5406 primitivm
1694 5337 1926 5393 virtutes
1963 5354 2026 5392 ac

469 5425 645 5496 primo
664 5435 876 5491 creatae,
905 5427 1207 5483 immobiles
1222 5428 1546 5484 exsistentes
1569 5430 2031 5493 secundumsub-

547 5587 604 5644 »Β
627 5577 997 5652 P.1000.7E7l).
1027 5581 1318 5636 POTTER.
1362 5583 1562 5638 «Joan.
1589 5600 1627 5641 1.
1659 5585 1680 5638 1
1764 5585 1792 5624 ι)
1828 5571 1962 5641 lbid.
1994 5586 2048 5652 3,
2078 5587 2130 5641 ι.
2209 5601 2230 5629 ο
2266 5587 2286 5642 l
2319 5587 2458 5642 Tim.
2488 5603 2560 5650 vr,
2596 5585 2680 5642 16.
2754 5588 2781 5628 ἀ
2821 5587 3020 5644 lJoan.
3057 5604 3130 5652 Iv,
3162 5588 3248 5643 16.

473 5647 508 5704 3
535 5665 688 5720 seqq.
769 5654 790 5690 τ
830 5651 895 5704 l.l
926 5651 1059 5719 Reg.
1101 5669 1211 5732 II'X.
1289 5656 1314 5694 ⁸
1352 5654 1490 5708 Phil.
1521 5671 1582 5718 ll,
1613 5655 1699 5708 10.

545 5744 658 5814 (87)
689 5743 1012 5812 Gnosticus,
1041 5761 1106 5801 ex
1136 5745 1426 5805 Clementis
1463 5748 1711 5803 dialecto.

661 6511 886 6530 τἭ-*ιυ-
899 6507 1006 6517 -⁴·-··-·
1095 6515 1100 6517 ·

885 6532 1162 6540 ﬂ

2132 4612 2276 4675 ruit;
2329 4611 2627 4667 secundum
2676 4611 2832 4683 ﬁdem
2883 4613 3128 4677 scilicet,
3179 4613 3488 4668 secundum
3538 4614 3702 4667 intel-

2131 4700 2353 4765 lectum,
2387 4703 2687 4758 secundum
2717 4711 3122 4767 testamentum,
3155 4704 3460 4758 secundum
3493 4719 3703 4774 pmpao

2128 4801 2244 4846 rata
2267 4793 2471 4861 judicia
2502 4794 2556 4848 in
2585 4794 2901 4850 hominibus
2931 4810 3182 4865 operans.
3212 4793 3317 4860 Qui
3345 4794 3478 4846 dicit
3511 4811 3582 4852 se.
3617 4796 3704 4846 in-

2129 4881 2248 4950 quit
2279 4879 2352 4951 (v.
2384 4882 2461 4950 9),
2487 4883 2540 4935 in
2575 4882 2769 4937 lumine
2795 4901 2927 4949 esse,
2958 4885 3011 4937 in
3051 4883 3256 4937 lumine
3289 4883 3430 4937 dicit
3475 4885 3526 4938 in
3553 4885 3703 4936 veri-

2128 4985 2258 5032 tate.
2296 4976 2361 5030 Et
2385 4977 2607 5046 fratrem
2628 4994 2802 5043 suum,
2835 4978 3007 5047 inquit
3045 4977 3246 5048 (ibid.),
3286 4977 3421 5031 odit.
3454 4977 3701 5031 Fratrem

2126 5070 2375 5125 videlicet
2400 5069 2530 5125 dicit
2568 5087 2674 5124 non
2722 5071 2897 5124 solum
2943 5074 3268 5140 proximum.
3295 5069 3394 5125 sed
3428 5078 3484 5125 et
3512 5068 3698 5122 Domi-

2131 5177 2280 5216 num.
2299 5160 2543 5216 Oderunt
2571 5162 2712 5216 enim
2733 5177 2853 5216 eum
2870 5161 3135 5224 inﬁdeles,
3165 5170 3218 5214 et
3238 5176 3350 5215 non
3383 5159 3704 5217 custodien-

2130 5258 2212 5304 tes
2237 5249 2488 5304 mandata
2510 5251 2649 5320 ejus.
2673 5250 2901 5320 Propter
2923 5249 3064 5319 quod
3089 5250 3254 5304 etiam
3282 5249 3454 5304 infert
3478 5251 3540 5320 (v.
3569 5248 3697 5310 £0]:

2135 5342 2238 5408 Qui
2261 5342 2434 5412 diligit
2476 5343 2698 5412 fratrem
2752 5359 2926 5405 suum,
2970 5343 3024 5394 in
3069 5341 3267 5396 lumine
3311 5350 3617 5410 permanet,
3649 5351 3700 5392 et

2130 5434 2441 5490 scandalum
2470 5436 2523 5488 in
2560 5451 2619 5489 eo
2665 5451 2766 5488 non
2794 5443 2890 5489 est.
2935 5432 3144 5488 Deinde
3173 5431 3458 5503 profectus
3485 5438 3529 5484 et
3561 5446 3701 5500 pro-

3330 5596 3353 5623 ο
3394 5588 3411 5640 1
3441 5583 3566 5650 Reg.
3602 5596 3696 5646 tu,
