3840 6574
208 371 295 425 757
1551 377 1726 434 FRAC

1835 380 1995 438 NTA.

3323 401 3432 456 738

202 487 455 542 vectiones
483 489 754 559 signiﬁcat
779 492 1078 546 animarum
1111 492 1289 547 adhuc
1322 493 1374 546 in
1404 510 1568 550 carne
1599 496 1739 564 posi-
1771 500 1815 556 Α
1850 495 2071 560 virtute,
2113 509 2172 552 ut
2213 500 2384 570 ipsum
2413 503 2619 558 vultum
2659 506 2779 574 ejus
2806 507 3073 564 videamus
3119 512 3279 567 sicuti
3328 526 3431 580 est,

202 587 358 632 tarum
380 619 396 645 ,
432 586 486 632 et
515 581 715 648 ﬁliolas
748 583 964 652 quidem
997 601 1190 642 vorare
1240 601 1336 641 eos
1365 583 1583 656 quibus
1617 593 1746 641 sunt

200 670 406 726 remissa
437 681 663 740 peccata
691 689 912 745 propter
941 692 1135 732 nomen
1157 678 1402 742 Domini;
1436 693 1558 732 nam
1591 679 1747 732 multi

200 764 299 818 solo
337 763 571 819 credunt
609 765 848 820 nomine.
886 767 1074 824 Patres
1115 777 1295 823 autem
1341 767 1614 838 perfectos
1653 783 1750 836 ap-

132 911 136 917 ,
199 857 360 926 pellat,
395 871 492 912 eos
521 858 615 928 qui
648 859 1016 914 intellexerunt
1057 862 1194 932 quod
1239 871 1353 915 erat
1390 861 1454 914 ab
1494 862 1669 922 initio,
1701 869 1751 914 et

198 949 583 1019 intelligibiliter
607 963 945 1021 perceperunt
994 953 1067 1024 (ν.
1105 953 1216 1023 15).
1267 952 1464 1008 Filium
1497 953 1748 1008 videlicet

197 1043 251 1097 de
275 1060 376 1111 quo
401 1059 568 1113 supra
611 1044 771 1103 dixit.
803 1045 940 1116 quod
961 1055 1076 1100 erat
1110 1047 1172 1100 ab
1211 1048 1384 1103 initio.
1433 1045 1638 1112 Scriba,
1665 1049 1740 1102 in-

196 1137 290 1201 quit
320 1135 498 1205 (ibid.)
519 1177 533 1197 ,
569 1137 733 1200 vobis,
754 1137 990 1206 juvenes,
1026 1140 1155 1208 quia
1203 1139 1400 1192 vicistis
1432 1139 1742 1208 malignum.

196 1225 361 1280 Fortes
388 1227 621 1294 juvenes
641 1235 1052 1284 contemnentes
1075 1230 1380 1298 voluptates
1403 1245 1418 1295 ;
1455 1230 1746 1298 malignum

196 1319 371 1373 diaboli
405 1321 779 1374 extollentiam
817 1321 1108 1392 signiﬁcat.
1163 1321 1281 1374 Filii
1331 1331 1510 1376 autem
1542 1337 1745 1393 cogno-

197 1418 334 1465 scunt
362 1409 603 1475 Patrem,
652 1421 838 1481 utpote
867 1415 962 1483 qui
991 1413 1058 1468 ab
1088 1413 1249 1467 idolis
1273 1411 1662 1484 confugerunt,
1689 1421 1744 1469 et

195 1503 251 1556 ad
282 1519 440 1556 unum
494 1501 664 1558 Deum
695 1505 979 1559 convocati
1014 1513 1161 1560 sunt.
1197 1505 1461 1572 Quoniam
1492 1504 1740 1569 mundus,

196 1595 346 1665 inquit
375 1605 450 1654 tv.
489 1595 580 1666 15)
604 1636 619 1660 ,
651 1597 707 1651 in
755 1596 988 1669 maligno
1036 1607 1136 1656 est.
1175 1597 1372 1653 Nonne
1420 1597 1660 1652 mundus
1687 1605 1742 1652 et

193 1688 346 1740 omnia
375 1703 497 1758 qua:
524 1688 580 1740 in
632 1688 838 1744 mundo
864 1699 1012 1753 sunt,
1049 1698 1302 1745 creatura
1337 1691 1431 1746 Dei
1457 1691 1737 1758 dicuntur,

193 1788 235 1831 et
261 1777 364 1832 htec
415 1778 575 1833 valde
615 1779 797 1834 bona?
852 1780 957 1836 Sed
1009 1783 1430 1852 concupiscentia
1468 1785 1646 1838 carnis
1687 1795 1736 1840 et

194 1870 470 1932 oculorum,
518 1880 569 1924 et
600 1871 821 1926 ambitio
857 1873 1041 1926 steculi
1073 1874 1147 1945 (ν.
1197 1875 1309 1944 16),
1345 1891 1466 1946 qua:
1496 1892 1561 1932 ex
1613 1879 1736 1934 vitm

1855 590 2445 659 comprehensibiliter.
2497 594 2578 664 (V.
2614 598 2707 660 8):
2745 600 2848 666 Qui
2888 620 3005 658 uero
3061 609 3189 674 facit
3223 609 3436 675 injusti-

1855 679 2006 743 tiam,
2048 695 2114 733 ex
2144 681 2357 735 diabolo
2425 693 2539 743 est,
2599 685 2700 741 hoc
2749 698 2832 742 est
2877 705 2943 745 ex
2983 703 3134 760 patre
3179 695 3436 754 diabolo:

1852 771 2211 848 eamdemque
2239 783 2563 830 consectans
2589 787 2642 831 et
2669 780 2894 850 eligens.
2923 785 3002 837 Ab
3030 787 3204 851 initio,
3252 790 3436 861 inquit

1854 863 2059 933 (ibid.),
2083 863 2330 920 diabolus
2367 877 2566 935 peccat.
2589 870 2672 924 Ab
2698 871 2854 926 initio
2878 876 3086 934 scilicet
3111 893 3141 932 a
3170 897 3279 950 quo
3301 899 3433 952 pec-

1851 967 1978 1010 care
2024 957 2189 1024 caapit
2226 959 2715 1015 inconvertibiliter
2765 963 2818 1016 in
2866 968 3141 1033 peccando
3170 986 3428 1038 perseve-

1851 1059 2001 1102 rans.
2033 1046 2437 1120 0mnis,inquit
2470 1052 2542 1122 (v.
2575 1053 2651 1123 9),
2709 1055 2798 1122 qui
2853 1069 3009 1111 natus
3057 1075 3120 1112 ea:
3169 1061 3278 1116 Deo
3321 1073 3425 1128 est,

1849 1153 1950 1190 non
1980 1149 2193 1206 peccat,
2231 1143 2355 1212 quia
2393 1160 2566 1198 semen
2608 1145 2721 1214 ejus
2767 1147 2821 1198 in
2871 1163 2930 1200 eo
2965 1160 3165 1206 manet.
3185 1151 3424 1208 Verbum

1846 1226 1968 1294 ejus
1996 1228 2248 1285 videlicet
2277 1232 2330 1285 in
2378 1249 2444 1288 eo
2495 1234 2590 1304 qui
2648 1236 2948 1290 secundum
3005 1240 3162 1295 ﬁdem
3202 1253 3428 1302 renatus

1845 1326 1951 1373 est.
2014 1318 2101 1390 (V.
2162 1323 2292 1384 lo):
2329 1323 2418 1378 Sic
2467 1326 2610 1392 ﬁlios
2674 1327 2775 1382 Dei
2834 1330 3176 1401 intelligimus
3209 1337 3346 1389 sicut
3375 1346 3426 1389 et

1844 1409 1990 1477 ﬁlios
2044 1412 2266 1478 diaboli,
2318 1415 2516 1470 similia
2569 1417 2790 1473 diabolo
2816 1421 3107 1491 eligentes;
3140 1425 3219 1479 sic
3256 1427 3422 1482 etiam

1842 1515 1908 1555 ex
1969 1504 2208 1574 maligno
2265 1521 2389 1562 esse
2443 1508 2664 1564 dicitur.
2727 1509 2814 1574 (V.
2879 1515 2965 1585 15)
3014 1533 3026 1567 :
3073 1516 3257 1570 Omnis
3329 1520 3424 1588 qui

1842 1593 1953 1648 odit
2024 1595 2246 1665 fratrem
2306 1616 2494 1663 suum,
2547 1602 2813 1656 homicida
2851 1614 2948 1660 est.
2993 1605 3051 1659 In
3109 1608 3212 1663 hoc
3269 1610 3417 1664 enim

1841 1684 2138 1740 secundum
2195 1688 2565 1743 inﬁdelitatem
2635 1690 2890 1748 Christus
2943 1695 3176 1755 moritur
3219 1715 3230 1750 :
3268 1706 3419 1753 recte

1839 1774 2022 1845 itaque
2070 1777 2350 1850 subjungit
2412 1780 2598 1835 dicens
2662 1781 2840 1852 (ibid.)
2892 1801 2904 1838 :
2968 1784 3036 1838 Et
3085 1787 3234 1840 scitis
3289 1790 3416 1856 quia

1837 1867 2005 1921 omnis
2049 1867 2314 1922 homicida
2355 1879 2404 1922 et
2451 1869 2682 1939 inﬁdelis
2723 1888 2827 1924 non
2863 1871 3014 1926 habet
3075 1875 3236 1927 vitam
3267 1885 3418 1929 αἰεν-

195 1960 514 2026 perversione
567 1961 930 2032 contingunt,
979 1980 1083 2017 non
1133 1979 1223 2033 ex.
1255 1964 1420 2020 Patre
1454 2009 1470 2033 ,
1527 1967 1616 2021 sed
1669 1985 1734 2023 ea:
1768 1995 1806 2050 Β
1836 1973 1958 2011 nam
1991 1961 2046 2013 ίη
2079 1962 2247 2030 “ipso
2272 1972 2586 2016 manemem-
2611 1963 2667 2015 1η
2716 1970 2896 2018 meme
2925 1965 3127 2033 (ιυῖρρθ
3156 1964 3297 2020 “de”
3330 1967 3415 2019 νί-

195 2049 362 2104 mundo
404 2059 522 2115 est,
573 2058 627 2106 et
691 2067 758 2106 ex
817 2053 995 2109 vobis.
1044 2052 1252 2109 Idcirco
1279 2065 1329 2109 et
1360 2057 1586 2112 mundus
1617 2075 1736 2127 per-

195 2142 386 2196 transiet
427 2151 478 2196 et
513 2146 952 2212 concupiscentia
1017 2147 1132 2216 ejus
1185 2152 1260 2217 (v.
1303 2149 1430 2219 l7):
1487 2151 1578 2219 qui
1617 2167 1735 2206 vero

193 2227 343 2293 fecerit
381 2233 706 2286 voluntatem
754 2233 851 2288 Dei
909 2244 966 2290 et
1009 2237 1267 2291 mandata
1319 2238 1474 2309 ejus.
1528 2255 1737 2308 perma—

191 2331 259 2373 net
293 2322 343 2374 in
377 2334 654 2380 internum.
683 2324 766 2378 Ea:
799 2327 972 2391 nobis,
1017 2327 1196 2398 inquit
1222 2329 1293 2400 (ν.
1331 2330 1442 2400 19),
1472 2333 1732 2397 exierunt,

191 2412 262 2465 sed
283 2432 378 2468 non
403 2428 557 2471 erant
585 2434 652 2472 ex
685 2420 871 2483 nobis;
902 2436 1079 2490 neque
1116 2424 1292 2493 angeli
1325 2433 1605 2494 apostata,
1639 2443 1731 2483 ne-

191 2521 276 2572 que
321 2507 567 2564 homines
597 2511 858 2565 cadentes
883 2551 898 2574 ,
954 2512 1044 2565 sed
1089 2521 1146 2566 ut
1184 2515 1586 2583 manifestentur
1613 2533 1737 2587 quo-

191 2600 308 2652 niam
345 2617 443 2654 non
478 2612 606 2655 sunt
632 2619 700 2656 eo;
727 2603 877 2656 nobis
920 2604 1056 2675 (88).
1087 2605 1247 2663 Clare
1286 2609 1422 2681 satis
1469 2609 1735 2664 discernit

189 2708 332 2760 genus
357 2695 655 2752 electorum
699 2702 755 2750 et
812 2698 1185 2767 perditorum,
1239 2686 1466 2755 et‘illud
1513 2701 1732 2770 quidem

187 2784 307 2851 quod
335 2786 386 2839 in
417 2786 521 2842 ﬁde
551 2802 905 2856 permanens,
938 2790 1248 2846 unctionem
1271 2792 1730 2893 habet‘sancto,

188 2891 288 2942 quae
313 2875 367 2930 ﬁt
389 2878 693 2933 secundum
729 2878 910 2934 ﬁdem.
937 2879 1040 2946 Qui
1064 2896 1197 2937 vero
1227 2898 1340 2936 non
1370 2875 1650 2952 perr'nanet
1678 2883 1732 2936 in

195 2965 544 3028 ﬁde,mendax
581 2976 690 3028 est.
725 2977 780 3024 et
805 2971 1181 3027 antichristus.
1219 2971 1324 3037 Qui
1366 2971 1513 3035 dicit,
1555 2973 1760 3042 inquit-

195 3058 256 3120 (ν.
304 3059 414 3128 22-),
468 3063 595 3132 quia
623 3061 784 3118 Jesus
815 3080 920 3118 non
946 3073 1024 3118 est
1067 3063 1332 3120 Christus.
1381 3063 1542 3119 Jesus
1587 3066 1732 3120 enim

190 3147 410 3206 Salvator
439 3161 494 3209 et
515 3153 789 3209 liberator
819 3162 873 3210 et
903 3154 1159 3211 Christus
1188 3171 1314 3210 rex:
1338 3157 1427 3227 qui
1455 3166 1608 3227 negat
1636 3155 1733 3210 Fi-

189 3240 296 3293 lium
345 3243 417 3312 (v.
468 3243 584 3312 23).
657 3243 962 3314 ignorando
1013 3262 1160 3308 eum,
1211 3260 1303 3300 nec
1357 3245 1574 3300 Patrem
1635 3245 1727 3299 ha-

1834 2063 1968 2103 vens
1990 2050 2194 2104 Christi
2227 2059 2530 2120 permanet,
2555 2052 2662 2120 ipse
2691 2055 2828 2105 enim
2855 2069 2949 2121 pro
2994 2055 3143 2109 nobis
3177 2058 3251 2124 (ν.
3290 2054 3406 2126 16),

1833 2135 1938 2191 hoc
1968 2143 2053 2194 est
2095 2154 2194 2208 pro
2223 2139 2594 2203 credentibus,
2624 2141 2858 2194 animam
2881 2159 3035 2195 suam
3063 2147 3276 2211 posuit;
3305 2147 3407 2200 hoc

1832 2237 1917 2285 est
1939 2246 2036 2300 pro
2053 2233 2335 2302 apostolis.
2356 2231 2412 2286 Si
2445 2247 2573 2303 ergo
2600 2247 2698 2300 pro
2722 2235 2979 2302 apostolis
2995 2234 3229 2288 animam
3252 2252 3406 2292 suam

1832 2322 2032 2392 posuit,
2049 2325 2323 2392 apostolos
2333 2335 2511 2378 autem
2528 2324 2575 2392 ej
2585 2341 2646 2379 us
2659 2324 3123 2394 dicitsemetipsos,
3145 2334 3404 2398 tanquam

1833 2414 1878 2467 si
1892 2414 2114 2482 diceret,
2130 2433 2246 2480 nos,
2264 2417 2503 2486 inquam,
2520 2416 2771 2486 apostoli,
2790 2425 3010 2487 propter
3020 2433 3156 2488 quos
3169 2421 3406 2474 animam

1814 2510 1992 2570 suam
2019 2501 2228 2566 posuit,
2255 2499 2500 2555 debemus
2543 2517 2638 2570 pro
2676 2503 2929 2570 fratribus
2974 2507 3178 2559 animas
3211 2523 3398 2573 ponere

1835 2586 1980 2659 (ib.),
2009 2588 2158 2644 salus
2200 2591 2399 2660 quippe
2439 2594 2811 2660 proximorum
2833 2636 2848 2660 ,
2886 2598 3251 2664 apostolorum
3282 2608 3401 2654 erat

1814 2681 2026 2752 gloria,
2055 2683 2179 2751 quia
2207 2683 2380 2752 major
2402 2693 2501 2746 est,
2523 2684 2699 2754 inquit
2723 2687 2795 2756 (v.
2818 2687 2933 2756 20),
2961 2687 3101 2744 Deus
3128 2691 3280 2744 corde
3309 2707 3403 2744 no-

1832 2783 1962 2839 stro,
1987 2775 2090 2830 hoc
2113 2784 2196 2830 est
2220 2775 2390 2831 virtus
2420 2776 2513 2831 Dei
2541 2779 2866 2833 conscientia
2897 2796 3016 2849 qua:
3041 2781 3404 2853 subsequetur

1833 2866 2104 2931 animam,
2146 2877 2361 2937 propter
2410 2870 2553 2938 quod
2595 2871 2873 2940 sulijungit
2918 2881 2974 2926 et
2999 2874 3129 2929 dicit
3174 2873 3396 2944 (ihid.):

1833 2952 2095 3018 Quoniam
2115 2957 2377 3025 cognoscit
2406 2959 2604 3012 omnia.
2628 2960 2714 3027 (V.
2739 2956 2850 3028 2!):
2886 2961 3220 3026 Charissimi,
3244 2965 3290 3018 si
3312 2980 3404 3018 cor

1831 3062 2068 3107 nostrum
2114 3068 2219 3106 non
2249 3050 2531 3121 redarguat
2560 3066 2678 3113 nos,
2716 3049 2967 3118 fiduciam
3003 3046 3216 3103 habebit
3265 3051 3406 3117 apud

1836 3142 2018 3198 Deum.
2038 3140 2190 3213 (Cap.
2212 3157 2350 3205 tv,v.
2370 3141 2460 3210 2):
2487 3139 2550 3192 In
2567 3139 2663 3193 hoc
2695 3140 3054 3209 cognoscimus
3083 3139 3207 3207 quia
3231 3147 3405 3192 manet

1833 3235 1886 3288 in
1916 3233 2094 3298 nobis,
2123 3233 2187 3288 de
2215 3233 2406 3302 spiritu
2442 3247 2593 3301 quem
2621 3230 2762 3285 dedit
2787 3229 2934 3284 nobis
2959 3229 3256 3284 secundum
3289 3229 3406 3296 epi-

189 3330 254 3381 bet
281 3370 296 3394 ,
341 3347 517 3403 neque
577 3335 861 3405 cognoscit
918 3351 1065 3391 eum.
1111 3334 1212 3402 Qui
1270 3349 1399 3389 vero
1451 3336 1799 3406 cognoscitc
1833 3338 2137 3396 εθορθίυῐης
2171 3325 2458 3381 Salicem"
2486 3322 2880 3392 Ρτονίάθυιίθω
2907 3320 3240 3376 ίυίυνθτιηῃσ
3271 3316 3404 3372 Pe"

190 3418 360 3476 Filium
410 3431 464 3478 et
517 3423 738 3479 Patrem
794 3427 1096 3481 secundum
1167 3426 1451 3482 scientiam
1543 3426 1727 3491 novit;

193 3527 298 3565 cum
345 3515 731 3570 manifestatus
780 3515 944 3571 fuerit
1013 3516 1307 3581 Dominus,
1371 3517 1426 3570 in
1490 3517 1730 3573 secundo

192 3605 423 3673 adventu,
487 3607 745 3662 ﬁduciam
788 3609 1032 3673 habebit,
1064 3622 1117 3665 et
1174 3625 1282 3664 non
1341 3609 1726 3665 confundetur.

185 3696 293 3762 Quae
311 3699 563 3755 confusio
612 3709 699 3757 est
756 3703 964 3772 grande
995 3702 1346 3772 supplicium.
1399 3701 1606 3766 Omnis,
1644 3702 1730 3756 in-

185 3791 274 3857 quit
321 3796 393 3862 (v.
432 3793 550 3861 29),
581 3795 672 3864 qui
710 3794 841 3864 facit
873 3795 1165 3864 justitiam,
1185 3809 1251 3848 ex
1306 3794 1412 3848 Deo
1443 3806 1597 3850 natus
1628 3803 1726 3859 est,

185 3883 456 3938 secundum
512 3883 675 3938 ﬁdem
709 3885 922 3940 scilicet
951 3893 1198 3942 renatus.
1229 3885 1385 3958 (Cap.
1418 3902 1480 3940 Ill
1502 3925 1518 3950 ,
1552 3903 1605 3941 v.
1631 3886 1682 3952 l)
1712 3903 1726 3940 :

187 3971 440 4042 Propterea
463 3976 695 4030 mundus
742 3995 848 4031 non
899 3980 1162 4049 cognoscit
1189 3996 1305 4041 nos,
1364 3980 1611 4050 quoniam
1638 3995 1729 4034 nec

187 4081 282 4120 eum
309 4071 562 4140 cognovit.
595 4070 856 4125 Mundum
888 4072 1022 4126 dicit
1068 4074 1404 4128 saeculariter
1433 4074 1489 4129 in
1517 4073 1728 4128 deliciis

187 4161 421 4219 viventes.
472 4163 829 4218 Dilectissimi
849 4205 862 4226 ,
897 4165 1076 4234 inquit
1105 4166 1180 4234 (v.
1206 4165 1262 4235 2)
1281 4205 1296 4228 ,
1326 4181 1462 4218 nunc
1499 4165 1600 4234 filii
1631 4164 1730 4218 Dei

185 4266 376 4319 sumus,
425 4270 538 4310 non
598 4255 841 4310 naturali
889 4255 1226 4311 dilectione:
1287 4257 1382 4313 sed
1453 4257 1580 4326 quia
1635 4272 1731 4326 pa-

185 4347 299 4399 trem
354 4345 524 4402 Deum
575 4346 866 4402 habemus.
899 4347 1072 4418 Major
1141 4346 1343 4418 quippe
1409 4354 1494 4403 est
1548 4346 1732 4401 chari-

185 4439 286 4498 tas,
343 4445 397 4490 ut
433 4453 560 4492 cum
617 4438 828 4490 nullam
880 4421 1260 4512 cognationem
1312 4439 1609 4494 habeamus
1658 4439 1727 4493 ad

188 4519 531 4600 Deum,diligit
564 4544 667 4583 nos
691 4535 967 4592 tamen,et
998 4528 1136 4607 ﬁlios
1164 4545 1294 4586 suos
1318 4528 1725 4597 vocat.(lbid.):

188 4612 241 4667 Et
274 4621 479 4675 necdum
511 4622 713 4676 claruit
757 4620 896 4692 quod
946 4623 1142 4693 erimus
1171 4637 1190 4675 :
1230 4622 1334 4678 hoc
1363 4630 1448 4679 est
1483 4623 1552 4677 ad
1588 4637 1725 4693 qua-

186 4704 267 4761 lem
293 4711 603 4781 perventuri
631 4727 825 4768 sumus
848 4712 983 4782 glori

186 4802 248 4849 his
272 4799 440 4867 fuerit,
471 4801 579 4855 hoc
608 4809 718 4864 est,
753 4800 812 4855 si
863 4801 1087 4871 perfecti
1133 4801 1418 4867 fuerimus,
1450 4803 1648 4857 similes
1675 4803 1725 4856 ei

183 4887 362 4956 erimus,
391 4889 560 4946 veluti
592 4891 1003 4960 requiescentes
1051 4899 1105 4947 et
1128 4892 1409 4962 justilicati
1443 4893 1630 4948 mundi
1665 4892 1721 4945 in

1831 3419 1988 3488 fecta,
2021 3417 2194 3488 inquit
2213 3417 2286 3485 (v.
2321 3416 2429 3484 18),
2449 3415 2682 3468 charitas
2708 3419 2766 3476 »Β
2789 3414 2936 3482 foras
2961 3411 3400 3466 mittittimorem.

1829 3509 2099 3566 Perleetio
2143 3524 2376 3578 namque
2421 3506 2594 3561 ﬁdelis
2623 3504 2863 3559 hominis
2894 3502 3136 3557 Charitas
3161 3510 3264 3555 est.
3295 3498 3406 3555 Iste

1828 3613 1930 3669 est,
1979 3602 2156 3672 inquit.
2189 3585 2419 3672 (capﬁ‘v,
2468 3618 2520 3654 v.
2555 3599 2632 3666 6),
2669 3599 2758 3669 qui
2809 3598 2944 3652 venit
2998 3613 3088 3664 per
3129 3613 3322 3666 aquam
3352 3605 3405 3649 et

1828 3694 2158 3764 sanguinem;
2188 3700 2242 3747 et
2267 3697 2462 3747 iterum
2490 3693 2564 3763 (ν.
2599 3690 2673 3762 7),
2705 3691 2831 3760 quia
2861 3699 2963 3742 tres
2993 3696 3113 3741 sunt
3138 3685 3228 3757 qui
3259 3686 3407 3740 testi-

1830 3784 2080 3854 ﬁcantur,
2122 3785 2360 3853 spiritus,
2386 3784 2532 3855 quod
2561 3791 2642 3837 est
2673 3783 2783 3835 vita
2809 3821 2823 3844 ,
2861 3791 2911 3834 et
2941 3797 3100 3849 aqua,
3139 3777 3284 3848 quod
3320 3787 3408 3833 est

1826 3877 2161 3946 regeneratio
2191 3890 2256 3930 ac
2290 3876 2444 3940 ﬁdes,
2479 3888 2528 3929 et
2559 3877 2800 3945 sanguis,
2827 3871 2972 3942 quod
3017 3878 3100 3925 est
3142 3869 3404 3939 cognitio,

1827 3979 1875 4023 et
1897 3969 1950 4021 hi
1982 3978 2082 4023 tres
2099 3969 2271 4022 'unum
2302 3978 2446 4024 sunt.
2478 3967 2539 4021 1n
2571 3966 2854 4020 Salvatore
2885 3966 3102 4035 quippe,
3133 3965 3250 4019 ista:
3278 3969 3408 4015 sunt

1828 4062 2058 4115 virtutes
2088 4059 2403 4122 salutiferae,
2459 4067 2514 4113 et
2555 4059 2665 4112 vita
2693 4059 2812 4127 ipsa
2864 4058 2918 4110 in
2981 4058 3100 4126 ipso
3121 4053 3260 4108 Filio
3285 4055 3407 4120 ejus

1827 4152 2063 4208 exsistit.
2097 4148 2185 4217 (V.
2213 4150 2340 4220 id):
2374 4149 2440 4202 Et
2472 4149 2581 4204 hwc
2600 4160 2675 4203 est
2707 4147 3025 4217 conﬁdentia
3054 4163 3120 4216 qu
3138 4162 3209 4198 :m
3244 4144 3405 4198 liabe-

1829 4261 1945 4297 mus
1971 4242 2038 4296 ad
2075 4259 2192 4296 eum
2214 4281 2229 4305 ,
2259 4243 2384 4312 quia
2410 4242 2457 4295 si
2482 4240 2607 4311 quid
2639 4241 2940 4310 petierimus
2990 4237 3273 4292 secundum
3312 4252 3402 4289 vo-

1831 4336 2082 4389 luntatem
2107 4333 2245 4403 ejus,
2284 4332 2461 4386 audiet
2491 4349 2606 4386 nos.
2637 4330 2760 4385 Non
2791 4331 3038 4384 absolute
3088 4327 3222 4380 dixit
3253 4326 3400 4395 quod

1830 4428 2165 4498 petierimus,
2183 4424 2276 4480 sed
2295 4423 2440 4494 quod
2456 4430 2670 4493 oportet
2687 4430 2891 4491 petere.
2911 4418 2999 4491 (V.
3023 4419 3108 4490 19)
3135 4420 3231 4476 :Et
3251 4434 3403 4470 mun-

1829 4523 1929 4575 dus
1972 4519 2139 4574 omnis
2163 4519 2214 4571 in
2252 4517 2483 4587 maligno
2513 4514 2827 4569 constitutus
2857 4523 2965 4571 est;
2993 4525 3102 4564 non
3125 4517 3398 4574 creatura,

1834 4613 1930 4668 sed
1943 4611 2233 4668 saeculares
2248 4609 2520 4670 homines,
2539 4618 2592 4661 et
2614 4603 2914 4662 secundum
2928 4599 3400 4670 cont'upiscentias

1111 4731 1123 4767 ε
1159 4712 1218 4769 Si
1243 4716 1380 4768 enim
1415 4685 1728 4783 manife-sta-
1756 4685 1801 4740 Β
1829 4706 2096 4760 viventes.
2116 4700 2204 4774 (V.
2235 4701 2328 4772 20)
2354 4720 2366 4755 :
2404 4699 2472 4754 Et
2507 4697 2681 4752 Filius
2706 4697 2802 4750 Dei
2825 4698 2982 4762 venit,
3008 4705 3056 4748 et
3085 4693 3228 4747 dedit
3253 4690 3400 4745 nobis

1825 4796 2165 4857 intellectum,
2191 4794 2489 4850 secundum
2518 4791 2676 4846 ﬁdem
2708 4789 2917 4845 scilicet
2939 4788 3310 4844 advenientem
3346 4784 3400 4836 in

1828 4905 1950 4955 nos,
1990 4888 2085 4958 qui
2112 4886 2275 4941 etiam
2311 4885 2552 4956 Spiritus
2577 4888 2802 4939 sanctus
2831 4881 3152 4950 appellatur.

1732 5123 1842 5184 IV.

708 5239 1762 5306 EJUSDEMADUMBRATIONES
1791 5243 1873 5304 IN
1899 5239 2358 5304 EPISTOLAM
2399 5237 2454 5297 ΙΙ
2485 5233 2839 5297 JOANNIS.

241 5365 463 5423 Secunda
486 5367 722 5423 Joannis
747 5365 1020 5437 Epistola,
1071 5382 1192 5436 quae
1224 5367 1290 5421 ad
1319 5369 1556 5440 virgines
1587 5369 1724 5425 scri-

179 5464 353 5524 ptsest,
374 5461 783 5532 simplicissima
806 5467 910 5514 est.
943 5458 1156 5530 Scripta
1184 5475 1312 5516 vero
1331 5471 1414 5516 est
1441 5461 1509 5516 ad
1529 5477 1724 5533 quam-

179 5548 280 5604 dam
304 5554 646 5626 Babyloniam
682 5551 920 5605 Electum
950 5553 1169 5606 nomine
1194 5593 1209 5617 ,
1242 5553 1508 5624 signiﬁcat
1539 5562 1723 5610 autem

245 5710 293 5768 ἦ(
327 5707 380 5765 Ρ.
426 5708 557 5764 1001
601 5707 711 5760 ED.
755 5704 1054 5762 POTTER.

246 5862 339 5933 (88)
374 5863 530 5936 Lapsi
563 5874 618 5919 et
648 5868 930 5932 apostatze.

1829 5371 2146 5427 electionem
2170 5368 2427 5424 Ecclesiae
2457 5373 2676 5421 sanctae.
2710 5359 2920 5416 Astruit
2952 5358 3004 5410 in
3032 5356 3131 5410 hac
3159 5352 3399 5423 Epistula

1831 5463 2261 5533 persecutionem
2303 5459 2427 5513 ﬁdei
2479 5463 2632 5512 extra
2665 5452 2980 5507 charitatem
3014 5462 3118 5501 non
3153 5459 3276 5498 esse
3299 5484 3312 5502 .
3348 5451 3402 5496 et

1830 5564 1890 5610 ut
1922 5570 2082 5612 nemo
2111 5552 2314 5609 dividat
2343 5550 2528 5607 Jesum
2553 5545 2865 5610 Christum;
2923 5537 3018 5597 sed
3071 5551 3240 5594 unum
3279 5547 3405 5592 cre-
