3840 6542
468 371 571 427 7'59

1595 366 1990 424 CLEMENTIS
2029 362 2499 421 ALEXANDRINI
2611 385 2619 392 ·
3605 363 3683 418 Ἱίυ

463 484 593 542 dere
621 485 810 543 Jesum
839 486 1116 543 Christum
1175 486 1393 543 venisse
1442 486 1497 541 in
1553 500 1738 541 carne.
1782 482 1918 538 Nam
1948 483 2042 553 qui
2074 496 2119 548 Α
2147 478 2460 551 hujusmodi
2494 495 2605 535 non
2639 483 2724 534 est
2758 476 3119 532 inhumanum
3146 517 3162 542 ,
3219 474 3316 532 sed
3367 490 3468 531 nec
3495 479 3683 548 conqul.

464 579 629 635 habet
660 579 857 635 Filium
887 581 944 635 in
973 581 1249 635 intellectu
1268 578 1711 650 perceptibiliter,
1737 586 1790 633 et
1818 575 2035 631 Patrem

464 685 684 741 quoque
737 672 1021 742 cognoscit
1072 678 1127 727 et
1184 670 1613 741 magnitudinem
1660 668 1880 725 virtutis
1919 666 2041 737 ejus

465 763 587 817 sine
670 762 831 817 initio
914 765 1177 835 temporis
1236 770 1552 833 cperantem
1629 758 2044 832 intelligibiliter

466 861 650 909 tuente
672 855 937 911 continet.
976 855 1036 911 Si
1056 856 1172 929 quis
1206 857 1340 910 venit
1373 854 1442 908 ad
1476 871 1594 918 vos,
1620 853 1796 924 inquit
1827 852 1902 925 (v.
1931 851 2040 923 10).

463 955 513 999 et
540 944 675 1000 hanc
703 946 1001 1002 doctrinam
1023 965 1127 1003 non
1153 956 1351 1017 portat,
1383 964 1485 1001 non
1514 946 1818 1016 suscipiatis
1843 961 1961 1000 cum
1990 944 2045 999 in

2142 591 2264 631 rere
2283 574 2368 630 vel
2396 574 2783 644 condisputare
2810 586 2935 629 cum
2966 571 3167 626 talibus
3200 570 3458 625 admonet
3486 569 3571 639 qui
3599 585 3684 626 non

2142 668 2324 724 valent
2376 665 2793 737 intelligibiliter
2847 664 3034 719 divina
3076 670 3354 729 tractare,
3403 676 3472 717 ne
3502 675 3591 732 per
3611 676 3683 721 eos

2143 761 2502 816 traducantur
2535 774 2565 813 a
2606 758 2860 814 doctrina
2888 758 3156 823 veritatis,
3192 755 3577 812 verisimilibus
3620 755 3685 812 in-

2143 856 2295 911 ducti
2321 854 2648 910 rationibus.
2673 850 2922 907 Arbitror
2951 858 3151 915 autem,
3182 848 3314 919 quia
3335 854 3392 904 et
3414 861 3567 903 orare
3588 861 3683 903 cum

2145 950 2346 1005 talibus
2374 964 2483 1004 non
2505 956 2740 1025 oportet,
2769 945 3030 1018 quoniam
3061 945 3118 999 in
3147 944 3400 999 oratione
3428 957 3543 1012 qua:
3568 940 3616 996 lit
3640 941 3682 996 in

464 1036 701 1103 domum,
731 1041 899 1095 etAve
930 1058 991 1095 ne
1019 1040 1260 1095 dixeritis
1281 1040 1329 1095 ei
1345 1054 1366 1104 ;
1400 1040 1490 1109 qui
1517 1040 1654 1093 enim
1676 1037 1868 1093 dixerit
1918 1037 2044 1103 Ave,
2146 1040 2329 1106 domo,
2364 1048 2651 1112 postquam
2669 1040 2740 1096 ob
2764 1037 2976 1094 orando
3008 1037 3274 1109 surgitur,
3305 1034 3559 1094 salutatio
3579 1050 3683 1107 gall-

465 1131 819 1185 communicat
864 1131 1106 1200 operibus
1154 1130 1268 1202 ejus
1324 1131 1591 1201 malignis.
1623 1128 1783 1186 Tales
1811 1130 2050 1185 salutare
2148 1134 2224 1189 dii
2252 1143 2336 1191 est
2362 1142 2416 1190 et
2438 1135 2590 1206 pacis
2621 1132 2905 1189 indicium.

467 1220 721 1288 prohibet
765 1231 821 1277 et
876 1223 930 1277 in
984 1223 1281 1293 hospitium
1332 1223 1631 1293 suscipere.
1676 1220 1789 1277 Hoc
1815 1222 1959 1278 enim
1992 1218 2049 1274 in

2068 1447 2147 1508 V.

868 1572 970 1625 ει(
988 1570 1321 1625 Νικιιτογ
1348 1568 1456 1640 (89)
1486 1570 1915 1625 araneus
1942 1571 2042 1624 ΜΗ

2147 1568 2377 1623 οΠΟΔΙ
2382 1565 2523 1621 ΤΟΥ
2543 1567 2673 1621 ΕΙΣ
2692 1566 2816 1623 [OB
2852 1564 3312 1621 ΕΞΗΓΗΣΕΩΣ.

1532 1725 1645 1788 EX
1661 1723 1978 1787 NICE'L‘E
2007 1722 2325 1785 CATENA
2360 1722 2442 1784 IN
2472 1722 2640 1786 JOB.

1841 1886 1997 1960 (Cap.
2031 1885 2075 1952 ι,
2108 1901 2236 1943 vers
2261 1881 2375 1952 2i.)

536 2114 832 2189 37210bi
861 2122 1040 2171 autem
1064 2115 1230 2171 verba
1254 2114 1334 2170 sic
1349 2114 1649 2185 elegantius
1668 2114 1893 2188 intelligi
1922 2133 2042 2188 pos-

2228 2114 2389 2170 Ἀλλὰ
2411 2113 2481 2168 τὰ
2505 2111 2602 2167 τοῦ
2647 2110 2766 2166 Ἰὼσ
2797 2111 3134 2186 κομψότερον
3167 2113 3268 2186 μὲν
3300 2111 3444 2168 οὓτω
3482 2110 3683 2185 νοητέονθ

466 2215 628 2265 sunt:
654 2206 827 2262 nudus
854 2222 884 2261 a
910 2208 1050 2263 vitio
1081 2214 1136 2264 et
1158 2217 1404 2278 peccato,
1423 2207 1581 2278 quasi
1603 2222 1668 2261 ex
1688 2217 1838 2263 utero
1861 2211 2042 2266 matris

2149 2206 2376 2280 γυμνὸς
2408 2204 2606 2270 κακίας
2632 2204 2728 2259 καὶ
2756 2205 3052 2276 ἁμαρτίας,
3094 2202 3174 2266 ὡς
3230 2205 3303 2259 ἐκ
3343 2204 3566 2272 κοιλίας
3594 2220 3685 2274 μηο

465 2315 499 2355 e
530 2313 678 2356 terra
708 2300 765 2355 in
796 2299 953 2354 initio
976 2299 1238 2369 formatus
1265 2316 1405 2367 sum,
1423 2299 1597 2355 nudus
1626 2301 1679 2355 in
1708 2301 1944 2359 eamdem
1978 2319 2042 2359 re-

2148 2301 2308 2371 τρὸς,
2342 2301 2408 2353 ὲκ
2437 2299 2537 2371 τῆς
2567 2297 2671 2368 γῆς
2698 2298 2819 2351 κατ’
2852 2296 3024 2368 ἀρχάς
3080 2295 3476 2367 διεπλάσθην,
3498 2295 3686 2367 γυμνὸς

466 2401 678 2455 vertor;
723 2406 835 2446 non
897 2399 1080 2446 autem
1136 2406 1166 2445 a
1226 2393 1692 2462 possessionibus,
1750 2394 1855 2451 hoc
1903 2397 2042 2452 enim

2148 2392 2236 2458 εις
2274 2389 2391 2458 τὴν
2414 2388 2535 2461 γῆν
2558 2387 2656 2443 καί
2684 2386 3114 2458 ἀπελεύσομαι·
3155 2386 3364 2459 γυμνὸς
3395 2386 3455 2441 οὐ
3504 2387 3683 2458 κτημὼ

476 2496 708 2551 parvum
740 2489 793 2537 et
826 2482 1049 2551 vulgare
1112 2491 1298 2547 esset,
1355 2483 1450 2538 sed
1510 2498 1541 2537 a
1584 2484 1718 2539 vitio
1761 2493 1817 2541 et
1860 2501 2042 2557 pecca-

2147 2500 2278 2547 των,
2307 2481 2469 2536 τοῦτο
2499 2480 2609 2553 γὰρ
2662 2478 2855 2551 μικρόν
2891 2496 2953 2533 τε
2986 2478 3081 2533 καὶ
3130 2478 3330 2545 κοινὸν,
3362 2478 3497 2533 ἀλλὰ
3521 2478 3685 2540 κακίας

467 2578 548 2639 to,
581 2580 637 2628 et
669 2589 699 2627 a
730 2573 1080 2629 tenebricoso
1123 2573 1293 2639 idolo,
1353 2574 1499 2645 quod
1556 2590 1651 2633 eos
1699 2578 1902 2650 excipit
1956 2579 2042 2651 qui

2150 2577 2247 2631 καὶ
2274 2575 2560 2647 πονηρίας,
2588 2574 2685 2629 καὶ
2715 2574 2810 2629 τοῦ
2853 2571 3120 2645 ἑπομένου
3147 2575 3262 2637 τοῖς
3289 2572 3489 2637 ἀδίκως
3518 2571 3683 2645 βιώσα-

468 2663 678 2733 injuste
733 2664 1009 2720 vixerunt.
1062 2661 1226 2719 Juxta
1276 2680 1408 2719 vero
1464 2664 1635 2732 illud,
1696 2668 1841 2737 quod
1874 2670 2042 2724 omni-

2151 2685 2236 2722 σιν
2262 2668 2476 2731 ἀειδοῦς
2505 2666 2745 2723 εἰδώλουο
2778 2666 2920 2721 κατὰ
2949 2665 3006 2719 δὲ
3054 2665 3117 2720 τὸ
3142 2665 3470 2738 πρόχειρον,
3520 2666 3685 2728 πάντες

463 2755 574 2811 bus
607 2756 664 2810 in
711 2764 963 2826 promptu
1023 2771 1087 2811 ac
1150 2754 1420 2813 familiare
1474 2765 1581 2823 est,
1640 2758 1825 2813 cuncti
1856 2761 2042 2830 nasci-

2148 2756 2423 2843 ᾶνθρωψ
2448 2759 2542 2811 καὶ
2562 2757 2760 2829 γυμνοὶ
2809 2754 3128 2827 γεννώμεθα
3147 2795 3162 2821 ,
3198 2756 3296 2811 καὶ
3322 2755 3519 2829 γυμνοὶ
3553 2754 3685 2809 πάλιν

469 2862 594 2901 mur
649 2846 818 2911 nudi,
854 2850 1094 2917 itemque
1132 2847 1264 2904 nudi
1316 2847 1627 2916 eﬂerimur,
1661 2850 1849 2907 fasciis
1894 2854 2042 2923 solis,

2150 2847 2529 2922 ἐκφερόμεθα,
2596 2850 2709 2913 τοῖς
2781 2846 3054 2917 ἐνταφίοις
3132 2847 3315 2920 μόνοις
3389 2846 3684 2919 σπαργάνοις

466 2951 591 3007 quae
618 2936 876 2991 humanis
924 2946 1268 2992 mortuorum
1307 2942 1633 3010 corporibus
1682 2940 2042 3011 adhibentur,

2147 2940 2525 3014 δεσμούμενοι.
2559 2939 2750 2995 Ἀλλον
2778 2940 2888 3013 γὰρ
2915 2942 3049 3012 ἡμῖν
3071 2941 3102 2993 ὀ
3144 2939 3279 3004 Θεὸς
3320 2939 3683 3013 προηυτρὲπισε

467 3031 729 3087 devincti.
763 3029 975 3085 Etenim
1006 3033 1173 3087 vitam
1206 3031 1349 3090 Deus
1395 3035 1558 3091 nobis
1585 3036 1746 3090 aliam
1774 3051 2042 3108 prepara-

2151 3036 2286 3108 βίον,
2320 3037 2416 3092 καὶ
2467 3035 2564 3090 τοῦ
2610 3035 2749 3109 πρὸς
2801 3036 3009 3089 ἐκεῖνον
3064 3032 3268 3107 δρόμου
3300 3032 3400 3105 τὴν
3444 3028 3684 3103 παροῦσαν

466 3123 563 3190 vit,
596 3132 650 3179 et
677 3133 999 3195 prassentem
1034 3141 1134 3196 pro
1168 3127 1425 3182 curriculi
1458 3127 1546 3182 via
1586 3127 1654 3182 ad
1686 3144 1808 3184 eam
1840 3129 2042 3185 instru-

2149 3130 2294 3204 ζωὴν
2323 3131 2443 3186 ὁδὸν
2461 3128 2853 3193 κατεσκεύασε,
2869 3127 2966 3192 τὰς
2986 3127 3136 3200 παρὰ
3150 3127 3253 3198 τῆς
3280 3127 3520 3197 κτήσεως
3532 3124 3682 3198 χρείας

468 3215 582 3283 xit;
637 3233 731 3272 eas
762 3218 981 3273 demum
1020 3234 1120 3288 pro
1178 3220 1376 3274 viatico
1423 3221 1803 3289 possessiones
1840 3220 2042 3278 consti-

2149 3227 2229 3290 είς
2250 3225 2439 3296 ἐφόδια
2462 3225 2621 3296 μόνον
2648 3224 2751 3295 τῆς
2777 3220 2897 3277 ὀδοῦ
2923 3220 3253 3286 κατατάξας·
3283 3219 3485 3288 ταύτην
3513 3217 3562 3271 δὲ
3577 3217 3683 3287 ἡμῖν

466 3315 651 3372 tuens,
685 3327 807 3381 quae
837 3312 1153 3367 necessitati
1191 3313 1521 3368 inservirent
1549 3332 1562 3368 :
1594 3329 1718 3369 cum
1750 3315 1893 3371 hanc
1916 3331 2042 3372 vero

2147 3320 2246 3393 τὴν
2269 3321 2385 3375 ὁδὸν
2435 3318 2744 3385 ὲξελθοῦσιν
2790 3320 2819 3372 ὁ
2858 3314 2966 3370 τῶν
3017 3314 3327 3386 κτηθέντων
3377 3311 3683 3371 ἁσυνόδευτος

467 3401 612 3455 viam
660 3403 831 3459 semel
885 3406 1095 3460 emensi
1130 3403 1431 3473 fuerimus,
1463 3405 1783 3463 facultatum
1816 3416 1871 3464 et
1909 3409 2042 3464 divi-

2148 3413 2395 3478 πλοῦτος.
2425 3412 2590 3468 Οὐδὲν
2611 3410 2721 3483 γὰρ
2748 3404 2823 3466 ὧν
2853 3410 3187 3480 ἐσχήκαμεν,
3219 3405 3415 3478 ἔχομεν
3435 3404 3571 3467 ἴδιον,
3589 3400 3684 3464 ἑνὸς

468 3494 670 3548 tiarum
722 3499 782 3558 ᾖ
834 3496 1013 3551 omnis
1066 3497 1360 3554 comitatus
1408 3513 1512 3554 nos
1564 3500 1787 3555 deserit.
1852 3499 2042 3556 Eorum

2153 3507 2432 3577 κτήματος
2466 3506 2627 3577 μόνον
2673 3504 2772 3575 τῆς
2812 3500 3090 3565 εὐσεϐείας
3130 3499 3298 3572 ἐσμὲν
3346 3497 3680 3568 ίδιοκτήτορες·

467 3588 645 3651 enim,
697 3603 819 3659 quae
869 3589 926 3643 in
972 3588 1081 3642 vita
1126 3588 1454 3657 habuimus,
1485 3591 1621 3645 nihil
1654 3600 1906 3648 nostrum
1941 3592 2042 3649 dici

2150 3597 2357 3670 ταύτην
2384 3599 2416 3669 ἡ
2427 3598 2533 3669 μᾶς
2560 3596 2788 3660 θάνατος
2816 3591 3061 3648 ἐπελθὼν
3108 3592 3170 3645 οὐ
3205 3590 3449 3663 συλήσει,
3480 3588 3576 3641 τῶν
3609 3584 3685 3640 ἄλ-

470 3687 673 3752 potest,
712 3696 820 3735 una
846 3691 1069 3751 excepta
1096 3681 1314 3752 pietate,
1350 3683 1510 3753 cujus
1551 3693 1637 3740 est
1680 3693 1871 3741 nostra
1901 3696 2042 3743 certa

2151 3688 2258 3744 λων
2290 3689 2346 3743 δὲ
2381 3689 2636 3744 ἁπάντων
2666 3687 2886 3741 ἐκϐαλεῖ
2922 3687 3017 3740 καὶ
3072 3685 3149 3758 μὴ
3173 3684 3446 3750 θέλοντας·
3478 3685 3551 3748 είς
3578 3682 3683 3735 ὐπο-

470 3773 785 3843 possessio;
820 3772 961 3826 hanc
996 3787 1147 3827 mors
1196 3773 1457 3843 ingruens
1488 3775 1647 3831 nobis
1685 3791 1793 3831 non
1834 3778 2042 3849 eripiet,

2151 3781 2483 3836 κατάστασιν
2518 3781 2628 3854 γὰρ
2658 3762 2756 3853 τὴν
2815 3779 3071 3852 βιωτικὴν
3101 3780 3302 3845 πάντες
3349 3777 3682 3854 παρελάϐομεν

470 3866 636 3918 rebus
685 3871 866 3919 autem
913 3865 1171 3920 omnibus
1221 3865 1344 3921 aliis
1395 3868 1645 3936 quamvis
1695 3869 1917 3933 invitos,
1947 3886 2042 3927 nos

2151 3875 2363 3946 κτῆσιν,
2382 3876 2473 3929 καὶ
2500 3876 2658 3947 μόνον
2677 3874 2879 3948 ταύτης
2909 3874 3009 3947 τὴν
3028 3874 3222 3947 χρῆσιν
3243 3874 3471 3938 ἕκαστος
3496 3888 3683 3945 καρπω-

468 3963 652 4012 exuet.
695 3954 840 4027 Opes
883 3956 1100 4026 quidem
1148 3956 1216 4011 ad
1274 3957 1416 4012 hanc
1463 3959 1627 4013 vitam
1674 3961 2042 4017 sustinendam

2153 3966 2385 4036 σάμενος
2415 3966 2621 4031 ἄπεισι,
2659 3966 2829 4038 βραχὺ
2886 3964 3042 4038 παρὰ
3086 3964 3182 4019 τοῦ
3222 3965 3340 4037 βίου
3371 3963 3682 4037 κομιζόμενος

469 4048 782 4119 accepimus
802 4089 817 4115 ,
851 4057 1016 4119 atque
1044 4049 1239 4104 harum
1272 4051 1391 4106 solo
1419 4050 1600 4107 fructu
1643 4052 1923 4125 decerpto,
1955 4055 2042 4111 de-

2154 4055 2360 4126 μνῆμα·
2396 4052 2554 4108 τοῦτο
2583 4052 2692 4127 γὰρ
2721 4053 2901 4127 πάσης
2923 4055 3222 4127 εὐημερίας
3269 4055 3330 4110 τὸ
3366 4055 3528 4119 τέλος,
3553 4050 3683 4105 τοῦτο

468 4140 667 4210 migrat
726 4141 1104 4211 unusquisque
1150 4142 1405 4214 exiguum
1453 4145 1577 4200 vita:
1637 4157 2042 4202 monumentum

2148 4140 2258 4195 τῶν
2294 4139 2561 4211 βιωτικῶν
2581 4140 2800 4212 ἀγαθῶν
2851 4142 2914 4196 τὸ
2943 4143 3336 4215 συμπέρασμα.
3382 4142 3565 4206 Καλῶς
3594 4140 3684 4211 ἆρα

468 4232 815 4303 relinquens;
845 4234 950 4288 hoc
978 4234 1196 4290 demum
1242 4245 1330 4293 est
1361 4235 1635 4293 felicitatis
1664 4238 1843 4294 onmis
1864 4249 2042 4295 extre-

2149 4230 2212 4284 τὸ
2244 4230 2463 4302 βρέφος,
2488 4232 2590 4304 τῆς
2619 4232 2855 4304 γαστρὸς
2883 4232 3235 4303 παρακύψαν,
3259 4234 3466 4307 θρήνων
3491 4230 3681 4291 εὐθέως,

470 4339 647 4389 mum,
684 4325 773 4379 hic
804 4334 1129 4381 cunctorum
1168 4327 1437 4384 bonorum
1491 4345 1613 4399 qua:
1660 4340 1787 4386 sunt
1835 4330 1890 4384 in
1939 4333 2042 4386 vita

2148 4323 2210 4376 οὐ
2238 4323 2471 4393 γέλωτος
2499 4324 2745 4397 ἄρχεται·
2778 4324 2955 4379 κλαίει
2982 4325 3091 4396 γὰρ
3118 4326 3309 4399 ὥσπερ
3354 4325 3446 4380 τοῦ
3475 4326 3579 4397 βίου
3604 4338 3684 4376 κα-

470 4415 673 4470 exitus.
692 4414 859 4471 Recte
888 4418 1053 4488 igitur
1076 4420 1279 4484 infans,
1299 4429 1359 4476 ut
1376 4424 1566 4478 matris
1594 4432 1746 4478 utero
1770 4433 1934 4494 caput
1953 4440 2042 4480 ex-

2150 4416 2381 4483 ταϐοῶν,
2429 4420 2559 4490 παρ’
2606 4413 2668 4473 οὗ
2715 4418 3050 4490 θνησιμαίων
3111 4421 3177 4474 ὲκ
3230 4420 3522 4492 προοιμίων
3574 4417 3683 4469 ἀπο»

472 4506 618 4569 tulit,
651 4523 762 4562 non
812 4524 843 4562 e
898 4510 1038 4575 risu,
1071 4511 1165 4567 sed
1202 4528 1233 4566 a
1281 4514 1536 4569 lamentis
1592 4515 1774 4571 statim
1821 4514 2042 4587 incipit;

2150 4510 2373 4578 γεύεται
2400 4509 2608 4585 δώρων·
2636 4513 2825 4584 τεχθὲν
2853 4513 2963 4585 γάρ
3001 4517 3189 4585 χεῖρας
3241 4514 3441 4578 εὐθέως
3472 4526 3686 4582 σπαργα-

472 4596 634 4652 llebili
661 4600 805 4653 enim
829 4616 981 4667 voce,
1008 4602 1127 4657 vitae
1143 4605 1530 4676 propemodum
1562 4607 1896 4677 indignatur,
1928 4623 2042 4679 qua

2148 4602 2356 4667 νοῦται,
2389 4603 2485 4658 καὶ¹
2519 4604 2704 4671 πόδας,
2737 4606 2829 4660 καὶ
2845 4605 3061 4676 δεσμοῖς
3086 4605 3428 4679 ἐνειλημένον
3457 4601 3683 4660 ἀπολαύει

470 4691 696 4745 exitiosa
730 4707 793 4746 ac
819 4692 1000 4747 letalia
1031 4710 1257 4751 munera
1280 4737 1295 4761 ,
1327 4713 1355 4751 a
1386 4699 1563 4768 primo
1611 4699 1838 4754 exordio
1879 4699 2042 4773 (ἴρεως

2147 4695 2247 4766 τῆς
2275 4695 2462 4767 θηλῆς.
2497 4697 2561 4749 Ὢ
2590 4697 2876 4771 προοιμίου
2918 4697 3082 4769 ζωῆς,
3145 4698 3455 4770 προδρόμου
3503 4690 3681 4765 νεκρώι

472 4779 666 4835 standa
694 4782 744 4834 ei
788 4782 1061 4850 proponit.
1105 4781 1446 4856 Simulatque
1474 4786 1619 4839 enim
1659 4786 1839 4843 editus
1874 4788 1928 4842 in
1963 4788 2042 4842 lu-

2151 4790 2320 4850 σεωςί
2358 4789 2517 4861 Ἀρτι
2568 4789 2633 4843 τὸ
2667 4789 2866 4863 βρέφος
2901 4792 2981 4854 είς
3028 4790 3175 4863 ζωὴν
3228 4788 3574 4863 παρελήλυθε,
3604 4785 3683 4840 καὶ

470 4887 588 4926 cem
631 4878 686 4926 et
723 4881 1011 4942 susceptus
1038 4883 1143 4942 est,
1165 4892 1358 4933 manus
1391 4876 1664 4948 pedesque
1694 4879 1813 4948 ejus
1859 4879 2042 4937 fasciis

2147 4878 2357 4950 νεκρῶν
2388 4880 2590 4944 εὐθέως
2618 4882 2766 4952 αὐτῷ
2796 4882 3079 4954 στολισμὸς
3127 4882 3485 4956 προσηνέχθηο
3517 4881 3685 4948 ὑπομι-

470 4962 925 5033 constringuntur
965 4973 1019 5020 et
1066 4968 1298 5023 vinculis
1337 4969 1632 5039 impeditus
1665 4970 1921 5028 uberibus
1946 4987 2042 5040 po-

2152 4974 2383 5044 μνήσκει
2410 4973 2519 5048 γὰρ
2541 4974 2634 5028 τοῦ
2661 4975 2849 5040 τέλους
2879 4978 3005 5040 τοὺς
3034 4977 3323 5047 τεχθέντας
3352 4980 3385 5049 η
3413 4975 3577 5046 φύσις.
3610 4968 3686 5023 Διὸ

469 5056 623 5111 titur.
656 5055 700 5110 Ο
723 5057 845 5112 vita:
873 5060 1252 5128 primordium,
1285 5062 1476 5117 mortis
1518 5062 1900 5132 prodromum!
1929 5062 2042 5119 Nu-

2148 5066 2243 5119 καὶ
2272 5067 2334 5121 τὸ
2357 5069 2565 5122 παιδίον
2593 5066 2847 5140 γεννηθὲν
2875 5068 3224 5141 ἀποδύρεται,
3246 5070 3489 5138 καθάπερ
3513 5068 3573 5137 τῇ
3596 5077 3684 5133 μη-

488 5163 568 5217 ser
588 5158 673 5204 est
702 5148 883 5206 infans
925 5152 993 5205 ad
1045 5152 1213 5206 vitam
1244 5153 1558 5225 ingressus,
1586 5172 1690 5213 nec
1715 5156 2041 5228 interposita

2145 5161 2237 5231 τρὶ
2260 5158 2348 5214 διὰ
2375 5160 2469 5215 τοῦ
2491 5162 2689 5235 θρήνου
2721 5161 2878 5233 βοῶν·
2911 5163 2976 5215 Τί
3010 5181 3076 5235 με
3108 5164 3245 5235 πρὸς
3278 5162 3495 5234 ταύτην,
3529 5154 3571 5213 ὦ
3604 5155 3687 5228 μῆ’

618 5310 676 5369 ὦ
719 5304 781 5361 Ρ.
824 5305 962 5361 1002
1002 5306 1114 5361 ED.
1152 5307 1451 5365 POTTER.

546 5461 655 5545 (g9)
699 5464 800 5518 Ἐκ
828 5463 1106 5545 Νικητοῦ.
1126 5464 1324 5545 _Prima
1349 5467 1635 5545 [ragmenti
1659 5467 2046 5545 hujusce‘sep-

472 5535 923 5608 tentiahoccurrit
954 5535 1209 5608 superius
1258 5538 1312 5591 in
1342 5535 1542 5592 Strom.
1602 5554 1678 5600 tv,
1722 5535 1846 5608 pag.
1892 5537 2039 5594 636:

487 5600 685 5678 mea:
714 5606 742 5656 ὁ
767 5604 993 5678 δίκαιος,
1024 5600 1229 5669 Ἀύτδς,
1273 5608 1453 5678 φησι,
1482 5608 1704 5678 γυμνὸς
1723 5600 1942 5678 ἒξῖἶλθον
1977 5610 2043 5662 ὲκ

476 5671 682 5734 κοιλίας
712 5674 914 5743 μητρός
957 5691 1080 5745 μου,
1124 5671 1352 5746 γυμνδς’
1375 5677 1468 5730 καὶ
1495 5671 1876 5747 ’ἀπελεύσομαι
1902 5680 2038 5732 ὲκεῖσ

476 5742 538 5797 οὐ
567 5743 856 5803 κτημάτων
886 5744 1111 5803 γυμνὸς.
1140 5746 1315 5803 (τοῦτο
1356 5746 1452 5803 μὲν
1492 5747 1600 5803 γὰρ
1643 5749 1832 5803 μικρόν
1855 5765 1914 5801 τε
1946 5749 2041 5803 καὶ

476 5746 538 5797 οὐ
567 5746 856 5810 κτημάτων
886 5746 1111 5811 γυμνὸς,
1140 5746 1315 5816 (τοῦτο
1356 5746 1452 5815 μὲν
1492 5747 1600 5819 γὰρ
1643 5746 1832 5820 μικρόν
1855 5765 1914 5801 τε
1946 5749 2039 5803 καὶ

477 5812 698 5883 κανόν’)
718 5811 828 5864 ἀλλ’
852 5812 925 5877 ὡς
948 5813 1174 5884 δίκαιος,
1203 5817 1407 5887 γυμνὸς
1432 5816 1614 5874 ἄπεισι
1641 5819 1832 5885 κακίας
1859 5835 1917 5871 τε
1946 5820 2039 5874 καὶ

2153 5468 2568 5545 ᾀμαρτίαςεκαὶ
2615 5468 2716 5545 τοο
2761 5470 3027 5543 ἑπομένου
3056 5474 3170 5535 τοῖς
3223 5471 3422 5535 ἀδίκως
3457 5466 3686 5545 sutan

2150 5539 2360 5616 ἐξιδὸῦς
2383 5540 2622 5616 εἰδώλου.
2663 5540 2811 5616 Quae
2867 5539 3191 5616 sequuntur,
3243 5539 3488 5616 nontam
3531 5539 3686 5616 ipsius

2147 5610 2443 5669 Clementis
2466 5627 2589 5667 esse
2627 5613 2902 5676 videntur,
2943 5610 3106 5683 quam
3142 5613 3367 5668 alterius
3407 5610 3685 5683 cuiusliiil“

2147 5683 2409 5747 auctoris,
2455 5683 2613 5752 cujus
2652 5698 2851 5738 nomen
2891 5674 3189 5737 'e'Nicetae
3234 5684 3434 5737 Catena
3470 5674 3666 5736 excidit

2144 5751 2291 5822 quod
2322 5755 2376 5808 in
2408 5752 2721 5824 hujusmodi
2749 5754 3010 5825 operibus
3037 5768 3179 5823 saepe
3204 5753 3340 5809 alias
3368 5752 3442 5806 iit.
