3840 6558
178 344 254 400 ui
1481 329 1919 401 FRAGMENTA.
3104 427 3124 444 θ
3277 360 3380 419 7n

172 477 266 531 τερ,
292 456 378 529 τὴν
408 457 555 529 ζωὴν
585 456 922 530 ἁπεκὺησας,
960 460 1017 511 ὲν
1046 451 1194 532 ᾖτοῦ
1229 457 1383 530 ζῇνή
1424 457 1688 529 προσθήκτ

1864 473 1962 512 ora
2016 462 2359 513 mortuorum
2417 461 2613 530 pannis
2661 463 2961 521 amicitur:
2995 472 3193 521 natura
3228 483 3376 524 eitum

174 550 387 624 προκοπὴ
408 549 544 620 πρὸς
567 550 662 603 τὸν
688 548 913 603 θάνατον
932 550 1034 615 ςςΤί
1061 567 1128 621 με
1156 549 1292 621 πρὸς
1323 548 1690 619 πολυτάραχον

1862 549 1926 604 iis
1947 549 2262 603 memoriam
2290 560 2512 605 revocat
2553 552 2622 606 iis
2658 553 2749 621 qui
2770 565 3095 613 nascuntur.
3118 555 3235 612 Huc
3259 575 3378 630 per-

170 643 314 697 αίῶνα
341 642 685 715 παρήγαγες,
710 644 768 695 ὲν
795 634 839 710 ᾧ
863 641 1104 712 τεχθέντι
1134 659 1222 713 μοι
1251 642 1318 695 τὰ
1350 640 1608 711 προοίμια
1634 641 1686 693 τό

1858 648 1936 696 net
1964 640 2095 696 editi
2118 640 2344 699 infantis
2373 643 2632 713 ejulatus,
2659 645 2819 703 flebili
2851 652 3010 719 quasi
3040 667 3195 717 voce,
3230 654 3374 723 apud

172 737 443 807 σπάργανα;
467 733 535 787 Τί
554 751 625 805 με
645 733 867 805 τοιούτῳ
899 728 1283 805 παραδέδωκας
1309 732 1430 803 βίῳ,
1456 733 1512 784 ὲν
1543 725 1586 800 ᾧ
1610 732 1688 786 ml

1858 740 2027 787 atrcm
2052 733 2403 789 lamentantis
2427 753 2440 789 :
2460 733 2571 790 Cur
2593 752 2679 792 me
2702 738 2757 792 in
2787 740 2926 795 hanc
2950 744 3140 804 vitam,
3172 751 3370 811 mater,

169 829 325 898 νεότης
351 824 556 897 ἐλεεινὴ
610 823 918 896 τρυχομένη
962 825 1068 896 πρὸ
1116 825 1319 895 γήρως,
1382 822 1476 877 καὶ
1527 822 1685 893 γῆρας

1856 826 1957 879 lixa
1984 840 2083 892 es,
2136 825 2192 879 in
2249 840 2357 896 qua
2408 826 2533 881 vitae
2577 831 2890 899 prorogatio
2933 832 3002 886 ad
3033 842 3263 889 mortem
3286 844 3372 893 est

168 918 380 989 φευκτὸν,
410 917 486 980 ὡς
514 916 861 971 ὲπιθανάτιον
885 933 900 983 ;
934 917 1136 979 Δεινὸν,
1168 910 1212 970 ὦ
1247 918 1438 989 μῆτερ,
1468 918 1561 971 τοῦ
1585 917 1684 989 βίοι

1855 916 2149 986 'ogressio?
2187 914 2299 972 Cur
2329 932 2416 973 me
2444 916 2499 971 in
2531 918 2825 972 multarum
2869 922 3151 977 turbarum
3196 940 3371 980 saecu-

100 1072 105 1075 ι
167 1010 215 1063 τὺ
239 1010 448 1072 στάδιον,
481 1007 711 1061 θάνατον
741 1009 861 1080 ἕχον
892 1008 999 1063 τῶν
1050 992 1348 1083 τρεχόντων
1376 1011 1616 1081 καμπτῆι

1859 1023 1908 1061 m
1940 1007 2329 1075 introduxisti,
2384 1009 2442 1064 in
2497 1024 2605 1080 quo
2649 1010 2780 1064 mihi
2825 1021 2954 1067 nato
3010 1013 3194 1069 fasciae
3240 1026 3369 1071 sunt

168 1100 343 1173 Πικρὰν
402 1101 501 1172 τὴν
568 1100 831 1173 βιωτικὴν
877 1102 1261 1175 ὁδοιποροῦμεν
1320 1102 1473 1167 ὁδὸν,
1531 1103 1684 1172 τάφοι

1848 1099 2056 1155 Lordia?
2082 1099 2196 1155 Cur
2221 1100 2538 1171 hujusmodl
2585 1116 2673 1157 me
2701 1103 2828 1158 vitae
2867 1104 3145 1171 addixisti,
3180 1107 3233 1160 in
3260 1124 3364 1177 qua

166 1193 355 1264 ἔχουσαν
384 1193 489 1245 τῶν
518 1191 810 1247 ὁδευόντων
863 1194 1167 1266 κατάλυμα·
1202 1193 1435 1266 χαλεπὸν
1485 1192 1547 1247 τὸ
1598 1192 1682 1263 τῆς

1878 1191 2138 1261 juventus
2167 1193 2512 1258 miseranda,
2561 1201 2691 1250 ante
2736 1194 2950 1251 senium
2994 1199 3156 1252 malis
3185 1202 3367 1255 attrita

166 1284 281 1356 ζωῆς
305 1286 625 1359 διατελέομεν
658 1290 909 1358 πέλαγος,
956 1287 1091 1360 ᾅδην
1130 1286 1238 1359 γὰρ
1265 1286 1377 1357 ἔχει
1434 1285 1682 1359 πειρατὴη

1847 1324 1848 1331 η
1878 1284 2125 1341 confecta
2149 1328 2165 1354 ,
2194 1293 2253 1341 et“
2278 1294 2555 1352 senectus,
2574 1294 2637 1342 ut
2659 1288 2911 1355 exitiosa,
2935 1288 3363 1361 fugienila‘iFor-

167 1378 422 1448 ἐφεστῶτα.
458 1380 639 1445 Μόνος
659 1382 717 1434 ἐν
745 1382 914 1435 ἅπασι
940 1381 1143 1452 γυμνὸς
1161 1382 1412 1449 γεννᾶται
1438 1380 1467 1433 ὁ
1485 1378 1683 1453 ἄνθρω-

1851 1376 2074 1443 idabile,
2105 1393 2139 1433 ο
2167 1386 2362 1444 mater,
2385 1386 2439 1435 et
2458 1393 2623 1450 grave
2652 1387 2736 1436 est
2763 1380 2928 1451 hujus
2948 1383 3078 1438 vita:
3105 1385 3362 1450 stadium,

167 1485 263 1532 ⁴νιος,
287 1469 374 1539 οὐχ
421 1469 608 1533 ὅπλον,
653 1473 755 1525 οὐκ
792 1471 997 1542 ἔνδυμα
1042 1469 1479 1543 ωγγεννὼμενον
1530 1469 1683 1541 σχών·

1846 1468 1951 1537 Ijus
1988 1477 2129 1524 meta
2160 1480 2244 1527 est
2264 1472 2602 1527 currentium
2652 1471 2926 1531 interitus.
2976 1473 3362 1533 Calamitosam

166 1561 244 1632 οὐχ
264 1561 328 1625 ὡς
362 1562 467 1616 τῶν
502 1563 681 1618 ἄλλων
714 1561 868 1628 ζώων
896 1563 1152 1627 ἐλάττων,
1183 1563 1297 1617 ἀλλ’
1328 1563 1476 1626 ὅπως
1510 1564 1543 1634 ή
1597 1562 1682 1633 μὲν

1847 1570 1910 1616 ιω
1938 1562 2082 1616 viam
2131 1563 2640 1636 ambulamus,quae
2689 1567 3022 1637 sepulturam
3072 1567 3231 1622 habet
3263 1584 3363 1638 pro

166 1652 418 1725 γύμνωσις,
443 1654 623 1707 καὶτὸ
649 1655 815 1726 μηδὲν
843 1654 1261 1723 συνεπάγεσθαι,
1305 1652 1682 1725 κατασκευάζῃ

1848 1658 2125 1721 versorio;
2156 1654 2369 1710 difficile
2386 1664 2549 1726 atque
2579 1655 2838 1712 infestum
2864 1657 2987 1712 vitae
3013 1658 3238 1728 pelagus
3261 1674 3359 1714 na-

167 1745 510 1816 σοιμέριμναν·
544 1748 580 1817 ἡ
626 1747 864 1818 μέριμνα
895 1747 953 1800 δὲ
1005 1746 1064 1799 τὸ
1102 1746 1264 1815 σοφὸν
1310 1744 1683 1817 ὲκπομπεύσῃ,

1843 1758 2061 1813 gamus,
2106 1744 2194 1799 cui
2229 1744 2477 1801 infernus
2533 1757 2789 1818 tanquam
2833 1748 3045 1818 pirata,
3088 1749 3354 1805 imminet.

164 1837 240 1906 τὴν
261 1837 438 1907 ἀργίαν
468 1837 697 1911 ἐκϐάλῃ,
727 1838 996 1910 εἰσαγάγῃ
1021 1836 1120 1901 τὰς
1143 1836 1336 1907 τέχνας
1364 1836 1431 1889 δι’
1459 1834 1680 1899 ἔνδειαν,

1842 1834 1944 1889 ilus
1965 1851 2032 1891 ex
2055 1835 2308 1892 omnibus
2335 1836 2498 1892 homo
2517 1838 2701 1893 nudus
2722 1839 2981 1909 gignitur,
3009 1840 3160 1895 nullo
3180 1840 3358 1895 velar-

163 1930 351 1998 γεννήσῃ
379 1928 637 1999 μηχανῶν
696 1930 983 1993 ποικιλίας.
1026 1930 1084 1983 Ὀ
1129 1929 1238 2002 γὰρ
1266 1928 1474 1999 γυμνὸς
1519 1929 1679 1983 πολυ-

1841 1942 1996 1982 orum
2048 1930 2133 1984 vel
2177 1929 2621 1988 indumentorum
2675 1940 2910 1987 connato
2944 1949 3140 2004 genere
3171 1944 3355 2005 prote-

166 2022 381 2091 μηχανος,
428 2022 621 2094 ὥσπερ
662 2022 873 2095 κέντρῳ
898 2027 964 2097 τῇ
1008 2024 1166 2095 χρεία
1189 2024 1533 2094 νυσσόμενος,
1566 2022 1682 2089 πῶς

1843 2035 1943 2087 us;
1978 2035 2085 2074 non
2106 2021 2262 2087 ideo,
2294 2021 2436 2089 quod
2469 2016 2783 2080 sit'czeteris
2812 2027 3177 2082 animantibus
3214 2026 3353 2083 infe-

160 2111 313 2174 ὑετοὺς
340 2112 613 2186 ἀποφύγῃ,
639 2114 756 2177 πῶς
778 2113 1063 2185 σοφίσηται
1094 2115 1278 2187 κρύος,
1326 2114 1444 2177 πῶς
1471 2114 1676 2183 πληγὰς

1831 2124 1915 2176 or,
1945 2110 2041 2166 sed
2070 2117 2129 2164 ut
2159 2111 2426 2167 nuditatis
2472 2120 2676 2166 nostra:
2704 2114 3095 2178 consideratio,
3127 2122 3180 2169 et
3203 2116 3347 2186 quod

160 2200 529 2272 ἀντιφράξηται,
561 2191 681 2265 πῶς
707 2204 1002 2275 γεωργήσῃ
1032 2204 1132 2275 τὴν
1161 2204 1286 2274 γῆν,
1325 2201 1441 2266 πῶς
1471 2201 1676 2276 φοὸήσῃ

1842 2202 1915 2256 hil
1957 2203 2012 2256 in
2059 2203 2319 2257 mundum
2364 2203 2751 2270 invexerimus,
2810 2206 3050 2261 studium
3093 2206 3147 2261 in
3192 2208 3350 2265 nobis

159 2289 307 2361 θηρία,
356 2293 474 2357 πῶς·
524 2293 745 2365 δαμάσῃ
785 2294 853 2348 τὰ
898 2294 1257 2367 δυνατώτερα.
1319 2294 1675 2367 Βρεχόμενος,

1831 2300 2055 2361 τοοτοοις
2100 2295 2339 2350 studium
2383 2310 2511 2349 vero
2558 2304 2613 2349 et
2661 2296 2973 2351 sollicitudo
3007 2298 3347 2368 prudentiam

154 2382 320 2455 ὀροφὴν
366 2386 722 2457 ἐτεχνήσατο·
776 2385 1047 2458 ριγώσας,
1094 2387 1386 2458 ἐπενόησεν
1453 2385 1670 2458 ἔνδυμα·

1831 2384 1997 2448 undat,
2022 2384 2325 2441 socordiam
2350 2386 2539 2454 procul
2569 2387 2780 2457 ableget
2801 2427 2817 2451 ,
2848 2396 2996 2445 artes
3044 2390 3111 2444 ad
3168 2392 3347 2446 vitan-

154 2472 473 2545 πληττόμενος
521 2477 906 2550 μεμηχάνηται
954 2476 1195 2550 θώρακα·
1264 2475 1525 2540 ἀκάνθαις
1579 2476 1670 2541 τὰς

1830 2490 1898 2528 im
1924 2482 2218 2545 egestatem
2244 2475 2547 2531 introducat
2584 2488 2638 2532 et
2672 2479 3025 2533 artificiorum
3058 2481 3346 2538 diversita-

153 2569 305 2636 χεῖρας
328 2569 533 2639 γυμνὰς
571 2571 631 2622 ὲν
680 2571 975 2643 γεωργίαις
1015 2571 1320 2641 αἱμάσσων,
1354 2569 1669 2641 ὲμελέτησεν

1826 2579 1858 2619 :s
1883 2565 2194 2637 progignat.
2223 2566 2328 2633 Qui
2366 2569 2513 2622 enim
2541 2569 2721 2623 nudus
2748 2579 2852 2637 est,
2891 2571 3189 2642 indigentia
3218 2581 3342 2628 tan-

151 2658 355 2727 ὀργάνων
375 2660 626 2731 βοήθειαν
645 2679 660 2693 ο
679 2664 1100 2735 γεγυμνωμένος
1126 2662 1190 2734 θη
1201 2660 1435 2735 ρίοιςιεῑς
1457 2661 1667 2735 βρῶμα,

1827 2672 1937 2711 iam
1970 2657 2191 2713 stimulo
2228 2658 2496 2729 impulsus
2519 2699 2534 2723 ,
2568 2661 2737 2715 multa
2771 2662 2979 2716 invenit
3008 2674 3062 2719 et
3105 2663 3343 2720 fabrica-

152 2741 276 2818 εὗρεν
302 2750 361 2804 ἐκ
375 2750 538 2820 φόϐου
556 2752 772 2823 τέχνην,
791 2752 859 2805 τὰ
880 2752 1144 2821 φοϐοῦντα
1162 2750 1449 2822 φοϐοὖσαν.
1475 2751 1668 2823 Ἀλλην

1826 2759 1896 2813 rr,
1927 2750 2200 2819 quomodo
2236 2751 2430 2821 pluvia:
2468 2751 2824 2817 declinanda,
2866 2756 3140 2824 quomodo
3170 2755 3342 2828 frigus

151 2837 195 2903 ὲξ
219 2838 362 2911 ἄλλης
405 2839 697 2913 ἐγέννησεν
743 2843 1083 2916 ήγύμνωσις
1131 2843 1367 2906 σύνεσιν,
1413 2843 1489 2907 ὡς
1534 2837 1667 2897 εἶναι

1825 2839 2069 2895 rudenter
2129 2841 2462 2907 arcendum,
2526 2844 2802 2913 quomodo
2856 2845 2926 2900 ad
2998 2849 3341 2917 repellendos

149 2929 221 2981 καὶ
242 2932 326 3001 τὴν
348 2933 629 3002 γύμνωσιν
650 2933 820 3004 δῶρον
858 2935 949 2987 καὶ
971 2934 1130 3005 χάριν
1153 2935 1498 3008 δεσποτικήν.
1519 2935 1665 3007 Γυμ-

1826 2938 1915 2986 tus
1942 2931 2142 2984 muniri
2160 2938 2394 3001 oportet,
2423 2933 2698 3002 quomodo
2733 2940 2879 2989 terra
2909 2935 3135 2991 colenda
3157 2977 3172 3001 ,
3202 2951 3342 3008 quo-

147 3023 217 3085 νὸς
241 3020 321 3077 οὖν
344 3026 433 3079 καὶ
478 3028 509 3079 ὀ
550 3025 671 3080 Ἰὼϐ
704 3028 976 3092 καταστὰς
1004 3029 1318 3101 χρημάτων,
1354 3030 1663 3100 κτημάτων,

1828 3022 1933 3078 odo
1959 3021 2089 3078 feris
2134 3030 2311 3080 metus
2355 3024 2731 3090 incutiendus,
2771 3033 2826 3080 et
2869 3028 3140 3097 quomodo
3173 3031 3339 3084 robu-

148 3113 401 3181 εὒτεκνίας,
430 3118 818 3183 πολυτεκνίας,
842 3121 937 3174 καὶ
969 3122 1146 3176 πάντα
1166 3122 1222 3174 ὲν
1256 3119 1445 3191 βραχεῖ
1465 3121 1664 3175 ἀποϐα-

1825 3113 1939 3167 iora
1988 3114 2243 3168 animalia
2300 3114 2572 3171 domanda
2604 3117 2733 3172 sint.
2764 3115 3127 3183 Quamobrem
3156 3121 3337 3190 pluvia

146 3202 244 3269 λὼν,
272 3208 360 3278 τὴν
388 3209 721 3281 εὐχάριστον
741 3210 942 3282 ταύτην
962 3211 1142 3284 φωνὴν
1174 3211 1476 3282 ἐξεϐόησεν·
1512 3214 1662 3280 Γυμ-

1822 3204 2029 3261 erfusus
2082 3214 2224 3261 tecta
2286 3206 2620 3275 fabricavit;
2678 3208 2881 3280 frigore
2932 3210 3338 3267 vehementiore

145 3294 228 3361 νὸς
248 3298 493 3367 ἐξῆλθον
522 3302 595 3354 ἐκ
618 3300 861 3368 νηδύος,
885 3301 1107 3371 γυμνὸς
1132 3301 1232 3355 καὶ
1263 3301 1661 3371 ἀπελεύσομαι

1821 3295 2027 3363 Ilictus,
2057 3297 2370 3353 indumenta
2426 3300 2779 3371 excogitavit;
2820 3300 2962 3355 ictus
2995 3315 3059 3355 ac
3083 3300 3337 3355 vulnera-

143 3384 252 3449 ἐκεῖ,
279 3391 403 3462 πρὸς
423 3391 560 3445 Θεὸν
593 3391 794 3464 δηλαδὴ
821 3394 913 3446 καὶ
938 3393 1035 3465 τὴν
1059 3393 1335 3465 μακαρίαν
1359 3390 1509 3463 λῆξιν
1531 3394 1659 3447 ἐκεί·

1820 3406 1884 3454 IS,
1908 3391 2440 3460 thoraceminvenit;
2472 3407 2595 3447 cum
2636 3409 2832 3450 manus
2865 3394 2919 3448 in
2949 3395 3336 3465 agricolatione

144 3492 216 3546 νην
244 3482 323 3535 καὶ
353 3483 666 3537 ἀνάπαυσιν
677 3521 691 3536 .

1817 3490 2049 3553 ccupatze
2077 3484 2249 3554 spinis
2290 3495 2738 3554 cruentarentur,
2768 3487 3098 3542 rusticorum
3128 3486 3333 3540 instru-

143 3578 400 3627 mentorum
430 3574 837 3629 adminiculum
868 3575 1227 3646 excogitavit;
1270 3575 1452 3631 nudus
1486 3581 1544 3639 in
1619 3572 1890 3630 exsistens
1912 3581 1965 3629 et
1994 3589 2119 3630 esca
2150 3574 2345 3632 belluis
2366 3617 2382 3642 ,
2415 3585 2586 3632 artem
2636 3585 2979 3634 commentus
3042 3585 3148 3643 est,
3213 3593 3336 3647 qua:

142 3655 533 3722 formidabilibus
562 3667 911 3723 formidinem
958 3669 1247 3724 incuteret.
1279 3669 1452 3724 Aliam
1483 3684 1549 3724 ex
1573 3668 1678 3723 alia
1717 3667 1996 3723 solertiam
2028 3666 2248 3724 nuditas
2268 3670 2489 3740 genuit,
2521 3677 2580 3724 ut
2601 3670 2713 3740 jam
2742 3669 2964 3725 nuditas
2993 3669 3198 3724 donum
3259 3668 3333 3722 sit

140 3749 331 3824 Domini,
361 3771 416 3815 et
442 3760 627 3831 gratia
677 3760 748 3815 ab
792 3761 886 3815 illo
914 3776 1196 3818 concessa.
1228 3760 1478 3818 Nudatus
1511 3760 1677 3831 igitur
1713 3758 1817 3815 Job
1837 3760 2032 3831 Opibus
2052 3762 2189 3826 suis,
2221 3762 2687 3832 possessionibus,
2718 3761 2979 3833 praeclara
3030 3768 3083 3815 et
3139 3774 3333 3815 nume-

137 3860 233 3902 rosa
258 3853 468 3921 sobole,
498 3863 556 3910 et
589 3854 743 3910 brevi
770 3856 946 3925 spatio
976 3855 1065 3911 his
1094 3856 1347 3911 omnibus
1371 3856 1655 3925 spoliatus,
1699 3853 1803 3909 hac
1824 3855 1980 3924 plena
2007 3854 2147 3925 grati
2171 3854 2487 3909 animivoce
2507 3855 2829 3910 exclamavit
2874 3872 2888 3907 :
2932 3850 3123 3907 Nudus
3158 3867 3331 3922 egres-

139 3953 203 3991 su
223 3958 319 3998 sum
341 3961 407 4000 ea:
451 3954 631 4010 utero,
663 3943 835 3999 nudus
868 3947 1027 4001 etiam
1062 3956 1290 4001 revertar
1322 3946 1472 4010 illuc,
1507 3945 1766 3999 nimirum
1789 3943 1856 3998 ad
1883 3944 2046 3999 Deum
2075 3952 2131 3999 et
2153 3945 2432 4001 beatorum
2463 3951 2667 4001 sortem
2694 3951 2748 4001 et
2775 3959 3035 4016 requiem.

1634 4254 1744 4314 VI.

1072 4394 1185 4455 EX
1210 4396 1521 4458 NICETE
1553 4393 1867 4457 CATENA
1898 4394 1977 4453 IN
2014 4390 2154 4451 JOB
2185 4385 2329 4467 (90).

1428 4510 1585 4582 (Cap.
1630 4522 1781 4573 xxxv,
1829 4526 1881 4565 v.
1916 4509 1990 4576 7.)

176 4681 351 4757 Χρῆμα
388 4688 500 4741 τῶν
526 4685 706 4742 ἄλλων
735 4686 985 4742 ἁπάντων
1012 4689 1091 4743 ὅτι
1122 4690 1353 4761 μάλιστα
1378 4690 1647 4762 τιμαλφέ-
1682 4702 1692 4757 ]

1805 4690 1966 4763 373
1981 4689 2157 4744 Animi
2176 4687 2541 4758 tranquillitas
2558 4701 2737 4742 rerum
2751 4691 2993 4744 omnium
3011 4689 3168 4761 longe
3195 4707 3318 4760 pre-

126 4779 329 4848 στατονή
360 4776 654 4852 ἀταραξία-
680 4778 916 4831 τοιοῦτον
940 4780 1070 4849 ἡμῖν
1108 4781 1137 4833 ό
1161 4780 1316 4850 λόγος
1340 4782 1642 4852 ὑπογράφει

1797 4786 2051 4842 osissima
2103 4791 2187 4838 est
2221 4800 2234 4836 :
2269 4782 2431 4836 talem
2483 4780 2643 4835 nobis
2685 4780 2773 4835 hic
2820 4789 3082 4838 tractatus
3119 4781 3313 4837 Jobum

122 4863 190 4915 τὸν
227 4870 479 4939 μακάριον
536 4869 681 4925 Ἰὼϐ.
723 4870 949 4941 Εἴρηται
989 4872 1098 4944 γὰρ
1139 4874 1267 4942 περ)⁸
1310 4869 1495 4925 αὐτοῦ’
1552 4872 1638 4937 Τίς

1793 4896 1847 4935 ro
1871 4877 2174 4946 exemplari
2204 4873 2459 4945 proponit
2472 4888 2493 4935 ':
2524 4873 2731 4928 dictum
2761 4875 2907 4929 enim
2952 4883 3037 4931 est
3094 4875 3159 4930 de
3202 4892 3267 4930 eo
3296 4894 3309 4929 :

123 4955 244 5025 ἀνὴρ
274 4960 472 5032 ὥσπερ
523 4961 665 5026 Ἰὼϐ,
699 4962 890 5015 πίνων
906 4963 1324 5033 μυκτηρισμὸν
1346 4965 1426 5030 ὡς
1451 4961 1639 5030 ὕδωρ;

1800 4970 1879 5023 uis
1906 4969 1984 5022 vir
2007 4976 2063 5021 ut
2076 4966 2112 5020 α
2117 4967 2200 5032 ob,
2232 4965 2406 5020 bibens
2432 4964 2897 5021 subsannationem
2926 4966 3061 5019 sicut
3083 4968 3312 5035 aquam?

135 5049 470 5125 ’Δξιοζήλωτος
516 5054 626 5125 γὰρ
659 5053 895 5124 άληθῶς,
939 5054 1033 5108 καὶ
1059 5054 1278 5122 παντὸς,
1311 5055 1484 5126 οἶμαι,
1518 5052 1648 5107 θαύ-

1797 5073 1887 5114 ere
1908 5059 2068 5113 etiam
2096 5041 2439 5112 aemu'latione
2457 5064 2509 5111 et
2531 5055 2683 5111 omni
2713 5056 3071 5109 admiratione
3112 5055 3309 5125 dignus

121 5158 253 5209 ματος
273 5149 435 5217 ἄξιος,
463 5151 513 5202 εί
537 5148 677 5219 πρὸς
705 5147 862 5200 τοῦτό
887 5164 972 5210 τις
992 5148 1115 5218 ἥκει
1145 5147 1543 5220 μακροθυμίας,
1569 5147 1637 5211 ὡς

1792 5149 2052 5205 ansendus
2076 5157 2181 5211 est,
2213 5149 2256 5203 si
2296 5164 2360 5203 eo
2392 5148 2689 5202 tolerantia:
2730 5146 2853 5216 quis
2886 5147 3214 5217 pervenerit,
3251 5158 3308 5201 ut

117 5234 310 5303 εὕκόλως
331 5239 592 5295 δύνασθαι
618 5237 852 5292 διαθλεῖν
881 5241 978 5311 τὴν
995 5242 1059 5292 ἐκ
1082 5239 1174 5292 τοῦ
1205 5239 1633 5294 πλεονεκτεῖσθαι

1793 5253 1867 5291 1m
1898 5251 2148 5302 maerore,
2188 5253 2251 5291 ex
2278 5236 2475 5306 injuria
2504 5237 2651 5290 illata
2682 5238 2860 5306 reipsa
2890 5236 3108 5298 acerbo,
3136 5242 3190 5289 et
3215 5236 3309 5304 qui

116 5320 321 5396 δριμεῖαν
351 5329 590 5403 άληθῶς,
623 5330 721 5383 καὶ
756 5330 816 5382 οὐ
844 5332 954 5393 τοῖς
980 5327 1231 5400 τυχοῦσιν
1277 5328 1632 5398 εὐκαταγώνι-

1793 5330 1920 5385 bviis
1948 5329 2251 5399 quibusque
2284 5328 2444 5384 rebus
2465 5328 2764 5399 expugnari
2797 5342 2906 5387 non
2932 5334 3130 5396 potest,
3149 5325 3309 5383 facile

116 5428 212 5471 υτον
228 5420 413 5494 λύπην.

1747 5430 1957 5474 certare
1989 5420 2182 5476 valeat.

169 5576 217 5634 ’Β
238 5573 293 5630 Ρ.
324 5574 463 5632 1005
499 5574 611 5631 ED.
650 5571 784 5630 POT
790 5571 945 5627 TER.

167 5721 259 5793 (90)
281 5726 403 5800 Alia;
424 5727 601 5800 hujus
632 5734 687 5783 et
731 5725 1086 5800 praecedentis
1122 5726 1408 5800 fragmenti
1447 5725 1631 5800 ver-sio
1704 5761 1707 5763 η
1734 5727 2033 5800 Clementis
2068 5728 2294 5800 totidem
2328 5727 2508 5784 verbis
2539 5728 2868 5799 usurpatam
2896 5743 3066 5800 essea
3098 5726 3305 5800 Cyrillo

114 5805 258 5850 exstat
291 5815 341 5853 In
380 5795 535 5853 Pauli
565 5795 818 5869 Comitoli
839 5796 1041 5852 Catena
1090 5800 1144 5850 in
1173 5795 1391 5869 Jobum,
1431 5795 1524 5869 ubi
1560 5795 1630 5849 de
1735 5797 1914 5866 Δίρκη,
1946 5799 2048 5853 sub
2069 5799 2228 5869 cujus
2258 5802 2476 5854 nomine
2505 5795 2981 5855 exslat‘inCatcna
3007 5795 3228 5855 Niceiaz.

116 5869 365 5929 posteriori
387 5886 439 5942 p.
467 5869 567 5925 451
613 5866 889 5932 observat,
940 5867 1439 5939 interpretationem
1486 5867 1627 5920 hanc
