3840 6534
564 324 667 383 ἀἱ
767 377 784 391 ,
1665 330 2057 390 CLEMENTIS
2095 331 2559 388 ALEXANDBINI
3655 341 3730 406 7t;

1465 569 1575 628 EX
1605 568 1914 630 NICETJE
1935 567 2249 629 CATENA
2269 572 2348 630 IN
2371 571 2872 633 MATTHJEUM.

1927 669 2081 737 (Cap.
2111 684 2164 731 v,
2187 686 2238 724 v.
2267 669 2382 739 42.)

630 756 994 832 Eleemosyna:
1025 759 1304 823 faciendae,
1334 768 1388 814 at
1413 775 1536 814 cum
1560 760 1790 830 judicio,
1821 769 1874 815 et
1918 762 1988 816 iis
2025 763 2117 832 qui

2291 764 2548 835 Ποιητέον
2598 764 2981 837 ἐλεημοσύνας,
3030 766 3164 822 ἀλλὰ
3217 771 3354 840 μετὰ
3395 771 3626 842 κρίσεως,
3661 780 3731 831 καὶ

555 849 702 921 digni
729 860 876 914 sunt,
909 859 967 905 ut
1007 852 1417 906 retributionem
1463 853 1801 907 inveniamus
1827 852 2070 908 Altissim

2221 859 2332 919 τοῖς
2352 857 2539 922 ἀξίοις,
2575 859 2660 910 ἴνα
2689 859 2936 930 εὕρωμεν
2964 861 3310 932 ἀνταπόδομα
3341 863 3486 935 παρὰ
3508 865 3589 918 τοῦ
3612 867 3730 936 Ὑψίο

555 939 648 996 Vae
678 951 856 997 autem
901 943 1248 1006 habentibus,
1283 953 1337 997 ct
1378 943 1651 1013 hypocrisi
1701 943 2071 1012 accipientibu:

2224 965 2370 1002 στου.
2403 951 2536 1003 Οὑα).
2573 949 2629 1002 δὲ
2662 953 2772 1012 τοῖς
2815 949 3014 1019 ἔχουσι,
3059 953 3152 1004 καὶ
3179 953 3236 1004 ἐν
3266 954 3540 1025 ὑποκρίσει
3569 957 3731 1028 λαμϐά-

555 1043 649 1088 aut
683 1050 802 1090 sese
848 1036 994 1104 ipsos
1039 1035 1230 1104 juvare
1268 1035 1595 1099 valentibus,
1625 1043 1679 1088 et
1707 1035 1776 1089 ab
1811 1036 1935 1089 aliis
1965 1051 2068 1088 aux

2224 1057 2424 1102 νουσιν,
2457 1039 2488 1110 ἦ
2515 1040 2831 1110 δυναμένοις
2865 1041 3077 1113 βοηθεῖν
3110 1043 3342 1107 ἑαυτοῖς,
3375 1046 3464 1098 καὶ
3489 1045 3730 1117 λαμϐάνειν

555 1129 685 1182 lium
727 1128 1070 1182 emendicare
1132 1127 1460 1182 volentibus.
1507 1125 1612 1192 Qui
1649 1127 1793 1181 enim
1845 1127 2069 1180 habueri

2226 1133 2353 1203 παρ’
2378 1132 2578 1203 ἐτέρων
2610 1132 2949 1203 βουλομένοις
2969 1134 2980 1186 1
3013 1137 3040 1186 6
3063 1135 3170 1206 γὰρ
3190 1135 3328 1205 ἔχων
3352 1138 3445 1189 κα).
3468 1139 3530 1192 δι’
3553 1141 3730 1213 ὑπόκρι-

553 1234 617 1272 ac
647 1234 742 1289 per
770 1219 1097 1290 hypocrisim
1120 1227 1213 1274 aut
1233 1219 1499 1275 desidiam
1526 1219 1820 1290 acceperit,
1861 1218 2069 1274 conden

1905 1218 2118 1274 ondem-
2227 1243 2308 1278 σιν
2337 1227 2369 1297 ἢ
2395 1225 2587 1296 ἀργίαν
2620 1225 2908 1297 λαμϐάνων
2938 1228 3421 1300 κατακριθήσεται.

554 1313 796 1367 nabitur.

1623 1453 1680 1512 ἧς
1715 1447 1796 1502 Ea:
1821 1448 2003 1504 eadem
2037 1449 2090 1502 in
2119 1463 2232 1513 cap.
2264 1463 2386 1511 xm,
2423 1463 2476 1501 v.
2504 1446 2688 1510 51,52.

618 1562 1042 1618 Annuntiativus
1071 1563 1224 1634 regni
1251 1564 1512 1619 caelorum
1545 1579 1724 1619 sermo
1752 1580 1876 1620 acer
1897 1563 2114 1635 quidem

2305 1561 2360 1615 '0
2393 1561 2490 1631 τῆς
2505 1562 2610 1614 τῶν
2631 1563 2688 1614 οὑ
2697 1563 2867 1632 ρανῶν
2895 1561 3166 1634 βασιλείας
3188 1563 3594 1632 καταγγελτικὸς
3610 1566 3729 1634 λόγος

549 1671 614 1710 ac
643 1656 886 1720 mordax,
911 1656 1363 1727 quemadmodum
1395 1657 1594 1726 sinapi,
1638 1672 1702 1710 ac
1731 1658 2005 1712 choleram
2036 1655 2065 1710 d

2219 1652 2415 1724 δριμὺς
2445 1655 2541 1723 μέν
2567 1655 2681 1707 ἐστι
2706 1656 2799 1708 καὶ
2823 1655 3094 1726 δηκτικὸς,
3122 1655 3373 1726 καθάπερ
3388 1656 3445 1708 τὺ
3465 1656 3641 1720 σίναπι,
3660 1658 3729 1710 καὶ

547 1765 762 1819 gerens,
785 1749 838 1802 id
869 1759 950 1804 est
989 1748 1357 1815 iracundiam;
1394 1757 1448 1804 et
1489 1750 1738 1820 phlegma
1770 1749 2032 1813 incidens,

2219 1746 2321 1816 τῆς
2372 1746 2534 1816 χολῆς
2575 1747 2840 1817 βιωτικος,
2896 1747 3140 1800 τουτέστι
3190 1746 3284 1800 τοῦ
3335 1747 3518 1818 θυμοῦ,
3559 1749 3638 1801 καὶ
3658 1749 3727 1801 τοῦ

547 1848 632 1894 est
678 1841 1007 1910 superbiam,
1059 1856 1124 1896 ex
1177 1856 1287 1911 quo
1323 1855 1576 1896 sermone
1619 1855 1744 1894 vera
1787 1839 1981 1894 animm
2031 1855 2063 1894 s;

2220 1838 2527 1909 φλέγματος
2586 1839 2948 1902 διακοπτικδς,
3000 1841 3246 1894 τουτέστι
3285 1839 3382 1894 τοῦ
3408 1840 3583 1909 τύφου,
3615 1839 3663 1906 ἐξ
3683 1837 3727 1894 οὗ

487 1985 495 1992 ,
547 1932 714 1994 nitas,
765 1946 830 1985 ac
881 1940 1201 2002 perpetuum
1253 1938 1739 2002 temperamentum
1795 1931 1988 1985 oritur.

2219 1927 2376 1996 λόγου
2415 1928 2447 1998 ἡ
2485 1927 2688 1998 ἀληθὴς
2728 1928 2826 1998 τῆς
2872 1917 3046 2001 ψυχῆς
3075 1931 3272 2000 ὑγίεια,
3313 1931 3404 1984 καὶ
3433 1933 3464 2000 ἡ
3495 1932 3640 1994 ὰῖδιος
3663 1932 3730 1984 εὑ-

547 2029 758 2076 tantum
792 2031 970 2076 autem
1002 2024 1394 2077 incrementum
1429 2038 1649 2094 germen
1694 2021 1962 2077 sermonis
1997 2037 2060 2092 pe

2223 2017 2423 2088 κρασία
2467 2018 2816 2087 περιγίνεται.
2860 2019 2951 2082 Εἰς
2982 2019 3248 2090 τοσαύτην
3294 2019 3352 2073 δὲ
3395 2019 3556 2091 αὑξην
3593 2021 3729 2091 ήφυὴ

547 2114 714 2173 venit.
746 2121 805 2166 ut
839 2120 965 2167 nata
1005 2130 1070 2168 ex
1103 2129 1168 2168 eo
1201 2114 1365 2168 arbor
1424 2114 1496 2169 sit
1532 2133 1545 2167 :
1596 2129 1716 2183 quae
1763 2114 1950 2183 utique
1995 2129 2063 2169 es:

2221 2111 2316 2163 τοῦ
2345 2111 2504 2180 λόγου
2545 2113 2830 2183 προῆλθεν,
2866 2112 2942 2175 ὡς
2985 2112 3046 2165 τὸ
3089 2115 3147 2180 ἐξ
3193 2113 3356 2167 αὑτοῦ
3397 2113 3521 2183 φὺον
3559 2115 3729 2185 δένδρον

551 2207 722 2274 possit
755 2206 955 2273 ubique
990 2214 1256 2259 terrarum
1303 2207 1541 2261 stabilita
1589 2205 1790 2262 Christi
1851 2207 2067 2262 Ecclesi:

2221 2201 2396 2271 (τοῦτο
2419 2202 2464 2254 δ’
2500 2202 2564 2256 ἂν
2597 2203 2680 2274 εἴη
2713 2204 2744 2274 η
2782 2203 3052 2274 πανταχοῦ
3087 2205 3190 2275 γῆς
3242 2206 3493 2277 ἱδρυμένη
3521 2205 3603 2258 τοῦ
3627 2207 3729 2275 Χρι-

549 2305 605 2348 ut
631 2298 811 2350 omnia
856 2298 1077 2366 impleat
1103 2297 1205 2359 sic,
1239 2304 1297 2349 ut
1351 2298 1404 2350 in
1439 2298 1606 2353 ramis
1656 2299 1775 2367 eius
1815 2298 2065 2352 inhabitet

2221 2295 2347 2349 στοῦ
2393 2295 2705 2364 Ἐκκλησία)
2751 2296 2820 2348 τὰ
2858 2297 3034 2350 πάντα
3077 2284 3380 2368 πληρῶσαι,
3413 2297 3542 2350 ὥστε
3566 2301 3616 2351 ἐν
3645 2300 3729 2358 τοῖς

547 2387 799 2442 volucres
838 2389 998 2452 εαξη,
1060 2388 1234 2458 angeli
1292 2388 1544 2443 videlicet
1599 2387 1691 2444 Dei
1741 2403 1806 2442 ac
1854 2389 2063 2443 sublimi

2219 2386 2434 2449 κλάδοις
2463 2387 2630 2456 αὑτῆς
2659 2387 3152 2457 κατασκηνῶσαιτὰ
3181 2388 3500 2440 πετεινὰτοῦ
3524 2385 3727 2459 ούρανοῦ,

551 2489 761 2531 mnta).
2217 2477 2480 2545 ἀγγέλους
2510 2477 2705 2549 δηλαδὴ
2735 2477 2909 2541 θείους
2926 2480 3018 2532 καὶ
3049 2479 3352 2551 μετεώρους
3375 2480 3539 2550 ψυχάς
3563 2479 3657 2549 (91)

1751 2587 1836 2641 Ea:
1861 2587 2042 2642 eadem
2070 2589 2123 2640 in
2151 2602 2270 2655 cap.
2304 2603 2401 2650 ιιι,
2427 2603 2478 2640 v.
2510 2587 2599 2642 46.

617 2700 910 2771 Margarita
947 2710 1031 2757 cst
1046 2704 1208 2756 etiam
1251 2702 1516 2774 pellucida
1546 2710 1599 2756 et
1633 2700 1992 2755 mundissima
2026 2695 2116 2754 Je-

2287 2699 2440 2750 Ἐστι
2469 2698 2808 2770 μαργαρίτης
2837 2699 2928 2752 καὶ
2957 2700 2984 2751 6
3011 2698 3237 2770 διαυγὴς
3269 2698 3362 2752 καὶ
3395 2695 3729 2770 καθαρώτατος

547 2810 664 2857 sus,
697 2809 856 2859 quem
883 2809 950 2848 ex
975 2793 1161 2848 divino
1191 2793 1398 2861 fulgore
1430 2793 1592 2864 Virgo
1615 2796 1899 2862 concepit:
1926 2805 2063 2861 quen

2225 2788 2448 2861 Ἰησοῦς,
2480 2792 2536 2844 ὃν
2568 2791 2626 2856 ἐξ
2661 2793 2942 2864 ἀστραπῆς
2968 2791 3064 2862 τῆς
3093 2791 3240 2856 θείας
3263 2795 3296 2864 ἡ
3321 2791 3578 2864 Παρθένος
3606 2792 3727 2860 ἐγέν-

548 2885 842 2941 admodum
880 2886 1024 2939 enim
1076 2887 1373 2956 margarita
1405 2889 1459 2940 in
1490 2901 1656 2941 carne
1702 2893 1756 2939 et
1783 2883 2014 2945 concha,
2048 2897 2064 2936 ε

2211 2899 2385 2953 νησεν.
2447 2886 2655 2958 ’Ὠσπερ
2697 2885 2803 2957 γὰρ
2845 2887 2873 2938 6
2933 2886 3293 2957 μαργαρίτης,
3346 2887 3402 2939 ἐν
3456 2887 3603 2956 σαρκί
3653 2885 3727 2938 καὶ

548 2977 757 3046 liquore
771 2975 1043 3031 exsistens
1073 2991 1274 3046 corpus
1301 2977 1513 3031 videtur
1535 2991 1655 3031 esse
1689 2975 1924 3029 lucidum
1948 2989 2012 3028 ac
2045 2974 2058 3026 l

2209 2976 2435 3046 ὀστρείῳ
2466 2977 2560 3029 καὶ
2587 2980 2643 3030 ἐν
2680 2978 2862 3049 ὑγροῖς
2885 2979 3192 3048 γενόμενος,
3241 2978 3402 3048 σῶμα
3431 2978 3590 3030 ἔοικεν
3614 2973 3725 3030 εἶναι

553 3075 798 3134 quinum,
832 3066 970 3121 lucis
997 3081 1061 3120 ac
1091 3067 1316 3136 spiritus
1339 3065 1578 3135 plenum,
1603 3065 1678 3118 ita
1698 3065 2069 3120 etincarnatut

2214 3066 2379 3139 ὑγρὸν
2410 3069 2502 3122 καὶ
2530 3067 2739 3132 διειδές,
2766 3069 2936 3137 φωτὸς
2959 3069 3053 3122 καὶ
3086 3067 3392 3139 πνεύματος
3416 3068 3590 3139 γέμον,
3615 3065 3729 3119 οὑτω

551 3155 694 3212 Deus
733 3157 957 3211 verbum
982 3159 1073 3212 lux
1102 3165 1187 3213 est
1218 3157 1518 3228 spiritualis
1553 3172 1648 3226 per
1681 3155 1918 3211 lucidum
1948 3170 2012 3210 ac
2042 3155 2067 3210 li

2216 3161 2310 3214 καὶ
2370 3161 2398 3214 6
2442 3161 2740 3233 σαρκωθεὶς
2770 3162 2901 3225 Θεὸς
2939 3161 3264 3230 λόγος,’φῶς
3297 3163 3412 3214 ἐστι
3447 3161 3627 3233 νοερὸν,
3655 3160 3731 3216 διὰ

547 3245 774 3316 quidum
808 3263 1006 3318 corpus
1045 3248 1278 3321 fulgens.

2215 3251 2390 3321 φωτὸς
2420 3255 2514 3307 κα).
2547 3253 2712 3326 ὑγροῦ
2751 3253 3029 3326 ἐκλάμψας
3061 3251 3310 3325 σώματος
3336 3255 3462 3327 (92).

2098 3501 2262 3563 VIII.

1268 3628 1371 3686 EX
1408 3626 1721 3688 CATENA
1747 3626 1825 3685 IN
1857 3625 1920 3686 S.
1969 3625 2238 3686 LUCAM
2266 3627 2315 3685 Α
2351 3625 2758 3688 CORDERIO
2791 3625 3059 3688 EDITA.

623 3767 749 3823 Car.
799 3783 884 3830 tu,
923 3786 975 3823 ν.
1031 3768 1121 3823 εει.
1167 3767 1285 3824 Non
1330 3770 1417 3824 hic
1465 3769 1724 3835 hominis,
1754 3771 1845 3826 sed
1904 3768 2105 3822 colunt-
2139 3773 2178 3828 C
2209 3785 2314 3840 que
2341 3779 2704 3827 consentanea
2727 3773 2810 3827 via
2840 3786 2960 3842 quae
2989 3787 3086 3840 per
3115 3769 3225 3825 iota
3269 3769 3392 3826 Iesu
3438 3772 3729 3830 insinuatur.

539 3856 620 3910 ba:
639 3859 1040 3912 similitudinem
1073 3859 1214 3914 Deus
1235 3863 1701 3931 assumpsit;quia
1727 3862 1941 3917 volebat
1967 3876 2104 3915 nova
2210 3871 2293 3918 est
2334 3863 2451 3932 ipsa
2491 3865 2612 3933 ejus
2659 3864 3030 3934 bonitas,quaa
3061 3863 3246 3920 lldeles
3289 3881 3356 3920 ex
3404 3865 3595 3927 auditu,
3633 3864 3734 3917 sine

537 3950 775 4019 quadam
812 3951 1150 4021 apparitione
1178 3951 1412 4022 Spiritus
1451 3968 1544 4022 per
1569 3953 1832 4008 columbae
1854 3953 2106 4007 similitu-
2209 3956 2563 4024 cespitatione
2589 3966 2905 4012 constanter
2938 3956 3146 4027 dirigit.
3183 3955 3308 4010 Non
3355 3957 3521 4026 itaque
3540 3963 3732 4024 prater-

537 4041 745 4104 dinem,
784 4042 1192 4112 simplicitatem
1217 4057 1281 4096 ac
1307 4044 1776 4098 mansuetudinem
1807 4045 2100 4100 declarare.
2207 4048 2302 4100 ibit
2327 4065 2358 4101 a
2389 4048 2494 4118 lege
2527 4049 2637 4102 iota
2670 4066 2830 4102 unum
2858 4059 2950 4102 aut
2981 4062 3122 4104 Imus
3147 4065 3300 4116 apex,
3324 4049 3426 4104 hoc
3449 4058 3544 4112 est,
3580 4060 3735 4114 neqme

610 4133 735 4188 Car.
764 4151 872 4196 xvn,
906 4151 956 4191 v.
1005 4136 1086 4190 l7.
1130 4134 1289 4189 Forte
1321 4143 1498 4190 autem
1528 4152 1624 4208 per
1649 4137 1760 4190 iota
1785 4145 1839 4191 et
1868 4151 1964 4206 per
1989 4137 2104 4204 api-
2207 4153 2237 4191 a
2269 4139 2434 4194 rectis
2460 4147 2514 4194 et
2552 4141 2736 4210 probis
2764 4147 2962 4195 mutua:
2984 4141 3466 4210 repromissiones:
3498 4151 3657 4208 neque
3677 4134 3734 4186 ab

447 4223 450 4226 ⁴
537 4241 648 4278 cem
667 4227 881 4294 justitia
915 4227 1034 4296 ejus
1057 4228 1276 4290 clamat,
1311 4227 1355 4281 si
1391 4229 1516 4280 recti
1551 4227 1619 4280 ad
1647 4245 1726 4281 me
1755 4227 2016 4289 veneritis,
2050 4237 2100 4280 et
2205 4229 2439 4300 obliquis
2459 4237 2512 4286 et
2535 4233 2774 4302 iniustis,
2805 4249 2925 4303 quae
2953 4233 3061 4287 illis
3092 4233 3439 4287 interminata
3467 4237 3543 4286 est
3570 4240 3731 4298 pmna.

537 4335 627 4388 ego
662 4332 803 4374 recta
835 4322 904 4374 ad
927 4341 1011 4377 vos
1044 4325 1242 4377 veniant
1266 4339 1285 4387 ;
1315 4325 1394 4378 sin
1424 4323 1638 4394 obliqui,
1667 4333 1718 4379 et
1745 4341 1836 4395 ego
1867 4324 2092 4393 oblique,
2200 4320 2469 4390 Benefacit
2495 4325 2632 4376 enim
2674 4323 2924 4378 Dominus
2953 4324 3120 4387 bonis,
3151 4325 3469 4379 declinantes
3497 4334 3656 4377 autem
3683 4321 3729 4371 in

537 4410 664 4462 dicit
692 4411 944 4466 Dominus
985 4416 1234 4468 virtutum
1257 4426 1318 4476 I;
1369 4415 1652 4470 insinuans
1696 4417 2004 4485 implicatas
2041 4422 2096 4469 et
2202 4412 2547 4483 obligationes
2579 4414 2801 4471 adducet
2842 4416 3094 4471 Dominus
3137 4433 3256 4469 cum
3291 4415 3610 4486 operantibus
3644 4410 3734 4464 ini-

538 4500 785 4570 obliquas
816 4517 1159 4572 peccatorum
1202 4526 1324 4565 esse
1358 4510 1489 4563 vias.
1533 4506 1666 4560 Nam
1703 4515 1848 4561 recta
1872 4518 2102 4561 naturaa-
2207 4504 2458 4569 quitatem
2498 4503 2549 4558 1³.

2076 4791 2192 4853 IX.

1895 4910 2392 4972 FRAGMENTA

1201 5013 1290 5068 EX
1325 5010 1716 5070 CLEMENTIS
1753 5005 2221 5067 ALEXANDRINI
2259 5013 2481 5069 LlBRlS
2538 5016 2717 5068 r1101

1573 5010 1716 5070 ΗΤιὸ
1753 5005 2221 5067 ALEXANDRINI
2259 5013 2481 5069 LlBRlS
2538 5012 3089 5068 ΥΠΟΤΥΠΩΣΕΩΝ.

2123 5133 2192 5148 —

1415 5193 1499 5246 Ea:
1533 5193 1623 5248 lib.
1651 5193 1742 5248 Ill.
1771 5221 1842 5232 ——
1867 5194 1967 5263 Ap.
2002 5192 2226 5249 (Eoum.
2258 5194 2310 5246 in
2354 5190 2384 5245 I
2415 5192 2481 5244 ad
2511 5189 2660 5254 Cor.,
2694 5206 2771 5254 ιι,
2805 5189 2891 5245 10.

607 5305 830 5377 Propter
858 5309 1086 5380 angelos.
1143 5309 1377 5381 Angelos
1407 5311 1538 5366 dicit
1573 5312 1753 5381 justos
1790 5325 1855 5365 ac
1886 5313 2089 5380 probos
2121 5321 2123 5371 ζ

2262 5310 2365 5364 Διὰ
2392 5309 2532 5375 τοὺς
2561 5307 2870 5379 ἀγγέλους.
2907 5304 3195 5375 Ἀγγέλους
3223 5301 3356 5376 φησὶ
3377 5303 3495 5364 τοὺς
3510 5295 3738 5357 δικαίους

527 5400 702 5455 viros.
729 5397 1016 5469 Operiatur
1045 5416 1194 5471 ergo,
1225 5417 1294 5456 ne
1340 5401 1408 5455 ad
1453 5409 1703 5470 stuprum
1748 5400 1829 5456 eis
1857 5401 2043 5458 oliend:

2225 5401 2286 5455 αἱ
2310 5401 2614 5472 ἐναρέτους.
2636 5396 3147 5454 Κατακαλυπτέσθω
3171 5390 3285 5459 οὑν,
3306 5393 3392 5447 ἵνα
3418 5390 3488 5465 μὴ
3511 5389 3589 5452 εἰς
3615 5402 3741 5459 τωρ-

608 5555 666 5614 ὦ
709 5550 770 5606 Ρ.
810 5552 948 5612 10οι
985 5552 1090 5609 ΕΙ).
1130 5551 1430 5608 POTTER.
1503 5565 1528 5593 ι
1566 5551 1712 5609 Psal.
1751 5571 1885 5621 xvn,
1913 5555 2003 5609 27.
2081 5556 2110 5596 δ

1085 5596 1090 5609 .
1130 5551 1430 5608 POTTEB.
1503 5565 1528 5593 ι
1566 5551 1712 5609 Psal.
1751 5571 1885 5621 xvn,
1913 5555 2003 5609 27.
2081 5556 2110 5596 δ
2147 5553 2294 5612 Psal.
2333 5571 2513 5620 cntv,
2551 5555 2601 5610 5.

605 5705 710 5774 (92)
745 5704 932 5780 Simile
967 5708 1094 5776 quid
1123 5707 1179 5762 in
1206 5707 1394 5763 eodem
1409 5705 1698 5764 Clementis
1726 5707 1940 5779 Patdag.
1973 5706 2068 5766 lib.
2247 5709 2356 5779 (91)
2389 5707 2484 5764 llis
2531 5703 2934 5780 quodammodo
2969 5704 3345 5780 respondent,_
3373 5717 3487 5776 qua:
3532 5699 3586 5753 in
3624 5697 3741 5754 Cte-

535 5787 597 5839 n,
623 5791 742 5846 cap.
775 5777 860 5844 12,
896 5775 1134 5848 reperias
1890 5775 1909 5779 ⁷
2184 5775 2378 5837 mentis
2411 5775 2584 5836 nostri
2613 5777 2829 5848 Padag.
2859 5779 2953 5835 lib.
2986 5792 3025 5845 ι,
3055 5791 3176 5847 cap.
3210 5775 3299 5842 11,
3332 5775 3595 5847 leguntur.
