3840 6532
170 373 247 426 715
1459 362 1743 422 FRAGME

1811 363 1898 418 ΓΑ.
3247 347 3349 424 illi

163 495 277 544 νεῖαν
338 489 527 552 αὐτοὺς
587 488 933 561 σκανδαλίσῃ·
990 487 1039 540 οἱ
1093 487 1200 558 γὰρ
1254 487 1420 550 ὅντως
1479 488 1572 540 καὶ
1625 489 1682 539 ἐν
1710 505 1743 561 Α

1811 487 1944 539 :ulo:
1985 497 2108 536 nam
2130 490 2181 535 et
2208 484 2300 552 qui
2333 499 2455 539 vere
2487 486 2540 538 in
2581 487 2734 541 cmlis
2757 496 2884 542 sunt
2915 489 3113 559 angeli,
3176 487 3350 558 ipsnul

162 584 366 653 οὐρανοῖς
393 581 610 646 ἄγγελοι
652 579 746 633 καὶ
784 579 1345 650 κατακεκαλυμμένην
1371 579 1540 649 αὐτὴν
1563 578 1680 649 βλέ-

1811 579 1910 634 icet
1943 585 2142 631 tectam
2171 577 2471 632 intuentur.

163 690 335 726 πουσιν.

1012 787 1096 842 Ea:
1128 787 1220 842 lib.
1247 787 1336 841 IV.
1359 788 1545 855 -—Ap.
1577 783 1815 838 eumdem
1862 781 1913 833 in
1941 778 2004 832 11
2030 778 2097 832 ad
2129 777 2251 832 Cor.
2279 793 2331 830 ν.
2369 775 2456 830 l6.

1859 883 2030 946 Porro
2087 882 2245 943 etiam
2295 876 2340 942 si
2395 882 2727 957 cognovimus
2766 883 3035 942 Christum
3069 883 3353 944 secundum

1789 1001 2019 1039 carnem.
2045 981 2510 1050 Quemadmodum
2534 979 2677 1050 apud
2698 995 2798 1036 nos
2821 981 3119 1036 secundum
3133 975 3354 1038 carnem

1792 1091 1936 1136 esse,
1965 1074 2165 1130 dicitur
2203 1087 2324 1128 esse
2364 1072 2421 1124 in
2459 1073 2731 1141 peccatis;
2761 1080 2816 1128 et
2849 1074 2969 1130 sine
2993 1074 3079 1130 his
3106 1089 3251 1139 esse,
3274 1074 3358 1128 di—'

1787 1163 1929 1219 citur
1955 1177 2076 1218 esse
2101 1172 2211 1217 nan
2244 1165 2543 1218 secundum
2577 1179 2798 1219 carnem
2833 1185 2845 1219 :
2879 1165 2948 1218 ita
2979 1161 3196 1235 quoque
3216 1161 3360 1234 apud

1786 1251 2066 1310 Christum
2097 1254 2396 1309 secundum
2435 1270 2655 1310 carnem
2679 1271 2799 1311 esse
2826 1257 3048 1320 dicitur,
3096 1255 3364 1310 naturali-4

1787 1345 1893 1400 bus
1920 1345 2114 1415 subjici
2147 1342 2558 1414 aﬂ'ectionibus;
2589 1362 2700 1402 non
2724 1347 2920 1416 subjici
2942 1363 3092 1411 vero,
3110 1350 3360 1403 essenon

1793 1435 2094 1491 secundum
2132 1451 2373 1492 carnem.
2412 1437 2517 1492 Sed
2535 1438 2991 1508 quemadmodum
3026 1439 3136 1504 ille,
3161 1437 3362 1508 inquit;

213 903 269 954 El
315 897 380 953 δὲ
432 899 529 953 καὶ
579 898 920 970 ἐγνώκαμεν
963 901 1113 954 κατὰ
1162 900 1359 969 σάρκα
1409 900 1679 968 Χριστόν.

163 991 334 1061 Ὥσπερ
362 989 514 1061 ἡμῶν
551 991 614 1044 τὸ
642 991 782 1045 κατά
820 991 998 1064 σάρκα
1029 992 1145 1045 ἐστὶ
1182 993 1243 1044 τὸ
1270 993 1326 1043 ἐν
1367 991 1682 1062 ἁμαρτίαις,

160 1082 232 1133 καὶ
254 1079 307 1132 τὸ
334 1079 434 1146 ἔξω
455 1078 662 1133 τούτων
687 1081 746 1133 οὐ
775 1079 916 1135 κατὰ
942 1079 1136 1152 σάρκαο
1159 1079 1300 1134 οὕτω
1329 1080 1420 1132 καὶ
1446 1064 1540 1132 τοῧ
1563 1078 1686 1150 Χρι-

161 1171 258 1224 στοῦ
277 1171 332 1224 τὸ
351 1170 485 1224 κατά
528 1172 709 1244 σάρκα
735 1171 798 1224 τὸ
844 1170 1010 1226 εἷκειν
1043 1174 1154 1235 τοῖς
1189 1173 1433 1240 φυσικοῖς
1465 1168 1682 1235 πάθεσι,

159 1263 290 1334 τὸμὴ
316 1261 480 1316 εἴκειν
517 1262 575 1315 δὲ
621 1263 682 1316 οὐ
717 1262 859 1317 κατά
888 1262 1082 1335 σάρκω
1114 1263 1225 1317 ἀλλ’
1262 1263 1468 1334 ῶσπερ,
1501 1265 1682 1334 φησιν,

158 1356 324 1418 ἐκεῖνος
347 1354 656 1427 ἀπηλλάγη,
686 1355 828 1410 οὓτω
851 1355 944 1408 καὶ
967 1355 1143 1426 ἡμεῖςι

1795 1529 2058 1587 liberatus
2078 1541 2186 1597 est,
2223 1532 2304 1588 sic
2325 1540 2386 1622 et
2401 1537 2522 1589 nos.

995 1629 1077 1684 Ea:
1099 1631 1189 1686 lib.
1215 1629 1302 1686 IV.
1332 1662 1402 1673 —
1421 1631 1522 1700 Ap.
1560 1633 1796 1723 eumdem
1818 1636 1872 1690 in
1899 1635 1964 1691 II
1995 1637 2065 1692 ad
2089 1636 2216 1694 Cor.
2243 1654 2319 1702 vr,
2355 1638 2440 1694 Η.

218 1731 270 1802 Ἡ
294 1745 501 1815 καρδία
531 1745 701 1816 ἡμῶν
735 1745 1160 1801 πεπλάτυνται.
1194 1747 1288 1810 Εἰς
1315 1746 1376 1800 τὸ
1413 1747 1590 1800 πάντα
1619 1747 1694 1800 δι·
1724 1759 1743 1813 1

1865 1752 1972 1807 Cor
1999 1761 2239 1808 nostrum
2260 1749 2547 1808 dilatatam
2568 1765 2664 1810 est.
2697 1754 2767 1810 Ut
2797 1771 2894 1810 vos
2919 1755 3106 1810 omnia
3140 1755 3368 1812 docere-

158 1839 285 1906 δάξαι
313 1840 473 1909 ὑμᾶς.
515 1837 708 1909 Ὑμεῖς
737 1838 793 1891 δέ
838 1838 1254 1909 στενοχωρεῖσθε
1278 1838 1335 1891 ἐν
1360 1841 1473 1901 τοῖς
1500 1838 1699 1909 σπλάγ-

160 1951 274 2004 χνοις
299 1933 466 2004 ὑμῶν,
513 1932 810 1998 τουτέστιν,
842 1935 900 1988 ἐν
936 1936 1004 2005 τῇ
1055 1933 1192 2005 πρὸς
1240 1931 1372 1987 Θεὸν
1397 1935 1608 2009 ἀγάπῃ,

160 2026 341 2095 ἀγαπᾷν
376 2041 440 2078 με
469 2021 734 2093 ὀφείλετε.

1801 1861 1965 1912 mus;
2010 1844 2106 1901 sed
2148 1860 2248 1900 vos
2292 1847 2510 1916 angusti
2555 1847 2688 1902 estis
2729 1847 2786 1901 in
2812 1844 3114 1903 visceribus
3145 1850 3361 1910 vestris.

1801 1935 1904 1991 hoc
1932 1944 2037 2002 est,
2067 1935 2124 1990 in
2151 1935 2440 1992 dilectidne
2484 1944 2612 2008 erga
2657 1937 2848 2005 Deum,
2877 1954 2986 2010 qua
3022 1955 3108 1995 me
3138 1938 3362 2012 diligenl

1799 2027 2031 2084 debetis.

911 2143 969 2201 »Β
1005 2137 1089 2192 Ea:
1116 2138 1210 2192 lib.
1249 2138 1313 2194 V.
1350 2170 1420 2180 —
1447 2141 1546 2209 Ap.
1568 2139 1806 2195 eumdem
1839 2141 1893 2193 in
1915 2137 2018 2209 Ep.
2053 2139 2125 2193 ad
2154 2137 2396 2207 Galatas,
2428 2155 2478 2203 γ,
2508 2137 2598 2193 24.

216 2262 269 2312 Οἱ
289 2260 352 2314 δὲ
375 2260 481 2316 τοῦ
510 2259 774 2330 Χριστοῦ
800 2258 916 2331 τῂν
945 2257 1162 2326 σάρκα.
1203 2259 1312 2312 Καὶ
1339 2259 1390 2312 τί
1412 2258 1572 2328 λέγω,
1595 2277 1698 2331 φη-

163 2350 242 2413 σὶν,
277 2350 330 2404 ἒν
365 2351 483 2406 καθ’
514 2351 573 2405 ἐν
613 2351 814 2425 ἀρετῆς
847 2345 1015 2414 εἷδος;
1046 2349 1152 2402 εἰσὶ
1179 2350 1289 2423 γάρ
1317 2367 1460 2416 τινες
1504 2352 1553 2406 οἳ
1604 2353 1695 2405 καὶ

163 2443 468 2515 ἐσταύρωσαν
487 2444 739 2506 ἑαυτοὺς,
757 2443 878 2495 ὅσον
901 2440 1035 2510 πρὸς
1056 2439 1123 2493 τὰ
1147 2441 1313 2512 πάθη,
1336 2442 1431 2496 καὶ
1452 2441 1520 2496 τά
1547 2441 1692 2514 πάθη

163 2534 256 2588 ὅσον
291 2537 417 2606 πρὸς
457 2534 706 2598 ἑαυτούς.
740 2533 897 2586 Κατά
940 2532 1142 2603 ταύτην
1183 2533 1279 2603 τὴν
1313 2533 1606 2604 ἑρμηνείαν
1632 2534 1692 2587 οὐ

164 2628 448 2697 παρέλκεται
473 2627 534 2680 τὸ
557 2626 644 2681 δέ.
673 2629 735 2679 Ol
764 2625 832 2677 δὲ
863 2625 968 2678 τοῦ
999 2625 1278 2694 Χριστοῦ,
1300 2625 1564 2688 τουτέστι,
1588 2615 1696 2678 τεί-

165 2720 413 2792 νοντες,τὴν
435 2719 643 2774 ἐαυτῶν
673 2717 851 2788 σάρκα
879 2717 1244 2789 ἐσταύρωσαν.

1875 2253 1949 2311 Hi
1978 2268 2156 2312 autem
2190 2257 2389 2313 Christi
2417 2272 2648 2312 carnem.
2689 2253 2754 2311 Et
2776 2257 2905 2328 quid
2927 2247 3262 2328 singulatim,
3286 2253 3341 2313 in
3369 2293 3373 2298 -

1799 2352 1939 2422 quit,
1969 2353 2230 2406 virtutum
2260 2352 2469 2421 species
2495 2351 2794 2408 recenseo?
2817 2349 2955 2405 Sunt
2982 2351 3127 2406 enim
3151 2345 3370 2422 quidam

1797 2443 1890 2513 qui
1920 2445 2135 2515 seipsos
2160 2444 2553 2500 cruciﬁxerunt
2576 2442 2756 2514 quoad
2781 2443 3027 2508 allectus,
3059 2451 3114 2499 et
3147 2444 3374 2498 allectus

1797 2536 1980 2603 quoad
2002 2537 2233 2606 seipsos.
2257 2535 2420 2591 Juxta
2451 2536 2595 2590 banc
2640 2527 3142 2606 interpretationem
3175 2536 3232 2589 δέ
3265 2551 3375 2592 non

1796 2639 1880 2686 est
1913 2613 2190 2698 parelcon,
2225 2629 2319 2683 sed
2353 2643 2548 2683 sensus
2576 2634 2658 2682 est
2689 2647 2702 2681 :
2735 2629 2781 2680 οἱ
2815 2627 2870 2680 δὲ
2893 2626 2987 2682 τοῦ
3021 2627 3280 2699 Χριστοῦ,
3321 2616 3376 2682 id

1799 2729 1883 2776 est
1927 2721 2021 2791 qui
2077 2736 2206 2776 vero
2251 2715 2482 2776 tendunt
2525 2712 2594 2773 ad
2635 2717 2936 2787 Christum,
2973 2735 3126 2777 suam
3156 2716 3376 2777 carnem‘

1799 2805 2212 2866 cruciﬁxerunt.

892 2922 971 2977 Ea:
1001 2922 1138 2981 libro
1168 2923 1230 2978 ν.
1262 2955 1328 2963 —
1352 2925 1449 2993 Ap.
1483 2924 1758 2981 Moschum
1787 2924 1933 2980 Prati
1961 2923 2263 2994 spiritualis
2292 2940 2409 2993 cap.
2450 2922 2577 2978 176.

216 3037 304 3090 Ναὶ
326 3037 534 3109 άληθῶς
568 3037 973 3108 ἐϐαπτίσθησαν
1008 3037 1090 3107 (οἱ
1123 3037 1407 3091 ἀπόστολοι
1436 3038 1478 3106 ),
1516 3038 1699 3102 καθὼς
1726 3050 1743 3104 ι

1873 3037 2018 3092 Sane
2051 3037 2127 3092 illi
2157 3035 2470 3108 (apostoli)
2501 3035 2760 3106 baptizati
2792 3044 2941 3100 sunt,
2972 3036 3116 3091 sicut
3161 3044 3216 3091 et
3257 3035 3383 3093 Cle-

165 3127 355 3199 Κλήμης
397 3131 426 3183 ὁ
470 3129 836 3202 Στρωματεὺς
883 3129 942 3180 ἐν
994 3127 1071 3197 τῷ
1119 3127 1351 3203 πέμπτῳ
1397 3127 1548 3200 τόμῳ
1598 3127 1706 3182 τῶν

175 3219 595 3274 Ὑποτυπώσεων
624 3220 914 3292 μέμνηται.
946 3220 1082 3290 Φησὶ
1109 3217 1236 3291 γὰρ,
1267 3219 1327 3271 τὸ
1355 3219 1704 3274 ἀποστολικὸν

168 3311 296 3381 ῥητὸν
334 3312 695 3384 ἐξηγούμενος
731 3314 792 3366 τὺ
832 3311 986 3380 λέγον
1011 3352 1026 3378 ,
1060 3310 1428 3381 Εὐχαριστῶ,
1472 3311 1560 3365 ὅτι
1592 3329 1706 3381 μη-

168 3397 279 3454 δένα
300 3402 458 3472 ὑμῶν
472 3403 785 3458 ἐϐάπτισα
820 3421 837 3454 t
870 3403 1103 3474 Χριστὸς
1131 3404 1346 3474 λέγεται
1371 3405 1577 3477 Πέτρον
1611 3405 1707 3476 μό-

168 3509 234 3545 νον
259 3495 650 3565 βεϐαπτικέναι,
687 3486 892 3572 Πέτρος
916 3487 974 3555 δέ
1005 3499 1278 3571 Ἀνδρέαν,
1297 3487 1548 3569 Ἀνδρέας
1594 3497 1699 3550 Ἰά-

169 3586 308 3641 κωϐον
331 3590 418 3643 καὶ
459 3590 739 3661 Ἰωάννην,
765 3593 959 3647 ἐκεῖνοι
992 3591 1048 3645 δέ
1077 3591 1201 3654 τοὺς
1231 3589 1469 3653 λοιπούς.
1504 3607 1524 3640 ι

1806 3146 1961 3186 mens
1993 3127 2334 3184 Stromateus
2362 3127 2609 3182 meminit
2643 3127 2698 3182 in
2729 3129 2921 3198 quinto
2955 3128 3382 3199 Hypotyposeont

1808 3222 2178 3293 Apostolicum
2208 3221 2355 3276 enim
2391 3218 2523 3274 illud
2554 3219 2760 3275 dictum
2798 3235 3077 3291 exponens
3103 3236 3213 3291 quo
3245 3221 3384 3276 dicia'

1809 3323 1899 3369 tur
1932 3334 1945 3369 :
1983 3312 2200 3368 Gratias
2233 3328 2332 3382 ago
2355 3310 2488 3375 Deo,
2510 3312 2638 3381 quia
2667 3312 2922 3366 neminem
2950 3322 3178 3367 vestrum
3212 3312 3385 3382 baptiA

1813 3407 1961 3466 ταοὶ,
2009 3423 2028 3457 ι
2058 3403 2334 3468 Christus,
2371 3401 2571 3472 inquit,
2605 3401 2808 3456 dicitur
2826 3402 3046 3458 Petrum
3079 3403 3256 3458 solum
3287 3403 3384 3457 ba-

1807 3491 2082 3567 ptizasse,
2134 3489 2328 3551 Petrus
2365 3487 2637 3548 Andream
2666 3535 2682 3560 ,
2728 3494 2974 3550 Andreas
3020 3482 3283 3550 Jacobum
3330 3503 3385 3549 et

1805 3587 2093 3654 Joannem,
2127 3589 2208 3643 illi
2239 3596 2419 3644 autem
2448 3585 2714 3654 reliquos.
2757 3593 2776 3638 ἰ

1079 3704 1161 3759 Ea:
1195 3704 1288 3762 lib.
1320 3704 1481 3760 VL—
1513 3704 1610 3772 Ap.
1651 3702 1844 3759 Euseb.
1879 3703 2020 3760 Hist.
2045 3703 2198 3768 eccl.,
2235 3719 2296 3768 ll,
2332 3703 2384 3756 1.

220 3819 426 3891 Κλήμης
468 3821 528 3874 δὲ
559 3821 619 3873 ἐν
664 3820 808 3890 ἕκτῳ
852 3819 959 3873 τῶν
996 3818 1453 3894 Ύποτυπώσεῳν
1482 3819 1706 3890 γράφων

169 3898 243 3958 ὧδε
279 3910 584 3983 παρίστησι.
619 3910 826 3981 Πέτρον
877 3910 984 3981 γάρ
1026 3926 1157 3979 φησι
1199 3903 1292 3961 καὶ
1326 3905 1576 3962 Ἰάκωϐον
1616 3910 1708 3962 καὶ¹

179 3998 393 4073 Ἰωάννην
418 4002 558 4074 μετά
579 4001 680 4072 τὴν
705 4001 971 4073 ἀνάληψιν
1000 4001 1094 4054 τοῦ
1125 4001 1394 4072 Σωτῆρος,
1428 4001 1502 4064 ὡς
1523 3998 1588 4053 ἂν
1616 4002 1708 4053 καὶ¹

171 4087 250 4142 ὑπὸ
278 4092 363 4146 τοῦ
401 4080 608 4166 κυρίου
643 4093 1164 4164 προτετιμημένους,
1200 4092 1274 4163 μὴ
1303 4092 1707 4156 ἐπιδικάζεσθαι

169 4177 309 4250 δόξης,
331 4184 441 4237 ἀλλ’
481 4183 741 4238 Ἰάκωϐον
777 4183 869 4236 τὸν
913 4183 1114 4237 δίκαιον
1158 4181 1449 4235 ἐπίσκοπον
1483 4181 1707 4252 Ἱεροσο-

169 4265 321 4340 “tum:
341 4276 575 4330 élécﬂat.

1883 3798 2134 3872 Clemens
2158 3811 2307 3872 certe
2326 3817 2381 3871 in
2404 3825 2559 3874 sexto
2583 3807 2989 3870 lnstitutionum
3014 3805 3154 3866 libro
3178 3809 3251 3864 ita
3277 3818 3390 3864 tra-‘

1812 3909 1910 3964 dit.
1943 3907 2034 3964 Ait
2079 3910 2401 3980 enim,post
2449 3908 2760 3966 Servaloris
2818 3919 3124 3974 ascensum,
3141 3894 3386 3964 Petrum,

1809 4001 2072 4056 Jacobum
2131 4009 2186 4056 et
2232 4000 2520 4066 Joannem,
2556 3999 2807 4072 quamvis
2863 3995 3126 4050 Dominus
3177 3995 3390 4048 caeteris

1811 4092 1962 4162 ipsos
2021 4093 2372 4162 praetulisset,
2404 4108 2515 4147 non
2574 4091 2779 4146 idcirco
2836 4087 2903 4142 de
2953 4086 3126 4156 primo
3163 4084 3388 4138 honoris

1809 4186 1978 4255 gradu
2009 4185 2374 4251 contendisse,
2403 4185 2496 4240 sed
2521 4182 2783 4237 Jacobum
2815 4177 3142 4248 cognomine
3171 4175 3388 4230 Justqu

1807 4275 2276 4350 Jerosolymorum
2305 4277 2623 4347 episcopum
2651 4272 2902 4342 elegisse.

947 4391 1153 4466 .374
1188 4390 1273 4445 Ea:
1289 4391 1467 4446 eodem
1495 4390 1629 4444 libro
1661 4389 1838 4444 VL—
1859 4393 1960 4464 Ap.
1992 4391 2208 4460 Eum,
2238 4391 2370 4446 ibid.
2393 4407 2441 4446 ε.
2477 4390 2561 4444 15.

226 4505 360 4560 Οὕτω
401 4507 467 4578 δὴ
505 4499 600 4560 οὖν
635 4504 1068 4576 ἐπιδημήσαντος
1094 4504 1277 4567 αὐτοῖς
1317 4503 1409 4557 τοῦ
1441 4503 1586 4556 θείου
1617 4503 1707 4556 λό-
1740 4529 1743 4581 ς

1883 4506 2052 4578 Igitur
2100 4521 2225 4561 cum
2277 4505 2370 4560 Dei
2418 4503 2664 4559 doctrina
2694 4500 2969 4555 Romanos
3014 4495 3249 4550 adventu
3285 4493 3389 4549 suo'

173 4610 266 4663 γον,
292 4599 322 4667 ἡ
351 4599 447 4669 μὲν
469 4597 566 4652 τοῦ
598 4597 841 4668 Σίμωνος
876 4595 1088 4667 ἀπέσϐη
1121 4594 1214 4649 καὶ¹
1248 4595 1584 4666 παραχρῆμα
1616 4596 1710 4649 καὶ

173 4681 233 4751 τῷ
272 4686 411 4757 ἀνδρὶ
441 4685 776 4741 καταλέλυτο
813 4683 1040 4756 δύναμις
1063 4702 1076 4716 ⁸
1107 4684 1327 4738 τοσοῦτο
1363 4685 1407 4738 δ’
1431 4684 1709 4756 ἐπέλαμψε

175 4775 268 4837 mi;
290 4777 389 4830 τῶν
427 4775 716 4846 ἀκροατῶν
755 4773 847 4829 τοῦ
895 4775 1103 4846 Πέτρου
1151 4773 1407 4838 διανοίαις
1430 4775 1709 4838 εὐσεϐείας

175 4862 360 4931 φέγγος,
381 4868 455 4930 ὡς
502 4867 577 4939 μὴ
623 4869 690 4936 τῇ
726 4864 959 4931 εἰσάπαξ
1003 4863 1202 4928 ἱκανῶς
1246 4864 1385 4935 ἔχειν
1427 4864 1709 4938 ἀρκεῖσθαι

178 4951 305 5030 ἀκοῇ,
337 4958 465 5029 μηδὲ
509 4960 575 5029 τῇ
625 4957 858 5029 ἀγράφῳ
889 4955 984 5010 τοῦ
1013 4955 1154 5009 θείου
1186 4956 1535 5029 κηρύγματος
1565 4946 1710 5012 διδα-

182 5047 372 5119 σκαλία·
419 5049 805 5120 παρακλήσεσι
848 5049 904 5102 δὲ
947 5050 1224 5112 παντοίαις
1265 5048 1510 5119 Μάρκον,
1544 5042 1605 5103 οὗ
1651 5051 1712 5103 τὸ

179 5123 466 5207 Εὐαγγέλιον
500 5141 749 5213 φέρεται,
781 5133 1066 5194 ἀκόλουθον
1095 5139 1223 5195 ὄντα
1245 5139 1710 5213 Πέτρου,λιπαρῆ-

181 5242 268 5294 σαι,
293 5231 360 5295 ὡς
399 5233 465 5287 ἂν
507 5233 602 5286 καὶ
629 5232 720 5286 διὰ
745 5232 960 5303 γραφῆς
987 5233 1283 5304 ὑπόμνημα
1316 5233 1415 5302 τῆς
1440 5232 1526 5288 διὰ
1553 5233 1710 5302 λόγου

171 5323 536 5406 παραδοθείσης
592 5325 776 5386 αὐτοῖς
827 5323 1143 5392 καταλεῖψαι
1199 5323 1573 5387 διδασκαλίας⁸
1637 5325 1711 5396 μὴ

172 5413 403 5488 Ζπρότερόν
428 5435 485 5470 τε
516 5416 726 5470 ἀνιέναι
757 5415 790 5486 ἢ
819 5415 1256 5488 κατεργάσασθαι
1287 5416 1378 5470 τὸν
1405 5417 1594 5488 ἄνδρα,
1619 5418 1714 5471 καὶ

172 5481 539 5592 ἰταύτῃήαὶτίους
568 5481 820 5576 γενέσθαι
843 5507 940 5578 τῆς
955 5481 1060 5560 ’τοῦ
1083 5507 1371 5580 λεγομένου
1401 5481 1538 5564 κατά
1557 5512 1714 5584 Μάρ-

173 5597 256 5645 ἲιον
292 5597 614 5667 Εύαγγελίου
636 5597 869 5669 γραφῆς.
904 5599 1100 5652 Γνόντα
1119 5599 1174 5653 δὲ
1202 5600 1260 5653 τὸ
1285 5602 1548 5673 πραχθὲν,
1582 5603 1711 5670 φασὶ

269 5754 319 5812 ’Β
356 5749 412 5804 Ρ.
456 5748 594 5806 10θὸ
628 5749 738 5803 ΕΙ).
782 5747 1075 5805 POTTER.

470 5849 744 5906 PATROL.
790 5847 906 5908 Gn.
958 5847 1066 5907 IX.

1816 4595 2162 4662 illustrasset,
2197 4595 2439 4651 Simonis
2468 4593 2688 4666 quidem
2738 4593 2821 4648 vis
2872 4607 2936 4645 ac
2984 4588 3226 4659 potentia
3261 4601 3386 4641 cum

1817 4695 1938 4765 ipso
1967 4693 2130 4749 simul
2159 4699 2380 4748 auctore
2412 4688 2560 4744 brev’i
2591 4687 2862 4741 exstincta
2892 4690 3055 4752 atque
3083 4680 3258 4735 deleta
3283 4689 3386 4732 est.

1817 4787 2029 4841 Tantus
2059 4795 2239 4839 autem
2270 4781 2517 4837 veritatis
2554 4778 2734 4848 fulgor
2775 4775 3002 4832 emicuit
3033 4773 3088 4827 in
3116 4770 3391 4826 mentibus

1815 4891 2027 4939 eorum,
2057 4874 2151 4945 qui
2195 4864 2412 4928 Petrum
2444 4869 2750 4932 audierant,
2791 4877 2849 4922 ut
2889 4867 3081 4938 parum”
3125 4863 3388 4916 haberent

1819 4968 1989 5025 semel
2017 4965 2254 5029 audis’se,
2289 4979 2390 5018 nec
2430 4962 2672 5018 contenti
2715 4967 2900 5016 essent
2945 4954 3187 5011 emlestis
3235 4953 3386 5006 verbi

1819 5061 2129 5116 doctrinam
2159 5057 2281 5133 viva
2310 5071 2466 5120 voce,
2497 5055 2662 5109 nullis
2695 5052 2948 5105 traditam
2980 5045 3207 5114 scriptis
3232 5056 3376 5097 acce.

1820 5151 2006 5221 pisse:
2041 5149 2136 5205 sed
2180 5143 2422 5202 Marcum
2465 5137 2611 5201 Petri
2658 5133 2981 5198 sectatorem
3023 5136 3185 5205 cujus
3228 5133 3389 5187 hodie

1820 5250 2000 5296 exstat
2016 5240 2388 5308 Evangelium,
2415 5237 2573 5292 eniiie
2603 5240 2824 5291 orarent
2838 5239 2896 5285 ut
2922 5227 3185 5284 doctrinas
3216 5223 3382 5284 illius,

1819 5345 1982 5402 quam
2023 5330 2214 5385 auditu
2248 5335 2592 5398 acceperant,
2624 5325 2886 5393 scriptum
2939 5316 3158 5388 aliquod
3190 5331 3388 5369 monu—

1819 5431 2062 5479 mentum
2093 5417 2236 5492 apud
2262 5435 2322 5477 se
2352 5420 2702 5490 relinqueret.
2733 5414 2840 5469 Nec
2860 5412 3012 5484 prius
3036 5409 3384 5472 destiterunt,

1818 5531 1980 5587 quam
2030 5517 2303 5570 heminam
2341 5516 2784 5583 expugnassent,
2843 5499 3389 5575 auctoresquescri-

1817 5603 1982 5658 bendi
2014 5603 2160 5659 illius
2185 5601 2327 5672 quod
2353 5598 2654 5657 secundum
2687 5595 2927 5650 Marcum
2950 5592 3173 5656 dicitur,
3207 5587 3383 5645 Evan-

2995 5845 3072 5904 2's
