3848 6528
483 347 585 404 747
1602 344 1990 401 CLEMENTIS
2027 344 2490 405 ALEXANDRINI
3596 353 3673 414 N8

480 460 606 531 gelii
647 461 1007 516 exstitissent.
1047 457 1203 524 Quod
1243 471 1368 512 eum
1410 456 1608 513 Petrus
1643 475 1738 529 per
1769 460 1999 514 revelatii

2154 464 2232 516 τὸν
2249 465 2580 530 Ἀπόστολον,
2612 467 3055 538 ἀποκαλύψαντος
3076 467 3229 541 αὐτῷ.
3266 471 3362 525 τοῦ
3384 471 3673 543 Πνεύματος,

480 569 601 608 nem
632 555 807 609 sancti
840 552 1078 622 Spiritus
1110 551 1477 622 cognovisset,
1503 551 1806 609 delectatus
1833 551 1998 608 arden

2156 557 2372 628 ἡσθῆναι
2405 561 2472 630 τῇ
2503 559 2608 612 τῶν
2640 561 2856 632 ἀνδρῶν
2893 562 3191 634 προθυμίᾳ,
3225 562 3470 635 κυρῶσαι
3515 579 3568 616 τε
3602 565 3675 637 τὴν

479 644 758 698 hominum
785 643 986 708 studio,
1015 644 1212 697 librum
1246 644 1396 696 illum
1428 643 1752 698 auctoritate
1779 658 1876 698 sua
1897 657 1998 698 con

2157 647 2361 719 γραφὴν
2381 651 2458 711 είς
2486 641 2719 713 ἔντευξιν
2739 654 2856 714 ταῖς
2871 651 3472 724 Ἐκκλησίαις.Κλήμης
3494 654 3549 706 ἒν
3568 655 3676 728 ἕκτῳ

480 737 738 803 probasse
777 736 999 800 dicitur,
1033 745 1092 790 ut
1129 735 1387 804 deinceps
1438 735 1494 790 in
1544 735 1795 792 ecclesiis
1845 735 1999 806 legere

2145 736 2254 791 τῶν
2281 737 2737 794 Ὑποτυπώσεων
2765 741 3149 814 παρατέθειται
3178 741 3276 814 τὴν
3313 742 3567 815 ἱστορίαν.

479 834 587 878 tur.
614 824 869 880 Refertur
897 825 948 878 id
985 841 1014 879 a
1036 824 1315 881 Clemente
1344 824 1399 878 in
1446 834 1601 880 sexto
1641 825 2044 880 Institutionum

481 917 640 972 libro.

1537 1028 1619 1084 Ex
1649 1029 1828 1092 eodem
1861 1028 2017 1084 libro.
2044 1059 2113 1070 —-
2139 1028 2236 1097 Ap.
2277 1025 2471 1090 Euseb.
2505 1025 2638 1081 ibid.

546 1154 605 1211 >11
650 1145 806 1202 Tunc
832 1145 1018 1210 etiam,
1047 1153 1106 1201 ut
1129 1144 1312 1202 divina
1342 1142 1509 1199 tradit
1541 1142 1845 1214 Scriptura,
1869 1141 2041 1202 Hero?

2209 1139 2584 1212 Τοτηνικαῦτα
2626 1141 2703 1206 δὲ,
2737 1140 2813 1206 ὥς
2858 1159 3020 1214 φησιν
3070 1143 3107 1213 ἠ
3155 1140 3275 1198 θεία
3325 1143 3366 1195 Γ
3370 1143 3538 1216 ραιρὴ,
3583 1146 3675 1202 ἰδὼν

472 1241 572 1295 des
616 1253 740 1294 cum
795 1236 983 1294 Jacobi
1034 1237 1235 1295 eaedem
1275 1235 1642 1307 gratissimam
1684 1249 1807 1291 esse
1839 1232 1991 1291 Iudae

2155 1233 2394 1307 Ἡρώδης
2425 1233 2518 1287 ἐπὶ
2546 1236 2611 1305 τῇ
2635 1233 2730 1287 τοῦ
2770 1233 3024 1289 Ἰακώϐου
3056 1235 3332 1307 ἀναιρέσει
3372 1237 3454 1290 ὅτι
3489 1237 3548 1308 δὴ
3572 1239 3674 1310 πρὸς

472 1331 696 1393 videret.
731 1327 951 1385 Petrum
988 1343 1206 1400 quoque
1251 1326 1476 1384 adortus
1507 1331 1611 1384 est.
1644 1322 1816 1391 Quem
1845 1325 1903 1384 in
1924 1325 1991 1380 vii

2158 1327 2330 1398 ioovﬁg
2354 1327 2438 1398 εἴη
2470 1326 2532 1379 τὸ
2565 1325 2802 1398 πραχθὲν
2827 1327 2938 1391 τοῖς
2971 1327 3264 1390 Ἰουδαίοις,
3300 1327 3677 1385 ὲπιτίθεταικαὶ

471 1424 595 1478 cnla
623 1424 933 1492 conjectum
987 1421 1205 1491 capitali
1253 1417 1522 1488 supplicio
1565 1417 1680 1487 jam
1729 1416 1990 1476 addictum

2156 1417 2352 1492 Πέτρῳ.
2387 1420 2617 1490 Δεσμοῖς
2657 1434 2719 1470 τε
2757 1417 2921 1470 αὐτὸν
2950 1417 3242 1489 παραδοὺς,
3275 1417 3400 1471 ὅσον
3427 1418 3574 1472 οὔπω
3607 1421 3675 1474 καὶ

471 1523 614 1579 erat,
643 1515 747 1570 nisi
778 1513 976 1569 Petrus
1005 1513 1188 1567 divina
1219 1511 1444 1575 virtute,
1471 1509 1653 1584 ξιιμιί
1683 1509 1890 1572 scilicet
1930 1525 1990 1567 ut

2156 1510 2230 1565 τὸν
2260 1511 2378 1564 κατ’
2416 1509 2581 1564 αὐτοῦ
2618 1510 2774 1579 φόνον
2803 1510 3110 1584 ἐνήργησεν
3129 1509 3217 1574 ἂν,
3256 1510 3306 1562 εί
3337 1508 3414 1581 μὴ
3447 1509 3534 1562 διὰ
3558 1509 3675 1573 θείας

468 1615 558 1659 ctu
591 1606 900 1689 apparentis
945 1603 1173 1668 auxilio,
1203 1609 1398 1671 prater
1443 1570 1690 1656 oinnium
1735 1617 1888 1672 spem
1913 1601 1987 1664 vi:

2157 1601 2459 1672 ἐπιφανείας
2485 1570 2801 1666 ἐπιστάντος
3000 1570 3224 1672 ’νύκτωρ
3255 1570 3512 1669 ἀγγέλου,
3540 1570 3676 1671 παραζ

468 1697 607 1751 culis
657 1697 937 1760 liberatus,
970 1695 1036 1749 ad
1090 1692 1494 1766 praedicationis
1542 1691 1906 1765 ministerium
1951 1692 1985 1748 d

2155 1693 2304 1762 Ξόξως
2349 1693 2458 1748 τῶν
2503 1694 2743 1765 εἱργμῶν
2782 1693 3130 1763 ἀπαλλαγεὶς,
3159 1694 3251 1747 ἐπὶ
3279 1692 3380 1764 τὴν
3408 1691 3501 1746 τοῦ
3539 1691 3674 1764 κηρύ-

469 1784 670 1840 inissus
697 1785 909 1846 fuisset.

2069 1777 2113 1833 Β
2145 1800 2352 1856 γματος
2377 1784 2595 1853 ἀφεῖται
2620 1781 2910 1837 διακονίαν.

1310 1894 1394 1950 Ex
1413 1895 1595 1968 eodem
1635 1895 1793 1954 libro.
1825 1923 1894 1936 --
1923 1897 2028 1966 Ap.
2065 1897 2264 1954 Euseb.
2297 1895 2444 1954 Hist.
2476 1896 2608 1953 sccl.
2643 1912 2721 1962 vr,
2760 1895 2849 1952 14.

535 2011 681 2066 ldem
716 2009 1050 2082 (Clemens)
1095 2010 1153 2065 in
1190 2009 1349 2066 libris
1387 2007 1866 2075 Ὺποτυπώσεων,
1913 2026 2033 2066 om-

2219 2012 2308 2066 Ἐν
2345 2011 2403 2066 δὲ
2433 2013 2554 2076 ταῖς
2588 2008 3345 2078 ’Υποτυπώσεσμξυνελόντει
3379 2011 3568 2077 εἰπεῖν,
3595 2013 3675 2066 πά-

465 2105 637 2167 nium,
674 2111 733 2158 ut
779 2118 886 2158 uno
935 2104 1104 2158 verbo
1147 2101 1350 2168 dicam,
1381 2102 1669 2176 utriusque
1701 2102 1984 2164 Testamen

2152 2119 2240 2174 της
2257 2102 2354 2173 τῆς
2377 2100 2694 2172 ὲνδιαθήκου
2723 2101 2941 2173 Γραφῆς
2963 2100 3402 2172 ὲπιτετμημένας
3420 2102 3671 2174 πεποίηται

465 2194 874 2265 Scripturarum
935 2194 1380 2268 compendiosam
1447 2194 1685 2252 instituit
1731 2197 1984 2252 enarratil

2153 2195 2450 2265 Ξιηγήσεις,
2489 2193 2622 2264 μηδὲ
2662 2191 2762 2256 τὰς
2792 2191 3206 2264 άντιλεγομένας
3237 2191 3544 2263 παρελθώνο
3598 2194 3672 2264 τὴν

462 2302 621 2352 nem,
667 2302 738 2341 ne
785 2286 893 2342 illis
935 2287 1156 2358 quidem
1199 2286 1582 2357 praetermissis
1614 2287 1934 2360 Scripturis,
1968 2305 1981 2343 ι

2152 2285 2320 2350 Ἰούδα
2363 2284 2504 2354 λέγω
2535 2285 2628 2339 καὶ
2671 2283 2770 2348 τὰς
2809 2283 2999 2348 λοιπὰς
3040 2283 3336 2351 καθολικὰς
3369 2286 3669 2349 Ἐπιστολάς

460 2380 663 2450 quibus
692 2379 833 2434 inter
872 2379 1074 2434 multos
1117 2377 1431 2448 ambigitur.
1464 2377 1618 2434 Iuda:
1647 2377 1943 2450 Epistulam

2153 2380 2235 2449 τήν
2263 2394 2323 2431 τε
2354 2377 2608 2450 Βαρνάϐα
2631 2376 2724 2431 καὶ
2750 2376 2848 2449 τὴν
2872 2377 3079 2448 Πέτρου
3109 2376 3409 2449 λεγομένην
3437 2377 3672 2432 ἀποκάλυ-

461 2471 743 2535 Barnabaz,
772 2485 836 2525 ac
869 2471 1108 2541 reliquas
1135 2470 1436 2525 catholicas
1467 2469 1741 2541 Epistolas
1770 2471 1980 2544 intelligi

2152 2471 2248 2542 μιν.
2283 2471 2394 2524 Καὶ
2420 2469 2517 2540 τὴν
2545 2469 2681 2539 πρὸς
2721 2469 3004 2541 Ἐϐραίους
3042 2468 3099 2522 δὲ
3140 2469 3460 2541 Ἐπιστολὴν
3493 2469 3671 2522 Παύλου

458 2569 514 2614 et
534 2557 933 2620 Revelationem
952 2576 1071 2630 quae
1095 2559 1299 2615 dicitur
1329 2560 1499 2616 Petri.
1529 2560 1827 2628 Epistolam
1853 2573 1977 2618 aute

2150 2563 2236 2632 μὲν
2287 2556 2424 2616 εἷναί
2476 2577 2629 2632 φησι,
2683 2559 2986 2630 γεγράφθαι
3044 2558 3100 2611 δὲ
3141 2559 3412 2630 Ἑϐραίοις
3449 2558 3669 2630 Ἑϐραὶκῇ

459 2653 526 2708 ad
577 2651 831 2708 Hebraeos
882 2651 1035 2708 Pauli
1086 2653 1305 2724 quidem
1344 2670 1467 2710 esse
1498 2653 1746 2723 aﬂirmat,
1787 2657 1881 2712 sed
1923 2655 1978 2709 Η(

2152 2657 2320 2725 ρωνῇο
2354 2655 2565 2707 Λουκᾶν
2605 2651 2678 2716 δὲ,
2712 2651 3001 2721 φιλοτίμως
3035 2649 3202 2720 αὐτὴν
3235 2649 3671 2723 μεθερμηνεύσαν-

459 2743 648 2798 liraico
679 2759 951 2810 sermone,
977 2753 1164 2816 utpote
1208 2747 1275 2800 ad
1317 2745 1593 2812 Hebraeos,
1627 2748 1859 2818 primum
1893 2764 1978 2804 scr

2151 2764 2222 2811 τα,
2257 2745 2504 2800 ἐκδοῦναι
2553 2748 2666 2808 τοῖς
2701 2741 3140 2814 ’Ἑλλησιν.Ὄθεν
3183 2741 3276 2796 τὸν
3325 2743 3482 2796 αὑτὸν
3518 2741 3670 2813 χρῶτα

456 2843 607 2904 ptam
643 2834 848 2903 fuisse;
883 2836 1084 2892 Lucam
1123 2853 1250 2892 vero
1290 2840 1538 2894 eamdem
1568 2837 1756 2894 Graaeo
1785 2854 1975 2895 sermm

2149 2837 2507 2910 εὑρίσκεσθαι,
2524 2837 2663 2891 κατὰ
2676 2835 2772 2907 τὴν
2791 2834 3104 2908 ἑρμηνείαν,
3127 2833 3333 2905 ταύτης
3357 2851 3417 2887 τε
3443 2835 3668 2906 τῆςἙπι-

458 2925 704 2982 studiose
734 2929 1168 2998 interpretatum,
1194 2927 1398 2987 Graacis
1429 2930 1745 2987 hominibus
1773 2931 1977 2986 edidiss

2148 2927 2330 2999 στολῆς
2374 2930 2467 2984 καὶ
2505 2928 2612 2983 τῶν
2640 2927 2916 2998 Πράξεων
2938 2942 2952 2957 ·
2991 2925 3066 2998 μὴ
3094 2926 3502 2999 προγεγράφθαι
3529 2926 3578 2979 δὲ
3602 2925 3667 2981 τὸ.

455 3014 640 3081 Quare
687 3017 744 3070 in
791 3032 852 3072 ea
892 3017 1124 3088 epistola
1172 3027 1226 3074 et
1274 3019 1331 3074 in
1380 3020 1611 3078 Actibus
1657 3021 1974 3091 apostoloru

1507 3021 1611 3078 bus
1657 3021 2030 3091 apostolorum
2059 3014 2104 3076 C
2135 3020 2374 3087 Παῦλος
2398 3022 2760 3087 ἀπόστολος,
2783 3020 3023 3083 εἰκότως.

455 3106 708 3162 eumdem
745 3107 1000 3164 dictionis
1066 3109 1302 3166 colorem
1358 3112 1604 3182 reperiri.
1679 3111 1832 3169 Hanc
1893 3127 2023 3169 vero
2071 3113 2484 3184 inscriptionem
2536 3113 2745 3194 Paulus
2795 3113 3088 3183 apostolus,
3119 3121 3271 3170 recte
3309 3122 3468 3185 atque
3507 3109 3672 3167 ordine

456 3198 719 3254 omissam
755 3198 928 3257 fuisse
957 3201 1232 3258 observat.

1334 3315 1416 3369 Ex
1450 3317 1542 3372 lib.
1579 3316 1689 3372 VII.
1724 3349 1793 3358 —
1823 3317 1924 3388 Ap.
1953 3315 2214 3381 eumdem,
2247 3315 2303 3369 in
2337 3312 2366 3368 Ι
2395 3313 2463 3368 ad
2490 3313 2627 3370 Tim.
2665 3329 2726 3381 ιι,
2757 3312 2812 3368 6.

527 3427 868 3499 Temporibus
896 3432 1026 3486 suis.
1067 3429 1182 3485 Hoc
1210 3439 1295 3486 est
1330 3433 1549 3504 quando
1578 3442 1724 3494 recte
1770 3450 1830 3491 se
1863 3434 2030 3490 babe-

2207 3431 2444 3502 Καιροῖς
2488 3431 2674 3499 ιδίοις.
2713 3429 3020 3495 Τουτέστιν,
3054 3432 3139 3485 ὅτε
3194 3430 3504 3504 ἐπιτηδείως
3546 3425 3665 3498 εἶχον

454 3521 587 3576 bant
616 3520 870 3576 homines
894 3519 961 3575 ad
991 3520 1172 3576 (idem.

2132 3522 2272 3595 πρὸς
2299 3522 2398 3593 τὴν
2431 3521 2610 3575 πίστιν
2630 3523 2678 3575 oi
2703 3521 2995 3593 ἄνθρωποι.

1853 3639 1984 3707 Cap.
2019 3655 2100 3706 ιιι,
2123 3639 2285 3695 v.16.

526 3753 685 3808 Visus
723 3763 803 3808 est
849 3753 1174 3826 ab'ungelis.
1219 3755 1303 3828 (0
1333 3756 1683 3827 mysterium!
1728 3756 2024 3816 Nobiscum

2207 3758 2393 3826 Ὠφθη
2418 3755 2710 3826 ἀγγέλοις.
2750 3755 2840 3826 (Ὢ
2863 3757 3159 3828 μυστήριον
3183 3755 3196 3810 l
3229 3755 3364 3818 Μεθ’
3385 3756 3415 3827 ή
3425 3753 3529 3826 μῶν
3545 3747 3663 3806 εἶδον

450 3841 706 3897 viderunt
733 3845 907 3916 angeli
932 3843 1232 3911 Christum,
1252 3859 1382 3908 cum,
1401 3846 1554 3916 prius
1579 3863 1688 3902 non
1707 3847 1969 3916 vidissent

2142 3852 2178 3905 si
2203 3849 2423 3919 ἄγγελοι
2450 3849 2540 3902 τὸν
2569 3849 2821 3920 Χριστὸν,
2855 3848 3114 3921 πρότερον
3145 3848 3243 3919 οὐχ
3285 3843 3554 3920 ὁρῶντες.)
3569 3842 3661 3911 Οὓχ

463 3931 577 3986 Νοιι
594 3931 738 3990 sicut
764 3938 831 3991 ab
869 3937 1199 3996 hominibus.

1178 3971 1199 3992 ι.
2128 3941 2204 4006 ὡς
2227 3942 2338 4005 τοῖς
2372 3937 2697 4010 ἀνθρώποις.

1853 4056 1985 4126 Cap.
2019 4073 2075 4122 γ,
2109 4073 2158 4112 υ.
2193 4055 2248 4111 8.

521 4167 590 4221 Et
618 4170 844 4224 maxime
871 4168 1196 4225 domesticis.
1241 4169 1370 4227 Suis
1397 4179 1451 4229 et
1479 4172 1798 4232 domesticis
1835 4174 2020 4247 provi-

2194 4174 2300 4230 Καί
2331 4173 2597 4244 μάλιστα
2619 4173 2736 4228 τῶν
2757 4173 3008 4228 οἰκείων.
3049 4173 3169 4228 Τῶν
3203 4173 3348 4227 ἰδίων
3379 4172 3470 4226 καὶ
3482 4166 3579 4224 τῶν
3590 4166 3659 4219 ol—

449 4258 562 4324 det,
599 4261 692 4330 qui
740 4276 846 4315 non
896 4261 1074 4317 solum
1106 4277 1297 4318 curam
1327 4264 1491 4320 habet
1521 4281 1735 4332 eorum,
1766 4282 1888 4337 quae
1919 4267 1968 4322 al

2139 4267 2284 4321 ιείων
2327 4269 2562 4338 προνοεῖ,
2591 4268 2619 4320 ὁ
2652 4265 2726 4338 μὴ
2771 4265 2931 4337 μόνον
2976 4265 3084 4319 τῶν
3132 4265 3500 4339 προσηκόντων
3539 4277 3658 4332 προ-

449 4368 560 4422 quo
588 4353 747 4408 modo
782 4355 1121 4426 contingunt,
1153 4357 1248 4414 sed
1298 4365 1352 4414 et
1399 4359 1482 4414 sui
1537 4359 1732 4431 ipsius,
1771 4361 1968 4432 proprii

2139 4360 2280 4424 νοῶν,
2309 4358 2444 4414 ἀλλὰ
2485 4359 2575 4414 καὶ
2615 4358 2776 4424 αὐτὸς.
2813 4358 3026 4425 ἑαυτοῦ,
3063 4358 3150 4412 διὰ
3179 4358 3273 4412 τοῦ
3311 4358 3576 4412 ἐκκόπτειν
3601 4351 3658 4402 τὰ

450 4459 536 4496 am
544 4447 782 4514 putando
812 4445 1058 4503 allectus.

774 4463 782 4497 ι
812 4445 1058 4503 allectus.
2125 4452 2293 4521 πάθη.

1854 4566 1988 4636 Cap.
2015 4584 2068 4632 ν,
2102 4583 2149 4622 υ.
2181 4567 2269 4620 lt).

520 4671 581 4725 Si
601 4688 900 4729 sanaorum
923 4678 1076 4746 pedes
1097 4679 1246 4736 lavit.
1287 4679 1402 4736 Hoc
1441 4690 1526 4738 est
1557 4683 1604 4738 si
1643 4690 1887 4739 extrema
1915 4685 2018 4738 mi-

2192 4685 2262 4737 Εί
2283 4681 2466 4752 ἁγίων
2490 4683 2679 4749 πόδας
2699 4682 2892 4750 ἔνιψα.
2932 4679 3222 4736 Τουτέστιν
3259 4682 3308 4735 εί
3335 4681 3428 4744 τὰς
3453 4676 3659 4748 ἐσχάτας

450 4763 677 4819 nisteria
707 4767 914 4822 sanctis
943 4768 1149 4838 absque
1175 4771 1374 4826 rubore
1403 4773 1670 4828 exhibuit.

2123 4777 2426 4850 ὑπηρεσίας
2444 4779 2556 4841 τοῖς
2586 4777 2761 4845 ἁγίοις
2792 4775 3235 4846 ἀνεπαισχύντως
3258 4773 3567 4839 ἐξετέλεσεν.

1863 4888 1991 4957 Cap.
2030 4907 2081 4955 ν,
2117 4907 2165 4946 υ.
2188 4891 2278 4947 2|.

522 4969 648 5024 Sine
677 4973 1090 5042 pra-cipitatione
1107 4978 1324 5047 judicii.
1373 4979 1487 5036 lloe
1515 4991 1600 5038 est
1627 4998 1824 5040 cavens
1853 5000 1920 5039 ne
1951 4986 2018 5040 ad

2193 4987 2378 5055 Χωρῖς
2424 4989 2836 5058 προκρίματος.
2880 4987 3168 5044 Τουτέστιν
3202 4984 3332 5040 ἄνευ
3374 4981 3462 5036 τοῦ
3503 4978 3578 5042 εἷς
3614 4990 3657 5026 τι

449 5059 653 5130 aliquid
699 5061 1069 5134 impingendo,
1112 5068 1426 5138 subjiciaris
1470 5071 1679 5141 judicio
1729 5082 1781 5128 ct
1826 5075 1968 5128 ultio}

2138 5076 2426 5130 πταίσαντα
2459 5078 2749 5134 ὑποπεσεῖν
2775 5079 2838 5150 τῇ
2869 5077 3049 5150 κρίσει
3075 5076 3168 5131 καὶ
3199 5077 3265 5147 τῇ
3295 5073 3390 5145 τῆς
3407 5064 3657 5142 παρακοῆς

447 5151 843 5211 ἱιιοϋράἰειιιιεε.
2122 5165 2357 5220 κολάσει.

774 5344 781 5351 _
1850 5277 1981 5350 Cap.
2015 5295 2155 5347 v1,v.
2196 5282 2282 5336 15.

518 5379 623 5446 Qui
656 5389 872 5436 testatus
906 5393 984 5437 est
1018 5385 1113 5438 sub
1165 5385 1355 5440 Pontio
1410 5386 1607 5444 Pilato.
1653 5389 1906 5467 Testatus
1929 5403 2013 5450 est

2195 5394 2305 5449 Τοῦ
2364 5395 2864 5467 μαρτυρήσαντος
2935 5393 3033 5449 ἐπὶ
3098 5391 3345 5448 Ποντίου
3400 5381 3658 5467 "utith

447 5485 546 5542 per
580 5487 642 5526 ea
689 5489 808 5544 qua:
857 5472 1004 5540 fecit,
1031 5477 1176 5545 quod
1216 5477 1331 5546 ipse
1364 5488 1508 5534 esset
1557 5481 1806 5539 Christus
1834 5465 1966 5539 Filii

2143 5465 2510 5559 Ἐμαρτύρησε
2539 5465 2646 5559 γὰρ
2676 5487 2742 5540 δι’
2771 5480 2846 5540 ὧν
2871 5486 3157 5560 ἔπραττεν,
3188 5485 3270 5538 ὅτι
3304 5478 3446 5542 ιὺτός
3472 5478 3610 5530 ἐστιν
3632 5465 3662 5522 ὃ

450 5561 565 5618 Dei.

2121 5579 2347 5656 Χριστὸς
2378 5561 2556 5642 δ’Υίὸς
2590 5577 2681 5632 τοῦ
2713 5577 2865 5632 Θεοῦ.

662 5723 720 5780 >I<
759 5717 820 5774 P.
859 5719 1014 5795 uos.
1035 5719 1141 5776 eo.
1184 5719 1482 5779 POTTER.
