3848 6550
210 394 289 454 ῗᾶθ
1545 385 1725 456 FRAG

1835 385 1990 456 NTA.

3289 405 3392 473 ’ΠΜ

1396 516 1542 574 Idem
1569 521 1626 575 in
1653 517 1696 575 ll
1719 521 1788 575 ad
1810 521 1944 576 Τὸηι.
1967 538 2026 585 ιι,
2052 521 2107 576 2.

260 632 349 690 Διά
373 631 621 690 πολλῶν
635 635 961 706 μαρτύρων.
1000 626 1250 690 Τουτέστι
1282 633 1442 708 νόμου
1484 637 1576 690 καὶ
1602 653 1725 709 προ-

1906 637 2009 692 Per
2042 637 2234 692 multos
2264 636 2438 693 testes.
2480 637 2595 694 Hoc
2646 650 2728 698 est
2775 643 2944 715 legem
2975 660 3039 701 ac
3077 647 3385 718 prophetas:

209 723 378 794 de.
426 722 666 789 Ἰῖούτους
701 724 812 798 γὰρ
833 725 1140 791 Ἀπόστολος
1177 727 1410 782 ἐποιεῖτο
1453 727 1731 798 μάρτυρας

206 815 279 870 τοῦ
306 815 427 871 ίδίου
456 815 832 889 κηρύγματος.

1833 727 1970 782 Nam
2009 728 2110 782 bos
2154 729 2210 782 in
2249 736 2416 785 testes
2449 730 2758 800 proferebat
2786 733 3075 804 Apostolus
3107 753 3219 794 sua:
3249 755 3388 810 prae.

1835 819 2143 876 dicationis.

823 933 909 988 Ex
938 932 1116 989 eodem
1149 932 1282 987 libro
1306 931 1417 987 VII.
1446 963 1514 972 —
1553 931 1653 998 Ap.
1681 930 1966 988 Eusebium
1997 934 2142 990 Hist.
2172 936 2298 990 eccl.
2327 936 2363 990 ι.
2397 951 2457 1004 ιι,
2493 954 2540 990 c.
2586 937 2636 992 1.

273 1047 494 1118 ’ῐακὼϐῳ
533 1043 616 1116 τῷ
639 1045 849 1118 Δικαίῳ
873 1045 966 1099 καὶ
1001 1043 1220 1118 Ἰωάννῃ
1255 1044 1349 1098 καὶ
1379 1043 1568 1115 Πέτρῳ
1595 1043 1734 1098 κατά

208 1141 286 1212 τὴν
305 1139 585 1192 ἀνάστασιν
617 1136 895 1209 παρέδωκε
923 1137 1022 1208 τὴν
1045 1135 1244 1206 γνῶσιν
1273 1136 1302 1188 ὁ
1325 1133 1544 1208 Κύριος.
1579 1127 1736 1189 Οὗτοι

208 1239 296 1299 τοῖς
319 1234 516 1297 λοιποῖς
541 1231 860 1297 ἀποστόλοις
889 1231 1206 1302 παρέδωκαν
1224 1248 1238 1261 °
1262 1231 1311 1285 οἱ
1330 1229 1388 1284 δὲ
1403 1227 1580 1283 λοιποὶ
1599 1228 1736 1282 51rd-

212 1327 354 1381 στολοι
379 1327 490 1390 τοῖς
513 1321 905 1395 ἑϐδομήκοντα,
938 1317 1012 1380 ὧν
1046 1321 1125 1390 εἷς
1153 1318 1221 1395 ἦν
1254 1321 1348 1378 καὶ
1371 1319 1673 1395 Βαρνάϐας.

1902 1042 2106 1101 Jacobo
2129 1038 2308 1113 Justo,
2339 1053 2394 1102 et
2437 1037 2656 1112 Joanui,
2687 1055 2742 1104 et
2783 1038 2946 1106 Petro
2980 1049 3242 1114 Dominus
3268 1059 3390 1129 post

1833 1134 2288 1192 resurrectionem
2321 1135 2565 1193 scientia:
2590 1137 2790 1194 donum
2822 1141 3104 1212 impertiit.
3131 1145 3286 1214 Quod
3312 1137 3390 1205 illi

1833 1227 2044 1282 caeteris
2087 1226 2370 1297 apostolis,
2414 1226 2473 1282 hi
2519 1242 2649 1283 vero
2692 1231 3037 1300 septuaginta
3081 1233 3385 1308 discipulis,

1833 1333 2066 1389 quorum
2091 1333 2234 1375 unus
2263 1318 2366 1373 fuit
2389 1317 2686 1386 Barnabas,
2717 1321 3076 1379 tradiderunt.

1131 1435 1216 1498 Ex
1239 1436 1419 1493 eodem
1443 1436 1598 1493 libro.
1629 1465 1698 1516 5-
1728 1434 1830 1508 Ap.
1862 1435 2099 1492 eumdem
2133 1435 2286 1502 ibid.,
2308 1452 2356 1490 c.
2382 1435 2438 1490 2.

260 1547 379 1627 Περὶ
400 1551 586 1610 τούτου
619 1554 678 1609 δὲ
706 1555 736 1609 ό
766 1553 996 1627 Κλήμης
1025 1553 1116 1608 τοῦ
1157 1552 1411 1609 Ἰακώϐου
1450 1552 1545 1606 καὶ
1586 1553 1730 1606 ίστο-

208 1646 304 1718 ρίαν
323 1649 532 1720 μνήμης
559 1647 716 1713 ἀξίαν
743 1649 800 1702 ὲν
821 1650 888 1720 τῇ
914 1647 1021 1701 τῶν
1050 1645 1502 1704 Ὺποτυπώσεων
1531 1643 1731 1716 ἐϐδόμῃ

206 1740 544 1812 παρατίθεται,
580 1740 658 1805 ὡς
694 1740 758 1794 ὲκ
791 1738 1136 1812 παραδόσεως
1170 1738 1276 1791 τῶν
1307 1731 1414 1810 πρὸ
1437 1734 1599 1790 αὐτοῦ
1629 1735 1732 1805 φά-

210 1839 351 1900 σκων,
385 1834 461 1888 ὅτι
506 1831 571 1903 δὴ
614 1831 645 1884 ὁ
697 1826 1000 1902 εἰσαγαγὼν
1049 1831 1207 1886 αὑτὸν
1246 1833 1326 1895 είς·
1363 1829 1724 1900 δικαστήριον,

1903 1551 1981 1606 De
2003 1550 2106 1606 hoc
2129 1550 2332 1608 Jacobo
2355 1565 2470 1607 rem
2504 1566 2727 1622 prorsus
2756 1558 3018 1612 memoria
3049 1555 3268 1630 dignam
3300 1569 3387 1618 re-

1831 1642 1938 1698 fert
1965 1643 2216 1700 Clemens
2243 1644 2298 1699 in
2326 1643 2557 1716 septimo
2589 1635 2990 1704 Institutiomtm
3027 1651 3187 1718 libro,
3222 1662 3388 1724 prout

1827 1749 1947 1790 eam
1974 1751 2006 1790 a
2036 1736 2332 1807 majoribus
2356 1748 2657 1809 acceperat.
2689 1740 2778 1794 Ait
2807 1741 2950 1796 enim
2992 1757 3138 1811 eum,
3176 1748 3268 1816 qui
3299 1745 3390 1802 Ja-

1829 1829 2025 1884 cobum
2049 1828 2258 1899 judicio
2285 1829 2574 1896 obtulerat,
2603 1846 2725 1888 cum
2771 1833 2920 1888 illum
2952 1835 3178 1893 vidisset
3227 1839 3388 1895 Chri-

208 1925 590 1996 μαρτυρήσαντα
610 1922 772 1978 αὐτὸν
801 1922 944 1988 ἰδὼν,
967 1921 1204 1994 κινηθεὶς
1224 1918 1568 1992 ὡμολόγησεν
1593 1911 1725 1970 εἶναι

1835 1919 2015 1982 ειί.›Ῑ‹
2069 1917 2227 1974 fidem
2269 1918 2438 1975 libere
2483 1919 2850 1987 confitentem,
2902 1935 3233 1981 commotum
3279 1928 3383 1982 viri

203 1991 284 2068 ita).
322 1991 471 2080 αὖτδς
517 2007 708 2069 ἑαυτὸν
759 1991 1096 2086 Χριστιανόν.
1161 1991 1581 2083 Συναπήχθησαν
1633 2002 1725 2063 οὖν

1835 2007 2137 2064 constantia
2191 2023 2250 2064 se
2275 2022 2490 2080 quoque
2521 2008 2889 2066 Christianum
2916 2029 3039 2071 esse
3064 2014 3378 2074 aiiirmasse.

202 2108 359 2178 ἄμφω,
390 2107 538 2179 φησὶ,
564 2107 661 2162 καὶ
710 2105 852 2162 κατά
889 2106 988 2177 τὴν
1033 2101 1148 2160 ὁδὸν
1190 2102 1418 2174 ἠξίωσεν
1462 2099 1726 2172 ἀφεθῆναι

201 2195 326 2268 αὐτῷ
349 2197 445 2251 ὑπὸ
473 2197 567 2252 τοῦ
583 2197 856 2252 Ἰακώϐου.
873 2196 931 2251 ’0
955 2196 1031 2261 δὲ,
1061 2195 1238 2264 ὀλίγον
1263 2192 1617 2265 σκεψάμενος,
1636 2193 1726 2246 Εἰ-

204 2289 319 2360 ρήνη
355 2305 449 2355 σοι,
479 2285 620 2354 εἶπε,
654 2287 748 2343 καὶ
789 2287 1144 2359 κατεφίλησεν
1185 2279 1364 2338 αὐτὸν.
1409 2283 1518 2338 Καὶ
1558 2281 1730 2347 οὕτως

201 2379 464 2453 ἀμφότεροι
489 2374 624 2453 ὁμοῦ
655 2378 1161 2453 ἐκαρατομήθησαν.

1830 2101 2004 2157 Ambo
2050 2101 2236 2172 igitur,
2280 2101 2478 2172 inquit,
2534 2102 2696 2158 simul
2748 2104 2816 2159 ad
2867 2106 3189 2176 supplicium
3232 2109 3380 2166 ducti

1831 2200 1978 2249 sunt.
2011 2191 2256 2263 Cumque
2287 2191 2428 2248 inter
2458 2194 2695 2249 eundum
2725 2205 2971 2266 rogasset
2996 2195 3259 2255 Jacobum
3291 2216 3386 2256 co-

1831 2299 1970 2352 mes,
2001 2295 2062 2340 ut
2092 2285 2195 2341 sibi
2223 2285 2434 2341 veniam
2473 2286 2627 2342 daret
2660 2305 2674 2341 :
2709 2289 2984 2361 paulisper
3016 2299 3259 2349 moratus
3291 2292 3386 2348 Jao‘

1832 2379 2024 2446 cobus,
2057 2375 2169 2432 Pax
2216 2377 2336 2445 tibi,
2370 2378 2570 2450 inquit,
2600 2381 2894 2452 statimque
2930 2382 3083 2438 illum
3110 2384 3389 2442 osculatus

1833 2479 1939 2528 est.
1967 2468 2048 2523 Ita
2079 2468 2243 2525 simul
2271 2469 2433 2525 ambo
2457 2471 2634 2544 capite
2659 2473 2897 2528 truncati
2928 2473 3203 2532 interiere.

953 2589 1039 2653 Eat
1057 2599 1240 2657 eodem
1265 2599 1420 2660 libro,
1441 2615 1512 2639 —-
1532 2594 1686 2665 Apud
1705 2600 1942 2654 eumdem
1964 2585 2108 2643 Hist.
2143 2584 2288 2642 Eccl.
2312 2603 2386 2653 vt,
2418 2603 2469 2645 c.
2505 2590 2591 2644 14.

257 2711 382 2783 Ἤδη
405 2711 479 2777 δὲ,
509 2711 586 2776 ὡς
609 2713 641 2767 ὁ
666 2711 935 2786 μακάριος
957 2712 1108 2783 ἔλεγε
1135 2711 1519 2784 πρεσϐύτερος,
1550 2709 1671 2766 ἐπεὶ
1697 2709 1728 2762 ὁ

201 2801 378 2874 Κύριος
407 2803 700 2868 ἀπόστολος
727 2802 803 2857 ὢν
837 2803 932 2862 τοῦ
960 2803 1418 2876 Παντοκράτορος,
1447 2799 1726 2872 ἀπεστάλη

199 2894 316 2964 πρὸς
349 2887 640 2966 Ἐϐραίους,
672 2896 760 2954 διὰ
787 2896 1114 2969 μετριότητα
1137 2897 1170 2956 6.
1190 2896 1418 2962 Παῦλος.
1449 2896 1524 2959 ὡς
1550 2894 1617 2950 ἂν
1647 2893 1727 2958 εἰς

197 2985 253 3040 es
270 2986 383 3060 ἔθνη
399 2988 822 3060 ἀπεσταλμένος,
843 2989 944 3047 οὐκ
965 2988 1232 3061 ἐγγράφει
1251 2987 1438 3042 ἑαυτὸν
1463 2979 1727 3058 Ἑϐραίων

195 3078 576 3146 ἀπόστολον,διά
593 3098 656 3136 τε
689 3080 788 3153 τὴν
818 3080 953 3152 πρὸς
980 3080 1072 3136 τὸν
1096 3079 1297 3153 Κύριον
1327 3078 1511 3151 τιμὴν,
1545 3076 1634 3132 διά
1663 3093 1728 3130 τε

193 3170 244 3224 τὸ
267 3171 326 3226 ἐκ
351 3173 656 3246 περιουσίας
683 3173 779 3228 καὶ
807 3174 920 3238 τοῖς
963 3172 1229 3246 Ἑϐραίοις
1260 3169 1609 3238 ἐπιστέλλειν,
1638 3169 1726 3224 to-

192 3263 280 3318 νῶν
307 3267 508 3338 κήρυκα
534 3268 664 3323 ὄντα
697 3266 790 3320 καὶ
827 3265 1136 3320 ἀπόστολον.

1898 2694 2018 2758 Ιαιιι
2046 2714 2198 2766 vero.
2231 2703 2374 2760 sicut
2416 2702 2606 2760 beatus
2635 2690 2849 2761 dieebat
2879 2705 3184 2778 presbyter,
3217 2712 3389 2778 quau-

1830 2793 2118 2866 doquidem
2152 2793 2412 2858 Dominus
2438 2796 2824 2866 omnipotentis
2858 2798 2952 2854 Dei
3001 2798 3282 2869 apostolus
3321 2790 3390 2856 ad

1829 2883 2085 2942 Hebraeos
2130 2886 2332 2941 missus
2368 2883 2566 2951 fuerat,
2600 2902 2712 2958 pra:
2754 2888 3021 2944 modestia
3049 2888 3268 2955 Paulus,
3301 2899 3390 2946 uta

1826 2983 1952 3048 pote
1983 2975 2076 3047 qui
2107 2975 2170 3033 ad
2209 2985 2396 3049 gentes
2435 2986 2552 3034 erat
2585 2979 2846 3048 directus,
2878 2979 3226 3037 Hebrmorum
3257 2997 3390 3052 apo-

1829 3070 2028 3134 stolum
2062 3074 2122 3127 se
2149 3070 2371 3126 minimc
2397 3069 2649 3128 inscribit
2677 3089 2690 3125 :
2717 3077 2830 3126 tum
2855 3071 2924 3128 ob
2952 3089 3106 3130 suam
3134 3085 3261 3147 erga
3283 3075 3388 3131 Dos

1828 3161 2035 3218 minum
2085 3160 2468 3227 reverentiam,
2503 3168 2616 3216 tum
2667 3161 2813 3232 quod
2859 3178 2928 3218 ex
2968 3165 3263 3220 abundanti
3318 3159 3387 3222 ad

1829 3241 2082 3311 Hebraeos
2112 3253 2229 3324 ipse
2259 3253 2500 3324 gentium
2529 3267 2705 3323 praeco
2751 3261 2804 3310 et
2855 3257 3135 3326 apostolus
3186 3258 3388 3315 scribe:

1829 3357 1934 3405 ret.

1101 3488 1104 3490 τ
1173 3452 1258 3520 Ex
1277 3464 1456 3521 eodem
1478 3464 1634 3520 libro.
1667 3493 1737 3504 —
1764 3463 1966 3520 Ibidem
2000 3465 2160 3530 paulo
2192 3473 2328 3534 post.

245 3579 344 3638 Τοῦ
371 3585 574 3657 Πέτρου
605 3585 842 3658 δημοσίᾳ
869 3585 926 3639 ὲν
965 3584 1150 3659 Ῥώμῃ
1173 3583 1501 3658 κηρύξαντος
1525 3583 1618 3638 τδν
1643 3583 1725 3637 λό-

1899 3582 2036 3640 Cum
2069 3582 2264 3640 Petrus
2297 3584 2352 3639 in
2389 3577 2523 3640 urbe
2556 3577 2728 3639 Roma
2754 3583 2979 3640 Verbum
3028 3573 3123 3642 Dei
3173 3575 3388 3658 publice

183 3688 281 3740 γον,
314 3678 406 3730 καὶ
450 3676 729 3750 Πνεύματι
774 3676 836 3731 τδ
886 3675 1210 3748 Εὑαγγέλιον
1251 3674 1574 3743 ἐξειπόντος,
1605 3675 1731 3738 τοὺς

185 3767 434 3835 παρόντας
478 3768 704 3833 πολλοὺς
747 3767 906 3833 ὄντας
951 3767 1323 3841 παρακαλέσαι
1364 3766 1455 3820 τὸν
1485 3765 1729 3838 Μάρκον,

179 3856 243 3922 ὥς
267 3859 328 3914 ἂν
361 3861 800 3932 ἀκολουθήσαντα
835 3853 981 3932 αὐτῷ
1019 3849 1298 3934 πόρρωθεν
1327 3859 1421 3913 καὶ
1453 3857 1732 3930 μεμνημέ-

180 3957 253 4002 νον
279 3951 387 4006 τῶν
415 3953 736 4024 λεχθέντων,
764 3952 1074 4025 ἀναγράψαι
1115 3951 1184 4006 τὰ
1233 3949 1526 4024 εἰρημένω
1552 3949 1732 4021 ’ποιή-

177 4055 325 4097 ααντα
366 4043 427 4098 δὲ
468 4041 529 4100 τὸ
573 4035 924 4114 Εὗαγγέλιον,
959 4043 1274 4116 μεταδοῦναι
1313 4044 1425 4108 τοῖς
1460 4040 1728 4114 δεομένοις

175 4133 527 4208 αὖτοῢ.”οπερ
573 4136 866 4205 ἐπιγνόντα
905 4136 995 4190 τὸν
1041 4136 1266 4208 Πέτρον,
1319 4133 1728 4206 προτρεπτικῶς

173 4224 290 4294 μήτε
317 4226 563 4282 κωλῦσαι
587 4228 727 4300 μήτε
757 4227 1191 4300 προτρέψασθαι·
1214 4225 1305 4280 τὸν
1339 4225 1518 4297 μέντοι
1547 4224 1732 4278 Ἰωάν-

169 4330 250 4384 νην
296 4316 547 4389 ἔσχατον,
600 4319 881 4373 συνιδόντα
921 4320 1003 4373 ὃτι
1047 4318 1117 4374 τὰ
1162 4315 1444 4390 σωματικά
1500 4315 1557 4370 ὲν
1616 4317 1731 4380 τοῖς

166 4401 508 4476 Εὖαγγελίοις
537 4410 854 4484 δεδήλωται,
883 4409 1260 4484 προτραπέντα
1303 4409 1409 4465 ὑπὸ
1448 4409 1555 4464 τῶν
1585 4425 1726 4479 γνω-

167 4497 342 4567 ρῖμων,
361 4503 650 4578 Πνεὺματι
678 4504 1091 4577 Θεοφορηθέντα,
1111 4503 1475 4576 πνευματικὸν
1498 4501 1719 4574 ποιῆσαι

164 4585 501 4663 Εὑαγγέλιον.

1825 3676 2198 3749 praedicasset,
2225 3682 2280 3731 et
2310 3670 2516 3748 Spiritu
2571 3685 2759 3733 sancto
2790 3676 3000 3732 afﬂatus
3037 3677 3386 3750 Evangelium‘

1824 3767 2244 3840 promulgasset,
2279 3769 2435 3823 multi
2463 3767 2556 3839 qui
2588 3768 2817 3825 aderant
2845 3766 3086 3824 Marcum
3117 3769 3388 3826 cohortati

1826 3868 1974 3925 sunt,
2004 3867 2193 3932 utpote
2220 3859 2313 3931 qui
2357 3859 2579 3916 Petrum
2604 3859 2925 3930 jamdudum
2969 3869 3206 3917 sectatus
3250 3861 3389 3918 fuis-

1825 3958 1928 4017 set,
1962 3959 2018 4008 et
2045 3951 2192 4007 dicta
2215 3951 2334 4022 ejus
2363 3951 2622 4008 memoria
2651 3958 2880 4016 teneret,
2912 3961 2971 4006 ut
2995 3966 3116 4022 quae
3149 3952 3216 4006 ab
3255 3965 3389 4020 apo-

1828 4041 1968 4095 stolo
2005 4040 2295 4112 praedicata
2332 4047 2489 4095 erant
2536 4039 2924 4096 conscriberet.
2961 4038 3176 4093 Marcus
3221 4037 3388 4109 igitur

1826 4129 2174 4201 Evangelium
2199 4130 2526 4200 composuit,
2554 4130 2730 4200 iisque
2760 4128 2853 4199 qui
2891 4128 3024 4182 illud
3047 4126 3115 4182 ab
3147 4127 3266 4197 ipso
3295 4141 3387 4181 ro-

1824 4222 2024 4295 gabant
2049 4220 2325 4292 impertiit.
2351 4220 2507 4287 Quod
2535 4235 2658 4276 cum
2681 4218 2874 4276 Petrus
2892 4217 3266 4289 comperisset,
3285 4226 3386 4272 nec

1824 4311 2102 4384 prohibuit
2125 4311 2348 4367 omnino
2380 4323 2494 4368 rem
2525 4310 2659 4374 fieri,
2695 4325 2794 4366 nec
2827 4317 2886 4364 ut
2918 4307 3089 4372 ﬁeret,
3116 4306 3381 4362 incitavit.

1823 4405 1894 4458 At
1937 4401 2174 4458 Joannes
2224 4401 2467 4458 omnium
2515 4408 2844 4474 postremus,
2897 4414 3022 4456 cum
3076 4399 3281 4454 videret
3327 4401 3382 4455 iu

1825 4494 2423 4567 (aliorum)Evangeliis
2447 4509 2670 4565 ea,qua:
2695 4493 2762 4549 ad
2793 4507 2994 4563 corpus
3022 4491 3227 4548 Christi
3256 4506 3384 4561 pera

1825 4586 2021 4653 tinent,
2053 4585 2255 4642 tradita
2282 4600 2426 4651 esse,
2454 4585 2570 4656 ipse
2601 4585 2786 4641 divino
2811 4582 3019 4656 Spiritu
3040 4583 3252 4640 amatus
3271 4583 3386 4653 spi-s

1823 4677 1931 4732 tale
1983 4677 2334 4750 Evangelium
2385 4677 2733 4734 familiarium
2764 4689 2989 4734 suorum
3020 4680 3213 4747 rogatu
3251 4687 3387 4729 cons

1825 4767 2062 4839 scripsit.

1757 4907 1828 4926 ..ὅ

1728 4990 1786 5056 Χ

1413 5113 1573 5186 375
1608 5111 2097 5180 FRAGMENTA

933 5232 1023 5302 Ex
1053 5235 1394 5303 Clementis
1426 5244 1838 5314 Alexandrini
1872 5247 2034 5310 libro
2057 5249 2144 5308 De
2170 5235 2589 5310 Providentia.

1204 5363 1302 5432 Ap.
1336 5361 1392 5417 S.
1429 5362 1746 5431 Maximum,
1772 5366 1904 5438 Opp.
1939 5379 1980 5424 ι.
2012 5367 2078 5430 11,
2107 5385 2159 5438 p.
2198 5369 2318 5424 ΗΔ.

206 5473 367 5534 Οὖσία
386 5477 550 5535 ἐστὶν
572 5471 668 5530 ἐπὶ
688 5476 844 5530 Θεοῦ.
873 5477 1003 5542 Θεὸς
1026 5478 1184 5532 οὐσία
1207 5478 1326 5532 θεία
1356 5481 1523 5544 ἐστὶν,
1551 5473 1718 5538 ἀΐδιόν

151 5585 191 5625 τι
213 5574 298 5628 καὶ
324 5576 602 5645 ἄναρχον,
635 5567 923 5640 ἀσώματόν
967 5587 1028 5627 τε
1065 5571 1159 5623 καὶ
1201 5571 1592 5642 ἀπερίγραφον,
1623 5575 1716 5628 καὶ

149 5663 237 5718 in
273 5667 444 5720 ὄντων
495 5663 700 5719 αἴτιον.
737 5660 906 5715 Οὐσία
948 5662 1063 5714 ἐστὶ
1110 5661 1171 5713 τὸ
1201 5661 1268 5716 δι’
1299 5662 1420 5716 ὅλου
1449 5663 1712 5734 ὑφεστὼς.

210 5827 262 5884 »Ιη
302 5821 363 5875 P.
401 5818 552 5876 1007
592 5823 654 5872 et
682 5831 796 5886 seq.
837 5815 945 5871 El).
989 5815 1290 5884 POTTER,
1324 5819 1547 5887 passim.

1895 5483 2208 5541 Substantia
2239 5487 2291 5541 in
2320 5485 2430 5564 Deo
2451 5496 2554 5542 est.
2580 5485 2722 5541 Deus
2746 5483 2928 5539 divina
2949 5469 3251 5538 substantia
3273 5489 3378 5548 est.-

1822 5577 2208 5646 sempiternum
2261 5577 2464 5648 aliquid
2514 5576 2799 5646 omnisque
2858 5573 3108 5645 principii
3164 5589 3378 5644 expers,

1824 5666 2316 5739 ineorporeumque
2368 5673 2422 5724 et
2471 5666 3023 5737 incircumscriptum,
3078 5680 3142 5722 ac
3199 5677 3385 5722 reruni
