3848 6532
199 440 276 500 :51
1485 439 1923 495 FRAGMENTA.

3283 440 3387 493 198

1565 580 1726 650 377
1768 582 1934 642 XVI.

611 701 1014 778 Fragmenta,
1048 713 1192 778 quae
1221 701 1436 761 Graece
1483 707 1725 761 tantum
1757 701 1825 762 in
1869 701 2153 764 editione
2187 700 2545 763 Oxoniensi
2582 699 2895 778 leguntur.

1015 929 1168 999 Apud
1207 939 1471 983 auctorem
1501 928 1760 988 Chronici
1793 932 2097 996 Paschalis,
2121 947 2240 1002 pag.
2275 931 2326 996 7,
2356 929 2432 986 al.
2456 930 2508 986 5.

241 1048 344 1110 Τοῖς
404 1045 497 1115 μὲν
546 1040 641 1100 οῦν
688 1046 1113 1118 παρεληλυθόσιν
1160 1047 1300 1100 ἔτεσι
1345 1047 1406 1100 τὸ
1458 1047 1714 1118 θυόμενον

1889 1049 2278 1121 Superioribus
2329 1047 2490 1102 annis
2545 1044 2811 1099 Dominus
2843 1041 3053 1098 Pascha
3081 1041 3391 1103 celebrans,

189 1139 295 1210 πρὸς
343 1135 600 1189 Ἰουδαίων
638 1134 824 1206 ἢσθιεν
862 1135 1135 1208 ἑορτάζων
1180 1139 1209 1188 6
1247 1136 1446 1208 Κύριος
1497 1137 1706 1206 Πάσχα.

197 1230 317 1284 Ἐπεὶ
363 1229 416 1282 δὲ
459 1229 719 1300 ἐκήρυξεν
764 1229 929 1293 αὐτὸς
986 1228 1063 1282 ὣν
1103 1228 1164 1281 τὸ
1221 1227 1412 1298 Πάσχα
1459 1229 1489 1282 6
1547 1229 1715 1298 ἀμνὸς

185 1323 256 1376 τοῦ
293 1320 433 1384 Θεοῦ,
482 1323 557 1385 ὡς
606 1322 876 1394 πρόϐατον
920 1322 1013 1375 ἐπὶ
1047 1320 1260 1392 σφαγὴν
1298 1319 1582 1390 ἀγόμενος,
1618 1322 1714 1374 αὺ-

183 1415 283 1469 τίκα
310 1413 503 1482 ἐδίδαξε
550 1415 648 1486 μὲν
677 1415 803 1478 τοὺς
859 1413 1108 1484 μαθητάς
1159 1413 1254 1466 τοῦ
1299 1413 1470 1466 τύπου
1521 1411 1582 1465 τὸ
1619 1429 1717 1483 μυ-

187 1508 368 1578 στήριον
408 1510 472 1579 τῇ
515 1514 604 1576 ιγ’,
648 1508 706 1560 ὲν
806 1508 902 1560 καῖ⁸
934 1505 1294 1560 πυνθάνονται
1344 1505 1532 1560 αὐτοῦ’
1587 1504 1716 1558 Ποῦ

185 1597 340 1664 θέλεις
359 1598 767 1670 ἑτοιμάσωμέν
785 1614 885 1653 σοι
911 1597 977 1652 τὸ
1005 1599 1224 1669 Πάσχα
1251 1599 1494 1670 φανεῖη
1531 1597 1714 1669 Ταύτῃ

183 1686 254 1744 οὖν
296 1694 354 1762 τῇ
385 1691 566 1764 ἡμέρᾳ
598 1693 694 1746 καὶ
735 1693 765 1745 6
798 1691 1069 1762 ἁγιασμὸς
1103 1691 1210 1768 τῶν
1242 1690 1490 1763 ἀζύμων,
1533 1690 1628 1744 καί⁵
1679 1691 1712 1760 ή

184 1783 534 1854 προετοιμασία
575 1785 676 1854 τῆς
709 1782 901 1854 ἑορτῆς
947 1782 1173 1851 ἐγίνετο.
1208 1782 1370 1836 Ὅθεν
1396 1785 1424 1836 6
1463 1782 1716 1852 Ἰωάννης

186 1875 230 1926 ὲν
269 1874 419 1948 ταύτῃ
453 1879 518 1947 τῇ
565 1876 751 1948 ἡμέρᾳ⁵
792 1877 1016 1940 εἰκότως
1046 1875 1122 1941 ὡς
1152 1875 1219 1930 ἂν
1260 1873 1721 1946 προετοιμαζομέ-

186 1984 278 2032 tm;
307 1970 396 2040 ἠδη
428 1969 794 2039 ἀπονίψασθαι
837 1971 964 2034 τοὺς
1013 1969 1182 2032 πόδας
1226 1969 1363 2039 πρὸς
1393 1967 1486 2020 τοῦ
1513 1965 1718 2038 Κυρίου

186 2061 281 2124 τοὺς
307 2061 542 2133 μαθητὰς
577 2063 905 2134 ἀναγράφει.
953 2060 1194 2115 Πέπονθε
1226 2061 1283 2114 δὲ
1313 2063 1379 2130 τῇ
1413 2059 1644 2134 ἐπιούσῃ
1689 2063 1719 2114 6

187 2151 338 2223 Σωτὴρ
360 2152 532 2224 ἡμῶν,
569 2155 732 2217 αὐτὸς
761 2152 836 2207 ὢν
857 2153 918 2206 τὸ
939 2153 1153 2224 Πάσχα,
1180 2149 1580 2226 καλλιερευθεῖς
1614 2150 1718 2204 ὑπὸ

195 2244 423 2300 Ἰουδαίων
433 2292 445 2300 .

1813 1142 2126 1200 comederat
2153 1147 2448 1195 mactatum
2472 1153 2501 1191 a
2531 1135 2756 1192 Iudaeis.
2789 1133 2908 1189 Jam
2931 1149 3062 1188 vero
3089 1133 3392 1204 praedicans

1816 1252 1876 1294 se
1908 1237 2087 1306 ipsum
2115 1249 2238 1290 esse
2275 1232 2483 1288 Pascha
2514 1246 2714 1302 agnum
2756 1227 2872 1291 Dei,
2911 1227 3004 1296 qui
3039 1234 3099 1280 ut
3154 1226 3274 1280 ovis
3325 1227 3394 1280 ad

1821 1329 2204 1384 "iactationem
2255 1324 2569 1387 duceretur.
2633 1321 2818 1380 statim
2869 1319 3058 1374 docuit
3087 1317 3402 1388 discipulos

1826 1423 2012 1492 ﬁgurae
2054 1419 2373 1491 mysterium
2423 1417 2512 1472 die
2569 1415 2780 1471 decima
2836 1412 3016 1476 tertia,
3068 1425 3179 1482 qua
3231 1410 3396 1465 etiam

1825 1530 1891 1570 ex
1920 1514 2039 1585 ipso
2057 1517 2486 1583 percontantur:
2539 1507 2638 1562 Ubi
2678 1508 2753 1561 vis
2804 1504 3014 1560 Pascha
3058 1502 3154 1558 tibi
3198 1502 3267 1557 ad
3309 1518 3400 1555 co-

1825 1602 2131 1659 medendum
2174 1615 2417 1672 paremus
2437 1601 2501 1654 ⁸2
2543 1597 2640 1652 Illa
2678 1597 2846 1667 igitur
2869 1595 2957 1650 die
2994 1601 3049 1650 ct
3080 1606 3396 1664 azymorum

1823 1696 2184 1755 sanctiﬁcatio
2213 1704 2266 1751 et
2308 1691 2634 1764 pmparatio
2665 1688 2796 1745 [esti
2828 1687 2971 1742 facta
3006 1695 3111 1742 est.
3142 1683 3298 1741 Unde
3342 1691 3400 1738 et

1822 1789 2060 1845 Joannes
2091 1787 2184 1841 illa
2215 1785 2304 1841 die
2335 1783 2724 1840 convenienter
2751 1789 2937 1849 utpote
2967 1783 3413 1850 praeparatarum.
3481 1817 3498 1844 ,

1815 1884 1930 1953 jam
1975 1880 2374 1951 discipulorum
2419 1875 2588 1948 pedes
2617 1888 2648 1928 a
2676 1873 2898 1930 Christo
2929 1872 3070 1926 lotos
3111 1868 3304 1925 scribit
3343 1867 3394 1923 δ.

1818 1975 2064 2030 Insecuta
2093 1979 2274 2026 autem
2305 1969 2396 2024 die
2426 1981 2626 2038 passus
2655 1973 2742 2020 est
2771 1965 3022 2018 Salvator
3056 1968 3267 2026 noster,
3299 1957 3397 2030 qui

1820 2068 1936 2140 ipse
1964 2071 2084 2122 erat
2103 2063 2335 2128 Pascha,
2369 2059 2683 2116 immolatus
2708 2073 2738 2113 a
2765 2055 2985 2115 Iudaeis.

1643 2330 1884 2406 Ibidem;

245 2470 548 2546 Ἀκολούθως
573 2470 684 2545 ἄρα
705 2474 770 2543 τῇ
809 2471 888 2536 ιδ’,
915 2471 1003 2525 ὅτε
1042 2471 1134 2525 καὶ
1165 2470 1387 2535 ἔπαθεν,
1433 2468 1600 2523 ἕωθεν
1635 2470 1722 2522 αὺ-

1892 2463 2266 2536 Congruenter
2301 2461 2465 2532 igitur
2499 2458 2588 2516 die
2622 2457 3033 2531 quartadecima
3077 2471 3183 2526 qua
3232 2457 3394 2511 etiam

184 2563 250 2616 τὸν
292 2564 335 2616 oi
386 2564 661 2634 ἀρχιερεῖς
713 2565 808 2617 καὶ
856 2565 904 2616 οἱ
966 2566 1311 2635 γραμματεῖς
1367 2561 1445 2632 τῷ
1498 2561 1715 2632 Πιλάτῳ

186 2654 524 2725 πφοάγοντες,
551 2655 654 2708 ούκ
677 2655 924 2726 εἰσῆλθον
943 2658 1022 2719 εἰς
1047 2654 1110 2708 τὸ
1147 2652 1496 2728 πραιτώριον,
1530 2654 1617 2706 ἵνα
1641 2651 1715 2724 μὴ

188 2745 458 2812 μιανθῶσιν,
494 2747 609 2800 ἀλλ’
631 2746 926 2811 ἀκωλύτως
967 2748 1204 2819 ἑσπέρας
1232 2747 1294 2799 τὸ
1314 2745 1502 2816 Πάσχα
1533 2744 1716 2814 φάγω-

186 2853 238 2889 σι.
272 2838 439 2913 Ταύτῃ
480 2839 590 2892 τῶν
641 2837 862 2910 ἡμερῶν
893 2841 960 2911 τῇ
996 2839 1252 2912 ἀκριϐείᾳ
1287 2840 1381 2892 καὶ
1409 2840 1463 2893 αί
1504 2837 1718 2909 Γραιιςαῖ⁸

185 2931 317 2982 πᾶσαι
353 2931 720 3002 συμφωνοῦσι,
746 2933 840 2986 καὶ
861 2931 929 2985 τὰ
958 2932 1264 3002 Εύαγγέλια
1289 2930 1516 3002 συνῳδά.
1563 2931 1717 2982 Ἐπι-

185 3026 407 3094 μαρτυρεῖ
427 3023 482 3076 δὲ
509 3023 604 3077 καὶ⁵
643 3025 677 3095 ἡ
712 3023 1027 3087 ἀνάστασις·
1062 3026 1128 3094 τῇ
1161 3022 1292 3093 γοῦν
1328 3023 1486 3094 τρίτῃ
1513 3022 1714 3092 ἀνέστη

183 3111 344 3184 ἡμέρᾳ,
372 3115 490 3184 ἦτις
523 3117 581 3168 ὲν
615 3113 809 3188 πρώτῃ
839 3114 947 3168 τῶν
963 3115 1268 3186 ἑϐδομάδων
1302 3114 1396 3167 τοῦ
1430 3112 1712 3186 θερισμοῦ,

185 3202 227 3253 ἐν
327 3205 412 3259 καὶ
454 3208 515 3260 τὸ
551 3206 776 3281 δράγμα
818 3207 1185 3278 ὲνομοθετεῖτο
1232 3207 1580 3277 προενεγκεῖν
1624 3204 1716 3258 τὸν

186 3295 318 3366 ἱερέα.
1017 3310 1026 3317 ’
1126 3299 1132 3308 ’

1818 2572 2013 2630 passus
2056 2563 2162 2618 est,
2197 2569 2355 2609 mane
2411 2552 2691 2625 principes
2736 2549 3084 2606 sacerdotum
3118 2556 3172 2604 et
3204 2549 3398 2604 scribae

1816 2646 2095 2701 Christum
2125 2643 2299 2700 Pilato
2332 2643 2689 2708 adducentes,
2712 2658 2819 2696 non
2843 2639 3077 2711 ingressi
3097 2648 3224 2694 sunt
3257 2653 3397 2708 pra:-

1818 2741 2040 2804 torium,
2093 2755 2161 2795 ne
2219 2738 2619 2809 polluerentur,
2676 2736 2778 2792 sed
2808 2736 2961 2790 nullo
3015 2733 3403 2804 impedimento

1819 2829 2030 2885 Pascha
2069 2843 2294 2899 vespere
2353 2827 2723 2882 comederent.
2788 2824 2928 2879 Huic
2985 2831 3254 2878 accurata:
3282 2821 3408 2878 die-

1821 2937 1944 2976 rum
1985 2919 2380 2992 computationi
2420 2918 2586 2975 etiam
2634 2917 2932 2990 Scripturae
2968 2918 3238 2972 universae
3267 2930 3416 2970 con--

1822 3015 2062 3070 sentiunt
2092 3020 2146 3069 et
2177 3011 2477 3068 concinunt
2496 3010 2806 3082 Evangelia.
2841 3009 3236 3066 Testimonium
3263 3023 3401 3079 quo-

1821 3123 1927 3178 que
1957 3106 2006 3163 ei
2043 3105 2287 3176 perhibet
2315 3104 2678 3160 resurrectio:
2717 3102 2878 3158 tertio
2908 3101 3054 3157 enim
3096 3099 3185 3156 die
3212 3115 3396 3156 resur-

1821 3200 1982 3265 rexit,
2018 3199 2111 3270 qui
2153 3199 2209 3252 in
2257 3197 2490 3268 primam
2524 3193 2920 3252 hebdomadem
2948 3193 3147 3250 messis
3183 3191 3397 3256 incidit,

1820 3307 1927 3363 qua
1946 3292 2031 3347 lex
2053 3295 2384 3362 praeceperat
2406 3304 2434 3343 a
2455 3287 2740 3346 sacerdote
2769 3287 3104 3358 manipulum
3124 3286 3402 3356 spicarum

1821 3383 2026 3439 offerri.

183 3491 302 3560 Apud
332 3493 626 3550 Macarium
657 3493 1162 3566 Chrysocephalam,
1205 3506 1344 3555 orat.
1379 3513 1435 3552 XI
1467 3498 1524 3551 in
1545 3497 1764 3564 Lucam,
1799 3496 1893 3554 sub
1925 3497 2104 3567 ﬁnem.
2135 3526 2206 3539 —
2235 3495 2318 3550 Ex
2345 3513 2444 3550 ms.
2481 3495 2608 3552 bibl.
2632 3494 2791 3551 Bodl.
2824 3492 2946 3550 cod.
2975 3493 3038 3548 2|
3058 3493 3109 3560 1,
3172 3492 3398 3548 Barocc.

237 3607 277 3659 l.
319 3607 512 3682 Ὀπόση
553 3610 746 3683 χορεία
803 3610 880 3681 (5)
933 3612 1026 3666 καὶ
1063 3613 1367 3686 πανήγυρις
1416 3615 1473 3668 ὲν
1505 3607 1714 3686 ούρανὶιῖ

1895 3613 1948 3668 l.
1983 3611 2175 3681 Qualis
2199 3620 2376 3668 cretus
2403 3620 2458 3668 et
2489 3610 2783 3683 panegyris
2817 3610 2873 3665 in
2902 3610 3043 3666 cisio
3075 3608 3155 3675 ιιι,
3181 3607 3405 3681 quando

183 3696 368 3764 γίνεται,
403 3704 454 3756 ei
474 3721 559 3767 τις
589 3703 801 3774 ἐξόριος
829 3703 1020 3773 γέγονε
1053 3707 1148 3760 καὶ
1173 3705 1348 3776 φυγάς
1385 3707 1483 3778 τῆς
1507 3706 1612 3761 ὑπὸ
1637 3705 1716 3778 τῷ

1824 3706 1944 3778 quis
1968 3713 2243 3762 extorrem
2278 3722 2338 3762 se
2366 3704 2604 3762 reddidit
2631 3712 2695 3761 et.
2707 3704 2951 3760 exsulem
2978 3719 3010 3758 a
3041 3702 3262 3758 civitate
3292 3699 3400 3755 Pa-

183 3791 318 3864 Πατρὶ
341 3794 613 3860 πολιτείας
647 3795 746 3866 (4),
795 3796 1006 3865 ἀγνοῶν
1036 3797 1112 3861 ὼς
1151 3800 1199 3851 oi
1229 3798 1595 3870 μακρύνοντες
1620 3800 1716 3854 αύ-

181 3883 278 3947 τοὺς
308 3887 393 3939 ἀπ’
421 3887 600 3954 καύτοῦ
635 3887 1002 3943 ἀπολοῦνταιί
1063 3891 1126 3943 Ei
1175 3889 1274 3963 τὴν
1305 3891 1451 3945 δόσιν
1493 3892 1588 3946 καὶ
1618 3893 1718 3966 τὴν

183 3976 334 4046 κτῆσιν
363 3980 454 4033 καὶ
480 3979 579 4052 τὴν
609 3980 973 4053 κληρονομίαν
1007 3981 1108 4054 τὴν
1140 3982 1398 4056 πατρῴαν
1421 3986 1716 4057 ἀνήλωσεν,

183 4065 350 4133 είτινος
388 4070 634 4138 ἐξέλιπεν
666 4074 700 4143 ή
740 4071 943 4136 πίστις,
977 4073 1122 4144 καὶὴ
1159 4073 1311 4138 ἐλπὶς
1334 4075 1716 4149 δεδαπάνηται,

180 4162 264 4224 toi;
284 4163 474 4217 έθνεσιν
502 4164 888 4236 συντρέχοντος
915 4167 994 4228 εἰς
1018 4165 1117 4237 τὴν
1148 4165 1316 4236 αὐτὴν
1343 4166 1446 4238 τῆς
1479 4169 1720 4233 ἀσωτίας

181 4251 416 4334 ᾄνάχυσινο
444 4253 565 4310 εἶτα
609 4255 894 4327 λιμώττων
933 4257 1026 4311 καὶ
1068 4257 1444 4330 στερούμενος,
1477 4261 1572 4317 καὶ
1597 4263 1717 4334 μηδ’

179 4333 237 4394 ὧν
268 4346 310 4397 οἱ
358 4349 524 4420 χοῖροι
571 4345 847 4402 σιτοῦνται
889 4347 1280 4420 πληρούμενος,
1319 4349 1559 4414 ἀναστὰς
1587 4333 1718 4423 ἦλθε

179 4435 289 4504 πρὸς
321 4439 406 4492 τὸν
444 4439 661 4511 πατέρα
697 4438 886 4493 αὐτοῦ.
929 4440 1067 4494 Ἀλλ’
1099 4443 1129 4495 6
1150 4441 1385 4513 χρηστὸς
1412 4443 1595 4517 πατὴρ
1619 4445 1720 4499 οὐκ

180 4524 385 4594 ἐπιμένει
445 4529 551 4594 ἕως
589 4529 657 4583 ἂν
682 4529 712 4582 6
750 4530 878 4593 παῖς
913 4529 1050 4602 πρὸς
1083 4531 1245 4584 αὑτὸν
1275 4531 1561 4605 ἀφίκηται*
1599 4536 1718 4589 οὐδὲ

181 4614 264 4688 γὰρ
283 4618 398 4684 ἴσως
421 4621 714 4694 δυνήσεται
736 4621 900 4676 πόθεν
926 4621 1022 4694 (5),
1055 4622 1176 4676 οὐδὲ
1197 4623 1454 4696 τολμήσει
1496 4625 1570 4697 μὴ
1591 4626 1720 4682 ἵλεω

179 4710 322 4779 τυχὼν
337 4715 493 4768 αὐτοῦ
527 4714 870 4786 προσελθεῖν.
907 4715 998 4769 Διὸ
1031 4715 1383 4788 βουληθέντος
1425 4717 1606 4789 μόνον,
1629 4721 1720 4774 εύ-

179 4797 254 4863 θῖις
280 4804 592 4887 ἀρξαμένου,
614 4805 831 4878 πρῶτον
849 4808 1212 4880 ὁρμήσαντος,
1236 4809 1314 4862 ἔτι
1337 4810 1554 4882 μακρὰν
1583 4812 1718 4866 ἁπέ-

179 4896 790 4969 χθντος,ὲσπλαγχνίσθη,
813 4899 908 4952 καὶ
936 4898 1244 4969 ἐκδραμὼν,
1276 4897 1470 4953 ἔπεσεν
1501 4901 1594 4955 ἐπὶ
1626 4902 1717 4957 τὸν

179 4983 401 5056 τράχηλον
441 4989 631 5053 αὐτοῦ,
686 4989 782 5042 καὶ
819 4989 1180 5061 κατεφίλησεν
1219 4991 1400 5046 αὐτόν.
1447 4994 1558 5048 Καὶ
1594 4995 1715 5049 τότε

1818 3800 1941 3865 tris,
1977 3799 2202 3871 ignarus
2232 3798 2380 3870 quod
2411 3799 2497 3855 his
2525 3797 2621 3870 qui
2658 3797 2728 3853 ab
2764 3811 2832 3853 eo
2864 3795 3130 3852 recedunt
3172 3793 3244 3850 sit
3277 3807 3396 3863 per—

1819 3893 2058 3949 eundum
2079 3895 2093 3948 ι
2120 3893 2415 3965 Postquam
2435 3891 2779 3964 largitionem
2804 3889 2950 3945 ﬁlius
2968 3887 3402 3960 possessionem-

1819 3999 1926 4054 que
1974 3991 2030 4039 ct
2077 3984 2450 4040 hereditatem
2490 3982 2724 4053 patriam
2767 3979 3132 4050 consumpsit,
3179 3976 3404 4049 quando

1821 4075 1955 4132 ﬁdes
2003 4076 2239 4147 alicujus
2287 4074 2473 4131 deﬁcit
2529 4081 2586 4129 et
2623 4089 2751 4144 spes
2790 4071 3090 4142 dilapidata
3123 4077 3229 4136 est,
3271 4083 3402 4124 cum

1821 4167 2077 4239 gentibus
2100 4169 2148 4225 is
2189 4170 2361 4224 currit
2385 4170 2442 4224 in
2481 4167 2712 4224 ellusam
2745 4179 2810 4220 ae
2843 4164 3166 4219 dissolutam
3207 4161 3397 4218 vitam.

1820 4259 2024 4315 Deinde
2057 4258 2309 4314 famelico
2333 4267 2388 4315 et
2419 4258 2568 4328 inopi
2589 4271 2715 4313 cum
2746 4269 2848 4310 nec
2892 4254 2971 4309 illi
3039 4252 3263 4308 daretur
3297 4253 3402 4307 im-

1820 4351 1956 4422 pleri
2017 4351 2218 4422 quibus
2253 4350 2403 4420 porci
2452 4349 2730 4412 cibantur,
2769 4345 2944 4415 surgit
2973 4351 3028 4400 et
3071 4343 3138 4398 ad
3187 4350 3401 4414 patrem

1820 4459 1980 4498 suum
2023 4443 2220 4500 tendit.
2275 4441 2462 4497 Bonus
2507 4448 2691 4496 autem
2748 4445 2906 4509 pater
2963 4453 3074 4493 non
3122 4441 3403 4506 exspectat

1820 4533 1996 4590 donec
2035 4534 2104 4590 ad
2144 4549 2268 4590 eum
2324 4533 2509 4590 veniat
2551 4532 2749 4600 ﬁlius;
2789 4544 2968 4601 neque
3025 4527 3175 4585 enim
3205 4522 3405 4598 poterit

1820 4627 2081 4691 fortasse,
2130 4632 2224 4680 aut
2262 4624 2472 4681 veritus
2521 4638 2589 4679 ne
2621 4621 2918 4694 propitium
2960 4617 3106 4673 haud
3137 4617 3412 4677 inveniat,

1819 4733 1930 4774 non
1981 4717 2249 4772 audebit:
2303 4715 2426 4772 ideo
2475 4716 2694 4771 volente
2756 4713 2856 4769 illo.
2910 4711 3088 4768 solum
3181 4717 3235 4765 et
3290 4709 3402 4778 pris

1819 4825 1968 4865 mum
2021 4809 2114 4864 vix
2149 4807 2414 4879 impetum
2447 4807 2698 4881 capiente
2737 4805 2946 4870 statim,
2973 4805 3202 4860 absente
3222 4801 3402 4857 adhuc

1819 4903 2032 4974 procul,
2091 4909 2246 4972 pater
2283 4903 2660 4964 misericordia
2688 4905 2998 4956 commotus
3039 4895 3301 4961 accurrit,
3347 4901 3403 4948 et

1818 4996 1960 5051 collo
2000 4995 2122 5067 ejus
2158 4996 2440 5064 allabitur,
2489 4995 2770 5065 ﬁliumque
2814 4989 3185 5048 exosculatur.
3246 4985 3401 5040 Tunc

179 5073 355 5149 θαρρῶν
379 5084 406 5136 6
437 5084 590 5148 παῖς,
624 5081 1032 5153 ἑξομολογεῖται
1077 5082 1146 5137 τὰ
1190 5085 1576 5157 πεπραγμένα.
1617 5087 1717 5158 Διά

1824 5089 2103 5148 conﬁdens
2135 5091 2248 5160 ille,
2283 5089 2522 5146 admissa
2551 5088 2864 5144 conﬁtetur.
2897 5083 3133 5155 Ideoque
3165 5088 3318 5152 pater
3349 5079 3406 5134 ei

290 5250 313 5276 ι
349 5236 536 5294 Matth.
564 5253 720 5304 xxvi,
756 5238 844 5295 l7.
922 5227 952 5278 ἶ)
989 5237 1151 5296 Joan.
1187 5255 1311 5305 xm,
1345 5238 1400 5296 5.

193 5456 206 5476 η
229 5389 292 5460 (3)
343 5394 554 5468 Ὀπόση
614 5414 744 5476 χορ.
786 5394 1184 5476 θοι-ιεεεῐιᾶα.
1207 5397 1262 5452 in
1323 5397 1720 5476 commentario

175 5457 443 5543 Grecorum
479 5457 758 5543 praecipue
786 5457 1121 5543 Patrum,_in
1164 5466 1390 5543 Lucam,
1427 5479 1611 5543 utrum
1639 5469 1719 5521 al-

178 5536 313 5615 terius
367 5536 504 5615 forte
542 5540 662 5615 sint
719 5538 983 5594 auctoris.
1006 5537 1212 5615 _(_3tua._
1235 5570 1307 5615 -__—_
1331 5539 1716 5615 Emendatiora

176 5600 434 5677 llxoniensi
493 5609 740 5664 editione
800 5623 832 5662 a
894 5624 954 5663 se
1006 5608 1098 5663 hic
1127 5608 1370 5666 exhibita
1414 5609 1720 5677 fragmenta

177 5680 487 5749 Istatestatur
517 5678 810 5734 Fabricius
843 5679 973 5749 :qui
1003 5686 1058 5734 et
1085 5694 1149 5733 ea
1173 5677 1364 5737 Latine
1386 5677 1644 5737 reddidit.

227 5743 291 5811 (4)
319 5750 645 5816 Πολιτείας.
706 5743 988 5802 Πολιτείαν
1038 5749 1143 5803 hoc
1181 5751 1303 5806 loco
1348 5754 1530 5806 malim
1573 5749 1721 5803 acci-

177 5825 277 5886 let‘e
303 5833 390 5892 pro
428 5821 545 5878 vita:
568 5821 777 5892 ratione
805 5829 853 5874 et
895 5820 1290 5892 consuetudine,
1324 5837 1488 5892 quam
1517 5837 1614 5892 pro
1644 5821 1721 5892 ci-

176 5891 320 5941 trtate.
355 5889 424 5946 Eo
455 5891 726 5962 siquidem
754 5907 918 5947 sensu
948 5891 1090 5961 apud
1127 5889 1425 5962 scriptores
1463 5889 1714 5948 ecclesia-

1825 5398 1995 5454 sticos
2027 5401 2126 5454 vox
2145 5399 2248 5454 ista
2271 5398 2712 5468 frequentissime
2737 5404 2999 5468 usurpata
3021 5395 3396 5468 comperitur:

1824 5469 1958 5539 quin
1980 5478 2034 5525 et
2058 5471 2287 5540 ipsemet
2310 5465 2601 5540 contextus
2620 5465 3402 5540 eamdeminterpretationem

1822 5536 2054 5595 suadere
2079 5536 2338 5596 Videtur.
2375 5538 2512 5594 Vide
2557 5538 2838 5594 Svicerum
2875 5539 2930 5592 in
2964 5536 3234 5591 Thesauro
3254 5537 3384 5590 ccci.

1824 5620 1958 5666 tom.
1987 5609 2053 5682 ll,
2083 5612 2188 5667 col.
2211 5611 2312 5665 795
2334 5625 2474 5682 seq.,
2495 5621 2550 5666 et
2569 5610 2837 5682 Cangium
2868 5609 2924 5663 in
2949 5606 3187 5662 δίσκων.
3222 5605 3394 5661 Gram.

1823 5688 1958 5737 tom.
1986 5679 2051 5744 ll,
2081 5683 2186 5736 col.
2220 5682 2378 5736 1194.

1896 5753 1972 5824 (5)
1999 5751 2330 5824 Δυνήσξται
2375 5754 2576 5808 πόθεν.
2610 5749 2865 5808 Fortasse
2905 5747 3214 5824 legendum,
3243 5745 3432 5816 δυνητ-

1826 5821 1974 5877 σεταί
2006 5841 2153 5877 ποτε.
2193 5821 2410 5878 Fautttc.
