3848 6538
145 407 206 467 761
1402 396 1842 456 FRAGMENTA.

3196 398 3302 455 762

140 504 275 601 Πατὴρ
299 523 375 580 τὸν
416 521 615 596 μόσχον
631 520 833 587 δίδωσι,
855 520 950 576 καὶ
982 518 1188 587 θύεται,
1212 520 1306 577 καὶ
1336 519 1624 594 τρώγεται·

1747 536 1822 576 ,ιιι-
1841 529 1891 576 et
1907 518 2232 577 comeditur.
2254 517 2373 576 Non
2391 518 2737 577 accedentem
2761 529 2938 578 autem
2956 520 3298 594 persequitur

140 624 226 692 τοὺς
257 618 303 673 δὲ
323 616 386 689 μὴ
417 614 743 687 προσιόντας
770 610 953 667 διώκει
979 613 1075 668 καὶ
1116 613 1503 686 ἀποκηρύττει,
1537 614 1631 666 καὶ

123 711 435 783 ’ἀλκιμώτατος
457 707 660 780 ταῦρος
688 705 1021 778 εὑρίσκεταιο
1042 705 1131 760 διά
1155 705 1263 780 γὰρ
1300 707 1364 760 τὺ
1408 706 1633 777 μέγεθος

138 805 201 863 καὶ
233 802 312 874 τὴν
338 799 587 872 ἀνδρείαν
619 798 864 872 λέλεκται
889 797 1017 868 περὶ
1050 797 1237 864 αὑτοῦ,
1255 797 1348 866 Ὦς
1367 796 1515 864 δόξα
1534 814 1635 867 μο-

136 894 386 965 ιυκέρωτος
434 891 617 959 αὐτῷ.
659 891 792 965 Ὁρᾷ
833 890 890 949 δὲ
921 890 1081 946 αὑτὸν
1129 892 1226 946 καὶ
1278 891 1307 944 6
1350 890 1634 962 προφήτης

143 984 379 1039 Ἀϐὁακοὺκ
404 979 894 1055 κέραςιφοροῦντα,
924 982 1020 1038 καὶ
1046 979 1138 1034 τὸν
1163 980 1494 1053 ἀμυντήριον
1519 979 1634 1052 ᾄδει

136 1076 294 1148 τρόπον·
324 1072 547 1142 Κέρατα
569 1073 642 1127 ἐν
665 1070 881 1143 χερσὶν
907 1069 1115 1126 αὐτοῦ.
1145 1071 1243 1129 Διά
1265 1070 1424 1125 τοῦτο
1443 1072 1537 1126 καὶ
1574 1070 1636 1124 τὸ

135 1168 299 1238 σημεῖον
337 1165 605 1219 δείκνυσιν
637 1163 804 1220 αὐτοῦ
833 1163 936 1236 τὴν
973 1162 1199 1235 δύναμιν
1236 1164 1331 1218 καὶ
1363 1164 1461 1236 τὴν
1488 1162 1636 1231 ὲξου-

136 1257 235 1321 βίαν,
270 1255 591 1329 ἑκατέρωθεν
647 1255 848 1328 μᾶλλον
902 1256 960 1312 δὲ
1012 1255 1346 1327 πανταχόθεν
1407 1257 1505 1310 καὶ
1548 1255 1636 1310 διὰ

132 1347 291 1403 πάντων
320 1345 566 1417 διήκοντα
596 1345 665 1399 τά
695 1344 925 1419 κέρατα.
970 1345 1417 1418 Ἐνδυναμοῦνται
1445 1346 1503 1405 δὲ
1543 1345 1636 1400 οὖ-

132 1453 207 1500 τως
227 1437 267 1489 oi
297 1435 573 1501 ἐσθίοντες,
606 1435 699 1490 καὶ
723 1434 991 1507 τοσαύτην
1008 1435 1161 1507 ἰσχὺν
1186 1436 1259 1509 ὲκ
1271 1436 1371 1509 τῆς
1402 1433 1637 1507 ζωτικῆς

127 1528 171 1581 tv
188 1528 362 1591 ἑαυτοῖς
389 1525 633 1597 ἰσχύουσι
670 1525 897 1597 τροφῆς,
931 1504 1369 1580 ὥστ’-αὐτοὶ.’καὶ
1398 1526 1518 1578 κατ’
1546 1504 1637 1594 ἑχ-

130 1619 233 1690 θρῶν
251 1614 371 1673 εἶναι
390 1618 652 1691 καρτεροῖ⁵
680 1618 774 1673 καὶ
802 1617 1087 1688 μονονουχὶ
1122 1617 1218 1671 τοῦ
1247 1616 1445 1690 ταύρου
1470 1615 1636 1690 κέρα-

129 1721 188 1757 σιν
219 1704 543 1776 ὡπλισμένοι.
601 1705 689 1769 Ὠς
738 1703 907 1774 λέγει’
955 1705 1051 1760 ’Er
1080 1705 1179 1762 σοι
1219 1705 1361 1774 τοὺς
1386 1705 1636 1776 ἐχθροὺς

130 1795 251 1865 ἡμῶν
272 1797 662 1867 κερατιοῦμεν.

1734 615 2041 686 rejicitque,
2075 622 2131 671 et
2165 612 2588 671 robustissimus
2619 620 2813 671 taurus
2840 613 3132 685 reperitur.
3165 611 3304 668 Pro-

1734 715 1855 778 pter
1898 705 2329 777 magnitudinem
2371 704 2522 760 enim
2551 719 2617 759 ac
2641 704 2811 760 robur
2854 704 3063 761 dictum
3100 703 3170 759 de
3209 717 3300 770 eo,

1732 803 1878 874 quod
1911 803 2085 875 gloria
2114 803 2229 869 eius
2263 803 2334 857 sit
2362 801 2500 857 velut
2524 801 2795 856 unicornis
2825 813 2875 857 α.
2905 799 3042 855 Nam
3087 807 3142 856 et
3167 814 3300 871 pro-

1733 895 1898 965 pheta
1949 894 2205 951 Habacuc
2256 909 2381 951 eum
2417 909 2589 950 cornu
2633 891 2896 949 ferentem
2927 892 3219 963 conspicit,
3246 896 3306 951 et

1734 985 1989 1043 vindicta:
2010 987 2134 1059 ejus
2162 985 2384 1047 modum
2415 986 2734 1051 decantans,
2753 981 2990 1051 Cornua,
3021 983 3217 1054 inquit,
3246 984 3306 1039 in

1734 1077 1979 1134 manibus
2015 1078 2131 1149 ejus
2160 1075 2211 1133 δ.
2245 1076 2541 1149 Propterea
2571 1082 2626 1132 et
2653 1074 2760 1131 hoc
2814 1075 3031 1146 signum
3079 1073 3306 1129 denotat

1733 1169 1855 1240 ejus
1874 1170 2168 1242 potentiam
2194 1175 2248 1226 et
2269 1172 2593 1241 petestatem
2609 1181 2838 1223 :cornua
2853 1167 2998 1223 enim
3021 1165 3299 1236 utrinque,

1732 1261 1818 1316 vel
1840 1262 2023 1331 potius
2053 1275 2441 1332 usquequaque
2458 1258 2681 1327 feriunt.
2710 1256 2814 1325 Qui
2837 1272 2969 1313 vero
2990 1255 3304 1321 comedunt,

1735 1353 1812 1408 ita
1834 1352 2280 1417 corroborantur,
2298 1362 2352 1409 et
2377 1358 2558 1407 tantas
2583 1352 2729 1407 vires
2751 1366 2819 1405 ex
2839 1347 3056 1405 vivifico
3074 1348 3167 1404 ilio
3183 1346 3308 1403 cibo

1736 1445 1795 1500 in
1826 1459 1886 1501 se
1938 1445 2181 1516 capiunt,
2231 1452 2292 1500 ut
2344 1452 2399 1500 et
2429 1438 2641 1500 'contra
2687 1442 2940 1499 inimicos
2977 1440 3089 1497 sint
3140 1437 3305 1495 validi

1735 1544 1791 1593 et
1818 1544 2030 1593 tantum
2084 1552 2193 1592 non
2237 1543 2519 1592 taurorum
2563 1535 2757 1591 armati
2802 1534 3083 1592 cornibus.
3151 1531 3310 1590 Unde

1737 1629 1814 1685 ait
1844 1649 1858 1685 :
1916 1628 1982 1684 In
2023 1637 2072 1685 te
2134 1629 2377 1685 inimicos
2413 1636 2624 1684 nostros
2664 1626 3032 1683 ventilabimus
3064 1642 3232 1683 cornu
3256 1634 3305 1684 ε.

126 1909 131 1920 ι
174 1890 215 1945 5.
239 1889 539 1963 Εύφροσύνη
572 1892 668 1946 καὶ
700 1893 929 1965 συνῳδία
963 1893 1054 1948 καὶ
1080 1894 1248 1967 χοροίσ
1284 1894 1385 1950 κᾶν
1411 1895 1440 1948 6
1470 1910 1638 1968 πρεσ-

1807 1895 1974 1967 378
1990 1895 2045 1951 '6.
2072 1892 2286 1950 Laetitia
2309 1892 2438 1949 hinc
2458 1898 2514 1949 et
2537 1899 2840 1950 concentus
2861 1890 3145 1963 chorique,
3168 1904 3314 1962 aegre

125 1980 315 2054 εύτερος,
345 1983 372 2035 6
397 1980 672 2056 πάρεδρος
695 1985 784 2038 ἀεὶ¹
833 1986 926 2039 καὶ
959 1985 1295 2058 καταπειθὴς
1335 1986 1414 2058 τῷ
1468 1986 1638 2059 πατρὶ

122 2070 340 2145 δυσχερῶς
384 2074 563 2146 φέρει,
617 2075 888 2146 μηδέποτε
945 2077 1044 2150 μὲν
1076 2076 1237 2142 αὐτὸς
1282 2079 1341 2132 ὲν
1387 2076 1637 2150 (ἀσωτίᾳ)

123 2163 223 2233 μηδὲ
259 2164 310 2218 ὲν
361 2162 611 2236 διαίύσει
662 2166 977 2238 γινόμενος,
1048 2168 1528 2240 μεμακαρισμένον
1581 2166 1640 2221 δὲ

123 2253 224 2324 ὀρῶν
266 2254 345 2315 τὸν
387 2255 829 2330 ἐκδεδικημένον.
882 2259 1199 2332 Παρακαλεῖ
1252 2255 1345 2315 οὖν
1395 2260 1582 2316 τοῦτον
1610 2262 1641 2316 6

122 2343 273 2416 πατὴρ,
300 2345 485 2415 λέγων’
530 2346 774 2413 Τέκνον,
806 2348 887 2403 σὺ
912 2349 1170 2405 πάντοτε
1203 2352 1331 2423 μετ’
1376 2352 1522 2423 ἐμοῦ
1564 2348 1636 2407 εἷ.

123 2434 201 2487 Καὶ
223 2435 295 2503 τίς
324 2437 526 2508 μείζων
558 2439 870 2512 εὐφροσύνη
903 2441 997 2495 καὶ⁸
1025 2441 1184 2517 ἑορτὴ
1216 2443 1313 2498 καὶ
1336 2445 1641 2519 πανήγυρις

120 2521 186 2576 τοῦ
214 2524 487 2594 διαπαντὸς
524 2531 766 2584 συνεῖναι
787 2530 879 2584 καὶ
918 2533 1253 2605 παρεστάναι
1283 2536 1378 2591 καὶ
1400 2534 1643 2610 λειτουρ-

120 2616 203 2680 γεῖν
228 2617 296 2688 τῷ
329 2618 473 2691 Θεῷ;
526 2621 642 2676 Καὶ
672 2620 869 2683 πάντα
898 2622 971 2678 τὰ
1015 2624 1126 2695 ἐμὰ
1158 2624 1241 2681 σά
1259 2626 1412 2682 ἐστι.
1444 2627 1640 2682 Μακά-

117 2723 201 2776 ριος
218 2708 267 2764 δὲ
293 2711 320 2763 6
345 2712 692 2786 κληρονόμος
716 2715 812 2771 τοῦ
841 2716 999 2786 Θεοῦ,
1023 2711 1068 2787 ᾧ
1091 2719 1275 2793 πατὴρ
1290 2707 1587 2793 ὶκτήσατο·
1613 2721 1647 2774 6

119 2798 277 2867 πιστὸς,
312 2798 371 2859 οὗ
396 2806 512 2870 πᾶς
542 2806 694 2860 ἐστιν
723 2808 754 2861 6
800 2807 1004 2880 κόσμος
1034 2810 1142 2865 τῶν
1173 2810 1490 2883 χρημάτων.
1524 2814 1644 2868 Εὐ-

114 2894 390 2963 βρωθῆναι
421 2896 495 2951 δὲ
530 2898 632 2953 καὶ
689 2899 948 2970 χαρῆναι
996 2902 1140 2969 ἔδει,
1195 2902 1285 2958 ὅτι
1319 2907 1353 2959 ό
1385 2904 1647 2977 ἁδελφός

113 2999 198 3038 σου
221 2982 384 3057 οὗτος
434 2990 665 3061 νεκρὸς
695 2988 794 3063 ἦν,
828 2995 927 3049 καὶ
973 2994 1244 3065 ἀνέζησε.
1277 2996 1497 3070 Χρηστὲ
1535 2997 1648 3053 Πά-

112 3082 242 3151 τερ,ό
268 3079 553 3153 ζωογονῶν
583 3083 658 3138 τὰ
681 3084 879 3152 πάντα,
907 3088 937 3140 6
967 3087 1198 3161 ἐγείρων
1229 3087 1357 3154 τοὺς
1398 3089 1647 3162 νεκρούςῐ
1672 3130 1673 3133 η

1737 1987 1947 2044 ferente
1982 1987 2111 2044 licet
2150 1985 2320 2042 fratre
2371 1984 2580 2055 majore
2606 1993 2758 2050 natu,
2788 1983 2883 2056 qui
2920 1983 3061 2054 patri
3093 1997 3315 2053 semper

1738 2080 2041 2137 adhmserat
2063 2079 2225 2150 eique
2246 2078 2556 2148 obsequens
2581 2074 2778 2140 fuerat,
2826 2076 3145 2140 neutiquam
3180 2088 3318 2130 vero

1737 2173 1857 2244 ipse
1881 2171 2101 2244 flagitiis
2128 2187 2189 2228 se
2215 2181 2271 2228 et
2309 2169 2632 2226 libidinibus
2671 2167 2916 2234 dederat,
2939 2167 3051 2238 jam
3079 2181 3210 2223 vero
3235 2165 3315 2222 vi-

1738 2265 1901 2323 debat
1930 2266 2185 2330 alterum,
2219 2278 2438 2337 poenam
2467 2260 2563 2334 qui
2614 2270 2911 2327 meruerat,
2939 2261 3098 2318 beate
3131 2275 3314 2332 agere.

1738 2358 1941 2417 Blande
1972 2358 2140 2430 igitur
2165 2357 2318 2412 illum
2348 2355 2692 2427 compellans
2740 2362 2916 2426 pater,
2947 2351 3076 2420 Fili,
3110 2352 3313 2424 inquit,

1743 2461 1797 2507 tu
1829 2466 2031 2521 semper
2087 2466 2290 2505 mecum
2347 2464 2424 2505 es.
2484 2446 2553 2503 Et
2594 2461 2843 2519 quamam
2892 2444 3072 2516 major
3126 2444 3318 2500 laetitia

1740 2544 2011 2602 festumve
2066 2550 2162 2599 aut
2196 2539 2512 2617 panegyris,
2564 2554 2727 2612 quam
2781 2552 3000 2609 semper
3046 2536 3240 2594 adesse
3262 2540 3323 2593 ct

1742 2637 2004 2693 assistere
2026 2634 2139 2692 Deo
2171 2634 2334 2709 eique
2362 2632 2665 2689 inservire?
2700 2629 2771 2685 Et
2817 2630 2996 2685 omnia
3031 2645 3149 2684 mea
3223 2636 3317 2682 tua

1742 2739 1886 2785 sunt.
1911 2728 2114 2785 Beatus
2139 2727 2232 2799 qui
2259 2726 2434 2784 haeres
2457 2731 2546 2783 est
2576 2723 2692 2793 Dei,
2723 2723 2781 2779 in
2814 2722 2975 2794 cujus
3005 2737 3138 2779 usus
3157 2719 3319 2777 Pater

1744 2828 1844 2871 sua
1870 2813 2118 2886 possidet
2142 2832 2158 2872 :
2189 2812 2394 2879 fidelis,
2429 2813 2591 2885 cujus
2619 2819 2705 2868 est
2728 2811 3014 2868 universus
3033 2825 3195 2882 opum
3218 2809 3321 2865 bo-

1744 2921 2050 2979 norumque
2099 2906 2378 2984 ιιιιιιιιιιιε.χ
2424 2904 2715 2961 Exsultare
2767 2913 2943 2958 autem
2993 2912 3045 2958 et
3091 2900 3321 2974 gaudere

1746 2997 2040 3072 oportebat,
2071 2997 2212 3070 quod
2241 2997 2411 3069 frater
2437 2997 2520 3052 hic
2565 3006 2687 3051 tuus
2717 3004 2956 3050 mortuus
2981 3003 3114 3063 erat,
3142 3002 3193 3049 ει
3238 3010 3322 3048 re-

1746 3093 1896 3149 vixit.
1936 3089 2087 3148 Bone
2115 3089 2302 3157 Pater,
2360 3089 2456 3161 qui
2501 3087 2750 3144 vivificas
2775 3086 2977 3151 omnia,
3028 3094 3083 3141 et
3109 3082 3320 3143 exc-itas

113 3172 192 3267 nu
211 3172 525 3267 τιεολωλὼς
546 3172 670 3249 ἦν,
703 3177 804 3233 και
847 3179 1080 3249 εὑρέθη,
1114 3181 1417 3250 Μακάριος
1458 3180 1528 3235 δὲ
1573 3182 1646 3237 ὃν

1747 3182 2026 3241 mortuos!
2053 3181 2124 3237 Et
2150 3181 2387 3253 perditus
2429 3188 2568 3247 erat,
2619 3195 2683 3234 ac
2726 3187 2962 3248 repertus
2989 3185 3087 3232 est.
3119 3175 3319 3230 Beatus

109 3261 312 3331 ἐξελέξω
332 3307 349 3332 ,
400 3269 506 3325 καὶ
565 3269 976 3339 προσελάϐου,
1029 3272 1124 3327 καὶ
1154 3270 1215 3326 όν
1266 3270 1509 3345 ζητήσας
1553 3274 1644 3327 εύ-

114 3353 290 3421 Ρίσκεις·
316 3360 619 3432 Μακάριοι
649 3356 739 3418 ὧν
787 3363 1106 3435 ἀφέθησαν
1145 3368 1207 3421 αἱ
1248 3367 1507 3438 ἀνομίαι,
1545 3368 1644 3424 καὶ

107 3440 170 3496 ὧν
189 3446 703 3523 ἐπεκαλύςρθησιιν
741 3457 803 3509 αἱ
861 3456 1157 3526 ἁμαρτίαι.
1218 3456 1377 3513 Ἀλλά
1437 3457 1499 3513 τὸ
1549 3458 1648 3531 μὲν

112 3545 336 3603 μετανοεῖν
355 3544 416 3612 ἐξ
456 3547 884 3619 ἁμαρτημάτων
906 3547 1263 3621 ἀνθρώπινονο
1297 3549 1393 3604 καὶ
1416 3549 1648 3620 γινέσθω

106 3629 225 3687 tauro
250 3636 362 3707 μεθ’
400 3637 769 3712 ὑποστροφῆς
822 3639 1077 3713 ἀσχέτουο
1106 3642 1136 3696 6
1186 3641 1296 3714 γὰρ
1332 3640 1406 3714 μὴ
1451 3640 1645 3708 οὕτως,

106 3723 507 3799 ὁνειδισθήσεται,
546 3732 639 3786 ὅτι
676 3730 752 3804 μὴ
803 3732 864 3800 ἐξ
920 3732 1050 3804 ὅλης
1102 3734 1353 3807 καρδίας,
1386 3735 1502 3790 ἀλλ’
1548 3739 1641 3793 ἐπὶ

107 3810 443 3874 σπεύδει’.Καὶ
472 3819 540 3875 τὸ
574 3812 919 3889 καταφυγεῖν
948 3821 1041 3874 ἐπὶ
1068 3820 1159 3876 τὸν
1198 3821 1386 3893 Gabini)
1397 3821 1644 3895 μιέυικερον⁸

104 3902 312 3978 καὶπρὸς
344 3910 497 3964 τοῦτ’
528 3908 900 3974 ἀδιαλείπτως
960 3911 1056 3965 καὶ
1103 3912 1369 3976 συντόνως
1418 3910 1650 3981 ἐπειγώ-

105 3995 226 4061 μεθα.
254 4001 450 4069 Δεῦτε,
516 4002 639 4075 γὰρ
690 4001 859 4073 λέγει,
893 4004 1045 4072 πρὸς
1075 4004 1432 4074 μὲνπάντες
1454 4007 1509 4059 οἱ
1547 4022 1649 4059 κο-

101 4087 306 4159 πιῶντες
352 4094 459 4149 καὶ
543 4094 1015 4165 πεφορτισμένοι
1033 4136 1047 4162 ,
1107 4096 1269 4167 κάγὼ
1320 4084 1650 4152 ἀναπαύσω

102 4177 235 4248 ῠμᾶς.
273 4184 383 4239 Καὶ
425 4186 492 4240 τὸ
520 4184 742 4250 δεῖσθαι
796 4186 891 4240 καὶ⁵
939 4187 1000 4240 τὸ
1042 4185 1478 4258 ἐξομολογεῖσθαι
1514 4188 1652 4260 μετά
1690 4266 1697 4273 ι

98 4277 565 4372 ςαπξινοφροσύνης
587 4276 858 4332 ἑκούσιον.
896 4277 988 4332 Διὸ
1033 4278 1354 4334 ὲντέλλεταυ
1390 4278 1539 4355 Λέγε
1568 4280 1651 4335 σὺ

100 4369 284 4434 πρῶτος
309 4369 419 4439 τὰς
450 4370 759 4442 ἁμαρτίας
808 4385 945 4436 σου,
998 4371 1098 4425 ἵνα
1148 4371 1477 4441 δικαιωθῇς.
1530 4374 1653 4428 Ἐπὶ

97 4451 349 4527 δὲτούτοις
382 4464 560 4519 τίνων
626 4461 952 4534 τευξόμεθα,
1005 4464 1099 4517 καὶ⁸
1157 4463 1210 4519 τί
1241 4464 1497 4537 ἐσόμεθα,
1552 4466 1653 4537 οὐχ

99 4544 223 4616 ἡμεῖς
257 4556 464 4626 κριταί.
1670 4545 1727 4608 D

144 4639 188 4693 ι.
214 4645 395 4712 Οὖτως
420 4648 506 4720 (’2)
545 4646 667 4720 ἔχει
703 4647 797 4702 καὶ
828 4647 1071 4721 ἀκριϐῶς
1097 4651 1131 4722 ἡ
1154 4647 1454 4722 παραϐολή’
1472 4646 1647 4707 Ἦκεν

97 4730 244 4802 ὀπαῖς
267 4741 297 4792 6
316 4741 620 4812 μετανοῶν
647 4740 786 4813 πρὸς
811 4740 902 4795 τὸν
934 4741 1305 4814 εὖσπλαγχνον
1337 4732 1570 4816 πατέρα,
1587 4742 1649 4796 οὐ

92 4823 229 4879 ταῦτα
249 4828 486 4895 ἐλπίσας
543 4831 708 4894 ποτὲ,
753 4828 850 4902 τὴν
880 4829 1073 4903 στολὴν
1103 4830 1201 4903 τὴν
1254 4829 1498 4905 πρώτην,
1557 4832 1654 4886 καὶ

91 4912 162 4967 τὸν
189 4918 491 4990 δακτύλων,
539 4923 644 4977 καὶ
709 4921 779 4977 τά
833 4923 1173 4995 ὑποδήματα,
1203 4922 1325 4978 οὐδὲ
1357 4922 1655 4994 γεύσασθαι

88 5008 161 5062 τοῦ
186 5013 378 5086 μόσχου
408 5016 515 5071 τοῦ
550 5015 827 5081 σιτευτοῦ,
859 5016 979 5070 οὐδὲ
1025 5015 1266 5089 μεθέξειν
1292 5015 1650 5089 εὐφροσύνης,

90 5099 182 5155 οὐδὲ
208 5109 475 5180 συνῳδίας
509 5108 617 5164 καὶ
642 5108 823 5179 χορῶν
855 5107 1200 5162 ἀπολαύσειψ
1235 5108 1353 5164 ἀλλ’
1373 5107 1655 5180 ἀγαπητὸν

89 5192 167 5260 μὲν
181 5193 244 5269 ἧν
273 5202 431 5274 αὐτῷ
458 5204 664 5273 τυχεῖν
695 5193 740 5269 ᾧ
776 5199 929 5269 ἠξίου
963 5199 1086 5255 καθ’
1117 5201 1310 5255 ἑαυτόν
1329 5218 1345 5233 ·
1388 5200 1657 5272 Ποίησόν

83 5302 157 5350 με,
186 5289 515 5361 βεϐούλευτο
556 5295 763 5358 εἰπεῖν,
817 5292 898 5360 ὡς
919 5292 1028 5347 ἕνα
1059 5293 1179 5348 τῶν
1230 5295 1491 5364 μισθίων
1518 5310 1653 5350 σου.

85 5379 171 5452 Τὴν
223 5386 278 5440 δὲ
347 5384 779 5459 φιλοφροσύνην
836 5383 963 5461 ίδὼνο
1022 5369 1516 5459 προύπαντήσασαν
1563 5384 1657 5440 τοῦ

136 5537 343 5613 (Nam.
376 5558 555 5613 xxi",
590 5539 687 5595 22.
754 5538 1027 5613 t3_llabac.
1062 5555 1147 5606 ιιι,
1178 5542 1232 5598 4.

82 5609 249 5669 “.28.
327 5616 356 5671 ξ
398 5610 515 5669 lSa.
562 5626 729 5675 ιιιιι,
758 5610 850 5665 26.

135 5727 431 5801 (ηοῡτως
458 5751 524 5789 κ.
565 5748 626 5785 τ.
659 5734 721 5784 .2.
757 5728 874 5803 Huc
888 5745 1067 5803 usque
1109 5731 1398 5789 Clemens:
1425 5747 1548 5803 quae
1569 5746 1659 5787 se-

82 5809 316 5867 quuntur,
348 5804 611 5859 alterius
641 5801 832 5871 procul
870 5801 1035 5865 dubio
1058 5809 1186 5868 sunt
1209 5801 1473 5865 auctoris.
1500 5803 1663 5869 cujus

84 5880 250 5927 nomen
277 5876 474 5931 scriba
529 5875 595 5929 in
633 5871 875 5944 margine
919 5886 1189 5944 apponere
1239 5875 1492 5947 neglexit.
1524 5872 1654 5928 Nam

1311 5553 1333 5581 ε
1375 5541 1522 5601 Psal.
1553 5555 1709 5612 xjuu,
1734 5540 1789 5596 6.
1888 5538 1915 5578 δ
1956 5537 2102 5595 Psal.
2140 5551 2286 5603 sxw,
2318 5534 2372 5592 5.

1745 3290 1899 3346 quem
1941 3272 2167 3344 elegisti,
2205 3280 2256 3328 et
2300 3270 2643 3342 assumpsisti
2675 3268 2728 3338 ά,
2781 3282 3050 3340 quemque
3071 3279 3323 3336 quaerens

1744 3363 1975 3436 reperis.
2002 3362 2161 3419 Beati
2197 3378 2421 3435 quorum
2461 3362 2695 3417 remissa:
2751 3367 2876 3414 sunt
2915 3357 3243 3429 iniquitates,
3269 3363 3321 3410 et

1746 3472 1970 3528 quorum
2019 3464 2156 3510 tecta
2208 3461 2333 3509 sunt
2378 3461 2595 3525 peccata
2663 3463 2710 3508 θ.
2774 3448 2883 3506 Sed
2920 3447 3247 3519 resipiscere
3290 3461 3323 3501 a

1747 3546 2015 3619 peccatis,
2049 3544 2290 3601 hominis
2317 3550 2403 3601 est
2433 3560 2447 3596 :
2479 3542 2646 3614 idque
2696 3539 2790 3595 fiat
2856 3554 2968 3594 non
3015 3535 3322 3593 revocanda

1749 3639 2125 3697 conversione.
2165 3637 2302 3694 Nam
2329 3636 2424 3709 qui
2450 3636 2555 3692 hoc
2586 3649 2697 3691 non
2745 3632 2899 3698 facit,
2932 3630 3227 3705 ignominia
3252 3626 3328 3682 af-

1751 3732 1983 3800 ficietur,
2020 3732 2280 3806 quoniam
2324 3745 2437 3786 non
2468 3743 2535 3784 ex
2580 3733 2696 3784 toto
2726 3726 2935 3792 animo,
2967 3723 3063 3781 sed
3095 3737 3194 3795 per
3222 3722 3326 3777 im—

1748 3837 1939 3902 petum
1967 3827 2131 3884 modo
2157 3826 2342 3883 rediit.
2372 3824 2484 3881 Nos
2514 3823 2670 3879 decet
2695 3821 2765 3877 ad
2810 3820 2980 3876 Deum
3010 3816 3323 3889 confugere.

1750 3919 1865 3977 Hoc
1891 3926 2156 3992 perpetuo
2183 3925 2238 3975 et
2271 3916 2491 3975 assidue
2547 3927 2794 3986 agamus.
2838 3911 3024 3967 Venite
3045 3908 3211 3969 enim,
3239 3908 3328 3962 in-

1749 4010 1888 4085 quit,
1924 4011 2108 4066 ad'me
2130 4008 2339 4079 _'omn‘es'
2361 4008 2451 4079 qui
2485 4006 2739 4061 laboratis
2785 4010 2837 4059 et
2875 4002 3080 4058 onerati
3100 3999 3248 4062 estis,
3275 4006 3325 4052 et

1750 4112 1842 4177 ego
1868 4104 2105 4174 reﬁciam
2136 4118 2227 4156 vos
2259 4099 2304 4156 ί.
2336 4098 2404 4153 Ει
2452 4111 2648 4168 rogare
2692 4102 2749 4151 et
2782 4092 3031 4150 confiteri
3064 4106 3190 4146 cum
3221 4091 3325 4144 hu-

1751 4196 2004 4259 militate,
2027 4194 2083 4248 in
2110 4198 2300 4249 nostra
2328 4190 2610 4246 voluntate
2637 4186 2880 4258 positum
2910 4190 3010 4239 cst.
3040 4181 3166 4238 ideo
3188 4198 3328 4253 pra:-

1753 4286 1924 4359 cipit:
1959 4285 2062 4341 Dic
2092 4296 2148 4339 tu
2206 4284 2353 4354 prius
2405 4289 2619 4352 peccata
2655 4289 2767 4345 tua,
2819 4286 2878 4332 ut
2923 4277 3237 4348 justiﬁceris
3276 4280 3322 4332 ε.

1753 4377 1964 4435 Exinde
2006 4384 2185 4434 autem
2213 4372 2714 4453 quidjconsecuturi
2747 4377 2802 4429 et
2831 4369 2963 4440 quid
2994 4369 3185 4436 futuri,
3214 4386 3323 4425 non

1753 4485 1858 4528 nos
1882 4469 2094 4542 iudices
2128 4482 2340 4524 sumus.

1823 4648 1880 4704 4.
1917 4646 2009 4702 Sic
2034 4654 2289 4702 accurate
2323 4659 2383 4701 se
2409 4642 2573 4699 habet
2612 4642 2886 4715 parabola:
2917 4637 3332 4698 sententian'e-

1755 4741 1839 4796 nit
1865 4739 2008 4797 filius
2034 4738 2304 4815 paenitens
2358 4735 2427 4791 ad
2471 4735 2882 4809 misericordem
2931 4743 3177 4806 patrem,
3221 4746 3331 4786 non

1757 4832 1853 4888 illa
1891 4848 2145 4904 sperans,
2175 4824 2413 4902 priorem
2476 4827 2672 4883 stolam
2721 4826 3095 4897 annulumque
3137 4830 3192 4879 ct
3221 4821 3333 4876 cal-

1760 4929 2064 4988 ceamenta,
2096 4935 2279 4990 neque
2344 4919 2413 4975 de
2471 4917 2645 4973 vitulo
2702 4917 2951 4988 saginato
2974 4930 3035 4972 se
3060 4919 3335 4969 comestu—

1761 5030 1905 5076 rum,
1936 5027 2114 5085 neque
2143 5010 2348 5067 laetitiae
2397 5008 2643 5064 futurum
2696 5007 3038 5079 participem,
3081 5012 3174 5059 aut
3202 5017 3337 5057 con-

1763 5106 2015 5163 centibus
2038 5090 2094 5160 et
2138 5102 2325 5162 choris
2378 5115 2439 5156 se
2482 5098 2801 5153 fruiturum.
2846 5096 2950 5153 Sed
2986 5093 3121 5151 illud
3173 5090 3337 5147 modo

1764 5196 2111 5265 desiderabat
2137 5194 2421 5263 consequi,
2458 5189 2602 5267 quod
2636 5188 2779 5258 apud
2804 5204 2864 5244 se
2917 5185 3159 5256 optabat,
3189 5181 3337 5237 vole-

1764 5294 1966 5363 batque
1994 5303 2188 5361 rogare
2223 5301 2239 5341 :
2302 5283 2416 5340 Fac
2444 5300 2526 5339 me
2554 5283 2691 5338 sicut
2717 5296 2879 5335 unum
2912 5279 2976 5333 de
3001 5273 3339 5332 mercenariis
3372 5328 3383 5341 η,

1769 5386 1896 5440 tuis.
1936 5382 2075 5439 Cum
2103 5394 2234 5449 vero
2264 5379 2566 5435 bonitatem
2617 5375 2824 5431 videret
2870 5371 3045 5444 patris
3084 5367 3188 5425 sibi
3215 5372 3343 5437 ante

2492 5545 2515 5573 ε
2555 5531 2723 5607 Ρειιιη
2763 5541 2913 5594 sui,
2953 5544 2993 5581 t.
3081 5523 3099 5563 ί
3145 5518 3340 5576 Matth.

1767 5744 1905 5786 nova
1936 5729 2186 5803 sequitur
2215 5725 2487 5797 expositio
2517 5721 2823 5803 parabolae“;
2869 5732 3042 5803 eaque
3078 5720 3347 5803 certenes‘t

1768 5783 2313 5925 atiftoiis'glcmente
2340 5783 2684 5861 recent'ioris,
2719 5783 2845 5864 quia
2870 5783 3137 5849 Noratu‘m
3159 5787 3213 5840 in
3239 5783 3352 5845 tino

1767 5888 1824 5937 re
1855 5879 1939 5926 uta
2041 5887 2187 5927 ιιιΑιι.
