3848 6556
542 405 649 463 763

1627 399 2012 458 CLEMENTIS
2049 397 2507 454 ALEXANDRINI
3641 407 3724 462 7M

541 521 843 577 venientem
882 518 1120 582 obviam,
1154 516 1223 573 de
1255 517 1357 573 hac
1383 518 1574 585 siluit;
1600 518 1739 573 dixit
1787 532 1918 574 vero
1983 532 2094 586 qua:

2204 517 2434 587 Πατρὺς,
2466 516 2621 570 τοῦτο
2647 516 2744 587 μὲν
2780 515 3104 586 ἐσιώπησεν,
3138 511 3254 569 εἷπε
3291 516 3347 570 δὲ
3379 516 3414 570 ἃ
3441 518 3540 588 πρὸ
3557 520 3729 576 τούτων

539 623 698 668 antea
719 610 1010 666 meditatus
1040 611 1224 664 animo
1263 609 1477 665 fuerat:
1516 608 1736 664 Peccavi
1767 610 1821 663 in
1851 609 2032 663 cazlum
2054 617 2105 662 et

538 718 717 758 coram
746 711 813 757 te.
864 699 990 756 Haec
1028 699 1308 756 humilitas
1341 709 1396 754 et
1434 700 1519 756 sui
1573 700 1746 770 ipsius
1777 700 2107 755 condemna-

537 793 617 848 tio
645 792 786 846 facta
821 791 923 858 ipsi
981 798 1066 846 est
1099 805 1266 846 causa
1308 790 1717 860 justiﬁeationis
1765 799 1819 846 et
1877 791 2100 861 gloriae:

535 885 721 952 justus
747 883 892 938 enim
919 882 1072 951 prius
1113 897 1172 937 se
1205 882 1383 951 ipsum
1416 882 1759 937 condemnat.
1813 883 1891 936 Ita
1916 889 1970 936 et
2005 897 2103 952 pu-

537 972 784 1027 blicanus
812 986 922 1042 prze
944 970 1216 1026 Pbarisaao
1255 971 1590 1041 justilicatus
1618 973 1895 1028 discessit.
1918 971 2104 1043 Neque

537 1065 691 1118 novit
730 1062 874 1120 lilius
900 1078 964 1118 ea
989 1079 1109 1134 qua:
1140 1065 1577 1135 consequebatur
1617 1066 1702 1120 vel
1746 1065 1989 1136 accipere
2019 1066 2102 1121 vel

539 1155 607 1210 iis
636 1156 736 1220 uti,
766 1163 860 1210 aut
908 1155 1033 1210 data
1085 1156 1189 1210 sibi
1248 1158 1540 1227 applicare.
1597 1156 1730 1212 Nam
1761 1174 1862 1214 nec
1908 1161 2102 1214 stolam

538 1246 658 1316 ipse
702 1247 912 1318 accepit
943 1253 998 1302 et
1051 1247 1258 1315 induit;
1280 1247 1399 1312 sed,
1420 1247 1657 1314 Induite,
1693 1249 1892 1320 inquit,
1926 1251 2098 1306 illum.

537 1335 722 1407 Neque
748 1338 1007 1391 annulum
1036 1338 1152 1408 ipse
1190 1339 1372 1394 manui
1398 1338 1644 1395 induxit:
1694 1341 1788 1396 sed
1842 1342 1936 1412 qui
1961 1342 2102 1413 jussi

537 1438 695 1481 erant
720 1423 884 1482 :Dale
918 1427 1171 1482 annulum
1194 1430 1250 1482 in
1277 1446 1490 1483 manum
1519 1430 1654 1500 ejus.
1683 1429 1870 1502 Neque
1904 1448 1963 1488 se
1985 1433 2102 1504 ipse

537 1519 822 1584 calceavit,
857 1518 951 1575 sed
981 1520 1182 1589 quibus
1225 1530 1342 1576 erat
1371 1521 1576 1576 dictum
1603 1541 1616 1577 :
1670 1532 1720 1577 et
1750 1524 2100 1578 calceamenta

537 1608 593 1660 in
620 1607 773 1677 pedes
801 1608 934 1678 ejus.
968 1608 1092 1665 Haec
1123 1610 1225 1680 ipsi
1253 1609 1506 1668 fortassis
1535 1620 1588 1668 et
1638 1614 1762 1670 aliis
1805 1614 2098 1670 incredibi-

537 1697 611 1752 lia
639 1705 694 1753 et
727 1698 1023 1769 insperata,
1074 1713 1365 1772 antequam
1403 1703 1614 1770 ﬁerent,
1643 1706 1760 1761 visa
1790 1714 1936 1762 sunt.
1965 1705 2099 1762 Gra-

537 1789 751 1846 tissima
780 1807 909 1848 vero
942 1799 997 1847 et
1026 1792 1347 1847 admiranda
1376 1806 1502 1848 cum
1528 1794 1636 1849 illis
1660 1794 1896 1850 donatus
1921 1801 2024 1851 est.

607 2047 662 2102 5.
694 2047 852 2103 Hunc
883 2065 1106 2106 sensum
1139 2041 1399 2121 parabola
1453 2062 1742 2120 monstrat,
1774 2070 2099 2112 concessum

536 2139 767 2208 singulis
793 2155 917 2195 esse
946 2141 1174 2196 rationis
1205 2144 1547 2199 exercitium.
1607 2145 1732 2201 ldeo
1781 2145 2099 2201 luxuriosus

536 2230 834 2295 inducitur,
869 2233 1171 2302 portionem
1204 2233 1520 2290 facultatum
1553 2251 1582 2290 a
1610 2244 1764 2307 patre
1793 2239 2096 2308 postulans,

535 2320 640 2374 hoc
669 2328 750 2374 est
773 2321 985 2375 ratione
1028 2323 1240 2379 utentis
1276 2323 1625 2379 conditionis.
1659 2323 1924 2382 Omnibus
1954 2327 2099 2382 enim

534 2412 663 2466 data
692 2419 776 2467 est
804 2413 1144 2471 rationabilis
1189 2415 1467 2473 facultatis
1512 2418 1813 2486 possessio,
1852 2428 1911 2474 ut
1957 2419 2100 2474 bona

534 2505 829 2560 observent
854 2513 907 2560 et
938 2519 968 2559 a
1017 2507 1176 2563 malis
1208 2504 1539 2564 abstineant.
1587 2508 1693 2564 Sed
1727 2510 1829 2564 hac
1861 2512 2038 2565 ornati
2068 2527 2098 2565 a

535 2595 644 2649 Deo
670 2595 846 2660 multi,
876 2595 1002 2651 data
1032 2599 1344 2669 cognitione
1376 2603 1515 2656 male
1543 2609 1792 2667 utuntur,
1826 2609 1886 2656 ut
1915 2605 2098 2673 pravis

535 2686 840 2742 actionibus
873 2687 1215 2744 luxurientur
1237 2731 1253 2758 ,
1272 2706 1510 2762 opesque
1556 2693 1897 2750 rationabilis
1927 2694 2099 2750 facul-

536 2779 661 2834 tatis
691 2781 831 2837 male
859 2781 1128 2854 dissipant
1158 2802 1170 2837 :
1215 2783 1392 2840 visum
1441 2785 1508 2840 ad
1547 2793 1734 2858 turpes
1767 2791 2099 2861 contempla-

534 2871 732 2937 tiones,
793 2873 1032 2943 linguam
1087 2874 1156 2930 ad
1203 2891 1367 2932 voces
1419 2878 1788 2951 blasphemas,
1837 2881 2097 2937 olfactum

535 2965 602 3018 ad
632 2963 850 3020 fwtidas
880 2966 1222 3037 voluptatum
1265 2968 1541 3037 libidines,
1592 2987 1654 3028 os
1704 2973 1772 3029 ad
1817 2974 2097 3045 porcinam

532 3060 909 3125 voracitatem,
964 3075 1159 3117 manus
1207 3061 1275 3116 ad
1304 3064 1547 3133 rapinas,
1597 3065 1762 3135 pedes
1813 3068 2000 3134 cursui
2028 3069 2096 3124 ad

533 3151 782 3215 insidias,
842 3151 1202 3223 cogitationes
1239 3154 1305 3210 ad
1337 3156 1566 3210 consilia
1614 3157 1799 3228 impia,
1830 3159 2095 3214 rationem

533 3243 601 3297 ad
653 3243 876 3300 desidiae
924 3245 1406 3315 consuetudinem,
1446 3255 1680 3304 mentem
1728 3248 1798 3305 ad
1847 3250 2097 3307 bestialia

532 3336 976 3393 oblectamenta:
1030 3339 1167 3392 nihil
1223 3339 1359 3394 adeo
1427 3341 1772 3397 rationabilis
1820 3340 2098 3398 facultatis

533 3437 754 3483 servant
785 3431 930 3501 quod
952 3448 1062 3486 non
1091 3432 1382 3503 dissipent.
1407 3432 1592 3488 Talem
1624 3433 1790 3503 igitur
1823 3433 2094 3500 Christus,

531 3521 698 3575 veluti
727 3522 962 3578 obscura
1017 3525 1246 3579 rationis
1300 3533 1540 3580 utentem
1596 3525 1739 3590 luce,
1788 3535 1844 3581 et
1896 3527 2097 3582 rationi

532 3613 891 3680 congruentia
922 3628 952 3667 a
983 3621 1180 3668 natura
1203 3614 1385 3669 divina
1413 3623 1707 3685 petentem,
1743 3617 1797 3671 in
1838 3619 2098 3688 parabola

532 3702 874 3770 introducit;
908 3705 1266 3774 eumdemque
1312 3704 1508 3760 deinde
1537 3691 1653 3760 bzec
1683 3720 1714 3758 a
1761 3704 1874 3761 Deo
1903 3722 2098 3764 conse-

532 3798 741 3858 cutum,
776 3793 1025 3864 datisque
1074 3812 1230 3851 usum
1269 3796 1427 3860 male,
1474 3797 1708 3851 maxime
1758 3812 1888 3851 vero
1938 3799 2096 3856 bonis

531 3886 786 3956 baptismi
820 3888 1122 3952 concessis,
1145 3887 1288 3943 unde
1317 3887 1480 3942 etiam
1508 3902 1630 3942 eum
1653 3903 1886 3958 nequam
1915 3891 2097 3959 appel-

533 3979 628 4032 lat.
661 3977 867 4036 Deinde
921 3992 1044 4052 post
1093 3981 1344 4036 datorum
1401 3979 1843 4050 dissipationem,
1899 3982 2095 4037 iterum

531 4069 659 4125 hinc
687 4074 1085 4142 reparationem
1105 4089 1200 4144 per
1221 4073 1595 4144 paenitentiam
1627 4080 1681 4130 et
1707 4073 2093 4146 benignitatem

530 4175 563 4214 a
597 4159 706 4217 Deo
728 4163 831 4235 ipsi
861 4165 1182 4234 prazslitam.

599 4421 653 4476 6.
687 4423 963 4492 Adducite,
1014 4424 1211 4494 inquit,
1245 4425 1469 4478 vitulum
1527 4427 1863 4496 saginatum,
1896 4434 1945 4480 et
1977 4443 2092 4480 ma-

2209 607 2448 660 ὲσκόπει·
2485 606 2696 676 Πάτερ,
2758 607 3023 676 ἥμαρτον
3063 610 3150 673 εις
3203 606 3307 660 τὸν
3366 609 3612 676 οίφανὸν
3649 616 3726 667 καὶ

2206 695 2458 751 ἐνώπιόν
2481 713 2616 752 σου.
2645 697 2830 751 Ταῦτα
2868 699 2924 752 δὲ
2952 697 3099 768 αὐτῷ
3133 699 3168 768 ἦ
3211 715 3270 750 τε
3303 702 3724 775 ταπεινοφροσύνῃ

2208 789 2301 842 καὶ
2332 791 2364 860 ὴ
2394 789 2587 843 ἑαυτοῦ
2621 790 2923 860 κατηγορία
2953 789 3142 858 γέγονε
3184 791 3284 862 τῆς
3314 790 3628 856 δικαιώσεως
3653 797 3728 848 καὶ

2204 880 2303 950 τῆς
2341 879 2499 951 δόξης
2527 880 2692 934 αἰτίαι
2733 880 2938 944 δίκαιος
2986 881 3092 952 γάρ
3150 881 3344 934 ἑαυτοῦ
3384 882 3659 953 κατήγορος
3681 885 3726 937 ἐν

2203 971 2563 1044 πρωτολογίᾳ,
2599 971 2756 1027 Οῦτω
2810 972 2903 1025 καί
2947 973 2976 1026 ό
3016 970 3250 1043 τελώνης
3287 973 3427 1043 ὑπὲρ
3468 973 3552 1025 τὸν
3590 975 3725 1046 Φαρε-

2203 1065 2352 1116 σαῖον
2385 1063 2591 1134 ἀπῆλθε
2642 1063 3073 1134 δεδικαιωμένος.
3122 1063 3248 1118 Οῦτ’
3299 1059 3393 1118 οὖν
3435 1064 3720 1134 ἡπίστατοό

2203 1156 2328 1216 παῖς
2358 1147 2432 1206 ὧν
2458 1152 2726 1218 τεύξεται,
2757 1153 2881 1207 οὔτε
2924 1153 3196 1220 δέξασθαι,
3253 1154 3377 1208 οῦτε
3435 1154 3720 1226 χρησασθαι,

2200 1244 2320 1296 οὔτε
2355 1243 2588 1315 ἁρμόσαι
2649 1243 2798 1315 αὑτῷ
2843 1244 2910 1298 τά
2941 1244 3209 1314 διδόμενα.
3287 1245 3440 1297 Ἐπεὶ
3495 1245 3616 1315 μήτε
3645 1247 3724 1317 τὴν

2203 1333 2390 1405 στολὴν
2445 1333 2623 1388 λαϐὼν
2667 1333 2828 1397 αὐτὸς
2889 1333 3202 1386 ἐνεδύσατο·
3235 1335 3371 1402 ἀλλ’,
3399 1334 3718 1400 Ἐνδύσατε,

2201 1426 2383 1497 φησὶν,
2409 1427 2610 1511 αὐτόν.
2640 1427 2714 1480 Οὐ
2745 1425 2833 1480 τὸν
2864 1426 3143 1480 δακτύλιον
3175 1425 3338 1488 αὐτὸς
3365 1427 3446 1488 είς
3490 1424 3578 1495 τὴν
3596 1428 3721 1496 χεῖρα

2199 1517 2445 1588 ἧνεγκεν,
2479 1517 2592 1571 ἀλλ’
2623 1520 2672 1571 οἱ
2701 1517 3136 1588 κεκελευσμένον
3169 1516 3308 1570 Δότε
3333 1516 3636 1569 δακτύλιον
3653 1519 3722 1581 εἰς

2198 1608 2312 1677 τὴν
2358 1608 2525 1678 χεζοα
2575 1609 2779 1663 αὐτοῦ·
2831 1609 2952 1662 οὐδὲ
2991 1607 3181 1662 ἑαυτὸν
3239 1607 3520 1669 ὑπέδυσεν,
3566 1607 3725 1660 ἀλλὀί

2197 1701 2542 1764 ἀκούσαντες
2569 1700 2665 1754 καί
2695 1700 3045 1770 ὑποδήματα
3085 1703 3173 1766 είς
3221 1699 3366 1765 τοὺς
3418 1699 3607 1764 πόδας.
3637 1700 3724 1752 Καὶ

2199 1791 2370 1845 ταῦτα
2389 1788 2456 1864 ἦν
2487 1792 2616 1856 ῐσως
2667 1791 2814 1862 αὐτῷ
2843 1810 2902 1845 τε
2935 1791 3028 1846 καὶ
3058 1793 3170 1854 τοῖς
3199 1790 3379 1854 ἄλλοις
3420 1791 3606 1844 ἄπιστα
3649 1791 3724 1842 καὶ

2128 1859 2170 1914 Β
2198 1859 2492 1939 ἀνέλπιστα
2550 1885 2676 1956 πρὶν
2734 1859 2875 1939 οῦτω
2923 1885 3192 1954 γενέσθαι·
3254 1883 3506 1938 ἀσπαστά
3557 1882 3607 1936 δὲ
3647 1882 3724 1935 καὶ

2199 1975 2502 2047 Θαυμαστὰ,
2536 1979 2593 2030 ὲν
2623 1971 2705 2040 οἷς
2741 1976 2983 2048 ἐδωρήθη
3015 1974 3302 2046 γενόμενα.

2268 2071 2322 2126 5.
2348 2071 2561 2141 Ταύτην
2592 2071 2690 2141 τὴν
2727 2070 2934 2124 ἔννοιαν
2975 2073 3009 2140 ἡ
3045 2068 3328 2140 παραϐολὴ
3383 2068 3622 2129 δείκνυσι,
3644 2067 3724 2136 τὴν

2197 2162 2482 2234 δεδομένην
2520 2163 2732 2234 ἑκάστῳ
2753 2161 2844 2215 τοῦ
2870 2161 3084 2230 λογικοῦ
3119 2159 3444 2231 γυμνασίαν.
3471 2156 3561 2210 Διά
3590 2156 3720 2213 τοῦτο

2199 2256 2227 2306 ό
2249 2253 2456 2317 ἄσωτος
2477 2254 2752 2321 εἰσάγεται
2779 2252 2877 2323 τῆς
2906 2252 3093 2315 οὐσίας
3139 2250 3388 2305 ἀπαιτῶν
3439 2249 3524 2302 τὸν
3553 2248 3726 2315 πατέρα

2197 2345 2257 2398 τὺ
2284 2345 2464 2417 μέρος⁸
2493 2345 2738 2400 τουτέστι
2760 2344 2857 2415 ⁴πῆς
2877 2343 3100 2414 λογικῆς
3118 2343 3522 2422 καταστάσεως.
3544 2341 3717 2391 "Amat

2197 2436 2306 2508 γὰρ
2334 2436 2367 2507 ἡ
2399 2433 2492 2489 τοῦ
2525 2434 2739 2504 λογικοῦ
2773 2434 3130 2505 παραδέδοται
3164 2433 3380 2503 κτῆσις,
3435 2431 3512 2495 είς
3551 2447 3601 2483 τε
3640 2430 3722 2499 τὴν

2197 2527 2302 2581 τῶν
2327 2525 2507 2581 καλῶν
2565 2525 2877 2597 ἐπιμέλειαν
2907 2523 3001 2578 καὶ
3033 2524 3129 2596 τὴν
3170 2525 3280 2577 τῶν
3320 2524 3501 2578 κακῶν
3526 2523 3717 2592 ἀποχήν.

2210 2617 2368 2672 Ἀλλά
2413 2616 2571 2671 τοῦτο
2617 2615 2766 2688 παρά
2807 2613 2939 2668 Θεοῦ
2985 2615 3386 2685 κεκοσμημένοι
3441 2611 3606 2666 πολλοὶ
3649 2610 3728 2662 κέ-

2196 2726 2422 2780 χρηνται
2454 2712 2518 2781 τῇ
2546 2707 2744 2777 γνώσει
2776 2709 2841 2778 τῇ
2862 2705 3118 2776 δεδομένῃ
3142 2705 3328 2768 κακῶς
3351 2703 3485 2774 πρὸς
3513 2702 3724 2775 πράξεων

2196 2799 2449 2870 πονηρῶν
2505 2798 2761 2852 ἀσωτίαν·
2802 2794 2893 2849 καὶ
2941 2795 3126 2862 κακῶς
3169 2794 3262 2847 τοῦ
3295 2792 3509 2861 λογικοῦ
3535 2792 3618 2862 τὴν
3645 2793 3721 2844 οὐ·

2198 2890 2318 2944 σίαν
2372 2889 2882 2944 καταναλίσκουσιν⁸
2959 2885 3018 2938 τὺ
3079 2884 3295 2956 βλέμμα
3355 2883 3490 2955 πρὸς
3531 2881 3723 2952 αἰσχρὰς

2197 2977 2448 3049 θεωρίας,
2481 2979 2581 3048 τὴν
2643 2975 2892 3046 γλῶσσαν
2938 2976 3017 3038 εἰς
3053 2972 3724 3050 βλασφήμουςιφωνάςηὴν

2193 3069 2457 3143 ὄσφρησιν
2496 3073 2574 3134 εἰς
2599 3067 2850 3130 δυσώδεις
2895 3066 3096 3137 ἡδονῶν
3134 3066 3440 3133 ἀσελγείας,
3479 3065 3536 3117 τὸ
3580 3063 3724 3132 στόμα

2197 3161 2332 3232 πρὸς
2356 3160 2584 3232 χοιρώδη
2628 3157 3083 3230 γαστριμαργίαν,
3129 3156 3230 3220 τὰς
3269 3159 3460 3228 χεῖρας
3495 3154 3615 3226 πρὸς
3642 3154 3722 3222 ἁρ-

2197 3252 2399 3320 παγὰς,
2451 3253 2576 3316 τοὺς
2607 3251 2772 3313 πόδας
2810 3248 2940 3320 πρὸς
2966 3247 3162 3318 δρόμον
3182 3246 3500 3310 ἐπιϐουλῶν,
3521 3246 3630 3306 τοὺς
3649 3244 3725 3295 λο-

2196 3345 2426 3413 γισμοὺς
2481 3343 2617 3415 πρὸς
2665 3332 2919 3403 ἀσεϐείας
2982 3336 3194 3409 βουλὰς,
3239 3337 3340 3408 τὴν
3403 3336 3610 3408 γνώμην
3659 3336 3725 3396 είς

2199 3433 2467 3506 ῥᾳθυμίας
2495 3435 2814 3507 ὲμιρόρησιν,
2845 3432 2933 3486 τὸν
2966 3429 3088 3484 νοῦν
3136 3430 3214 3491 εἰς
3262 3428 3506 3500 κτηνώδη
3560 3427 3726 3492 διαγω-

2197 3527 2317 3596 γήνο
2345 3525 2494 3578 οὐδὲν
2527 3523 2634 3577 τῶν
2665 3523 2761 3594 τῆς
2785 3519 3004 3590 λογικῆς
3032 3518 3222 3581 οὐσίας
3267 3517 3523 3590 τηροῦσιν
3557 3514 3726 3585 ἀει-κόρ-

2198 3632 2406 3670 πιστον.
2464 3615 2566 3669 Τὸν
2597 3614 2832 3668 τοιοῦτον
2884 3607 2975 3667 οὖν
3028 3612 3057 3664 ό
3109 3610 3366 3680 Χριστὸς,
3421 3610 3494 3673 ὡς
3544 3607 3725 3675 λογικὸν

2196 3705 2594 3776 ἐσκοτισμένον,
2621 3705 2715 3758 καὶ
2755 3703 2824 3757 ea
2871 3702 3147 3774 πρέποντα
3171 3699 3252 3772 τῷ
3301 3700 3444 3771 λόγῳ
3471 3699 3608 3770 παρά
3638 3697 3721 3764 τῆς

2196 3795 2408 3865 φύσεως
2462 3795 2794 3850 ἀπαιτοῦντα
2835 3793 2935 3862 τῆς
2991 3791 3160 3856 θείας,
3193 3790 3283 3845 διὰ
3313 3792 3416 3862 τῆς
3445 3787 3721 3862 παραϐολῆς

2195 3887 2527 3941 ὑποτίθεται·
2571 3883 2691 3941 εἶτα
2737 3886 2886 3959 παρά
2911 3883 3045 3938 Θεοῦ
3077 3883 3454 3955 κομιζόμενον,
3490 3883 3576 3936 καὶ
3609 3879 3725 3952 χρώ-

2197 3996 2357 4050 μενον
2387 3982 2500 4043 τοῖς
2527 3978 2829 4050 δεδομένοις
2882 3977 3085 4041 κακῶς,
3127 3976 3222 4030 καὶ
3261 3975 3492 4046 μάλιστα
3512 3973 3608 4027 τῶν
3648 3970 3725 4023 τοῦ

2195 4071 2568 4143 βαπτίσματος
2598 4071 2896 4143 ἠξιωμένον
2955 4069 3134 4123 καλῶν
3155 4107 3169 4133 ,
3231 4067 3354 4122 ὅθεν
3415 4068 3506 4121 καὶ
3549 4065 3730 4119 ἄσωτον

2191 4162 2463 4235 ὀνομάζει.
2498 4160 2631 4217 Εἶτα
2689 4161 2825 4234 μετὰ
2854 4161 2952 4233 τὴν
2997 4159 3104 4213 τῶν
3140 4159 3438 4229 δεδομένων
3468 4156 3730 4216 ἀπώλειαν,

2152 4261 2162 4273 ⁶
2193 4253 2286 4306 καὶ
2319 4251 2478 4307 πάλιν
2509 4251 2604 4324 τὴν
2633 4251 2720 4305 διὰ
2757 4250 3040 4322 μετανοίας
3095 4248 3420 4318 ἀνάκτησιν,
3467 4246 3559 4318 τὴν
3597 4241 3730 4314 παρὰ

2190 4345 2284 4400 τοῦ
2307 4344 2439 4398 Θεοῦ
2467 4343 2870 4415 φιλανθρωπίαν
2898 4343 2977 4405 είς
3014 4341 3175 4395 αὐτὸν
3201 4340 3509 4411 γινομένην.

2264 4435 2316 4488 6.
2358 4434 2733 4503 Ἑνεγκόντες
2781 4433 2910 4504 γὰρ,
2948 4433 3100 4502 φησι,
3144 4431 3252 4486 τὸν
3275 4432 3513 4500 μόσχον
3533 4429 3632 4482 τόν
3655 4441 3732 4480 σι-

529 4524 686 4580 ctate,
728 4525 776 4570 et
829 4517 1200 4572 manducemus
1228 4528 1276 4572 et
1335 4517 1447 4571 lwti
1485 4517 1793 4586 epulemur:
1841 4519 1966 4588 quia
2008 4518 2092 4572 hic

2197 4526 2424 4590 τευτόν,
2450 4527 2692 4590 θύσατε,
2729 4527 2826 4580 καὶ
2864 4527 3154 4595 φαγόντες
3187 4524 3618 4594 εὐφρανθῶμεν·
3653 4520 3728 4572 ὅτι

528 4607 672 4683 ﬁlius
705 4623 870 4674 meus,
897 4624 1125 4664 summae
1155 4609 1439 4664 charitatis
1497 4625 1695 4664 nomen
1741 4610 1886 4680 quod
1915 4609 2088 4665 ﬁdeli-

526 4697 631 4761 bus
657 4699 840 4754 datum
875 4701 1072 4766 innuit,
1102 4711 1340 4757 mortuus
1371 4712 1485 4756 erat
1518 4711 1568 4756 et
1591 4703 1837 4769 perierat,
1865 4717 2089 4758 summa:

527 4787 872 4852 alienationis
930 4790 1237 4860 appellatio.
1293 4789 1435 4857 Quid
1485 4791 1629 4846 enim
1687 4807 1719 4845 a
1782 4791 2090 4847 viventibus

527 4877 782 4942 alienius,
817 4895 978 4950 quam
1024 4882 1170 4952 quod
1221 4894 1493 4942 mortuum
1523 4895 1608 4943 est
1629 4901 1692 4940 ac
1725 4883 1888 4954 periit
1909 4889 1931 4940 i
1952 4899 2088 4939 neu-

524 4977 669 5024 trum
702 4971 846 5026 enim
879 4974 1147 5043 possideri
1188 4977 1419 5047 amplius
1450 4986 1645 5050 potest.
1680 4975 1785 5032 Sed
1813 4991 1845 5031 e
1875 4991 2088 5032 summa

523 5063 808 5120 charitatis
839 5065 1247 5124 necessitudine
1271 5068 1327 5124 in
1376 5086 1586 5126 summe
1614 5071 1845 5124 alienam
1871 5066 2090 5124 excide-

523 5151 609 5218 rat
639 5157 1006 5213 conditionem
1040 5177 1050 5210 :
1079 5159 1147 5214 ad
1199 5176 1466 5216 summam
1499 5162 1785 5217 charitatis
1807 5159 2092 5214 familiari-

525 5255 688 5306 tatem
718 5250 916 5305 iterum
945 5251 1239 5306 revertitur
1287 5268 1386 5322 per
1432 5254 1825 5324 paenitentiam.
1877 5250 2090 5306 Induite

523 5343 671 5397 enim
703 5344 877 5411 illum,
913 5343 1112 5416 inquit,
1143 5345 1335 5400 stolam
1391 5346 1651 5414 primam,
1689 5359 1853 5415 quam
1893 5344 2090 5405 habuit

524 5443 652 5488 tunc
675 5437 884 5505 statim,
917 5453 1041 5493 cum
1072 5437 1376 5509 baptismus
1424 5436 1526 5506 ipsi
1571 5436 1816 5507 contigit.
1847 5432 2085 5490 Gloriam

525 5523 766 5598 intelligo
795 5529 1164 5600 baptismatis,
1223 5530 1599 5587 remissionem
1629 5539 1998 5601 peccatorum,
2033 5538 2089 5586 et

523 5616 753 5671 aliorum
784 5619 1053 5677 bonorum
1093 5621 1506 5688 exhibitionem,
1534 5638 1695 5694 quam
1732 5624 1917 5678 statim
1961 5639 2086 5676 cum

524 5705 796 5763 lavacrum
819 5713 1016 5783 attigit,
1049 5721 1134 5769 est
1185 5724 1533 5770 consecutus.
1586 5715 1653 5768 Et
1681 5715 1803 5769 date
1829 5714 2086 5768 annulum

524 5796 810 5865 “immmm
849 5805 1002 5872 Pius;
1055 5823 1150 5877 per
1207 5807 1310 5864 hoc
1361 5806 1629 5863 indicatur
1685 5806 1741 5862 S.
1801 5806 2079 5863 Trinitas:

2191 4615 2426 4685 οὗτοςό
2457 4619 2584 4684 υἱός
2633 4635 2772 4687 μου,
2823 4617 2995 4688 ἄκρας
3041 4615 3373 4688 οἰκειότητος
3423 4615 3603 4685 ὄνομα,
3650 4610 3729 4664 καὶ

2193 4709 2480 4782 μηνυτικὸν
2533 4713 2647 4773 τοῖς
2684 4710 2893 4772 πιστοῖς
2926 4707 3228 4777 δεδομένου,
3281 4705 3498 4773 νεκρὸς
3539 4701 3612 4774 ἦν
3640 4701 3726 4754 καὶ

2188 4800 2536 4866 ἀπολωλὼς,
2569 4799 2746 4872 ἄκρας
2778 4798 3182 4870 ἀλλοτριότητος
3210 4797 3385 4868 ῥῆσιςο
3413 4797 3465 4850 τί
3489 4795 3593 4867 γὰρ
3616 4795 3732 4848 ἀπο-

2188 4894 2416 4957 λωλότος
2448 4893 2544 4946 καὶ
2568 4891 2763 4964 νεκροῦ
2803 4893 2916 4953 τοῖς
2949 4888 3113 4953 ζῶσιν
3133 4889 3607 4960 ,ἀλλοτριώτερον;
3654 4901 3734 4937 κε-

2189 4986 2421 5058 κτῆσθαι
2449 4985 2557 5057 γὰρ
2583 4985 2767 5039 οὐκέτι
2790 4981 3085 5054 οὐδέτερον.
3118 4979 3256 5036 Ἀλλ’
3279 4981 3376 5034 ἀπ’
3398 4981 3569 5052 ἄκρας
3589 4981 3730 5031 ἐκπε-

2191 5078 2296 5131 σὼν
2323 5078 2656 5148 οἰκειότητος
2679 5078 2758 5140 είς
2786 5075 2961 5146 ἄκραν
2993 5073 3401 5146 ἀλλοτριότητα,
3433 5072 3564 5144 πρὸς
3580 5073 3733 5140 ἄκραν

2189 5168 2254 5222 ὲκ
2291 5149 2577 5238 μετανοίας
2617 5165 2919 5236 ἐπανῆλθεν
2973 5164 3281 5234 οἰκειότητα
3324 5163 3509 5220 πάλιν.
3553 5158 3734 5216 Ἐνδύ-

2187 5274 2334 5314 σατε
2363 5259 2479 5330 γὰρ
2493 5258 2702 5322 αὐτὸν,
2736 5256 2890 5328 φησὶ,
2918 5254 3032 5324 τὴν
3075 5253 3312 5320 στολὴν
3345 5253 3461 5321 τὴν
3497 5249 3734 5319 πρώτην,

2186 5351 2252 5422 ἢν
2283 5349 2444 5412 εὐθὺς
2470 5345 2782 5420 τετυχηκὼς
2804 5345 2898 5400 τοῦ
2936 5344 3314 5416 βαπτίσματος
3347 5342 3474 5413 ἔσχε
3494 5352 3510 5367 ⁶
3543 5340 3632 5410 τὴν
3661 5335 3737 5390 δό-

2187 5441 2281 5507 ξαν
2308 5439 2450 5510 φημὶ
2485 5437 2582 5509 τὴν
2617 5437 2710 5491 τοῦ
2749 5435 3140 5507 βαπτίσματος,
3185 5432 3294 5486 τῶν
3345 5429 3734 5504 ἁμαρτημάτων

2186 5530 2280 5600 τὴν
2313 5529 2523 5597 ἄφεσιν,
2553 5529 2654 5599 τήν
2681 5544 2743 5580 τε
2769 5525 2878 5579 τῶν
2905 5523 3080 5580 ἄλλων
3123 5521 3346 5591 ἀγαθῶν
3387 5511 3732 5593 χορηγίαν,ἦς

2184 5621 2369 5692 ἔτυχεν
2402 5619 2563 5683 εὐθὺς
2597 5619 2696 5689 τῆς
2723 5615 3101 5687 κολυμϐήθρας
3139 5613 3442 5684 ἁψάμενος.
3472 5611 3577 5666 Καὶ
3614 5608 3735 5661 δῦτε

2185 5714 2510 5768 δακτύλιον
2556 5713 2644 5776 εὶς
2694 5709 2808 5778 τὴν
2848 5708 3012 5778 χεῖρα
3044 5705 3249 5760 αὐτοῦ’
3280 5705 3380 5776 τῆς
3415 5703 3638 5775 Τριᾶδος
3662 5701 3734 5750 ὲν-

2187 5803 2358 5858 ταῦθα
2390 5803 2449 5857 τὸ
2478 5801 2722 5876 αἴνιγμα·
2755 5799 2932 5870 ἐκείνη
2961 5796 3066 5869 γὰρ
3113 5799 3221 5861 τοῖς
3247 5799 3476 5862 ’πιστοῖς
3521 5798 3736 5864 insepa-
