3848 6538
560 384 660 441 767

1639 374 2032 434 CLEMENTIS
2066 371 2530 430 ALEXANDRINI

3658 379 3742 440 768

555 503 706 559 tibus
733 500 875 558 Deus
897 500 1285 568 comminatur,
1318 514 1500 571 poena.
1535 497 1718 554 Rectis
1748 497 1892 553 enim
1923 496 2125 551 bonum

2250 493 2554 565 ατάλληλος
2603 491 2921 563 ἐπαγγελία,
2980 490 3102 546 οὔτε
3151 493 3185 564 ἡ
3241 493 3350 557 τοῖς
3403 493 3744 563 πλαγιᾶξουσιν

556 610 616 651 se
649 595 852 665 praebet
884 592 1187 661 Dominus;
1224 592 1564 649 declinantes
1589 605 1718 646 vero
1743 591 1811 644 ad
1851 595 2127 644 tortuosos

557 686 862 752 anfractus,
916 687 1138 744 abducit
1180 687 1248 742 ad
1295 692 1498 741 sortem
1544 699 1732 739 eorum
1781 681 1876 753 qui
1920 678 2128 750 operati

557 786 687 837 sunt
711 777 1080 849 iniquitatem.
1119 776 1184 832 Et
1213 792 1338 830 cum
1371 776 1642 830 innocente
1669 774 1916 826 innocens
1951 778 2047 834 est,
2076 777 2127 824 et

555 887 677 926 eum
710 869 967 942 perversis
1004 883 1274 938 peruersus
1303 879 1353 934 ι,
1387 874 1442 923 et
1479 863 1714 936 obliquis
1741 863 1991 933 obliquas
2027 861 2126 915 im-

557 964 729 1022 mittit
758 963 898 1021 vias.

963 1073 1087 1127 Alia
1126 1072 1409 1129 Clementis
1433 1069 1708 1142 allegoria.

628 1188 776 1247 Deus
807 1188 1016 1244 homini
1049 1188 1118 1244 ad
1167 1185 1580 1244 similitudinem
1627 1197 1782 1240 suam
1833 1180 1979 1238 facto
2017 1179 2128 1235 for-

558 1293 705 1334 mam
751 1293 904 1336 suam
944 1276 1302 1349 splendidam,
1351 1277 1499 1332 velut
1540 1274 1780 1347 sigillum
1829 1271 2127 1328 maximum

560 1373 858 1442 impressit,
899 1380 958 1426 ut
995 1371 1251 1427 omnibus
1291 1369 1583 1440 imperaret
1627 1373 1682 1423 et
1728 1364 2125 1430 dominaretur,

558 1471 614 1517 et
639 1471 836 1518 cuncta
864 1464 939 1518 illi
973 1463 1260 1519 servirent.
1292 1458 1420 1516 ldeo
1448 1460 1659 1531 iudicat
1679 1457 1824 1514 Deus
1867 1462 2043 1511 totum
2070 1469 2130 1510 se

557 1559 614 1608 et
662 1554 949 1626 imaginem
1001 1555 1088 1610 sui
1134 1553 1409 1609 hominem
1460 1567 1601 1609 esse.
1645 1549 1924 1621 Quidquid
1963 1547 2130 1618 igitur

561 1645 767 1700 homini
801 1646 987 1702 fecerit
1015 1645 1214 1718 aliquis
1245 1646 1360 1702 sive
1381 1645 1510 1702 boni
1544 1646 1660 1701 sive
1688 1643 1838 1710 mali,
1869 1641 1928 1697 in
1959 1639 2130 1696 Deum

559 1737 812 1794 refertur.
848 1737 974 1795 Ideo
1007 1753 1075 1795 ex
1109 1739 1202 1794 illo
1228 1737 1496 1809 judicium
1525 1737 1779 1792 omnibus
1809 1750 1909 1809 pro
1935 1731 2132 1789 merito

559 1844 660 1883 suo
708 1830 959 1890 tribuens
1001 1822 1432 1905 venietﬂsuam
1477 1831 1620 1887 enim
1671 1829 1964 1903 imaginem
2005 1825 2129 1883 vin-

555 1919 726 1978 dieat.
1296 1913 1320 1940 ⁴’

2228 585 2566 656 ὴπειλημένη
2596 585 2828 648 κόλασις.
2875 585 3156 654 ’Λγαθύνει
3193 585 3302 657 γάρ
3339 587 3448 651 τοῖς
3472 585 3740 643 suetant.

2231 697 2342 752 ριος
2360 697 2374 710 ο
2407 680 2533 744 τοὺς
2563 679 2620 731 δὲ
2643 679 2988 744 ἐκκλίνοντας
3017 681 3097 744 εἰς
3131 679 3232 744 τάς
3269 679 3616 751 πραγγαλιάς
3634 681 3744 742 ants
3790 729 3798 752 λ

2227 787 2312 839 γει
2347 769 2484 840 μετὰ
2531 768 2640 823 τῶν
2667 768 3048 841 ἐργαζομένων
3083 769 3182 841 τὴν
3213 769 3457 841 ἀνομίαν.
3495 770 3593 824 Kal
3622 772 3742 841 μετὰ
3795 779 3798 790 ⁵

2227 859 2420 914 ἀθώου
2450 858 2639 926 ἀθῶός
2683 860 2834 925 ἐστι,
2876 860 2973 914 καὶ
3012 860 3163 930 μετὰ
3210 861 3500 929 στρεϐλοῦ
3527 860 3748 931 ὄιαστρέ-
3790 861 3798 874 ”

2226 968 2344 1022 ρει,
2373 951 2464 1006 καὶ
2491 953 2602 1016 τοῖς
2635 952 2864 1017 σκολιοῖς
2894 952 3110 1017 σκολιὰς
3140 951 3293 1016 ὁδοὺς
3318 951 3631 1006 ἀποστέλλει.

2583 1063 2766 1133 Ἄλλη
2811 1065 3028 1133 Θεωρία
3067 1061 3428 1134 Κλήμεντος.

2299 1181 2380 1250 Ἰῖᾗ
2403 1176 2598 1233 ἑαυτοῦ
2622 1179 2899 1249 φωτοειδεῖ
2927 1181 3107 1251 μορφῇ
3127 1176 3157 1230 ὁ
3182 1175 3334 1242 Θεὸς,
3359 1177 3436 1241 ὡς
3455 1177 3510 1232 ὲν
3537 1177 3745 1249 σφραγῖδι

2233 1271 2483 1343 μεγίστῃ,
2515 1270 2605 1325 τὸν
2632 1271 2690 1326 ὲν
2733 1269 3036 1342 ὁμοιώματι
3081 1267 3368 1341 ἄνθρωπον
3402 1268 3743 1335 ἑνετυπὼσατο,

2229 1362 2378 1426 ὅπως
2403 1361 2469 1416 ἂν
2499 1361 2713 1418 πάντων
2741 1363 2882 1436 ἄρχῃ
2909 1363 3002 1416 καὶ
3043 1360 3294 1434 κυριεύῃ,
3323 1361 3420 1416 καὶ⁸
3446 1361 3608 1417 πάντα
3631 1363 3748 1432 αὐτῷ

2229 1451 2475 1527 δουλεύῃ.
2504 1455 2594 1508 Διὸ
2623 1452 2865 1525 κρίνεται
2902 1455 2931 1507 ὁ
2959 1451 3090 1517 Θεὸς
3112 1447 3251 1507 εἶναι
3282 1452 3343 1506 τὸ
3371 1454 3478 1506 πᾶν
3509 1451 3652 1506 αὑτὸν
3676 1452 3750 1505 καὶ

2230 1545 2330 1616 τὴν
2358 1545 2552 1598 ἑαυτοῦ
2593 1544 2775 1600 εἰκόνα
2811 1545 2903 1600 τὸν
2941 1544 3246 1618 ἄνθρωπον.
3285 1539 3451 1608 Οὗτος
3485 1544 3750 1616 ἀόρατος,ἡ

2229 1634 2287 1688 δὲ
2326 1633 2490 1688 αὑτοῦ
2519 1634 2702 1700 εἰκὼν,
2726 1636 2756 1688 ὁ
2791 1633 3093 1707 ἄνθρωπος,
3125 1633 3322 1705 ὁρατός
3355 1633 3451 1705 (9).
3486 1634 3547 1687 '0
3571 1629 3654 1688 οὖν
3676 1635 3750 1688 ὲὰν

2231 1743 2318 1791 τις
2349 1727 2644 1800 ποιήσηται
2673 1725 2781 1799 (10)
2814 1724 3106 1797 ἀνθρώπῳ,
3149 1725 3258 1779 εἴτε
3307 1724 3505 1794 ἀγαθὸν
3549 1724 3643 1778 εἴτε
3681 1743 3754 1778 κιο

2234 1817 2348 1883 κὸν,
2397 1819 2476 1882 είς
2521 1819 2725 1872 ἐκεῖνον
2768 1816 3112 1889 ἀναφέρεται.
3152 1815 3242 1869 Διὸ
3285 1814 3346 1881 ἐξ
3393 1814 3550 1868 αὑτοῦ
3590 1813 3752 1886 κρίσις,

2158 1921 2203 1978 Β
2232 1911 2366 1965 πᾶσι
2394 1912 2513 1964 κατ’
2541 1908 2698 1978 ἀξίαν
2729 1909 3093 1982 ἀπονέμουσα,
3106 1908 3525 1982 παρελεύσεται·
3555 1908 3640 1980 τὴν
3669 1905 3755 1978 γὰρ

2232 2001 2396 2060 αὐτοῦ
2428 2001 2639 2074 μορφὴν
2666 2001 2884 2057 ὲκδικεϊ.

2083 2234 2286 2297 XVII.

1234 2360 1610 2438 Fragmenta
1642 2374 1788 2438 quae
1818 2356 1887 2419 in
1936 2356 2223 2423 editione
2259 2358 2619 2424 Oxoniensi
2654 2357 3123 2422 desiderantur.

1116 2481 1269 2550 Apud
1303 2480 1362 2538 S.
1394 2481 1739 2536 Anastasium
1767 2481 2053 2550 Sinaitam,
2089 2494 2275 2555 quast.
2313 2499 2458 2550 xcvr,
2489 2499 2611 2555 pag.
2646 2481 2745 2538 401
2779 2480 2906 2541 edit.
2939 2478 3253 2536 novissima.

630 2617 1096 2689 Quemadmodum
1126 2619 1242 2674 ﬁeri
1269 2626 1466 2691 potest,
1492 2628 1551 2674 ut
1577 2627 1632 2675 et
1661 2634 1808 2676 nunc
1829 2619 1993 2676 homo
2022 2620 2135 2676 for-

2312 2623 2522 2696 Ὥσπερ
2557 2620 2782 2676 δυνατὸν
2832 2619 2926 2674 καὶ
2964 2619 3059 2675 νῦν
3104 2617 3392 2690 ἄνθρωπον
3432 2615 3666 2671 πλάττειν
3699 2617 3766 2670 ἀν-

561 2718 673 2767 met
711 2709 1010 2776 hominem,
1051 2723 1117 2765 eo
1158 2717 1321 2780 pacto
1355 2725 1466 2780 quo
1513 2707 1684 2764 Adam
1723 2708 1991 2766 formatus
2017 2719 2134 2779 est;

2250 2712 2510 2786 θρώπους,
2548 2711 2689 2766 κατά
2730 2709 2830 2782 τὴν
2857 2708 3128 2782 προτέραν
3155 2708 3248 2763 τοῦ
3290 2707 3461 2780 Ἀδάμ
3500 2706 3766 2769 διάπλασιν.

562 2803 619 2858 id
662 2810 843 2858 tamen
882 2815 993 2856 non
1035 2800 1131 2867 ﬁt,
1167 2817 1234 2856 eo
1271 2801 1412 2872 quod
1444 2799 1650 2874 homini
1693 2801 1800 2857 vim
1840 2802 2138 2873 generandi

2250 2804 2338 2858 οὐκ
2364 2803 2444 2857 ἔτι
2479 2801 2623 2856 οὕτω
2667 2804 2810 2856 ποιεῖ
2833 2801 2922 2856 διά
2963 2801 3025 2856 τὺ
3071 2799 3219 2868 ἅπαξ
3244 2799 3566 2873 χαρίσασθαι
3589 2799 3661 2872 τῷ
3683 2798 3768 2870 ,ἀν-

560 2891 810 2948 homines
832 2890 1193 2957 concesserit,
1221 2891 1402 2947 verbis
1434 2891 1541 2947 illis
1563 2890 1631 2946 ad
1660 2899 1913 2948 naturam
1945 2892 2138 2948 huma-

2250 2895 2442 2969 θρώπῳ
2482 2894 2799 2969 ἀνθρώπους
2835 2896 3052 2967 γεννᾷν,
3091 2893 3263 2948 εἰπὼν
3312 2894 3452 2966 πρὸς
3494 2895 3586 2966 τὴν
3634 2893 3768 2963 φύσιν
3817 2967 3820 2970 ν

561 2998 684 3038 nam
717 2983 974 3053 prolatis:
1010 2981 1260 3049 Crescite,
1291 2992 1342 3038 et
1373 2983 1825 3053 multiplicamini;
1857 2993 1908 3040 et
1949 2985 2138 3055 replete

2250 2985 2396 3058 ἡμῶν
2430 2985 2510 3054 τὸ,
2543 2984 2889 3051 Αὐξάνεσθε
2960 2984 3059 3039 καὶ
3100 2985 3504 3054 πληθύνεσθε,
3532 2984 3618 3036 καὶ
3650 2986 3770 3047 πλη-

561 3085 758 3129 terram
786 3074 848 3143 1t;
885 3074 961 3128 ita
993 3075 1366 3146 omnipotente
1410 3084 1463 3132 et
1506 3075 1734 3147 provida
1778 3091 1878 3132 sua
1910 3077 2134 3144 virtute,

2250 3077 2463 3132 οώσατε
2490 3077 2606 3146 τὴν
2641 3075 2788 3148 τῆνο
2816 3075 2958 3130 οὕτω
2989 3079 3054 3149 τῇ
3084 3075 3456 3147 παντεξουσίῳ
3503 3076 3591 3130 καὶ
3616 3091 3772 3144 προνςν

559 3180 855 3238 corporum
897 3166 1296 3240 resolutionem.
1325 3174 1381 3222 et
1421 3169 1862 3238 corruptionem,
1903 3169 2138 3224 naturali

2250 3171 2396 3241 τιτικῇ
2426 3167 2596 3223 αὑτοῦ
2623 3169 2849 3242 δυνάμει
2875 3167 2968 3222 καὶ
2993 3168 3094 3240 τὴν
3121 3167 3229 3222 τῶν
3273 3168 3538 3239 σωμάτων
3565 3166 3773 3220 διάλυσιν

558 3257 796 3330 quadam
826 3261 971 3316 serie
1019 3267 1075 3316 et
1120 3259 1534 3326 consecutione,
1572 3261 1970 3318 elementorum
2011 3278 2134 3317 mu-

2250 3260 2329 3314 ιαὶ
2372 3259 2648 3334 τελευτὴν,
2693 3261 2892 3331 φυσικῇ
2936 3277 3045 3314 τινι
3078 3259 3371 3331 ἀκολουθίᾳ
3406 3259 3497 3312 καὶ
3538 3258 3693 3324 τάξει,
3720 3259 3775 3327 τῇ

560 3349 757 3405 tationi
803 3348 1054 3420 permisit
1101 3356 1156 3404 et
1201 3351 1498 3414 commisit,
1551 3352 1853 3407 secundum
1912 3352 2132 3408 insitam

2250 3351 2350 3406 τῶν
2391 3352 2668 3423 στοιχείων
2713 3351 2980 3423 μεταϐολῇ
3019 3351 3338 3422 ᾡκονόμησε
3376 3349 3629 3420 γίνεσθαι.
3659 3346 3778 3403 κατά

560 3440 814 3498 essentia:
843 3441 991 3497 illius
1020 3441 1388 3512 cognitionem
1415 3450 1469 3498 et
1495 3445 2060 3516 comprehensionem.

2250 3447 2340 3518 τὴν
2369 3445 2600 3516 οὑσιώδη
2631 3442 2796 3498 αὑτοῦ
2825 3442 3150 3512 θεογνωσίαν
3177 3443 3275 3496 καὶ
3300 3442 3614 3513 κατάληψιν.

560 3553 794 3611 Joannes
856 3556 1074 3624 Veccus,
1120 3558 1427 3629 patriarcha
1477 3557 1614 3625 CP.,
1659 3560 1735 3616 De
1772 3563 2099 3687 przcezsigne
2134 3563 2367 3689 Spiritus
2401 3563 2592 3688 εὲἒὲιὶ.
2631 3593 2699 3606 σι-
2737 3561 2888 3632 Apud
2919 3559 3143 3615 Leonem
3181 3559 3466 3625 Allatium,
3507 3557 3666 3614 Graec.
3705 3573 3779 3612 or-

1871 3647 1919 3686 ιο
1963 3675 1979 3689 .
2032 3651 2136 3689 om.
2207 3674 2223 3689 .
2263 3649 2384 3689 naa.
2533 3675 2546 3688 .

1871 3647 1979 3689 ιοα.
2009 3647 2136 3691 tom.
2181 3647 2223 3701 ι,
2263 3649 2384 3704 pag.
2419 3647 2546 3688 2w.

636 3739 744 3797 Sed
777 3751 832 3798 et
861 3744 1114 3801 Clemens
1145 3744 1506 3812 Stromateus,
1535 3747 1590 3803 in
1625 3750 1791 3806 variis
1821 3766 1958 3822 quas
1982 3768 2135 3809 eom-

564 3836 749 3905 posuit
775 3836 1202 3903 deﬂnitionibus,
1237 3849 1291 3894 et
1314 3841 1514 3910 quibus
1543 3843 1722 3898 omnis
1766 3845 1840 3914 pii
1868 3844 2136 3916 dogmatis

564 3927 808 3984 rationes
839 3927 1274 3999 prmscribuntur
1317 3931 1417 3995 illi,
1449 3932 1542 4002 qui
1592 3932 1919 4005 theologiam
1954 3951 2139 4006 perse-

563 4019 656 4089 qui
689 4021 942 4085 voluerit,
969 4020 1294 4079 detiniturus
1330 4025 1460 4094 quid
1495 4024 1731 4096 Spiritus
1769 4035 1822 4082 et
1851 4038 1983 4097 quot
2022 4046 2138 4086 mo-

564 4111 650 4166 dis
682 4111 920 4177 dicatur,
957 4113 1068 4167 ait:
1104 4113 1334 4184 Spiritus
1362 4126 1440 4170 est
1470 4117 1767 4171 substantia
1804 4119 2134 4186 tenuissima,

564 4205 800 4259 materia:
830 4213 879 4259 et
909 4205 1095 4276 forma:
1122 4222 1326 4276 expers.

2325 3753 2484 3807 Ἀλλά
2509 3754 2600 3807 καὶ
2623 3755 2651 3808 ὁ
2683 3753 2913 3825 Κλήμης
2934 3753 2963 3806 ὁ
2990 3751 3353 3824 Στρωματεὺς
3381 3752 3440 3804 ὲν
3467 3747 3547 3813 οἷς
3568 3747 3784 3802 συνέθετο

2240 3845 2519 3917 διαφόροις
2573 3846 2751 3915 ὅροις,
2805 3845 2944 3898 ὥστε
2987 3844 3190 3908 παντὸς
3241 3843 3500 3906 εὐσεϐοῦς
3551 3842 3785 3912 δόγματος

2240 3936 2599 4008 προηγεῖσθαι
2632 3937 2830 4000 αὐτοὺς
2858 3935 2936 4008 τῷ
2976 3935 3284 4007 βουλομένῳ
3327 3935 3598 4003 θεολογίαν
3643 3931 3788 4004 μετιέ-

2188 4081 2206 4099 ,
2240 4047 2349 4094 ναι,
2391 4029 2706 4102 ὁριζόμενος
2744 4028 2798 4082 τί
2849 4028 3107 4101 πνεῦμα,
3152 4029 3246 4082 καὶ
3299 4027 3557 4098 ποσαχῶς
3595 4026 3789 4093 λέγεται

2247 4120 2485 4192 πνεῦμα,
2517 4120 2678 4193 φησί·
2713 4121 2952 4192 Πνεῦμα
2978 4120 3096 4190 μὲν
3122 4121 3254 4176 ἐστι
3280 4120 3477 4188 λεπτὴ
3506 4117 3600 4172 καὶ
3627 4115 3791 4180 60.10;-

2239 4213 2339 4267 καὶ
2365 4213 2810 4285 ἀσχημάτιστος
2833 4211 3223 4282 ἐκπορευτικὴ
3255 4212 3533 4282 ὕπαρξις.

565 4347 652 4407 Ex
687 4351 976 4425 Nicepltori
1014 4355 1129 4412 CP.
1172 4358 1529 4414 Antirrhetico
1571 4360 1764 4416 inedita
1807 4361 2057 4416 adversus
2096 4361 2480 4418 Iconoclastas.
2510 4395 2578 4412 —-
2620 4362 2798 4416 Edidit
2828 4361 3006 4416 Gra’ce
3030 4371 3079 4416 et
3120 4359 3308 4414 Latine
3361 4359 3420 4416 V.
3452 4357 3514 4414 C.
3559 4355 3794 4411 Nicolaus

1056 4429 1102 4482 le
1131 4427 1346 4500 Nourry
1367 4431 1419 4484 in
1448 4432 1706 4500 Apparat.
1743 4431 1811 4485 ad
1843 4432 2081 4488 biblioth.
2112 4433 2213 4488 SS.
2246 4434 2497 4499 Patrum,
2540 4443 2668 4489 tom.
2703 4433 2742 4498 Ι,
2791 4449 2912 4504 pag.
2947 4431 3104 4486 1554.
3129 4432 3194 4485 Δ.
3225 4430 3286 4485 Β.

563 4553 846 4615 Clementis
875 4560 1161 4631 presbyteri
1208 4564 1556 4620 Alexandrini
1587 4583 1614 4620 e
1655 4567 1788 4622 libro
1833 4574 2019 4622 contra
2049 4585 2136 4624 eos

846 4633 936 4700 qui
972 4630 1283 4688 Iudaeorum
1308 4652 1511 4692 errores
1550 4646 1857 4708 sequuntur.

637 4739 894 4796 Salomon
929 4743 1148 4802 Davidis
1191 4747 1355 4814 ﬁlius,
1391 4750 1444 4804 in
1485 4751 1640 4807 libris
1655 4755 1986 4823 Regnorum,
2018 4769 2143 4809 cum

565 4839 905 4894 structuram
935 4840 1046 4892 veri
1079 4841 1263 4909 templi
1294 4857 1399 4896 non
1427 4842 1605 4899 solum
1629 4845 1905 4901 caelestem
1934 4861 2056 4902 esse
2091 4854 2145 4900 et

564 4923 890 4993 spiritalem,
926 4929 1022 4984 sed
1051 4929 1117 4984 ad
1147 4947 1368 4987 carnem
1401 4948 1639 5004 quoque,
1668 4951 1832 5007 quam
1865 4935 2011 4992 ﬁlius
2041 4937 2146 4991 Da-

569 5017 706 5077 vidis
743 5027 798 5076 et
828 5020 1094 5078 Dominus
1125 5024 1497 5082 aediﬁcaturus
1527 5037 1667 5094 erat,
1707 5035 1956 5099 spectare
1985 5030 2145 5084 intel-

545 5123 754 5182 utgeret
779 5133 793 5169 :
836 5123 998 5187 atque
1034 5118 1280 5174 eamdem
1305 5129 1638 5176 structuram
1662 5122 1731 5176 ad
1765 5122 1885 5194 ejus
1905 5138 2146 5192 praesen-

637 5281 662 5310 ι
703 5269 851 5328 Psal.
884 5288 1018 5338 xvu,
1052 5273 1156 5341 27;
1188 5273 1232 5327 ll
1266 5273 1398 5346 Reg.
1427 5292 1563 5338 χχιιι,
1599 5275 1690 5332 ἓἹ.
1778 5281 1805 5320 b
1838 5276 1972 5332 Gen.
2015 5294 2052 5342 ι,
2082 5277 2174 5332 28.

639 5425 718 5500 (9)
758 5426 1144 5500 ῥιὸξκρίνεται
1173 5433 1206 5484 ὀ
1232 5431 1441 5498 Θεὸς...
1471 5434 1702 5500 ὁρατός.
1732 5431 1872 5498 Quid
1901 5432 2006 5486 hoc
2039 5432 2146 5488 sibi

571 5497 684 5549 vult
710 5514 724 5551 :
763 5497 983 5571 Iudicat
1007 5500 1145 5571 Deus
1176 5510 1342 5554 totum
1377 5519 1431 5555 se
1459 5497 1514 5556 ei
1539 5497 1820 5571 imaginem
1862 5503 1947 5556 sui
1975 5503 2145 5557 Itami-

570 5580 686 5643 nem
715 5571 866 5623 esse?
903 5569 1054 5643 adde
1098 5571 1242 5640 quod
1276 5574 1542 5640 integram
1574 5569 1854 5643 periodum
1901 5572 2148 5643 omiserit

571 5637 864 5710 interpres.
912 5637 1018 5694 Sed
1061 5637 1359 5710 antequam
1395 5637 1904 5695 aliam—versionem
1951 5642 2153 5697 substi-

573 5710 748 5770 tuam,
791 5707 1039 5764 Graecum
1085 5707 1292 5765 textum
1337 5711 1419 5764 sic
1463 5711 1731 5766 emendo:
1780 5710 1870 5762 Διὸ
1909 5711 2152 5770 κρίνεται

573 5775 606 5849 ἀ,
634 5773 768 5849 θεὸς
794 5775 932 5832 εἶναι
961 5782 1130 5832 τύπον
1168 5780 1333 5832 αὑτοῦ
1371 5783 1464 5833 καὶ
1492 5780 1590 5849 τὴν
1623 5779 1818 5834 ἑαυτοῦ
1849 5773 2030 5834 εἱκόνα
2060 5782 2151 5835 τὸν

579 5843 886 5918 ἄνθρωπον,
925 5868 974 5901 κ.
1007 5868 1056 5902 τ.
1093 5850 1140 5902 λ.
1174 5850 1258 5904 Sic
1297 5860 1475 5906 autem
1507 5843 1836 5923 interpretor
1866 5871 1875 5905 :
1914 5850 2036 5906 Ideo
2064 5852 2151 5922 in-

2171 4683 2215 4737 D

2245 4569 2592 4640 Κλήμεντος
2646 4569 3049 4640 πρεσϐυτέρου
3111 4564 3558 4640 ᾈλεξαγδρείας
3596 4561 3666 4615 ἐκ
3711 4557 3802 4615 τοῦ

2701 4641 2864 4695 Κατὰ
2911 4637 3356 4699 Ἰουδαϊζόντων.

2317 4753 2564 4825 Σολομῶν
2613 4756 2641 4808 ὁ
2683 4752 2773 4807 τοῦ
2814 4752 2976 4806 Δαϐὶδ
3021 4753 3168 4815 παῖς,
3217 4750 3276 4803 ὲν
3321 4753 3445 4813 ταῖς
3484 4745 3808 4807 Βασιλείαις

2244 4846 2734 4917 ἐπιγραφομέναις,
2765 4846 2866 4918 τὴν
2894 4843 2987 4898 τοῦ
3017 4842 3271 4914 ἀληθινοῦ
3308 4841 3417 4896 νεὼ
3460 4837 3810 4904 κατασκευὴν,

2247 4939 2425 5001 συνεὶς
2451 4939 2510 4991 οὐ
2549 4939 2708 5010 μόνον
2754 4939 3084 5012 ἐπουράνιον
3109 4932 3247 4988 εἶναι
3287 4934 3386 4987 καὶ
3429 4928 3812 5000 πνευματικὴν,

2246 5030 2346 5101 ἦδη
2374 5030 2431 5084 δὲ
2453 5032 2546 5084 καὶ⁵
2568 5033 2648 5094 εἰς
2674 5033 2771 5103 τὴν
2797 5032 2974 5103 σάρκα
3000 5029 3304 5100 διαφέρειν,
3338 5026 3410 5097 ἣν
3445 5024 3667 5096 ἔμελλεν
3695 5022 3818 5074 οἰκο-

2247 5122 2427 5194 δομεῖν
2467 5124 2496 5176 ὁ
2537 5125 2633 5178 τοῦ
2666 5124 2829 5178 Δαϐὶδ
2867 5123 2979 5188 υἱός
3020 5141 3080 5176 τε
3122 5122 3213 5176 καὶ
3255 5119 3486 5192 Κύριος,
3519 5118 3595 5180 είς
3635 5132 3695 5169 τε
3733 5113 3820 5182 τὴν

2247 5432 2389 5485 dicat
2426 5429 2565 5485 Deus
2589 5440 2767 5501 typum
2795 5445 2886 5501 seu
2914 5427 3259 5501 simulacrum
3286 5426 3374 5479 sui
3403 5440 3519 5501 esse
3540 5422 3828 5480 hominem:

2251 5503 2334 5555 hic
2359 5501 2545 5573 (Deus)
2576 5495 2854 5573 inuisibilis
2886 5509 2966 5573 est
2987 5540 3021 5573 ,__
3042 5498 3158 5573 ejus
3199 5504 3380 5573 autem
3412 5495 3624 5573 imago,
3658 5507 3832 5572 nempe

2251 5565 2426 5637 homo,
2467 5565 2710 5626 visibilis.
2756 5567 2844 5640 _Itar
2886 5569 2953 5624 V.
2983 5565 3833 5640 C.Claudius_Capper;o!mier,

2254 5642 2320 5696 ad
2351 5633 2556 5697 calcem
2588 5650 2721 5694 tom.
2755 5637 2774 5691 l
2807 5639 3065 5694 Thesauri
3102 5637 3410 5699 Canisiani,
3446 5633 3570 5706 pag.
3603 5633 3734 5706 766.

2325 5712 2436 5782 (te)
2476 5713 2823 5779 Ποιήσηται.
2883 5711 2975 5765 Vel
3019 5709 3241 5779 ποιήσῃ,
3298 5708 3375 5761 ita
3432 5705 3566 5763 sane
3617 5705 3838 5778 legitur.

2257 5783 2419 5836 GRAB.
