3848 6542
564 349 660 408 771
1681 345 2064 409 CLEMENTIS
2100 349 2564 409 ALEXANDnlNI
3654 357 3743 412 77?.

1942 492 2080 549 Ibid.
2105 510 2226 566 pag.
2253 495 2379 551 541.

634 603 720 661 Sit
767 605 854 663 lex
883 605 986 662 ista
1009 605 1324 672 constituta,
1354 608 1615 666 adversus
1643 625 1737 667 eos
1762 610 1852 681 qui
1874 625 1962 667 res
1989 626 2116 668 san-
2142 651 2153 674 λ

2285 611 2466 683 Νόμος
2503 609 2641 664 ἔστω
2675 609 2816 663 κατὰ
2853 608 2959 663 τῶν
2999 610 3170 682 σεμνὰ
3201 605 3294 666 καὶ
3321 610 3438 666 θεῖα
3473 609 3532 665 οὖ
3561 612 3741 684 σεμνῶς

563 706 682 752 etas
710 704 763 752 et
792 697 1027 762 divinas,
1068 713 1177 754 non
1215 708 1401 756 sancte
1429 707 1483 756 et
1517 709 1576 755 ut
1602 700 1710 756 Deo
1739 701 1960 773 dignum
2010 708 2082 758 est

2222 703 2316 758 καὶ
2355 702 2671 778 θεοπρεπῶς
2708 703 2840 775 ὁρᾷν
2875 701 3186 769 ἀξιούντων,
3250 702 3463 758 κόλασιν
3500 702 3741 778 ἐπιφέρειν

563 803 787 846 cernere
806 790 1050 862 cupiunt,
1066 804 1282 862 poenam
1301 793 1559 849 caecitatis
1579 792 1796 850 inferre.
2221 795 2501 868 ἁορασίαςι

1955 931 2095 990 Ibid.
2135 950 2260 1005 pag.
2297 933 2426 992 657.

630 1071 690 1126 In
729 1071 1046 1128 universum
1086 1068 1430 1127 Christianus
1468 1063 1801 1135 solitudinis,
1849 1068 2118 1125 secessio-

2293 1065 2534 1124 Καθόλου
2557 1067 2585 1122 ό
2606 1065 2928 1139 Χριστιανὸς
2945 1065 3175 1140 ἐρημίας
3201 1063 3292 1122 καὶ
3316 1065 3536 1140 ἡσυχίας
3555 1059 3636 1121 καὶ
3663 1084 3742 1137 γα.

563 1164 756 1236 nisque
778 1172 831 1219 et
859 1163 1266 1234 tranquillitatis
1294 1177 1358 1217 ac
1389 1161 1540 1233 pacis
1571 1161 1778 1217 amicus
1805 1167 1909 1216 est.

1666 1161 1778 1217 icus
1805 1167 1909 1216 est.
2223 1159 2390 1233 λήνης
2414 1160 2508 1214 καὶ
2539 1159 2761 1232 εἰρήνης
2790 1157 2987 1222 οἰκεῖός
3016 1159 3185 1212 ἐστιν.

1071 1307 1156 1362 Ed
1184 1307 1386 1363 Catena
1419 1309 1475 1362 in
1499 1307 1912 1363 Pentateuchum
1942 1306 2132 1363 Latine
2158 1307 2302 1364 edita
2326 1325 2360 1362 a
2393 1307 2686 1363 Franeieco
2714 1305 2976 1378 Zephyro,
2999 1321 3120 1376 pag.
3157 1303 3281 1360 146.

635 1447 841 1502 Nomen
885 1447 1014 1505 illud
1054 1449 1340 1520 mysticum
1374 1449 1520 1520 quod
1547 1458 1744 1506 vocant
1774 1449 2120 1522 Tetragram-
2222 1453 2478 1524 quoniam
2501 1451 2582 1508 sol
2603 1450 2759 1523 quasi
2779 1448 3158 1506 candelabrum
3183 1444 3370 1502 mundi
3401 1444 3599 1501 medius
3623 1445 3743 1500 inter

565 1549 780 1606 maton,
811 1557 919 1612 quo
948 1548 1154 1596 tantum
1211 1541 1592 1597 muniebantur
1645 1543 1722 1596 illi
1753 1543 1949 1613 quibus
1988 1541 2122 1613 ady-
2227 1544 2362 1600 alios
2413 1544 2657 1616 planetas
2699 1541 2882 1597 divina
2942 1538 3208 1610 sapientia
3245 1538 3472 1593 libratus
3515 1552 3605 1593 sua
3643 1538 3745 1592 luce

565 1639 677 1685 tum
725 1633 968 1702 pervium
1020 1638 1172 1694 erat,
1221 1641 1381 1688 sonat
1430 1632 1706 1699 Jehovah,
1755 1632 1900 1704 quod
1952 1633 2122 1689 inter-
2229 1632 2542 1703 superiores
2568 1632 2764 1691 lustrat
2783 1637 2838 1687 et
2867 1629 3174 1686 inferiores.
3212 1627 3295 1682 Ad
3322 1627 3538 1681 alteram
3565 1635 3742 1697 panem

563 1721 932 1790 pretatur.qui
959 1731 1035 1774 est
1064 1730 1112 1774 et
1140 1721 1229 1791 qui
1249 1723 1344 1774 erit
1369 1735 1388 1785 ;
1415 1721 1802 1775 candelabrum
1826 1736 1955 1776 vero
1975 1718 2122 1791 quod
2227 1725 2400 1797 ipsius
2426 1740 2532 1782 arm
2561 1724 2735 1796 posita
2759 1729 2876 1780 erat
2905 1737 3114 1787 mensa,
3146 1722 3202 1776 in
3243 1735 3351 1791 qua
3379 1734 3541 1790 panes
3570 1732 3742 1789 prepo-

563 1810 629 1864 ad
669 1812 958 1867 australem
982 1811 1192 1882 plagam
1224 1811 1438 1866 astabat
1458 1812 1668 1876 altaris,
1702 1821 1905 1883 septem
1935 1812 2120 1882 plane-
2151 1821 2195 1877 Β
2221 1816 2510 1880 nebantur,
2531 1813 2677 1884 quod
2703 1828 2770 1870 ex
2797 1827 2860 1870 ea
2883 1821 3035 1886 parte
3059 1811 3182 1869 caeli
3210 1809 3374 1865 ﬂatus
3402 1809 3555 1866 nobis
3578 1808 3745 1862 vitales

561 1912 644 1959 tas
672 1903 959 1968 referebat,
992 1904 1083 1971 qui
1119 1903 1472 1958 meridianam
1504 1903 1781 1975 regionem
1821 1903 2120 1974 circumagi
2224 1916 2279 1964 et
2299 1906 2424 1970 almi
2456 1907 2719 1978 aspirant.

560 1995 719 2050 nobis
742 1995 1126 2053 videnturzcui
1153 1996 1292 2051 terni
1310 1995 1564 2067 utrinque
1590 1995 1726 2050 rami
1759 2002 2120 2068 consurgunt,

633 2227 961 2299 Fragmenta
991 2229 1096 2283 alia
1129 2230 1388 2286 exhibent
1413 2229 1626 2286 Catena
1644 2229 1946 2287 Grecorum
1974 2229 2202 2299 Patrum
2224 2227 2279 2299 in
2297 2225 2503 2299 ljovgm
2533 2223 2947 2299 Testagzenturg,
2969 2238 3106 2299 quas
3121 2216 3329 2299 _Oxonii
3355 2219 3424 2299 ad
3438 2207 3744 2299 ﬁdem‘codd.

573 2314 709 2371 mss.
746 2290 918 2353 Edidit
945 2299 993 2356 ι.
1034 2301 1100 2356 Α.
1134 2300 1358 2359 Cramer
1382 2301 1438 2356 S.
1481 2301 1545 2358 Τ.
1577 2302 1638 2357 Ρ.
1674 2302 1857 2370 (1840,
1892 2302 1926 2358 8
1954 2302 2062 2357 vol.

2229 2298 2282 2371 ’).
2309 2295 2668 2371 Ει).ΡΑτι.-τ
2691 2290 3081 2371 Tomo_lll,qui
3109 2295 3370 2371 Catenam
3401 2294 3456 2348 in
3484 2293 3614 2347 Acta
3643 2307 3748 2364 apo-

579 2370 844 2424 stolorum
876 2371 1253 2440 complectitur
1283 2371 1397 2427 haec
1427 2371 1495 2426 ad
1523 2387 1643 2445 cap.
1670 2365 1769 2441 vn,
1795 2365 1941 2430 vers.
1969 2371 2062 2437 24,
2090 2365 2476 2437 25,1eguntur,
2507 2382 2628 2438 qua:
2654 2367 2709 2421 in
2737 2367 2992 2438 operibus
3005 2365 3312 2421 ’Clementis
3341 2380 3450 2418 non
3473 2371 3703 2419 exstant:

632 2507 832 2563 Dicunt
859 2516 1040 2566 autem
1062 2520 1253 2583 mystae
1277 2512 1548 2588 [Moysen]
1567 2515 1736 2572 verbo
1755 2516 1874 2572 solo
1892 2530 2120 2588 percus-

2299 2509 2642 2580 Klriusrtoc
2658 2508 3062 2578 Στρωμιιτέως.
3090 2506 3227 2560 Φασὶ
3247 2506 3305 2560 δὲ
3333 2506 3384 2559 οἱ
3413 2503 3603 2576 μύσται
3619 2495 3747 2572 λΰγφ

565 2601 705 2657 sisse
748 2600 1087 2674 Egyptium,
1115 2605 1259 2662 sicut
1287 2616 1478 2679 postea
1504 2609 1561 2666 in
1587 2609 1817 2668 Actibus
1863 2617 2084 2665 narratu

2229 2602 2375 2675 μόνῳ
2405 2601 2613 2656 ἀνελεῖν
2641 2600 2733 2656 τὸν
2759 2600 3071 2669 Αίγύπτιον,
3102 2599 3290 2670 ὥσπερ
3320 2596 3508 2668 ἀμέλει
3553 2594 3748 2663 ὕστερον

566 2693 708 2757 illos,
739 2695 834 2764 qui
867 2696 1178 2758 celaverant
1207 2706 1415 2768 partem
1447 2700 1608 2772 pretii
1636 2701 1753 2774 agri
1806 2700 2085 2772 cujusdam

2231 2695 2281 2749 ὲν
2305 2696 2444 2766 ,ταῖς
2480 2691 2744 2764 Πράξεσι
2783 2692 3024 2766 φέρεται,
3056 2691 3181 2755 τοὺς
3225 2685 3636 2759 νοσφισαμένους
3667 2685 3750 2753 τῆς

563 2794 617 2840 et
646 2788 857 2846 mentiti
885 2797 1064 2855 erant,
1097 2792 1266 2847 verbo
1293 2791 1558 2866 [Petrum]
1590 2793 1952 2850 interemisse.

2232 2786 2389 2858 τιμῆς
2433 2785 2528 2840 τοῦ
2560 2784 2758 2858 χωρίου
2788 2785 2882 2838 καὶ
2922 2783 3315 2856 ψευσαμένους,
3352 2779 3496 2850 λόγῳ
3527 2778 3751 2832 ἀποκτεῖέ

958 2956 1126 3014 Tomo
1163 2957 1490 3032 1v,p.291,
1525 2959 1582 3014 in
1611 2960 1952 3032 expositione
1982 2895 2336 3034 Epistolzcvz'd
2363 2963 2477 3020 Ron

1784 2960 1952 3018 itione
1982 2895 2336 3034 Epistolgz‘d
2363 2963 2663 3032 Romanos,
2701 2979 2825 3036 cap.
2856 2978 2975 3027 vm,
3005 2975 3152 3017 vers.
3185 2953 3256 3013 38
3290 2971 3303 3008 :

635 3061 760 3122 Sive
806 3067 972 3122 vitam
1021 3069 1221 3140 (inquit
1265 3069 1323 3128 S.
1370 3071 1595 3146 Paulus)
1667 3092 1789 3147 qua:
1834 3081 2154 3148 praesentisl

2293 3078 2657 3150 Κλήμεντος.
2679 3077 2752 3133 Ἦ
2772 3077 2934 3149 ζωὴν,
2967 3076 3066 3148 τὴν
3093 3075 3234 3130 κατὰ
3260 3074 3352 3129 τὸν
3375 3071 3608 3144 παρόντα
3626 3070 3749 3140 βίονδ

566 3159 826 3228 temporis
853 3168 958 3224 est.
987 3171 1043 3217 et
1074 3170 1308 3218 mortem
1341 3179 1462 3234 quae
1495 3175 1904 3238 persecutorum
1935 3169 2085 3226 furor

2233 3170 2317 3224 καὶ
2347 3169 2592 3236 θάνατον,
2625 3169 2716 3225 τὸν
2738 3168 2856 3224 κατ’
2884 3166 3150 3239 ἐπιφορὰν
3175 3165 3283 3220 τῶν
3304 3164 3626 3228 διωκόντων,
3664 3162 3752 3226 d1-

565 3251 718 3304 szevit
740 3293 757 3318 ,
783 3251 900 3308 sive
929 3255 1152 3325 angelos
1174 3263 1227 3310 et
1252 3255 1595 3327 principatus
1626 3265 1681 3314 et
1710 3260 1964 3328 virtutes,
1990 3261 2084 3318 mis

2235 3261 2418 3330 τέλους
2465 3279 2526 3315 τε
2578 3261 2673 3318 καὶ
2703 3261 2874 3333 ἀρχὰς
2923 3259 3019 3315 καὶ
3054 3257 3331 3330 δυνάμεις,
3358 3256 3428 3310 τὰ
3454 3250 3754 3310 ἀποστολιιᾶ

565 3354 657 3396 sos
685 3356 716 3395 a
745 3341 858 3400 Deo
893 3345 1145 3416 Spiritus.

1013 3347 1145 3404 itus.
2227 3349 2529 3424 πνεύματα.

1389 3479 1454 3534 Et
1485 3480 1553 3534 ad
1593 3479 1840 3550 ejusdem
1863 3477 2116 3550 Epistulae
2139 3479 2334 3552 capitis
2369 3495 2403 3534 x
2439 3493 2584 3534 vers.
2615 3477 2740 3556 ΒΑ).
2771 3477 2872 3532 569
2906 3497 2920 3533 :

643 3593 710 3652 Et
736 3615 846 3654 non
876 3610 1290 3671 cognoscentes,
1331 3621 1510 3677 neque
1541 3605 1802 3662 facientes
1837 3607 1971 3680 legis
1993 3626 2120 3681 pro-

2293 3615 2657 3686 Κλήμεντος.
2688 3615 2798 3671 Καὶ
2817 3615 2890 3688 μὴ
2914 3615 3148 3686 γνόντες,
3185 3615 3320 3687 μηδὲ
3370 3614 3682 3686 ποιήσαντες
3704 3615 3759 3665 τὸ

563 3691 825 3760 positum,
863 3693 1247 3766 quodcumque
1293 3696 1401 3752 illis
1429 3698 1654 3768 placuit,
1685 3697 1789 3752 hoc
1814 3699 1989 3770 ipsum
2022 3717 2082 3758 vo

2238 3706 2472 3779 Ξούλημα
2518 3708 2613 3762 τοῦ
2649 3708 2838 3779 νόμου,
2875 3708 2904 3761 ὃ
2946 3706 3213 3762 ὑπέλαϐον
3266 3706 3443 3770 αὐτοὶ,
3481 3702 3630 3758 τοῦτο
3675 3705 3757 3757 καὶ

561 3780 731 3835 luisse
769 3781 939 3851 legem
991 3783 1373 3852 crediderunt;
1425 3803 1600 3858 neque
1668 3789 1831 3844 etiam
1905 3799 2080 3848 tentur

2242 3799 2504 3854 Βούλεσθαι
2540 3801 2632 3856 τὸν
2678 3801 2837 3874 νόμον
2864 3797 3137 3874 ᾠήθησαν.
3164 3802 3276 3856 Καὶ
3304 3801 3414 3854 οὐδ’
3445 3790 3518 3865 ὥς
3559 3806 3761 3870 προφηέ

560 3873 942 3942 praenuntianti
1000 3876 1363 3943 conﬁderunt,
1403 3879 1597 3935 littera:
1649 3895 1778 3936 vero
1819 3888 1874 3936 et
1933 3883 2079 3940 timo:

2240 3891 2425 3944 ῖεύοντι
2464 3891 2542 3963 τῷ
2587 3873 3120 3965 νόμῳίὲπίστευσανρ
3150 3888 3292 3964 λόγῳ
3315 3892 3374 3946 δὲ
3399 3891 3536 3962 ψιλῷ
3561 3888 3652 3944 καὶ
3680 3889 3759 3957 φά-

560 3963 876 4030 servientes,
901 3979 1011 4020 non
1041 3967 1291 4038 spiritum
1320 3975 1374 4025 et
1402 3967 1561 4024 ﬁdem
1588 3971 1761 4027 secuti
1792 3981 1939 4030 sunt.

2218 3979 2317 4050 6ῳ,
2345 3981 2456 4035 ἀλλ’
2488 3983 2548 4036 οὺ
2574 3963 2807 4038 διαθέσει
2829 3984 2922 4036 καὶ
2954 3983 3129 4036 πίστει
3151 3963 3536 4054 ἠκολούθησανε

631 4099 810 4190 Temo.
831 4101 921 4190 Vl],
951 4119 1005 4174 p.
1043 4104 1166 4190 3335,
1193 4104 1248 4190 in
1279 4105 1482 4164 Catena
1507 4107 1562 4163 in
1593 4107 1766 4180 Epist.
1798 4109 1843 4165 ll
1874 4111 1940 4168 ad
1974 4111 2126 4181 Cor.,
2158 4116 2222 4171 ad
2247 4117 2360 4174 haec
2386 4122 2552 4178 verba
2580 4136 2726 4178 vers.
2780 4119 2846 4190 [6
2878 4120 3073 4190 capitis
3098 4136 3127 4176 v
3163 4138 3176 4175 :
3217 4119 3281 4174 Εἰ
3321 4119 3378 4173 δὲ
3405 4120 3499 4173 καὶ
3533 4115 3760 4186 ἐγνώκει

558 4181 657 4242 μεν
681 4173 823 4228 κατὰ
851 4173 1029 4246 σάρκα
1051 4175 1302 4247 Χριστόν,
1638 4173 1656 4180 -
2112 4173 2125 4181 ν
2312 4173 2352 4174 η
2788 4173 2826 4197 ,_

625 4282 688 4373 Et
717 4283 772 4338 in
800 4291 1031 4349 tantum,
1073 4285 1252 4356 inquit
1281 4287 1340 4342 S.
1375 4286 1602 4353 Paulus,
1636 4306 1798 4348 nemo
1820 4293 1998 4352 adhuc
2028 4312 2113 4352 sc-

2284 4297 2396 4355 Καὶ
2431 4301 2704 4366 τοσοῦτον,
2747 4301 2930 4373 φησὶν,
2964 4300 3139 4364 οὐδεὶς
3178 4301 3260 4353 ἔτι
3288 4299 3432 4354 κατὰ
3465 4299 3636 4371 σάρκα
3675 4297 3759 4368 ζῇ,

553 4372 793 4430 cundum
853 4389 1072 4431 carnem
1117 4377 1282 4446 vivit,
1337 4379 1484 4449 quod
1545 4395 1655 4435 non
1701 4391 1787 4438 est
1847 4384 1980 4450 vita,
2015 4399 2072 4440 se

2245 4393 2393 4465 κείνη
2425 4392 2535 4464 γὰρ
2576 4394 2676 4447 οὐκ
2719 4372 2835 4446 ἔστι
2875 4392 3006 4464 ζωὴ,
3043 4392 3177 4446 ἀλλὰ
3216 4380 3466 4456 Θᾶνατος,
3494 4393 3572 4444 ὅτι
3623 4389 3761 4443 καὶὸ

552 4480 723 4528 mors,
755 4466 809 4520 in
846 4475 1111 4536 quantum
1165 4486 1267 4526 nec
1317 4471 1436 4542 ipse
1493 4471 1784 4530 Christus:
1830 4483 1890 4530 ut
1931 4476 2071 4546 palan

2246 4481 2475 4554 ἱριστός’
2500 4484 2592 4538 ἵνα
2619 4484 2762 4557 δείξῃ
2793 4475 2876 4538 ὅτι
2907 4483 2968 4538 τὸ
3001 4483 3138 4538 κατὰ
3185 4483 3365 4555 σάρκα
3396 4481 3498 4554 ζῇν
3537 4480 3765 4534 ἐπαύσα-

555 4556 948 4625 manifestaret,
981 4560 1126 4630 quod
1171 4563 1295 4618 vitae
1342 4565 1640 4620 secundum
1685 4581 1908 4622 carnem
1943 4568 2074 4642 impc

2250 4591 2309 4628 0°
2343 4575 2492 4641 πῶς;
2518 4576 2580 4630 οὐ
2603 4576 2666 4630 τὺ
2687 4576 2844 4647 σῶμα
2875 4575 3052 4645 ἀφεὶς,
3078 4575 3256 4643 ἄπαγε
3274 4592 3288 4605 ·
3323 4575 3444 4644 μετ’
3474 4570 3633 4626 αὐτοῦ
3663 4570 3769 4641 γὰρ

557 4646 761 4702 suisset
804 4648 983 4706 ﬁnem.
1020 4650 1341 4718 Quomodo?
1363 4653 1484 4711 Non
1523 4670 1725 4728 corpus
1755 4672 1980 4723 exuens,
2012 4661 2076 4714 ab

2255 4667 2334 4734 ξει
2373 4666 2448 4731 ὡς
2504 4667 2636 4725 ἰδίου
2679 4646 2869 4740 κριπὴς
2916 4668 3193 4732 ἁπάντων,
3221 4666 3358 4720 ἀλλά
3390 4665 3499 4720 τῶν
3530 4663 3768 4734 φυσικῶν

551 4737 654 4791 sit!
682 4737 817 4794 Nam
843 4755 966 4795 cum
999 4743 1119 4814 ipso
1147 4748 1368 4818 preprio
1395 4761 1626 4819 corpore
1656 4764 1758 4804 suo
1805 4749 1986 4805 veniet
2013 4748 2070 4805 ιι]

2246 4759 2546 4829 ιπαλλαγεὶς
2576 4737 2784 4825 παθῶν,
2814 4737 2924 4814 οἷον
2955 4760 3148 4830 πείνης
3173 4760 3268 4813 καὶ
3291 4759 3450 4830 δίψης
3478 4758 3570 4811 καὶ
3599 4756 3765 4810 ὕπνου

549 4829 653 4885 dex
682 4833 946 4901 omnium;
981 4837 1234 4894 omnibus
1264 4846 1444 4894 autem
1478 4838 1888 4896 inﬁrmitatibus
1921 4840 2068 4912 phys]

2245 4851 2308 4908 ιαὶ
2339 4851 2527 4905 κόστου*
2547 4851 2644 4906 νῦν
2669 4850 2776 4923 γὰρ
2799 4850 3004 4916 ἀπαθὲς
3033 4829 3126 4906 καὶ
3153 4829 3429 4921 ἀκήρατον
3457 4849 3565 4919 ἔχει
3588 4848 3762 4916 σῶμα.

547 4921 629 4977 eis
691 4923 998 4995 expeditus,
1065 4925 1206 4983 fame
1246 4928 1474 4997 scilicet,
1508 4929 1623 4996 siti,
1702 4944 1894 4986 somno
1945 4944 2009 4986 ac
2053 4931 2414 4996 lassitudine:
2449 4954 2596 4998 nunc
2637 4921 2781 4998 enim
2823 4939 3157 5010 impassibile
3207 4947 3263 4995 et
3316 4939 3598 4994 doloribus
3663 4937 3763 4991 im-

547 5027 711 5070 mune
747 5029 949 5086 corpus
973 5017 1155 5075 habet.

615 5127 1082 5201 Quemadmodum
1108 5135 1250 5204 apud
1273 5149 1373 5190 nos
1389 5136 1690 5192 secundum
1711 5153 1933 5193 carnem
1961 5153 2106 5203 esse,

2281 5139 2492 5208 Ὠσπερ
2517 5133 2586 5210 ἦν
2611 5135 2744 5210 [legi
2773 5137 2952 5209 ἡμῶν]
2982 5138 3044 5191 τὸ
3082 5137 3219 5192 κατὰ
3250 5138 3452 5209 σάρκα,
3481 5138 3596 5194 ἐστὶ
3625 5139 3690 5192 τὸ
3711 5141 3765 5194 ὲν

547 5218 746 5275 dicitur
771 5237 894 5278 esse
924 5223 980 5277 in
1014 5226 1281 5295 peccatis;
1329 5235 1384 5281 et
1410 5228 1531 5283 sine
1565 5228 1653 5284 his
1708 5244 1851 5295 esse,
1908 5227 2066 5284 dicite

2255 5230 2619 5301 μαρτίαιςςκαὶ
2635 5229 2696 5282 τὸ
2710 5228 2812 5293 ἔξω
2827 5228 3029 5282 τούτων
3049 5229 3108 5281 οὐ
3126 5228 3268 5282 κατὰ
3289 5229 3500 5302 capita"
3517 5229 3658 5282 οὕτω
3678 5231 3774 5284 καὶ

544 5314 822 5373 essetnon
861 5313 1159 5369 secundum
1211 5331 1433 5373 carnem
1496 5337 1510 5374 :
1572 5320 1647 5374 ita
1702 5335 1919 5392 quoque
1961 5334 2063 5389 apu

2248 5319 2439 5393 ζριστοῦ
2455 5314 2516 5373 τὸ
2539 5319 2678 5374 κατὰ
2693 5320 2888 5391 σάρκα,
2906 5319 2966 5373 τὸ
2985 5319 3150 5374 εἴκειν
3163 5323 3274 5384 τοῖς
3290 5324 3540 5388 φυσικοῖς
3554 5321 3767 5375 πάθεσι-

544 5397 822 5486 Christum
849 5406 1146 5460 secundum
1176 5422 1393 5465 carnem
1431 5425 1552 5466 esse
1587 5411 1808 5475 dicitur,
1846 5411 2057 5464 natural

2247 5413 2266 5464 5
2297 5412 2372 5485 μὴ
2401 5413 2570 5466 εἴκειν
2596 5411 2652 5465 δὲ
2675 5412 2735 5465 οὐ
2757 5412 2896 5466 κατὰ
2921 5411 3115 5484 σάρκα.
3161 5411 3301 5465 Ἀλλ’
3318 5411 3471 5466 ὥσπε
3481 5432 3536 5486 ρ.
3577 5415 3766 5486 φησιν,

543 5485 649 5542 bus
677 5489 874 5560 subjici
933 5492 1338 5565 allectionibus;
1371 5513 1478 5554 non
1537 5501 1733 5569 subjici
1783 5517 1932 5566 vero,
1983 5515 2062 5558 ess

2259 5505 2408 5568 ξεῖνος
2429 5503 2749 5575 ἀπηλλάγη,
2783 5502 2925 5556 οὕτω
2962 5505 3061 5558 καὶ
3105 5505 3285 5576 ἡμεῖς·
3329 5485 3550 5570 Οὐκέτι,
3585 5485 3778 5578 φησιν,

544 5593 653 5633 nou
700 5584 1002 5640 secundum
1045 5602 1286 5644 carnem.
1339 5588 1446 5644 Sed
1489 5591 1943 5659 quemadmodum
1991 5594 2063 5647 ἱΙΙι

2251 5594 2311 5647 Ῑεν
2357 5595 2671 5668 ἐμπαθητὸν
2727 5595 3092 5667 σαρκί-Οὔπω
3134 5597 3231 5652 καὶ
3277 5598 3311 5650 ὁ
3353 5598 3586 5673 Κλήμης
3630 5600 3693 5656 ἐν
3723 5597 3770 5652 δ’

545 5669 741 5740 inquit,
769 5675 1030 5732 liberatus
1061 5689 1164 5743 est,
1207 5681 1288 5736 sic
1331 5688 1387 5737 et
1425 5696 1546 5739 nos.
1589 5681 1706 5736 tam
1742 5699 1871 5748 non,
1901 5684 2098 5755 inquit,
2218 5684 2686 5742 'I‘aozvadia'swr.

541 5762 692 5816 carni
715 5765 980 5836 subiectio
1006 5770 1095 5825 sit.
1123 5769 1213 5826 Sic
1241 5773 1492 5828 Clemens
1519 5773 1574 5826 in
1604 5782 1798 5842 quarto
1833 5774 2231 5847 Ilypotyposean
2263 5777 2420 5832 libro.
