3922 6584
231 419 344 478 8'05

1300 422 1387 477 DE
1425 419 1960 480 COHORTATIONE
2000 424 2088 479 AD
2127 423 2418 480 GENTES.

3386 428 3492 483 806

242 540 494 593 titionem
519 537 694 594 tribus
723 537 1006 610 Pardagogi
1031 539 1185 618 libris
1211 540 1811 618 a__Cle_mente‘praemis-
1838 547 1884 603 Α
1914 543 2009 618 ris,
2038 543 2197 618 scias‘
2222 543 2381 618 velim
2419 542 2531 618 illa_
2549 544 3098 618 essesubaudienda,
3127 546 3492 618 quandoquia

235 623 356 679 sam
398 620 775 679 asseveranter
816 611 1191 679 pronuntiavit
1228 612 1294 665 ⁵⁸.
1344 610 1435 664 Sic
1487 610 1632 665 enim
1680 611 1803 666 ille:

243 677 388 752 tot:
417 677 906 752 Παιδᾳγπωτὸςίὲν
928 681 1074 751 τρισὶ
1094 681 1346 752 τόμρις...
1381 680 1492 752 ἔχει
1523 681 1581 734 δὲ
1607 681 1810 752 τούτων

231 748 794 822 ξωὶμτρᾳηγᾳιξμξνον,
829 751 922 822 xei.
947 748 1376 822 ouvrarrduevov
1407 748 1587 822 Xéyov_
1601 751 1807 822 ἓτερον,

231 820 294 872 ἐν
329 809 377 884 ᾧ
406 809 535 892 ’πεὴῖ
564 809 830 892 Ὲῖλλήνών
864 819 1128 892 διελέγχει
1159 809 1444 892 ἀθεότητα.
1479 809 1504 872 ἰ
1551 809 1812 891 Ρωάὰςυλ

232 905 332 971 ρεαδ
362 889 544 971 tribus
572 889 843 971 libris...“
872 889 1075 971 quibus
1108 899 1162 946 et
1205 889 1370 946 alium
1403 889 1812 971 praemittitad-

231 958 528 1032 jungitque
555 958 905 1032 singularem'
929 961 1146 1032 librum,
1195 977 1303 1031 quo
1340 958 1580 1032 gentium
1614 962 1811 1017 refellit

233 1030 598 1102 impietatem.
636 1048 663 1102 )_
691 1029 756 1081 At
783 1045 893 1102 quo
930 1030 1099 1102 fretus
1129 1029 1447 1102 argumento
1469 1033 1520 1087 id
1549 1031 1623 1086 ita
1659 1047 1812 1086 asse-

231 1099 430 1172 ruerit.
483 1099 966 1172 quandoquidem
1007 1101 1081 1155 ibi
1129 1099 1352 1156 minime
1389 1103 1645 1172 explicat,
1678 1102 1810 1172 quid

231 1169 490 1242 prohibet
542 1168 838 1242 quominus
877 1170 967 1224 ille
996 1178 1090 1224 aut
1113 1187 1181 1242 ex
1206 1172 1328 1226 aliis
1362 1168 1658 1227 Clementis
1687 1168 1814 1242 ope-

231 1240 387 1312 ribus
414 1247 475 1312 et
514 1238 760 1308 scriptis,
807 1246 911 1312 aut
935 1255 1000 1294 ex
1029 1241 1261 1312 testibus
1301 1242 1448 1295 omni
1487 1238 1808 1312 exceptione

229 1309 551 1382 majoribus
570 1316 773 1363 certam
803 1309 1096 1382 deduxerit
1125 1313 1444 1367 assertionis
1473 1327 1586 1368 sua:
1609 1309 1808 1382 proba-

227 1378 578 1451 tionem?_Et
619 1395 762 1451 vero
789 1379 1041 1451 Clemens
1077 1382 1202 1451 ipse
1244 1382 1299 1436 in
1333 1382 1576 1450 ejusdem
1609 1378 1811 1437 'Paeda-

227 1451 350 1518 gogi
381 1449 611 1519 prologo
639 1448 682 1480 ⁸⁷
718 1449 1024 1506 clarissime
1051 1448 1212 1507 docet
1251 1471 1270 1503 ‹
1311 1448 1742 1508 exhortatoriam
1781 1473 1800 1506 ι

227 1535 564 1592 sermonem,
598 1519 691 1592 qui
720 1519 966 1592 homines
997 1535 1029 1574 a
1058 1520 1482 1592 falsaireligione
1513 1523 1805 1591 deterreat,

223 1590 294 1644 iis
319 1605 450 1644 esse
478 1591 935 1663 puemittendum,
956 1607 1076 1661 qua:
1101 1593 1157 1646 in
1183 1590 1468 1663 Paeddgogi
1503 1594 1659 1648 libris
1682 1610 1806 1663 per-

221 1667 564 1714 tractantur.
613 1658 726 1730 Hac
771 1661 935 1730 igitur
974 1658 1223 1718 auctoris
1273 1658 1447 1718 nostri
1510 1658 1806 1719 ratiocina-

218 1732 400 1793 tione,
430 1738 486 1784 et
511 1730 626 1798 ipsa
656 1728 834 1787 Photii
860 1732 1185 1788 auctoritate
1212 1731 1353 1800 fulti,
1380 1733 1525 1787 haud
1550 1734 1806 1788 dubitan-

213 1811 309 1855 ter
332 1800 916 1886 aﬂirrnarenpossumus
942 1802 1105 1886 hunc,
1126 1819 1246 1886 quo
1261 1803 1327 1858 de
1349 1804 1580 1886 agimus,
1605 1805 1801 1886 librum

217 1886 339 1925 non
384 1869 550 1924 modo
598 1870 947 1935 Stromatum,
984 1873 1081 1928 sed

215 1957 351 1997 esse
380 1941 769 2010 antiquiorem.
793 1940 868 1994 Ea
900 1958 1063 2012 porro
1092 1951 1176 2000 est
1209 1940 1402 1998 horurn
1427 1944 1690 1998 librorum
1719 1946 1805 1998 in-

215 2019 330 2086 tet:
356 2028 416 2067 se
459 2013 749 2086 connexio,
783 2027 903 2086 qua:
961 2015 1086 2086 illos
1119 2015 1282 2086 longo
1323 2015 1586 2086 temporis
1635 2015 1804 2086 inter-

214 2083 371 2155 vallo
403 2097 434 2133 a
469 2098 530 2155 se
555 2082 793 2155 invicem
829 2082 1075 2155 divulsos
1123 2082 1237 2139 dici
1275 2082 1500 2137 minime
1540 2085 1799 2155 patiatur.

222 2171 243 2226 μ
286 2152 604 2226 Admonitio
641 2171 659 2203 ι
695 2154 879 2221 itaque
905 2154 1023 2226 «ad
1054 2161 1241 2226 gentes
1276 2173 1294 2206 ι
1323 2156 1526 2226 aliquo,
1541 2152 1652 2210 sed
1671 2172 1803 2226 duon

213 2223 298 2276 ita
335 2225 521 2292 longo,
545 2230 668 2294 ante
699 2238 898 2276 annum
932 2223 1234 2291 l94,'circa
1264 2223 1426 2294 quem
1461 2225 1630 2280 libros
1658 2223 1803 2279 Stro-

214 2301 430 2368 malunt
461 2293 860 2368 scri_ptos_essc
888 2303 1077 2364 postea
1107 2293 1480 2360 ostendemus,
1522 2296 1577 2350 in
1606 2296 1800 2368 vulgus

215 2365 502 2433 prodiisse
531 2362 760 2418 dicenda
795 2362 900 2418 est;

291 2433 350 2486 In
395 2433 563 2502 hujus
610 2441 788 2488 autem
832 2434 1113 2488 sentcntize
1152 2435 1618 2492 confirmationem
1665 2436 1797 2492 illud

256 2505 458 2558 roduci
508 2509 704 2572 potest,
746 2505 891 2572 quod
933 2505 1008 2556 ait
1047 2504 1315 2560 Eusebius
1348 2507 1394 2538 ⁸⁸
1438 2508 1794 2573 Clementem,

257 2574 367 2627 aud
408 2574 574 2628 dubie
608 2580 855 2627 nostrum
906 2574 1359 2639 Alexandrinum,
1400 2593 1466 2632 ex
1509 2579 1578 2632 iis
1627 2593 1793 2632 unum

215 2644 418 2703 fuisse.
464 2642 1090 2716 qui_an_te_ltomanum
1136 2644 1374 2702 Victoris
1421 2646 1793 2716 pontificatum

214 2711 537 2786 supremam
569 2711 769 2786 Christi
795 2713 1134 2786 divinitatem
1162 2717 1215 2769 in
1244 2718 1359 2771 suis
1382 2711 1642 2773 adversus
1663 2733 1794 2786 gen-

215 2785 345 2838 tiles
373 2791 468 2858 aut
496 2785 780 2858 haereticos
808 2784 964 2858 libris
1009 2787 1454 2858 constantissime
1480 2784 1794 2858 propugna-

211 2851 560 2927 verurtt,mAt
606 2850 896 2927 hun_c,_de
934 2850 1798 2927 quo_disputamus,'ClemEutis

211 2917 631 3001 noghidlibrurp
673 2917 1022 3001 ab_._Eusebio
1051 2917 1344 2997 designari,
1389 2917 1469 2984 et'
1491 2931 1604 3000 ipse
1632 2917 1794 3001 quem

212 2986 426 3068 indicat
457 2987 704 3068 ejusdem
737 2991 858 3068 libri
891 2994 1100 3068 titulus,
1136 2986 1199 3050 οἵ
1234 2986 1447 3054 summa
1479 2986 1680 3058 Christ'i

211 3060 436 3137 vini-tas
455 3060 508 3137 in
535 3074 622 3137 ep,
651 3069 710 3137 ut
742 3060 885 3137 infra
914 3064 1250 3137 videbimus,
1281 3069 1584 3126 clarissime
1615 3088 1795 3129 asser-

212 3133 290 3206 ta,
321 3126 529 3206 iudicio
562 3128 704 3206 haud
737 3131 894 3199 plane
937 3133 1148 3206 incerto
1190 3126 1462 3193 evincunt.
1496 3126 1796 3198 Porro—au-

211 3193 558 3274 tern_\'ictor
599 3193 844 3274 Romano
886 3203 1199 3274 episcopatu
1249 3221 1392 3262 anno
1436 3193 1659 3266 Christi
1690 3193 1795 3268 1—52

1165 1872 1405 1955 milagogi
1427 1875 1606 1955 etiam
1649 1875 1806 1955 libris
1834 1897 1879 1955 Β

1916 613 2038 667 dem
2073 620 2127 668 et
2164 613 2236 667 ibi
2263 629 2323 668 se
2353 614 2408 666 in
2433 612 2624 667 eodem
2653 613 2790 668 libro
2827 615 3091 670 adversus
3119 612 3310 671 falsam
3342 612 3473 674 Grai.

1914 697 2103 754 eorum
2131 683 2445 754 religionem
2475 682 2796 754 disputasse
2827 695 3206 741 asseveranter
3236 685 3489 745 afﬁrmat.

1913 751 2108 826 Liquet
2147 751 2311 826 igitur
2353 767 2539 806 veram
2583 753 2633 822 7
2683 769 3107 826 germanamque
3152 755 3318 826 hujus
3361 757 3490 814 libri

1916 823 2326 893 inscriptionem
2373 837 2492 876 eam
2541 837 2684 888 esse,
2724 839 2886 893 quam
2935 823 3202 880 Eusebius
3226 823 3301 881 'et
3339 835 3492 884 vettt’a

1913 892 2192 948 stissiinus
2244 892 2448 964 Regius
2508 893 2678 948 codex
2732 892 3000 964 integram
3055 908 3486 966 reprazsentave-

1912 971 2059 1016 runt.

1981 1032 2048 1087 Et
2085 1047 2218 1088 vero
2263 1032 2380 1087 haec
2421 1031 2720 1102 epigraphe
2760 1040 2934 1088 totum
2977 1047 3204 1102 prorsus
3251 1035 3488 1102 hujusce

1910 1103 2390 1160 commentationis
2434 1111 2816 1172 argumentum
2859 1105 3260 1172 complectitur.
3297 1106 3374 1162 Ex
3417 1108 3495 1162 il--

1911 1173 2017 1227 lius
2051 1175 2270 1243 quippe,
2305 1187 2469 1243 quam
2500 1173 2774 1238 dedimus,
2822 1173 3030 1242 analysi
3069 1175 3296 1243 quilibet
3324 1176 3486 1231 facile

1912 1245 2163 1315 intelligit
2194 1244 2525 1315 Clementem
2553 1258 2774 1315 cperam
2817 1258 3033 1315 omnem
3059 1245 3112 1297 in
3137 1259 3202 1298 eo
3227 1261 3489 1300 consumo

1911 1313 2109 1384 psisse,
2141 1314 2386 1384 nihilque
2414 1313 2590 1380 egisse
2619 1314 2763 1367 aliud
2793 1313 2898 1367 nisi
2929 1323 2985 1366 ut
3012 1315 3240 1382 gentiles
3279 1317 3349 1370 ab
3380 1317 3482 1369 im-

1908 1383 1999 1453 pio
2022 1384 2289 1453 idolorum
2337 1383 2708 1452 falsorumque
2743 1384 2968 1438 deorum
3010 1385 3157 1439 cultu
3190 1385 3478 1448 abductos,

1908 1452 1990 1526 ad
2010 1469 2190 1508 veram
2225 1452 2429 1507 Christi
2451 1455 2610 1508 tidem
2641 1461 2696 1508 et
2722 1453 3038 1526 religionem
3067 1456 3490 1524 amplexandam-

1908 1523 2313 1578 adhortaretur.

1980 1594 2241 1660 Quamvis
2271 1599 2454 1647 autem
2482 1592 2734 1649 Clemens
2756 1594 2810 1648 id
2841 1594 3162 1649 continuato
3200 1610 3487 1658 sermone.

1907 1666 2166 1736 nullaque
2189 1663 2490 1736 orationis
2509 1679 2622 1718 sua:
2651 1664 2806 1736 facta
2850 1664 3122 1720 divisione
3151 1676 3486 1734 prosecutus

1908 1736 1999 1798 sit,
2032 1733 2233 1804 siquis
2265 1741 2443 1787 tamen
2479 1733 2625 1788 hunc
2649 1735 2848 1788 librum
2874 1733 3239 1790 attentissime
3272 1736 3489 1789 exami--

1907 1807 2139 1870 naverit,
2173 1807 2219 1860 is
2253 1813 2402 1858 certe
2437 1805 2732 1873 perspiciet
2767 1805 2919 1857 illum
2952 1805 3020 1858 ab
3055 1805 3173 1874 ipso
3198 1805 3486 1860 Clemente

1907 1877 2088 1932 varias
2131 1877 2185 1930 in
2238 1882 2454 1943 partes,
2503 1887 2540 1943 at
2577 1890 2636 1928 se
2683 1875 2916 1928 invicem
2965 1875 3099 1930 satis
3151 1875 3474 1939 distinctas,

1907 1946 2077 2001 fuisse
2099 1942 2472 2001 distributum.
2499 1942 2578 1998 Ne
2600 1945 2689 1998 cui
2719 1951 2900 1998 tamen
2923 1944 2978 1997 id
3005 1945 3334 2000 laboriosius
3362 1961 3487 1998 [κιο--

1908 2017 2210 2085 lestiusque
2225 2014 2498 2085 videatur,
2522 2014 2766 2082 singulas
2785 2014 3014 2085 hujusce
3045 2015 3169 2069 libri
3197 2025 3379 2084 partes
3419 2016 3475 2069 in

1905 2087 2052 2141 illius
2078 2084 2284 2156 analysi
2309 2084 2381 2156 ita
2416 2085 2708 2156 separatim
2738 2084 3229 2156 exhibendasiesse
3257 2086 3476 2156 censui-

1905 2171 2047 2219 mus,
2094 2165 2152 2209 ut
2177 2154 2254 2210 eae
2289 2154 2357 2207 ab
2386 2154 2642 2208 omnibus
2673 2155 2882 2222 possint
2914 2155 3053 2207 haud
3083 2155 3157 2208 ita
3185 2155 3474 2210 difﬁculter

1903 2225 2260 2296 deprehendi.
2298 2223 2368 2296 Et
2393 2223 2506 2296 haec
2530 2240 2660 2296 sane
2689 2224 2814 2278 libri
2855 2223 3017 2296 hujus
3047 2225 3102 2278 in
3130 2240 3259 2296 suas
3287 2234 3474 2292 partes

1902 2303 1956 2349 et
1977 2294 2166 2366 capita
2196 2294 2530 2366 distributio,
2563 2295 2632 2349 ab
2672 2309 2861 2366 eorum
2907 2294 3106 2366 saltem
3135 2295 3318 2366 aliquo
3355 2296 3481 2366 ﬁeri

1901 2363 2109 2430 debuit,
2137 2367 2228 2436 qui
2257 2368 2307 2422 ei
2326 2364 2483 2436 typis
2516 2365 2836 2436 excudendo
2873 2363 3109 2436 praefecti
3154 2363 3326 2436 fuere.
3355 2363 3469 2418 Hac

1899 2435 2168 2505 siquidem
2197 2435 2490 2506 partitione
2511 2442 2565 2506 et
2589 2435 2656 2506 ab
2687 2435 2929 2506 auctoris
2954 2443 3134 2506 mente
3161 2450 3278 2506 non‘
3310 2435 3483 2506 longe

1899 2503 2298 2571 ab'fuisset,_ac
2351 2504 2583 2558 morosis
2632 2505 2946 2559 hominibus
2999 2503 3190 2559 ivisset
3229 2504 3473 2566 obviam,

1897 2579 1989 2646 qui
2041 2578 2302 2646 majorem
2349 2575 3061 2646 sermonis_connexionem
3109 2574 3165 2646 in
3221 2574 3482 2646 Clemene

1897 2643 1965 2704 tis
1995 2643 2169 2701 nostri
2203 2647 2342 2701 libro
2368 2645 2491 2714 jure
2519 2643 2661 2699 haud
2689 2661 2915 2716 prorsus
2954 2645 3227 2699 immerito
3258 2643 3478 2698 deside-

1895 2719 2118 2774 rabunt.

1963 2786 2149 2860 Neque
2180 2784 2849 2860 tamen_dissimulandum
2885 2801 3016 2860 esse
3044 2794 3297 2860 putamus
3321 2800 3476 2856 quae-

1894 2855 2018 2912 dam
2052 2855 2253 2928 passim
2283 2859 2336 2910 in
2370 2858 2471 2911 hoc
2502 2857 2639 2911 libro
2665 2857 2898 2910 inveniri
2928 2857 3042 2928 loca
3076 2857 3143 2910 iis
3166 2871 3287 2928 qua:
3318 2864 3475 2928 ante»

1892 2927 2095 2982 cedunt
2138 2937 2191 2981 et
2235 2928 2645 2996 subsequuntur
2691 2941 2806 2979 non
2850 2927 3076 2979 omnino
3117 2927 3468 2981 cohaarentia.

1891 2996 2076 3068 Neque
2109 2997 2272 3068 etiam
2302 2995 2621 3068 negabimus
2665 3011 2728 3050 ca
2758 3010 2952 3068 magno
2997 2996 3116 3050 sine
3146 2995 3330 3049 labore
3372 3011 3475 3068 p07

1890 3066 2064 3124 tuisse
2100 3066 2388 3121 meliorem
2425 3069 2478 3120 in
2510 3066 2756 3121 ordinem
2801 3067 2870 3118 ab
2897 3074 3120 3120 auctore
3153 3081 3254 3119 suo
3295 3067 3478 3135 redigi

1888 3146 1942 3192 et
1967 3137 2244 3192 distribui.
2280 3135 2384 3190 Sed
2414 3138 2528 3191 haec
2556 3135 2926 3190 eruditissimo
2958 3135 3232 3204 scriptori,
3261 3136 3354 3204 qui
3382 3135 3469 3188 in-

1889 3209 2049 3278 genio
2071 3208 2422 3278 quandoque
2472 3207 2699 3278 indulsit
2727 3219 2864 3278 suo,
2892 3205 3066 3278 facile
3106 3205 3466 3259 condonanda

211 3263 424 3319 dicitur
475 3282 597 3322 esse
636 3263 1020 3346 inauguratus.
1056 3263 1255 3346 Aliquo
1289 3263 1460 3346 igitur,
1493 3263 1857 3345 antehuricc
1889 3263 2036 3333 sunt.
2065 3263 2267 3332 Nullibi
2291 3263 2459 3341 enim,
2499 3293 2598 3332 nec
2625 3277 2679 3329 in
2724 3275 2791 3328 iis
2834 3263 2997 3327 ctiam
3044 3289 3167 3344 quze
3207 3283 3472 3328 notantur

215 3349 427 3416 aurium
463 3347 718 3416 _tempore
766 3341 962 3416 librum
1009 3341 1178 3416 istuni
1219 3361 1251 3400 a
1281 3341 1560 3404 Clemente
1608 3363 1795 3408 nostro
1826 3341 1855 3345 ﬁ
1889 3349 2025 3405 locis
2051 3364 2081 3402 a
2131 3363 2298 3416 scopo
2327 3348 2543 3402 aberrat
2568 3361 2690 3407 suo,
2720 3359 2896 3413 neque
2922 3341 3077 3416 extra
3104 3346 3368 3414 propositi
3398 3346 3468 3398 li-

211 3405 600 3529 ggblligitéisiiris
624 3406 826 3465 factum
859 3411 1030 3470 fuisse
1061 3415 1205 3472 haud
1231 3432 1458 3487 prorsus
1483 3405 1667 3492 inepte
1685 3405 1796 3479 Edi-

291 3494 304 3527 Ι
525 3516 539 3529 .

231 3491 304 3543 πει
339 3490 539 3544 patest.

280 3551 405 3606 Huc
436 3553 648 3607 accedit
675 3552 823 3623 quod
855 3553 961 3609 iste
993 3555 1132 3610 liber
1156 3555 1235 3624 iis
1265 3556 1480 3613 videtur
1500 3558 1785 3616 confectus

202 3639 334 3678 esse
366 3625 735 3686 sermonibus,
770 3639 910 3694 quos
950 3625 1064 3688 ille,
1104 3625 1231 3680 dum
1257 3628 1570 3683 catechistte
1609 3627 1784 3684 ofiicio

201 3695 601 3767 _circa_annum
635 3695 750 3767 189
779 3695 1117 3767 fungeretur,
1147 3698 1379 3767 publicis
1409 3698 1464 3752 in
1504 3699 1784 3753 concioni-

206 3763 315 3838 bus
366 3763 677 3838 habuerat._
705 3763 1171 3838 Nullisiquidemi
1193 3769 1420 3823 dubium
1453 3785 1577 3824 esse
1605 3777 1784 3838 potest

201 3835 346 3903 quin
391 3835 479 3889 vir
516 3835 606 3888 ille
647 3835 1003 3891 doctissimus
1034 3836 1323 3890 maximam
1366 3838 1422 3892 in
1451 3854 1515 3894 eo
1555 3835 1782 3895 m'unere

203 3905 467 3977 obeundo
488 3918 729 3977 operam
751 3907 1064 3977 contulerit,
1098 3921 1203 3975 qua
1232 3908 1460 3977 gentiles
1487 3910 1558 3964 ab
1579 3910 1782 3963 errori-

205 3975 312 4030 bus
352 3977 474 4030 suis
515 3973 580 4028 ad
606 3973 931 4031 Christianae
961 3976 1082 4031 fidei
1112 3973 1508 4046 prol‘éssionem
1539 3979 1778 4034 adduce-

203 4055 308 4100 ret.
354 4046 491 4112 Quaa
529 4051 710 4117 autem
740 4047 882 4115 apud
917 4061 1012 4101 eos
1043 4047 1287 4117 aliosque
1329 4062 1458 4103 suos
1502 4050 1780 4105 auditores

204 4123 586 4184 peraraverat,
616 4115 728 4170 haec
749 4117 1093 4185 postmodum
1120 4124 1180 4171 ut
1201 4115 1330 4172 aliis
1359 4119 1613 4174 omnibus
1635 4119 1783 4172 simi-

206 4187 334 4240 liter
364 4186 676 4259 prodesset,
714 4185 933 4257 scriptis
976 4187 1176 4242 tradita
1219 4187 1608 4259 divulgavisse,
1648 4204 1780 4244 vero

203 4270 340 4312 sane
368 4263 456 4310 est
479 4256 838 4311 simillimum.

273 4325 454 4393 Quem
491 4340 620 4381 vero
651 4326 867 4381 titulum
902 4327 1028 4381 huic
1061 4328 1211 4397 operi
1254 4344 1355 4384 suo
1393 4328 1507 4398 ipse
1533 4327 1780 4398 praefixe-

201 4397 295 4460 rit,
340 4398 390 4452 si
427 4398 570 4451 scire
599 4410 780 4460 aveas,
813 4413 937 4452 eum
967 4409 1022 4453 te
1052 4398 1268 4452 docebit
1309 4397 1576 4454 Eusebius
1599 4401 1666 4454 ³³.
1695 4399 1778 4454 Ab

203 4466 616 4540 i-lloﬁsiquidem
649 4474 992 4540 const_anter_
1008 4469 1310 4540 appellatur
1339 4469 1474 4540 πρὸς
1514 4468 1778 4540 Ἕλληνας

197 4535 358 4609 λόγος
394 4535 426 4591 ὁ
457 4537 874 4609 προτρεπτικός,
916 4557 936 4590 ί
971 4535 1134 4592 Liber
1167 4538 1233 4591 ad
1266 4535 1492 4609 gentiles
1525 4535 1778 4609 exhorta-

201 4608 401 4681 torius.
423 4625 473 4681 Α
505 4607 566 4664 tn
599 4607 930 4681 ti_ne_autem_
954 4607 1321 4681 antiquissimi
1355 4610 1561 4681 codicis
1598 4608 1771 4681 Regii,

196 4676 289 4731 hic
338 4677 566 4749 quidem
599 4677 792 4749 titulus
831 4677 1022 4749 eodem
1070 4676 1264 4749 legitur
1303 4679 1500 4734 modo:
1543 4679 1639 4735 sed
1681 4676 1776 4735 re-

200 4747 530 4804 centissima
562 4762 726 4800 manu
761 4747 818 4801 in
852 4747 1018 4815 hujus
1047 4747 1192 4812 libri,
1222 4749 1366 4804 sicut
1391 4759 1446 4804 et
1470 4753 1778 4806 manuscri-

198 4819 276 4888 pti
308 4817 782 4874 Claromontensis
817 4819 998 4892 capite
1017 4826 1139 4892 post
1165 4820 1394 4892 verbum
1438 4820 1772 4892 Κλήμεντος,

196 4887 512 4970 cognomen
549 4887 910 4970 grpouaréwé
950 4887 1093 4970 haud
1131 4887 1325 4970 ndu_bie_
1355 4898 1415 4944 ut
1465 4887 1776 4970 eo'auctor

193 4957 390 5030 noster
413 4957 483 5012 ab
515 4957 642 5030 aiiis'
663 4957 907 5030 ejusdem
940 4959 1176 5030 nominis
1201 4961 1648 5030 distingueretur,
1673 4961 1772 5015 ad—

197 5029 374 5082 ditum
398 5035 506 5083 est.
538 5026 740 5082 Verum
779 5029 894 5082 bare
941 5029 1087 5083 nulla
1123 5045 1255 5085 sane
1282 5026 1420 5093 ει·δὶ,
1463 5039 1554 5085 aut
1579 5032 1772 5086 saltem

196 5098 480 5153 levissima
516 5098 744 5167 hujusce
774 5100 1127 5154 additamenti
1153 5116 1339 5154 causa.
1365 5101 1568 5155 Contra
1588 5109 1766 5155 autem

196 5169 568 5241 Hieronymus
615 5169 660 5200 εο
703 5170 875 5241 verbo
921 5171 1318 5241 προτρεπτικός
1353 5173 1580 5231 omisso.
1628 5173 1769 5225 hanc

196 5238 640 5293 lucubratiouem
671 5238 989 5309 simpliciter
1030 5238 1191 5295 vocat
1223 5261 1241 5292 ‹
1277 5243 1471 5296 librum
1508 5241 1770 5296 adversus

192 5317 390 5378 gentes
399 5325 423 5382 ε
465 5327 484 5359 ι
531 5309 624 5363 sed
659 5310 711 5364 id
757 5311 947 5378 procul
995 5311 1163 5382 dubio
1205 5312 1439 5382 abvipso
1487 5312 1770 5382 brevitatis

196 5376 365 5433 causa
392 5376 597 5431 factum
619 5394 741 5434 esse
757 5376 929 5434 nemo
949 5395 1054 5434 non
1079 5380 1244 5436 videt.
1270 5376 1403 5435 Na'm
1424 5381 1512 5435 hic
1541 5381 1678 5436 liber
1699 5382 1768 5434 ab

201 5448 773 5523 ipsomet_Clemen_te,
809 5459 867 5504 ut
892 5452 1054 5523 paulo
1095 5461 1221 5506 ante
1262 5452 1599 5517 dicebamus,
1630 5453 1770 5523 Προ-

196 5519 514 5591 τρεπτικός-
546 5521 865 5588 appellatur.
899 5520 1055 5587 Quod
1102 5523 1148 5576 si
1192 5529 1246 5576 et
1294 5523 1362 5576 ab
1404 5523 1522 5591 ipso
1568 5519 1766 5576 ibidem

197 5589 361 5644 verba
392 5607 413 5640 ‹
452 5589 716 5645 adversus
745 5600 954 5661 gentes,
986 5611 1005 5643 ι
1045 5589 1560 5664 praetermissa‘esse
1584 5606 1771 5646 cause-

262 5814 309 5844 "
335 5813 498 5869 Phot.
523 5813 661 5869 Bibl.
696 5814 820 5868 cod.
849 5815 968 5869 ΗΟ.
1046 5815 1090 5846 ⁸⁷
1125 5829 1245 5885 pag.
1284 5815 1368 5869 78.

1463 5815 1510 5845 ⁸⁸
1537 5814 1632 5869 lib.
1666 5830 1696 5867 v
1727 5810 1952 5877 Histor.,
1978 5826 2097 5881 cap.
2126 5810 2219 5867 28.

1887 3419 2049 3474 mites
2084 3414 2298 3488 longius
2336 3426 2583 3488 vagatur.
2615 3416 2753 3488 Toto
2781 3421 2961 3488 autem
2997 3414 3054 3468 in
3099 3429 3262 3483 opere
3294 3430 3462 3488 argu-

1886 3497 2130 3544 mentum
2176 3485 2332 3543 suum
2381 3485 2489 3542 non
2533 3487 2724 3541 validis
2769 3485 3045 3553 certisque
3087 3486 3476 3539 tantummodo:-

1884 3559 2080 3628 probat
2122 3559 2607 3628 rationibuszised
2658 3556 2838 3610 varios
2871 3570 3107 3628 quoque
3159 3553 3463 3628 identidem-

1885 3625 2092 3700 spargit
2121 3631 2442 3699 eloquentia:
2468 3627 2748 3700 flosculos,
2792 3625 2990 3700 quibus
3017 3627 3230 3679 animos
3278 3625 3464 3700 legen-

1883 3693 2240 3762 tium'allicit,
2265 3707 2476 3753 recreat
2499 3706 2551 3752 et
2573 3693 2863 3752 demulcet.
2891 3693 3076 3764 Neque
3102 3702 3250 3749 certe
3275 3696 3466 3749 minus

1924 3777 2036 3822 rata
2064 3771 2132 3825 iis
2176 3786 2298 3825 esse
2324 3770 2483 3824 debet
2508 3783 2720 3823 summa
2766 3767 3096 3835 minimeque
3126 3764 3366 3833 vulgaris
3392 3765 3461 3818 il-

1906 3841 1990 3895 ius
2018 3841 2272 3906 eruditio,
2323 3854 2429 3908 qua
2461 3839 2653 3908 plenus
2692 3844 2777 3892 est
2809 3836 2895 3890 hic
2930 3836 3086 3908 liber,
3131 3844 3184 3908 et
3219 3835 3466 3908 undique

1883 3911 2299 3985 refertissimus.
2340 3906 2502 3985 Hanc
2545 3915 2896 3985 autemncum
2939 3907 3068 3975 styli
3110 3906 3460 3985 elegantiam,

1883 3987 1997 4032 tum
2053 3982 2236 4048 operis
2283 3979 2646 4035 eruditionem
2699 3976 2959 4040 Photius,
3015 3976 3302 4048 utriusque
3359 3987 3468 4029 nec

1880 4045 2126 4118 iniquus,
2179 4066 2282 4105 nec
2330 4049 2615 4118 imperitus
2667 4048 2992 4104 aestimator.
3040 4047 3177 4100 scite
3226 4045 3459 4100 adnota-

1879 4122 1960 4173 vit
1985 4119 2049 4174 σί.

1949 4257 2096 4312 Duos
2122 4271 2285 4327 porro
2307 4256 2536 4325 hujusce
2557 4255 2740 4327 operis
2763 4254 2982 4327 Graecos
3006 4253 3239 4327 codices
3264 4268 3462 4327 m_anu—'

1879 4323 2287 4398 scriptos—nacti
2321 4323 2530 4398 sumus.
2561 4323 2727 4398 Prior
2754 4334 2840 4382 est
2887 4325 3068 4395 Regiae
3114 4324 3458 4398 bibliothecae

1877 4409 1931 4453 et
1955 4393 2276 4452 venerandae
2305 4395 2649 4466 antiquitatis
2674 4396 2830 4460 liber,
2863 4398 2918 4450 in
2947 4393 3055 4465 quo
3079 4395 3328 4464 quaedam
3354 4393 3455 4448 ιιι-ο

1879 4468 2326 4538 stiniMartyris,
2367 4466 2747 4538 Athenagorze,
2792 4468 3140 4538 aliorumque
3186 4480 3455 4538 quorum-

1877 4541 2001 4594 dam
2026 4535 2273 4602 Patrum,
2309 4551 2455 4591 anno
2486 4535 2710 4599 Christi,
2739 4538 2820 4590 uti
2869 4537 3000 4591 alibi
3032 4535 3292 4598 diximus,
3324 4535 3458 4597 9M,

1877 4609 2153 4676 descripta
2200 4616 2332 4663 sunt
2383 4609 2448 4660 ".
2503 4606 2868 4676 Posteriorem
2914 4621 3045 4660 vero
3092 4621 3156 4676 ex
3215 4604 3456 4676 Parisini

1879 4677 1995 4734 RR.
2031 4674 2134 4732 ΡῬ.
2191 4678 2469 4735 societatis
2500 4675 2630 4732 Jcsu
2665 4677 2879 4748 collegii
2912 4675 3238 4730 bibliotheca
3260 4674 3353 4748 AR.
3389 4674 3455 4732 P.

1880 4749 2192 4804 Harduinus
2219 4763 2317 4819 pro
2340 4763 2492 4802 more
2518 4762 2618 4819 suo
2645 4746 2932 4819 nobiscum
2958 4761 3220 4819 perquam
3258 4746 3454 4799 huma-

1879 4821 2107 4876 nissime
2133 4816 2576 4875 communicavit.
2600 4817 2648 4871 ls
2675 4832 2841 4886 porro
2873 4817 3012 4871 liber
3043 4819 3100 4870 in
3131 4816 3322 4869 charta
3351 4831 3457 4884 pa-

1878 4906 2110 4961 pyracea
2141 4897 2417 4961 exaratus,
2462 4887 3049 4961 recentiorisquidetn
3090 4894 3173 4940 est
3199 4900 3410 4961 Amanus
3434 4905 3455 4940 ε

1878 4956 1974 5016 sed
2006 4961 2190 5029 plures
2233 4959 2287 5012 in
2320 4974 2407 5022 eo,
2451 4956 2921 5029 quemadmodum
2940 4957 2998 5010 in
3030 4956 3324 5024 superiori,
3355 4969 3454 5008 va-

1878 5031 1973 5085 ria:
1997 5027 2322 5084 exhibentur
2361 5027 2642 5092 lectiones,
2671 5042 2808 5096 quas
2854 5027 3301 5096 aliquandocum
3329 5039 3456 5096 sese

1877 5101 2096 5155 occasio
2119 5098 2350 5161 dederit,
2380 5114 2476 5168 per
2501 5113 2625 5160 nos,
2651 5093 2738 5152 vel
2767 5113 2870 5168 per
2889 5093 3044 5168 alios,
3072 5095 3165 5164 qui
3192 5093 3453 5149 recuden-

1875 5171 1961 5225 dis
2000 5169 2296 5225 Clementis
2323 5167 2496 5222 nostri
2527 5167 3079 5222 commentationibus
3107 5178 3328 5233 operam
3358 5179 3454 5216 na-

1873 5253 2002 5294 vare
2029 5239 2321 5302 voluerint,
2351 5239 2553 5308 publici
2579 5238 2720 5306 juris
2759 5237 3038 5308 faciemus.
3071 5233 3129 5288 in
3160 5234 3455 5308 utriusque

1873 5313 2038 5365 etiam
2083 5304 2440 5378 manuscripti
2481 5304 2686 5362 codicis
2732 5307 3068 5378 marginibus
3101 5304 3351 5378 quaedam
3381 5304 3452 5378 ad

1873 5381 2195 5453 obscuriora
2243 5374 2570 5433 Clementini
2612 5384 2792 5453 textus
2837 5374 2955 5430 loca
2999 5375 3246 5453 breviter
3273 5374 3451 5453 expli-

1874 5452 2048 5505 canda
2107 5450 2335 5519 adjectae
2389 5458 2516 5503 sunt
2563 5449 2783 5519 notulaa.
2823 5462 2894 5519 ex
2943 5445 3144 5519 quibus
3195 5444 3452 5519 plurima!

1873 5521 1940 5594 ad
1993 5513 2472 5594 calcem__operum
2522 5517 2767 5587 ejusdem
2811 5513 3110 5594 Clementis
3164 5513 3361 5594 nostri,
3415 5526 3448 5594 ti

1871 5588 2134 5646 Centiano
2188 5584 2419 5645 Herveto
2464 5584 2811 5652 excusorum,
2862 5585 3021 5640 edita:
3072 5594 3224 5641 sunt.
3274 5584 3346 5636 At
3397 5584 3447 5637 si

2331 5809 2376 5840 δ’
2402 5808 2496 5862 lib.
2521 5824 2573 5862 vi
2607 5805 2838 5868 liistor.,
2875 5820 2996 5876 cap.
3027 5805 3115 5866 l5,
3147 5811 3200 5859 et
3232 5803 3444 5873 Evang.

196 5900 360 5956 pnep.
390 5885 488 5941 lib.
517 5901 575 5954 ιι,
605 5901 726 5956 cap.
758 5885 814 5953 2,
848 5900 971 5958 pag.
999 5885 1089 5941 δι.
1126 5876 1142 5885 ’
1166 5876 1330 5940 πω).
1359 5885 1654 5960 ᾱεεβοιδίρι.
1685 5883 1820 5939 eccl.
1849 5923 1864 5952 ,
1887 5876 1944 5938 c.
1972 5876 2062 5937 48:
2139 5883 2180 5913 “
2217 5879 2370 5934 Phot.
2395 5877 2696 5946 Bihl.,cod.
2737 5876 2860 5931 lli}.
2939 5877 2984 5908 θ’
3017 5891 3138 5947 sup.
3176 5876 3279 5932 lib.
3310 5889 3373 5927 ti.
