3848 6534
509 388 625 446 311

1157 389 1224 443 1N
1266 387 1692 446 CLEMENTEM
1732 387 1938 444 ALEX.
1979 386 2042 440 Ι).
2084 385 2173 440 LE
2210 385 2499 444 NOURBY
2541 385 2999 444 DISSERTATIO
3039 386 3082 447 1.

3637 395 3741 450 819.

515 507 792 578 disputare
814 508 880 572 ”,
908 522 968 562 ac
993 507 1242 564 eumdem
1280 511 1348 565 ab
1377 526 1443 565 eo
1471 519 1662 566 testem
1701 509 1871 573 citari
1890 507 2075 578 Philo-
2107 514 2146 570 Λ
2179 507 2320 564 dicio
2355 507 2740 577 permittimus,
2768 507 2903 561 nihil
2930 506 3194 564 audemus
3222 507 3360 563 certi
3387 506 3586 578 aliquid
3613 525 3738 564 con-

513 577 766 651 citurum?
797 578 880 651 De
901 579 1005 632 hoc
1034 588 1210 633 autem
1240 580 1490 651 Neptuno
1519 581 1729 635 medico
1756 577 1961 649 aliquid
1994 579 2076 632 in-

510 648 593 701 fra
627 647 802 702 adhuc
833 648 1065 703 dicetur.

565 717 752 786 'Negat
792 719 1276 788 postealiervctus
1316 721 1434 775 sine
1474 718 1873 775 emendationis
1907 715 2082 770 Graeci

510 789 742 862 alicujus
769 790 1129 862 mamiseripti
1160 791 1364 844 auxilio
1396 805 1555 862 posse
1591 789 1928 862 medicinam
1955 788 2082 862 huic

509 858 797 925 desperato
829 857 1126 915 Clementis
1174 862 1351 915 nostri
1397 857 1520 916 loco
1563 859 1829 922 adhiberi,
1877 858 1969 910 ubi
2017 857 2083 911 de

509 930 736 1000 deorum
781 929 1095 984 simulacris
1129 931 1208 985 sic
1238 931 1459 986 disserit
1479 931 1522 962 ⁸⁵
1551 949 1562 983 :
1596 928 1660 1000 Ίίί
1688 928 1794 1000 γᾲρ
1837 927 2080 1000 ἡγεῖσθε,

507 992 551 1070 ᾧ
595 998 891 1070 ᾷνθρῳποι,
922 1000 1012 1051 τὸν
1056 1001 1307 1068 Τυφῶνα,
1341 1002 1433 1054 καὶ
1463 1001 1552 1070 τρν
1593 992 1820 1070 Ἑρμῆν,
1852 992 2083 1070 idem

522 1067 825 1141 ξΑνᾷφέίδην
848 1072 985 1141 tua".
1031 1070 1118 1122 τὸν
1152 1067 1459 1141 ⁴Αμύητονς
1487 1068 1560 1141 ill
1599 1067 1755 1141 πάίλτί
1790 1085 1878 1141 μτῳ
1921 1067 2082 1141 δῆλον

510 1138 593 1211 ξιτι
621 1137 820 1211 λίθους,
857 1138 1044 1210 ὥσπερ
1076 1141 1170 1192 καὶ
1207 1137 1300 1211 Ξὺν
1325 1137 1580 1211 ξἘρμῆνς
1620 1158 1636 1189 ι
1663 1138 1805 1211 Quid
1846 1137 2016 1211 enim,
2049 1152 2082 1190 ο

514 1208 784 1280 homines,
831 1207 1156 1264 existimatis
1205 1207 1518 1280 Typhonem
1559 1216 1612 1262 et
1659 1207 1988 1280 Mercurium
2029 1215 2083 1280 et

510 1277 952 1349 Andocidem,et
997 1277 1314 1349 Amyetum?
1357 1278 1438 1332 An
1485 1293 1593 1332 non
1640 1278 2081 1349 cuilibet__maui-

514 1348 712 1401 festum
744 1357 828 1404 est
874 1346 1250 1418 lapides'esse
1293 1364 1410 1413 eos,
1463 1350 1606 1404 sicut
1655 1350 1817 1404 etiam
1868 1346 2082 1418 Mercu-

511 1418 733 1470 rium?»
779 1417 976 1488 Eodem
1027 1419 1183 1488 plane
1233 1419 1395 1473 modo
1439 1419 1527 1473 hic
1575 1419 1730 1473 locus
1772 1419 1825 1471 in
1870 1417 2082 1473 duobus

513 1489 720 1542 nostris
764 1487 948 1541 Grmca
981 1504 1146 1558 manu
1176 1491 1412 1543 exaratis
1451 1489 1736 1543 codicibus
1778 1503 2083 1558 repraesen-

512 1565 680 1629 tatur,
713 1559 814 1612 nisi
850 1557 991 1627 quod
1027 1574 1124 1627 pro
1157 1559 1388 1629 Τυφῶνα
1417 1561 1510 1612 καὶ
1541 1559 1631 1629 τὸν
1672 1557 1898 1629 Ἑρμῆν,
1945 1560 2077 1612 siru-

552 1628 707 1701 licius
751 1629 982 1701 habeant
1033 1627 1266 1701 ’ζυφῷνα
1316 1630 1543 1701 Ἑρμῆν.
1590 1628 1705 1694 Qua
1737 1627 2080 1701 quidemLex

532 1698 745 1770 ectione
768 1700 867 1751 etsi
902 1714 1008 1752 non
1046 1698 1261 1770 facilius
1285 1698 1448 1770 quam
1479 1716 1545 1770 ex
1579 1703 1748 1753 altera
1776 1714 1939 1753 verus
1969 1698 2083 1753 Cle-

509 1769 710 1838 mentis
735 1783 928 1838 sensus
956 1769 1217 1836 cxplicari
1245 1769 1406 1838 posse
1429 1769 1698 1833 videatur,
1721 1785 1784 1823 ex
1811 1784 1874 1823 ea
1900 1777 2078 1823 tamen

509 1836 773 1921 discimus
839 1837 1194 1921 Typhonem;
1237 1836 1302 1894 ac
1358 1839 1587 1921 proinde
1641 1839 2081 1921 Andocidemhet
2116 1867 2156 1921 Β

508 1905 820 1980 Amyetum,
855 1905 956 1962 tria
993 1925 1115 1980 esse
1146 1905 1399 1965 Mercurii
1437 1910 1782 1980 cognomina.
1811 1908 1946 1963 Tota
1982 1909 2082 1980 ita-

508 1992 621 2050 que
659 1977 946 2033 diﬂicultas
991 1979 1045 2032 in
1088 1981 1290 2050 triplici
1337 1981 1432 2036 illo
1478 1977 1700 2035 nomine
1759 1979 2082 2050 exponendo

549 2049 685 2102 osita
713 2055 817 2101 est.

507 2062 913 2188 poiiapiidium
948 2118 1014 2173 de
1054 2117 1325 2174 Mercurio
1363 2119 1665 2184 Andocidc,
1714 2125 1773 2171 ut
1817 2117 2082 2175 Hervctus

510 2197 659 2244 recte
689 2189 972 2252 observat,
1006 2189 1209 2258 aliquid
1251 2192 1305 2244 in
1336 2189 1620 2244 Eschinis
1651 2197 1841 2258 contra
1872 2188 2082 2242 Timar-

510 2261 672 2313 chum
706 2259 953 2312 oratione
981 2257 1277 2314 invenitur.
1311 2259 1433 2314 Haec
1457 2260 1603 2315 enim
1641 2268 1769 2313 sunt
1802 2257 2082 2316 Eschinis

509 2330 678 2400 verba
703 2329 747 2359 ⁸⁸
777 2347 788 2381 :
831 2348 847 2379 ‹
878 2327 1046 2400 [ﬁdes
1084 2330 1139 2382 in
1179 2330 1396 2393 colono,
1427 2345 1549 2400 qua:
1577 2328 1863 2384 dainioniis
1891 2329 2083 2384 dican—

509 2407 622 2460 tur,
663 2399 856 2470 falsum
909 2399 1114 2470 habere
1164 2399 1726 2470 cognomen;neque
1767 2400 1912 2470 enim
1960 2415 2082 2456 esse

511 2469 794 2524 daemonis.
831 2467 1031 2540 Deinde
1059 2467 1414 2540 Mercurium,
1447 2469 1539 2540 qui
1571 2467 1877 2540 Andocides
1922 2485 2084 2525 voce-

435 2605 438 2608 ,
511 2550 624 2601 tur,
671 2553 926 2608 non_csse
955 2538 1278 2599 Andocidis.
1327 2541 1423 2595 sed
1455 2538 1661 2608 Egeize
1690 2539 1868 2593 tribus
1914 2540 2082 2594 dena-

511 2611 678 2662 rium.
706 2629 723 2661 ι
758 2606 988 2681 Quidam
1008 2609 1188 2681 igitur
1225 2610 1459 2681 aliquem
1500 2606 1837 2664 Andocidem
1873 2609 2084 2666 Mercu-

510 2681 652 2733 rium
683 2694 805 2733 esse
837 2678 1206 2735 crediderunt.

584 2751 656 2800 De
684 2752 909 2818 Amyeto
940 2758 1122 2802 autem
1164 2749 1314 2804 addit
1345 2749 1613 2809 llervetus
1644 2769 1659 2808 :
1697 2771 1718 2805 ι
1742 2750 1881 2818 Quid
1925 2741 2092 2805 intel-°

511 2820 663 2894 ligat,
699 2820 904 2882 nescio,
937 2819 1079 2872 sitne
1129 2819 1373 2895 ἀμύητος
1434 2823 1710 2895 mysteriis
1754 2823 2083 2895 non_init_ia-

509 2891 629 2954 tus;
662 2905 735 2962 an
779 2904 975 2962 nomen
1030 2892 1378 2962 proprium.)
1400 2891 1508 2962 ‘Ei
1544 2893 1664 2962 ejus
1696 2893 1884 2962 procul
1914 2891 2082 2945 dubio

511 2959 774 3013 memoria
801 2959 1097 3030 exciderat,
1124 2975 1182 3016 se
1212 2959 1355 3030 apud
1387 2959 1672 3017 Girald'um
1696 2959 1761 3029 ⁸⁷,
1793 2977 1951 3030 quem
1983 2972 2084 3016 Sic-4

510 3030 736 3104 pissime
764 3031 917 3091 citat,
943 3029 1458 3104 aliquaiido’leg‘isse
1486 3033 1748 3104 ἀμύητον,
1779 3029 1832 3104 id
1862 3042 1945 3084 est
1974 3047 2082 3085 non

511 3098 786 3153 initiatum
816 3107 869 3152 et
897 3098 1293 3172 profanum,ita
1321 3098 1582 3172 Mercurii
1625 3098 1912 3172 proprium
1960 3117 2084 3157 esse

510 3185 840 3235 cognomen;
875 3171 1338 3232 tit-Athenienses,
1365 3179 1502 3228 teste
1535 3171 1825 3238 Favorino,
1848 3179 2080 3225 statuam

509 3243 614 3310 ipsi
660 3239 981 3310 eonomine
1030 3240 1085 3293 in
1131 3239 1384 3310 Acropoli
1447 3243 1756 3298 statuerint.
1812 3241 2080 3296 Prmterea

509 3309 772 3383 Erasmus
803 3309 892 3383 ubi
926 3309 994 3383 de
1021 3310 1124 3383 hoc
1155 3309 1348 3383 adagio
1387 3313 1593 3383 Ἐρμῆς
1639 3312 1933 3383 ἀμύθητος,
1979 3311 2081 3365 hoc

509 3390 593 3436 est
639 3379 940 3451 Mercurius
983 3380 1186 3444 infans,
1234 3379 1317 3434 vel
1348 3379 1612 3451 elinguis.
1667 3379 1760 3434 aut
1805 3379 2079 3444 indoctus,

510 3465 819 3521 sermonem
858 3450 1111 3521 instituit,
1140 3466 1249 3521 nos
1275 3450 1526 3505 admonet
1555 3454 1606 3506 in
1638 3453 1870 3521 vulgatis
1901 3466 2082 3505 exem-

509 3519 754 3590 plaribus
792 3518 891 3590 legi
926 3519 1186 3590 ἀμύητος.
1220 3519 1374 3586 Quod
1406 3522 1624 3590 quidem
1661 3518 1869 3576 irovnice
1899 3529 1954 3575 et
1987 3536 2084 3590 per

512 3589 873 3656 antiphrasim
905 3589 1110 3642 dictum
1152 3605 1275 3644 esse
1309 3589 1469 3645 nemo
1497 3592 1725 3645 dubitat.
1763 3591 1898 3657 Quis
1933 3589 2081 3644 enim

510 3659 894 3731 mysteriorum
915 3661 1104 3731 magis
1137 3675 1342 3731 gnarus
1367 3670 1420 3716 et
1449 3662 1652 3726 sciens,
1678 3678 1841 3731 quam
1871 3658 2082 3715 Mercu-

511 3727 630 3797 rius
659 3729 884 3782 deorum
915 3727 1220 3797 interpres?

582 3796 832 3871 Tertium
872 3796 1070 3871 itaque
1111 3806 1279 3852 restat
1326 3798 1605 3870 Typhonis
1659 3814 1892 3871 nomen,
1934 3801 2081 3871 quod

509 3878 660 3941 certe
709 3868 923 3941 duo’bus
953 3869 1077 3941 aliis
1122 3868 1611 3941 explicatu’longe
1663 3868 2075 3941 difiicilius'est.

512 3938 729 3992 Scimus
757 3937 976 4009 quidem
1009 3939 1149 4009 ha_nc
1189 3940 1402 3994 licrveti
1437 3937 1606 3996 fuisse
1633 3940 1940 4009 opinionem
1966 3941 2081 3995 Cle-

510 4019 742 4081 mentem
775 4006 932 4076 loqui
957 4009 1027 4081 de
1061 4006 1317 4078 Typhone
1359 4013 1594 4081 gigante,
1638 4006 1810 4081 cujus
1825 4010 2082 4081 frequens

511 4079 656 4146 apud
685 4087 895 4150 poetas_
919 4079 1166 4150 aliosque
1197 4078 1493 4149 scriptorcs
1525 4081 1747 4134 mentio.
1780 4078 1884 4135 Sed
1913 4078 2079 4150 quor-

509 4164 630 4219 sum
664 4146 825 4215 hujus
853 4146 1154 4219 Typhonis,
1182 4151 1273 4219 qui
1310 4146 1442 4203 nihil
1472 4151 1541 4204 ad
1571 4166 1684 4204 rem
1716 4167 1870 4205 suam
1903 4146 2082 4204 facere

508 4218 816 4290 videbatur,
849 4217 940 4271 ille
971 4217 1347 4290 meminisset?
1395 4220 1619 4275 Rectius
1650 4221 1830 4290 itaque
1871 4236 1936 4274 ex
1968 4237 2082 4273 ma-

509 4289 811 4358 nuscriptis
857 4289 1143 4358 codicibus
1185 4292 1390 4344 nostris
1439 4291 1701 4345 discimus
1743 4289 2080 4345 Mercurium

511 4357 749 4425 aliquem
802 4359 904 4410 hoc
953 4357 1233 4427 Typhonis
1264 4362 1485 4415 nomine
1533 4360 1702 4414 fuisse
1757 4361 2076 4414 vocitatum.

509 4427 644 4492 Quis
673 4435 850 4480 autem
885 4427 974 4481 ille
1022 4430 1203 4493 fuerit,
1235 4437 1295 4482 .et
1339 4440 1519 4484 utrum
1553 4431 1658 4483 hoc
1697 4445 1895 4484 nomen
1941 4447 1970 4483 a
2016 4431 2081 4482 li-

507 4497 708 4551 brariis
753 4498 1180 4551 amanuensibus
1209 4507 1354 4554 recte
1383 4500 1644 4562 scriptum
1690 4500 1782 4562 sit,
1826 4501 1968 4554 haud
2003 4499 2083 4552 fa-

509 4568 626 4640 cile
654 4567 893 4621 dixeris:
931 4567 1070 4640 nihil
1097 4569 1249 4640 enim
1270 4585 1371 4624 nos
1398 4571 1464 4640 de
1495 4567 1596 4624 hoc
1645 4569 1905 4640 Typhone
1941 4571 2081 4624 Mer-

509 4635 665 4706 curio
702 4638 966 4706 comperti
1004 4638 1205 4706 aliquid
1242 4639 1520 4694 invenisse
1563 4635 1795 4706 ingenue
1828 4640 2078 4694 fatemur.

509 4707 579 4759 At
607 4705 800 4761 Cicero
830 4705 919 4760 ubi
941 4705 1207 4775 triplicem
1232 4709 1558 4764 Mercurium
1593 4705 1762 4764 fuisse
1793 4719 2081 4776 memorat,

508 4777 583 4830 ibi
629 4784 887 4830 testatum
927 4777 1115 4846 utique
1162 4778 1291 4831 facit
1343 4779 1641 4834 secundum
1687 4779 1907 4833 nomine
1951 4778 2074 4832 Tri-

509 4847 694 4919 phonii
729 4846 987 4916 appellari
1011 4865 1090 4919 ei
1122 4847 1445 4919 Mercurius,
1490 4849 1664 4919 inquit
1705 4850 1794 4904 ille
1839 4849 1908 4912 ⁸⁸,
1940 4865 2082 4905 unus

506 4915 658 4970 leo
709 4915 893 4986 patre.
915 4957 964 4972 ..
993 4916 1143 4971 Alter
1177 4917 1418 4976 Valentis
1447 4929 1499 4974 et
1539 4915 1864 4975 Phoronidis
1912 4919 2078 4983 filius,

507 4988 554 5060 is
587 4988 677 5060 qu_i
729 4988 832 5042 sub
869 4987 1030 5060 terris
1067 4987 1316 5060 habetur,
1351 4990 1492 5044 idem
1527 4989 1894 5060 Trophonius.
1948 4990 2082 5045 Ter-

506 5057 615 5112 tius
639 5055 770 5111 Jove
803 5058 1018 5129 tertio.»
1047 5066 1153 5112 etc.
1194 5059 1292 5112 Hic
1324 5069 1505 5113 autem
1537 5055 1724 5116 Latine
1749 5059 2081 5129 Triphonius

507 5143 613 5179 una
640 5136 702 5200 et
722 5127 1102 5200 altera‘littera
1134 5145 1165 5182 a
1201 5131 1459 5200 librariis;
1474 5145 1727 5200 perverse
1755 5127 1862 5200 ισ
1890 5131 2083 5200 immu-

504 5205 649 5271 tata,
695 5198 837 5251 idem
886 5195 1121 5252 fortasse
1167 5209 1281 5252 erat
1300 5214 1376 5271 mae
1424 5195 1614 5271 Gi'zece
1665 5195 1910 5271 Tyﬁion.
1944 5199 2078 5253 Cum

502 5268 653 5320 varia
699 5277 877 5320 tamen
910 5282 974 5320 ac
1018 5270 1409 5338 propemodum
1470 5268 1809 5335 infinita,'ut
1853 5271 2082 5338 ipsemet

504 5338 760 5391 Clemens
809 5345 1042 5408 testatur
1066 5337 1132 5400 °’,
1182 5337 1386 5392 fuerint
1428 5339 1804 5408 hujuscemodi
1851 5337 2078 5393 deorum

501 5409 850 5476 cegnomiua,
892 5407 958 5460 de
992 5406 1143 5462 hisce
1177 5406 1529 5477 conjecturis,
1563 5425 1700 5478 quas
1735 5411 1966 5462 aliorum
1992 5409 2081 5478 ju—

577 5621 634 5693 ‘7‘7
651 5623 789 5676 infra
816 5639 936 5693 cap.
975 5625 1061 5678 15.

504 5707 558 5765 p.
578 5692 704 5746 29L
779 5695 824 5725 ⁸³
850 5692 944 5748 lib.
975 5709 1036 5746 ιιι
1058 5693 1130 5748 De
1158 5692 1353 5748 natura
1384 5695 1558 5765 deor.,
1579 5692 1703 5765 pag.
1728 5695 1854 5749 248.

505 5763 734 5820 Strom.,
767 5776 890 5831 pag.
927 5765 1050 5817 551.

1148 5767 1194 5794 ν’
1231 5766 1324 5820 lib.
1359 5781 1394 5818 ιι
1431 5762 1809 5834 8ιΓοιὶι.,ἰ);ιε.
1845 5765 1973 5821 56⁸7.

505 5831 628 5884 cod.
663 5831 779 5882 111.

855 5835 898 5865 ντ
930 5832 1130 5888 Euseb.
1163 5834 1258 5889 lib.
1296 5851 1353 5888 ιιι
1390 5834 1616 5902 liistor.,
1643 5832 1880 5906 capI23.

2111 3218 2152 3278 C

2185 580 2431 633 stituere.

2250 647 2435 718 Neque
2465 655 2548 702 est
2575 648 2720 718 quod
2750 647 2910 702 nobis
2951 649 3151 718 aliquis
3180 646 3407 716 obiiciat
3442 660 3508 718 ea
3526 648 3586 718 isi
3622 650 3730 704 sint

2183 716 2438 773 Mercurii
2477 716 2826 788 cognomina,
2883 716 3132 774 inutilem
3185 719 3261 772 ibi
3319 718 3434 772 fore
3494 717 3739 774 Mercurii

2183 790 2580 858 repetitionem.
2615 788 2839 858 Etenim
2875 789 2979 842 alia
3015 789 3142 844 huic
3173 805 3282 842 non
3320 791 3482 858 plane
3525 789 3740 843 absimi-

2184 857 2258 912 lis
2280 860 2449 930 prius
2483 858 2768 930 occurrit,
2791 857 2999 930 ubiude
3039 857 3572 930 Apollinis’oraculis
3604 859 3739 930 hunc

2185 927 2375 983 scribit
2409 931 2459 982 iu
2487 927 2706 981 modum
2729 929 2774 960 ”
2799 947 2811 982 :
2845 947 2864 979 ‹
2896 927 3067 983 Narra
3090 927 3260 984 nobis
3289 930 3396 982 alia
3421 944 3635 998 quoque
3663 929 3740 984 di-

2184 999 2498 1057 vinationis.
2523 999 2606 1053 vel
2630 999 2838 1069 insana:
2863 1001 3044 1069 potius
3073 999 3334 1053 vanitatis
3364 1001 3606 1062 oracula,
3629 998 3738 1053 Cla-

2183 1069 2346 1135 rium,
2382 1069 2668 1140 Pythium,
2705 1067 3036 1140 Didymzeum
3059 1111 3074 1135 ,
3106 1069 3503 1140 Amphionem,
3545 1069 3737 1140 Apolli-

2183 1155 2327 1192 nem.
2361 1158 2379 1190 ι
2434 1139 2653 1208 Scimus
2693 1139 2910 1208 quidem
2965 1139 3244 1196 nonnullis
3297 1141 3475 1192 visum
3515 1139 3739 1194 ex’Cleo

2184 1209 2428 1262 mentino
2457 1216 2606 1262 textu
2625 1207 2908 1263 delendam
2940 1225 3062 1264 esse
3090 1211 3230 1264 hanc
3261 1209 3508 1263 ultimam
3536 1223 3736 1264 vocem.

2187 1277 2292 1333 Sed
2322 1279 2545 1332 omnino
2576 1294 2880 1348 perperam.
2916 1279 3010 1334 Illa
3044 1281 3188 1334 enim
3224 1295 3333 1335 non
3365 1279 3539 1332 solum
3566 1279 3732 1333 edito-

2186 1364 2306 1402 rum
2353 1349 2958 1418 mauuscriptorumque
2989 1350 3240 1404 codicum
3285 1356 3622 1413 nostrorum,
3654 1364 3737 1403 ve-

2185 1434 2305 1473 rum
2339 1419 2503 1472 etiam
2552 1418 2792 1480 Eusebii,
2823 1421 2916 1488 qui
2957 1420 3102 1473 hunc
3141 1419 3440 1474 Clementis
3469 1418 3640 1474 nostri
3666 1420 3736 1474 lo-

2184 1504 2305 1544 cum
2342 1490 2524 1543 retulit
2556 1496 2704 1544 certa
2737 1490 3057 1544 auctoritate
3077 1492 3453 1544 confirmatur.

2253 1557 2616 1624 Quamobrem
2651 1559 2698 1612 si
2734 1561 2820 1613 cui
2844 1573 3028 1614 nostra
3052 1559 3164 1614 hare
3193 1561 3480 1614 verborum
3506 1556 3737 1626 ejusdem

2185 1630 2427 1682 auctoris
2453 1630 2628 1684 nostri
2658 1631 2948 1699 explicatio
2976 1630 3243 1692 arriserit,
3277 1629 3405 1683 inde
3433 1644 3571 1699 sane
3607 1628 3740 1682 haud

2184 1699 2470 1771 diﬂiei_liter
2513 1696 2743 1771 colliget
2780 1717 3001 1771 sensum
3035 1701 3180 1754 illius
3213 1715 3337 1755 esse
3383 1709 3495 1754 tres
3526 1696 3732 1771 Mercu-

2184 1772 2296 1850 rios
2329 1769 2672 1850 Typhonem,
2699 1769 3046 1850 Andocydem
3088 1780 3141 1824 et
3180 1769 3669 1850 AldWClliﬂlLSqu-l.
3694 1775 3740 1850 et

2183 1840 2274 1894 ille
2299 1838 2392 1910 qui
2429 1839 2729 1895 Mercurius
2761 1838 3081 1910 simpliciter
3101 1838 3424 1903 vocabatur,
3439 1839 3572 1894 nihil
3597 1838 3738 1910 aliud

2183 1909 2407 1964 omnino
2439 1926 2581 1973 esse,
2606 1925 2767 1980 quam
2806 1911 3012 1980 lapides
3041 1918 3094 1966 et
3127 1925 3281 1975 saxa,
3312 1925 3434 1980 qua:
3462 1909 3609 1964 omni
3647 1923 3734 1980 pe-

2186 1981 2336 2036 nitus
2371 1995 2535 2035 sensu
2570 1981 2830 2035 destituta
2859 1991 3034 2034 erant.

2254 2050 2498 2120 Paganos
2526 2067 2689 2121 porro
2719 2050 2784 2104 ad
2817 2049 3022 2106 Christi
3058 2050 3214 2105 fidem
3237 2049 3371 2104 dum
3391 2047 3643 2121 Clemens
3672 2047 3739 2121 al-

2185 2119 2353 2175 licere
2382 2119 2635 2186 conatur,
2673 2122 2752 2176 sic
2788 2129 2979 2174 contra
3015 2136 3110 2176 eos
3152 2121 3400 2190 disputat
3421 2122 3462 2150 "
3497 2135 3508 2170 :
3542 2119 3619 2190 oo
3644 2119 3742 2190 γᾴρ

2183 2191 2248 2263 δὴ
2277 2190 2490 2263 -μύθῳ-
2511 2191 2608 2263 μὲν
2665 2191 2977 2263 emendare
3017 2187 3300 2263 stemmati?)
3344 2190 3436 2243 τὸν
3473 2187 3638 2263 -Μίνω
3663 2187 3741 2263 sbi

2184 2258 2374 2332 Κρἧεα
2401 2258 2492 2313 eos
2514 2258 2642 2332 ’Διὸς
2663 2261 2738 2324 ὼς
2766 2261 2984 2332 ἄριστον
3004 2258 3392 2332 ἀναγράφᾴιζτι.
3433 2277 3451 2310 ι
3473 2258 3589 2312 Non
3609 2260 3740 2332 enim

2185 2330 2408 2398 peetieze
2455 2331 2765 2387 credidistis
2806 2330 3032 2395 fabulae,
3091 2330 3212 2400 qam
3279 2330 3512 2384 Minoem
3563 2330 3742 2400 scribit

2183 2401 2500 2456 Cretensem
2525 2417 2682 2456 usum
2701 2417 2823 2456 esse
2841 2401 3094 2455 familiari
3111 2399 3265 2457 Jovis
3298 2399 3736 2455 consuetudine.»

2184 2472 2250 2526 At
2303 2473 2523 2541 quidam
2572 2473 2866 2527 Clementis
2914 2472 3236 2527 scholiastes
3296 2473 3463 2526 verba
3516 2469 3614 2541 illa
3667 2469 3734 2530 ὼς

2183 2539 2431 2613 ἀρισέᾳν,
2469 2557 2533 2596 ex
2580 2541 2814 2613 Homero
2857 2544 3185 2613 corrigenda
3234 2557 3359 2597 esse
3404 2539 3744 2613 p.!lla_l".___3¢

2193 2607 2477 2684 legendum
2513 2611 2786 2684 ὀαριστὴν,
2819 2612 2870 2667 id
2895 2622 2977 2684 e_s_t
3017 2607 3373 2684 discipulum
3399 2607 3489 2664 aut
3517 2607 3744 2684 familia-

2183 2678 2320 2744 rem,
2351 2683 2436 2737 vel
2475 2678 2882 2738 collocutorem.
2916 2682 3026 2737 Nec
3072 2678 3213 2736 male
3245 2681 3486 2751 quidem.
3517 2678 3652 2732 Nam
3693 2679 3743 2731 in

2185 2755 2578 2822 manuscriptis
2619 2753 2844 2818 nostris,
2875 2769 2982 2806 una
3014 2753 3253 2806 litterula
3279 2770 3312 2823 η
3357 2754 3423 2823 in
3447 2767 3475 2802 ο
3505 2753 3744 2823 δὴᾼθιιιει-

2185 2824 2377 2878 nu'ensi
2406 2819 2643 2891 librario
2659 2823 2798 2878 male
2825 2825 3127 2887 immutata,
3159 2819 3411 2891 ὀαριάτὸν
3453 2835 3552 2891 pro
3570 2819 3742 2891 ὀαριᾳ-

2183 2892 2280 2962 τὴν
2324 2893 2570 2963 legimus.
2608 2887 2674 2946 Et
2723 2892 2776 2945 id
2819 2902 2966 2948 certe
3015 2886 3408 2963 subsequentia
3455 2886 3742 2963 Clementis

2185 2959 2351 3016 verba
2381 2959 2682 3035 postulare
2700 2963 2968 3035 videntur.
3005 2961 3167 3035 Addit
3198 2959 3347 3035 enim
3372 2978 3386 3035 _:
3413 2979 3431 3012 ι
3459 2959 3628 3035 Nimis
3651 2973 3742 3035 iu.’

2186 3042 2292 3084 tem
2343 3027 2452 3086 non
2498 3033 2719 3087 creditis
2771 3031 2862 3086 Dei
2909 3049 3010 3086 nos
3043 3033 3212 3088 fuisse
3245 3031 3566 3100 discipulos.
3595 3047 3612 3080 ι
3651 3027 3743 3080 Mi-

2187 3118 2342 3156 noem
2372 3118 2502 3156 vero
2535 3104 2705 3157 fuisse
2732 3101 2882 3156 Jovis
2914 3103 3242 3172 discipulum
3280 3103 3412 3172 alibi
3443 3101 3596 3172 docet
3643 3114 3736 3151 au-

2186 3180 2306 3225 ctor
2335 3182 2558 3227 uoster:
2593 3193 2611 3224 ‹
2643 3173 2705 3226 Et
2727 3172 2956 3228 Minoem
2989 3169 3228 3228 referant
3259 3172 3326 3226 ad
3357 3169 3505 3224 Jovis
3535 3178 3740 3222 antrum

2185 3242 2512 3302 venientem.
2555 3259 2747 3298 novem
2804 3258 3069 3296 annorum
3122 3243 3303 3312 spatio
3355 3243 3498 3310 leges
3541 3255 3572 3294 a
3610 3237 3741 3312 dove

2184 3314 2462 3387 accepisse
2487 3313 2570 3387 ’_’._
2590 3333 2607 3364 ι
2657 3314 2720 3365 Et
2769 3329 2999 3387 rursum
3044 3307 3184 3367 libro
3237 3307 3488 3387 sequeuti
3520 3326 3532 3362 :
3563 3327 3581 3361 ι
3609 3307 3671 3371 Et
3701 3321 3743 3387 .a

2184 3380 2388 3452 Cra-cis
2441 3383 2748 3438 celebratur
2793 3399 2883 3438 rex
2936 3382 3146 3450 Minos,
3197 3380 3539 3452 qui—novem
3593 3380 3743 3434 annis

2184 3451 2522 3508 familiariter
2555 3469 2676 3508 cum
2701 3453 2832 3508 Jove
2854 3462 2932 3507 est
2969 3451 3300 3508 versatus".
3331 3471 3348 3504 ι

2258 3522 2314 3593 Si
2346 3538 2465 3593 qua:
2495 3525 2711 3576 tandem
2749 3525 2867 3577 aliae
2902 3531 3164 3578 notentur
3198 3519 3747 3593 Clementinihtextus

2186 3591 2239 3645 in
2270 3591 2376 3646 hac
2401 3595 2520 3662 ejus
2551 3593 2915 3646 Admonitiune
2946 3593 3390 3663 depravationes,
3427 3593 3493 3645 de
3532 3591 3637 3663 illis
3667 3591 3745 3642 in-

2183 3663 2287 3731 fra,
2325 3661 2667 3719 ubi’occasio
2712 3664 2948 3726 dabitur,
3004 3661 3104 3718 suo
3148 3667 3267 3718 loco
3326 3661 3745 3731 disputabimus.

2186 3730 2291 3786 Sed
2315 3748 2407 3788 eas
2444 3743 2625 3788 tamen
2660 3735 3158 3802 praetermittemus,
3186 3749 3317 3802 quae
3347 3730 3432 3786 vel
3459 3731 3741 3785 levissimae

2184 3811 2331 3864 sunt,
2367 3819 2467 3858 nec
2507 3797 2747 3860 aucto-ris
2804 3819 3026 3860 sensum
3070 3797 3309 3857 reddunt
3355 3803 3744 3863 obscuriorem,

2183 3874 2268 3928 vel
2303 3889 2426 3943 qua:
2454 3875 2603 3928 nulla
2629 3875 2894 3944 probabili
2922 3875 3132 3928 ratione
3162 3874 3472 3927 firmantur.

2698 3965 3100 4021 ARTICULUS
3139 3963 3230 4021 IV.

2185 4056 2316 4122 Quis
2345 4057 2503 4122 fuerit
2534 4057 2771 4113 Clemens
2805 4058 3022 4126 hujusce
3055 4056 3122 4110 ad
3153 4054 3370 4110 Graecos
3400 4052 3752 4126 Admonitio-

2253 4129 2360 4191 nis,
2397 4128 2701 4198 Paedagoczi,
2738 4125 3095 4198 Stroinatum,
3134 4125 3472 4195 aliarumque
3502 4125 3753 4198 lucubra-

2256 4199 2457 4251 tionum
2505 4196 2691 4252 au'ctor
2712 4238 2726 4262 ,
2775 4199 2863 4267 qui
2897 4197 3010 4266 ejus
3052 4205 3402 4266 praeceptores
3425 4235 3454 4267 ,_
3485 4196 3751 4267 quodnam

2254 4268 2413 4338 illius-
2444 4285 2633 4322 muuus
2665 4278 2713 4322 et
2745 4263 2986 4338 ofﬁcium,
3023 4263 3112 4320 ubi
3140 4276 3189 4320 et
3224 4263 3658 4335 iquomodofumc
3689 4263 3755 4316 ad

2251 4337 2463 4392 (ἔπεσσε
2491 4337 2930 4393 Admonitionem
2958 4338 3330 4405 composuerit.

2253 4427 2586 4484 Clementem
2643 4430 2872 4500 hujusce
2933 4429 3000 4483 ad
3045 4427 3266 4483 Graecos
3325 4424 3760 4500 Admonitionis,

2186 4499 2542 4568 aliarumque,
2576 4515 2696 4570 quae
2717 4497 2975 4568 deinceps
3005 4499 3386 4553 examinandae
3421 4506 3566 4561 sunt,
3604 4497 3762 4549 lucu-

2116 4552 2158 4608 D
2187 4552 2802 4626 brationu‘mvejrimret
2811 4552 3131 4639 genuinum
3163 4578 3448 4639 auctorem
3477 4552 3602 4639 esse
3631 4579 3760 4619 cum

1137 5625 1185 5660 ⁸³
1211 5640 1330 5694 pag.
1361 5624 1449 5678 64.
1526 5624 1573 5656 ⁸⁸
1597 5624 1739 5694 apud
1775 5625 2123 5682 Demosthen.
2153 5634 2292 5680 orat.
2323 5626 2375 5678 in
2411 5627 2715 5690 Timarch.,
2747 5645 2868 5698 pag.
2909 5627 3035 5681 8l7.

1158 5705 1351 5728 nul-Iro
1384 5695 1516 5728 dom-
1579 5711 1682 5728 mm
1728 5695 1833 5728 ΘΕΩ
1932 5699 1974 5728 U9
1994 5712 2095 5728 ...ειη
2150 5697 2215 5728 At:
2316 5697 2360 5726 ιο
2385 5713 2481 5728 ηηη
2530 5698 2562 5728 0
2660 5702 2701 5728 II
2732 5715 2833 5728 ...ιη
2888 5698 2955 5728 an

1976 5697 2236 5819 ,pa'g‘.66:
2316 5697 2360 5726 ’°
2384 5698 2582 5796 pag.'9.
2660 5702 2701 5732 ’ί
2732 5697 2854 5768 pag.
2888 5698 2977 5751 69.
3057 5701 3076 5728 '

2147 5767 2327 5822 ‘useb.
2367 5768 2462 5824 lib.
2495 5784 2544 5821 ιι
2578 5767 2807 5836 11›51οΓ.,
2842 5784 2963 5838 cap.
3000 5769 3080 5823 i3.

2186 4647 2422 4705 constet,
2465 4649 2755 4709 antequam
2810 4637 3041 4693 ulterius
3091 4637 3527 4709 progrediamur.
3565 4637 3691 4704 jam
3733 4648 3762 4685 a

2185 4710 2348 4763 nobis
2397 4710 2521 4779 quis
2568 4708 2658 4764 ille
2702 4710 2885 4771 fuerit,
2934 4709 3134 4779 sedulo
3165 4708 3613 4777 investigandum
3656 4711 3763 4779 est.

2185 4781 2268 4834 Ab
2298 4776 2430 4852 ejus
2457 4788 2638 4852 autem
2680 4781 2897 4852 nomiue
2929 4787 2987 4852 ut
3021 4778 3327 4852 ordiamur,
3361 4776 3462 4847 ipsi
3492 4776 3765 4852 quemad-

2186 4843 2407 4902 modum
2457 4848 2721 4918 Eusebius
2737 4850 2782 4880 ³⁸
2823 4848 3159 4918 Photiusque
3176 4850 3223 4884 ⁹⁶
3257 4843 3574 4902 testantur:
3613 4862 3634 4894 ι
3664 4843 3761 4896 Ti-

2185 4919 2295 4973 tius
2317 4919 2536 4973 Flavius
2560 4917 2809 4973 Clemens
2834 4938 2852 4971 )
2885 4917 3082 4972 nomen
3109 4927 3250 4983 erat,
3275 4931 3582 4986 cognomen
3609 4927 3767 4973 vero,

2187 4990 2232 5042 si
2279 4989 2454 5043 cidem
2499 4988 2734 5043 Eusebio
2802 4990 3178 5051 credideris",
3239 4985 3765 5040 «Alexandrinus.»

2185 5059 2304 5124 Quo
2355 5059 2573 5128 quidem
2637 5060 2960 5128 cognomine
3009 5058 3130 5112 ideo
3187 5058 3484 5127 insignitus
3527 5055 3772 5128 dicitur.

2186 5122 2270 5198 vel
2301 5122 2447 5198 quod
2493 5122 2820 5182 Alexandria
2863 5128 3150 5188 oriundus,
3189 5129 3272 5182 vel
3299 5122 3493 5196 'potius
3522 5122 3692 5193 quod
3717 5129 3772 5174 et

2185 5197 2240 5250 iu
2275 5197 2375 5252 hac
2408 5199 2539 5252 urbe
2581 5198 2672 5252 diu
2707 5208 3100 5259 commoratus,
3131 5205 3185 5252 et
3215 5199 3498 5266 presbyter
3516 5202 3777 5266 creatus

2189 5266 2371 5323 fuerit.
2419 5266 2538 5321 Non
2583 5269 2726 5322 enim
2777 5269 2850 5322 ita
2905 5279 3113 5322 certmn
3162 5264 3246 5321 est
3294 5264 3419 5320 eum
3459 5264 3528 5316 ibi
3569 5277 3776 5317 revera

2185 5349 2386 5413 ortum,
2416 5341 2557 5413 quin
2603 5341 2816 5413 plures,
2855 5347 2994 5394 teste
3030 5335 3368 5413 Epiphanio)
3413 5333 3777 5413 crediderim

2185 5400 2380 5475 patriar
2410 5400 2581 5462 fuisse
2603 5400 3011 5463 'Atheniensem
3043 5400 3181 5460 ε’Ὅν
3217 5405 3348 5474 φασί
3397 5420 3538 5464 τινες
3578 5400 3782 5468 Ἀλεξ-

3115 5627 3158 5658 ⁸⁷
3193 5625 3403 5681 Girald.
3431 5622 3688 5693 Syntag.
3727 5625 3786 5690 9,

3057 5701 3100 5728 "
3124 5695 3321 5757 Odyss.
3350 5711 3462 5748 nx.
3546 5695 3604 5724 "
3641 5695 3788 5750 lib.t

2316 5697 2360 5726 ’°
2384 5713 2502 5766 pag.
2530 5698 2582 5751 9.
2660 5702 2701 5732 ⁹¹
2732 5697 2854 5768 pag.
2888 5698 2977 5751 69.
3057 5701 3100 5728 ⁹¹
3124 5697 3321 5766 Odyss.
3350 5711 3462 5748 nx.
3546 5697 3604 5724 "
3641 5697 3788 5750 ωλι

2316 5807 2327 5818 .
2367 5768 2462 5824 lib.
2495 5784 2544 5821 γι
2578 5767 2807 5829 ll:stor..
2842 5784 2963 5829 cap.
3000 5769 3080 5823 i3.
3191 5768 3237 5798 ³⁵
3267 5766 3424 5820 Pbot.
3461 5762 3788 5829 Bibliotlru

2660 5702 2701 5732 ’ί
2732 5715 2854 5768 pag.
2888 5698 2977 5751 69.
