3922 6546
491 404 598 459 815

1156 403 1223 460 ΙΝ
1264 403 1687 460 CLEMENTEM
1723 402 1927 460 ALEX.
1961 403 2025 459 D.
2078 402 2166 458 LE
2198 402 2486 462 ΝΟυῆΒῖ
2518 401 2975 461 υιθεΕιιτΑτιο
3014 404 3057 464 1.

3658 410 3773 467 816

493 524 594 578 diti
640 534 1017 598 perceperunt.
1056 540 1180 580 mox
1220 544 1237 576 ι
1268 526 1616 591 incitatorio,
1645 546 1662 579 ι
1704 525 2057 598 παιδαγωγῷ,
2090 531 2133 587 Α
2161 536 2246 598 est
2291 527 2581 582 candidius
2628 534 2681 581 et
2717 526 2957 598 dulcius,
2986 525 3064 579 ita
3103 524 3237 598 nihil
3265 541 3389 581 esse
3409 541 3523 595 quo
3551 527 3773 584 melius

493 611 601 666 quo
661 598 859 666 prioris
916 596 1040 650 vita:
1093 604 1317 665 peccata
1361 605 1415 652 et
1462 598 1592 651 vitia
1631 598 1942 662 emendare,
2000 596 2064 652 ac

567 667 753 737 inceps
784 666 873 735 pie
902 666 1324 737 Cbristiancque
1368 667 1550 722 vivere
1584 667 1905 730 doceantur,
1939 682 2064 724 esse

496 736 891 791 informandus.
921 737 1207 807 I’wdagogi
1238 736 1439 807 quippe
1466 739 1514 793 is
1539 745 1624 793 est
1657 738 1801 799 finis.
1841 746 1902 793 ut
1945 739 2065 792 ani-

495 823 595 860 mae
625 808 834 861 morbis
863 807 1478 878 perturbationibusque
1509 809 1810 871 medeatur,
1834 824 2064 878 eamque

494 878 548 929 in
590 885 870 949 posterum
911 878 1130 943 virtute,
1177 879 1493 949 sanctisque
1529 879 1839 934 actionibus
1869 880 2059 934 melio-

493 962 609 1000 rem
642 947 860 1002 efliciat.

563 1017 668 1092 Qui
722 1028 906 1092 autem
963 1025 1113 1092 recte
1162 1034 1229 1073 eo
1292 1017 1571 1090 paedagogi
1629 1035 1859 1092 munere
1911 1019 2062 1092 fungi

493 1089 690 1155 possit,
739 1088 949 1141 nullum
995 1088 1161 1142 alium
1214 1088 1407 1145 auctor
1439 1088 1629 1145 noster
1676 1106 1800 1145 esse
1830 1090 1990 1153 docet
2012 1088 2058 1157 ἱ,

492 1172 653 1224 quam
701 1159 981 1231 Christum
1033 1157 1344 1231 Dominum,
1376 1159 1651 1231 qui_Patri
1702 1176 1802 1217 suo
1858 1173 2062 1217 aeterno

493 1243 709 1301 semper
737 1228 955 1301 similis,
970 1235 1037 1301 et
1063 1228 1204 1284 idem
1240 1246 1364 1285 cum
1392 1228 1456 1285 eo
1478 1229 1643 1295 Deus,
1677 1230 1842 1285 homo
1872 1239 2061 1301 postea

492 1296 692 1372 factus,
730 1299 827 1372 sed
869 1299 1004 1372 nulli
1040 1315 1286 1372 unquam
1330 1309 1577 1371 peccato,
1604 1302 1736 1355 nulli
1768 1296 2063 1372 reprehen-

499 1369 669 1440 §ioni,
698 1369 864 1424 nullis
885 1370 1054 1424 animi
1086 1369 1591 1440 perturbationibus
1619 1369 1889 1427 obnoxius
1933 1371 2056 1428 fuit.

489 1436 558 1491 Et
580 1454 708 1494 vero
738 1441 830 1495 ille
876 1456 988 1494 non
1016 1436 1191 1495 scium
1225 1442 1312 1497 his
1359 1443 1558 1497 divina:
1590 1451 1800 1498 natura:
1838 1451 1891 1497 et
1933 1458 2061 1500 san-

489 1509 784 1582 ctimoniae,
827 1525 990 1582 quam
1030 1526 1128 1567 nos
1156 1527 1185 1565 a
1219 1514 1458 1582 peccatis
1505 1513 1761 1569 omnibus
1808 1528 1933 1568 cum
1964 1530 2058 1569 vo—

489 1579 767 1654 luntariis,
794 1590 919 1654 tum
941 1579 1349 1654 involunta’riis,
1377 1584 1555 1653 quoad
1587 1583 1701 1638 ﬁeri
1731 1591 1930 1654 potest.
1967 1599 2060 1639 ca-

487 1652 666 1706 vendo
722 1651 923 1723 imitari
968 1650 1254 1723 debemus,
1313 1650 1573 1723 praeditus
1621 1650 1747 1710 eraf
1790 1655 2008 1711 dotibus
2042 1672 2056 1679 ‘

488 1735 675 1776 verum
705 1721 865 1776 etiam
889 1722 1038 1796 ne__in
1063 1723 1155 1776 illa
1187 1721 1405 1796 peccata
1438 1725 1813 1796 prolabamur,
1844 1741 2056 1781 summa

485 1805 614 1865 cum
644 1792 1063 1865 mansuetudine
1088 1792 1368 1862 prohibet;
1399 1792 1463 1849 ac
1512 1811 1679 1865 penes
1734 1797 1911 1865 ipsum
1965 1798 2056 1850 illa

485 1862 817 1926 dimittendi,
862 1871 916 1918 et
966 1876 1157 1919 omnes
1221 1865 1416 1920 animae
1470 1862 1673 1921 nostrae
1735 1862 1955 1923 morbos
2002 1876 2055 1922 et

468 1933 836 2006 aegritudines
867 1931 1108 2006 perfecte
1135 1934 1364 1989 sanandi
1389 1950 1604 1991 summa
1633 1943 1717 1992 est
1749 1945 2013 2006 potestas.

553 2001 691 2077 cum
722 2001 901 2058 autem
953 2003 1044 2058 ille
1088 2004 1205 2073 ipse
1236 2020 1399 2077 verus
1430 2007 1502 2061 sit
1538 2006 1678 2077 Deus
1692 2001 2054 2077 l'fquodlibet

476 2074 715 2147 remittit
748 2082 1067 2147 peccatum,
1105 2083 1267 2144 atque
1298 2076 1452 2147 illius
1477 2077 1532 2130 in
1564 2074 1858 2141 hominem,
1892 2093 2053 2147 quem

479 2142 550 2215 ad
597 2143 889 2215 imaginem
925 2159 1081 2215 suam
1133 2142 1357 2206 creavit,
1407 2155 1591 2202 tantus
1626 2154 1711 2203 est
1749 2142 1944 2212 amor',
1996 2156 2055 2201 ut

481 2214 604 2286 ejus
631 2212 800 2286 causa
830 2214 992 2286 homo
1022 2212 1223 2280 factus,
1256 2216 1333 2269 illi
1364 2231 1519 2286 Opem
1550 2233 1765 2286 semper
1795 2216 1955 2280 ferat,
1990 2232 2054 2272 ac

483 2283 689 2357 ubique
718 2284 1014 2357 subveniat
1046 2292 1101 2339 et
1130 2283 1445 2355 opituletur.
1470 2283 1856 2357 Neque—porro
1881 2289 2053 2343 solius

482 2356 587 2428 viri
620 2354 861 2428 hunc_in
894 2355 1114 2409 modum
1155 2365 1242 2428 est
1280 2354 1664 2428 paedagogus“,
1691 2354 1800 2413 sed
1838 2358 2054 2413 femina:

481 2425 671 2500 etiam,
699 2425 862 2500 _crjus
888 2426 1199 2500 pommunis
1221 2425 1345 2500 cum
1366 2425 1485 2482 vir'o
1507 2425 1639 2492 vita,
1673 2429 1824 2500 salus
1851 2438 1904 2484 et
1929 2445 2054 2500 gra-

482 2495 578 2557 tia,
611 2510 675 2551 ac
699 2494 842 2551 bona
872 2494 1109 2565 denique
1137 2496 1319 2551 omnia
1343 2506 1472 2551 sunt
1497 2499 1830 2553 communia.

552 2565 711 2637 Quia,
737 2580 867 2621 vero
914 2566 1016 2620 soli
1041 2568 1207 2637 pueri
1244 2569 1299 2621 iu
1333 2569 1684 2637 disciplinam
1734 2569 2049 2632 traduntur,

481 2635 613 2717 hinc
655 2635 909 2717 Clemens
959 2636 1186 2717 quinam
1205 2635 1535 2717 “a_Christo
1607 2638 1912 2717 erudiendi
1942 2642 2053 2694 sint

481 2706 773 2781 diligenter
801 2705 1177 2781 investigat“.
1205 2705 1585 2781 Palamautem
1613 2708 1743 2762 facit
1773 2725 1879 2781 eos
1900 2710 2052 2781 ipsos

482 2776 627 2850 esse,
667 2777 760 2848 qui
810 2776 1714 2850 reveraChristianisunt,eeoque
1748 2776 2053 2850 gloriantur

481 2849 731 2911 nomine,
761 2862 874 2915 quo
916 2862 1027 2901 non
1060 2854 1219 2911 aetas,
1253 2848 1349 2904 sed
1374 2848 1696 2918 simplicitas
1726 2848 1937 2905 morum
1970 2851 2051 2905 vi-

480 2928 663 2990 taeque
712 2918 999 2990 integritas
1050 2918 1475 2990 etuinnocentia
1528 2919 1885 2990 signiﬁcatur.
1939 2920 2051 2976 Nec

482 2987 666 3044 minus
696 2991 842 3043 clare
872 2988 1067 3057 probat
1105 2987 1229 3043 illos
1259 2988 1502 3044 eamdem
1529 2987 1600 3044 ob
1631 3005 1852 3045 causam
1878 2994 2052 3047 sacris

482 3062 537 3112 in
581 3059 882 3129 Scripturis
918 3057 1379 3129 adolescentulos,
1422 3060 1688 3128 agnellos,
1735 3071 1790 3114 et
1824 3061 2047 3127 vitulos,

483 3128 768 3211 factaates,
810 3129 1096 3211 columbas
1125 3128 1434 3211 simplices:
1463 3131 1641 3211 pullos
1670 3131 2047 3211 columbarum

481 3209 533 3253 et
563 3201 889 3270 gallinarum
912 3197 1144 3270 infantes
1170 3197 1333 3264 ﬁlios,
1365 3197 1581 3270 filiolos,
1613 3215 1810 3255 novum
1842 3202 1925 3257 vel
1947 3216 2046 3256 na-

483 3256 722 3325 scentem
772 3269 1031 3341 p0pulum
1067 3256 1352 3341 appellari.
1391 3256 1594 3326 Eodem
1628 3285 1847 3341 quoque
1858 3256 2042 3341 sensu
2070 3256 2116 3317 (ἶ

483 3355 670 3394 vocem
702 3343 892 3410 νήπιος
913 3340 1097 3410 accipi
1124 3340 1344 3409 planum
1387 3341 1619 3396 subinde
1649 3340 1799 3395 facit.
1837 3340 1903 3394 Et
1929 3342 2045 3397 haec

480 3409 1268 3494 quidemmppellationquam
1319 3411 1487 3494 aliqui
1532 3426 1815 3494 perperam
1851 3412 2046 3494 irride.
2080 3430 2085 3433 ·

480 3482 633 3542 bant,
667 3479 998 3553 Christianis
1036 3480 1273 3553 gloriosa
1314 3479 1477 3551 plane
1500 3479 1828 3553 videbatur;
1859 3491 2047 3553 utpote

478 3566 601 3621 qua:
630 3558 874 3605 sanctam
906 3550 1349 3621 simplicitatem,
1370 3552 1842 3621 aeternitatemque
1864 3550 2046 3608 omnis

480 3619 630 3690 senii
670 3629 943 3690 expertem
988 3620 1273 3689 significet.
1313 3619 1389 3676 Eo
1418 3619 1868 3690 etenimnomine
1896 3638 1927 3676 a
1955 3640 2048 3679 ve-

481 3691 593 3761 teri
614 3689 985 3744 lsraélitarum
1010 3692 1219 3761 p0pulo
1256 3690 1502 3755 discreti,
1535 3698 1584 3761 et
1619 3689 1825 3761 Spiritu
1856 3703 2048 3749 sancto

483 3764 539 3815 in
568 3760 805 3814 filiorum
836 3760 1184 3832 adoptionem
1216 3763 1503 3832 generati,_
1530 3760 1641 3816 Deo
1661 3760 1843 3832 :longe
1889 3772 2047 3818 erant

481 3832 696 3887 caeteris
727 3831 982 3886 omnibus
1017 3830 1318 3887 chariores.
1351 3830 1509 3898 Quod
1546 3831 1765 3900 quidem
1788 3830 2049 3890 Clemens

481 3902 733 3973 mysticis
768 3900 975 3973 lsaaci,
1018 3915 1142 3955 cum
1184 3917 1355 3973 uxore
1403 3917 1501 3958 sua
1531 3900 1777 3957 Rebecca
1810 3902 2048 3960 ludentis

478 3971 555 4043 et
585 3971 834 4038 ridentis,
874 3971 1417 4043 interpretationibus
1463 3973 1691 4043 pulchre
1736 3973 2043 4029 confirmat.

482 4042 600 4115 Huc
630 4043 842 4115 accedit
862 4042 1009 4115 quod
1034 4042 1438 4115 Christusipse
1436 4042 1589 4113 puer,
1614 4043 1850 4113 puellus,
1875 4059 2048 4115 agnus

480 4120 536 4169 et
567 4114 752 4169 infans
780 4112 966 4169 vocari
998 4127 1106 4167 non
1135 4112 1375 4169 erubuit.
1401 4112 1477 4167 Ex
1501 4112 1701 4183 quibus
1729 4112 2050 4170 auctor'no-

484 4191 597 4240 ster
632 4185 756 4254 jure
803 4184 1000 4254 merito
1039 4183 1320 4239 concludit
1369 4184 1667 4254 perfectam
1712 4184 2050 4241 Christiano-

480 4270 602 4378 (rion:
635 4252 901 4336 puerilem
924 4252 1270 4324 disciplinam
1297 4252 1404 4309 hac
1427 4269 1583 4310 sacra
1611 4256 2049 4312 nomenclatione

517 4340 579 4378 ec
603 4340 766 4378 arari.

517 4340 766 4380 eelarari.

430 4405 465 4421 κ
555 4394 691 4448 Tum
722 4411 853 4466 vero
881 4410 976 4451 eos
1026 4395 1120 4465 qui
1176 4402 1400 4466 propter
1454 4395 1560 4449 hoc
1617 4394 1797 4464 ipsum
1849 4410 2048 4466 nomen

482 4465 1084 4536 eosdemChristianos
1127 4465 1582 4535 aspernabantur,
1630 4465 1847 4536 egregie
1887 4465 2049 4521 refel-

482 4536 547 4617 lit
571 4536 633 4617 ’ξε
693 4535 1012 4617 Christiana
1032 4536 1289 4617 Aquippe.
1316 4536 1549 4617 infantia
1568 4605 1580 4617 _
1598 4535 1778 4617 suum
1803 4538 2048 4617 a‘sacris

2167 597 2329 653 homo
2362 598 2653 651 nutriatur.
2700 597 2881 667 Atque
2927 596 3069 651 banc
3092 634 3107 659 ,
3158 596 3375 667 inquit,
3410 598 3486 651 ob
3517 612 3772 667 causam

2165 668 2384 738 quidam
2409 668 2493 722 lac
2517 682 2713 738 manna
2741 666 3173 738 appellaverunt,
3196 676 3251 722 et
3270 666 3532 723 Christus
3564 666 3771 721 Domin-

2164 737 2268 794 nus
2325 739 2378 791 in
2430 737 2790 793 eucharistiae
2835 745 3182 793 sacramento
3230 751 3398 808 suum
3443 752 3671 808 corpus
3714 748 3771 792 et

2164 810 2506 879 sanguinem,
2541 810 2635 877 qui
2672 810 2837 879 etiam
2878 808 3063 862 vinum
3094 807 3324 879 mystice
3371 807 3621 879 dicitur,
3662 823 3769 877 pro

2164 878 2304 934 lacte
2332 888 2386 934 et
2417 879 2693 949 spirituali
2716 878 2979 949 alimento
3009 878 3268 949 omnibus
3306 886 3363 932 et
3394 878 3767 934 manducau-

2162 949 2291 1004 dum
2324 947 2558 1019 praebuit
2595 956 2650 1004 et
2687 947 3005 1019 bibendum.
3038 947 3307 1002 Caeterum
3334 949 3617 1018 quoniam
3652 951 3767 1001 uti-

2163 1020 2232 1075 lis
2261 1018 2609 1089 salubrisque
2639 1028 2726 1075 est
2757 1018 2916 1073 lactis
2953 1035 3075 1072 cum
3110 1034 3252 1089 aqua
3277 1027 3333 1073 et
3366 1020 3559 1078 melle.
3588 1031 3767 1087 atque

2164 1092 2328 1145 etiam
2360 1091 2488 1146 vino
2521 1087 2669 1145 dulci
2706 1088 3008 1160 permistio,
3042 1087 3458 1160 eaniClemens
3481 1099 3768 1160 propter-

2160 1176 2228 1231 ea
2279 1175 2403 1217 cum
2464 1156 2775 1231 baptismo,
2817 1156 3262 1231 Verbo_divino.
3321 1168 3378 1214 et
3422 1156 3763 1231 Clirisiiana

2162 1230 2267 1286 fide
2312 1227 2618 1286 luculenter
2661 1230 2965 1299 componit.
2998 1227 3245 1298 Denique
3289 1230 3555 1299 quamvis
3602 1238 3763 1284 tanta

2161 1302 2232 1357 sit
2264 1300 2701 1357 Christianorum
2738 1314 2769 1352 a
2801 1310 3057 1370 suscepto
3091 1300 3419 1370 baptismate
3442 1299 3753 1371 perfectio,

2159 1381 2538 1427 verumtamen
2566 1387 2690 1426 cum
2721 1371 2814 1424 illa
2847 1372 3090 1426 omnium
3123 1371 3361 1425 maxima
3385 1370 3505 1424 nun
3539 1370 3646 1433 sit,
3670 1387 3763 1425 eo-

2159 1458 2280 1498 rum
2322 1443 2528 1498 idcirco
2572 1440 2815 1499 retundit
2866 1440 3202 1511 superbiam,
3231 1441 3323 1510 qui
3379 1456 3440 1497 se
3494 1441 3761 1511 ipsismet

2160 1514 2425 1583 apostolis
2454 1511 2807 1583 perfectiores
2828 1509 2953 1567 esse
2979 1512 3140 1583 stulte
3164 1509 3550 1583 venditabant.
3586 1509 3760 1564 Sum-

2158 1579 2246 1639 nie
2301 1579 2581 1640 enimvero
2638 1581 2915 1652 perfectus
2965 1582 3116 1637 solus
3155 1591 3239 1636 est
3294 1583 3439 1636 Deus
3473 1579 3674 1652 Pater,
3700 1592 3757 1634 et

2157 1655 2413 1711 Christus
2443 1653 2614 1709 Filius
2642 1651 2781 1723 ejus,
2818 1652 3152 1723 Paedagogus
3182 1660 3391 1715 noster,
3423 1651 3599 1723 cujus
3632 1652 3757 1704 otii-

2158 1726 2302 1780 ci‘um
2346 1735 2433 1781 est
2482 1740 2585 1780 nos
2630 1740 2831 1794 pueros
2883 1738 3016 1779 suos
3045 1722 3113 1776 ad
3141 1731 3401 1779 maternam
3430 1722 3758 1793 perducere

2158 1797 2388 1852 salutem
2399 1838 2411 1851 .

2224 1866 2369 1932 Quid
2413 1876 2594 1922 autem
2641 1874 2695 1922 et
2736 1863 3028 1935 quotuplex
3056 1862 3339 1935 rsitgiffius
3367 1861 3753 1935 παεδᾴγῳγὲι.

2156 1931 2578 1996 seu-institutio.
2608 1931 2800 2007 quisve
2827 1931 3122 2007 ejus‘fiuis,
3155 1932 3409 2007 Clemens
3432 1931 3647 2007 deinde
3667 1934 3755 2007 de-

2156 2007 2375 2073 finit";
2431 2024 2495 2062 ac
2544 2002 2883 2061 demonstrat
2926 2002 3203 2074 Christum
3237 2004 3362 2059 aliis
3399 2003 3750 2074 paedagogis,

2153 2076 2434 2141 Phoenice,
2470 2077 2725 2141 Adrasto,
2755 2075 3013 2137 Leonide,
3045 2073 3366 2140 Nausithoo,
3397 2073 3636 2143 Zopiro,
3666 2073 3754 2129 Si-

2153 2149 2338 2213 cinno,
2373 2156 2428 2203 et
2454 2147 2747 2203 Persarum
2778 2147 2922 2216 regis
2952 2145 3186 2199 filiorum
3218 2145 3549 2199 doctoribus
3590 2146 3751 2213 longe

2153 2235 2275 2275 esse
2303 2220 2758 2289 praestantiorem.
2791 2215 2947 2289 Quod
2994 2226 3142 2289 certe
3183 2223 3244 2268 ut
3284 2216 3499 2289 alarius
3531 2218 3753 2289 patefa-

2152 2290 2284 2353 ciat,
2303 2285 2437 2345 ante
2461 2290 2704 2344 omnium
2734 2288 2888 2358 ponit
2914 2288 3127 2358 oculos,
3149 2300 3259 2356 quo
3289 2285 3397 2358 ille
3411 2289 3586 2339 modo
3616 2285 3747 2339 olim

2152 2360 2515 2430 patriarchas,
2551 2355 2845 2430 quibusse
2870 2355 3505 2430 videndum’prmbebat,
3538 2364 3604 2430 et
3650 2370 3750 2426 po-

2154 2427 2351 2501 pulum,
2371 2427 2731 2501 lsraeliticum
2759 2429 2814 2482 in
2845 2428 3017 2501 veteri
3063 2434 3398 2501 testamento
3421 2427 3659 2491 rexerit,
3684 2440 3749 2481 ac

2150 2497 2494 2555 Christianos
2529 2500 2584 2553 in
2622 2513 2764 2553 novo
2823 2498 3088 2567 gubernet
3121 2507 3176 2553 et
3204 2497 3542 2551 moderetur.

2220 2572 2419 2624 Eorum
2454 2576 2635 2626 autem
2667 2569 3032 2638 objectionem
3061 2567 3301 2638 diluit",
3350 2568 3448 2636 qui
3480 2567 3745 2623 eumdem

2151 2639 2429 2696 Christum
2463 2640 2774 2700 Dominum,
2811 2646 2998 2708 utpote
3027 2638 3121 2708 qui
3165 2637 3344 2708 minas
3383 2646 3441 2692 et
3471 2647 3743 2692 terrorem

2152 2712 2422 2775 intendat,
2441 2726 2506 2766 ac
2522 2710 2683 2781 virga
2708 2707 3005 2781 aliquando
3024 2707 3217 2781 caedat,
3245 2707 3451 2781 bonum
3478 2723 3593 2765 non
3623 2722 3745 2763 esse

2150 2779 2757 2852 arguebant.7Priuium
2802 2779 2949 2852 enim
2995 2779 3197 2852 invicte
3236 2779 3432 2847 probat
3457 2793 3590 2852 eum
3623 2792 3743 2852 esse

2150 2846 2257 2906 noii
2291 2852 2453 2907 modo
2485 2851 2711 2912 bonum,
2745 2851 2841 2905 sed
2861 2853 3024 2904 etiam
3057 2846 3316 2911 maximo,
3344 2863 3457 2918 quo
3483 2846 3743 2902 homines

2148 2923 2516 2993 prosequitur,
2548 2920 2720 2975 amori
2743 2920 2983 2993 nihilum
3013 2918 3230 2993 quidem
3257 2919 3633 2993 officereejus
3658 2920 3743 2988 ju-

2149 2989 2377 3048 stitiam.
2422 2991 2560 3047 Tum
2608 2990 2906 3053 continuo,
2951 2990 3247 3060 proposita:
3306 2989 3611 3057 objectioni
3656 3004 3740 3043 τε-

2151 3062 2381 3132 spondet
2407 3063 2583 3117 minas
2614 3060 2781 3125 illius,
2812 3060 3290 3132 reprehensiones,
3318 3067 3587 3132 terrores,
3622 3060 3740 3114 ani-

2147 3130 2578 3197 madversiones,
2604 3132 3014 3202 castigationes.
3049 3130 3281 3201 ﬂagella,
3309 3144 3428 3202 non
3469 3131 3585 3184 odii
3616 3144 3739 3184 esse

2149 3205 2327 3274 signa,
2358 3202 2454 3258 sed
2484 3200 2892 3274 benevolentiae,
2923 3208 2976 3256 et
3006 3200 3213 3256 certum
3242 3200 3599 3274 salutareque
3627 3216 3740 3255 me-

2147 3271 2540 3337 dicamentum,
2578 3286 2687 3341 quo
2723 3271 2973 3326 homines
2999 3286 3029 3325 a
3057 3280 3282 3341 peccato
3308 3271 3579 3341 deterret,
3614 3285 3735 3325 om-

2148 3359 2354 3414 nesque
2389 3350 2549 3399 sanat
2579 3340 2776 3414 animae
2800 3349 3004 3414 nostra:
3028 3340 3249 3414 morbos
3270 3350 3325 3395 et
3352 3340 3732 3414 aegritudines.

2144 3410 2321 3485 Negat
2352 3421 2533 3468 tamen
2565 3412 2834 3485 Clemens
2850 3410 3040 3485 ullam,
3091 3412 3218 3485 nisi
3243 3410 3627 3485 metaphorice
3660 3412 3736 3463 lo-

2147 3481 2386 3553 quendo.
2408 3485 2518 3539 dici
2551 3496 2712 3553 posse
2742 3481 2839 3553 Dei
2861 3483 3021 3545 iram,
3050 3483 3134 3536 vel
3165 3481 3317 3535 illum
3341 3482 3587 3553 injurias
3609 3494 3734 3553 suas

2148 3551 2339 3610 ulcisci
2368 3563 2422 3609 et
2453 3551 2729 3624 persequi.
2763 3552 2873 3624 Nec
2915 3552 3112 3624 minori
3143 3566 3275 3607 sane
3305 3551 3588 3624 evidentia
3618 3552 3732 3621 pla-

2147 3640 2279 3679 num
2323 3620 2783 3696 perspicuumque
2825 3620 2958 3696 facit
3002 3638 3171 3696 unum
3208 3622 3581 3696 eamdemque
3616 3620 3734 3677 esse

2147 3692 2340 3749 veruni
2374 3692 2525 3748 illum
2560 3693 2753 3754 Deum,
2782 3693 2875 3762 qui
2905 3693 3084 3747 bonus
3116 3693 3279 3747 simul
3311 3699 3368 3746 et
3396 3692 3590 3762 justus
3630 3698 3728 3753 est.

2148 3764 2750 3836 eamdemqueomnino
2778 3761 2901 3836 esse
2933 3762 3079 3836 illius
3109 3770 3172 3836 get
3211 3761 3656 3836 misericordiam
3682 3768 3733 3815 et

2144 3832 2436 3905 justitiam:
2476 3833 2726 3905 Utraque
2747 3833 2917 3897 enim,
2959 3833 3123 3888 sicuti
3161 3839 3217 3888 et
3260 3832 3731 3905 increpationibus

2149 3901 2312 3976 atque
2363 3901 2841 3975 castigationibus,
2887 3914 3149 3958 aeternam
3198 3901 3437 3958 salutem
3487 3910 3731 3958 nostram

2150 3991 2363 4045 semper
2385 3982 2663 4045 procurat.

2217 4042 2420 4116 Oinnes
2471 4060 2637 4116 porro
2676 4042 3218 4116 animadversionum
3260 4042 3730 4116 admonitionumo

2148 4131 2254 4185 que
2298 4115 2446 4170 illius
2474 4114 2643 4179 modi,
2674 4114 2833 4184 longa
2864 4129 2997 4170 sane
3025 4122 3080 4168 et
3101 4125 3373 4185 accurata
3409 4115 3730 4168 inductione
3826 4144 3833 4157 σ

2149 4183 2220 4240 ab
2249 4194 2471 4241 auctore
2500 4193 2688 4240 nostro
2723 4183 3077 4240 recensentur
3097 4183 3159 4246 ⁸³⁵,
3194 4184 3458 4237 nimirum
3487 4185 3732 4240 admoni-

2151 4257 2249 4321 tio,
2277 4256 2627 4327 vituperatio,
2659 4256 2903 4327 querela,
2928 4255 3250 4322 increpatio,
3285 4254 3630 4327 redargutio,
3653 4269 3731 4309 ca-

2150 4325 2688 4397 stigatio,_visilatio,
2714 4325 3084 4397 maledictum,
3122 4325 3423 4397 accusatio,
3442 4333 3729 4397 .expostu-

2153 4391 2310 4463 latio,
2342 4396 2687 4459 obtrectatio,
2719 4395 3041 4466 indignatio,
3061 4400 3223 4466 atque
3236 4395 3403 4466 variis
3438 4391 3732 4466 Scriptura

2150 4481 2319 4523 sacrae
2357 4466 2683 4522 testimoniis
2722 4464 2910 4521 earum
2957 4464 3309 4535 proferuntur
3356 4464 3724 4520 definitiones.

2153 4535 2228 4591 Ex
2274 4538 2342 4591 iis
2384 4545 2563 4592 autem
2606 4536 2695 4591 ille
2724 4535 3009 4590 Dominum
3039 4549 3228 4589 revera
3261 4535 3466 4589 bonum
3496 4551 3627 4592 esse
3651 4550 3731 4589 ar-

483 4605 743 4677 baptismi
784 4604 946 4677 undis
980 4602 1446 4677 lz'principium
1495 4604 1746 4659 habebat.
1795 4605 1960 4675 Atqui
1976 4607 2044 4677 in
2080 4603 2123 4662 D
2151 4609 2286 4677 guit.
2318 4606 2382 4660 Et
2417 4607 2519 4662 hoc
2555 4607 2776 4677 quidem
2821 4606 3000 4676 ipsum
3038 4604 3148 4677 alia
3190 4602 3493 4677 Scriptura;
3541 4621 3725 4666 saeue,

481 4673 716 4746 eofnihil
743 4675 901 4745 plane
921 4673 1248 4745 imperfecti,
1276 4673 1370 4731 sed
1391 4689 1658 4730 summam
1676 4690 1807 4746 esse
1867 4673 2043 4746 perfe-

481 4744 757 4816 ctionem,’
780 4760 848 4800 ex
881 4747 1052 4800 variis
1081 4745 1323 4814 ejusdem
1356 4744 1688 4799 sacramenti
1716 4744 2047 4816 nominibus,

481 4822 535 4900 et
570 4815 794 4900 ‘efiectu,
831 4822 1097 4900 atquenex
1268 4816 1479 4900 Christi
1508 4815 1831 4900 baptismate
1866 4817 2043 4900 inani:

482 4886 782 4941 festissime
826 4884 1082 4941 ostendit.
1132 4884 1198 4938 Et
1230 4885 1284 4939 id
1309 4886 1527 4955 quidem
1578 4886 1822 4955 Apostoli
1863 4889 2045 4941 ﬁrmat

480 4958 694 5021 verbis,
746 4957 946 5027 quibus
983 4956 1325 5027 Christianos
1368 4956 1500 5011 vitio
1534 4955 1808 5020 infantes,
1863 4964 2045 5013 mente

482 5027 754 5097 perfectos
808 5041 929 5082 esse
979 5026 1155 5097 jubet.
1205 5026 1758 5097 Attamengquoniarn
1794 5029 2043 5082 nonnulli

483 5095 815 5167 objiciebant
863 5096 1017 5150 illum
1062 5096 1252 5167 eadem
1286 5095 1576 5166 scripsisse
1600 5096 1655 5150 in
1689 5096 1951 5167 Epistola,
1983 5113 2043 5153 se

483 5164 814 5223 Christianis
863 5175 1052 5236 utpote
1110 5164 1503 5222 infirmioribus
1558 5182 1668 5221 non
1708 5164 1912 5232 cibum,
1949 5168 2045 5223 sed

481 5247 741 5310 tanquam
773 5236 1071 5310 infantibus
1098 5237 1181 5292 lac
1206 5236 1460 5310 dedisse;
1493 5237 1621 5292 hinc
1651 5238 1741 5310 ille
1783 5245 1896 5291 tam
1935 5237 2046 5293 llo-

483 5308 643 5377 meri,
678 5323 838 5379 quam
873 5308 1450 5379 ipsiusmet‘Apostoli
1485 5309 1816 5379 auctoritate
1850 5310 2046 5379 probat

484 5379 571 5434 lac
615 5377 916 5447 perfectum
958 5393 1084 5434 esse
1128 5377 1470 5433 alimentum.
1505 5377 1663 5443 Quod
1710 5377 1927 5447 quidem
1983 5388 2045 5433 ut

483 5448 703 5519 planius
734 5449 1094 5513 demonstret,
1140 5449 1296 5519 plura
1322 5448 1390 5503 de
1418 5449 1576 5503 lactis
1619 5449 1674 5503 in
1715 5448 2043 5504 feminarum

482 5520 744 5576 uberibus
783 5520 1161 5589 procreatione
1190 5519 1466 5588 disputat;
1497 5535 1559 5590 ac
1588 5519 1828 5590 physicis
1873 5521 2045 5573 ratio-

481 5590 647 5661 nibus
674 5592 832 5646 uobis
864 5590 1196 5661 persuadere
1230 5598 1462 5644 conatur
1493 5589 1624 5661 illud
1654 5589 1720 5645 ex
1751 5590 2038 5661 sanguine,

481 5659 666 5715 album
696 5661 750 5714 in
775 5658 1011 5715 colorem
1036 5674 1321 5725 converso,
1348 5674 1563 5725 semper
1590 5658 1836 5715 formari.
1860 5658 2041 5715 Porro

481 5738 663 5786 autem
706 5726 833 5786 inde
863 5731 956 5786 ille
990 5731 1217 5803 colligit,
1248 5726 1706 5800 quemadmodum
1733 5730 1872 5785 nihil
1899 5733 2042 5787 lacte

2149 4676 2515 4748 atqueetiam
2554 4676 2798 4748 Platonis
2838 4676 3182 4748 auctoritate,
3211 4676 3431 4748 aeboni
3467 4677 3727 4747 principis

2148 4759 2198 4818 et
2224 4744 2416 4802 medici
2444 4746 2690 4818 exemplo
2711 4762 2905 4802 rursus
2934 4744 3386 4818 corifirmat.'fttm
3416 4744 3552 4801 vero
3576 4744 3728 4818 quam

2150 4817 2328 4872 bonus
2356 4818 2428 4871 sit
2448 4816 2775 4888 Paedagogus
2807 4824 3017 4888 noster,
3042 4830 3107 4872 eo
3130 4816 3436 4888 convincit,
3465 4816 3618 4888 quod
3643 4831 3729 4871 no-

2149 4895 2264 4943 ster
2295 4889 2365 4942 sit
2398 4887 2729 4959 pastor,’qui
2756 4903 2868 4942 non
2903 4887 3079 4959 solum
3109 4887 3279 4952 ducit,
3312 4887 3497 4959 curat,
3546 4900 3606 4943 et
3651 4902 3730 4958 pa-

2149 4959 2276 5021 scit,
2318 4956 2413 5014 sed
2448 4959 2609 5013 homo
2640 4956 2826 5028 etiam,
2858 4956 3128 5028 etifrater
3157 4966 3345 5028 noster
3390 4956 3599 5023 factus,
3643 4956 3727 5028 pro

2150 5028 2307 5083 nobis
2353 5038 2602 5083 mortuus
2646 5034 2750 5083 est.
2782 5027 3038 5095 Quinimo
3076 5028 3235 5082 nobis
3284 5027 3467 5082 adhuc
3515 5031 3612 5084 ille
3644 5027 3727 5082 de-

2153 5106 2424 5154 monstrat
2456 5113 2573 5169 non
2599 5098 2775 5169 solum
2811 5097 3068 5169 imposito
3095 5098 3317 5169 nomine
3346 5095 3489 5169 Jesu
3520 5099 3726 5154 bonita-

2152 5178 2261 5240 tem
2291 5169 2411 5238 ejus
2441 5168 2769 5240 significari;
2801 5167 2906 5240 sed
2919 5167 3311 5240 nullumetiam
3342 5168 3631 5240 hominem
3646 5185 3726 5240 ire-

2151 5237 2513 5309 prehensioné
2545 5245 2599 5294 et
2627 5239 2813 5309 servili
2842 5247 2988 5292 metu
3010 5279 3025 5305 ,
3060 5238 3155 5308 qui
3181 5252 3213 5291 a
3241 5237 3392 5292 filiali
3424 5238 3595 5309 longe
3625 5239 3726 5293 dis-

2151 5307 2335 5365 cretus
2365 5318 2469 5372 est,
2498 5309 2569 5364 ad
2599 5307 2836 5364 officium
2867 5324 3026 5363 suum
3050 5307 3320 5372 revocari,
3353 5309 3467 5364 nisi
3508 5307 3607 5379 qui
3640 5312 3724 5364 bo-

2151 5379 2377 5434 nitatem
2408 5379 2529 5450 ejus
2559 5380 2965 5449 contempserit.
2988 5379 3048 5433 ln
3076 5379 3607 5450 reprehensionibus
3628 5380 3724 5434 ita-

2151 5465 2258 5519 que
2285 5450 2426 5519 idem
2440 5447 2633 5519 justus
2654 5458 2709 5504 et
2738 5447 2914 5504 bonus
2942 5457 3048 5504 est.
3076 5447 3231 5503 Sicut
3251 5449 3398 5504 enim
3421 5452 3722 5519 speculum,

2150 5518 2260 5590 quo
2288 5518 2609 5575 deformitas
2641 5519 2971 5585 ostenditur,
3002 5527 3064 5590 iet
3099 5520 3365 5585 medicus,
3403 5518 3522 5590 quo
3549 5522 3723 5590 decla-

2148 5589 2302 5644 ratur
2330 5589 2519 5655 febris,
2551 5604 2661 5645 non
2691 5592 2891 5653 malus,
2924 5589 3019 5646 sed
3047 5591 3224 5645 bonus
3255 5598 3361 5653 est,
3399 5589 3476 5644 ita
3514 5600 3571 5645 et
3594 5589 3725 5643 Deus

2148 5674 2274 5714 cum
2309 5674 2409 5716 nos
2440 5660 2639 5731 arguit,
2673 5668 2787 5715 tum
2825 5674 3013 5716 revera
3042 5661 3228 5731 justus
3247 5662 3364 5731 ipse
3386 5667 3497 5725 est,
3521 5660 3617 5731 qui
3642 5673 3726 5729 per

2148 5732 2409 5802 seipsum,
2441 5740 2733 5802 antequam
2782 5742 3000 5787 creator
3051 5739 3219 5798 esset,
3264 5732 3444 5788 bonus
3495 5739 3639 5796 erat,
3670 5741 3725 5784 ac

551 5888 571 5921 '
597 5902 718 5959 cap.
742 5886 798 5942 2.
871 5888 893 5920 ⁸
920 5900 1039 5959 cap.
1073 5888 1126 5943 3.
1203 5888 1223 5919 ’
1246 5902 1364 5959 cap.
1395 5886 1446 5943 4.
1524 5888 1567 5920 ²⁶
1597 5900 1715 5959 cap.
1749 5885 1801 5944 5.
1882 5887 1920 5918 “
1951 5900 2073 5958 cap.
2098 5884 2153 5942 6.
2210 5886 2275 5964 β’
2298 5901 2416 5959 cap.
2447 5886 2498 5944 7.
2578 5887 2619 5920 "
2640 5901 2760 5958 cap.
2793 5886 2847 5944 8.
2924 5885 3116 5961 “icap.
3144 5884 3198 5942 9.
