3848 6534
545 346 650 402 8l9

1242 346 1310 402 1N
1349 327 1769 404 cwustvrsn
1808 349 2010 405 Apes.
2051 350 2094 404 ι)

2203 350 2243 405 E
2268 349 2557 409 NOURRY
2602 349 3062 407 DISSERTATIO
3089 350 3135 406 1.

3649 357 3729 416 820

543 488 673 528 vero
699 473 792 554 qui
824 472 877 525 in
907 478 1088 526 aetatis
1112 481 1247 554 sunt
1269 471 1421 554 ilore,
1446 470 1514 525 ad
1528 471 1812 554 prandium
1841 471 2118 554 nuilopo—
2143 477 2191 535 Α
2219 479 2401 554 grates
2421 474 2472 529 ei
2493 472 2754 554 debemus
2776 469 3569 554 rependere..Demum_.aucton
3584 484 3730 541 noster

544 555 627 602 tu.
662 543 727 598 ad
757 556 969 597 caenam
1004 542 1220 596 modico
1244 542 1406 612 vino,
1426 540 1649 597 senibus
1677 540 1837 612 paulo
1869 540 2115 608 uberius,

544 613 641 669 sed
687 613 822 667 nulli
862 625 1103 682 unquam
1137 613 1257 667 sine
1287 611 1654 667 moderatione
1679 611 1783 666 ’uti
1832 613 2113 682 permittit.

546 683 682 739 Illud
717 683 886 744 enim,
913 681 1010 738 sed
1039 697 1181 752 aqua
1210 697 1424 751 semper
1452 681 2004 752 temperatum,’sicut
2028 699 2119 738 sa-

544 755 700 808 nitati
735 753 1042 823 proﬁcuum
1071 751 1175 818 est,
1231 753 1305 806 ita
1345 751 1635 823 immodice
1672 759 1915 823 potatum
1943 754 2116 823 pluri-

543 840 652 887 ma,
683 821 806 894 qua:
833 824 904 878 ab
935 838 1001 879 eo
1030 829 1407 894 recensentun.
1434 821 1647 894 damna
1676 821 1862 894 atque
1907 821 2116 878 incom-

541 891 888 950 rnoda'at'fert
933 902 990 948 et
1037 893 1315 963 importat.
1371 891 1449 946 lbi
1497 907 1660 962 porro
1689 891 2029 948 ebriosorum
2059 901 2115 948 et

542 965 967 1020 temulentorum
1001 963 1282 1017 hominum
1334 970 1484 1031 gesta
1519 963 1715 1033 .paucis
1758 963 1877 1033 ideo
1906 962 2114 1018 descri-

541 1036 643 1101 bit,
675 1043 734 1089 ut
761 1050 951 1089 omnes
996 1035 1065 1088 ab
1111 1033 1408 1104 ebrietate,
1441 1048 1600 1101 quam
1638 1047 1794 1104 sacra
1829 1032 2114 1104 Scriptura

543 1105 820 1175 prohiberi
850 1104 1109 1175 ostendit,
1138 1103 1352 1158 facilius
1380 1103 1716 1175 dehortetur.
1746 1102 2112 1175 Quamobrem

543 1173 821 1232 subnectit
870 1192 899 1229 a
941 1174 1183 1237 Christo,
1228 1173 1444 1228 tametsi
1476 1188 1693 1243 aquam,
1729 1174 1856 1228 dum
1906 1175 2113 1244 nuptiis

544 1247 853 1306 interesset,
885 1245 1177 1300 mutaverit
1207 1245 1263 1298 in
1298 1244 1505 1306 vinum,
1537 1259 1600 1298 ea
1628 1252 1811 1299 tamen
1858 1245 2109 1299 immuta-

540 1317 691 1373 tioue
739 1317 963 1371 minime
1014 1316 1231 1386 quidem
1280 1313 1601 1386 permissam
1640 1314 1978 1386 ebrietatem,
2014 1315 2111 1370 sed

540 1387 735 1449 vitam,
775 1401 949 1457 aqueo
992 1383 1209 1457 veteris
1238 1383 1374 1457 legis
1420 1383 1606 1457 sensui
1659 1385 2111 1457 sanguineillius

539 1457 770 1521 datam,
824 1453 1113 1525 allegorice
1178 1453 1466 1510 declarari.
1531 1453 1844 1510 Praescribit
1917 1454 2113 1511 deinde

539 1538 807 1597 quantum
830 1528 937 1581 vini
967 1526 1142 1582 hieme
1169 1535 1263 1597 aut
1291 1526 1396 1597 alio
1423 1532 1667 1595 tempore
1695 1525 1989 1581 bibendum
2016 1527 2108 1597 sit,

538 1596 791 1671 vetatque
838 1613 916 1671 ne
954 1598 1074 1651 vina
1093 1596 1353 1671 ardentia
1388 1610 1452 1671 ac
1508 1596 1740 1671 t‘umo_s_a_,
1772 1604 1826 1651 et
1873 1596 2111 1671 exualiis

538 1666 719 1739 ionge'
741 1667 949 1739 dissitis
995 1666 1331 1739 regionibus
1359 1666 1605 1739 advecta,
1640 1666 1833 1739 Chium
1876 1666 2107 1739 scilicet,

537 1734 840 1802 Ariusium,
889 1734 1187 1807 Thasium,
1215 1736 1491 1807 Lesbium,
1518 1737 1835 1807 Creticum,
1872 1734 2108 1807 Syracu-

2219 541 2458 614 breviter
2487 543 2742 600 edisserit
2766 541 2888 614 quae
2911 541 3225 597 Christiano
3247 541 3463 597 cantica
3482 550 3534 598 et
3554 543 3730 609 harmo.

2217 613 2326 684 nia,
2342 614 2605 684 permissa
2640 614 2769 669 sint.

2284 679 2454 754 Negat
2473 699 2602 738 vero
2627 684 2791 738 etiam
2823 681 2876 736 in
2903 679 3276 754 conviviisMCh
3288 680 3513 737 ristiano
3539 683 3732 749 absurde

2217 750 2463 819 ridendi,
2498 755 2582 809 vel
2606 754 2729 807 aliis
2756 754 2923 808 risum
2961 751 3215 807 movendi
3239 750 3422 806 datam
3455 768 3571 810 esse
3596 756 3732 816 fat-ul.

2216 830 2382 880 tatem
2399 826 2463 877 ²¹.
2496 823 2808 900 Etenimilli
2838 824 3048 900 urbane
3074 829 3283 900 tantum
3311 838 3376 876 ac
3408 824 3575 893 lepide
3596 826 3728 900 loqui,

2216 908 2285 967 ac
2302 909 2581 965 nunquam
2616 895 2722 949 nisi
2752 893 3094 967 convenienti
3116 901 3387 967 tempore,
3424 893 3730 967 etmodeste,

2215 962 2553 1035 bonesta‘que
2580 979 2702 1019 cum
2735 964 3018 1035 severitate
3048 962 3247 1035 ridere,
3282 963 3365 1015 vel
3392 965 3568 1035 potius
3588 962 3732 1025 subri;

2213 1034 2342 1091 dere
2367 1032 2689 1091 concessum
2721 1043 2822 1089 est.
2857 1032 2996 1087 Hinc
3025 1034 3171 1088 risus
3200 1033 3568 1100 immodestos,
3602 1039 3730 1096 lasci-

2213 1120 2311 1161 vos
2353 1113 2407 1161 et
2434 1119 2698 1175 procaces
2720 1118 2762 1175 7a
2800 1104 3113 1159 Christiana
3157 1103 3434 1175 republica
3468 1110 3637 1174 procul
3663 1126 3732 1165 ar.

2212 1176 2415 1231 cendos
2436 1172 2901 1245 declarat.Neque
2943 1182 3120 1245 tamen
3161 1172 3533 1229 Christianum
3567 1178 3732 1237 idcirco

2212 1246 2426 1319 tristem
2448 1261 2569 1302 esse
2599 1245 2736 1309 vult,
2758 1244 2858 1319 sed
2877 1260 2948 1319 _ea
2972 1244 3241 1319 modestia
3271 1252 3325 1298 et
3352 1248 3606 1319 gravitate
3625 1266 3730 1319 pra:-

2212 1316 2387 1370 ditum
2435 1323 2495 1371 ut
2546 1330 2719 1386 neque
2756 1316 2808 1368 in
2842 1314 3095 1370 obscenis
3115 1355 3128 1377 ,
3160 1314 3245 1368 vel
3276 1316 3501 1371 cuilibet
3531 1314 3732 1378 molestis

2212 1386 2398 1467 rebus:
2434 1402 2609 1457 neque
2639 1386 3071 1467 omnitempore,
3102 1386 3449 1467 neque‘apud
3480 1392 3729 1467 quoslibet,

2210 1458 2317 1513 nisi
2365 1455 2787 1512 l‘ortelnonnulli
2822 1455 3065 1510 seniores
3105 1456 3311 1524 aliquid
3346 1455 3568 1513 venuste
3601 1468 3645 1515 et
3672 1455 3729 1516 fe;

2212 1528 2352 1584 stive
2379 1528 2639 1590 dixerint,
2672 1528 2761 1581 ille
2787 1526 3084 1581 subrideat.
3112 1524 3295 1579 Facile
3321 1528 3468 1581 enim
3490 1544 3554 1583 ex
3576 1530 3734 1585 immo-

2211 1597 2332 1653 dico
2364 1599 2481 1654 risu
2512 1604 2696 1652 manat
2729 1596 3041 1667 turpitudo,
3080 1597 3221 1650 sicut
3252 1598 3307 1650 in
3341 1597 3469 1653 vino
3496 1598 3732 1669 improbo-

2210 1684 2331 1749 ruin
2361 1669 2641 1749 hominum
2670 1682 2849 1749 mores
2871 1674 3261 1749 agnoscunitur.

2283 1738 2451 1793 Multo
2479 1739 2643 1811 igitur
2680 1739 2860 1811 magis
2886 1735 3062 1811 eidem
3092 1735 3407 1811 Christiano
3427 1778 3441 1801 ,
3469 1743 3630 1811 pergit
3658 1758 3733 1797 au.

537 1808 703 1871 sium,
737 1807 1095 1887 Mendesium,
1122 1806 1420 1887 _Naxium,n
1436 1805 1716 1887 Italicum,_
1744 1807 1813 1887 ab
1835 1805 1981 1887 ‘ullo_
2005 1824 2109 1887 un-
2139 1827 2183 1887 Β
2211 1817 2330 1864 ctor
2359 1805 2546 1887 noster
2565 1810 2635 1887 “,
2660 1805 3111 1887 v_itahdi_obsceni
3145 1822 3450 1887 sermones,
3470 1805 3735 1887 turpiaque

537 1894 700 1949 quam
737 1879 955 1934 homine
985 1878 1352 1949 requirantur.
1381 1875 1646 1949 Omnibus
1672 1877 1939 1949 siquidem
1969 1879 2111 1933 indi-

532 1947 671 2020 gena
721 1950 847 2004 vina
894 1948 1140 2020 subicere
1182 1948 1412 2003 deﬁnit:
1455 1948 1563 2004 nisi
1604 1947 1755 2004 forte
1776 1947 1962 2020 aiiqui,
2001 1965 2112 2005 non

533 2017 695 2075 secus
716 2035 780 2074 ac.
810 2019 959 2073 stulti
982 2018 1306 2089 Parthorum
1330 2033 1510 2089 reges,
1525 2034 1709 2074 secum
1725 2017 1893 2074 velint
1915 2033 2109 2089 aquam

534 2104 754 2160 quoque
781 2096 1084 2160 asportare.
1121 2087 1303 2160 Monet
1348 2088 1583 2145 subinde
1627 2095 1830 2158 quanta
1871 2087 2110 2144 bibendo

533 2157 899 2230 esse—debeat,
944 2158 1197 2230 Minervae
1224 2157 1393 2230 etiam
1424 2157 1693 2230 exemplo,
1729 2160 2028 2215 honestatis
2056 2167 2111 2215 et

534 2229 797 2301 decentia;
830 2245 984 2301 cura,
1016 2228 1273 2301 Qttazdam
1308 2228 1599 2301 enimvero
1619 2240 1808 2301 gentes
1836 2230 2109 2301 bellicosa}

532 2299 785 2370 ebrietati
822 2298 1116 2370 indulgent
1145 2298 1386 2369 quidem,
1410 2299 1515 2370 sed
1557 2298 2106 2370 paciﬁciCbristiani

532 2369 735 2426 debent
768 2369 834 2424 ad
861 2368 1065 2425 Christi
1098 2370 1292 2432 instar,
1332 2368 1425 2438 qui
1454 2368 1641 2425 vinum
1673 2369 2108 2426 moderatissime

533 2439 804 2504 adhibuit,
838 2439 1198 2495 moderationi
1249 2454 1314 2493 ac
1359 2439 1640 2495 sobrietati
1675 2440 1913 2496 studere.
1948 2439 2103 2495 Inve-

530 2508 683 2584 hitur
708 2509 903 2584 deinde
932 2510 988 2564 in
1014 2512 1268 2584 mulieres
1296 2524 1415 2579 quae
1450 2510 1554 2584 14
1583 2510 1932 2584 alabastrinis
1958 2511 2106 2584 vasis

531 2579 790 2636 indecore
822 2580 1096 2643 bibentes,
1128 2579 1326 2636 collum
1359 2579 1657 2636 nudabant.
1684 2580 1967 2636 Postremo
1988 2579 2106 2636 bel-

532 2649 727 2707 luones
777 2665 902 2705 cum
955 2651 1213 2720 acephalo
1261 2656 1536 2705 errantem
1586 2652 1800 2707 stellam
1851 2658 2101 2720 antegreo

530 2720 731 2793 diente,
763 2728 818 2775 ct
846 2720 1265 2793 cumiElpenore
1295 2729 1594 2793 comparat,
1622 2736 1686 2777 ac
1715 2720 1827 2778 Noe
1854 2722 2103 2793 exemplo
2134 2764 2141 2771 .

528 2790 849 2846 ebrietatem
884 2789 1193 2847 fugiendam
1216 2805 1339 2846 esse
1366 2789 1663 2847 cuncludit.

601 2860 785 2916 Palam
819 2860 1059 2931 posthaec
1093 2860 1224 2915 facit
1259 2861 1308 2892 “
1343 2876 1506 2930 quam
1562 2878 1737 2919 vanus
1779 2869 1834 2917 et
1886 2861 2099 2917 inutilis

529 2930 604 2985 sit
642 2930 898 2987 vasorum
945 2941 1056 2986 tam
1107 2938 1490 3002 argenteorum
1518 2947 1680 3000 quam
1721 2947 2011 2988 aureorum
2043 2940 2099 2987 et

525 3017 895 3073 gemmeorum
944 3011 1220 3058 ususzet
1275 3002 1475 3057 calices
1519 3003 1853 3067 thericleos,
1884 3003 2100 3073 antigo-

526 3072 684 3127 nides
707 3115 721 3132 .
751 3072 1046 3127 cantharos
1071 3112 1086 3135 ,
1118 3074 1342 3143 lepistas
1364 3111 1393 3143 ,γ
1412 3079 1690 3143 psycteres
1716 3114 1731 3135 .
1765 3072 2093 3138 mnochoas,

527 3149 749 3213 servatu
776 3149 965 3213 utpote
992 3132 1262 3213 dilliciies,
1287 3152 1341 3213 et
1365 3132 1697 3200 Christianis
1716 3132 1935 3208 vetitos,
1966 3132 2094 3213 pro;

524 3213 616 3266 cui
632 3212 793 3285 jubet
812 3211 1115 3285 amandari.
1139 3211 1249 3268 Nec
1275 3212 1475 3285 minori
1496 3215 1789 3270 severitate
1809 3211 2095 3285 argenteas

522 3283 823 3355 proscribit
854 3284 1041 3348 sellas,
1073 3284 1278 3355 pelves,
1313 3284 1624 3344 acetabula.
1656 3283 1933 3348 scutellas,
1961 3285 2093 3339 cati-

526 3368 631 3409 nos
649 3361 704 3408 et
719 3353 825 3407 alia
846 3367 1010 3426 aurea
1034 3353 1398 3426 argenteaque
1419 3369 1549 3426 vasa
1574 3356 1689 3411 sive
1705 3355 1772 3410 ad
1797 3362 2092 3412 consuetos

525 3438 731 3495 mensa!
760 3438 826 3478 ac
874 3422 1074 3495 domus
1102 3422 1121 3487 ζ
1149 3425 1266 3479 sive
1304 3422 1381 3495 ad
1414 3423 1552 3481 alios
1576 3464 1591 3487 ,
1626 3440 1766 3495 quos
1812 3426 2092 3480 nominare

524 3493 733 3562 pudet,
782 3508 918 3548 usus
956 3493 1255 3565 destinata.
1292 3491 1488 3548 Omnia
1529 3491 1729 3565 quippe
1777 3496 1892 3551 bare
1916 3534 1931 3558 ,
1982 3511 2090 3550 non

523 3578 685 3619 secus
715 3578 779 3617 ac
806 3563 1096 3632 superbam
1129 3564 1315 3627 nimis,
1341 3572 1396 3618 et
1420 3563 1883 3632 sumptuosiorem
1910 3565 2092 3621 domo-

523 3648 646 3707 [uin
670 3633 1084 3707 supellectilem,
1109 3634 1446 3707 lectulosque
1465 3633 1765 3707 molliores,
1783 3651 1911 3707 cum
1923 3651 2091 3707 sacra:

525 3701 827 3778 §cripturae
859 3710 915 3759 et
941 3702 1184 3778 Platonis
1210 3701 1555 3778 auctoritate,
1587 3712 1703 3778 tum
1736 3704 1857 3778 ipso
1884 3704 2089 3760 Christi

521 3772 744 3845 Domini
781 3775 1032 3845 exemplo
1054 3814 1068 3838 ,
1104 3775 1268 3844 plane
1308 3774 1635 3845 penitusque
1674 3772 1931 3831 damnata
1967 3791 2091 3832 esse

520 3842 884 3916 demonstrat.
911 3842 991 3916 Ad
1015 3842 1130 3899 haec
1151 3859 1281 3899 vero
1306 3842 1450 3900 nulla
1477 3842 1652 3915 major
1673 3862 1835 3916 quam
1859 3862 1926 3901 ex
1945 3847 2089 3901 mala

520 3911 843 3987 divitiarum
867 3915 1337 3987 administratione
1363 3922 1419 3971 et
1449 3911 1591 3971 caeca
1617 3911 1973 3987 congerenda:
1995 3932 2092 3986 pe-

520 3985 696 4058 cuniae
723 3984 1018 4058 cupiditate
1036 4025 1051 4050 ,
1081 3985 1287 4041 homini
1327 3987 1596 4055 pernicies
1627 3984 1942 4058 certiusque
1971 3984 2089 4043 exi-

519 4055 653 4109 tium
689 4054 932 4109 aﬂ‘ertur.

587 4124 632 4178 A
654 4125 986 4181 Christianis
1002 4134 1183 4181 autem
1206 4127 1469 4184 conviviis
1496 4128 1610 4182 vult
1630 4127 1882 4184 Clemens
1903 4135 2089 4182 noster

515 4209 733 4251 omnem
769 4197 989 4265 penitus
1026 4197 1279 4253 exsulare
1320 4199 1775 4255 comessationem
1807 4200 1885 4263 ιι,
1919 4198 2085 4253 lasci-

514 4266 693 4337 viam,
726 4267 917 4323 inanes
946 4267 1268 4337 ineptasque
1304 4269 1747 4337 pernoctationes
1767 4309 1783 4333 ,
1818 4269 2088 4325 temulen-

513 4335 645 4409 ti_am
670 4374 685 4400 ,
728 4335 1084 4409 ebiietatem’,
1132 4335 1331 4409 tibias,
1374 4340 1631 4409 psalteria
1657 4380 1673 4403 ,
1721 4339 2082 4402 saltationes,

512 4406 742 4476 plausus
767 4405 1168 4479 Egyptiorum,
1186 4405 1422 4464 caricam
1447 4410 1735 4473 musicam,
1758 4424 2085 4479 omnemque

512 4490 745 4544 prorsus
781 4478 897 4533 sive
938 4479 1222 4533 oculorum
1266 4479 1383 4534 sive
1424 4479 1641 4534 aurium
1679 4478 2075 4544 intemperiem.

512 4543 857 4618 Quapropter
901 4548 996 4602 ubi
1049 4564 1148 4604 rex
1190 4549 1455 4618 propheta
1498 4549 1749 4605 homines
1794 4564 1822 4601 a

512 4622 652 4701 sono
679 4618 842 4701 tubae,
875 4618 1134 4701 psalterio
1154 4625 1211 4701 et
1234 4620 1456 4701 cytbara
1476 4660 1491 4684 ,
1519 4620 1741 4701 chordis
1767 4626 1823 4701 et
1846 4634 2073 4701 organo,

511 4686 845 4760 laudandum
874 4686 1087 4760 invitat,
1117 4688 1193 4760 id_
1211 4686 1404 4745 auctor
1433 4698 1620 4745 noster
1644 4690 1873 4760 mystice
1901 4686 2075 4759 expli-

511 4759 749 4812 eandum
781 4772 908 4813 esse
942 4757 1121 4814 docet.
1155 4757 1220 4812 Et
1251 4761 1468 4829 quidem
1499 4760 1547 4816 si
1580 4757 1770 4829 gentes
1800 4757 2071 4829 quaedam,

511 4776 749 4812 canuum
781 4776 908 4813 esse
942 4776 1121 4814 uocet.
1157 4776 1220 4812 bl.
1251 4776 1468 4829 quidem
1499 4776 1547 4816 SI
1615 4776 1770 4815 entes
1800 4776 2071 4829 quaedam,

508 4842 648 4898 quas
670 4828 762 4884 ille
789 4829 1107 4902 nominatim
1126 4832 1384 4900 appellat,
1402 4776 1665 4902 nonn_u§la
1691 4830 1819 4902 dum
1852 4830 2075 4902 bellige—

507 4906 736 4965 rantur,
776 4898 1039 4954 adhibent
1082 4898 1486 4964 instrumenta;
1528 4899 1822 4956 Christiani
1868 4898 2005 4957 sane
2041 4915 2072 4955 e

507 4970 787 5024 contrario
827 4970 1308 5052 semperupaciﬁei
1333 4985 1468 5052 .uuo
1506 4970 1704 5052 debent
1744 4973 1822 5025 uti
1852 4970 2072 5052 instru-

505 5049 693 5111 mento
713 5078 729 5102 ,
769 5039 959 5094 verbo’
988 5039 1200 5111 scilicet
1239 5040 1458 5103 divino,
1490 5056 1599 5111 quo
1626 5041 1761 5096 alios
1799 5040 1868 5095 ad
1900 5040 2067 5096 Deum

504 5108 867 5175 laudandum,
900 5110 1140 5179 agendas
1172 5111 1222 5180 ei
1252 5108 1589 5180 gratiasfet
1633 5112 1914 5167 honestam
1944 5125 2070 5164 cum

545 5179 755 5254 roximo
783 5193 885 5234 suo
912 5179 1366 5254 consuetudinem
1394 5182 1482 5254 pie
1498 5190 1793 5254 sancteque.
1808 5182 2066 5254 excitent.

553 5259 893 5322 erumtamen
916 5249 970 5322 si
988 5250 1312 5322 quis‘lyram
1355 5249 1441 5322 vel
1463 5249 1742 5322 cytharam
1773 5250 1992 5322 pulsare
2016 5258 2071 5304 et

501 5320 736 5388 psallere
779 5318 1039 5391 sciverit}
1091 5318 1293 5375 id'non
1328 5318 1511 5389 plane'
1535 5318 1903 5391 respuendum
1947 5333 2071 5375 esse

503 5396 716 5460 xuonet,
748 5389 912 5460 modo
943 5390 1032 5445 ille
1063 5404 1245 5460 regem
1282 5391 1599 5460 prophetam
1629 5389 1846 5449 divinas
1879 5391 2068 5449 laudes

501 5459 842 5531 decantando
877 5459 1143 5515 imitetur.
1178 5459 1250 5531 ᾼι
1288 5459 1745 5531 quemadmodum
1777 5468 2066 5531 antequam

500 5529 681 5582 cibum
712 5537 1108 5599 prmgustemus
1130 5569 1145 5591 ,
1187 5528 1331 5599 Deus
1359 5544 1390 5586 a
1420 5529 1581 5599 nobis
1609 5528 2027 5585 laudandus‘est
2047 5569 2062 5593 ,

501 5600 574 5650 ita
593 5605 647 5653 et
669 5599 722 5653 in
740 5607 890 5668 potu,
913 5599 1056 5654 sicut
1075 5600 1205 5653 olim
1222 5598 1395 5653 Graeci
1417 5599 1486 5652 ad
1502 5598 1854 5655 Hebraeorum
1874 5600 2065 5660 instar,

500 5676 555 5721 et
594 5675 719 5723 ante
768 5684 1020 5724 somnum
1095 5675 1315 5724 nostras
1358 5683 1462 5739 pro
1504 5670 1743 5738 acceptis
1788 5670 2068 5729 beneliciis

567 5820 611 5855 ³·
638 5834 755 5892 cap.
790 5822 843 5876 5.
918 5823 958 5854 ²¹
990 5837 1110 5894 cap.
1141 5822 1193 5875 4.
1272 5823 1314 5854 ¹²
1346 5837 1463 5893 cap.
1502 5822 1553 5877 5.
1629 5822 1674 5857 ³⁸
1702 5836 1819 5894 cap.
1854 5823 1906 5879 6.

2214 1880 2523 1951 spectacula
2550 1886 2645 1933 aut
2669 1879 2841 1951 facta:
2876 1878 3413 1951 imo_vero_stirpitus
3443 1878 3735 1951 amputanda

2213 1946 2328 2020 ipsa
2353 1950 2607 2004 vitiorum
2638 1948 2792 2020 radix
2819 1947 3105 2020 cupiditas.
3134 1946 3547 2020 Nequetamen
3568 1954 3613 2006 in
3634 1956 3735 2009 ullis

2212 2018 2467 2075 humanis
2503 2019 2749 2089 corporis
2779 2019 3038 2073 membris
3060 2058 3074 2081 ,
3105 2018 3209 2073 etsi
3244 2018 3542 2088 pudendis,
3579 2024 3663 2079 sed
3691 2026 3733 2079 in

2210 2091 2328 2160 solo
2363 2090 2493 2145 vitio
2531 2088 2801 2160 rebusque
2832 2088 3045 2145 vitiosis
3074 2089 3176 2143 sita
3204 2097 3291 2143 est
3322 2092 3620 2160 turpitudo.

2278 2159 2449 2215 Nemo
2474 2159 2739 2230 insupera
2755 2160 2910 2214 nobis
2928 2198 2942 2221 ,
2959 2160 3174 2230 tametsi
3203 2160 3273 2213 ab
3306 2160 3486 2228 aliquo
3502 2162 3700 2219 oﬂ‘eusis
3718 2203 3734 2229 ,

2211 2231 2267 2285 in
2293 2231 2545 2286 convivio
2575 2229 2788 2286 irrideri
2818 2242 3057 2299 unquam
3084 2229 3243 2299 debet
3270 2230 3348 2283 ’δε
3388 2241 3441 2285 et
3471 2240 3639 2288 tacere
3665 2249 3736 2289 sa-

2205 2302 2316 2357 tius
2336 2300 2607 2372 estquam
2632 2301 2727 2355 ulli
2753 2298 3148 2372 contradicere.
3186 2298 3386 2372 Verum
3426 2303 3494 2356 ab
3513 2305 3738 2360 omnibus

2205 2372 2428 2444 omnino
2453 2370 2726 2444 conviviis
2742 2377 2964 2441 pr0pter
2987 2370 3164 2444 tetatis
3191 2370 3610 2444 imbecillitatem
3634 2389 3737 2444 pro.

2204 2441 2426 2498 bibendi
2452 2449 2579 2499 sunt
2608 2440 2981 2497 adolescentes
3003 2447 3057 2494 et
3082 2440 3519 2504 adolescentulus.
3548 2440 3737 2499 nec'ulli

2203 2528 2443 2583 unquam
2478 2514 2532 2568 in
2560 2512 2629 2568 iis
2661 2510 3192 2583 cum‘alienauxore
3225 2511 3663 2583 accumbendum.
3689 2514 3736 2568 Si

2203 2579 2503 2639 necessitas
2536 2590 2715 2638 tamen
2750 2579 2803 2635 id
2833 2580 3102 2651 postulet,
3144 2581 3421 2651 quomodo
3451 2583 3499 2639 id
3536 2584 3670 2647 ﬁeri,
3693 2591 3736 2639 et

2201 2654 2474 2777 praecipue
2504 2652 2774 2724 quomodo
2801 2650 3175 2721 unusquisque
3199 2652 3315 2706 sive
3348 2653 3430 2706 vir
3448 2693 3462 2715 ,
3489 2656 3617 2711 sive‘
3634 2670 3738 2708 mu-

2224 2725 2321 2777 ier.
2360 2724 2476 2777 sive
2509 2725 2713 2777 senior.
2741 2729 2834 2777 aut
2868 2720 3071 2777 iunior.
3103 2737 3223 2776 sese
3258 2722 3312 2775 in
3346 2722 3539 2777 iisdem
3570 2726 3738 2777 convi-

2224 2725 2321 2788 ier,
2360 2720 2476 2779 sive
2509 2720 2713 2786 senior,
2741 2729 2834 2777 aut
2862 2720 3071 2790 junior,
3103 2737 3223 2776 sese
3258 2722 3312 2775 in
3346 2722 3539 2779 iisdem
3570 2726 3739 2779 convi-

2199 2794 2306 2849 viis
2334 2809 2520 2866 gerere
2539 2833 2554 2855 ,
2587 2793 2832 2866 loquiet
2848 2806 3033 2845 vocem
3064 2805 3415 2866 componere,
3444 2810 3505 2849 ac
3536 2811 3646 2866 qua!
3671 2796 3739 2866 vi-

2199 2870 2319 2936 tare
2337 2861 2552 2936 debeat,
2580 2861 2893 2936 singulatim
2911 2868 2966 2916 et
2988 2872 3241 2917 accurate
3255 2861 3507 2936 Clemens
3519 2861 3737 2936 exponit.

2265 2933 2377 2992 Nec
2412 2934 2597 2989 minus
2629 2932 2772 2989 clare
2817 2932 2885 2986 de
2924 2946 3251 2986 coronarum
3279 2976 3293 2998 ,
3330 2932 3525 2989 ﬂorum
3569 2932 3619 2991 et
3654 2952 3740 2989 uu-

2194 3012 2521 3077 guentorum
2557 3020 2656 3059 usu
2707 3003 2946 3077 disputat
2972 3002 3039 3067 ",
3087 3004 3610 3077 ac_primo_quidem
3633 3020 3738 3061 eum

2196 3074 2420 3130 minime
2457 3074 2826 3145 necessarium
2865 3087 2986 3127 esse
3029 3074 3328 3145 convincit.
3372 3074 3450 3129 Ne
3479 3078 3602 3145 quis
3632 3090 3741 3131 vero

2195 3146 2360 3216 pedes
2379 3145 2581 3201 Christi
2607 3160 2636 3199 a
2663 3142 2887 3199 muliere
2900 3151 3097 3217 unctos
3132 3144 3415 3217 obiiceret,
3440 3142 3738 3217 id'mystica,

2195 3214 2471 3286 quamque
2495 3217 2612 3286 ipse
2635 3219 2881 3286 excusat,
2907 3214 3069 3286 paulo
3092 3214 3378 3286 prolixiori
3404 3214 3743 3285 explicatione

2192 3284 2601 3355 interpretatur.
2647 3284 3012 3357 Sgdgbrevius
3052 3285 3188 3357 alias
3218 3285 3380 3338 diluit
3423 3284 3743 3357 objectiones

2192 3357 2262 3411 ab
2302 3352 2648 3426 antiquorum
2684 3352 2936 3426 Hebraici
2975 3354 3162 3426 populi
3192 3370 3390 3426 regum
3419 3352 3671 3411 unctione
3697 3363 3743 3409 et

2188 3424 2468 3509 Aristippo
2484 3426 2725 3509 petitas:
2733 3425 2944 3509 "Itaque
2973 3424 3356 3509 inexplebilem
3395 3429 3590 3509 merito
3656 3441 3740 3509 ex:

2192 3494 2679 3567 agitat'mulierum
2710 3494 3012 3567 libidinem,
3046 3510 3186 3565 quae,
3202 3495 3421 3550 etiamsi
3437 3498 3665 3566 plurima
3698 3505 3745 3549 et

2191 3564 2261 3623 ab
2292 3583 2359 3623 eo
2384 3567 2698 3622 nominibus
2730 3564 2844 3620 suis
2871 3564 3141 3635 appellata
3167 3564 3451 3634 unguenta
3472 3568 3740 3627 haberent,

2190 3639 2296 3692 alia
2325 3645 2506 3693 tamen
2540 3652 2678 3692 nova
2710 3634 2764 3690 in
2796 3634 2917 3708 dies
2940 3635 3345 3708 excogitabant.
3370 3636 3448 3689 Ex
3479 3639 3567 3693 his
3593 3650 3746 3708 porro

2190 3708 2468 3762 concludit
2499 3706 2921 3777 unguentarios,
2958 3705 3275 3777 civitatibus
3318 3706 3458 3760 bene
3536 3703 3751 3777 moratis

2191 3779 2381 3848 pulsos
2400 3818 2414 3839 ,
2443 3775 2640 3834 debere
2666 3792 2696 3830 a
2722 3775 3035 3848 Christiana
3068 3776 3350 3848 republica
3381 3777 3456 3829 ita
3496 3775 3740 3837 extrudi,

2194 3846 2251 3903 ut
2282 3849 2465 3903 nullus
2493 3848 2649 3918 plane
2689 3847 2803 3902 sive
2832 3846 2917 3900 vir
2938 3846 3097 3918 ,‘sive
3145 3846 3343 3918 mulier
3381 3857 3742 3918 unguentum,

2190 3918 2285 3989 sed
2311 3915 2633 3989 probitatem
2654 3918 2778 3971 vita:
2793 3923 2846 3971 et
2867 3915 3473 3989 pudicitiaeunctionem
3491 3916 3740 3971 redoleat.

2187 3985 2375 4058 Neque
2413 3988 2618 4043 idcirco
2656 3996 2837 4042 tamen
2859 3985 2886 4049 ξ
2915 3986 3089 4058 inquit
3137 3986 3229 4058 ille
3254 4026 3266 4047 ,
3313 3985 3520 4039 debent
3564 3999 3745 4040 omnes

2189 4055 2395 4121 omnia,
2415 4060 2558 4113 sicut
2578 4058 2824 4113 vultures
2840 4065 2892 4111 et
2913 4055 3179 4118 scarabei,
3197 4065 3478 4125 unguenta
3506 4058 3747 4126 rejicere;

2189 4128 2285 4185 sed
2316 4129 2401 4185 bis
2428 4135 2640 4185 tantum
2661 4169 2679 4194 ,
2712 4142 2833 4197 qua:
2864 4126 3068 4196 aliquid
3102 4134 3337 4197 possunt
3372 4125 3580 4182 all‘erre
3610 4125 3750 4179 utili-

2187 4200 2338 4264 tatis,
2369 4215 2432 4254 ea
2454 4213 2668 4269 semper
2694 4199 2773 4251 uti
2806 4198 2941 4268 lege,
2970 4203 3030 4252 ut
3061 4196 3267 4269 nulium
3304 4211 3550 4269 unquam
3586 4208 3751 4269 neque

2186 4270 2414 4324 odoratu
2440 4309 2454 4332 ,
2493 4265 2668 4338 neque
2697 4269 2814 4322 visu
2842 4265 3090 4338 {neque
3113 4265 3221 4338 alio
3264 4266 3379 4319 ullo
3403 4265 3577 4321 modo
3605 4268 3754 4338 volu-

2189 4341 2326 4410 ptati
2358 4339 2487 4393 dent
2520 4336 2720 4410 locum.
2756 4338 3023 4410 Caeterum
3057 4336 3130 4390 ibi
3153 4338 3416 4410 ostendit
3456 4337 3751 4410 unguentis

2186 4406 2240 4465 et
2271 4410 2391 4467 oleo
2425 4409 2646 4464 morbos
2678 4408 2940 4477 quosdam
2983 4408 3200 4472 sanari;
3241 4406 3336 4460 sed
3369 4407 3635 4463 mulieres
3670 4421 3754 4459 ar-

2186 4480 2322 4551 guit,
2346 4480 2671 4551 quaecrines
2690 4478 2943 4551 tingunt,_
2957 4484 3119 4546 atque
3142 4491 3237 4531 eas
3264 4491 3386 4547 quas
3410 4485 3635 4549 ungunt
3667 4490 3755 4530 ca-

1905 4548 2076 4604 Deum
2110 4551 2154 4605 D
2182 4547 2380 4620 pilius,~
2394 4549 2557 4620 citius
2590 4562 2881 4620 canescere
2912 4547 3270 4620 demonstrat.

2253 4618 2416 4675 Venit
2446 4618 2642 4674 deinde
2680 4618 2748 4672 ad
2782 4631 3014 4672 coronas
3045 4617 3223 4686 variis
3256 4615 3487 4672 ﬂoribus
3534 4629 3758 4686 compa-

2183 4698 2340 4753 etas,
2374 4697 2429 4744 et
2471 4704 2659 4744 earum
2705 4703 2864 4742 usum
2915 4685 3056 4755 apud
3092 4701 3334 4755 paganos
3376 4688 3431 4741 in
3480 4687 3755 4741 conviviis

2182 4759 2724 4829 frequentissimum,
2754 4758 2888 4812 dicit
2931 4756 3244 4829 Christiano
3288 4758 3548 4829 illicitum
3595 4771 3753 4829 esse,

2183 4825 2370 4890 utpote
2398 4832 2487 4884 cui
2515 4830 2662 4884 nulla
2690 4827 2884 4881 [lorum
2919 4826 3281 4882 delectatione
3308 4828 3395 4881 vel
3426 4827 3632 4890 odore,
3666 4825 3758 4881 sed

2183 4845 2240 4884 ιιι
2280 4845 2370 4884 0te
2398 4845 2487 4884 Clll
2515 4845 2662 4884 nuua
2690 4845 2884 4881 uorum
2919 4845 3281 4882 uelecwuoue
3308 4845 3395 4881 vel
3426 4845 3632 4890 onore,
3666 4845 3758 4881 seu

2182 4845 2299 4956 soro
2331 4906 2553 4969 aspectu
2585 4898 2690 4954 frui
2728 4899 2904 4953 liceat.
2951 4896 3280 4969 Christianae
3320 4899 3613 4953 enimvero
3642 4912 3759 4969 mu-

2180 4970 2332 5024 lieris
2371 4965 2570 5025 corona
2597 4976 2681 5024 est
2712 4969 2824 5028 vir.
2863 4974 2917 5021 et
2942 4967 3045 5021 viri
3073 4969 3528 5030 matrimonium;
3565 4965 3759 5022 matri-

2178 5038 2345 5093 monii
2374 5047 2551 5093 autem
2579 5040 2740 5093 ﬂores
2766 5036 2941 5100 liberi,
2975 5052 3038 5090 ac
3065 5038 3333 5093 universae
3368 5037 3644 5093 Ecclesia:
3671 5050 3762 5089 co-

2163 5124 2308 5166 rona
2339 5107 2612 5165 Christus.
2646 5107 2823 5162 Monet
2850 5116 3032 5161 tamen
3061 5108 3240 5162 varias
3268 5124 3393 5163 esse
3422 5107 3633 5162 ﬂorum
3661 5107 3762 5158 vir—

2172 5186 2356 5241 tutes,
2393 5194 2622 5250 quarum
2678 5178 2797 5232 alia:
2843 5177 3005 5233 utiles
3031 5217 3045 5239 ,
3090 5177 3210 5250 alia:
3243 5179 3423 5231 noxia:
3468 5185 3615 5232 sunt
3657 5184 3766 5250 aut

2170 5247 2512 5319 periculosae.
2565 5247 2763 5304 Verum
2807 5254 2866 5319 ut
2911 5262 3023 5301 rem
3056 5247 3223 5301 altius
3262 5256 3317 5319 et
3366 5263 3396 5301 a
3427 5264 3534 5302 sua
3584 5248 3764 5319 prima

2169 5316 2381 5390 origine
2409 5327 2616 5388 repetat
2637 5359 2651 5383 ,
2685 5319 2757 5372 ibi
2788 5317 3328 5390 primumquomodo
3350 5358 3365 5381 ,
3384 5328 3451 5390 _et
3475 5333 3513 5390 εξ
3553 5316 3765 5390 quibus

2172 5386 2400 5459 casperit
2426 5386 2748 5445 coronarum
2777 5387 3174 5459 ususstrictim
3204 5388 3443 5459 attingit.
3472 5386 3769 5453 Quoniam

2170 5457 2349 5513 autém
2366 5459 2518 5515 falsis
2543 5459 2669 5521 diis,
2703 5458 2795 5527 qui
2815 5457 3041 5512 ﬂoribus
3070 5457 3521 5521 delectabantur,
3565 5471 3772 5511 conse—

2176 5537 2340 5583 cratae
2372 5528 2589 5585 fuerant
2618 5543 2834 5583 corona:
2858 5568 2872 5589 ,
2908 5541 2971 5581 ac
3003 5527 3194 5597 pagani
3228 5535 3480 5581 mortuos
3519 5540 3771 5580 eumna-

2174 5600 2327 5663 bant,
2362 5598 2430 5654 iis
2458 5599 2714 5653 omnibus
2745 5596 3059 5652 Christiano
3084 5596 3281 5666 probat
3313 5613 3437 5653 esse
3464 5597 3774 5652 abstinen—

2176 5668 2324 5723 dum.
2375 5668 2442 5722 Et
2471 5676 2617 5724 certe
2660 5683 2784 5723 cum
2816 5667 3071 5724 Christus
3097 5706 3113 5732 ,
3158 5674 3216 5721 ut
3260 5666 3381 5723 fuse
3417 5667 3641 5724 ibidem
3680 5667 3774 5721 ille

1992 5825 2056 5898 _"
2087 5838 2203 5896 cap.
2236 5824 2285 5878 7.
2365 5823 2409 5855 ’³
2434 5838 2549 5895 cap.
2587 5824 2635 5879 8.

3210 6524 3238 6530 —-
3300 6524 3336 6532 ﬁ.
3388 6522 3521 6534 ν--κ
3562 6526 3621 6534 πε..
3656 6516 3840 6534 -κ-Α--Δ
