3922 6578
1929 287 1950 320 \

142 373 296 432 821
1292 377 1379 434 DE
1419 375 1675 436 TR’lBUS
1707 378 2080 436 PEDAGOGI
2117 377 2359 434 LlBRlS.
3349 380 3455 436 821

143 495 449 566 explicat
469 533 484 559 ,
518 492 716 566 spinis
741 497 1038 549 coronatus
1076 491 1242 566 fue_rit
1269 533 1283 557 ,
1315 509 1426 549 non
1469 495 1624 550 decet
1661 494 1778 564 ejus
1806 503 1854 559 Α
1884 494 2088 550 idcirco
2103 508 2198 550 eas
2211 501 2423 566 tantum
2448 507 2568 566 qua:
2586 491 2861 566 simplices
2891 502 3019 548 sunt
3048 501 3450 557 etcommnnes.

149 561 806 635 dislcipulum'floribus
835 565 1108 635 coronari.
1142 561 1366 635 Fatetur
1391 566 1608 635 quidem
1642 561 1782 620 non-
1883 566 2093 635 colligit
2125 581 2249 620 esse
2291 561 2618 618 induendas.
2678 561 3025 635 Feminarum
3068 571 3248 618 tamen
3301 567 3456 620 infir-

151 633 392 699 nulla‘,
425 649 549 705 quae
574 641 866 698 recenset,
902 633 1108 705 homini
1150 633 1304 705 utilia
1329 649 1391 688 ex
1429 634 1652 705 ﬂoribus
1680 652 1784 689 un-
1885 633 2061 690 mitati
2112 642 2171 689 ut
2203 635 2494 705 consulat,
2537 633 2791 705 concedit
2831 650 2926 689 eas
2978 636 3324 690 mollioribus
3372 638 3449 690 uti

145 713 413 770 guenta
440 702 714 774 componi;
742 710 796 756 at
822 703 950 772 quia
976 710 1158 774 tamen
1179 702 1493 759 Christiano
1516 704 1583 758 ad
1607 721 1786 760 neces—
1884 706 2150 769 vestibus,
2177 703 2470 758 dummodo
2493 705 2562 758 ab
2591 703 2700 758 illis
2729 703 2889 774 luxus
2911 707 3088 761 omnis
3113 715 3450 761 amoveatur.

151 774 453 844 sitatem,
483 772 761 844 nunquam
794 787 925 828 vero
958 772 1025 825 ad
1053 772 1469 844 delectationem
1500 774 1581 830 fas
1608 784 1690 830 est
1717 776 1784 830 iis
1884 774 2278 831 Asseveranter
2328 781 2520 844 autem,
2550 773 2873 844 pronuntiat
2901 782 3098 844 vestes
3136 777 3452 843 longiores,

157 843 304 907 uti,
339 845 476 899 hinc
516 842 845 898 coronarum
884 857 1045 897 usum
1074 842 1251 898 eidem
1286 845 1396 898 ullo
1431 845 1592 900 modo
1621 846 1786 901 licere
1886 860 2080 900 aureas
2101 885 2116 906 ,
2163 845 2402 906 sericas,
2441 843 2528 897 vel
2552 842 2740 898 'nimis
2773 843 3070 898 artificiose
3102 842 3410 900 elaboratas
3432 887 3448 910 ,

152 915 434 984 perlitus
464 915 760 969 inficiatur.
893 983 900 984 ί
1148 983 1159 984 7
1885 915 2085 970 divinis
2107 915 2317 984 legibus
2339 913 2556 983 penitus
2578 913 2869 984 proscribi;
2895 923 3055 984 atque
3074 915 3261 968 eodem
3295 917 3454 984 plane

261 982 534 1040 Posthac
571 984 827 1038 edisserit
860 983 905 1014 "
929 983 1200 1052 quomodo
1229 984 1596 1048 Christianus,
1630 999 1785 1039 caena
1887 982 2178 1040 interdicto
2208 985 2403 1038 vetitas
2434 998 2578 1047 esse,
2614 998 2756 1051 quas
2787 982 2878 1035 ille
2913 983 3109 1037 ibidem
3141 982 3448 1047 enumerat,

157 1062 438 1119 peracta
460 1095 476 1118 ,
527 1057 594 1108 ad
640 1068 891 1108 somnum
932 1052 1132 1122 prtevia
1161 1055 1408 1109 oratione
1439 1071 1498 1109 se
1535 1054 1786 1110 conferre
1888 1055 2120 1108 vestium
2154 1055 2424 1108 tincturas
2447 1092 2463 1117 ,
2497 1061 2551 1109 et
2583 1053 2762 1107 solum
2795 1053 3039 1106 nativum
3073 1061 3126 1107 et
3159 1054 3450 1108 candidum

160 1122 428 1178 debeat.
477 1125 524 1178 A
568 1124 722 1178 lectis
765 1131 944 1177 autem
988 1137 1202 1176 omnem
1252 1125 1410 1193 plane
1457 1125 1642 1179 luxum
1671 1167 1684 1185 ,
1734 1133 1788 1180 et
1889 1126 2126 1179 colorem
2170 1123 2533 1179 retinendum.
2572 1122 2700 1177 Inde
2746 1122 2911 1192 igitur
2953 1137 3016 1175 ac
3049 1123 3141 1177 Cei
3190 1125 3451 1192 sophista:

162 1194 606 1258 mollitiem,et
630 1192 903 1266 superflua
927 1194 1108 1266 omnia
1131 1193 1206 1246 ita
1235 1192 1784 1266 praecipitremoveri,
1888 1194 2201 1266 testimonio
2243 1193 2444 1266 evincit
2489 1193 2771 1248 mulierem
2804 1232 2818 1254 ,
2856 1208 2976 1266 quae
3021 1194 3190 1246 nimio
3225 1204 3454 1248 ornatus

161 1271 251 1315 ut
309 1279 415 1319 sua
449 1272 664 1336 tantum
700 1263 1060 1332 ’simplicitate
1093 1278 1194 1336 nos
1224 1265 1291 1336 ab
1318 1263 1453 1319 aestu
1495 1281 1558 1318 ac
1586 1265 1787 1336 frigore
1887 1265 2166 1336 vestisque
2188 1264 2372 1336 studio
2395 1271 2628 1336 tenetur,
2656 1271 2766 1316 tam
2797 1279 2826 1336 a
2865 1263 2976 1336 Deo
3001 1278 3178 1336 quam
3199 1280 3227 1316 a
3253 1266 3452 1332 pudico

161 1340 488 1406 ttteantur.
509 1335 594 1406 bln
625 1335 692 1389 iis
712 1341 901 1406 tantem
937 1347 1139 1406 somno
1153 1335 1237 1406 ita
1268 1332 1694 1406 indulgendum]
1728 1344 1786 1388 ut
1889 1332 2144 1406 conjugio
2176 1332 2463 1406 excidisse.
2501 1332 2610 1406 Nec
2642 1347 2719 1406 ea_
2736 1334 2853 1406 vult
2880 1333 2993 1406 sibi
3017 1333 3204 1406 objici,
3232 1350 3351 1402 quae
3385 1335 3453 1406 de

165 1403 263 1476 at;
313 1419 385 1458 eo
417 1404 576 1476 facile
605 1404 826 1476 encitati
854 1442 868 1465 ,
888 1412 956 1476 Aet
989 1404 1198 1473 angelis
1227 1403 1505 1476 egregoris
1537 1406 1744 1476 similes
1767 1445 1783 1468 ,
1888 1403 2160 1476 regiarum
2195 1403 2426 1476 fiiiartnn
2461 1404 2670 1476 vestitu
2692 1403 2858 1476 David
2881 1444 2894 1467 ,
2927 1403 3219 1476 allegorice
3255 1405 3454 1460 intelli-

167 1473 264 1545 gad
314 1475 600 1530 canendas
636 1474 745 1527 Deo
763 1471 968 1545 laudes
1008 1471 1174 1545 noctu
1218 1471 1527 1545 surgamus.
1563 1475 1642 1530 Ad
1690 1477 1786 1530 has

169 1541 400 1616 itaque
423 1545 634 1614 vigilias
665 1553 721 1598 ut
749 1542 1046 1616 Christiani
1079 1541 1443 1616 promptiores
1473 1547 1580 1600 sint
1609 1555 1662 1600 et
1692 1561 1787 1616 pa-

167 1612 616 1685 ratiorem—eos,
653 1623 714 1668 ut
746 1612 1383 1685 somnunrimmodicum
1420 1615 1651 1685 fugiant,
1689 1612 1783 1671 ve-

167 1681 495 1755 hementer
509 1685 848 1755 adhortatur.
880 1681 982 1752 15
999 1679 1155 1755 illum
1183 1685 1403 1754 quippe,
1425 1679 1518 1755 qu'i
1538 1687 1696 1741 morti
1717 1688 1785 1741 si-

171 1753 352 1806 milis
402 1760 507 1818 est,
541 1762 596 1808 et
635 1752 910 1822 superﬂuo
941 1752 1203 1806 alimento
1230 1752 1558 1819 concitatur,
1581 1757 1782 1813 nullius

173 1821 738 1900 corporiveianima:
751 1821 1270 1900 esse_utilitatis_Lot
1288 1827 1782 1900 exemploplanum
1817 1844 1859 1900 Β

179 1892 402 1961 utique
435 1893 567 1966 facit
606 1903 662 1949 et
701 1894 1097 1966 perSpiettutn._
1121 1891 1239 1966 Non
1275 1891 1654 1966 totam'gigiiur
1683 1912 1781 1951 no-

177 1970 351 2015 ctem
382 2002 396 2025 ,
445 1964 618 2017 multo
673 1962 853 2018 minus
903 1962 1140 2016 interdiu
1193 1962 1593 2020 dormiendum.
1643 1966 1779 2020 Cum

174 2045 334 2086 vero
364 2033 487 2087 dies
515 2034 694 2088 deficit
715 2075 730 2097 ,
765 2044 876 2089 tum
907 2032 1101 2086 litteris
1134 2032 1383 2090 homines
1403 2075 1418 2098 ,
1449 2035 1661 2090 feminae
1703 2039 1782 2090 la-

177 2101 396 2156 nificio
435 2117 659 2172 Operam
694 2105 826 2159 dare
866 2102 1082 2157 debent.
1119 2101 1360 2172 Denique
1396 2120 1494 2160 nos
1531 2106 1782 2162 Clemens

184 2172 359 2245 serio
390 2172 651 2245 admonet
679 2182 928 2229 nostrum
953 2173 1330 2245 tantummodo
1359 2189 1558 2245 corpus
1589 2193 1784 2232 somno

180 2240 479 2326 indigere,
505 2244 728 2326 minime
755 2258 886 2298 vero
909 2241 1398 2326 anitnani,.quippe
1427 2240 1548 2314 q'ute
1568 2262 1783 2326 semper

181 2313 448 2380 cogitet,
491 2327 556 2370 ac
601 2314 729 2368 dum
776 2327 976 2385 corpus
1008 2311 1247 2386 dormit,
1295 2311 1368 2368 ita
1399 2311 1506 2386 per
1545 2311 1780 2386 seipsam

177 2391 518 2461 Operetur,
571 2391 632 2438 ut
695 2399 820 2440 vera
874 2382 1100 2442 somnia
1162 2382 1274 2438 sint
1329 2382 1527 2440 sobria:
1587 2382 1782 2444 animae

183 2454 588 2520 cogitationes.

271 2521 356 2594 Et:
388 2538 457 2594 eo
490 2523 666 2578 somni
695 2531 938 2594 tempore
964 2535 1154 2582 auctor
1194 2533 1382 2581 noster
1413 2525 1542 2580 data
1575 2525 1680 2582 sibi
1712 2527 1779 2583 de

182 2589 649 2647 Christianorum
687 2589 962 2650 connubio
991 2597 1206 2652 dicendi
1238 2596 1530 2651 occasione
1561 2597 1626 2658 ’⁷.
1665 2613 1781 2650 ma-

187 2662 410 2737 nifeste
444 2663 604 2718 nobis
636 2666 830 2737 prohat
874 2682 1100 2737 scopum
1136 2668 1282 2721 illius
1314 2682 1440 2737 esse
1477 2669 1782 2736 susceptio-

187 2746 327 2808 nem
355 2733 676 2808 libellorum,
710 2735 872 2790 finem
901 2733 1032 2792 vero
1061 2738 1205 2808 piam
1219 2736 1545 2808 eorumdemr
1567 2733 1781 2808 institu-

184 2802 433 2878 tion_em.
473 2801 819 2878 Quapropter
842 2801 1078 2861 omnem'
1096 2808 1258 2861 aliam
1285 2806 1390 2859 viri
1420 2807 1776 2878 mulierisque

186 2873 654 2948 conjunctionem
689 2873 937 2948 illicitam
960 2916 976 2943 ,
1011 2878 1233 2948 impiam
1261 2884 1316 2930 et
1353 2873 1780 2948 nefariamesse

186 2941 703 3019 concl‘udit._Quod
741 2941 970 3019 quidem
994 2941 1180 3019 illeicx
1211 2955 1485 3019 praecepta
1522 2962 1551 3000 a
1588 2947 1778 3019 Moyse

189 2963 512 2998 conciuuu.
549 2963 703 3009 uuoa
741 2963 960 3015 quidem
994 2963 1083 3001 me
1107 2963 1180 3002 ex
1251 2963 1485 3015 raacepta
1522 2963 1551 3000 a
1597 2963 1774 3019 moyse

189 3013 409 3086 leporis
435 3022 489 3068 et
519 3014 689 3086 hieme
719 3017 1070 3080 abstinentia,
1097 2963 1245 3072 haus
1272 3017 1774 3086 inepteconfirmat.

189 3081 367 3157 Plura
400 3092 582 3157 autem
615 3085 688 3138 ibi
722 3086 986 3156 disputat,
1018 3102 1138 3157 quae
1167 3088 1234 3142 de
1273 3081 1505 3156 utroque
1532 3087 1626 3141 illo
1659 3091 1777 3142 ani-

188 3153 330 3239 niali
352 3161 458 3234 ..ει
491 3153 616 3239 aliis
655 3171 776 3239 qna:
811 3153 1000 3238 vocem
1033 3153 1363 3239 'tnutantnet
1396 3153 1674 3239 colorem,
1708 3161 1776 3239 ab
1803 3181 1845 3239 ρ

190 3222 449 3278 historiae
494 3222 762 3296 naturalis
801 3226 1167 3296 scriptoribus
1209 3226 1540 3282 referuntur.
1580 3226 1776 3283 Subdit

188 3309 422 3349 omnem
455 3294 617 3367 plane
635 3297 748 3367 viri
777 3305 831 3351 et
861 3294 1126 3360 mulieris,
1170 3299 1278 3354 nisi
1310 3313 1420 3366 quo
1449 3307 1570 3367 post
1598 3299 1776 3367 legiti-

190 3378 316 3438 mas
367 3365 789 3438 nuptiasgliberi
821 3367 1098 3438 procreari
1142 3365 1383 3435 possint,
1425 3365 1774 3423 concubitum

193 3433 335 3511 ipsis
371 3433 839 3511 espressissimis'
859 3435 1083 3511 Moysis
1103 3433 1286 3511 verbis
1311 3478 1344 3511 ,ἓ
1363 3446 1681 3511 e_t__sumpto
1709 3440 1777 3511 de

193 3502 529 3576 Sodomitist
565 3507 834 3576 supplicio
896 3502 1262 3563 disertissime
1334 3502 1606 3563 inhiberi:
1647 3508 1776 3566 inde

191 3587 367 3642 porro
402 3573 804 3644 colligitr’n'efas
830 3593 952 3632 esse
984 3577 1125 3638 viro,
1161 3592 1286 3633 cum
1315 3593 1483 3632 uxore
1515 3593 1612 3632 sua
1634 3618 1649 3643 ,
1681 3590 1775 3634 aut

189 3651 490 3719 menstruo
515 3643 781 3719 profluvio
802 3647 1106 3719 laborante,
1130 3655 1225 3700 aut
1249 3647 1426 3702 adhuc
1443 3661 1772 3719 praegnante,

193 3713 278 3786 vel
306 3713 550 3786 unquam
577 3717 749 3772 solius
771 3717 1068 3786 voluptatis
1089 3733 1256 3772 causa
1288 3733 1400 3773 rem
1435 3713 1650 3773 habére.
1680 3713 1777 3775 Pe?-

191 3785 579 3858 tulansigitur
603 3787 790 3858 libido,
819 3785 1088 3858 pluribus,
1114 3804 1234 3858 quae
1257 3789 1347 3843 ille
1373 3788 1558 3851 refert,
1580 3798 1773 3845 vocata

192 3855 541 3928 nominibizs,
577 3857 798 3911 omnino
821 3855 1148 3911 cohibenda
1179 3865 1294 3923 est;
1331 3859 1771 3928 quandoquidem

191 3938 261 3977 ex
291 3939 356 3979 ea
376 3963 393 3989 ,
429 3924 579 4001 sicut
623 3941 689 3980 ex
723 3928 1081 3983 immoderato
1112 3924 1607 4001 conrcubiiu__mult-_i
1629 3945 1774 4001 gra-

191 4009 444 4068 vesque,_
462 3995 930 4068 Scripturasacra
963 4005 1124 4066 atque
1152 4000 1313 4052 etiam
1332 3995 1676 4068 philosOphis
1699 4007 1774 4053 at-

191 4065 534 4120 lestantibus
564 4065 802 4138 ,:_morbi
839 4083 902 4121 ac
944 4065 1177 4138 plurima
1231 4065 1584 4138 nec'tniniin'a
1628 4071 1771 4123 mala

227 4143 557 4191 enerantur.
586 4135 704 4210 Non
729 4136 850 4210 ideo
875 4135 1326 4210 tamennuptias,
1359 4153 1478 4208 qua:
1505 4135 1615 4192 Deo
1645 4155 1774 4210 pro—

233 4213 340 4258 aue
375 4213 539 4278 sunt,
571 4206 911 4262 damnandas
933 4248 948 4270 ,
985 4207 1078 4262 sed
1111 4206 1406 4278 legitimum
1431 4247 1444 4272 ,
1491 4223 1555 4278 ac
1587 4206 1767 4273 nocte,

190 4283 248 4348 et
269 4276 451 4348 certis
488 4276 754 4331 duntaXat
786 4278 1122 4348 temporibus
1145 4276 1261 4342 ,‘ad
1299 4277 1601 4348 gignendos
1631 4279 1771 4335 filios

190 4344 402 4399 debere
429 4360 552 4416 esse
580 4361 767 4401 earum
790 4344 970 4402 usuin.
1008 4347 1198 4403 Pueris
1221 4344 1404 4416 itaque
1428 4362 1492 4401 ac
1523 4349 1767 4414 senibus,

189 4417 376 4484 pergit
409 4415 683 4489 Clemens,
705 4433 901 4489 uxores
930 4418 1131 4473 ducere
1171 4419 1250 4471 fas
1280 4415 1390 4472 non
1423 4425 1540 4472 est:
1577 4420 1771 4489 conju-

191 4499 293 4568 ge‘s
325 4501 459 4540 vero
486 4487 621 4540 nihil
651 4487 759 4542 nisi
789 4488 1352 4568 honestu_in,_ca§tum
1379 4529 1392 4551 ,
1428 4496 1483 4541 et
1508 4487 1764 4568 pudicum

191 4556 340 4608 inter
383 4571 443 4610 se
477 4572 712 4627 unquam
745 4572 904 4627 agere
943 4558 1160 4612 debent.
1196 4556 1304 4614 Eos
1336 4574 1465 4613 vero
1494 4556 1629 4614 scite
1670 4575 1765 4614 ca-

191 4627 365 4697 stigat
390 4665 404 4687 ,
438 4626 530 4694 qui
578 4626 864 4696 perperam
903 4627 1175 4697 negabant
1212 4643 1240 4682 a
1279 4629 1490 4682 ratione
1531 4631 1766 4684 naturali

191 4696 405 4770 alienas
438 4697 745 4770 voluptates
775 4712 897 4752 esse
933 4696 1015 4770 vel
1051 4699 1290 4770 illicitas,
1326 4700 1409 4770 vel
1443 4697 1549 4770 Deo
1581 4699 1768 4770 cogni-

188 4773 300 4838 tas.
336 4764 520 4838 Monet
553 4764 715 4838 igitur
749 4777 961 4822 noctem
996 4768 1155 4823 bonis
1188 4768 1448 4836 operibus
1481 4764 1766 4824 illustr'an-

189 4835 344 4910 dam,
373 4835 638 4910 pt_i_dorein
662 4853 786 4910 cum
812 4838 996 4910 tunica
1019 4853 1134 4910 non
1157 4835 1487 4901 exuendum,
1519 4838 1768 4910 iniquum

187 4904 386 4976 rebus
413 4904 672 4961 Venereis
706 4908 848 4961 vinci
872 4947 887 4969 ,
919 4922 982 4961 ac
1017 4908 1188 4976 ipsam
1222 4917 1427 4963 rectam
1462 4904 1728 4965 rationem
1750 4949 1765 4973 ,

187 4975 648 5046 moderatumque
689 4978 798 5032 cibi
850 4987 903 5031 et
944 4975 1112 5034 vestis
1159 4993 1317 5034 usum
1365 4979 1604 5035 salubria
1643 4996 1768 5036 esse

191 5046 629 5115 intemperantia:
661 5048 922 5102 remedia.

259 5115 582 5184 Opportuna
608 5132 770 5186 porro
798 5117 869 5172 ibi
893 5117 1074 5171 oblata
1094 5120 1385 5176 occasione
1404 5127 1592 5175 contra
1616 5135 1765 5174 sum-

187 5194 420 5253 ptuosas
451 5195 636 5260 vestes
646 5188 957 5260 _inv_elntur,
975 5201 1172 5260 easque
1199 5205 1229 5243 a
1263 5190 1483 5246 Christo
1518 5191 1766 5260 prohibi-

188 5263 275 5311 tas
295 5271 423 5330 esse
444 5256 705 5330 ostendit.
734 5256 1030 5330 Spartanos
1064 5256 1246 5330 itaque
1278 5275 1342 5330 eo
1372 5256 1590 5315 nomine
1614 5275 1765 5313 com-

185 5325 455 5396 mendat,
509 5328 654 5396 quod
700 5328 832 5382 solis
885 5325 1268 5384 meretricibus
1309 5329 1530 5386 floridas
1582 5336 1762 5385 vestes

187 5395 773 5471 olim_conces_s_e_rin_t:
826 5405 988 5466 atque
1030 5399 1419 5462 Athenienses,
1465 5400 1559 5471 qui
1602 5415 1761 5455 secus

187 5464 504 5528 faciebant,
541 5467 646 5522 sibi
680 5468 755 5520 ait
787 5464 911 5521 non
933 5483 1094 5539 posse
1138 5471 1448 5539 approbari.
1483 5464 1760 5526 "Vestibus

185 5539 470 5610 enimvero
510 5551 633 5591 cum
668 5553 776 5592 non
822 5539 924 5591 alia
959 5538 1026 5593 de
1068 5538 1233 5594 causa
1284 5541 1522 5610 indigeat
1556 5541 1717 5594 homo
1741 5579 1756 5604 ,

185 5607 287 5661 nisi
326 5615 396 5681 ut
427 5621 630 5681 corpus
676 5623 835 5664 suum
873 5615 1162 5681 contegat,
1209 5607 1454 5681 illudque
1507 5611 1574 5665 ab
1616 5611 1758 5666 aeris

186 5691 278 5732 seu
330 5675 638 5747 frigidioris
689 5693 786 5733 seu
830 5675 1108 5734 calidior-is
1147 5675 1467 5750 intemperie
1501 5687 1756 5746 tueatur,

251 5831 298 5864 ³⁸
339 5845 463 5903 cap.
500 5832 561 5890 9..
631 5836 672 5868 "
699 5849 819 5907 cap.
860 5835 944 5891 l0.
1022 5836 1066 5869 "
1103 5850 1222 5907 cap.
1260 5836 1344 5892 ll.
1423 5840 1468 5874 ”
1499 5852 1621 5910 cap.
1655 5837 1752 5893 l2.

1887 1472 2061 1544 genda
2086 1514 2101 1539 ,
2135 1475 2190 1528 in
2227 1473 2460 1529 Psalmis
2505 1474 2721 1544 cecinit.
2759 1472 2894 1526 Nam
2927 1474 3174 1542 quamvis
3209 1479 3264 1544 in
3300 1477 3452 1528 infir-

1889 1542 2080 1600 inioris
2113 1559 2278 1598 sexus
2311 1544 2536 1613 gratiam
2571 1542 2638 1598 de
2671 1544 2848 1613 legum
2879 1544 3168 1598 severitate
3198 1543 3453 1600 Clemens

1888 1623 2076 1670 noster
2099 1614 2303 1684 aliquid
2319 1612 2626 1677 remiserit,
2665 1612 3333 1684 prazfractenihilominus
3358 1632 3454 1670 ne-

1887 1695 1976 1755 gat
2002 1684 2096 1738 ulli
2131 1683 2371 1753 unquam
2404 1683 2582 1737 licitas
2615 1699 2737 1739 esse
2794 1683 3069 1753 xystides,
3096 1684 3450 1755 rephaptides,

1889 1753 2064 1824 pepla,
2103 1756 2450 1824 pretiosiores
2498 1755 3004 1824 lanas,vestesque
3053 1753 3216 1807 nimis
3263 1757 3454 1822 longas

1886 1823 2314 1879 et’difiluentes.
2359 1823 2532 1877 Aliam
2566 1839 2694 1878 vero
2738 1823 3100 1890 objectionem
3128 1862 3142 1885 ,
3175 1840 3238 1877 ex
3293 1827 3452 1878 talari

1886 1892 2091 1950 Christi
2132 1896 2313 1949 tunica
2356 1893 2721 1962 desumptam,
2763 1892 2963 1946 ibidem
3005 1893 3179 1947 diluit.
3215 1893 3451 1950 Tametsi

1885 1973 2067 2020 autem
2101 1966 2326 2034 simplex
2347 2003 2362 2027 ,
2400 1979 2507 2017 non
2543 1971 2723 2018 tamen
2758 1964 2980 2017 sordida
3013 1964 3172 2017 debet
3207 1979 3328 2018 esse
3359 1981 3456 2019 ve-

1885 2035 2007 2105 stis,
2031 2050 2330 2105 omnesque
2353 2034 2598 2105 corporis
2625 2034 2904 2105 muliebris
2936 2042 3117 2105 partes
3146 2035 3261 2089 suis
3291 2037 3450 2089 vesti-

1883 2104 2010 2168 bus,
2039 2105 2182 2162 sicut
2213 2103 2266 2161 et
2289 2113 2471 2174 caput,
2499 2104 2618 2158 velo
2649 2111 2776 2174 sunt
2810 2104 2882 2155 ita
2913 2103 3173 2174 tegendae,
3209 2113 3265 2158 ut
3301 2106 3452 2160 nulla

1887 2191 2124 2246 unquam
2151 2176 2305 2246 nuda
2347 2171 2625 2244 appareat.
2667 2171 2821 2227 Vetat
2856 2171 3212 2246 nihilominus
3255 2190 3321 2228 ne
3355 2190 3451 2229 ve-

1885 2245 1997 2299 lum
2029 2245 2165 2299 illud
2195 2247 2265 2300 sit
2307 2259 2638 2314 purpureum
2664 2284 2680 2308 ,
2725 2251 2817 2296 aut
2856 2245 3058 2314 quaevis
3094 2245 3288 2298 mulier
3324 2260 3452 2313 pur-

1885 2329 2051 2384 purea
2073 2316 2156 2370 vel
2182 2313 2345 2370 nimis
2365 2315 2600 2383 pretiosa
2627 2321 2797 2377 veste,
2822 2329 2929 2384 qua
2953 2313 3232 2367 hominum
3259 2317 3452 2370 oculos

1883 2383 2040 2454 adgse
2071 2395 2390 2441 convertere
2423 2385 2614 2454 possit,
2651 2384 2800 2454 ullibi
2831 2383 3126 2452 aliquando
3160 2393 3359 2438 utatur.

1957 2453 2158 2510 Dehinc
2190 2462 2370 2510 autem
2400 2453 2488 2509 ille
2520 2455 2678 2508 docet
2710 2455 2754 2485 ’⁸
2786 2453 2840 2507 in
2869 2454 3254 2508 calceamentis
3285 2455 3443 2508 simi—

1882 2524 2009 2579 liter
2039 2527 2316 2580 vitandum
2340 2540 2462 2580 esse
2492 2525 2700 2587 luxum,
2728 2524 3009 2578 mollitiem
3035 2533 3088 2578 et
3113 2525 3446 2593 superbiam.

1880 2593 2040 2650 Jubet
2075 2597 2240 2666 igitur
2272 2595 2425 2664 rejici
2461 2610 2598 2666 vana
2638 2610 2928 2648 aureorum
2974 2609 3457 2663 gemmeortnnque

1881 2665 2273 2731 sandaliorum,
2310 2674 2359 2721 et
2389 2665 2732 2733 crepidarum
2774 2666 3159 2732 soleat-umque
3194 2666 3474 2718 artilicia..

1880 2735 2172 2790 Pulchrum
2202 2744 2381 2790 autem
2406 2744 2592 2789 censet
2619 2751 2742 2789 esse
2772 2736 2909 2795 viro,
2941 2735 3046 2788 nisi
3079 2735 3293 2795 militet,
3323 2735 3451 2787 nul-

1880 2807 1962 2861 los
1985 2807 2184 2860 habere
2215 2806 2450 2867 calceos,
2485 2815 2648 2874 atque
2675 2807 2723 2860 ei
2746 2804 3202 2873 quemadmodum
3234 2804 3449 2858 mulieri

1880 2876 2004 2930 illos
2036 2883 2246 2930 tantum
2278 2875 2604 2938 induendos,
2635 2876 2834 2943 quibus
2865 2890 3056 2930 omnes
3088 2875 3305 2942 pedum,
3340 2875 3452 2927 ullo
3480 2912 3481 2916 η

1881 2946 2000 3000 sine
2034 2945 2174 3000 fastu
2205 2952 2602 3009 contectorum,
2632 2945 2962 3000 offensiones
2995 2945 3302 3014 propulsari
3328 2951 3453 2998 tuto

1918 3024 2100 3070 ueant.

1918 3032 2100 3070 ueant.

1880 3032 1914 3088 (ι
1948 3086 2162 3141 Puerile
2210 3099 2338 3140 vero
2384 3094 2438 3140 et
2487 3100 2685 3139 vanum
2739 3100 2862 3140 esse
2907 3091 3059 3154 putat
3105 3087 3147 3116 ³³
3202 3099 3447 3153 gemmas

1879 3157 2124 3227 quolibet
2164 3156 2356 3219 modo,
2388 3158 2500 3227 sive
2527 3171 2592 3209 ex
2626 3157 2793 3227 maris
2826 3163 2962 3227 testis
2989 3194 3004 3218 ,
3038 3155 3153 3210 sive
3189 3171 3252 3227 es
3288 3162 3448 3208 terra:

1880 3223 2142 3281 ratnentis
2175 3235 2348 3289 ortas,
2378 3226 2460 3280 vel
2493 3226 2772 3287 admirari,
2799 3226 2882 3278 vel
2912 3225 2978 3279 iis
3015 3240 3072 3278 se
3103 3232 3196 3276 aut
3223 3223 3446 3277 domum

1879 3313 2034 3352 suam
2082 3312 2297 3352 ornare.
2329 3295 2695 3361 Quamobrem
2733 3310 3007 3350 summum
3055 3295 3340 3348 mulierum
3381 3309 3452 3348 ea

1877 3367 1932 3422 in
1965 3382 2024 3422 re
2055 3367 2238 3422 luxum
2266 3381 2454 3421 severe
2483 3367 2732 3435 castigat.
2767 3365 2987 3419 Fatetur
3008 3363 3224 3435 quidem
3256 3379 3448 3431 super-

1877 3453 2003 3492 nam
2031 3436 2330 3492 Jerusalem
2356 3437 2610 3506 pretiosis
2631 3433 3006 3492 constructam
3027 3433 3306 3506 lapidibus
3334 3449 3447 3506 me«

1878 3508 2119 3572 morari,
2169 3507 2265 3562 sed
2298 3504 2405 3561 illis
2449 3504 2634 3560 ﬂorem
2675 3507 2904 3576 spiritus
2933 3512 3038 3576 ,ret
3083 3504 3447 3558 immortalem

1876 3586 2183 3658 creaturam
2209 3576 2502 3658 significari
2527 3575 2836 3658 contendit.
2865 3575 3178 3658 Quianteni
3202 3589 3446 3658 gemmas

1876 3655 2097 3716 propter
2137 3644 2410 3703 hominem
2435 3686 2450 3709 ,
2489 3655 2653 3716 atque
2701 3662 2731 3699 a
2771 3646 2902 3709 Deo,
2937 3653 2995 3698 ut
3033 3645 3100 3699 iis
3134 3644 3346 3697 fruatur
3389 3652 3446 3697 et

1874 3715 2178 3773 oblectetur
2199 3757 2216 3783 ,
2249 3727 2463 3773 creatas
2495 3715 2763 3780 direrint,
2799 3717 2900 3772 hos
2930 3715 3208 3769 renuntiat
3245 3716 3446 3768 divina:

1874 3789 2180 3844 voluntatis
2235 3787 2951 3858 planepenitusqueesse
3000 3786 3241 3858 ignaros.
3301 3783 3444 3858 Deus

1873 3859 2150 3913 enimvero
2184 3855 2251 3913 ea
2275 3855 2459 3911 omnia
2500 3873 2621 3926 quae
2661 3857 2939 3910 hominum
2975 3857 3095 3910 usui
3132 3855 3443 3926 necessaria

1874 3936 2023 3998 sunt,
2053 3936 2236 3998 aperte
2261 3924 2602 3998 suppeditat:
2627 3934 2850 3998 caetera,
2883 3927 3026 3998 sicut
3049 3941 3266 3998 aurum,
3296 3924 3442 3992 quod

1873 3995 2136 4068 eﬂodiunt
2165 3995 2401 4052 formica:
2425 4038 2441 4062 ,
2487 3997 2722 4068 gryplies
2752 3996 3090 4068 custodiunt
3115 4034 3127 4057 ,
3164 3995 3443 4068 velterrte

1871 4067 2194 4132 visceribus,
2227 4068 2312 4122 vel
2347 4063 2514 4135 aqua?
2533 4063 2804 4136 profundo
2831 4066 3139 4122 abscondit.
3170 4065 3237 4116 At
3265 4063 3444 4116 homi-

1871 4151 1971 4191 nes
2000 4137 2112 4190 haec
2141 4138 2290 4192 curis
2321 4137 2678 4206 supervacuis
2711 4145 3013 4206 quaerentes
3033 4175 3046 4198 ,
3080 4149 3206 4206 vera
3238 4141 3291 4186 et
3325 4147 3442 4186 εαξ-

1871 4207 2028 4260 lestia
2053 4207 2194 4261 bona
2220 4203 2516 4277 negligant.
2548 4203 2816 4261 Praeterea
2837 4206 3132 4275 Apostolus
3152 4203 3309 4277 docet
3329 4218 3454 4277 non.

1871 4276 2055 4329 omnia
2083 4319 2098 4340 ,
2130 4273 2314 4332 etianf
2339 4273 2497 4331 nobis
2527 4291 2790 4331 concessa
2815 4319 2828 4341 ,
2865 4273 3080 4345 semper
3111 4289 3233 4329 esse
3266 4273 3436 4327 licita.

1875 4346 2018 4401 Deus
2050 4362 2179 4401 vero
2200 4387 2214 4407 ,
2235 4348 2341 4417 .qui
2373 4348 2555 4400 omnia
2587 4347 2840 4402 omnibus
2865 4345 3174 4399 communia
3199 4347 3436 4417 creavit,

1873 4417 2119 4486 praecipit
2143 4412 2320 4488 primo
2351 4417 2614 4470 ccelorum
2652 4416 2854 4486 inquiri
2887 4430 3133 4488 regnum,
3161 4423 3215 4468 et
3245 4429 3310 4468 ex
3341 4412 3440 4467 bo-

1874 4487 1961 4542 nis
1983 4487 2188 4558 nostris
2217 4503 2302 4548 ea,
2326 4503 2447 4558 qua:
2464 4488 2622 4542 nobis
2651 4487 2962 4542 necessaria
2989 4501 3098 4540 non
3120 4492 3277 4558 sunt,
3305 4499 3440 4558 pauf

1869 4557 2088 4627 peribus
2101 4555 2548 4629 erogari.Contra
2566 4567 2745 4611 tamen
2769 4558 3044 4612 instabant
3069 4555 3245 4609 adhuc
3271 4555 3438 4629 aliqui

1867 4625 1922 4699 et
1945 4625 2243 4699 urgebant:
2279 4628 2450 4698 Cujus
2471 4643 2600 4696 ergo
2625 4637 2785 4699 erunt
2805 4634 3125 4699 sumptuosa
3149 4633 3203 4681 et
3230 4625 3440 4695 magni-

1867 4697 1972 4752 fica
2020 4697 2250 4768 quaeque
2273 4740 2288 4763 ,
2317 4697 2373 4754 si
2397 4713 2588 4753 omnes
2617 4698 2755 4751 nihil
2786 4697 2895 4752 nisi
2933 4698 3039 4768 vile
3069 4705 3123 4750 et
3146 4710 3440 4749 commune

1870 4766 2282 4824 habeant?_Sed
2332 4770 2416 4823 his
2456 4768 2708 4823 Clemens
2752 4766 3047 4836 respondet
3079 4781 3267 4821 eorum
3313 4779 3438 4818 esse

1869 4837 2099 4909 debere,
2137 4841 2229 4909 qui
2272 4839 2476 4908 absque
2504 4838 2895 4909 vehementiori
2941 4838 3107 4891 animi
3157 4837 3351 4909 alfectu
3382 4841 3439 4887 et

1870 4907 2188 4965 discrimine
2217 4910 2285 4963 iis
2308 4907 2402 4962 uti
2419 4915 2668 4977 possunt.
2701 4908 2968 4962 Caeterum
2993 4923 3058 4961 ea
3082 4907 3285 4966 onmia,
3315 4919 3440 4977 quae

1869 4987 2100 5033 ornatus
2140 4974 2444 5035 satietatem
2482 4977 2732 5041 afferunt,
2773 4979 2841 5031 ab
2873 4977 3136 5032 omnibus
3157 4991 3279 5030 esse
3308 4974 3437 5041 reji-

1869 5049 2082 5123 cienda,
2107 5047 2545 5123 quandoquidem
2569 5051 2620 5123 in
2640 5049 2754 5103 sola
2779 5049 2978 5123 virtute
2995 5047 3252 5123 consistit
3275 5059 3438 5123 omne

1873 5118 2074 5190 bonum
2098 5115 2431 5190 [pulchrum
2480 5125 2534 5172 et
2581 5119 2889 5174 honestum.
2916 5115 3436 5190 Quocircannilites

1874 5183 2162 5259 increpat,-
2201 5190 2294 5260 qui
2339 5204 2474 5260 auro
2520 5203 2738 5258 quoque
2774 5189 3130 5242 ornabantur.
3181 5183 3435 5238 Mulieres

1870 5274 2000 5314 vero
2040 5259 2232 5316 acrius
2265 5259 2492 5328 corripit
2519 5297 2536 5324 ,
2570 5275 2707 5328 quas
2736 5274 2960 5313 cernere
2999 5264 3134 5328 erat
3159 5268 3295 5328 auro
3326 5266 3435 5306 non

1871 5335 1980 5403 tam
2011 5331 2195 5384 ornari
2239 5324 2656 5403 quam—onerari
2681 5371 2694 5390 ,
2729 5344 2793 5383 ac
2823 5330 2967 5403 sicut
2998 5326 3138 5403 apud
3169 5324 3448 5403 barbaros.

1869 5399 1998 5452 olim
2027 5412 2212 5456 sontes
2237 5392 2290 5456 et
2319 5415 2462 5460 reos,
2491 5401 2670 5455 aureis
2691 5392 3051 5468 compedibus
3066 5394 3258 5449 vinciri
3281 5399 3334 5447 et
3355 5392 3437 5468 al—

1868 5469 2045 5549 ligari.
2075 5470 2200 5552 illas
2222 5471 2553 5553 porrodicit
2579 5470 2648 5524 ab
2669 5461 2859 5553 eodeni
2890 5476 3142 5553 serpente
3171 5461 3434 5553 huncde-

1866 5537 1996 5608 cipi,
2035 5541 2128 5610 qui
2163 5537 2416 5610 primitus
2449 5540 2613 5592 Evam
2644 5555 2769 5610 esca
2801 5537 3175 5592 fraudulenter
3204 5537 3436 5588 circum-

1863 5613 2033 5680 venit.
2054 5609 2410 5667 Manifestum
2447 5613 2630 5680 itaque
2665 5609 2795 5662 facit
2823 5615 3292 5680 catenas__aureas_,
3317 5616 3435 5654 mo-

1867 5678 2027 5749 nilia,
2048 5683 2302 5749 annulos,
2328 5691 2382 5737 et
2397 5675 2673 5751 reliquum
2706 5692 2920 5734 omnem
2951 5675 3231 5732 muliebris
3268 5677 3453 5728 luxus.
