3848 6536
529 315 642 385 825

1201 323 1269 378 lN
1299 319 1722 378 CLEMENTEM
1761 319 1964 374 ALEX.
2009 318 2073 373 D.
2116 317 2203 372 LE
2239 314 2529 374 Νεδυῆἣῖ
2569 310 3026 371 MSSERTATlO
3064 308 3106 365 Ι.
3647 307 3726 363 εἰς

531 456 808 510 ornatum,
843 462 965 501 cum
993 453 1274 515 poetarum
1301 459 1363 498 ac
1385 458 1558 500 sacrae
1587 442 1884 514 Scriptura:
1906 451 2094 515 aucto-
2125 447 2166 502 Α
2199 455 2319 495 nem
2342 454 2468 515 vero
2497 437 2732 515 pilosuin
2765 443 2824 515 ei
2835 435 3140 515 barbatum
3175 430 3463 515 creaverit,
3491 445 3604 512 eum
3633 432 3724 515 iadi

532 521 712 584 ritate,
747 528 862 572 tum
893 512 1058 572 certis
1090 531 1156 570 ex
1183 524 1332 570 recta
1360 515 1574 569 ratione
1605 512 1786 584 petitis
1817 512 2096 584 probatio-

531 582 845 644 nibus-esse
875 587 1251 655 rejicienrlum.
1290 585 1532 654 Denique
1552 582 1830 655 concludit
1854 582 2099 655 verafe-

531 661 692 714 mina:
724 653 1043 712 ornamenta
1072 658 1185 711 haac
1214 672 1334 710 esse
1361 675 1374 708 ε
1409 653 1664 708 manuum
1683 654 1928 724 quidem,
1953 653 2098 721 piam

529 745 756 785 suorum
802 728 1066 782 bonorum
1099 728 1323 796 pauperi
1371 725 1749 796 largitionem,
1791 739 1854 777 ac
1897 733 2100 796 rectam

531 799 748 854 familiae
763 793 1318 862 administrationem;
1355 793 1552 865 pedum
1585 795 1688 866 16
1710 809 1856 852 vero.
1872 793 1946 866 ad
1964 793 2100 866 bene

529 869 838 925 faciendum
885 867 1217 922 alacritatem
1253 874 1307 920 et
1340 863 1790 936 progressionem,
1819 864 1886 917 ad
1927 863 2096 933 justi-

525 941 696 1006 tiam;
730 938 879 1005 colli,
909 936 1260 1008 pudoremiet
1289 935 1915 1008 modestiamaaurium.
1949 942 2098 1008 cate-

526 1005 732 1064 chesim
761 1016 814 1062 et
847 1005 986 1063 verae
1012 1007 1135 1061 fidei
1166 1007 1505 1069 doctrinam;
1545 1005 1831 1058 oculorum
1855 1005 2095 1068 tandem,

529 1094 720 1135 sanam
757 1093 939 1133 rerum
972 1077 1280 1131 divinarum
1316 1076 1849 1146 contemplationem.

1046 1183 1441 1241 ARTICULUS
1480 1184 1570 1241 lll.

993 1275 1246 1347 Analysis
1281 1276 1404 1329 libri
1433 1277 1596 1329 tertii.

593 1340 908 1416 Superioris
963 1346 1092 1400 libri
1137 1340 1535 1416 argumentum
1587 1347 1941 1416 prosequitur
1970 1346 2095 1402 Cle-

519 1429 676 1469 mens
704 1415 770 1478 ³⁰,
807 1426 861 1470 et
881 1416 1120 1471 ostendit
1147 1415 1330 1471 veram
1365 1415 1603 1471 hominis
1636 1415 2093 1486 pulchritudinem

517 1499 640 1557 eam
670 1500 813 1546 esse,
843 1487 1223 1557 quasuperior
1268 1486 1640 1542 animae-illius
1691 1503 1840 1557 pars,
1887 1488 2096 1543 scilicet

509 1556 682 1619 ratio,
715 1558 867 1627 parti
885 1556 1150 1620 inferiori,
1171 1572 1269 1627 seu
1297 1557 1602 1626 cupiditati,
1618 1556 1738 1627 quae
1755 1559 1933 1613 varias
1954 1574 2095 1614 sem-

520 1640 636 1694 per,
669 1629 813 1680 sicut
842 1625 1095 1692 Proteus,
1123 1627 1177 1681 in
1209 1625 1412 1682 formas
1463 1642 1520 1681 se
1552 1625 1732 1690 vertit,
1795 1627 1866 1682 ita
1915 1628 2098 1683 domi-

518 1703 703 1758 natur,
737 1707 852 1750 uta
883 1696 1062 1751 Verbo
1096 1697 1301 1758 divino,
1369 1698 1607 1750 humana
1658 1713 1824 1753 carne
1880 1698 2090 1763 induto,

2202 519 2256 566 et
2307 502 2552 572 tonderi,
2614 505 2699 562 vel
2757 505 2880 559 aliis
2929 502 3232 572 vellendum
3287 516 3346 556 se
3382 502 3726 572 et_picaudum

2203 581 2442 649 prebere
2474 568 2908 649 contranaturaa
2934 575 3098 649 ieges,
3132 571 3417 649 ipsiusque
3447 568 3535 649 Dei
3565 572 3721 649 voluti-

2201 642 2364 704 iatem
2384 665 2505 704 esse
2533 647 2831 702 convincit.
2867 644 2952 698 Ad
2991 642 3104 698 haec
3135 657 3267 694 vero
3293 642 3503 696 etiamsi
3537 642 3615 709 pix
3654 642 3723 694 ali-

2199 735 2362 789 quem
2381 720 2618 786 juvaret,
2640 731 2751 789 non
2792 715 2915 789 ideo
2947 721 3128 789 tamen
3158 711 3247 767 ille
3270 726 3468 789 corpus
3497 713 3722 789 suumiu-

2197 780 2341 859 j'uria
2361 780 2571 843 allicere
2604 780 2784 848 debet,
2821 783 2918 841 sed
2950 783 3144 859 potius
3151 780 3471 859 cupiditatis
3495 797 3596 835 sua:
3616 781 3720 849 pilos

2199 851 2397 914 vellere
2424 867 2478 912 et
2501 859 2764 912 radicitus
2789 851 3096 926 amputare.
3128 851 3207 908 lbi
3237 851 3420 926 autem
3452 859 3625 904 auctor
3645 868 3721 926 no-

2201 937 2332 1001 ster,
2361 930 2598 1001 oblatam
2634 934 2826 1001 nactus
2850 923 3224 1001 occasionem,
3275 923 3331 976 in
3388 935 3632 1001 summam
3658 923 3721 975 in-

2198 1000 2416 1053 vehitur
2444 999 2529 1052 sui
2563 997 2820 1066 temporis
2849 996 3120 1066 luxuriam
3145 1034 3161 1057 ,
3196 1009 3300 1063 qua
3323 996 3718 1066 paganisuarum

2199 1070 2466 1138 permissu
2511 1061 2708 1138 legum,
2729 1066 2794 1138 in
2824 1065 2974 1120 omni
3023 1065 3187 1138 etiam
3215 1061 3387 1132 inagis
3417 1061 3641 1138 projecta:
3680 1073 3721 1116 et

2198 1132 2472 1193 effrenata:
2528 1132 2772 1192 libidinis
2815 1151 3012 1206 genere
3068 1136 3286 1206 impune
3355 1132 3715 1206 volutabantur.

2204 1209 2498 1264 Contendit
2530 1207 2694 1277 igitur
2729 1202 2840 1261 nec
2859 1206 2999 1276 pilos
3036 1202 3365 1277 tondendos,
3396 1216 3494 1277 nec
3535 1203 3717 1277 barbam

2196 1271 2636 1348 deponendam,
2669 1284 2723 1332 et
2785 1271 3049 1348 neutrum
3076 1273 3389 1348 immodico
3428 1271 3721 1348 feminecque

2196 1343 2348 1402 cultu
2387 1346 2758 1403 nutriendum.
2790 1345 2854 1399 Et
2883 1345 2936 1400 id
2963 1343 3180 1414 quidem
3215 1343 3407 1414 probat
3451 1356 3550 1394 non
3582 1343 3719 1414 solum

2199 1419 2370 1475 leonis
2395 1431 2448 1474 et
2479 1418 2596 1488 apri
2623 1417 2895 1488 exemplo,
2929 1411 3024 1488 sed
3053 1411 3518 1488 etiamZGallorum
3543 1418 3587 1464 et
3619 1411 3720 1480 Sey-

2196 1489 2434 1561 tharum,
2471 1483 2565 1561 qui
2619 1483 2814 1561 luxurii
2852 1485 3078 1539 omnino
3133 1483 3494 1561 fugindnt‘tet
3536 1497 3720 1561 summa;

2194 1567 2323 1613 sunt
2366 1552 2710 1627 frugalitatis.
2769 1556 2949 1627 Monet
3011 1552 3596 1627 tamen’Christianos,
3635 1552 3716 1605 etsi

2196 1629 2338 1684 hanc
2399 1622 2755 1683 barbarorum
2801 1626 3056 1680 virtutem
3098 1623 3300 1677 imitari
3348 1622 3589 1682 debeant,
3631 1636 3718 1674 non

2195 1702 2274 1754 eis
2301 1699 2526 1758 idcirco,
2552 1698 2694 1751 sicut
2725 1703 2778 1750 et
2815 1696 2944 1757 illis,
2985 1710 3050 1748 ac
3093 1692 3420 1748 nomadibus
3445 1732 3460 1758 ,
3511 1691 3585 1746 fas
3621 1705 3719 1746 esse

519 1766 688 1834 probe
717 1766 982 1843 instructa
1005 1807 1020 1831 ,
1050 1767 1269 1843 ipsimct
1305 1766 1413 1843 Deo
1447 1767 1642 1843 similis
1679 1767 1790 1821 fiat.
1834 1766 2088 1843 Eamdem
2124 1787 2162 1843 Β
2195 1769 2512 1843 animalium
2544 1768 2726 1843 bibere
2756 1767 3098 1836 sanguinem.

513 1851 734 1908 quoque
759 1838 998 1891 hominis
1027 1836 1489 1908 pulchritudinem
1519 1839 1760 1908 positam
1785 1853 1907 1893 esse
1932 1838 2088 1892 docet

506 1906 572 1959 in
603 1907 888 1968 charitate,
909 1906 1318 1977 quae'quidquid
1349 1909 1703 1977 superfluum,
1737 1906 1941 1970 fictum,
1973 1915 2028 1964 et
2057 1923 2086 1961 α

515 1991 576 2030 se
603 1978 840 2030 alienum
871 1986 975 2047 est.
1006 1978 1235 2047 respuit,
1266 1992 1329 2032 ac
1359 1993 1422 2047 ea
1453 1978 1590 2037 sola.
1616 1993 1736 2046 quae
1761 1987 1910 2032 recta
1935 1987 2085 2044 sunt,

512 2047 881 2118 amplectitur.
911 2046 975 2118 Et
1006 2048 1058 2101 id
1082 2046 1302 2116 quidem
1341 2046 1545 2118 Christi
1589 2048 1782 2117 probat
1809 2049 2082 2118 exemplo,

513 2117 608 2185 qui
641 2131 741 2170 nec
771 2117 1044 2171 exitnia'et
1083 2118 1309 2187 pulchra
1328 2117 1486 2174 facie.
1510 2133 1612 2172 nec
1636 2133 1863 2186 corpore
1886 2117 2088 2172 fo‘rmo-

511 2199 629 2257 sus,
650 2187 824 2257 solum
849 2187 1042 2242 animae
1054 2187 1307 2242 omnibus
1323 2187 1520 2240 divinis
1542 2187 1832 2242 virtutibus
1851 2188 2086 2257 praedita:

512 2255 863 2326 spiendorcm
896 2257 1085 2311 habuit
1109 2265 1163 2312 et
1185 2257 1667 2326 pulchritudinem.

583 2324 745 2379 Nulla
771 2326 954 2396 itaque
981 2328 1046 2389 “,
1083 2324 1259 2396 inquit
1292 2327 1414 2389 ille,
1446 2342 1726 2396 corporea:
1783 2329 2084 2383 venustatis

508 2410 642 2449 cura
674 2398 786 2467 ulli
811 2412 935 2451 esse
969 2397 1146 2461 debet,
1207 2397 1420 2467 nisiunt
1485 2412 1686 2467 corpus
1713 2412 1871 2451 suum
1907 2399 2084 2451 conti-

507 2467 711 2520 nentiae
741 2466 940 2522 virtute
965 2467 1272 2521 decoretur.
1318 2465 1456 2520 Hinc
1485 2467 1550 2520 ad
1586 2465 1928 2521 ’muliebrem
1961 2469 2080 2521 cul-

509 2545 622 2590 tum
645 2537 922 2606 delapsus,
945 2538 1104 2592 nobis
1127 2538 1284 2606 plane
1305 2544 1359 2591 et
1388 2536 1674 2606 perspicue
1710 2536 1950 2591 ostendit
2000 2536 2081 2592 fe-

507 2606 710 2677 minas,
753 2623 874 2675 qua:
907 2606 1218 2677 crispandis
1259 2607 1504 2677 crinibus
1529 2646 1543 2671 ,
1585 2607 1737 2676 genis
1774 2607 2037 2677 ungendis
2063 2646 2078 2669 ,

510 2676 803 2745 pingendis
833 2676 1302 2745 oculis,aliisqua:
1337 2676 1526 2730 formae
1565 2676 1868 2730 lenociniis
1903 2678 2081 2730 conti-

509 2761 674 2799 nuam
747 2757 948 2800 navant
1011 2761 1263 2816 operam,
1329 2747 1597 2815 sepulcris
1658 2746 2078 2816 Egyptiorum,

503 2819 746 2887 exterius
772 2816 1168 2887 magnificentia
1193 2817 1518 2878 incredibili,
1575 2816 1802 2871 interius
1832 2816 2080 2871 horribili

507 2883 1244 2955 belluinaque'deformitate
1285 2887 1525 2956 omnium
1581 2887 1768 2941 oculos
1814 2888 2080 2956 perstrin-

505 2956 775 3035 gentibus,
805 2957 1364 3035 esserpianeusimiles.
1399 2955 1489 3010 lla:
1521 2955 1963 3035 siquidemidum
1994 2971 2080 3035 re-

499 3025 647 3091 jecta
675 3025 870 3082 domus
895 3025 1192 3080 etfamiliae
1215 3040 1367 3087 cura,
1399 3035 1504 3080 tam
1537 3027 1785 3095 turpibus
1815 3026 2078 3094 impensis

501 3107 613 3165 non
644 3096 806 3165 modo
853 3098 994 3152 bona
1049 3095 1447 3165 facultatesque
1474 3096 1716 3150 virorum
1750 3095 2074 3165 dilapidant,

503 3164 598 3236 sed
647 3163 886 3228 formam
937 3181 1152 3236 quoque
1183 3182 1335 3221 suam
1360 3163 1512 3227 fuco,
1545 3166 1819 3236 variisque
1861 3163 2074 3220 inistio-

503 3233 666 3306 nibus
694 3233 1077 3306 corrumpunt,
1106 3238 1288 3306 plures
1325 3237 1430 3290 sibi
1455 3233 1807 3306 consciscunt
1827 3237 2069 3304 morbos,

501 3317 568 3358 ac
602 3304 768 3358 Deum
797 3304 1125 3361 contumelia
1164 3306 1431 3363 alliciunt.
1467 3305 1711 3360 Subinde
1743 3314 1935 3359 auctor
1973 3320 2073 3360 no-

499 3381 618 3428 ster
650 3373 787 3429 hanc
812 3375 1128 3432 effrenatam
1160 3376 1448 3431 mulierum
1475 3377 1753 3431 mollitiem
1783 3385 1837 3430 et
1885 3376 2070 3430 luxum

498 3443 668 3498 variis
701 3454 806 3498 tam
835 3447 1172 3501 ethnicorum
1202 3458 1482 3516 poetarum
1507 3461 1669 3516 quam
1699 3446 1896 3500 divina:
1919 3444 2068 3500 Serio

499 3519 672 3585 ptume
685 3515 1560 3585 testimouiis§acerriine;exagitat.
1584 3515 1717 3569 Nam
1741 3516 1865 3577 illze,
1880 3531 2072 3584 quem-

497 3581 790 3655 admodum
849 3581 1055 3652 Plutus,
1115 3581 1300 3641 oculis
1351 3581 1544 3655 captaa,
1603 3601 1670 3642 eo
1718 3581 2066 3654 impudentiae

497 3653 862 3725 devenerunt,
915 3664 974 3709 ut
1029 3657 1224 3711 belluis
1276 3653 1765 3725 ipsis—deteriores,
1796 3653 1919 3725 ’Ahas
1957 3672 2067 3710 non

498 3721 609 3775 alio
635 3726 868 3796 consilio
903 3725 1196 3796 adhibeant
1232 3721 1505 3796 peregrini
1540 3733 1768 3796 ornatus
1799 3723 2066 3791 fallacias,

495 3806 660 3865 quam
696 3802 769 3865 iit
802 3795 872 3848 ab
911 3795 1226 3850 hominibus
1255 3795 1431 3850 videri
1467 3797 1642 3865 iisque
1693 3795 1907 3864 placere
1943 3811 2069 3865 pos-

495 3863 627 3917 sint.
693 3863 1128 3936 Tuntucontinuo
1185 3881 1280 3920 eas
1318 3863 1570 3921 Narcissi
1594 3863 1843 3936 exemplo
1880 3863 2068 3920 et'sa-

493 3947 711 4007 crorum
741 3933 992 4007 codicum
1019 3937 1342 3991 auctoritate
1367 3936 1636 4007 coarguit,
1679 3933 1801 4007 quae
1829 3936 2067 4005 speculis

494 4002 562 4076 ad
591 4001 828 4057 fucatam
879 4004 1070 4076 faciem
1118 4021 1273 4076 suam
1319 4001 1786 4076 contemplandum
1817 4001 2062 4060 utuntur.

491 4069 678 4142 Neque
709 4089 873 4145 porro
917 4075 1213 4145 quidquam
1263 4075 1320 4130 in
1364 4069 1553 4130 earuni
1587 4077 1818 4145 gratiam
1872 4076 2067 4132 fecisse

493 4146 734 4210 reginam
764 4144 976 4208 Esther,
1002 4144 1123 4214 qua:
1149 4148 1400 4216 mystice,
1434 4147 1545 4214 regi
1573 4144 1634 4216 ut
1659 4147 1919 4215 placeret,
1973 4161 2066 4200 or-

491 4223 640 4286 nata,
670 4229 768 4286 pro
797 4215 1225 4283 pulchritudinis
1249 4218 1441 4286 pretio
1470 4215 1732 4286 pupulum
1773 4231 1946 4286 suum
1995 4216 2066 4270 ab

492 4281 648 4355 hoste
672 4281 918 4339 liberare
973 4287 1193 4342 meruit.
1231 4281 1448 4352 Q'uanta
1471 4281 1640 4355 porro
1669 4300 1736 4339 ex
1769 4285 2063 4340 immodico

492 4351 681 4434 forma}
709 4355 939 4434 cultu_et
964 4367 1180 4434 ornatu”
1181 4351 1430 4434 oriantur
1456 4351 1618 4419 mala,
1652 4363 2065 4434 postquam_pa-

490 4421 696 4494 tefecit,
724 4425 1037 4493 angelorum
1068 4434 1120 4480 et
1149 4427 1555 4481 Sichimitarum
1597 4421 1846 4492 exemplo
1859 4421 2063 4494 colligit

492 4492 962 4614 inalzedcupiditati
1021 4511 1227 4552 morem
1286 4513 1400 4552 non
1425 4511 1551 4552 esse
1588 4497 1656 4550 ab
1686 4497 1794 4548 ullo
1825 4492 2061 4565 unquam

492 4576 654 4614 aerea
698 4579 808 4614 Uln.

490 4576 784 4630 gerendum
795 4604 808 4616 .

560 4631 831 4702 Quoniam
865 4643 1046 4689 autem
1079 4636 1182 4690 hoc
1211 4638 1403 4692 vitium
1443 4650 1556 4690 non
1592 4633 1823 4689 feminas
1850 4633 2027 4687 solum
2051 4675 2068 4702 ,

488 4701 585 4755 sed
623 4701 872 4758 homines
901 4706 1063 4758 etiam
1093 4706 1388 4770 invaserat,
1423 4707 1550 4761 hinc
1576 4714 1631 4760 et
1655 4706 1710 4758 in
1747 4718 1842 4759 eos
1885 4705 2069 4758 insur-

488 4772 568 4841 git
596 4771 664 4836 ³²,
708 4773 800 4841 qui
831 4775 1141 4829 meretricio
1171 4792 1322 4832 more
1349 4777 1572 4840 attonsi,
1607 4774 1946 4830 tenuissimis
2003 4789 2067 4828 ac

488 4841 787 4916 perlucidis
819 4846 1066 4900 vestibus
1102 4845 1296 4908 induti,
1349 4862 1674 4916 comamque
1714 4846 1857 4900 sicut
1905 4845 2066 4898 femi—

486 4915 947 4987 n;e_nutrientes,
1005 4917 1192 4970 eadem
1219 4919 1382 4972 etiam
1441 4915 1603 4987 atque
1653 4918 1757 4972 illae
1789 4923 2063 4985 unguenta

483 4983 728 5056 olebant.
783 4983 1044 5056 Civitates
1098 5001 1259 5056 porro
1292 4989 1358 5041 iis
1397 4983 1532 5042 dicit
1565 4987 1734 5042 fuisse
1788 4983 2057 5055 oppletas,

485 5052 578 5127 qui
613 5055 716 5109 hos
743 5052 1366 5127 effeminatos'homines
1391 5097 1406 5120 ,
1438 5074 1468 5111 a
1499 5057 1734 5127 Diogene
1765 5052 1910 5110 haud
1940 5056 2060 5127 ilic-

484 5124 608 5195 pide
666 5127 880 5186 irrisos.
940 5126 1210 5195 picahant,
1263 5129 1546 5191 radebant,
1604 5123 1895 5181 vellebant.
1949 5123 2059 5179 Nec

483 5194 684 5268 minori
736 5197 787 5252 id
818 5194 952 5250 aliis
991 5196 1124 5268 vitio
1145 5198 1330 5258 vertit.
1362 5199 1506 5268 quod
1540 5212 1707 5268 canos
1739 5197 1846 5268 alio
1873 5196 2058 5268 coiore

483 5265 787 5335 pingentes,
817 5266 1125 5336 venerabile
1151 5307 1166 5328 ,
1217 5265 1430 5336 ipsique
1461 5269 1570 5322 Deo
1625 5266 1803 5321 simile
1845 5265 2057 5321 senium

483 5349 683 5406 exuere
713 5353 771 5392 se
803 5352 965 5406 posse
994 5335 1198 5391 frustra
1227 5335 1651 5391 arbitrabantur.

553 5404 817 5462 Muliebre
853 5406 1020 5476 igitur
1050 5421 1174 5461 esse
1201 5406 1445 5460 declarat
1482 5407 1666 5461 crines
1708 5405 1924 5468 vellere,
1973 5405 2058 5459 vel

488 5486 584 5527 eos
616 5491 940 5546 componere
980 5476 1048 5530 ad
1076 5478 1378 5546 speculum,
1433 5490 1496 5546 ac
1538 5490 1691 5546 suam
1731 5490 1880 5546 auro
1916 5491 2058 5546 Acon-

489 5549 670 5620 texere
695 5544 780 5600 vel
805 5553 973 5620 tatam
1007 5544 1233 5620 vestem,
1268 5545 1350 5620 vel
1400 5545 1522 5620 ejus
1567 5545 1857 5599 fimbriam.
1881 5544 2057 5620 _Deu_s

488 5615 764 5668 enimvero
790 5630 914 5669 cum
945 5615 1202 5671 feminam
1235 5616 1477 5685 glabram
1511 5615 1822 5683 lzevemque,
1880 5615 2057 5670 homi-

561 5760 606 5792 ⁸⁸
629 5779 748 5829 cap.
779 5765 828 5819 l.
905 5767 946 5798 ³¹
983 5783 1102 5838 cap.
1135 5769 1190 5824 2.
1291 5771 1334 5802 ³¹
1367 5783 1487 5839 cap.
1523 5768 1574 5821 5.
1653 5769 1697 5800 ³³
1727 5785 1846 5839 cap.
1879 5768 1931 5823 4.

905 5767 946 5798 ’ί
983 5783 1102 5838 cap.
1135 5769 1190 5824 2.

2012 5771 2054 5809 ³⁸
2093 5785 2212 5841 cap.
2247 5771 2300 5826 5.

2263 1838 2368 1893 Sed
2399 1839 2526 1915 quia
2556 1838 2628 1891 ibi
2662 1829 2913 1915 Clemens
2959 1850 2989 1915 a
3023 1829 3716 1915 7propositonpauluium"di-

2187 1900 2634 1978 gressus'fuerat,
2665 1906 2729 1959 ad
2764 1907 2894 1960 illud
2929 1900 3292 1978 statim_redit
3316 1900 3382 1966 3',
3433 1917 3493 1955 ac
3515 1900 3716 1978 inutilem

2187 1971 2466 2034 servorum
2497 1984 2550 2030 et
2581 1977 2926 2039 famularum,
2985 1974 3306 2028 ancillarum
3347 1980 3400 2025 et
3440 1971 3715 2042 pedisequa-

2187 2063 2307 2102 rum
2366 2048 2764 2102 multitudinem
2823 2046 3148 2100 insectatur.
3199 2042 3310 2097 Nec
3364 2042 3595 2097 ferendas
3621 2055 3717 2094 esse

2187 2119 2322 2172 dicit
2372 2118 2651 2178 mulieres,
2681 2130 2800 2186 qua:
2828 2115 3012 2186 domui
3042 2123 3095 2168 et
3130 2113 3406 2186 pudicitia:
3446 2111 3627 2186 exitiali
3666 2110 3716 2186 ii-

2186 2188 2364 2242 lorum
2397 2188 2556 2241 turba
2579 2181 3222 2256 stipatarvelGalioritm
3249 2182 3489 2256 humeris
3511 2183 3560 2235 in
3594 2181 3717 2256 l_ecti-_

2186 2274 2250 2312 ca
2301 2258 2548 2317 sublatae,
2609 2251 2971 2327 pérgcivitatis
3019 2255 3170 2327 vicos
3194 2261 3253 2327 et
3287 2253 3529 2327 pl_ateas,_
3549 2251 3620 2327 vei
3662 2251 3715 2304 ad

2186 2330 2387 2398 templa
2421 2329 2490 2380 ab
2529 2322 2837 2398 hominibus
2858 2323 3259 2398 conspicienda;
3295 2322 3718 2376 'circmnl'ereban-

2184 2393 2496 2451 turanlto
2526 2403 2706 2450 autem
2750 2395 2932 2448 minus
2981 2393 3370 2464 turpissimum
3402 2407 3576 2464 earum
3619 2405 3717 2464 nio—

2182 2482 2297 2522 rem
2328 2467 2550 2522 tolerari
2586 2480 2763 2536 posse,
2797 2480 2913 2536 quae
2940 2459 3422 2536 cum'meretricia:
3471 2459 3719 2530 impudici-

2182 2538 2272 2592 tia:
2325 2533 2608 2601 ministris,
2642 2533 2838 2590 etcum
2869 2534 3091 2589 cinmdis
3145 2533 3561 2587 familiaritatem
3608 2545 3718 2584 con-

2186 2608 2646 2676 suetudinemque
2710 2607 2940 2676 jungere
2997 2603 3267 2664 solebant.
3345 2601 3538 2676 Deinde
3587 2602 3716 2676 alias,

2180 2678 2392 2731 etiamsi
2425 2670 2696 2750 meliores,
2711 2670 2978 2750 castigat,
3018 2689 3161 2750 qum,
3195 2687 3321 2750 cum
3359 2688 3489 2750 aves
3520 2670 3715 2750 Indicas,

2181 2762 2419 2816 pavones
2464 2747 2718 2807 Medicos.
2770 2740 3051 2814 psittacos.
3086 2742 3473 2816 rcharadrios,
3526 2748 3574 2816 et
3629 2740 3717 2816 alia

2182 2811 2348 2871 etiam
2383 2811 2882 2878 monstruosafsed
2916 2815 3098 2885 magni
3145 2813 3306 2884 pretii
3348 2812 3589 2866 animalia
3627 2811 3716 2885 ale—

2182 2898 2323 2950 rent,
2375 2887 2513 2941 filios
2561 2901 2690 2941 suos
2722 2882 3085 2955 exponebant,
3143 2882 3307 2955 atque
3347 2897 3518 2955 senes.
3551 2882 3718 2948 orpha-

2179 2972 2280 3011 nos
2329 2963 2383 3010 et
2414 2958 2627 3020 viduas,
2658 2953 2914 3010 omnibus
2946 2955 3030 3010 his
3066 2953 3396 3008 animalibus
3424 2953 3569 3022 longe
3604 2965 3717 3020 pia:-

2180 3027 2476 3101 stantiores
2498 3067 2513 3090 ,
2545 3041 2759 3101 summo
2781 3025 3051 3079 ducebant
3068 3023 3407 3101 despicatui.
3463 3091 3490 3101 Α

2255 3095 2523 3152 Caeterum
2565 3113 2672 3150 non
2720 3096 2786 3150 iis
2821 3104 3029 3149 tantum
3068 3093 3250 3164 impiis
3296 3092 3591 3164 sumptibus
3610 3129 3630 3164 ,_
3666 3101 3718 3164 ac

2180 3167 2433 3221 futilibus
2464 3167 2738 3229 tincturis,
2771 3173 2823 3219 et
2869 3158 3484 3234 emptitiisfmancipiis,
3509 3159 3596 3214 sed
3620 3158 3717 3234 bal-

2173 3236 2292 3292 neis
2323 3252 2558 3307 quoque,
2588 3234 2905 3307 incredibili
2945 3229 3714 3307 niagnilicentiaexstruendis,

2172 3300 2427 3362 mulieres
2449 3300 2503 3362 et
2532 3307 2633 3360 viri
2675 3307 2812 3358 bona
2857 3300 3196 3374 dissipabant
3227 3319 3326 3357 sua
3352 3302 3416 3354 ³⁸.
3453 3300 3524 3374 lbi
3563 3307 3715 3353 autem

2174 3379 2264 3431 ubi
2295 3377 2607 3431 communia
2634 3383 2792 3430 erant
2823 3373 3074 3444 utrisque
3107 3375 3348 3444 lavacra,
3379 3387 3443 3425 ac
3471 3373 3718 3425 innumera

2172 3461 2269 3500 seu
2315 3447 2382 3501 ad
2413 3447 2725 3507 lavandum,
2759 3462 2855 3502 seu
2877 3445 2944 3499 ad
2977 3442 3308 3498 vescendum
3349 3457 3514 3496 aurea
3553 3454 3717 3507 argen-

2171 3524 2365 3587 teaque
2400 3532 2550 3578 vasa.
2580 3516 2752 3584 major
2781 3530 2914 3569 sane
2953 3514 3242 3568 mulierum
3297 3527 3461 3582 quam
3518 3510 3720 3563 athleta-

2173 3602 2296 3640 rum
2349 3587 2706 3656 impudentia,
2747 3601 2811 3639 eo
2845 3601 3020 3656 usque
3069 3589 3532 3656 processerat,‘ut
3560 3592 3719 3656 cogam

2170 3657 2346 3712 servis
2377 3647 2572 3711 nudari
2614 3647 2723 3710 non
2753 3647 3162 3726 erubescerent.
3226 3647 3722 3726 QuamobremCle-

2171 3742 2329 3782 mens
2355 3742 2450 3781 eas
2489 3727 2686 3781 acriter
2710 3726 2986 3795 objurgat,
3024 3723 3294 3792 docetque
3338 3738 3450 3795 non
3484 3720 3630 3773 modo
3667 3720 3719 3768 in

2170 3795 2380 3851 balneis
2408 3836 2423 3860 ,
2459 3798 2554 3852 sed
2585 3795 2728 3850 domi
2769 3793 2956 3860 etiam,
2988 3801 3042 3849 et
3068 3795 3215 3848 omni
3249 3795 3303 3845 in
3336 3793 3458 3846 loco
3486 3802 3720 3844 verecun-

2168 3865 2314 3990 iiiam
2344 3879 2398 3922 et
2423 3869 2687 3937 pudorem
2729 3866 2796 3920 ab
2822 3863 3075 3919 omnibus
3105 3879 3321 3934 semper
3353 3877 3474 3918 esse
3527 3873 3723 3916 servan-

2215 3952 2331 3990 um.

2215 3952 2331 3991 Ulli.

2235 4004 2408 4060 Porro
2436 4013 2618 4060 autem
2651 4005 2878 4068 divitiis,
2920 4003 3098 4074 inquit
3129 4003 3194 4068 ³³,
3229 4009 3496 4072 quantum
3545 3996 3722 4074 rationi

2167 4084 2588 4131 consentaneum
2621 4083 2728 4146 est!
2753 4069 3063 4146 abundare,
3113 4069 3288 4146 etuea's
3320 4088 3429 4146 non
3463 4069 3658 4126 sordide
3677 4075 3726 4146 et

2166 4154 2513 4217 arroganter,
2542 4145 2636 4200 sed
2658 4145 2962 4217 benigneet
2984 4143 3280 4217 liberaliter
3304 4143 3722 4217 aliis_communi-

2168 4211 2620 4287 care'debemus.
2671 4211 2831 4287 Nam.
2891 4216 2959 4270 iis
3003 4213 3538 4287 eaceptis_,_nulluin
3587 4211 3726 4287 plane

2166 4300 2380 4339 servum
2412 4286 2554 4339 inter
2579 4296 2631 4340 et
2653 4285 2954 4348 dominum,
2995 4284 3100 4355 nisi
3123 4280 3269 4355 quod
3297 4283 3385 4336 hic
3401 4280 3722 4355 imbecillior

2166 4355 2268 4428 sit,
2333 4356 2621 4428 intercedit
2677 4355 2990 4428 discrimen.
3049 4349 3190 4419 Quid
3239 4369 3373 4428 vero
3395 4354 3432 4428 ?_
3465 4349 3728 4428 quodnvil'

2163 4425 2346 4493 justus
2400 4436 2456 4481 et
2507 4427 2705 4489 bonus,
2757 4425 2860 4480 etsi
2891 4440 3096 4494 pauper
3143 4432 3198 4478 et
3239 4419 3538 4494 inglorius,
3590 4419 3727 4472 dives

2099 4483 2140 4536 Ι)
2163 4483 2224 4549 et
2275 4495 2467 4549 beatus
2511 4504 2595 4549 est
2631 4515 2643 4549 :
2676 4483 2760 4548 vir
2802 4483 3018 4549 autem.
3047 4483 3399 4562 injustus'et
3461 4503 3725 4562 arrogans,

2171 4565 2423 4635 quamvis
2453 4563 2616 4625 Mida.
2642 4565 2859 4635 Cinyra,
2905 4575 2958 4618 et
2989 4579 3054 4619 eo
3077 4561 3169 4634 qui
3192 4563 3458 4635 Lazarum
3480 4561 3727 4635 despexit.

2173 4635 2245 4689 sit
2292 4633 2481 4699 ditior,
2541 4633 2756 4704 pauper
2793 4642 2877 4689 est
2905 4642 2959 4688 et
2992 4633 3179 4688 miser.
3220 4633 3434 4688 Divitia:
3464 4633 3597 4688 enim
3629 4643 3730 4681 non

2170 4718 2330 4758 secus
2365 4719 2430 4760 ac
2463 4719 2716 4774 serpens,
2746 4705 2849 4759 nisi
2884 4713 3040 4759 caute
3062 4704 3556 4773 apprehendantur,
3590 4713 3727 4752 mor-

2169 4774 2299 4828 dent
2335 4789 2466 4829 sane
2487 4782 2540 4829 et
2561 4775 2860 4830 oifendunt.
2891 4774 2969 4827 Ex
2994 4775 3081 4829 his
3112 4777 3294 4844 itaque
3333 4775 3582 4828 Clemens
3606 4783 3729 4844 cono

2170 4844 2341 4916 cludit
2367 4861 2528 4899 veras
2559 4845 2780 4900 divitias
2818 4846 2871 4898 in
2911 4846 3093 4916 anima
3140 4841 3354 4898 tantum
3389 4858 3536 4916 esse
3582 4841 3728 4916 sitas!

2169 4915 2430 4968 nimirum
2463 4916 2517 4968 in
2541 4916 2765 4977 virtute,
2788 4915 2999 4982 justitia
3027 4923 3081 4969 et
3110 4927 3259 4969 recta
3294 4915 3524 4968 ratione.
3577 4910 3730 4982 Atqui

2167 4985 2249 5039 hac
2277 5001 2401 5039 cum
2433 5000 2463 5038 a
2495 4987 2613 5040 solo
2643 4986 2760 5039 viro
2791 4981 2938 5039 bono
2973 4986 3279 5053 comparari
3322 4985 3553 5053 possint,
3586 4981 3730 5053 solus

2165 5064 2345 5110 autem
2367 5055 2716 5111 Christianus
2741 5057 2812 5110 sit
2844 5056 3041 5115 bonus,
3076 5049 3202 5110 inde
3235 5049 3402 5109 infert
3436 5069 3527 5108 eas
3555 5052 3614 5103 ab
3643 5049 3734 5102 illo

2165 5126 2284 5180 solo
2313 5127 2599 5196 possideri,
2639 5142 2739 5180 nec
2785 5125 2986 5196 auferri
3035 5140 3216 5194 posse,
3252 5127 3456 5196 quippe
3484 5122 3572 5193 qui
3608 5133 3731 5173 cum

2165 5143 2284 5180 snio
2304 5143 2599 5247 BOSSIUBI‘I,
2639 5143 2739 5180 nec
2785 5143 2986 5179 autern
3035 5143 3216 5194 posse,
3252 5143 3456 5196 quippe
3484 5143 3561 5193 qm

2163 5196 2274 5272 illis
2349 5212 2473 5272 cuin
2501 5205 2555 5251 et
2586 5196 2768 5250 omnia
2800 5195 3099 5264 possideat.

2231 5265 2593 5320 lmmoderata
2635 5280 2766 5318 vero
2800 5262 3158 5318 terrenarum
3189 5280 3356 5334 opum
3390 5262 3733 5334 cupidit_a_s___a

2165 5336 2267 5405 17
2291 5351 2457 5408 regno
2485 5336 2578 5391 Dei
2619 5333 2860 5390 extrudit
2878 5334 3151 5408 hominem
3174 5329 3334 5408 "get
3364 5329 3512 5387 illum
3539 5331 3599 5384 ad
3620 5329 3730 5408 illi-

2162 5404 2302 5460 crtas
2329 5404 2575 5471 delicias,
2615 5415 2912 5476 turpesque
2940 5415 2992 5460 et
3017 5404 3271 5476 rationali
3303 5414 3548 5476 creatura
3581 5404 3736 5476 peni-

2160 5486 2251 5530 tus
2302 5477 2555 5547 indignas
2607 5472 3051 5547 volupta'testad
3098 5475 3285 5547 lusum
3320 5484 3386 5547 et
3419 5472 3733 5547 ingluviem,

2159 5513 2480 5615 certumqiie
2509 5513 2852 5616 tiaufragi'um
2894 5515 3065 5598 allicit
3091 5553 3144 5599 et
3172 5545 3426 5616 impellit.
3448 5615 3454 5616 γ
3479 5513 3720 5609 Ῠῐυετιιὶλ

2159 5623 2323 5671 tatem
2355 5613 2537 5686 igitur,
2572 5613 2746 5688 pergit
2788 5625 2978 5671 auctor
3028 5622 3233 5681 noster,
3255 5613 3412 5669 ’Elia:
3444 5615 3610 5670 instar
3648 5626 3711 5666 se

2380 5770 2425 5802 ³⁸
2458 5786 2578 5841 cap.
2615 5769 2667 5826 6.
2747 5771 2792 5803 ³³
2826 5785 2946 5838 cap.
2979 5769 3027 5821 7.
