3848 6534
177 335 250 392 οε,
1141 319 1229 374 ns
1269 317 1522 376 ramus
1560 318 1646 373 PA

1748 317 1932 376 lGOGl
1973 317 2216 374 LIBRIS.

3213 322 3317 378 8‘36

176 449 272 508 euri
300 444 544 503 debemus,
576 453 756 510 neque
780 438 1019 510 superba
1041 409 1732 510 argenteorunraureo-ﬁ
1763 437 1859 500 ait,
1915 437 2164 510 simplex,
2214 437 2433 510 munda,
2480 439 2728 507 honesta,
2774 439 3000 510 frugalis
3040 455 3104 495 ac
3152 443 3317 498 unius

175 507 343 586 rumque
366 524 604 586 vasorum
638 507 983 586 multitudine
1012 548 1028 572 ,
1080 507 1166 564 vel
1226 508 1384 563 turba
1425 507 1657 586 famulo-

175 604 258 644 rum
273 577 458 658 gloriari
474 620 488 641 ,
507 593 686 658 neque
706 578 1015 658 divitiarum
1047 590 1396 658 nostrarum:
1411 578 1454 632 si
1481 577 1658 658 iisaf-

175 647 361 717 fluentius,
402 650 552 705 nimia
597 647 769 703 teneri
814 664 944 702 cura
1003 658 1057 703 et
1105 647 1656 717 sollicitudiuealllis

171 742 308 800 porro,
329 716 406 800 qui
427 719 672 800 iude_vel_
707 719 999 800 timendam
1019 728 1350 800 egestatem,
1391 717 1476 800 vel
1505 716 1656 800 justo

172 788 312 866 panem
336 788 606 866 aliquando
641 788 880 866 defuisse
931 789 1033 844 sibi
1059 804 1335 860 opponere
1377 794 1654 858 poterant,

169 859 523 921 luenlentissime
544 859 858 928 respondet.

214 935 295 988 Nec
320 931 477 985 minus
532 926 877 998 perépicuum
927 926 1056 981 facit
1106 928 1149 960 ³⁷
1193 943 1357 998 quam
1401 927 1552 982 dives
1583 927 1656 982 sit

168 1003 544 1074 frugalitastqua
577 999 643 1052 ad
671 999 907 1074 laborem
931 1013 1166 1074 omnem,
1200 1014 1454 1074 angores,
1479 999 1652 1074 mole-

164 1067 260 1131 stia's
299 1082 343 1126 et
378 1069 687 1124 afﬂictiones
740 1067 1006 1138 patienter
1049 1067 1355 1138 tolerandas
1399 1068 1534 1121 bene
1563 1068 1652 1121 in-

162 1143 322 1202 structi,
347 1149 542 1194 terrena
575 1138 717 1192 bona
742 1137 1104 1206 despicimus.
1143 1137 1337 1192 Subdit
1363 1139 1516 1207 plura
1537 1138 1650 1205 jam

163 1231 182 1268 a
208 1229 251 1268 se
272 1211 326 1264 de
359 1209 637 1278 conjugum
684 1208 874 1278 ciliciis
901 1218 955 1260 et
983 1207 1048 1262 de
1077 1207 1386 1278 Christiana
1430 1208 1649 1262 institu-

159 1286 266 1338 tione
290 1279 438 1334 fuisse
460 1277 753 1348 disputata.
785 1277 1146 1343 Quamobrem
1177 1277 1504 1347 Penelopen,
1529 1293 1651 1346 quae

161 1361 246 1423 post
264 1351 538 1423 diuturnam
565 1349 678 1423 viri
703 1349 1151 1423 abs_entiam_nulli
1183 1363 1422 1423 unquam
1445 1348 1650 1423 nubere

159 1417 297 1481 voluit,
332 1419 380 1473 in
408 1418 521 1472 tidei
553 1419 879 1488 conjugalis,
905 1426 958 1471 et
984 1417 1399 1488 Spartanos‘qui
1433 1418 1649 1488 utiado—

155 1491 362 1548 lescentes
405 1489 470 1543 ab
513 1487 779 1543 ebrietate
818 1487 1179 1552 deterrerent,
1222 1490 1402 1547 ilotas,
1459 1487 1510 1542 id
1564 1496 1649 1542 est

156 1577 294 1616 servos
313 1574 448 1621 suos,
479 1559 742 1628 inebriari
773 1559 1063 1627 cogebant,
1093 1561 1147 1612 in
1173 1557 1499 1628 frugalitatis
1522 1573 1649 1628 pro-

154 1631 265 1700 ponit
283 1629 584 1698 exemplum.
643 1626 910 1682 Observat
943 1636 1121 1682 autem
1152 1626 1349 1698 triplex
1387 1626 1647 1700 esseho-

1762 516 1994 570 tantum,
2019 507 2124 562 albi
2176 509 2389 564 scilicet
2426 511 2625 566 coloris
2661 519 2715 565 et
2759 507 2948 573 nati—vi,
2993 526 3026 564 a
3051 511 3314 566 fullonum

1759 577 1988 631 artificio
2015 577 2213 652 aliena,
2245 595 2508 652 personae,
2535 580 2987 652 agtati,dignitati,
3017 582 3168 652 sexui
3191 590 3314 652 apta

1757 654 1811 723 et
1830 647 2161 723 conveniens
2192 647 2314 704 esse
2356 647 2995 723 debetzlnauresTautem
3035 647 3317 723 Pzedagbgi

1757 717 1966 788 legibus
1990 718 2198 792 vetitas
2217 734 2339 774 esse
2359 719 2626 792 ostendit,
2663 735 2726 773 ac
2758 722 3028 792 hominem
3051 721 3155 792 qui
3181 717 3316 778 a'ur'o

1755 802 1815 859 se
1849 788 2033 841 ornari
2057 788 2248 851 credit,
2294 789 2534 859 seipsum
2569 791 2662 844 illo
2708 791 2938 859 probare
2981 788 3312 847 inferiorem.

1753 856 1992 912 Aureum
2029 865 2208 912 tamen
2243 856 2504 913 annulum
2555 856 2766 915 mulieri
2796 862 3064 922 concedit,
3100 877 3207 916 non
3246 862 3315 916 ad

1753 936 2004 981 ornatum
2035 929 2274 997 quidem,
2308 932 2391 984 vel
2421 930 2484 984 ad
2512 931 2803 985 nobilitatis
2830 947 2942 985 suae
2988 935 3314 986 ostentatio—

1755 1011 1902 1058 nem,
1959 998 2198 1069 sed__quo
2247 1015 2310 1053 ea
2362 1016 2482 1069 quae
2509 1000 2945 1055 domiservanda
2984 1011 3132 1063 sunt,
3168 1003 3315 1056 obsi-

1752 1066 2146 1141 gnenturnNec
2193 1069 2247 1122 in
2281 1066 2416 1124 alios
2453 1086 2584 1126 usus
2628 1070 2944 1141 viroicaelibi
2999 1086 3062 1124 ac
3098 1073 3314 1141 publico

1753 1153 1980 1210 munere
2004 1137 2244 1210 fungenti
2265 1155 2387 1193 eum
2420 1141 2703 1208 permittit.
2756 1140 2912 1194 Hunc
2941 1137 3118 1196 autem
3149 1157 3318 1210 parvo

1750 1207 1868 1280 yult
1894 1207 2040 1260 indui
2061 1209 2261 1280 digito,
2293 1207 2581 1280 nullusque
2611 1211 2664 1264 in
2697 1226 2764 1265 eo
2816 1211 3044 1266 deorum
3077 1207 3173 1265 aut
3198 1214 3318 1268 ido-

1752 1276 1952 1350 lorum,
1985 1277 2077 1333 sed
2116 1276 2398 1350 columbae,
2446 1276 2632 1350 piscis,
2667 1283 2857 1344 maris,
2914 1283 3185 1346 anchorae,
3237 1285 3320 1338 vel

1750 1347 2009 1423 ejusdem
2031 1349 2244 1423 generis
2286 1347 2486 1419 elligie's
2527 1353 2769 1421 etsigna
2827 1353 3058 1423 insculpi
3115 1362 3168 1407 et
3223 1369 3321 1407 ex-

1749 1417 2049 1491 pri_m_i._lbi
2105 1434 2278 1491 porro
2319 1417 2496 1474 obiter
2535 1417 2715 1475 monet
2754 1417 3317 1491 Clemens-quemdam

1750 1487 2118 1555 pulchriorem
2149 1490 2402 1543 vestitum
2433 1502 2485 1545 et
2512 1500 2763 1545 ornatum
2817 1487 3085 1547 uxoribus
3120 1509 3319 1549 conce-

1747 1556 2006 1621 dendum,
2055 1575 2164 1628 quo
2203 1560 2336 1615 solis
2396 1561 2549 1621 viris,
2610 1561 2831 1618 minime
2877 1577 3010 1617 vero
3063 1564 3206 1623 aliis.
3240 1565 3316 1619 ita

1749 1627 2015 1710 placeant,
2047 1627 2107 1682 ut
2146 1629 2265 1684 illos
2283 1629 2615 1710 pedetentim
2641 1633 2851 1710 possint
2881 1633 2946 1685 ad
2977 1633 3313 1710 moderatum

152 1698 308 1754 iuinum
340 1714 622 1772 genus_.__ex
655 1700 853 1772 quibus
877 1700 1150 1772 nonnulli,
1185 1700 1328 1772 sicut
1374 1698 1662 1772 Abraham,
1746 1705 2217 1772 temperatumque
2245 1698 2457 1772 vivendi
2487 1698 2656 1772 genus
2687 1702 2973 1757 adducere.
3001 1703 3069 1755 At
3094 1718 3309 1758 onmem

153 1779 295 1838 sponte
319 1767 406 1823 sua
428 1787 442 1832 ;
465 1767 553 1838 alii
585 1767 717 1822 vero
743 1769 811 1822 ab
840 1769 963 1822 aliis
988 1767 1271 1831 admoniti,
1295 1769 1648 1837 quemadmo-

152 1837 244 1898 dum
292 1838 478 1894 Christi
526 1837 810 1908 discipuli,
851 1839 1107 1893 virtutem
1159 1845 1409 1908 quaerunt
1433 1846 1486 1893 et
1528 1854 1647 1892 am-

150 1911 408 1978 plexantur;
438 1908 529 1963 alii
562 1911 808 1971 tandem,
840 1909 984 1962 velut
1022 1911 1253 1979 populus
1282 1909 1520 1979 gentilis,
1551 1923 1653 1962 nec

151 1981 271 2040 ultro,
314 1995 404 2032 nec
453 1979 556 2048 piis
603 1979 1070 2034 admonitionibus
1100 1979 1242 2034 flecti
1286 1987 1514 2048 possunt
1557 1985 1653 2031 aut

145 2049 316 2103 erudiri.
342 2049 678 2118 Quapropter
710 2049 926 2103 divinus
949 2057 1135 2120 noster
1169 2049 1493 2120 paedagogus
1528 2049 1652 2120 illos

146 2127 184 2170 et
219 2120 371 2173 verbis
400 2117 778 2189 et’exemplis;
803 2120 885 2172 vel
929 2135 958 2172 a
992 2119 1141 2176 vitiis
1173 2117 1424 2181 revocat,
1471 2120 1554 2174 vel
1583 2117 1652 2189 ad

148 2189 340 2242 virtutem
360 2187 697 2242 adhortatur.
740 2187 819 2241 Ex
875 2189 1043 2244 variis
1106 2200 1287 2244 autem
1319 2188 1652 2256 ejuscemodi

143 2259 346 2328 exemplis
378 2275 540 2313 unum
569 2257 830 2313 Clemens
858 2259 1060 2328 seligit,
1107 2275 1300 2328 nempe
1344 2257 1652 2328 Sodomita:

145 2327 482 2410 illi",inl9‘f‘lIl-n
521 2330 764 2410 nitique.
790 2327 1060 2410 supplicio
1105 2327 1501 2410 aliicautiores
1535 2327 1650 2383 fieri

143 2395 305 2468 debent.
335 2397 404 2452 Ex
433 2397 586 2453 Iudae
623 2395 1152 2468 siquidem—epistola
1183 2399 1518 2454 demonstrat
1533 2414 1648 2463 eos,

140 2467 320 2540 quinon
367 2470 415 2522 in
443 2471 661 2533 eadem,
693 2467 891 2540 acilii,
937 2467 1159 2540 peccata
1210 2470 1449 2540 prolapsi
1499 2476 1648 2534 sunt,

141 2536 516 2608 similespamas
558 2555 677 2593 non
731 2536 968 2594 dedisse.
1020 2536 1305 2594 Subuectit
1362 2536 1542 2594 autem
1591 2553 1652 2592 se

139 2605 254 2674 plura
279 2605 372 2680 alia
428 2609 870 2678 intemperantiae
896 2616 950 2663 et
1000 2609 1160 2665 luxus
1195 2608 1438 2680 proferre
1488 2624 1650 2678 posse

137 2679 352 2797 Exempla,
389 2680 482 2734 sed
531 2681 671 2745 illis,
701 2694 769 2733 ne
819 2680 1083 2750 prolixior
1122 2679 1213 2745 sit,
1245 2695 1366 2735 esse
1395 2695 1650 2749 superse-

161 2762 336 2797 enimn.

161 2762 336 2802 enuum.

180 2814 243 2868 Ad
288 2817 496 2874 balneas
530 2827 720 2874 autem
775 2826 899 2889 post
951 2819 1162 2890 longam
1202 2833 1649 2889 sane.quamque

134 2898 217 2950 Ipse
252 2899 475 2960 excusat,
513 2890 916 2960 digressionem
963 2891 1248 2945 revertitur
1279 2891 1343 2942 ³³.
1405 2891 1651 2955 Quatuor

136 2968 225 3007 vero
251 2957 366 3012 dicit
390 2957 610 3014 illarum
639 2975 762 3014 esse
785 2975 1002 3023 causas,
1027 2960 1368 3024 munditiam,
1389 2960 1648 3020 calorem,

131 3028 379 3099 sanitatem,
417 3030 779 3099 voluptatem.
815 3030 884 3082 At
911 3029 1367 3098 quemadmodum
1402 3028 1649 3083 mulieri-

131 3093 204 3146 bus
228 3099 503 3168 munditize.
547 3093 625 3153 ac
659 3101 793 3155 viris
825 3093 1079 3156 sanitatis
1138 3116 1303 3155 causa
1367 3099 1645 3168 permissae

132 3175 242 3240 sunt,
269 3167 331 3220 ita
350 3172 549 3225 caloris
585 3185 724 3240 ergo
752 3185 1122 3240 supervacuae,
1148 3187 1210 3224 ac
1244 3167 1460 3240 tandem
1486 3171 1642 3224 volu-

129 3236 250 3300 ptatis
267 3242 428 3308 gratia
467 3236 738 3296 omnibus
783 3236 1007 3295 omnino
1047 3241 1376 3295 Christianis
1419 3239 1646 3294 interdi-

128 3315 295 3362 cuntur.
343 3310 409 3362 At
447 3326 582 3365 vero
638 3313 894 3380 quoniam
950 3311 1283 3381 frequentior
1330 3309 1643 3370 earumdem

129 3387 224 3456 usus
249 3382 494 3456 corporis
515 3382 669 3437 vires
692 3380 938 3435 debilitat
969 3390 1022 3456 et
1051 3380 1193 3456 Saepe
1226 3380 1494 3456 dissolvit,
1514 3381 1646 3456 hinc

124 3444 526 3520 Clemens-arguit
555 3468 672 3505 non
723 3466 938 3520 semper
979 3444 1290 3512 lavandum,
1324 3450 1418 3505 sed
1445 3451 1647 3504 haben-

123 3513 214 3592 dam
234 3513 708 3592 tetatisfcorporis
749 3529 804 3576 et
841 3513 1101 3590 temporis
1132 3523 1420 3592 rationem,
1462 3537 1562 3592 nec
1589 3520 1645 3573 in

123 3581 283 3662 balneis
317 3581 490 3647 aliena
524 3581 774 3662 u'nquam
800 3607 901 3660 ope
932 3581 987 3645 et
1013 3591 1319 3645 ministerio
1358 3591 1642 3662 utendum.

121 3650 201 3708 Nos
224 3669 384 3715 autem
412 3663 488 3715 ibi
523 3650 791 3716 admonet
819 3650 976 3731 longe
1003 3661 1359 3732 praestantius
1375 3676 1500 3732 esse
1527 3659 1646 3715 ani-

123 3737 195 3802 ιξιε
229 3743 374 3796 quam
397 3733 658 3802 corporis
681 3733 978 3802 lavacrum,
1013 3731 1200 3801 utpote
1225 3747 1332 3802 quo
1350 3731 1495 3787 illius
1533 3746 1646 3786 sor-

120 3791 194 3872 des
208 3791 256 3852 et
279 3791 516 3872 peccata.
530 3803 758 3872 penitus
791 3791 1066 3856 eluuntur.

165 3865 484 3943 Gymnasium
530 3865 714 3943 'porro
747 3888 842 3926 seu
873 3872 1122 3942 corporis
1153 3870 1642 3943 exercitationem,

119 3948 205 4001 quae
229 3939 285 3992 ad
304 3941 447 3997 illius
471 3939 773 3997 sanitatem
805 3939 1102 4005 utilis—est,
1135 3941 1292 3996 docet
1321 3940 1570 3996 Clemens
1600 3941 1643 3977 ³³

116 4006 502 4084 adelescentihus
536 4029 644 4084 pro
690 4012 885 4068 balneo
950 4013 1216 4084 suﬂicere,
1243 4020 1422 4084 atque
1452 4027 1481 4064 a
1510 4012 1643 4066 viris

116 4075 251 4153 eidem
277 4081 466 4138 balneo
502 4075 638 4139 esse
664 4083 1120 4153 anteponendam.
1148 4075 1401 4138 Mulieres
1427 4097 1644 4151 quoque

115 4145 216 4208 ιεικ.
243 4158 288 4203 et
312 4153 467 4217 lanae,
505 4156 749 4222 aliisque
779 4145 932 4208 senti
960 4169 1060 4208 suo
1089 4154 1346 4222 congruis
1387 4145 1644 4222 operibus

111 4222 303 4293 exerceri
327 4224 536 4293 debere
574 4223 840 4280 ostendit.
876 4223 984 4279 Nec
1014 4233 1170 4293 turpe
1210 4223 1437 4293 eisesse
1467 4231 1640 4290 putat,

112 4288 146 4338 si
178 4288 238 4363 ad
289 4292 618 4363 pistrinum,
675 4295 767 4347 ubi
822 4293 1065 4348 Pittacus
1105 4288 1208 4348 rex
1266 4288 1642 4363 Mitylenorum

111 4357 320 4436 maluisse
341 4362 542 4426 fertur,
584 4363 876 4428 accedant,
910 4380 974 4418 ac
1007 4365 1060 4417 in
1085 4365 1209 4436 cibo
1249 4373 1302 4418 et
1349 4357 1478 4432 potu
1512 4362 1642 4417 viris

109 4434 194 4482 suis
236 4436 578 4504 conﬁciendo
628 4443 907 4504 occupatae
959 4436 1085 4492 sint.
1118 4434 1218 4488 Per
1249 4449 1372 4489 eum
1424 4448 1641 4502 quoque

1678 1789 1721 1844 Β
1749 1783 1976 1844 prorsus
1998 1769 2183 1822 luxum
2231 1780 2284 1824 et
2330 1768 2536 1844 fucum,
2568 1787 2668 1844 n_ec
2693 1774 2826 1827 satis
2856 1771 3106 1844 modesta
3127 1780 3182 1826 et
3211 1789 3312 1842 pu-

1752 1837 1875 1891 dica
1904 1846 2220 1893 ornamenta
2252 1841 2562 1908 proscribit.
2593 1840 2763 1896 Porro
2792 1853 2970 1896 autem
3001 1842 3198 1896 ibidem
3211 1837 3311 1896 ille

1752 1909 1988 1981 explicat
2016 1909 2289 1981 quomodo
2315 1911 2407 1978 pili
2459 1911 2746 1981 crinesque
2775 1911 3047 1966 nutriendi
3074 1917 3128 1966 et
3155 1927 3310 1968 com-

1753 1977 2012 2047 ponendi,
2033 1977 2206 2050 atque
2234 1977 2402 2034 barba
2432 1997 2462 2034 a
2506 1979 2640 2035 viris
2659 1977 2890 2049 alenda;
2921 1996 2986 2035 ac
3035 1981 3308 2050 quomodo

1753 2052 2130 2120 unusquisque
2172 2049 2224 2102 in
2276 2060 2448 2113 motu,
2503 2065 2716 2120 gressu,
2775 2054 3014 2115 incessu,
3043 2049 3306 2120 gestibus,

1753 2117 1963 2188 figuris,
1994 2133 2149 2191 voce,
2181 2129 2426 2191 aspectu,
2460 2117 2621 2190 atque
2644 2137 2770 2191 erga
2799 2122 3027 2175 ancillas
3041 2117 3095 2174 et
3122 2137 3310 2177 servos

1751 2187 1873 2243 sese
1894 2204 2086 2262 gerere
2108 2187 2322 2243 debeat.
2355 2188 2493 2243 Tum
2534 2187 2731 2245 deinde
2777 2193 2970 2262 probat
3010 2192 3310 2260 prohibitas

1750 2273 1873 2312 esse
1894 2259 2217 2330 tonstrinas,
2255 2259 2918 2330 cauponasttesscrarum
2945 2269 2998 2316 et
3014 2259 3153 2316 lucri
3181 2277 3312 2315 cau-

1751 2343 1811 2382 sa
1833 2329 2073 2399 talorum
2103 2328 2326 2395 ludum;
2358 2328 2667 2399 fugiendam
2691 2332 3059 2399 improborum
3085 2347 3312 2387 consue-

1751 2398 2025 2464 tudinem;
2054 2405 2108 2453 et
2130 2398 2470 2470 _spectacula,
2501 2398 2789 2470 Arqttidquid
2847 2401 3092 2456 nonnulli
3135 2403 3300 2456 recla-

1749 2478 1922 2542 ment,
1975 2484 2098 2524 esse
2127 2468 2437 2542 interdicta.
2493 2468 2725 2526 Sublttéc
2776 2473 2994 2542 planum
3049 2470 3177 2526 facit
3198 2488 3308 2542 quo

1751 2537 1939 2591 habitu
1965 2547 2020 2593 et
2045 2536 2204 2592 modo
2233 2540 2364 2595 viris
2391 2550 2442 2595 et
2471 2536 2792 2596 mulieribus
2809 2542 2876 2596 ad
2900 2543 3186 2596 ecclesiam
3217 2536 3309 2597 ve-

1749 2607 2217 2682 niendum,_atque
2263 2611 2332 2682 ab
2354 2625 2416 2664 ea
2445 2611 2826 2677 recedendum,
2855 2611 2984 2682 quid
3029 2611 3089 2682 in,
3107 2613 3310 2667 osculis

1749 2686 1804 2730 et
1833 2679 2258 2733 salutationibus
2284 2680 2589 2742 vitandum,
2609 2697 2673 2735 ac
2706 2679 3186 2736 vitam—Christiani
3215 2683 3312 2737 de-

1754 2746 1882 2803 bere
1898 2750 1972 2822 _a_b
2009 2753 2155 2802 oumi
2181 2751 2392 2822 penitus
2440 2751 2816 2822 cujuscunque
2841 2751 2966 2806 mali
3000 2753 3311 2822 suspicione

1749 2832 1871 2873 esse
1898 2818 2122 2872 liberam
2144 2826 2197 2872 et
2229 2820 2479 2876 solutam.

1827 2886 1966 2958 Viris
1996 2905 2156 2958 porro
2183 2905 2377 2943 suasor
2404 2898 2459 2942 et
2484 2898 2675 2946 auctor
2704 2899 2787 2947 est
2810 2890 2878 2955 δι,
2907 2907 2975 2946 ne
2997 2907 3196 2948 uxores
3217 2908 3308 2947 co-

1750 2957 2140 3032 ra_m_famulis
2187 2961 2524 3027 osculentur,
2577 2976 2679 3015 nec
2704 2962 2848 3015 ullus
2891 2962 3031 3015 bona
3082 2969 3136 3016 et
3160 2965 3308 3032 justa

1749 3027 2091 3099 ethnicorum
2120 3037 2384 3099 praecepta
2417 3039 2658 3099 respuat,
2711 3033 2802 3086 sed
2837 3046 3024 3086 eorum
3053 3027 3180 3087 vitia
3209 3033 3306 3086 de-

1749 3097 1934 3170 clinet,
1963 3097 2313 3170 etsanctum—
2348 3115 2407 3154 se
2430 3097 2686 3155 omnibus
2728 3109 2783 3156 et
2811 3100 3184 3170 incorruptum
3213 3118 3305 3156 ex-

1747 3167 1952 3222 hibeat.
1988 3167 2186 3240 Yerum
2212 3184 2336 3222 cum
2365 3170 2505 3240 mala
2533 3177 2742 3223 tantum
2773 3179 2828 3222 cl.
2865 3167 3086 3240 peccata
3121 3172 3308 3240 fugere

1745 3246 1799 3293 et
1835 3239 2126 3312 emendare
2169 3255 2278 3294 non
2309 3239 2560 3312 sufﬁciat,
2593 3241 2699 3295 nisi
2750 3248 2804 3295 et
2825 3239 3007 3296 oinnia
3051 3241 3144 3295 Dei
3170 3239 3310 3312 prae-

1746 3317 1902 3381 cepta
1932 3309 2281 3381 impleantur,
2313 3310 2439 3381 hinc
2488 3311 2740 3381 Clemens
2774 3327 2896 3381 qua:
2925 3327 2992 3365 ea
3039 3311 3148 3366 sint
3171 3309 3309 3366 'ante

1744 3379 1989 3452 omnium
2049 3379 2198 3448 ponit
2245 3380 2455 3452 oculos.
2497 3379 2561 3432 Et
2595 3381 2768 3452 primo
2793 3379 3022 3452 quidem
3069 3383 3310 3436 ostendit

1747 3449 1840 3502 illa
1878 3448 1981 3504 hoc
2004 3449 2280 3504 communi
2303 3450 2462 3504 etiato
2493 3469 2506 3504 :
2537 3469 2556 3501 ‹
2593 3450 2747 3514 Quod
2781 3448 2878 3505 tibi
2917 3465 3025 3504 non
3056 3453 3137 3506 vis
3170 3452 3307 3516 fieri,

1745 3519 1900 3592 alteri
1923 3533 2032 3572 nou
2058 3518 2272 3592 feceris,
2311 3540 2331 3573 ι
2357 3535 2420 3592 ac
2447 3520 2660 3592 duobus
2693 3521 2855 3576 etiam
2881 3521 3162 3592 charitatis
3183 3538 3311 3592 pra:-

1745 3589 1917 3658 ceptis
1943 3589 2242 3659 generatim
2267 3591 2556 3645 contineri.
2582 3589 2854 3654 Attamen,
2884 3599 2944 3645 ut
2970 3591 3084 3646 haec
3115 3589 3313 3647 eubda-

1746 3660 2267 3732 liuschdistinctius
2291 3661 2654 3732 explicentur,
2701 3661 2883 3715 omnia
2913 3661 3189 3732 sigillatim
3215 3679 3311 3717 ex-

1746 3730 1898 3799 ponit
1921 3729 2092 3802 divini
2140 3733 2322 3802 nostri
2354 3729 2636 3802 Paedagogi
2677 3729 2988 3802 praecepta,‘
3009 3743 3171 3802 atque
3209 3735 3311 3802 pri-

1744 3773 1901 3871 rnum
1941 3801 2188 3869 quaedam
2241 3801 2404 3856 refert
2477 3773 2546 3855 in?
2581 3773 3312 3871 ﬁecglogovcoiistitutarac

1743 3869 1939 3942 deinde
1965 3885 2028 3942 ea
2056 3886 2180 3942 qua:
2199 3872 2269 3927 ab
2295 3871 2485 3942 eodem
2515 3869 2816 3942 Paadagogo
2842 3873 3052 3942 sancita
3093 3883 3221 3928 sunt
3243 3873 3312 3926 de

1745 3940 2015 3995 orationis
2046 3940 2230 4004 modo,
2279 3941 2347 3996 de
2385 3941 2616 4010 jejunio,
2668 3940 2992 4004 sacrificiis}
3025 3943 3308 4010 patientia,

1742 4011 2032 4081 militibus,
2057 4010 2336 4078 judicibus
2360 4021 2414 4066 et
2440 4011 2734 4077 divitibus;
2779 4012 2846 4066 de
2876 4011 3186 4081 reipublicae
3214 4013 3311 4066 ad-

1745 4080 2166 4145 ministratione,
2215 4082 2283 4136 de
2316 4081 2698 4150 jurejurando,
2719 4082 2786 4135 de
2818 4080 3064 4150 accepue
3097 4082 3312 4150 injuria:

1744 4150 2036 4213 oblivione,
2073 4151 2379 4213 mendacio,
2415 4151 2692 4219 superbia,
2748 4149 3162 4212 misericordia,
3192 4153 3305 4210 ira;

1744 4221 1811 4275 de
1831 4219 2122 4289 diligendis
2155 4221 2416 4284 inimicis,
2439 4221 2506 4274 de
2538 4220 2864 4274 famulorum
2897 4236 3018 4282 usu,
3048 4221 3114 4274 de
3133 4221 3312 4274 fratri-

1742 4290 1846 4345 bus
1872 4291 2180 4360 arguendis,
2212 4289 2278 4344 de
2325 4291 2532 4359 agenda
2563 4290 2904 4359 paenitentia,
2965 4306 3029 4345 ac
3056 4290 3126 4346 de
3157 4293 3308 4346 eleeo

1742 4375 1971 4430 mosyna
2033 4360 2344 4431 hominibus
2377 4360 2748 4431 indigentibus
2792 4361 3176 4430 impertienda.
3210 4361 3310 4416 llic

1743 4431 1906 4484 etiam
1940 4431 2090 4484 varia
2118 4430 2186 4484 de
2214 4430 2535 4485 Christianae
2559 4431 2680 4484 vita:
2698 4431 3042 4486 institutione
3067 4447 3134 4486 ex
3156 4431 3308 4486 Pauli

111 4502 336 4575 nonnullis
359 4505 496 4560 viris
529 4491 870 4575 quandoque
907 4491 1032 4561 licet
1072 4515 1166 4559 aut
1187 4505 1352 4568 lucta,
1385 4491 1478 4557 aut
1507 4491 1641 4575 phe-
1671 4491 1714 4544 D
1743 4499 2003 4575 Epistolis
2032 4509 2296 4575 praecepta
2309 4503 2572 4575 congerit.
2610 4499 2859 4575 Posthaac
2879 4517 3008 4558 vero
3036 4502 3310 4575 subnectit

106 4565 252 4645 uirida,
288 4589 378 4628 seu
417 4565 600 4645 parv'o
643 4565 825 4645 globo,
873 4583 967 4629 aut
1021 4565 1372 4645 agricultura,
1411 4565 1644 4645 aut-sal-

105 4643 184 4689 tem
227 4643 675 4714 deambulatione
729 4645 992 4700 exerceri.
1025 4643 1165 4712 Quid
1186 4660 1334 4705 vero,
1371 4643 1512 4714 quod
1546 4659 1642 4698 eos

106 4718 256 4785 mtuam
286 4713 534 4776 haurire,
595 4716 744 4785 ligna
775 4717 1025 4770 scindere
1051 4725 1104 4769 et
1139 4730 1270 4768 voce
1309 4713 1417 4767 alta
1466 4715 1642 4782 legere

101 4780 337 4853 pulchrum
355 4780 686 4840 existimat?
701 4786 762 4838 At
785 4786 838 4839 in
851 4786 935 4841 his
949 4785 1445 4843 exercitationibus,
1462 4780 1645 4853 quem-

101 4847 344 4923 admodum
390 4857 668 4912 omnibus
725 4856 779 4908 in
845 4857 1028 4920 rebus,
1059 4856 1277 4911 modum
1304 4847 1518 4923 semper
1545 4853 1641 4907 ad-

61 4934 65 4938 '
100 4911 236 4996 “ﬁeri
261 4924 433 4996 jubet.
463 4925 679 4982 Censet
707 4925 939 4996 denique
990 4911 1160 4979 artem
1192 4911 1558 4996 piscatoriam,
1593 4925 1638 4978 si

96 4995 228 5067 gnum
260 4995 464 5067 fuerit,
526 4995 866 5051 laudabilem
898 4996 1145 5067 quidem
1189 5012 1332 5057 esse,
1382 4995 1477 5067 sed
1519 5011 1639 5049 eam

98 5052 712 5134 longelaudabiliorem,
749 5066 910 5121 sicuti
942 5052 1222 5121 'Christus
1274 5052 1477 5131 docuit,
1534 5079 1639 5134 qua

95 5139 175 5206 non
203 5132 393 5206 pisces,
419 5139 520 5192 sed
549 5137 806 5192 homines
827 5137 1136 5206 capiuntur.

122 5197 495 5273 ‘Po'sthaac’ille
532 5207 753 5278 quain
777 5209 879 5278 hoc
895 5197 959 5261 ὀι
987 5207 1264 5276 superiore
1298 5205 1436 5278 libro
1467 5204 1638 5259 fusius

94 5263 327 5346 disputata
358 5285 518 5340 sunt,
550 5263 648 5332 'ea
678 5277 733 5330 in
767 5277 1038 5346 epitomcn
1056 5263 1117 5332 et
1146 5275 1524 5346 compendium
1548 5290 1640 5346 Hre-

90 5337 196 5406 digit
221 5344 279 5398 ⁸⁸.
325 5347 368 5401 Α
395 5337 561 5403 veste
621 5337 818 5401 autem'
835 5347 1046 5416 incipit,
1085 5355 1137 5400 et
1168 5337 1417 5415 quamvis
1444 5346 1512 5398 ab
1544 5345 1634 5398 illa

92 5419 173 5486 non
200 5428 351 5471 omne
381 5432 629 5486 prorsus
661 5432 856 5472 aurum
891 5426 984 5470 aut
1009 5417 1285 5470 mollitiem
1326 5424 1638 5486 arceat,isej

92 5479 191 5558 unlp
221 5479 398 5541 tamen
458 5487 730 5558 prohibet
769 5503 835 5541 ne
865 5487 994 5558 quid
1039 5487 1087 5540 ei
1125 5486 1376 5549 addatur,
1405 5479 1547 5555 quod
1571 5483 1639 5538 ad

89 5552 294 5626 mollem,
324 5552 802 5625 luxuriosamque
849 5552 1015 5610 vitam
1046 5558 1349 5626 quemlibet
1400 5552 1640 5623 unquam

90 5623 230 5683 Iussit
286 5625 602 5697 impellere.
650 5623 962 5682 Christiana
1003 5623 1182 5697 itaque
1219 5625 1407 5693 vestis,
1444 5635 1498 5678 ut
1528 5626 1642 5695 ipse

139 5771 174 5804 ³⁷
200 5790 309 5849 cap.
338 5781 392 5836 8.

478 5781 526 5812 ³⁸
563 5796 692 5852 cap.
729 5782 778 5835 9.
853 5781 896 5812 ³⁹
932 5796 1052 5853 cap.
1090 5780 1173 5835 l0.
1254 5781 1297 5812 ⁸⁸
1328 5797 1446 5850 cap.
1487 5780 1567 5833 ll.

1739 4587 1799 4642 se
1823 4571 2069 4640 potuisse
2121 4573 2277 4640 plura
2303 4571 2407 4625 alia
2437 4586 2559 4642 quae
2598 4575 2663 4624 ad
2687 4573 2996 4642 episcopos,
3019 4571 3304 4632 diaconos.

1736 4641 1929 4714 viduas
1946 4642 2188 4714 aliosque
2200 4640 2543 4714 spectant,ex
2556 4643 2728 4714 sacris
2752 4640 3051 4714 scripturis
3071 4643 3313 4714 18pm-

1740 4711 1903 4774 ferre,
1935 4711 2030 4782 sed
2058 4712 2124 4766 de
2153 4711 2244 4782 iis,
2275 4713 2424 4766 aliud
2454 4713 2570 4767 fore
2612 4711 2826 4768 dicendi
2858 4711 3094 4782 tempus.
3138 4711 3310 4767 Multa

1737 4797 1953 4853 quoque
1984 4781 2036 4834 in
2068 4781 2273 4854 eisdem
2305 4782 2603 4852 Scripturis
2646 4799 2741 4852 per
2775 4781 3060 4853 aenigmata
3112 4791 3170 4854 et
3215 4799 3312 4854 pa-

1740 4851 1961 4908 rabolas
1987 4853 2188 4921 scripta
2213 4869 2334 4907 esse
2366 4851 2667 4922 profitetur,
2701 4854 2794 4908 sed
2826 4851 2903 4907 ea'
2924 4869 3030 4906 non
3056 4868 3086 4906 a
3111 4851 3304 4906 Pada-

1744 4939 1901 4992 gogo,
1926 4983 1930 4994 |
1955 4921 2113 4994 cujus
2161 4921 2409 4977 instituta
2444 4925 2554 4993 jam
2609 4925 2746 4977 satis
2788 4931 3135 4990 exposuerat,
3166 4939 3311 4994 esse

1742 4992 2098 5063 enucleanda,
2135 4994 2227 5047 sed
2268 4992 2453 5063 asolo’
2492 4996 2776 5063 magistro.
2829 4994 3067 5057 Christo,
3099 4992 3310 5046 scilicet

1744 5062 1993 5124 Domino,
2020 5065 2110 5132 qui
2133 5063 2260 5117 boni
2287 5062 2467 5118 Patris
2495 5062 2638 5118 bona
2668 5064 2921 5118 voluntas
2949 5072 3004 5117 et
3041 5063 3308 5130 sapientia

1741 5148 2022 5203 germana,
2063 5147 2162 5188 nos
2194 5143 2381 5187 sancta
2416 5134 2725 5203 cognitione
2747 5134 2976 5197 imbuit;
3007 5142 3059 5203 et
3088 5134 3142 5185 in
3165 5147 3306 5203 quo,

1742 5201 1788 5256 si
1813 5204 2083 5258 mandatis
2129 5203 2248 5271 ejus
2274 5201 2560 5258 fecerimus
2593 5205 2748 5269 satis,
2778 5217 2843 5257 ac
2873 5217 2995 5256 enm
3038 5201 3306 5256 fuerimus

1741 5273 1955 5343 imitati,
1994 5289 2208 5343 semper
2233 5274 2592 5329 manebimus.
2649 5272 2784 5326 Tum
2835 5271 3309 5343 deindeClemens

1733 5342 2076 5414 Christianos
2121 5342 2468 5414 alloquendo,
2514 5343 2807 5414 plurimum
2855 5358 2950 5396 eos
2989 5342 3308 5396 adhortatur

1738 5421 1796 5466 ut
1821 5412 2077 5484 Ecclesiae
2109 5410 2394 5484 personam
2425 5410 2707 5484 impleant,
2743 5410 2811 5466 ad
2845 5428 2962 5466 eam
2991 5421 3305 5484 accurrant,

1739 5481 2303 5554 etChristuquuem
2333 5481 2724 5554 variis'divinre
2769 5489 2979 5535 natura!
3027 5481 3310 5554 titulis_ib_i

1740 5563 1992 5618 exornat,
2016 5550 2194 5626 dignis
2231 5570 2444 5626 semper
2470 5553 2719 5626 laudibus
2752 5561 3180 5626 prosequantur.
3205 5550 3310 5607 Po-

1744 5633 1947 5678 strcmo
1989 5622 2279 5695 ipsummet
2331 5622 2576 5681 divinum
2643 5622 2898 5687 Verbum,
2953 5622 3310 5694 Pazdagogum

1648 5778 1685 5808 "‘
1721 5795 1839 5850 cap.
1886 5778 1968 5832 5‘2.
