3922 6546
147 401 293 454 877
752 399 937 456 ALIE
973 397 1041 456 ΙΝ
1075 397 1666 457 COHORTATIONEM
1696 398 1786 457 ET
1817 397 2271 457 PEDAGOGUM
2309 397 2898 459 OBSERVATIONES.
3325 405 3431 464 878

156 529 322 591 sane
351 515 695 591 inexpertum
728 515 913 591 plures
951 531 1015 591 ex
1062 516 1163 591 iis,_
1197 530 1337 591 quos
1376 515 1539 570 etiam
1582 514 1761 569 Calvi-
1788 526 1837 578 Α
1862 521 2063 591 t_usque
2087 516 2385 591 evanescit.
2432 514 2632 571 Verum
2672 518 2739 574 de
2770 518 2858 573 his
2885 517 3064 574 fusius
3096 516 3153 573 in
3181 523 3434 591 sequenti

156 588 345 643 nistae
374 588 444 642 de
479 587 824 643 substantiali
854 587 1012 655 panis
1037 596 1091 641 et
1116 588 1226 641 vini
1252 588 1307 641 in
1336 601 1535 655 corpus
1555 595 1608 640 et
1631 602 1760 641 san-
1860 587 2264 642 dissertatione.

155 658 406 727 guinem
438 657 642 713 Christi
681 658 1038 712 conversione
1064 658 1222 727 plane
1255 670 1549 728 persuasos
1591 656 1760 712 fuisse
1896 668 1901 672 ·
1932 657 2154 711 interim
2178 672 2306 711 vero
2330 656 2395 711 ad
2426 672 2511 721 ea,
2537 671 2743 727 quasso,
2768 657 3044 728 paulisper
3074 660 3316 715 animum
3342 662 3435 717 ad-

156 726 535 801 éonccdunt,
578 729 776 801 multas
828 726 1114 801 agnovisse
1178 726 1334 798 panis
1390 735 1444 801 et
1488 726 1635 801 vini,
1677 742 1759 801 ac
1857 737 2061 801 vertas,
2098 742 2218 797 qua:
2244 726 2715 801 Clemensn’oster
2744 726 2811 782 de
2857 726 3299 801 presbyterorum
3334 733 3432 787 ιη.-

156 799 466 853 variarum
532 800 815 868 utriusque
874 800 1225 868 qualitatum"
1248 798 1506 869 mysticas
1551 799 1758 868 signiti-
1861 799 2170 852 nedictione
2197 807 2251 853 et
2283 799 2630 867 impositione
2660 813 2916 851 manuum
2944 798 3207 856 adversus
3239 804 3436 859 mulieo

156 870 453 924 cationes.
512 870 653 934 Quid
711 870 876 939 igitur
931 876 1076 923 vetat
1145 870 1445 939 "quominus
1506 869 1758 924 Clemens
1861 884 1988 930 res,
2026 869 2218 923 alienis
2263 869 2574 939 capillisse
2620 876 2913 939 ornantes,
2970 870 3086 925 haec
3135 872 3331 926 scribit
3375 877 3433 927 in

154 940 400 1049 aitquas
443 940 694 995 similiter
738 938 1050 1010 agnoverit,
1098 938 1440 1004 indicaverit,
1493 938 1758 1009 probave-

158 1025 223 1049 I'I

158 1010 294 1067 rit!

250 1082 481 1136 Certum
511 1087 596 1134 est
629 1078 795 1149 igitur
815 1079 949 1133 nihil
987 1093 1214 1149 prorsus
1239 1095 1305 1133 ex
1334 1078 1629 1134 Clementis
1658 1095 1758 1134 no-

1858 939 2068 1010 verba:
2097 939 2214 991 Τίνι
2240 940 2268 990 ei
2299 938 2670 1010 πρεσϐύτερος
2698 938 2980 1010 ,ἐπιτίθησι
3014 942 3193 1010 χεῖρα,
3222 942 3343 996 τινα
3374 943 3433 997 δὲ

1859 1009 2191 1082 εὐλογήᾳεις
2233 1007 2394 1082 {cui
2439 1007 2660 1082 munitm
2695 1007 2926 1082 imponit
2976 1007 3293 1082 presbyter?
3341 1013 3432 1068 cui

1859 1077 2053 1133 autem
2077 1078 2399 1134 benedicet?
2428 1099 2446 1131 ι
2488 1077 2625 1134 Τιιιιι
2657 1077 2948 1134 confestim
2977 1077 3223 1135 addidit:
3258 1102 3277 1135 ι
3311 1083 3432 1138 Νοιι

1858 1150 2384 1225 ιιιυιίειὶ-,ηιιιιω-εξειλ
2403 1160 2620 1215 ornata,
2639 1150 2735 1206 sed
2763 1149 2958 1206 alienis
2986 1153 3221 1221 capillis,
3252 1162 3306 1208 et
3336 1169 3433 1225 per

1861 1220 2011 1290 ipsos
2040 1220 2131 1273 alii
2159 1220 2322 1290 capiti
2347 1222 2413 1275 “.
2454 1239 2473 1273 ι

1926 1289 2010 1344 Ad
2058 1289 2489 1363 matrimonium
2524 1305 2655 1347 vero
2700 1291 2847 1360 quod
2898 1291 3127 1355 attinet,
3180 1295 3432 1363 quamvis

1857 1359 2109 1417 Clemens
2141 1360 2584 1416 constantissime
2614 1359 2792 1414 tradat
2818 1368 2872 1417 et
2913 1359 3273 1419 invictissime
3301 1381 3434 1421 con-

1859 1443 1942 1485 tra
1973 1431 2261 1486 haereticos
2290 1432 2630 1487 demonstret
2672 1431 2805 1485 illud
2855 1432 3058 1487 bonum
3103 1449 3260 1499 esse,
3295 1451 3432 1492 sau-

1857 1513 2004 1558 ctum
2029 1517 2092 1555 ac
2108 1501 2217 1557 Deo
2242 1503 2563 1571 probatum;
2596 1502 2753 1556 docet
2784 1509 2965 1557 tamen
2996 1502 3310 1560 Christiano
3332 1507 3434 1563 ho.

1857 1573 1992 1627 mini
2026 1579 2159 1626 tunc
2190 1579 2401 1627 tantum
2435 1587 2500 1626 eo
2531 1574 2608 1627 uti
2640 1573 2825 1635 licere,
2867 1587 2992 1627 cum
3024 1590 3091 1629 ex
3122 1591 3292 1630 uxore
3329 1594 3432 1635 sua

1858 1642 1999 1699 ﬁlios
2029 1643 2253 1719 gignere
2296 1650 2494 1713 potest.
2526 1642 2870 1719 Quapropter
2893 1644 3027 1719 ‘haec
3072 1644 3140 1699 de
3188 1647 3432 1719 conjugii

1856 1731 1962 1769 usu
2014 1712 2188 1783 prima
2236 1712 2598 1783 etgeneralis
2637 1714 2723 1768 lex
2752 1712 2834 1766 ab
2890 1712 2984 1768 illo
3032 1712 3429 1775 constituitur:

161 1153 282 1221 stri
326 1151 510 1204 verbis
538 1150 717 1221 colligi
753 1164 933 1220 posse.
970 1151 1114 1221 quod
1156 1165 1310 1221 sanae
1350 1160 1402 1204 et
1440 1151 1758 1221 orthodoxae

157 1220 246 1275 de
290 1221 642 1276 eucharisxire
674 1220 1034 1275 sacramento
1071 1220 1375 1274 deﬁnitioni
1417 1220 1754 1287 adversetur,

160 1290 293 1346 imo
318 1308 451 1347 vero
476 1293 621 1360 quod
669 1292 772 1361 ipsi
812 1305 922 1344 non
957 1292 1028 1346 sit
1050 1291 1275 1344 omnino
1302 1300 1753 1346 consentaneum.

158 1363 246 1414 At
278 1363 328 1417 si
364 1363 573 1424 omnia,
605 1378 728 1432 qua:
762 1361 1026 1417 hactenus
1056 1361 1299 1417 exhibita
1330 1368 1479 1425 sunt,
1512 1362 1659 1416 illius
1688 1361 1757 1417 de

158 1432 372 1486 eodem
426 1434 770 1487 eucharistiae
824 1439 1166 1487 sacramento
1208 1432 1517 1486 testimonia
1570 1447 1756 1487 secum

160 1503 375 1557 sedqu
428 1511 862 1573 componantur,
918 1503 1150 1572 quisque
1212 1502 1363 1557 falsis
1420 1503 1753 1572 quibusdam

162 1574 519 1641 praejudiciis
556 1589 663 1628 non
710 1574 935 1628 omnino
981 1574 1291 1627 obcaecatus
1340 1574 1752 1629 evidentissime

160 1646 500 1713 perspiciet,
537 1659 719 1699 veram
751 1651 805 1698 et
830 1644 1155 1699 catholicam
1181 1643 1249 1698 de
1279 1644 1381 1697 hoc
1406 1644 1640 1699 mirabili
1667 1658 1755 1698 sa-

159 1723 464 1767 cramento
489 1716 792 1785 doctrinam
823 1729 852 1767 a
876 1714 1156 1769 Clemente
1180 1721 1391 1785 nostro,
1421 1715 1474 1768 in
1511 1715 1595 1769 his
1625 1728 1755 1785 prae-

162 1788 371 1837 sertim
401 1785 575 1843 libris.
605 1786 699 1838 ubi
728 1784 795 1839 de
816 1799 880 1840 eo
911 1799 1019 1837 non
1058 1800 1124 1839 ex
1156 1784 1429 1854 professo,
1461 1785 1556 1839 sed
1578 1784 1753 1839 obiter

160 1861 393 1977 tantlum
431 1855 711 1936 .disputat,
758 1870 870 1910 non
920 1856 1167 1925 potuisse
1216 1854 1422 1911 clarius
1474 1857 1648 1912 asseri
1701 1863 1757 1911 et

162 1938 281 1979 em
307 1939 478 1979 ieari.

242 1940 445 1994 plicari
461 1960 478 1976 .

694 2039 1094 2099 ABTICULUS
1125 2041 1215 2099 ill.

171 2153 252 2211 De
280 2157 457 2211 sacris
488 2154 931 2229 ordinationibus,
963 2165 1013 2229 et
1039 2160 1462 2229 presbyterorum
1488 2160 1757 2229 episcopo-

241 2243 471 2298 rumque
510 2226 1073 2298 ordinisdiﬂ'ereutia,
1105 2228 1168 2281 de
1198 2226 1641 2298 presbyterorum.
1662 2226 1758 2288 ’ὑε-

244 2296 571 2362 uediCtione,
603 2314 665 2351 ac
702 2297 765 2351 de
789 2308 974 2353 sancto
1004 2300 1332 2354 matrimonii
1355 2296 1475 2354 usu.

240 2409 522 2484 omnibus
551 2410 684 2484 ιιιυά
710 2410 901 2484 sedulo
926 2411 1491 2477 animadvertendum,
1521 2416 1665 2484 quod
1691 2415 1759 2471 de

164 2482 346 2553 variis
396 2480 657 2553 Ecclesiae.
702 2483 992 2546 ministris,
1038 2483 1237 2553 quibus
1277 2485 1428 2538 varia
1482 2480 1556 2538 ιη’
1586 2500 1759 2541 sacra:

167 2551 488 2625 Scripturze
518 2552 672 2606 libris
701 2568 798 2622 pro
828 2568 929 2625 suo
962 2551 1193 2625 quoque
1209 2556 1590 2625 statuidantur
1618 2571 1759 2625 pra}-

163 2633 358 2692 cepta,
398 2621 652 2677 Clemens
692 2621 1266 2694 memorire'prodidit.
1304 2643 1323 2676 ι
1355 2621 1635 2691 Plurima,
1672 2627 1758 2681 in-

164 2695 322 2763 quit,
355 2694 463 2767 alia
498 2701 783 2767 praecepta,
810 2710 932 2767 quire
972 2696 1038 2767 ad
1066 2695 1271 2749 electas
1299 2711 1564 2767 personas
1590 2698 1759 2766 perti-

165 2774 332 2837 nent,
372 2764 427 2816 in
460 2765 668 2837 sanctis
707 2764 864 2819 libris
907 2765 1114 2837 scripta
1157 2764 1320 2837 sunt}
1356 2766 1484 2837 hare
1535 2764 1758 2837 quidem

170 2834 543 2906 presbyteris,
570 2833 674 2906 alia
702 2850 831 2889 vero
871 2833 1165 2906 episcopis,
1198 2836 1303 2889 alia
1336 2833 1603 2901 diaconis,
1651 2838 1759 2893 alia

167 2914 365 2958 autem
405 2904 603 2966 viduis,
642 2904 709 2958 de
752 2906 952 2974 quibus
984 2904 1147 2962 fuerit
1178 2906 1326 2960 aliud
1365 2906 1581 2962 dicendi
1615 2914 1756 2961 tem-

164 2991 281 3097 pus
309 2994 323 3029 :
357 2992 379 3025 ι
414 2976 471 3027 αἱ
499 2974 595 3044 μὲν
626 2976 1031 3047 πρεσϐυτέροις,
1068 2977 1124 3030 αἱ
1154 2976 1211 3029 δὲ
1244 2978 1582 3060 ὲτςεισκόιτοις,
1613 2980 1670 3030 αἱ
1701 2978 1760 3032 δὲ

204 3045 466 3097 ιακόνοις.
497 3044 651 3097 ἄλλαι
696 3046 895 3097 viast:
928 3046 994 3097 δ’.
1029 3046 1164 3097 Cum
1212 3062 1358 3097 enim
1391 3049 1495 3097 alia
1530 3050 1758 3097 nresbv-

204 3045 466 3119 ιαιιόνοις,
497 3044 651 3119 ἄλλᾳι
676 3044 994 3119 χήραιςτθ.
1029 3046 1164 3101 Cum
1212 3047 1358 3101 enim
1391 3049 1495 3102 alia
1530 3050 1758 3119 presby-

167 3117 314 3169 teris
343 3131 509 3188 quam
536 3116 808 3188 episcopis
838 3118 963 3171 data
988 3132 1111 3172 esse
1138 3126 1408 3187 praecepta
1437 3116 1547 3171 tam
1575 3116 1759 3188 aperte

170 3187 539 3269 pronuntiet,‘
589 3186 713 3239 hinc
760 3188 1006 3269 proiecto
1035 3186 1416 3269 ‘inyictissinte
1468 3186 1759 3269 coniicitur

168 3256 363 3330 ipsum
393 3256 617 3330 omnino
645 3272 750 3330 pro
763 3256 929 3313 'certo
965 3258 1221 3313 habuisse
1243 3258 1543 3329 presbyteri
1572 3266 1627 3315 et
1649 3260 1759 3330 epi-

168 3325 332 3398 scopi
384 3325 628 3380 ordinem
647 3325 927 3400 ’_primitus
961 3336 1124 3398 atque
1169 3325 1271 3384 suo
1313 3325 1478 3400 etiam
1508 3325 1754 3400 tempore

167 3396 297 3470 non
321 3412 514 3458 unum,
554 3402 611 3449 ut
651 3396 852 3470 frustra
885 3396 1146 3453 neoterici
1194 3399 1457 3470 haeretici,
1489 3396 1753 3470 quemad-

167 3469 404 3521 modum
448 3474 659 3521 veteres
711 3468 931 3525 Aeriani
984 3468 1342 3532 contendunt,
1398 3477 1452 3525 et
1500 3468 1753 3527 eumdem

169 3539 375 3662 fuidsse,
396 3536 493 3593 sed
517 3537 763 3595 diversos
791 3550 845 3595 et
873 3555 903 3593 a
929 3555 987 3595 se
1017 3540 1250 3597 invicem
1278 3540 1439 3611 plane
1458 3540 1754 3597 distinctos

169 3626 238 3662 or
283 3625 426 3662 mes.

167 3625 426 3665 ordines.

245 3657 632 3752 {inid—contra
674 3693 785 3739 tam
831 3681 1037 3736 claram
1083 3688 1138 3736 et
1165 3681 1579 3752 apertissimam
1622 3679 1750 3737 Cle—
1783 3657 1826 3715 θ

170 3754 382 3805 mentis
415 3750 741 3823 dpctrinam,
772 3753 853 3807 vel
888 3753 1002 3823 ipse
1033 3750 1550 3823 magis'obstinatus
1589 3753 1753 3822 perti-

168 3824 399 3896 nacium
428 3821 1187 3896 “timeticorunranimus
1207 3822 1519 3896 obstrepere
1543 3821 1755 3893 potest?

170 3892 323 3946 Nihil
355 3892 527 3949 sane:
548 3894 611 3949 Et
640 3910 770 3950 vero
798 3892 1135 3956 Blondellus,
1165 3893 1257 3962 qui
1287 3904 1475 3946 contra
1504 3892 1607 3949 hoc
1632 3910 1753 3949 cer-

171 3963 456 4017 tissimmn
486 3967 801 4019 orthodoxa!
826 3964 944 4017 ﬁdei
972 3964 1166 4033 dogma
1188 3963 1550 4033 congerendis
1581 3964 1754 4019 unde-

169 4048 396 4102 quaque
423 4046 660 4090 veterum
685 4036 1012 4104 scriptorum
1033 4033 1360 4087 testimoniis
1383 4041 1588 4087 tantam
1616 4048 1756 4087 tam-

170 4120 286 4173 que
312 4104 565 4159 inutilem
597 4103 1129 4177 impendittoperam,
1155 4103 1622 4177 istudaltissimo,
1658 4104 1754 4158 sed

168 4172 431 4246 prorsus,
464 4177 541 4230 uti
578 4172 811 4239 videtur,
844 4172 1113 4246 dolosoet
1148 4172 1329 4246 fallaci
1362 4174 1581 4246 silentio
1615 4188 1756 4246 pra-

171 4243 418 4300 iermisit
455 4247 521 4301 ⁸⁸.
569 4247 682 4301 Cur
718 4247 886 4306 enim.
919 4243 1112 4299 amabo
1152 4250 1227 4308 te,
1259 4244 1348 4299 ille
1395 4244 1499 4298 hoc
1530 4245 1756 4299 minime

170 4317 351 4371 dubio
377 4323 434 4370 et
477 4317 713 4372 obscuro
744 4317 983 4371 auctoris
1022 4315 1197 4369 nostri
1246 4314 1561 4369 testimonio
1600 4315 1756 4385 peni-

172 4394 267 4442 tus
294 4386 526 4441 omisso.
554 4387 659 4442 alia
707 4385 1084 4443 tantummodo
1127 4386 1182 4439 in
1216 4385 1422 4440 erroris
1458 4385 1543 4440 sui
1571 4395 1757 4455 patro-

173 4457 387 4510 ciuium
439 4458 719 4522 obtrudit,
748 4457 851 4512 nisi
894 4458 1021 4526 quia
1059 4456 1173 4510 haec
1202 4454 1599 4525 aliquantulum
1649 4454 1755 4509 sibi

174 4527 386 4597 favere,
422 4526 569 4581 istud
620 4528 779 4597 plane
828 4526 931 4581 sibi
964 4526 1243 4580 adversari
1286 4527 1455 4597 probe
1504 4533 1751 4582 noverat.

1861 1801 1881 1836 ι
1909 1784 2095 1858 Neque
2115 1784 2279 1858 ullam
2310 1784 2535 1839 omnino
2558 1794 2716 1853 tange
2737 1783 3050 1858 mulierem,
3065 1796 3432 1858 praeterquam

1860 1864 2007 1909 tuam
2039 1855 2213 1924 ipsius
2248 1869 2505 1918 uxorem,
2538 1870 2603 1910 ex
2644 1868 2751 1924 qua
2795 1854 2912 1909 sola
2954 1854 3210 1912 tibi‘iicet
3242 1854 3429 1915 carnis

1859 1927 2169 1998 voluptates
2220 1925 2500 1998 percipere
2524 1964 2539 1989 ,
2576 1924 2644 1979 ad
2678 1925 3083 1994 suscipiendam
3133 1927 3430 1998 legitimam

1860 1995 2268 2053 successionem
2292 1996 2359 2050 θ’.
2396 2014 2417 2049 ι

1932 2064 2072 2120 Hinc
2102 2065 2310 2139 colligit
2331 2064 2494 2139 nefas
2521 2080 2644 2139 esse
2678 2064 2963 2139 coniugem
2995 2065 3111 2121 sola
3134 2069 3434 2139 voluptatis

1860 2151 2027 2209 causa
2059 2136 2379 2209 complecti:
2410 2153 2429 2187 ‹
2460 2135 2586 2209 Sola
2609 2136 2754 2209 enim
2801 2137 3087 2209 voluptas,
3130 2135 3335 2209 inquit,
3382 2141 3433 2196 si

1860 2208 1984 2280 quis
2006 2222 2080 2280 ea
2112 2208 2277 2260 etiam
2307 2213 2493 2280 utatur
2524 2207 2580 2260 in
2618 2205 2895 2280 conjugio,
2919 2214 3012 2280 est
3036 2205 3233 2280 praeter
3257 2209 3429 2280 leges,

1860 2275 1915 2332 et
1942 2277 2170 2350 injusta,
2211 2286 2265 2331 et
2307 2291 2338 2329 a
2385 2277 2597 2350 ratione
2638 2277 2902 2350 aliena”.
2929 2275 3118 2350 {Quid
3160 2294 3293 2350 ergo
3312 2275 3433 2334 ἰιιί-

1862 2345 2011 2410 rum,
2043 2348 2089 2402 si
2119 2361 2310 2401 omnes
2359 2347 2498 2401 alios
2547 2348 2875 2402 concubitus
2926 2345 3171 2413 illicitos,
3228 2345 3431 2407 vetitos

1859 2426 1913 2472 et
1943 2417 2183 2473 nefarios
2203 2432 2327 2472 esse
2359 2416 2659 2472 decernat?
2686 2417 2943 2484 Quinimo
2976 2420 3162 2486 pueris
3190 2428 3245 2473 et
3279 2422 3432 2475 seni-

1859 2489 1965 2543 bus
1996 2503 2199 2561 uitortes
2221 2487 2424 2542 ducere
2450 2488 2800 2561 interdictum
2820 2502 2942 2543 esse
2964 2490 3239 2561 declarat;
3269 2492 3433 2561 quip-

1860 2574 1927 2640 pe
1972 2558 2263 2640 quimﬁlios
2303 2572 2412 2640 npn
2461 2559 2671 2628 possint
2714 2572 3086 2640 prec-resres:
3114 2558 3211 2613 His
3260 2558 3428 2640 enim,

1861 2627 2040 2699 inquit
2070 2630 2181 2690 ille,
2212 2627 2783 2693 nondum’concess‘it,
2815 2629 2940 2683 illos
2967 2636 3150 2684 autem
3181 2646 3288 2685 non
3316 2627 3433 2687 vult

1860 2701 2096 2754 ainalius
2126 2713 2327 2754 uxores
2360 2699 2559 2754 dueere
2579 2699 2644 2754 “.
2669 2718 2688 2750 ι

1974 2785 2100 2824 orro
2127 2777 2311 2823 autem
2340 2784 2446 2822 non
2474 2770 2654 2824 minus
2685 2769 2844 2839 plane
2865 2775 3026 2837 negat
3056 2766 3139 2824 fas
3165 2785 3288 2825 esse
3313 2771 3432 2827 viro

1859 2854 1984 2894 cum
2021 2854 2190 2910 uxore
2232 2853 2299 2893 eo
2329 2841 2477 2893 omni
2520 2838 2765 2910 tempere
2795 2838 3078 2906 congredi,
3107 2854 3216 2908 quo
3258 2856 3325 2894 ex
3362 2857 3428 2897 ea

1859 2910 2062 2980 poterit
2102 2909 2304 2980 liberos
2338 2908 2648 2980 suscipere,
2674 2908 2771 2980 sed
2813 2912 2972 2964 statis
3009 2917 3220 2963 tantum
3253 2910 3430 2979 horis,

1861 2978 1985 3051 post
2014 2979 2324 3051 convivium
2360 2980 2503 3051 tactis
2546 2978 2654 3051 Deo
2680 2979 2751 3033 ob
2783 2979 3179 3051 acccptadona
3214 2978 3428 3049 gratiis,

1862 3049 2144 3120 nunquam
2195 3049 2457 3120 interdiu,
2492 3050 2587 3104 sed
2633 3059 2812 3120 nocte,
2863 3064 2973 3103 non
3021 3049 3348 3106 immodeste
3375 3064 3431 3106 et

1861 3119 2310 3189 intemperanter,
2341 3119 2436 3176 sed
2468 3135 2590 3174 cum
2639 3119 2847 3189 pudore
2881 3126 2934 3173 et
2966 3120 3325 3185 verecundia;
3358 3137 3431 3177 ne.

1861 3189 2220 3260 frequentiori
2284 3191 2672 3257 conjunctione
2727 3189 2952 3260 sntietas
3011 3198 3065 3243 et
3107 3191 3433 3258 pinnitentia

1862 3258 2179 3317 suboriatur
2230 3278 2244 3314 :
2292 3279 2310 3311 ι
2353 3259 2564 3326 Quibus
2615 3274 2815 3314 uxores
2863 3258 3064 3313 ducere
3102 3274 3430 3316 concessum

1860 3339 1965 3394 est,
1999 3333 2067 3387 iis
2089 3330 2385 3402 paedagogo
2411 3346 2549 3401 opus
2581 3329 2773 3391 fuerit;
2810 3336 2868 3402 ut
2901 3344 3007 3383 non
3044 3330 3277 3385 interdiu
3313 3348 3435 3402 my-

1861 3405 2002 3457 stica
2056 3400 2265 3457 naturae
2310 3400 2656 3456 celebrentur
2708 3400 2881 3470 orgia,
2915 3416 3017 3454 nec
3064 3415 3130 3454 ex
3165 3400 3424 3462 ecclesia,

1859 3472 2016 3528 verbi
2049 3473 2246 3542 gratia,
2281 3480 2375 3525 aut
2404 3488 2467 3526 ex
2502 3471 2619 3526 foro
2652 3485 2825 3542 manet
2856 3471 3072 3542 rediens
3106 3470 3230 3542 galli
3275 3487 3431 3526 more

1860 3538 2286 3612 coeatfquando
2307 3542 2591 3603 orationis,
2620 3549 2676 3596 et
2707 3540 2979 3606 lectionis,
3012 3548 3067 3595 et
3103 3538 3427 3612 edit-scium,

1860 3629 1982 3683 quae
2029 3609 2268 3668 interdiu
2309 3612 2465 3673 ﬁunt,
2514 3627 2740 3683 operum
2785 3619 3000 3683 tempus
3049 3618 3155 3665 est.
3193 3609 3432 3681 Vespere

1859 3681 2045 3738 autem
2079 3689 2295 3754 oportrt
2343 3692 2466 3752 post
2509 3681 2846 3754 eonvivium_
2871 3681 3175 3754 quiescere,
3203 3689 3257 3754 et
3310 3690 3432 3752 post

1859 3749 2161 3824 gratiarum
2208 3749 2501 3824 actionem,
2546 3767 2669 3821 qua:
2718 3752 2775 3804 iit
2817 3749 2926 3807 Deo
2961 3767 3058 3821 pro
3098 3752 3258 3824 bonis
3310 3749 3433 3822 quae

1860 3821 2224 3895 percepimus.
2266 3822 2385 3877 Non
2435 3837 2652 3892 semper
2699 3830 2878 3876 autem
2930 3821 3182 3895 concedit
3217 3821 3433 3895 tempus

1861 3892 2078 3959 natura,
2112 3902 2171 3948 ut
2210 3901 2502 3964 peragatur
2542 3906 2872 3964 congressus
2926 3892 3315 3964 tnatrimonii,
3345 3902 3433 3948 est

1860 3966 2007 4018 enim
2034 3981 2101 4019 eo
2128 3962 2545 4019 desiderabilior
2574 3962 2911 4031 conjunctio.
2942 3977 3053 4030 quo
3074 3962 3428 4029 diuturnior;

1861 4050 2039 4103 neque
2073 4050 2202 4089 vero
2242 4044 2405 4087 noctu
2442 4043 2699 4102 tanquam
2725 4034 2778 4086 in
2811 4033 3073 4094 tenebris,
3108 4032 3433 4088 immodeste

1862 4119 1986 4159 sese
2024 4120 2089 4158 ac
2132 4104 2561 4171 intemperanter
2610 4118 2797 4173 gerere
2843 4109 3080 4171 oportet,
3121 4103 3216 4157 sed
3256 4117 3434 4173 vere-

1862 4174 2061 4227 cundia
2116 4182 2376 4241 tanquam
2421 4173 2512 4227 lux
2551 4172 2784 4226 rationis
2824 4174 2879 4225 in
2925 4173 3109 4224 animo
3139 4179 3223 4226 est
3251 4172 3433 4227 inclu-

1861 4243 2040 4299 denda
2058 4244 2125 4299 ".
2153 4263 2172 4295 ι
2203 4242 2446 4313 Denique
2475 4243 2729 4298 Clemens
2760 4256 2819 4313 se
2849 4242 3004 4313 plura
3039 4241 3107 4295 de
3137 4242 3239 4296 hoc
3266 4257 3433 4313 argu-

1862 4259 2040 4299 aenua
2058 4259 2125 4299 ’·.
2153 4263 2172 4295 ι
2203 4259 2446 4313 nemque
2475 4259 2729 4298 Clemens
2760 4259 2819 4296 se
2849 4259 3004 4310 plura
3039 4259 3107 4295 ae
3137 4259 3239 4296 nec
3266 4259 3433 4367 argu-

1862 4322 2049 4369 mento
2085 4314 2142 4368 in
2189 4314 2329 4368 libro
2362 4313 2438 4368 De
2487 4314 2684 4381 nuptiis
2711 4311 3004 4381 scripsisse
3035 4318 3289 4367 testatur.
3363 4313 3433 4368 ed

1860 4384 1990 4455 quia
2021 4385 2137 4455 hinc
2166 4383 2508 4455 elucubratio
2541 4383 2608 4455 ad
2652 4397 2755 4455 nos
2798 4397 2971 4455 usque
2998 4396 3110 4455 non
3162 4384 3428 4455 pervenit,

1860 4450 1989 4525 quid
2020 4454 2089 4510 de
2124 4455 2218 4509 illo
2264 4453 2520 4509 Clemens
2568 4454 2624 4508 in
2678 4450 3036 4525 Stromatibtts
3080 4450 3350 4525 docuerit,
3383 4455 3434 4510 si

1862 4523 2005 4581 scire
2024 4539 2204 4588 avens.
2238 4524 2306 4579 ad
2341 4538 2407 4581 ea
2436 4532 2490 4579 te
2519 4524 2821 4586 mittemus,
2846 4537 2968 4594 qua:
2997 4523 3052 4577 in
3073 4523 3433 4594 subsequenti

172 4576 1265 4667 suamai‘umfaisbogiainuna;
1286 4576 1574 4667 granum
1591 4576 1600 4581 ⁷
1619 4576 1760 4665 In};
1792 4576 1837 4632 ι)
1863 4576 2268 4667 angustias;
2278 4576 2315 4649 Ξ
2345 4576 2882 4667 insignissimi;
2913 4576 3309 4667 stipitum-is
3326 4576 3434 4667 ξιέιὲ

172 4665 343 4723 desse
371 4667 592 4736 potest?
623 4665 832 4722 Etenim
868 4666 1103 4735 obiectio
1133 4673 1187 4721 et
1220 4665 1528 4732 diﬂicultas,
1564 4667 1609 4721 si
1639 4680 1760 4735 quae

171 4744 361 4791 tamen
395 4737 502 4791 ulla
530 4738 621 4799 sit,
665 4753 730 4791 ex
769 4736 890 4791 aliis
924 4737 1221 4806 Clementis
1249 4738 1430 4806 verbis
1457 4737 1525 4789 ab
1560 4750 1627 4793 eo
1656 4752 1754 4806 pe-

173 4808 295 4871 tita,
326 4823 394 4863 ex
426 4807 511 4863 bis
541 4823 664 4879 qua:
705 4807 995 4862 retulimus
1028 4805 1283 4862 facillime
1318 4805 1565 4872 diluitur,
1602 4805 1755 4879 peni-

243 4960 294 4993 ”
323 4959 539 5032 deag.
569 4961 661 5016 lib.
698 4977 784 5028 ιιι,
819 4975 882 5017 ca
927 5002 940 5015 .
977 4962 1098 5029 ult.,
1127 4976 1249 5034 pag.
1271 4959 1398 5016 264.
1479 4961 1524 4994 '°
1560 4959 1826 5026 Blondel.,
1859 4959 2014 5033 Apol.
2048 4960 2117 5018 de
2145 4960 2317 5034 episc.
2345 4970 2400 5017 et
2415 4962 2678 5034 presbyt.,
2761 4960 2817 5026 2,
2835 4976 2955 5034 pag.
2974 4960 3066 5017 38.

243 5049 273 5087 ι.
311 5046 395 5087 ιιι.
429 5048 553 5087 nan.
582 5032 709 5087 248.
789 5033 835 5065 “
861 4978 1075 5087 Ppaedau.
1114 5032 1210 5087 lib.
1247 5048 1308 5087 ιι.
1338 5047 1460 5087 can.
1487 5032 1574 5087 10.
1608 5047 1731 5087 nae.
1774 5030 1894 5087 192.
1975 5030 2022 5064 ⁸³
2049 5031 2183 5087 ibid.
2246 5033 2309 5066 ‘“
2348 5033 2483 5087 ibid.
2518 5047 2644 5087 nan.
2682 4960 2805 5087 θυι.
2886 5032 2931 5066 ⁸⁸
2971 5032 3066 5087 ibit

789 5033 835 5065 “
861 5030 1075 5105 Paedag.
1114 5030 1221 5090 lib:
1247 5048 1308 5101 ιι,
1338 5047 1460 5105 cap.
1487 5032 1574 5098 ιο,
1608 5047 1731 5105 pag.

1862 5030 1924 5087 ις
1975 5030 2022 5064 ⁸³
2049 5030 2199 5088 ιδίας
2246 5033 2309 5066 ‘“
2348 5030 2483 5089 ibid.
2518 5030 2644 5105 pag.
2682 5032 2707 5087 i

172 5031 273 5091 lib.
311 5046 395 5100 tu,
427 5031 553 5106 pag.
582 5032 709 5089 2‘8.

1868 4681 1996 4721 men
2028 4666 2318 4722 consulere
2347 4673 2480 4720 tom.
2513 4662 2558 4718 ll
2607 4662 2888 4719 Paenitent.
2919 4662 3203 4728 Theodori,
3236 4680 3300 4719 ac
3329 4663 3435 4719 Pe-

1867 4736 1955 4790 titi
1976 4735 2390 4792 observationes
2418 4744 2475 4790 et
2518 4745 2700 4797 notas,
2732 4734 2826 4790 ubi
2862 4734 3021 4805 plura
3051 4735 3192 4790 hanc
3220 4734 3278 4790 in
3312 4750 3431 4789 rem

1862 4814 2122 4878 congesta
2144 4814 2200 4863 et
2227 4806 2510 4862 enucleata
2540 4806 2804 4878 reperies.

3143 4960 3183 4993 “
3206 4956 3427 5029 ‘Padag.

1975 5030 2022 5064 σι
2049 5030 2199 5088 ιδίας
2246 5033 2309 5066 λοι
2348 5030 2483 5089 mu.
2518 5030 2644 5105 pag.
2682 5030 2805 5088 isi.
2835 5030 2851 5034 '
2886 5030 2931 5066 α
2971 5032 3107 5089 ibid.
