3848 6538
151 354 237 410 ωε

663 351 844 415 ΑΙΛΑΞ
884 349 951 406 IN
995 347 1588 407 COHORTATIONEM
1625 346 2200 406 ET'PEDAGOGUM
2243 309 2828 412 OBSERVATIONES.

3265 352 3370 408 836

148 469 342 544 quidam
395 469 644 544 scriptor
688 469 756 526 ab
811 470 1152 544 Athenagora
1209 469 1428 544 citatus,
1466 474 1530 544 ut_
1573 467 1700 544 hu_ic
1729 478 1772 531 Α
1803 469 2018 544 dilectio
2050 483 2215 544 penes
2263 467 2479 523 Graecos
2517 479 2618 544 est.
2651 469 3099 544 Quantiscunq‘ue
3139 469 3372 537 sumpti-

145 538 345 614 j'amjam
387 538 630 598 fortasse
659 541 930 613 gliscenti,
961 538 1206 614 veigerte
1232 538 1532 614 itiimineuti
1559 540 1700 592 malo

149 607 459 683 mederetur,
507 621 602 666 aut
648 607 996 683 praecaveret,
1049 609 1378 683 Christianis
1410 607 1695 683 edixerat:

151 704 168 737 ι
200 681 413 736 Summa
444 678 1218 737 cautiouecommunieandum
1248 685 1332 732 est
1351 678 1622 740 osculum,
1641 685 1700 731 ut

152 769 240 808 non
288 752 450 806 aliter
475 768 640 822 quam
666 753 749 822 pia
784 751 1076 822 salutatio,
1112 749 1195 804 vel
1244 750 1424 822 potius
1457 747 1700 822 adoratio

151 822 374 892 quasdam
407 819 695 886 habeatur,
721 836 861 892 quae,
897 822 940 874 si
968 820 1072 892 vel
1096 834 1284 888 parum
1309 819 1512 888 impura
1548 819 1698 892 cogi-

151 889 332 946 tatione
378 891 666 962 inquinata
708 889 887 962 fuerit,
945 905 975 962 a
1018 890 1133 962 _vita
1168 897 1368 943 (eterna
1421 904 1521 962 nos
1569 889 1698 962 alie»

149 971 226 1032 nat
243 962 302 1018 ".
337 981 357 1013 ι
411 958 488 1016 De
529 963 614 1017 bis
644 976 804 1032 porro
831 959 1261 1032 Christianorum
1307 960 1510 1032 osculis
1554 958 1697 1032 vide,

393 1046 528 1133 |qua:
550 1029 660 1088 nos
673 1033 728 1086 in
752 1031 895 1085 hunc
925 1030 1278 1101 Athenagora:
1310 1029 1486 1084 locum
1531 1029 1699 1084 adno-

150 1103 366 1157 tavimus
393 1103 456 1156 ".

206 1170 324 1226 Haec
346 1187 514 1255 porro
535 1172 746 1255 oscula,
770 1177 833 1255 ut
875 1169 1136 1255 iduobiter‘
1156 1169 1332 1255 adhuc
1359 1169 1699 1255 animadver-

147 1248 332 1305 tamus,
349 1240 408 1296 in
441 1243 712 1307 ccclesiis,
736 1249 873 1296 teste
899 1240 1173 1295 Clemente
1191 1247 1408 1300 nostro,
1426 1240 1700 1308 impertie-

149 1312 348 1366 liantur.
387 1310 544 1366 Unde
582 1312 725 1366 haud
770 1311 1002 1366 absurde
1033 1309 1260 1363 forsitan
1289 1311 1543 1378 colligere
1575 1309 1698 1378 quis

149 1382 329 1461 poterit
362 1383 744 1461 salutationes,
774 1381 840 1434 de
861 1380 1065 1461 quibus.
1090 1379 1397 1461 ibi'demille
1437 1381 1695 1459 loquitur,

149 1448 194 1504 in
221 1452 407 1507 iisdem
460 1453 634 1506 factas
664 1452 829 1505 fuisse
855 1448 1120 1505 ecclesiis.
1153 1448 1227 1503 De
1265 1451 1386 1505 aliis
1423 1450 1699 1504 enimvero

147 1521 245 1575 hac
260 1522 418 1592 paulo
440 1530 564 1590 post
592 1523 750 1576 habet
773 1540 786 1576 :
811 1539 828 1572 ι
844 1521 1105 1592 Caeterum
1129 1519 1448 1574 dilectorum
1473 1535 1700 1588 quaeque

146 1592 191 1644 in
227 1590 306 1645 via
337 1592 719 1655 salutationes,
742 1593 836 1660 qui
864 1590 1050 1644 volunt
1075 1605 1170 1658 per
1196 1605 1283 1644 res
1304 1599 1557 1646 externas
1579 1605 1698 1660 sese

145 1670 424 1728 ostentare,
449 1677 518 1715 ne
550 1659 830 1715 minimam
859 1660 1074 1729 quidem
1123 1659 1321 1714 habent
1352 1661 1600 1728 gratiam.
1639 1659 1696 1712 Si

143 1733 272 1785 enim
305 1731 357 1802 in
393 1731 543 1786 aditu
572 1732 797 1802 mystice
833 1729 998 1784 Deum
1030 1745 1184 1784 orare
1212 1730 1696 1802 convenit.,_conse-

1802 539 1904 594 bus
1934 546 2163 602 constet,
2187 539 2397 592 lucrum
2425 545 2510 594 est
2536 539 2750 607 pietatis
2774 539 2989 594 nomine
3016 538 3192 592 facere
3221 553 3376 592 sutu-

1801 618 1985 678 ptum;
2042 608 2310 677 siquidem
2340 609 2531 678 inopes
2561 623 2806 678 quosque.
2838 608 3116 678 refrigerio
3155 609 3373 674 istojn-

1803 695 2012 744 vannus,
2037 693 2141 732 non
2169 693 2275 748 qua
2302 694 2466 749 penes
2491 694 2587 749 vos
2617 680 2840 747 parasiti
2873 678 3125 733 alfectant
3148 679 3215 732 ad
3249 680 3370 748 glo-

1800 750 2054 804 riam.....
2081 749 2174 803 sed
2193 747 2318 818 qua
2337 764 2501 819 penes
2524 747 2690 803 Deum
2717 749 2887 817 major
2917 758 3000 803 est
3033 747 3371 819 contempla-

1800 820 1876 874 tio
1902 818 2374 874 mediocrium.....
2400 819 2532 872 nihil
2558 819 2804 878 vilitatis,
2853 819 2985 872 nihil
3013 818 3371 874 immodestiae

1801 890 2056 944 admittit.
2108 888 2227 942 Non
2270 888 2828 958 priusdiscumbitur
2868 904 3030 958 quam
3073 889 3250 942 oratio
3301 891 3367 945 ad

1798 958 1969 1014 Deum
1996 957 2370 1030 praegustetur.
2412 957 2603 1014 Editur
2635 957 2896 1030 quantum
2926 958 3229 1030 esurientes
3275 975 3371 1014 ca-

1800 1031 1986 1110 piunt;
2010 1029 2502 1110 bibiturquantum
2544 1029 2759 1110 pudicis
2795 1035 2879 1082 est
2916 1029 3084 1094 utile;
3116 1029 3188 1110 ita
3213 1039 3370 1110 satu-

1800 1107 2014 1162 rantur,
2052 1108 2112 1169 ut
2153 1100 2246 1169 qui
2278 1100 2625 1154 meminerint
2676 1100 2836 1154 etiam
2871 1114 2968 1168 per
3009 1105 3223 1151 noctem
3270 1101 3371 1152 ad-

1798 1170 2062 1224 orandum
2081 1168 2248 1224 Deum
2273 1171 2376 1224 sibi
2402 1172 2631 1232 csse,ita
2659 1169 2992 1230 fabulantur,
3009 1176 3067 1220 ut
3085 1169 3175 1238 qui
3194 1169 3370 1224 sciant

1803 1238 2087 1293 Dominum
2120 1239 2311 1294 audire
2334 1241 2396 1293 ιθ.
2423 1261 2440 1290 ι
2463 1241 2726 1294 Caeterum
2756 1240 2899 1307 quod
2925 1238 3176 1294 Clemens
3204 1240 3258 1294 iu
3282 1240 3369 1296 his

1801 1310 1985 1380 agapis
2013 1319 2206 1378 praeter
2232 1310 2359 1365 olim
2389 1310 2714 1364 constitutas
2744 1310 2961 1380 pietatis
2997 1319 3050 1363 ct
3084 1310 3370 1367 rharitatis

1799 1379 1945 1449 leges
1979 1382 2052 1434 ait
2085 1395 2206 1436 esse
2251 1381 2567 1444 admissum,
2593 1395 2702 1435 non
2745 1379 2942 1434 omnes
2987 1380 3367 1446 Christianos,

1799 1451 1894 1504 sed
1923 1457 2130 1504 tantum
2165 1451 2450 1520 quosdam,
2478 1451 2620 1514 τινές
2653 1493 2666 1516 ,
2711 1450 2874 1518 hujus
2909 1452 3371 1520 prmvaricationis

1799 1534 1924 1575 reos
1953 1521 2062 1585 agit
2085 1528 2138 1573 et
2160 1520 2514 1590 exagitat.An
2545 1528 2722 1574 autem
2770 1523 2822 1574 hi
2863 1522 3118 1574 catholici
3149 1531 3239 1574 aut
3261 1519 3370 1573 hil}-

1798 1590 1954 1644 retici
1982 1590 2203 1654 fuerint,
2258 1593 2405 1644 dictu
2449 1590 2855 1645 difficillimum.
2914 1591 3008 1645 Ille
3062 1592 3204 1645 enim
3237 1592 3368 1645 alibi

1797 1659 2252 1731 Carpocratianos
2302 1661 2516 1730 arguit,
2571 1660 2664 1731 qtti
2712 1663 3076 1716 exsecrandos
3133 1661 3370 1715 detesta-

1798 1729 2042 1798 bilesque
2068 1742 2239 1784 cretus
2260 1729 2390 1785 suos
2417 1729 2621 1799 agapen
2642 1746 2836 1784 vocare
2871 1733 3139 1786 audebant
3165 1731 3229 1786 ¹⁹.
3261 1731 3368 1786 Sed

144 1815 304 1868 quens
333 1801 496 1856 fuerit
519 1799 825 1871 profvimum
860 1815 1093 1871 quoque,
1123 1815 1280 1869 quem
1308 1800 1548 1871 secundo
1579 1801 1696 1853 loco
1731 1811 1770 1865 Β
1797 1816 1918 1853 cum
1951 1801 2168 1854 laudato
2199 1799 2480 1870 Pwdagogi
2533 1802 2668 1853 libro
2693 1802 2826 1854 nihil
2862 1801 2972 1856 fere
3003 1802 3056 1856 in
3092 1801 3178 1855 his
3209 1802 3371 1855 Chri-

141 1871 382 1940 jubemur
410 1868 668 1942 diligere,
700 1868 947 1926 similiter
963 1868 1036 1942 ac
1061 1868 1225 1942 Deum
1264 1870 1492 1940 mystice
1511 1870 1692 1942 intus,

144 1949 462 2012 amanteriet
499 1940 734 2012 benigne
776 1940 1377 2012 alloqui,_occasionem
1431 1940 1690 2012 redimen-

144 2019 217 2064 tes
246 2011 304 2063 “.
331 2031 348 2062 ι
379 2009 1122 2080 Denique'Clemenslibidem
1156 2011 1400 2064 osculum
1433 2026 1539 2063 non
1566 2011 1700 2064 satis

143 2081 384 2148 pudicum
411 2081 828 2150 componitcum
851 2080 1471 2150 nocivophalangiorum
1493 2096 1697 2143 morsu,

142 2152 198 2204 de
224 2153 418 2220 quibus
446 2149 769 2220 AriStoteles
797 2152 890 2206 lib.
929 2149 1220 2220 txAIlistor.
1255 2151 1576 2220 anim.,cap.
1609 2151 1698 2216 59,

141 2218 253 2290 pag.
292 2222 425 2288 943;
453 2219 688 2286 Plinius,
719 2222 812 2276 lib.
844 2239 896 2276 ιι
952 2218 1159 2276 Hister.
1216 2230 1420 2286 natam,
1456 2218 1574 2289 cap.
1605 2221 1697 2284 24,

141 2307 252 2360 pag.
287 2292 424 2354 516,
453 2302 506 2346 et
548 2293 644 2347 lib.
673 2308 822 2356 xxrx,
849 2307 969 2359 cap.
1020 2291 1075 2356 4,
1104 2307 1226 2361 pag.
1280 2290 1419 2359 692;
1473 2291 1702 2346 Diosco-

140 2363 290 2433 rides.
326 2363 419 2417 lib.
447 2378 508 2423 tt,
535 2377 660 2433 cap.
692 2363 780 2427 57,
811 2371 865 2416 et
892 2362 1002 2416 alii.

199 2431 342 2486 Nihil
369 2433 584 2502 planius
606 2430 667 2488 et
691 2433 1045 2503 explicatius,
1076 2430 1528 2503 quemadmodum
1565 2430 1702 2485 nihil

141 2503 302 2572 magis
332 2504 663 2574 evangelicis
684 2502 952 2558 inStitutis
976 2502 1306 2574 conveniens
1325 2511 1399 2574 et_
1411 2510 1702 2574 consenta-

141 2587 312 2636 neum,
351 2572 513 2642 quam
543 2589 608 2627 ea
640 2575 820 2628 omnia
844 2589 963 2642 qua:
989 2573 1240 2628 Clemens
1269 2573 1336 2626 de
1363 2572 1705 2626 Christiano-

142 2657 248 2714 rum
275 2644 564 2706 conviviis,
583 2644 1243 2714 prandiis,ctenis,epulis
1270 2652 1324 2696 et
1348 2644 1550 2714 mensis
1586 2651 1700 2696 tra-

140 2713 262 2784 didit
298 2715 359 2767 ¹⁶.
391 2712 781 2784 Clareetenim
811 2725 863 2768 ct
896 2712 1177 2784 perspicue
1204 2712 1441 2784 ostendit
1488 2721 1704 2783 quanta:

141 2781 364 2839 debeant
392 2799 514 2839 esse
549 2783 879 2854 frugalitatis
897 2781 956 2838 et
987 2781 1318 2845 sobrietatis,
1354 2781 1520 2854 quani
1544 2785 1702 2853 longe

138 2854 196 2906 ab
214 2856 291 2908 eis
308 2853 661 2909 amandanda’
683 2855 962 2923 multiplex
980 2855 1224 2908 ciborum
1252 2853 1519 2919 varietas;
1538 2869 1701 2923 quam

139 2926 315 2992 procul
348 2925 474 2980 inde
499 2924 813 2992 rejicienda:
838 2925 1178 2979 delicatiores
1207 2923 1311 2977 cibi
1341 2932 1394 2976 et
1432 2926 1698 2990 potiones,

138 3010 284 3060 quam
310 2995 468 3064 longe
489 2996 560 3049 ab
586 2997 668 3050 eis
692 2994 1017 3064 removenda
1057 2994 1421 3055 condimenta,
1455 2993 1698 3056 bellaria,

137 3065 337 3137 aliaque
366 3063 508 3135 gula:
536 3066 896 3137 irritamenta.
923 3063 1033 3119 Nec
1048 3065 1230 3137 minus
1249 3064 1542 3137 perspicue
1556 3065 1702 3118 edis-

135 3133 513 3223 serit'quisint
543 3136 612 3190 ad
641 3151 853 3223 cumam
889 3145 944 3190 et.
971 3135 1222 3223 convivia
1247 3133 1534 3223 in‘vitandi,
1566 3149 1702 3223 quo-
1727 3165 1770 3223 ο

135 3207 284 3277 modo
298 3204 433 3260 cum
467 3207 548 3262 eis
575 3207 863 3277 agendum,
897 3221 1057 3275 quam
1103 3204 1349 3277 modeste
1362 3207 1702 3277 accumben-

133 3274 248 3345 dum
278 3277 508 3340 mensis,
527 3274 634 3345 qui
653 3274 932 3331 sermones
957 3284 1087 3330 tunc
1112 3275 1397 3338 miscendi,
1424 3275 1555 3345 quid
1583 3285 1701 3329 tan-

132 3344 240 3417 dem
271 3348 344 3400 ab
379 3344 643 3402 omnibus
665 3346 1050 3417 praestandum.

194 3414 287 3472 llis
320 3417 485 3486 igitur
519 3414 936 3487 praetermissis,
972 3417 1040 3470 ad
1076 3416 1166 3470 illa
1215 3415 1397 3471 minus
1440 3414 1598 3470 obvia
1647 3425 1700 3470 et

129 3489 430 3557 communia
463 3488 814 3553 accedamus,
840 3502 961 3557 quae
983 3487 1070 3541 ille
1095 3487 1161 3540 de
1195 3487 1380 3556 agapis
1413 3498 1695 3540 memorat.

129 3552 180 3608 lu
208 3559 472 3625 quosdam
497 3559 778 3624 enimvero
810 3552 921 3612 suae
944 3559 1118 3611 aetatis
1147 3552 1488 3611 Christianos
1515 3571 1580 3610 eo
1610 3573 1702 3626 po-

130 3627 244 3681 tiori
281 3628 408 3694 jure
458 3626 868 3692 animadvertit,
904 3642 1012 3696 quo
1042 3628 1215 3696 magis
1251 3628 1334 3680 lite
1363 3641 1567 3696 agapm,
1597 3643 1690 3682 seu

127 3701 365 3762 cenulae,
403 3699 488 3752 vel
525 3697 811 3768 prandiola
848 3701 912 3751 ad
941 3701 1232 3751 fraternam
1259 3699 1576 3752 charitatem
1599 3713 1692 3750 nu-

128 3769 385 3838 triendam
416 3777 471 3822 et
499 3767 804 3838 augendam
833 3769 1083 3838 primitus
1122 3768 1474 3830 instituta,ab
1499 3768 1698 3836 aliqui—

127 3835 219 3891 bus
245 3835 864 3893 lahefactata'l‘uerantc
893 3857 911 3889 ι
946 3837 1180 3897 Audent,
1210 3838 1386 3908 inquit
1411 3877 1426 3900 ,
1451 3835 1698 3891 nonnulli

125 3920 321 3975 agapen
345 3924 573 3972 vocare,
608 3909 868 3962 effrenata
889 3910 1068 3977 lingua
1104 3917 1346 3970 utentes,
1374 3923 1567 3978 nempe
1591 3909 1698 3961 δει-

125 3979 293 4049 πνάρά
345 3997 494 4040 τινα,
525 3979 776 4049 quasdam
809 3980 1088 4048 prandiola
1109 3979 1214 4046 (vel
1248 3980 1426 4048 potius
1453 3981 1697 4032 euanulas

122 4051 429 4118 quasdam).
457 4049 710 4103 nidorem
738 4057 791 4102 et
823 4051 914 4118 jus
960 4049 1275 4115 redolentia,
1306 4049 1592 4118 pulchrum
1636 4063 1699 4103 ac

122 4117 351 4188 salutare
391 4118 568 4188 Verbi
612 4133 779 4182 opus,
819 4117 1029 4172 Sacram
1079 4117 1462 4188 agapen’ollis
1511 4119 1698 4173 nescio

119 4187 307 4255 quibus
323 4198 381 4247 et
398 4187 746 4258 liquidojure
769 4187 1182 4256 dedecorantes,
1199 4199 1454 4259 potuque,
1485 4188 1698 4259 deliciis

115 4269 162 4328 et
187 4259 338 4314 fumo
384 4257 525 4314 illud
569 4273 772 4313 nomen
802 4260 1088 4328 maledicto
1123 4257 1532 4328 persequentes.
1575 4257 1697 4311 Fal-

117 4327 291 4398 luntur
321 4330 764 4391 existimatione,
800 4339 858 4382 ut
890 4331 983 4398 qui
1033 4327 1138 4383 Dei
1168 4327 1494 4398 promissum
1533 4345 1698 4398 pran-

111 4397 280 4470 diolis,
312 4400 684 4469 δειπναρίοις,
721 4414 780 4453 se
831 4397 994 4468 posse
1030 4397 1208 4454 emere
1240 4397 1692 4470 exspectaverint.

113 4469 232 4531 Quae
256 4473 415 4525 enim
469 4471 678 4524 laetitiae
721 4485 881 4523 causa
917 4470 1052 4523 fiunt
1094 4469 1562 4540 congregationcs,
1592 4470 1696 4539 ipsi

110 4554 319 4610 quoque
354 4546 718 4595 recensentes
757 4549 810 4594 et
840 4541 1104 4602 coenulas,
1127 4551 1180 4594 et
1208 4540 1451 4610 prandia.
1480 4549 1534 4594 et
1565 4555 1697 4609 epu-

1799 1871 2103 1926 stianorum
2135 1872 2322 1940 agapis
2354 1878 2502 1924 notet
2531 1871 2674 1924 aliud
2700 1887 2861 1940 quam
2891 1872 3074 1926 luxum
3102 1880 3156 1926 et
3181 1871 3373 1925 intem-

1800 1943 2121 2011 perantiam,
2159 1942 2210 1994 id
2236 1956 2345 1994 non
2377 1948 2490 2011 tam
2514 1941 2581 1994 ad
2612 1941 2893 1995 ham-tiens
2939 1957 3102 2011 quam
3143 1943 3370 1995 catholi-

1801 2009 1896 2065 cos
1925 2011 2135 2066 videtur
2157 2019 2425 2080 spectare.
2450 2009 2616 2066 Nemo
2644 2013 2840 2081 quippe
2873 2009 3177 2081 nescitjam
3211 2027 3239 2064 a
3265 2013 3370 2080 pri-

1802 2082 1906 2136 mis
1954 2081 2209 2135 Ecclesia:
2249 2081 2583 2150 temporibus
2615 2080 2929 2137 Corinthios
2978 2098 3006 2136 a
3037 2080 3207 2134 Paulo
3246 2083 3367 2136 ideo

1800 2152 2024 2221 corripi,
2085 2150 2225 2220 quod
2274 2151 2327 2204 in
2387 2166 2541 2204 omna
2593 2167 2732 2210 sua.
2784 2167 2946 2220 qttam
3003 2153 3093 2206 ille
3154 2152 3370 2206 δεῖπνον

1799 2227 2054 2323 appelloat,
2081 2221 2324 2292 quaedam
2347 2221 2432 2276 his
2464 2237 2572 2275 non
2606 2227 2762 2293 longe
2793 2222 3063 2277 absimilia
3091 2231 3368 2292 perpeti-ad

1802 2300 1916 2323 ...η-η

1802 2300 1922 2346 rent
1944 2295 2008 2346 ²⁰.

1871 2360 2194 2416 Balneorum
2248 2376 2407 2417 usum
2457 2360 2788 2415 Christianis
2845 2359 3065 2431 quidem
3115 2360 3367 2416 Clemens

1802 2433 2096 2503 permittit,
2141 2433 2236 2488 sed
2287 2432 2610 2503 mulieribus
2661 2431 2945 2486 munditiei
2979 2442 3044 2503 ret
3089 2433 3370 2494 sanitatis,

1802 2502 1936 2558 viris
1966 2511 2146 2558 autem
2192 2502 2443 2558 sanitatis
2475 2510 2688 2556 tantum
2735 2503 2941 2571 gratia;
2976 2502 3050 2556 ita
3091 2511 3270 2556 tamen
3313 2511 3370 2556 ut

1803 2573 1871 2627 ab
1903 2574 2156 2628 omnibus
2191 2573 2374 2628 habita
2397 2572 2595 2637 aitatis,
2624 2573 2870 2642 corporis
2901 2582 2956 2628 et
2986 2574 3246 2642 temporis
3279 2588 3372 2625 ra-

1803 2645 1970 2709 tione,
1999 2644 2326 2715 moderatio,
2367 2643 2817 2715 quasvaletudinj
2863 2651 2916 2715 et
2959 2643 3118 2715 saluti
3167 2652 3371 2696 nostra:

1800 2728 1956 2782 opem
1989 2713 2153 2781 ferat,
2192 2711 2406 2784 semper
2443 2711 2802 2784 adhibeatur.
2825 2733 2842 2764 ι
2874 2714 3206 2784 Sumendum
3232 2725 3330 2784 est
3351 2752 3368 2776 ,

1802 2783 2005 2854 inquit,
2039 2783 2327 2838 lavacrum
2375 2783 2697 2837 mulieribus
2726 2784 2942 2854 quidem
2996 2783 3368 2836 munda-tionis

1801 2869 1966 2908 causa
1992 2863 2047 2909 et
2075 2855 2347 2920 sanitatis,
2382 2854 2554 2909 solius
2583 2861 2764 2908 autem
2801 2854 3053 2908 sanitatis
3084 2869 3250 2908 causa
3279 2855 3361 2906 vi-

1802 2925 1879 2978 ris
1906 2926 1969 2978 ²¹.
1997 2943 2016 2976 ›

1873 2993 2262 3050 Adolescentes
2285 3000 2464 3049 autem
2505 3002 2653 3048 arcet
2678 3010 2708 3047 a
2738 2993 2967 3056 balneis,
2992 2993 3190 3064 quibus
3219 3009 3366 3064 gyui-

1801 3066 2039 3127 nasium,
2066 3081 2160 3121 seu
2191 3065 2439 3134 corporis
2466 3064 2908 3119 exercitationem
2937 3072 2991 3119 et
3011 3063 3227 3117 motum
3259 3063 3371 3116 suf-

1806 3135 2094 3191 [iciendum
2134 3150 2257 3191 esse
2308 3135 2588 3189 decernit:
2624 3152 2642 3184 ‹
2672 3134 3120 3189 Adulescentibus
3172 3135 3384 3188 sullicit-

1801 3207 2140 3278 gymnasium
2162 3246 2177 3270 ,
2214 3205 2428 3260 etiamsi
2462 3204 2603 3257 adsit
2633 3204 2884 3278 balneum
2910 3207 2977 3258 ”.
3003 3225 3022 3256 ι
3057 3204 3200 3260 Viris
3232 3221 3372 3274 quo-

1803 3275 1910 3346 que
1942 3275 2058 3346 ipse
2087 3282 2278 3331 auctor
2298 3283 2382 3331 est
2407 3283 2458 3330 et
2486 3290 2699 3338 suasor,
2728 3284 2786 3330 ut
2816 3276 2955 3330 hanc
2982 3291 3197 3345 quoque
3219 3291 3372 3329 exer-

1803 3347 2117 3400 citationem
2182 3346 2393 3401 balneis
2443 3353 2793 3414 anteponant.
2844 3346 2913 3398 At
2964 3347 3111 3399 omni
3152 3346 3382 3415 penitus.

1802 3431 1990 3471 earum
2036 3431 2221 3471 rerum
2274 3432 2379 3470 usu
2431 3425 2579 3470 recte.
2618 3416 2837 3486 quidem
2882 3415 3210 3471 Christianis
3259 3432 3372 3470 non

1801 3487 2095 3552 interdicit,
2129 3503 2265 3557 quas
2298 3487 2405 3542 illis
2450 3502 2558 3557 non
2600 3487 2901 3556 prohibitus
2951 3487 3117 3542 fuisse
3162 3486 3218 3540 in
3263 3501 3369 3557 no-

1802 3557 2029 3658 stris’ad
2066 3555 2416 3614 Ambrosium
2443 3555 2920 3612 observationibus
2958 3557 3088 3611 olim
3126 3555 3371 3612 ostendi-

1801 3643 1923 3682 mus
1948 3643 2012 3681 ".

1869 3697 2142 3768 Quidquid
2173 3713 2337 3768 porro
2363 3697 2430 3751 ad
2465 3707 2692 3754 caeteros
2714 3695 3158 3768 Christianorum
3188 3712 3371 3754 mores

1837 3767 2055 3829 ertinet,
2089 3769 2140 3822 id
2174 3767 2240 3822 ex
2271 3770 2524 3838 superius
2555 3769 2678 3822 data
2711 3767 2902 3821 horum
2933 3769 3196 3838 librorum
3221 3783 3365 3838 ana-

1800 3783 2055 3891 perunet,
2089 3783 2140 3822 tu
2174 3785 2240 3822 ex
2271 3785 2524 3838 superius
2555 3783 2678 3822 aata
2711 3783 2902 3821 norum
2935 3783 3196 3823 tzurorum
3230 3783 3365 3822 ana-

1821 3842 1902 3908 ysi
1936 3838 2094 3892 facile
2125 3839 2466 3910 intelligitur.
2507 3838 2564 3894 Si
2593 3839 2722 3909 quid
2758 3853 2886 3910 vero
2918 3839 3101 3910 adhuc
3127 3837 3366 3902 diﬂicile,

1800 3907 2123 3979 autrnotatu
2169 3907 2414 3979 dignum,
2451 3907 2725 3973 occurrat,
2751 3907 2971 3979 dabitur
3020 3908 3161 3963 infra
3210 3924 3368 3979 coma

1799 3978 2028 4059 modior,
2065 3995 2134 4034 ne
2176 3977 2365 4036 eadem
2397 3989 2728 4050 repetamus,
2760 3978 2907 4032 illius
2941 3977 3246 4049 explicandi
3276 3994 3369 4033 oo-

1799 4063 1967 4101 casm.

1870 4116 2212 4172 Prtetermitti
2247 4125 2425 4172 tamen
2461 4133 2491 4172 a
2537 4119 2695 4173 nobis
2733 4132 2847 4172 non
2878 4124 3056 4187 potest
3089 4133 3151 4172 ea
3184 4118 3367 4171 omnia

1798 4205 1917 4258 quae
1954 4204 1984 4242 a
2011 4188 2287 4243 Clemente
2315 4188 2382 4242 de
2419 4188 2852 4243 Christianorum
2890 4189 3166 4241 hominum
3200 4189 3368 4258 vesti-

1798 4257 1996 4313 mentis
2023 4259 2453 4320 constituuntur,
2488 4275 2552 4312 ex
2592 4259 2675 4312 his
2705 4259 2889 4328 Cyrilli
2919 4257 3366 4328 Jerosolymitard

1799 4330 1982 4384 verbis
2026 4329 2222 4382 mirmn
2271 4331 2321 4381 in
2357 4329 2578 4383 modttm
2612 4327 2923 4383 confirmari
2953 4347 2964 4382 :
3009 4348 3026 4380 ι
3058 4327 3132 4382 De
3169 4329 3386 4381 vestitu.

1799 4408 1980 4453 autem
2018 4399 2066 4453 is
2103 4399 2201 4454 ti'oi
2240 4399 2468 4468 simplex
2499 4408 2552 4454 et
2588 4401 2772 4454 tenuis
2796 4407 2936 4464 esto,
2969 4413 3071 4453 nec
3105 4397 3174 4452 ad
3203 4412 3370 4452 orna-

1798 4479 1934 4535 tum,
1975 4468 2068 4524 sed
2099 4470 2164 4523 ad
2197 4471 2561 4542 necessariam
2589 4470 2814 4542 tutelam
2846 4479 3089 4542 paratus,
3126 4483 3196 4522 ne
3240 4468 3368 4523 iuste

1801 4542 2143 4608 molliterque
2188 4539 2466 4606 vestiaris;
2514 4539 2607 4594 sed
2637 4539 2816 4594 hieme
2865 4541 3128 4602 calescas,
3159 4545 3211 4593 et
3243 4555 3368 4593 cor-

111 4590 540 4683 las,165mva’pté
571 4611 779 4683 τε,καὶ
807 4610 1022 4682 ἄριστα,
1053 4590 1147 4663 xci.
1176 4590 1335 4680 δδχάς
1367 4651 1382 4673 ,
1414 4611 1559 4683 hunc
1578 4590 1690 4664 crua—

1805 4590 1948 4680 ᾖόιίίὲ
1959 4590 1970 4593 ⁷
1981 4590 2276 4683 magna."
2290 4590 2466 4683 ego:
2510 4590 2607 4664 a‘e‘
2631 4590 2778 4683 is...
2794 4590 3006 4677 'prsié;
3013 4590 3075 4665 [ιῖ
3083 4590 3104 4595 ⁷
3116 4590 3366 4683 legem...

109 4689 210 4733 tum
239 4684 374 4751 jure
409 4682 799 4736 vocaverimus
831 4685 1094 4734 rationem
1122 4690 1431 4750 sequentes.
1459 4682 1571 4734 Ilas
1595 4695 1694 4734 au-

108 4757 202 4824 tem
231 4751 1033 4824 epulas,éwtdqatQDomiuus
1081 4751 1332 4818 ἁγάπας,
1369 4751 1536 4824 id_e._st
1563 4751 1692 4824 cha-

104 4820 690 4888 ritates,non'vocavit
725 4822 787 4875 ”.
827 4839 858 4892 »ί
903 4823 1174 4886 Quantum
1205 4830 1384 4876 autem
1418 4820 1530 4892 48
1565 4821 1620 4892 hi
1660 4835 1690 4873 a

103 4893 327 4955 pristino
357 4894 813 4948 Christianorum
847 4891 1096 4946 instituto
1127 4891 1459 4948 desciveriui
1479 4895 1524 4944 si
1549 4891 1689 4946 scire

102 4963 243 5026 velis,
277 4965 417 5018 audi
446 4963 851 5018 Tertullianum
879 4979 892 5015 :
924 4981 942 5012 ι
969 4961 1138 5016 Cmna
1169 4970 1352 5016 nostra
1378 4962 1444 5016 de
1469 4962 1688 5015 nomine

99 5036 360 5090 rationem
395 5035 487 5090 sui
521 5033 1032 5100 ostendit;voeatur
1055 5033 1198 5087 enitn
1221 5033 1431 5102 ἀγάπη,
1457 5031 1512 5086 id
1537 5032 1681 5102 quod

160 5191 202 5222 "
234 5191 531 5262 Athenag.
584 5188 777 5262 Legat.
805 5205 904 5260 pro
932 5187 1162 5262 Christ.,
1193 5203 1316 5259 pag.
1345 5188 1434 5262 56.

93 5258 206 5316 257.
309 5265 356 5295 ³⁸
396 5258 542 5317 ibid.
641 5258 688 5290 ¹⁶
717 5258 822 5314 Μ).⁷
850 5277 886 5314 ιι
932 5258 1170 5329 Ρειξαειε..
1196 5258 1327 5328 δερ.
1365 5260 1417 5323 1,

95 5330 318 5404 §trom.,
359 5347 498 5404 pag.
738 5331 783 5404 ’ξ
814 5331 832 5384 1
862 5331 988 5404 Cor.
1021 5345 1094 5390 tv,
1131 5329 1218 5404 ll.

92 5401 134 5434 ⁸³
163 5398 529 5460 Δηιιπόείίιι
566 5402 662 5455 lib.
697 5415 712 5453 ι
748 5399 821 5455 De
890 5399 1030 5454 oiiic.
1082 5400 1300 5454 ministr
1328 5441 1343 5466 ,
1379 5413 1428 5454 c.
1467 5399 1554 5469 18.
1583 5412 1704 5469 pag.
1739 5398 1830 5453 22.

1527 5187 1570 5218 "
1604 5186 1700 5240 lib.
1731 5202 1771 5241 Il
1804 5189 1922 5256 App

1453 5271 1577 5327 pag.
1607 5257 1729 5327 Ml.

1332 5330 1373 5361 ²¹
1410 5325 1505 5382 lib.
1531 5325 1604 5381 in
1641 5325 1880 5398 Paadag.,
1909 5344 2031 5398 cap.
2059 5330 2114 5391 9,
2150 5343 2272 5398 pag.
2305 5330 2429 5384 240.

1801 4681 2158 4751 turpitudinis
2207 4682 2450 4735 vestibus
2499 4682 2745 4750 operosis
2790 4689 2845 4734 et
2887 4682 3158 4735 accuratis
3188 4684 3241 4732 in
3285 4681 3365 4733 al-

1798 4750 1968 4804 teram
2028 4751 2418 4820 turpitudinem
2475 4750 2815 4806 incurras“.
2849 4772 2866 4803 ›
2923 4751 3208 4806 Postremo
3246 4765 3366 4818 qum

1797 4821 1866 4875 de
1913 4821 2348 4877 Christianarmn
2419 4823 2705 4877 nmlierum
2761 4823 3009 4877 vestibus
3055 4829 3110 4876 et
3165 4829 3364 4873 ornatu

1794 4891 2048 4946 Clemens
2089 4891 2424 4962 praescribit,
2466 4909 2590 4946 cum
2639 4892 2725 4948 his
2773 4891 3148 4962 componenda
3201 4899 3360 4962 sunt,

1787 4962 2040 5085 ἓὲῐξὰιθ
2072 4959 2265 5019 iisdem
2317 4961 2689 5018 Tertullianus
2736 4970 2790 5018 et
2831 4959 3138 5035 Cyprianus
3187 4959 3360 5013 tradi-

1825 5049 1917 5087 ere
1938 5034 2004 5088 ".

1930 5227 1966 5249 .,
1992 5187 2126 5242 diss.
2165 5188 2370 5258 3erap.
2403 5189 2455 5252 5,
2497 5187 2593 5256 §l.
2677 5189 2717 5220 "
2747 5187 2956 5258 Pmdag.
2995 5187 3086 5239 lih.
3120 5199 3360 5258 nt,__pag.

1829 5255 2029 5311 "ibid.
2133 5260 2175 5290 ¹⁸
2207 5255 2415 5312 Tertul.
2474 5255 2723 5328 Apolog.
2771 5255 3026 5327 cap.'59.
3103 5255 3144 5287 ¹⁹
3178 5255 3270 5308 lih.
3330 5270 3364 5306 ν

1829 5344 1880 5378 τ..
1909 5344 2031 5378 can.
2059 5330 2114 5378 9.
2150 5343 2272 5378 natz-
2305 5330 2429 5378 240.
2547 5331 2591 5360 ⁸³
2619 5330 2776 5378 ibid.
2805 5345 2927 5378 can.
2960 5327 3045 5378 10.
3079 5341 3201 5378 082:
3231 5323 3360 5378 241.

1943 5330 2429 5469 aeriae
2453 5325 3045 5470 ...;'.i““l";.i‘§'
3230 5325 3366 5450 ii}:

89 5474 180 5530 tul.
212 5475 313 5530 lib.
349 5474 438 5530 De
460 5487 662 5529 coron.
689 5471 828 5537 mil.,
865 5486 914 5527 c.
945 5471 976 5526 8
1011 5488 1027 5540 ;
1059 5470 1154 5526 lib.
1185 5485 1223 5526 Il
1255 5469 1332 5527 De
1358 5469 1493 5526 cuit.
1520 5468 1672 5538 fem.,
1699 5484 1748 5524 c.
1777 5469 1844 5523 to
1866 5486 1881 5538 ;
1907 5468 2166 5541 Cyprian.
2195 5471 2287 5527 lib.
2325 5470 2398 5527 De
2426 5474 2558 5527 cult.
2593 5470 2727 5542 virg‘.
