3848 6546
504 391 605 448 891

1202 390 1269 446 ΙΝ
1309 391 1728 449 CLEMENTI-3M
1768 394 1971 450 ALEX.
2015 393 2079 451 D.
2114 394 2204 450 LE
2239 397 2528 456 NOURRY
2567 394 3026 456 DISSERTATIO
3063 399 3100 458 Ι.
3611 400 3694 457 892

507 508 896 580 interpretibus
943 506 1121 588 facile
1145 509 1346 588 poterit
1371 511 1637 588 “assequi.
1660 475 2066 588 Quapropter
2094 515 2142 575 Α
2168 513 2434 588 Henetus
2466 525 2646 572 tamen
2679 515 2915 588 id_quod
2956 516 3025 572 de
3051 515 3224 588 primo
3268 529 3334 570 ex
3375 516 3694 588 septemldo-

506 595 826 651 persuasum
849 580 1072 651 omnino
1108 580 1309 651 habent
1336 580 1458 636 aliis
1485 580 1753 636 rationum
1777 580 2066 638 inminentis

505 650 665 720 posse
688 650 1046 720 demonstrari
1079 660 1203 720 ante
1232 650 1421 704 diluvii
1461 660 1698 720 tempora
1725 652 1865 720 apud
1891 651 2067 706 homi-

506 719 637 781 nes,
684 721 896 791 multis
916 719 1265 789 infandisque
1313 719 1610 776 sceleribus
1635 719 1953 791 jamdudum
1981 723 2068 778 in-

507 791 763 859 quinatos
784 831 799 853 ,
831 790 1094 845 falsorum
1127 791 1421 846 invaluisse
1449 790 1650 846 cultum
1676 791 1922 846 deorum.

577 858 820 930 Primum
851 863 1034 924 enim,
1092 861 1220 930 quia
1269 877 1388 916 mos
1455 863 1691 916 nominis
1754 861 1848 914 Dei
1914 863 2068 918 invo-

503 929 663 1001 candi
708 931 777 984 ab
828 932 1006 985 Enoso
1056 929 1270 985 initium
1333 935 1633 1001 sumpsisse
1689 931 1912 996 dicitur,
1943 934 2070 988 hinc

507 999 772 1070 colligunt
819 1001 1146 1072 tumifuisse
1207 1002 1400 1072 impios
1433 999 1717 1072 homines,
1778 1003 1870 1072 qui
1921 1003 2068 1058 illius

505 1078 667 1144 aetate
689 1085 751 1144 ac
781 1071 1014 1144 proinde
1037 1072 1193 1144 longe
1217 1081 1343 1126 ante
1372 1071 1630 1144 diluvium
1661 1081 1944 1144 creaturas
1968 1089 2068 1144 pro

507 1141 615 1196 diis
649 1141 958 1194 habuerint.
1003 1141 1205 1196 Deinde
1259 1157 1386 1194 vero
1421 1151 1544 1196 ante
1583 1142 1826 1209 ejusdem
1877 1141 2068 1198 diluvii

507 1219 723 1280 tempus
754 1229 766 1264 :
805 1231 824 1283 ι
853 1209 1044 1266 Omnis
1074 1227 1222 1273 caro,
1251 1219 1310 1264 ut
1351 1212 1589 1283 loquitur
1611 1212 1920 1283 Scriptura,
1953 1229 2073 1268 cor-

505 1289 730 1353 ruperat
767 1282 909 1335 viani
936 1298 1112 1353 suam
1160 1295 1324 1353 super
1356 1288 1555 1353 terram
1581 1282 1647 1353 δέ.
1692 1300 1710 1334 ι
1749 1282 1923 1353 Άιιιιιὶ
1959 1285 2066 1348 his,

511 1351 804 1420 inquiunt,
838 1351 1018 1405 verbis
1052 1350 1195 1404 haud
1233 1350 1477 1406 obscure
1511 1351 1822 1406 insinuatur
1848 1350 2068 1409 'nullum

507 1421 884 1494 essepeccati,
917 1421 1269 1494 quantumvis
1292 1422 1594 1494 gravissimi
1625 1438 1816 1491 genus,
1841 1424 1893 1476 in
1925 1424 2069 1494 quod

508 1492 730 1560 pessimi
763 1501 816 1546 et
845 1492 1226 1561 improbissimi
1260 1491 1505 1546 homines
1540 1507 1646 1545 non
1672 1491 2067 1550 volutarentur.

507 1562 645 1615 Cum
685 1562 991 1615 idololatria
1032 1563 1213 1630 itaque
1253 1562 1546 1632 maximum
1583 1564 1651 1617 sit
1686 1572 1990 1632 peccatum,
2017 1572 2072 1619 et

507 1632 564 1754 illi
591 1645 708 1754 e'am
733 1647 946 1702 quoque
973 1633 1256 1702 prolapsos
1296 1630 1464 1687 fuisse
1495 1630 1745 1688 homines
1785 1634 1910 1689 inde
1939 1650 2072 1690 cono

507 1717 537 1754 c
564 1719 592 1753 ιι
639 1710 753 1754 unt.

507 1710 753 1755 cludunt.

573 1770 763 1843 Neque,
813 1786 977 1843 porro
1027 1772 1189 1826 allata
1246 1787 1276 1825 a
1323 1779 1512 1827 sancto
1567 1772 1774 1827 Thoma
1838 1775 2070 1830 recentis

507 1842 822 1898 ci'eationis'
853 1843 1038 1896 mundi
1074 1843 1347 1898 memoria:
1381 1844 1521 1896 ratio
1552 1858 1646 1897 eos
1678 1845 1757 1898 vel
1788 1845 2069 1898 minimum

501 1920 772 1984 moratur.
807 1913 973 1967 Aiunt
999 1913 1144 1984 enim
1178 1929 1244 1984 ert
1269 1929 1355 1976 ea,
1385 1914 1575 1982 siquid
1609 1914 1833 1977 valeret,
1868 1915 2073 1984 pariter

507 1982 870 2054 demonstrari
903 1983 1151 2038 homines
1189 1983 1260 2036 ob
1311 1984 1690 2044 acerbissimi,
1739 1982 1883 2054 quod
1931 1984 2074 2040 Deus

509 2052 804 2106 universali
850 2054 1055 2107 diluvio
1091 2062 1432 2124 sumpserat,
1462 2054 1714 2123 supplicii
1755 2052 2070 2110 memoriam

511 2133 634 2193 post
670 2124 824 2192 plura
883 2132 1091 2177 tantum
1145 2125 1213 2177 ab
1242 2139 1305 2178 eo
1341 2133 1582 2193 tempore
1613 2125 1808 2193 s1ccula
1858 2125 1923 2178 ad
1954 2125 2072 2180 falsi

509 2192 735 2246 deorum
769 2195 1010 2252 numinis
1045 2195 1248 2247 cultum
1290 2192 1559 2248 inductos.
1596 2192 1869 2258 Quantum
1894 2205 2074 2251 autem

509 2261 562 2315 id
585 2278 631 2332 7a
653 2265 878 2318 veritate
917 2264 1224 2325 abhorreat,
1259 2265 1382 2332 quis
1413 2279 1519 2317 non
1543 2264 1728 2318 videt?

584 2331 804 2399 Majoris
845 2342 1024 2386 autem
1071 2334 1210 2403 apud
1258 2331 1380 2388 illos
1437 2333 1692 2403 ponderis
1728 2333 1866 2387 foret
1909 2336 2076 2391 citata

509 2401 696 2471 Cyrilli
721 2405 1047 2466 auctoritas;
1082 2401 1183 2457 nisi
1221 2404 1336 2474 ipsa
1392 2401 1743 2473 argumento,
1778 2405 1853 2456 uti
1887 2406 2074 2472 aiunt,

513 2475 671 2543 plane
699 2474 948 2542 negativo
975 2473 1257 2528 niteretur.
1312 2473 1402 2527 Sic
1425 2475 1568 2543 enim
1594 2476 1682 2528 ille
1715 2475 2031 2543 disputabat
2060 2495 2072 2531 :

519 2562 547 2614 ε
574 2540 787 2597 Omnes
822 2544 890 2596 ab
919 2545 1126 2597 Atlamo
1161 2560 1332 2614 usque
1388 2545 1452 2597 ad
1489 2542 1600 2599 Noe
1657 2546 1770 2598 nati
1809 2540 2078 2600 'mortales

515 2609 684 2666 Deum
722 2621 916 2666 natura
947 2631 1112 2666 unmn
1145 2622 1197 2668 et
1246 2609 1369 2668 vere
1417 2630 1596 2669 rerum
1631 2616 1871 2668 omnium
1907 2616 2083 2668 archi-

514 2692 712 2735 tectum
760 2698 823 2736 ae
874 2684 1152 2738 dominum
1190 2686 1495 2738 coluerunt.
1554 2683 1883 2739 Traducitur
1934 2686 2077 2740 enim

514 2755 698 2807 nullus
732 2760 985 2824 tanquam
1023 2755 1157 2807 alios
1187 2754 1318 2809 deos
1353 2764 1405 2807 et
1434 2756 1966 2823 diemouesimpuros
1991 2771 2081 2810 ve-

513 2831 737 2896 neratus
764 2823 886 2896 δ’.)
927 2823 1080 2890 Quod
1114 2825 1329 2894 quidem
1356 2825 1457 2896 ipsi
1492 2826 1563 2878 ita
1599 2840 1921 2896 persuasum
1945 2825 2078 2890 fuit,

514 2902 574 2946 ut
607 2893 734 2946 illttd
771 2895 898 2948 alibi
929 2893 1168 2962 repetere
1203 2911 1310 2948 non
1349 2893 1703 2950 dubitaverit.
1739 2915 1756 2947 ι
1794 2895 1849 2948 ln
1879 2897 2078 2959 sacris,

513 2964 712 3034 inquit,
748 2965 943 3020 litteris
974 2967 1241 3018 neminem
1274 2967 1488 3034 penitus
1515 2967 1848 3034 reperiemus
1869 2982 2078 3028 eorum,

512 3029 606 3102 qui
651 3029 701 3087 id
759 3036 1016 3104 temporis
1067 3029 1392 3090 exstiterunt
1440 3029 1665 3090 deorum
1712 3037 2080 3090 multitudinis

513 3105 835 3175 criminibus
893 3105 1309 3175 implicatum“.
1361 3125 1380 3157 ι
1432 3105 1630 3160 Verum
1687 3106 1813 3160 huic
1848 3122 1912 3160 ex
1961 3108 2080 3160 solo

515 3173 813 3245 Scriptura;
861 3173 1032 3230 sacrae
1078 3177 1295 3230 silentio
1341 3175 1584 3231 deductae
1612 3177 1938 3245 probationi,
1985 3177 2076 3230 alii

514 3244 880 3314 respondent,
905 3247 1007 3300 etsi
1048 3262 1205 3301 nemo
1248 3248 1302 3300 in
1336 3247 1424 3299 illa
1465 3244 1627 3316 hujus
1659 3245 1904 3300 criminis
1951 3262 2078 3303 reus

514 3329 770 3385 expresse
816 3324 870 3371 et
923 3317 1202 3386 signanter
1243 3324 1481 3381 notetur,
1517 3317 1776 3386 implicite
1813 3324 1992 3371 tamen
2025 3327 2080 3372 et

515 3388 812 3452 generatim
844 3388 1028 3456 plures
1053 3403 1118 3441 eo
1146 3388 1386 3452 nomine,
1423 3397 1481 3441 ut
1520 3402 1685 3456 supra
1732 3387 2079 3442 observatum

515 3466 619 3526 est,
651 3459 800 3526 argui
822 3465 875 3510 et
904 3457 1274 3510 condemnari.

587 3525 791 3580 Contra
829 3533 1008 3581 tamen
1058 3527 1325 3581 Eusebius
1357 3541 1454 3596 pro
1486 3537 1668 3590 certo,
1702 3527 1780 3580 uti
1819 3525 2074 3590 vidimus,

517 3609 580 3666 ac
613 3598 769 3665 plane
817 3597 1124 3650 indubitate
1163 3600 1314 3666 ponit
1347 3599 1490 3650 hunc
1543 3599 1786 3650 omnium
1837 3598 2078 3665 gentium

517 3665 584 3718 de
612 3666 957 3721 multitudine
1007 3665 1231 3720 deorum
1280 3683 1522 3722 errorem
1561 3668 1778 3722 nonnisi
1814 3676 1935 3734 post
1959 3667 2078 3721 Ion-

518 3751 638 3806 gam
691 3746 909 3790 aetatum
969 3737 1165 3791 seriem
1220 3752 1249 3789 a
1307 3735 1658 3790 thnicibns
1697 3746 1752 3791 et
1812 3735 2080 3806 Egyptiis

481 3805 732 3860 .inilium
777 3806 1036 3871 duxisse,
1078 3819 1239 3871 atque
1284 3809 1353 3860 ab
1389 3807 1494 3861 illis
1541 3806 1604 3859 ad
1645 3808 1778 3860 alias
1806 3805 2077 3871 nationes,

519 3884 680 3947 atque
709 3877 762 3928 in
814 3876 1006 3946 primis
1043 3878 1108 3931 ad
1139 3876 1357 3932 Graecos
1388 3878 1713 3931 derivatum.
1739 3876 2081 3947 Quapropter

517 3946 662 4014 quod
714 3948 1102 4016 exAClemente
1131 3957 1318 4002 nostro
1359 3962 1522 4016 supra
1557 3948 1868 4009 retulimus,
1907 3946 2080 4009 homi-

517 4031 616 4070 nes
663 4017 730 4069 ab
783 4014 1031 4085 Orpheo,
1060 4019 1362 4086 Amphione
1411 4014 1464 4071 et
1507 4017 1707 4072 Arione
1749 4018 1980 4085 primum
2011 4018 2078 4072 ad

518 4086 680 4149 idola,
719 4096 979 4157 praetextu
1014 4089 1234 4142 musica:
1263 4087 1546 4148 adductos,
1585 4087 1636 4140 id
1669 4089 1740 4140 ita
1774 4088 2076 4156 intelligen-

517 4157 644 4209 dum
679 4159 910 4221 videtur,
941 4165 998 4210 ut
1037 4158 1103 4211 de
1127 4157 1329 4212 Graecis
1355 4158 1686 4220 hominibus,
1713 4158 1797 4210 vel
1829 4157 2080 4214 fortassis

516 4226 584 4280 de
617 4227 797 4297 aliquo
852 4243 917 4281 ex
963 4237 1168 4297 septem
1224 4229 1420 4292 modis,
1451 4229 1649 4298 quibus
1707 4229 1986 4291 homines,
2023 4238 2080 4282 ut

516 4297 632 4365 ipse
661 4308 877 4359 narrat,
903 4299 968 4351 ad
1004 4299 1365 4352 idololatriam
1406 4297 1643 4368 prolapsi
1691 4305 1852 4362 sunt,
1889 4300 2082 4352 debeat

515 4369 791 4436 explicari.
830 4370 964 4422 Illud
995 4371 1193 4438 quippe
1243 4384 1350 4422 non
1399 4372 1572 4423 solum
1634 4385 1699 4422 ex
1759 4368 1842 4420 his
1887 4384 2006 4438 quae
2051 4384 2081 4421 a

517 4439 676 4493 nobis
693 4439 955 4494 hactenus
970 4441 1242 4508 disputata
1267 4449 1416 4501 sunt,
1445 4440 1733 4508 perspicue
1749 4440 2078 4508 ostenditur,

518 4523 707 4579 verum
740 4511 901 4563 etiam
931 4527 996 4564 ex
1039 4506 1269 4579 ipsomet
1296 4506 1552 4570 Eusebio,
1577 4506 1670 4579 qui
1697 4509 1763 4579 de
1789 4506 2004 4579 Orpheo
2029 4519 2080 4563 et

2169 587 2397 659 lolatriie
2439 588 2614 642 modis
2635 602 2682 659 4a
2722 584 3001 642 Clemente
3047 584 3239 659 nostro
3264 586 3522 650 traditur,
3549 584 3692 659 Phry-

2168 672 2263 728 ges
2319 658 2577 714 adorasse
2623 657 2841 720 lunam,
2888 673 2947 728 se
2995 657 3208 718 nullibi.
3243 665 3506 728 quantum
3535 657 3693 712 menti-

2167 726 2319 798 nisse
2350 735 2590 798 poterat,
2630 727 2839 798 legisse!
2860 727 3036 796 palam
3073 726 3363 798 apertetwe
3395 726 3620 798 declarat
3640 729 3689 782 ".

2168 797 2306 863 Quid
2337 795 2500 863 ergo?
2525 795 2608 851 An
2661 795 2782 852 eum
2816 795 3006 852 fefellit
3055 795 3348 858 memoria,
3397 797 3480 850 vel
3509 795 3691 852 Diodori

2171 866 2340 921 Siculi
2403 866 2701 921 Historiam
2739 882 3015 937 nunquam
3069 867 3567 937 legissedicendns
3595 870 3694 922 est?

2169 937 2308 1004 Quid
2332 939 2477 993 enim
2508 938 2592 992 his
2618 938 2766 993 illius
2794 936 2993 1000 verbis,
3024 938 3221 1008 quibus
3258 936 3325 991 de
3355 937 3495 1008 luna:
3518 945 3569 1008 et
3583 939 3694 1008 solis

2169 1009 2318 1079 cultu
2349 1009 2632 1079 disputat._
2657 1008 2855 1062 clarius
2882 1017 2937 1079 et
2971 1008 3318 1079 expressius?
3367 1007 3694 1079 Παραδέδοται

2169 1077 2226 1149 δὲ
2246 1079 2354 1149 ᾗς
2383 1076 2507 1131 θεὸῦ
2537 1076 2738 1149 ταύτης
2767 1077 2906 1132 κατὰ
2935 1076 3294 1149 τῆν’Φρυγίαν
3322 1076 3532 1145 γένεέςις
3557 1079 3612 1130 ⁵³.
3645 1077 3694 1132 At

2170 1125 2224 1203 ἐξ
2245 1125 2509 1219 stays};
2550 1125 2632 1201 ⁷ιῖί
2647 1125 2735 1203 ιιϊέ
2767 1125 2865 1212 iiii,
2875 1125 3090 1202 Ἶιὶὲίἐιιπῖ
3105 1125 3194 1201 rtn'
3212 1125 3318 1219 'siia
3335 1125 3529 1219 sagi;
3545 1125 3692 1201 παὶέὶιὶ

2171 1218 2474 1284 credidere,
2505 1219 2629 1288 quis
2659 1219 2862 1272 cultum
2895 1219 3128 1288 aliquem
3147 1218 3367 1288 abillis
3391 1218 3557 1273 eidem
3582 1219 3695 1272 luna

2170 1288 2469 1343 exhibitnm
2512 1284 2679 1343 fuisse
2730 1284 3092 1342 inticiahit‘ur?
3143 1284 3248 1342 Sed
3294 1289 3616 1358 argumentis
3655 1289 3694 1342 id

2211 1359 2406 1413 rohare
2447 1358 2578 1412 nihil
2611 1373 2740 1413 sane
2772 1374 2909 1428 opus
2954 1367 3064 1422 est;
3101 1359 3243 1428 quod
3275 1359 3495 1427 quidem
3524 1374 3550 1411 a
3574 1359 3697 1412 Stra-

2172 1375 2316 1482 iione
2367 1428 2570 1482 diserte
2617 1435 2884 1482 assertum
2908 1428 3196 1482 videmus:
3233 1447 3251 1479 ι
3282 1429 3378 1482 Est
3418 1440 3604 1482 autem.
3633 1431 3696 1482 in.»

2211 1443 2316 1483 one
2367 1428 2570 1484 diserte
2617 1435 2884 1483 assertum
2908 1428 3196 1482 videmus:
3233 1447 3251 1479 ι
3282 1429 3378 1483 Est
3418 1440 3604 1488 autem,
3633 1431 3696 1482 iu.-

2172 1500 2309 1569 quit,
2343 1499 2446 1553 hoc
2475 1513 2691 1570 quoque
2735 1499 2993 1570 templum
3025 1498 3184 1570 lunai,
3217 1506 3278 1554 ut
3309 1501 3460 1570 quod
3486 1499 3536 1554 in
3563 1498 3698 1554 Alba-

2171 1568 2258 1626 nis
2289 1577 2391 1634 est,
2423 1568 2648 1640 etquod
2684 1570 2739 1622 in
2772 1568 3004 1640 Phrygia
3027 1569 3092 1625 “.
3124 1587 3144 1621 ι

2691 1702 3088 1760 ARTICULUS
3140 1703 3204 1761 11.

2279 1795 2358 1850 De
2384 1796 2569 1866 primis
2591 1794 2804 1850 deorum
2830 1797 3052 1866 templis,
3087 1806 3135 1851 et
3165 1813 3347 1851 eorum
3377 1799 3583 1868 origine.

2244 1910 2507 1992 Clementi
2531 1917 2718 1965 nostro
2741 1909 2972 1992 certiora
3002 1924 3110 1963 non
3141 1909 3698 1992 videnturtemplormp

2177 1979 2282 2035 diis
2303 1981 2632 2044 dicatorum,
2662 1995 2821 2050 quam
2844 1983 3024 2034 cultus
3059 1995 3245 2034 eorum
3273 1979 3584 2050 primordia.
3610 1981 3702 2035 Fal-

2175 2051 2355 2106 sitatis
2389 2051 2652 2123 siquidem
2683 2051 2863 2123 arguit
2888 2051 3114 2123 illorum
3133 2053 3485 2116 sententiam,
3511 2053 3591 2122 qui
3619 2055 3702 2123 pri-

2175 2137 2319 2174 mam
2346 2118 2666 2191 templorum
2692 2121 2950 2188 originem
2977 2121 3030 2174 in
3059 2118 3410 2191 Phoroneutn
3438 2118 3540 2177 seu
3558 2118 3700 2178 Mero-

2175 2207 2280 2260 pen
2339 2190 2728 2246 retundendam
2774 2206 2893 2246 esse
2922 2199 3288 2260 putaverunt:
3329 2215 3346 2241 σ
3387 2190 3494 2246 Seu
3528 2193 3702 2247 Phoro-

2177 2276 2333 2329 neus,
2371 2280 2389 2311 ι
2444 2263 2602 2315 verba
2656 2269 2781 2315 sunt
2835 2261 3156 2323 Clementis,
3194 2278 3212 2311 ε
3248 2262 3340 2316 ille
3388 2261 3572 2328 tuerit,
3624 2281 3700 2318 seu

2177 2330 2413 2402 Merops,
2446 2331 2766 2404 seuraliquis
2789 2332 2946 2404 alius,
2982 2331 3074 2404 qui
3103 2332 3182 2386 eis
3217 2343 3516 2404 posuerunt
3537 2337 3702 2404 templa

2177 2411 2231 2455 et
2253 2404 2466 2464 altaria,
2498 2403 2658 2457 etiam
2689 2402 2956 2455 sacrificia
2986 2402 3065 2454 eis
3101 2403 3256 2470 primi
3285 2403 3547 2460 obtulisse
3575 2402 3702 2458 labu-

2178 2473 2292 2527 lose
2340 2474 2470 2527 dicti
2523 2480 2669 2527 sunt.
2700 2471 2832 2525 Nam
2867 2473 3288 2542 posterioribus
3343 2473 3557 2542 quidem
3583 2487 3702 2529 certe

2179 2545 2516 2612 temporibus
2545 2547 2816 2596 tinxerunt
2845 2541 2998 2602 deos,
3029 2557 3166 2612 quos
3197 2541 3490 2612 adorarent
3513 2547 3573 2599 ".
3603 2565 3618 2596 ι
3648 2547 3702 2598 At

2179 2611 2453 2683 Arnobius
2487 2624 2664 2667 tamen
2691 2614 2902 2683 initium
2935 2611 3258 2683 templorum
3308 2611 3604 2679 Phoroneo,
3630 2626 3703 2669 aut

2181 2681 2383 2752 Meropi
2412 2723 2426 2746 ,
2461 2683 2544 2738 vel
2599 2691 2657 2736 ut
2701 2682 2870 2737 Varro
2899 2681 3162 2748 testatur,
3193 2682 3398 2746 Eaco,
3427 2685 3568 2740 Jovis
3597 2686 3698 2745 filio.

2179 2753 2554 2826 tribuendmu
2580 2769 2703 2808 esse
2731 2754 2825 2826 his
2857 2754 3042 2826 delinit
3067 2755 3247 2826 verbis
3281 2773 3296 2809 :
3335 2775 3353 2806 ‹
3391 2754 3701 2826 Templorum

2182 2824 2226 2878 si
2255 2826 2456 2892 quieris
2483 2824 2623 2878 scire
2651 2825 2772 2893 quis
2797 2825 2940 2893 prior
2959 2826 3117 2878 fuerit
3142 2825 3458 2891 fabricator,
3489 2824 3702 2880 autPho-

2180 2910 2382 2965 roneus
2405 2894 2712 2965 1Egyptius,
2741 2905 2832 2947 aut
2854 2893 3075 2965 Merops
3111 2895 3206 2965 ti_|_ii
3263 2895 3436 2950 fuisse
3469 2909 3701 2952 monstra-

2180 2963 2446 3038 bitur,_at
2510 2963 2672 3038 tradit
2705 2966 2759 3020 in
2781 2963 3121 3018 Admirandis
3141 2963 3336 3030 Varro,
3369 2965 3516 3023 Jovis
3542 2984 3702 3038 proge-

2182 3035 2299 3088 nies
2322 3034 2527 3089 Eacus
2548 3035 2615 3088 “.
2663 3055 2682 3088 ›

2251 3105 2371 3170 Quo
2397 3116 2576 3176 autem
2601 3115 2839 3175 tempore
2866 3105 3059 3158 vixerit
3085 3103 3408 3161 Phoroneus
3429 3148 3442 3166 .
3477 3109 3519 3161 si
3554 3115 3699 3176 petas,

2106 3209 2147 3265 ο
2181 3189 2245 3256 ex
2267 3177 2508 3265 li‘psomet
2551 3174 2826 3230 Clemente
2859 3177 3264 3265 npstro'aludies
3300 3197 3319 3258 ε.
3351 3197 3370 3227 ι
3405 3177 3522 3265 Fuit
3549 3174 3701 3258 autem

2183 3246 2236 3316 in
2265 3243 2470 3300 Graecia
2517 3253 2757 3314 tempore
2789 3246 3004 3316 quidem
3051 3243 3321 3300 Phoronei
3369 3251 3460 3316 qui
3494 3249 3581 3300 fuit
3607 3257 3704 3316 post

2183 3315 2462 3389 inachum,
2493 3316 2774 3389 inundatio
2795 3314 2937 3389 qua;
2953 3314 3050 3368 fuit
3077 3323 3321 3389 tempore
3335 3314 3551 3389 ogygis.
3573 3314 3700 3370 etc...

2178 3385 2468 3456 Acusilaus
2506 3387 2648 3456 enim
2701 3384 2835 3439 dicit
2879 3384 3220 3456 Phoroneum
3283 3384 3476 3442 fuisse
3506 3389 3703 3456 primum

2183 3455 2484 3510 hominum.
2517 3454 2672 3509 Unde
2701 3458 2861 3509 etiam
2890 3465 3046 3525 poeta
3089 3455 3409 3511 Phoronidis
3459 3454 3704 3512 dixitcum

2183 3526 2352 3580 fuisse
2399 3535 2604 3595 patrem
2637 3527 2939 3578 mortalium
2975 3527 3274 3581 hominum.
3321 3527 3460 3582 Hinc
3494 3527 3630 3580 Plato
3663 3525 3706 3576 in

2187 3597 2385 3650 Tima’o
2405 3638 2419 3663 ,
2454 3605 2672 3650 secutus
2699 3596 3010 3648 Acusilaum
3035 3641 3049 3665 ,
3107 3597 3301 3650 scribit
3333 3617 3345 3650 :
3382 3597 3444 3650 Et
3473 3613 3586 3652 cum
3611 3595 3706 3649 vel-

2181 3666 2253 3720 let
2289 3681 2383 3721 eos
2417 3666 2703 3734 aliquando
2752 3665 3004 3719 inducere
3029 3705 3042 3727 ,
3079 3673 3134 3718 ut
3173 3667 3420 3722 dicerent
3464 3669 3528 3722 de
3572 3667 3707 3720 rebus

2182 3737 2418 3808 antiquis
2451 3737 2621 3808 hujus
2640 3735 2896 3808 civitatis,
2922 3735 3228 3808 aggreditur
3262 3739 3446 3792 dicere
3471 3753 3582 3808 quae
3603 3744 3709 3789 sunt

2181 3807 2562 3878 antiquissima
2594 3807 2659 3859 de
2687 3805 2988 3878 Phoroneo,
3020 3806 3112 3874 qui
3163 3808 3347 3861 dictus
3395 3805 3706 3878 est'primus,

2179 3885 2232 3947 et
2284 3877 2352 3930 de
2375 3876 2596 3947 _Niobe,
2655 3886 2710 3929 et
2751 3891 2869 3945 qua:
2911 3875 3128 3947 fuerunt
3165 3887 3297 3947 post
3350 3875 3602 3931 diluvium
3624 3877 3705 3947 ".i

2181 3946 2324 4002 Idem
2375 3943 2618 4001 Platonis
2666 3943 3035 4000 testimonium
3092 3943 3259 4001 refert
3309 3948 3586 4008 Eusebius,
3632 3946 3708 4014 qui

2179 4015 2519 4071 Phoroneum
2556 4016 2736 4069 Inachi
2770 4027 2823 4070 et
2849 4015 3018 4070 Niobe
3055 4016 3243 4084 lilium,
3289 4027 3405 4079 aut,
3435 4027 3491 4072 ut
3525 4018 3606 4070 alii
3633 4031 3712 4068 vo-

2181 4089 2319 4151 lunt,
2362 4086 2530 4141 Niobe
2559 4098 2762 4156 patrem
2790 4101 2934 4156 anno
2961 4095 3082 4156 post
3125 4085 3495 4142 Abrahamum
3521 4088 3616 4141 210
3644 4087 3712 4136 vi-

2181 4159 2327 4213 xisse
2375 4155 2620 4227 perhibet
2645 4158 2710 4211 ⁸⁸.
2765 4155 2973 4209 νενιιιιι
3013 4157 3155 4226 quod
3213 4157 3503 4214 Acusulaus
3549 4158 3713 4227 scribit

2181 4228 2330 4280 illum
2364 4225 2594 4297 primum
2619 4228 2785 4280 fuisse
2814 4225 3322 4298 bomineintfalmla
3354 4242 3437 4285 est
3471 4229 3616 4298 plane
3653 4225 3713 4278 ri-

2181 4299 2357 4369 dicula
2385 4307 2437 4350 et
2467 4299 2535 4350 ab
2563 4299 2815 4351 omnibus
2835 4298 3078 4369 explosa.
3101 4297 3349 4369 §caliger
3372 4297 3498 4354 vero
3524 4300 3572 4351 in
3593 4300 3714 4369 hunc

2184 4367 2405 4422 Eusebii
2434 4369 2612 4421 locum
2647 4369 2781 4422 scite
2808 4366 3062 4422 observat
3086 4366 3278 4422 Graeca
3305 4369 3544 4425 Platonis
3573 4368 3715 4420 verba

2181 4455 2406 4507 pravum
2442 4439 2494 4510 in
2528 4454 2747 4493 sensum
2785 4445 2838 4492 et
2869 4453 2900 4490 a
2933 4445 3113 4494 mente
3144 4441 3265 4508 ejus
3309 4443 3470 4510 plane
3503 4439 3714 4492 alienum

2181 4508 2511 4577 detorqueri.

517 4577 722 4648 Cadmo
756 4580 868 4633 haec
898 4564 1074 4648 plane'
1096 4589 1147 4633 et
1176 4580 1393 4632 detinite
1421 4564 1609 4634 scribit
1646 4598 1657 4632 :
1690 4598 1708 4630 ‹
1745 4564 1984 4632 Priniom
2012 4595 2078 4633 ex
2111 4564 2153 4618 Ῐ)
2253 4564 2382 4644 Qua-3
2411 4587 2588 4632 autem
2638 4577 2800 4632 fuerit
2829 4577 3115 4647 ipsiusmet
3161 4577 3384 4633 Eusebii
3413 4579 3480 4634 de
3507 4576 3710 4644 templo-

521 4648 606 4702 his
643 4647 914 4721 Orpheum
943 4658 1281 4721 memorant,
1337 4649 1518 4721 lliagri
1556 4650 1724 4721 tilium
1747 4689 1781 4721 ,_
1812 4650 2076 4721 translata

522 4733 706 4790 secum
738 4718 1111 4788 Aigyptiorum
1143 4721 1399 4790 mysteria
1444 4718 1572 4774 cum
1616 4718 1817 4774 Graecis
1844 4719 2078 4772 homini-

519 4787 624 4844 bus
671 4787 1124 4853 communicasse,
1181 4787 1497 4844 Phcenicum
1551 4798 1731 4843 autem
1793 4791 2081 4859 religiones

519 4861 658 4928 apud
682 4859 900 4913 eosdem
927 4876 1030 4912 una
1054 4876 1174 4913 cum
1203 4860 1440 4929 ipsarum
1468 4863 1769 4914 litterarum
1796 4859 2081 4928 disciplina

516 4929 782 4984 Cadmum
820 4931 1069 4984 intulisse
1100 4931 1164 4984 ⁵¹.
1201 4928 1236 4981 »ί
1267 4930 1519 4984 Eamdem
1582 4946 1745 4999 porro
1785 4946 1906 4984 esse
1954 4928 2080 4982 Cle-

517 5003 716 5056 mentis
751 5010 983 5054 mentem
1017 5000 1140 5054 inde
1192 5001 1397 5070 liquido
1430 4999 1753 5063 coniicitur,
1788 5001 1931 5069 quod
1969 5001 2078 5062 ille,

519 5078 578 5124 ut
607 5073 717 5139 jam
739 5072 1166 5133 observavinms,
1223 5073 1288 5125 de
1345 5071 1518 5140 primo
1559 5071 1820 5125 falsorum
1854 5072 2078 5125 deorqu

519 5143 664 5195 cultu
702 5142 833 5195 nihil
864 5141 1060 5194 audeat
1085 5142 1457 5210 pronuntiare.
1501 5140 1608 5195 Sed
1657 5156 1765 5210 quo
1798 5141 2083 5195 obscurior

518 5219 603 5265 est
631 5213 857 5281 hujusce
901 5211 1002 5280 51
1038 5213 1244 5266 erroris
1277 5213 1398 5264 fons
1447 5220 1501 5264 et
1550 5211 1733 5281 origo,
1769 5226 1834 5264 eo
1877 5211 2080 5281 clarius

519 5289 667 5350 patet
705 5280 915 5352 quibus
961 5283 1192 5350 primum
1227 5281 1399 5335 modis
1445 5280 1728 5345 homines,
1760 5283 1949 5336 relicto
1971 5280 2083 5334 veri

521 5353 788 5422 uniusque
820 5352 909 5406 Dei
936 5352 1108 5415 cultu,
1133 5359 1414 5406 creaturas
1458 5352 1508 5407 ei
1555 5352 1719 5406 stulte
1757 5352 1978 5407 omnino
2029 5357 2085 5405 et

520 5421 684 5544 impie
704 5421 951 5504 subroga
961 5428 1104 5476 runt.

637 5499 888 5544 tettamsi
929 5493 1048 5544 haec
1097 5511 1104 5542 4

637 5489 1048 5548 ιθιίτιιιιείἰιωο
1097 5491 1353 5548 omnibus
1382 5489 1563 5546 facilia
1614 5505 1737 5546 esse
1769 5489 2081 5554 videantur,

594 5645 639 5677 ⁸⁸
669 5647 803 5703 Gen.
831 5664 911 5714 vt,
946 5649 1033 5705 15.
1107 5649 1152 5682 δ’
1185 5649 1279 5707 lib.
1309 5665 1326 5704 ι
1357 5649 1518 5704 Cont.
1551 5646 1774 5714 Julian.,

523 5730 738 5789 evang”
770 5733 819 5772 c.
848 5721 904 5786 6,
933 5719 1078 5789 p.17
1099 5730 1152 5776 et
1187 5721 1272 5776 18.

531 5851 754 5922 5trotn.,
790 5875 840 5928 p.
873 5857 996 5915 321.
1069 5861 1114 5892 "'
1139 5851 1278 5917 Ense

2178 4665 2296 4723 rum
2321 4649 2921 4723 originesententia.‘si
2954 4649 3093 4723 scire
3115 4651 3326 4718 cupias,
3353 4651 3442 4723 ille
3466 4648 3572 4723 tibi
3585 4660 3721 4723 apere

2181 4720 2388 4774 tissime
2434 4718 2733 4772 declarabit
2767 4719 2914 4771 nulla
2951 4719 3090 4786 apud
3135 4721 3533 4774 vetustissimos
3561 4718 3718 4770 homi-

2183 4806 2278 4843 nes
2309 4789 2480 4861 fuisse
2505 4791 2701 4861 templa
2721 4807 2743 4861 :_
2765 4807 2783 4838 ι
2819 4788 2898 4861 Ac
2927 4793 3132 4858 primos
3155 4789 3373 4858 quidem
3402 4800 3454 4861 et
3482 4787 3718 4861 vetustis-

2183 4861 2354 4914 simos
2388 4898 2403 4921 ,
2457 4857 2631 4927 inquit
2663 4898 2677 4918 ,
2733 4857 3021 4921 homines,
3082 4857 3217 4913 nihil
3269 4862 3354 4914 vel
3411 4859 3466 4912 in
3522 4857 3717 4923 templis

2182 4928 2550 4990 exstruendis,
2575 4929 2655 4982 vel
2683 4929 2736 4981 in
2767 4929 3039 4998 erigendis
3091 4931 3400 4984 simulacris
3426 4970 3442 4992 ,
3479 4935 3722 4998 operari“:

2185 5000 2350 5070 studii
2383 5000 2665 5070 posuisse,
2708 5014 2830 5051 cum
2854 4994 3110 5053 'necdum
3150 5002 3265 5054 ista:
3307 4994 3597 5070 pingendi,
3636 4994 3723 5069 lit}-

2177 5067 2356 5139 gendi,
2383 5067 2636 5131 caelandi,
2673 5076 2886 5139 statuas
2906 5069 3193 5132 elliciendi,
3227 5086 3291 5125 ac
3309 5067 3384 5124 ne
3409 5067 3599 5125 domos
3619 5067 3723 5139 qui-

2177 5138 2299 5192 dem
2323 5147 2577 5208 tectaque
2609 5138 2909 5192 aediﬁcandi
2936 5179 2952 5202 ,
2999 5149 3144 5194 artes
3177 5142 3408 5195 inventae
3437 5154 3497 5193 ac
3535 5138 3726 5208 constt:

2178 5217 2308 5283 tota;
2331 5217 2535 5272 essent,
2568 5209 2744 5283 cuivis
2764 5249 2778 5273 ,
2808 5210 3022 5283 opinor,
3053 5225 3166 5283 rem
3217 5212 3361 5281 apud
3389 5227 3446 5266 se
3468 5209 3725 5283 reputent!

2178 5279 2337 5333 facile
2379 5281 2650 5333 constabit
2673 5280 2738 5332 ⁵⁹.
2780 5298 2798 5330 ι
2839 5273 3153 5334 Lactantius
3204 5273 3337 5336 vero
3383 5296 3500 5350 qua:
3529 5273 3609 5330 'ab
3638 5273 3730 5350 El}—

2178 5350 2332 5404 sebio
2359 5350 2427 5403 de
2453 5350 2839 5405 vetustissimis
2870 5350 3184 5405 hominibus
3224 5342 3514 5405 traduntur
3534 5390 3550 5415 ,
3577 5360 3638 5400 ea
3669 5342 3730 5394 de

2179 5419 2315 5490 ipsis
2357 5420 2674 5473 nominatim
2733 5419 3001 5490 AEgyptiis
3045 5429 3100 5473 et
3144 5420 3384 5476 Hebrmis
3418 5437 3512 5490 per
3563 5422 3728 5490 tot}!!!

2179 5478 2291 5544 fere
2320 5497 2588 5544 terrarum
2625 5478 3108 5561 orbemwd'ispersis
3153 5491 3234 5546 sic
3273 5478 3533 5572 ascribit:
3578 5505 3598 5538 ι
3636 5478 3730 5535 δαί

1807 5650 2075 5720 p.16._'

2180 5653 2220 5705 ι).
2251 5663 2307 5703 ιιι
2323 5648 2492 5713 ,Cont.
2513 5648 2738 5714 Julian.,
2759 5665 2814 5720 p.
2840 5650 2962 5706 110.
3034 5652 3077 5684 ⁸¹
3109 5649 3306 5708 Euseb.
3338 5652 3470 5706 lib.t
3499 5648 3730 5720 Praepar-

1365 5720 1408 5752 ι’
1433 5719 1602 5773 Clem.
1635 5718 1865 5775 Admoh.
1903 5722 1969 5775 ad
2002 5718 2198 5782 (ἔντεα,

525 5783 569 5815 ⁸⁴
597 5783 773 5841 Strab.
801 5783 899 5844 lib.
926 5783 1002 5844 in
1031 5789 1142 5844 Geo
1181 5807 1250 5850 r.,
1317 5829 1332 5844 .
1367 5789 1488 5846 557.
1564 5790 1610 5820 "
1634 5790 1802 5843 Clem.
1838 5791 2066 5846 Admoti.
2096 5789 2162 5844 ad
2191 5783 2388 5854 Graec"
2426 5805 2478 5860 p.
2505 5790 2594 5845 28.

531 5851 754 5916 5trom..
791 5875 840 5916 ιι.
873 5857 996 5915 2521.
1069 5861 1114 5892 ⁸⁸
1139 5806 1332 5916 ἕηκε.
1368 5861 1423 5915 in
1447 5859 1650 5916 Chron.
1689 5859 1755 5914 ad
1785 5876 1871 5914 an.
1903 5860 2028 5916 210.
2103 5863 2146 5894 ⁸⁸
2173 5859 2266 5915 lib.
2296 5859 2568 5916 tPrzenar.

1323 5902 1332 5913 .
1368 5861 1423 5915 in
1447 5859 1650 5916 Chron.
1689 5859 1755 5914 ad
1785 5876 1871 5914 an.
1903 5860 2028 5916 210.
2103 5863 2146 5894 ⁸⁸
2173 5859 2266 5915 lib.
2296 5859 2568 5934 tPrzepar.
2601 5877 2815 5934 evang.,
2838 5877 2888 5916 c.
2917 5861 2970 5928 9,
2993 5878 3044 5933 p.
3073 5859 3162 5917 29}

2233 5734 2288 5790 p.
2323 5708 2408 5774 16.
2506 5708 2812 5800 ξξιυίοέὸῇε
2863 5721 2956 5776 lib.
2980 5736 3060 5800 ⁸ιιι
3103 5721 3264 5783 Hist.,
3305 5739 3371 5800 ρ..
3403 5708 3733 5800 ιόὂ-ρξβδιξξ

2635 5805 2642 5812 ·
2679 5791 2726 5822 ³⁸
2759 5791 2851 5845 lib.
2883 5808 2934 5844 vr
2965 5790 3098 5845 Adv.
3131 5803 3276 5861 gent.
3303 5786 3418 5847 init.
3489 5790 3539 5822 "
3571 5786 3644 5839 lib
3697 5795 3732 5833 ιι
