3848 6560
141 445 222 504 895

141 562 338 618 omnium
380 558 566 629 primi,
604 577 624 612 ι
656 560 736 630 ita
765 558 1148 630 illelloquitur,
1184 578 1202 612 ‹
1230 559 1324 630 qui
1366 558 1660 630 Egyptum
1690 569 1735 625 Α

140 628 426 702 occuparunt
443 629 703 702 caelestia
736 628 1016 702 suscipere
1042 637 1204 699 atque
1230 628 1461 702 adorare
1478 628 1662 699 cmpe-

140 698 456 758 runtICatteri
504 706 688 753 autem
725 700 816 770 qui
863 698 960 768 per
999 698 1201 753 terram
1234 700 1466 770 dispersi
1507 698 1656 764 sunt,

142 772 421 828 admirantes
448 771 720 825 elementa
750 769 957 834 mundi,
976 770 1195 831 caelum,
1218 769 1408 832 solem,
1438 778 1657 833 terram,

143 856 275 904 mare,
305 841 416 894 sine
448 840 576 893 ullis
604 839 944 911 imaginibus
972 855 1037 894 ac
1077 841 1303 911 templis
1324 840 1661 911 veneraban-

139 920 223 974 tur,
268 919 315 964 et
351 911 432 964 his
468 909 749 963 sacriﬁcia
777 910 832 963 in
856 918 1044 978 aperto
1077 909 1452 976 celebrabant;
1487 909 1659 964 donec

141 995 348 1052 processu
374 987 683 1052 temporum
718 979 1117 1052 potentissimis
1136 980 1352 1052 regibus
1370 980 1567 1052 templa
1596 993 1661 1033 ac

142 1048 384 1107 simulacra
415 1050 690 1113 fecerunt,
715 1048 887 1117 eaque
921 1050 1157 1103 victimis
1184 1048 1237 1104 et
1270 1048 1533 1103 odoribus
1567 1063 1661 1102 co-

140 1123 223 1176 lere
248 1121 589 1174 instituerunt
611 1120 677 1170 ⁸⁸.
722 1139 740 1170 ι
795 1119 954 1174 Nulla
1003 1120 1166 1189 igitur
1211 1120 1301 1174 ille
1340 1135 1448 1173 non
1498 1119 1662 1172 modo

141 1201 236 1245 ante
260 1190 537 1250 diluvium,
565 1189 664 1244 sed
707 1191 866 1259 longo
896 1191 1059 1243 etiam
1091 1197 1214 1259 post
1240 1189 1372 1243 illud
1396 1190 1661 1259 temporis

140 1260 375 1315 intervallo
408 1267 646 1314 testatur
677 1259 1093 1328 fuisse-templa,
1126 1262 1413 1329 nullasque
1434 1260 1659 1313 deorum

139 1331 371 1398 imagines.
396 1331 538 1384 Ante
565 1332 1019 1400 jactaleninivero
1035 1346 1321 1400 regnorum
1347 1329 1663 1383 fundamen-

138 1408 194 1460 ta,
212 1401 370 1461 nullae,
406 1401 500 1453 illo
522 1408 686 1464 teste,
714 1399 928 1455 fuerant
950 1401 1093 1454 aedes
1113 1399 1220 1454 diis
1241 1414 1430 1463 sacrm,
1460 1406 1515 1453 et
1541 1415 1663 1469 qua:

139 1473 328 1539 primum
364 1470 514 1532 visae,
548 1487 630 1525 eae
660 1487 766 1525 non
797 1471 897 1524 soli
929 1477 983 1524 et
1033 1471 1193 1530 lunae,
1221 1478 1315 1523 aut
1348 1470 1533 1532 astris,
1565 1484 1662 1524 seu

138 1540 421 1603 quibuslibet
445 1541 575 1594 aliis
605 1541 903 1599 creaturis,
935 1541 1134 1609 quibus
1166 1540 1351 1593 divina
1377 1549 1569 1609 natura
1593 1540 1662 1594 ab

138 1608 399 1663 hominibus
437 1611 681 1679 primum
707 1611 940 1679 ascripta
956 1608 1066 1673 est,
1126 1610 1221 1665 sed
1269 1608 1663 1680 potentissimis

136 1680 313 1748 regibus
334 1680 619 1743 aediﬁcata:
642 1688 790 1734 sunt.

187 1746 253 1802 Ab
273 1748 540 1805 llerodoto
575 1758 758 1805 tamen
794 1748 1057 1818 scriptum
1085 1748 1318 1819 legimus
1338 1748 1479 1803 hanc
1494 1746 1664 1804 fuisse

138 1816 465 1890 Egyptiorum
495 1820 838 1889 opinionem,
877 1816 985 1873 (se
1016 1816 1234 1890 lpriii'ios
1261 1819 1385 1890 diis,
1420 1826 1473 1873 et
1498 1833 1659 1890 aras,

135 1898 174 1941 et
194 1888 483 1968 simulacra,
510 1888 567 1943 et
601 1890 830 1968 delubra
862 1889 1155 1952 statuisse;
1187 1889 1317 1957 quin
1339 1889 1502 1968 etiam
1539 1888 1658 1941 aiii-
1690 1910 1733 1968 η

136 1958 331 2029 uialiaiu
358 1960 505 2014 saxis
558 1960 891 2029 sculpsisse;
933 1973 1162 2029 quarum
1197 1974 1377 2029 rerum
1407 1958 1660 2029 pleraque

135 2026 189 2079 ita
210 2028 379 2099 tellecta
425 2045 599 2099 opere
645 2026 1089 2099 demonstrabant
1109 2028 1177 2099 ⁸⁸.
1213 2048 1231 2079 ι
1266 2026 1331 2081 Ει
1360 2026 1419 2082 id
1446 2026 1660 2099 quidem

136 2095 477 2166 antiquissima
506 2097 1033 2159 Sanclioiiiatlionis,
1066 2098 1225 2165 cujus
1258 2099 1421 2152 verba
1446 2095 1513 2153 ex
1532 2095 1663 2150 Plii-

136 2166 229 2238 lune
255 2167 414 2222 Bihlio
437 2170 631 2222 retulit
651 2168 936 2227 Eusebius.
971 2175 1148 2238 potest
1169 2169 1495 2222 auctoritate
1519 2166 1661 2221 haud

134 2234 329 2307 absurde
356 2239 702 2292 confirmari.
734 2237 810 2291 Ex
865 2234 1094 2307 iitroque
1137 2240 1280 2292 enim
1338 2248 1528 2293 narrat
1573 2238 1664 2292 ille

133 2302 370 2379 Pliauiices
399 2318 453 2362 et
507 2308 805 2379 Egyptios
829 2302 1029 2362 divinis
1061 2308 1360 2379 honoribus
1403 2324 1497 2363 eos
1528 2308 1661 2362 affe-

133 2375 259 2440 cisse,
279 2394 409 2447 quos
439 2380 547 2433 sibi
586 2375 945 2449 pliii-iiiioriim
977 2386 1229 2433 auctores
1252 2378 1516 2449 bonorum
1542 2393 1663 2433 esse

132 2460 404 2513 persuasum
429 2447 712 2504 habebant
744 2467 756 2501 :
794 2467 811 2498 ί
836 2447 911 2501 Ac
933 2449 1279 2517 templorum,
1306 2448 1504 2516 inquit,
1534 2464 1659 2513 usu,

130 2532 221 2582 qua:
249 2519 351 2582 jam
404 2529 535 2573 ante
571 2527 891 2573 constructa
947 2518 1195 2580 fuerant,
1239 2517 1340 2573 hoc
1369 2518 1436 2572 ad
1465 2534 1663 2573 munus

129 2582 422 2658 ofﬁciumque
443 2589 731 2651 traducto,
769 2588 1049 2641 columnas
1074 2588 1315 2657 insuper,
1341 2594 1662 2658 statuasque

129 2654 295 2727 ligneas
336 2654 584 2727 ipsorum
632 2658 853 2712 nomine
884 2654 1295 2712 consecrarunt.
1351 2659 1459 2711 Καὶ
1496 2654 1663 2721 εἰς’τὸ

129 2726 263 2795 χρεὼν
289 2726 669 2792 καὲαστάντας
698 2729 858 2799 ναοὺς
891 2729 1420 2799 μετασκευασάμενοι
1464 2729 1663 2798 στηλάς

129 2804 171 2869 εἰ
204 2799 282 2851 καὶ
320 2799 553 2869 ῥάϐδους
590 2798 851 2869 ἁφιέρουν
894 2797 951 2864 ἐξ
981 2798 1241 2869 ὀνόματος
1284 2799 1460 2851 αὐτῶν
1493 2797 1559 2851 ⁶¹.“
1587 2799 1663 2854 De

128 2862 270 2922 Persis
298 2862 473 2924 autem
500 2862 821 2927 Herodotus
850 2862 974 2923 ante
992 2862 1215 2922 citatum
1239 2884 1269 2921 a
1300 2868 1460 2923 nobis
1483 2868 1660 2923 locum
1696 2872 1701 2877 ‘

128 2935 332 2992 dixerat:
367 2960 385 2991 ι
423 2938 623 3010 Neque
678 2946 931 3010 statuas_,
982 2955 1155 3009 neque
1195 2940 1394 3010 templa
1419 2978 1441 3010 ,_
1486 2954 1664 3009 neque

126 3019 221 3079 aras
260 3008 542 3065 exstruere
605 3008 947 3063 consuetudo
984 3008 1113 3064 est:
1145 3009 1390 3079 quiniino
1416 3008 1532 3079 hoc
1578 3008 1662 3063 l'ao

127 3076 354 3149 cientibus
383 3080 627 3135 insaniae
656 3079 918 3141 tribuere,
950 3079 1020 3132 oh
1050 3079 1125 3149 id,
1158 3076 1216 3149 iit
1248 3093 1366 3133 mea
1406 3077 1511 3132 fert
1543 3081 1661 3149 opi-

126 3145 368 3219 nio,lquod
398 3166 534 3214 non,
557 3149 1019 3219 quemadmodum
1050 3147 1244 3219 Graeci,
1262 3148 1507 3203 sentiunt
1529 3145 1661 3206 deos

125 3229 172 3269 ex
211 3217 508 3276 huminibus
556 3217 687 3274 esse
743 3228 895 3274 ortos
917 3219 981 3273 ".
1023 3237 1042 3271 ι
1101 3217 1264 3273 Addit
1312 3226 1490 3272 tamen
1539 3220 1661 3274 illos

123 3283 242 3352 lori,
280 3292 409 3356 soli,
452 3290 659 3361 lunae,
684 3289 914 3361 aliisque
945 3288 1415 3361 in_loco_mundo
1450 3291 1661 3344 sacriti-

125 3369 276 3431 t‘agse,
305 3361 587 3431 certisque
617 3357 1158 3431 ritibus'iiiimolasse
1186 3358 1413 3431 hostias.

175 3426 330 3510 Prima
352 3426 792 3510 pqrr_i'i_deorii_m
819 3429 1020 3510 templa
1044 3467 1059 3492 ,
1106 3428 1458 3510 atquehetiam
1490 3428 1662 3510 simu-

122 3493 237 3553 lacra
278 3493 370 3555 ab'
397 3499 627 3556 Osiride
661 3538 676 3561 ,
714 3498 865 3554 Jovis
887 3493 1020 3562 lilio,
1067 3493 1208 3569 apud
1231 3496 1518 3569 Egyptios
1548 3502 1664 3569 pri-

122 3580 235 3622 mum
280 3571 497 3625 condita
568 3570 746 3625 fuisse
775 3608 791 3631 ,
850 3569 935 3623 his
991 3570 1172 3625 verbis
1244 3584 1352 3622 non
1430 3571 1661 3626 obscure

122 3632 346 3708 Diodorus
388 3641 626 3696 Siculus
662 3638 971 3708 significat:
998 3657 1026 3708 γι
1061 3637 1213 3693 Multi
1259 3638 1479 3708 tradunt
1522 3654 1657 3693 con-

122 3704 257 3778 ditum
284 3711 352 3765 ab
372 3710 602 3767 Osiride
630 3704 948 3780 parentibus
988 3707 1107 3763 Jovi
1165 3717 1238 3780 ett
1270 3707 1471 3780 Junoni
1522 3717 1661 3764 tem-

120 3788 255 3852 pium,
283 3778 673 3852 magnitudine
720 3790 774 3833 et
826 3787 1101 3852 structura
1152 3778 1365 3852 nobile,
1418 3778 1661 3852 lanaque

121 3846 307 3918 insuper
349 3846 461 3906 d'uo
496 3851 629 3906 ,Ιονὶ
661 3864 847 3921 aurea,
880 3850 1058 3917 majus
1090 3849 1322 3921 coelesti,
1359 3849 1541 3905 minus
1566 3846 1661 3921 qui

120 3922 323 3992 regnavit
353 3921 491 3985 illic,
528 3920 679 3992 patri
711 3935 813 3974 suo
835 3958 849 3983 ,
874 3936 1041 3992 quem
1073 3919 1393 3975 Ammonem
1426 3919 1657 3992 vocant,

118 3986 358 4064 dedicasse
402 3986 593 4064 ipsum
630 3986 1142 4064 l‘erunt._Statuiss_e
1179 3992 1345 4064 etiam
1389 3990 1511 4045 aliis
1542 3991 1660 4064 diis

119 4059 279 4129 sacella
312 4078 376 4117 ex
408 4059 576 4123 auro,
625 4061 744 4115 suis
775 4059 1070 4129 unicuique
1102 4061 1402 4117 honoribus
1430 4061 1661 4115 attribu-

118 4127 187 4190 iis.
211 4139 256 4202 et
299 4131 696 4202 sacerdotibus
744 4144 889 4184 cura:
927 4127 1216 4202 sacrorum
1261 4130 1550 4202 praefectis.
1580 4130 1659 4202 lln

117 4200 255 4265 pretio
281 4212 462 4258 autem
497 4201 774 4272 singulari
799 4200 947 4269 apud
964 4198 1163 4272 Osirim
1205 4198 1479 4257 et'lsidem
1506 4201 1659 4272 habi-

116 4276 181 4323 tos
203 4272 508 4330 inventores
553 4270 782 4343 artium,
808 4280 861 4326 et
888 4272 982 4343 qui
1012 4271 1153 4343 utile
1175 4272 1453 4343 quidpiam
1480 4270 1660 4343 archi-

118 4344 434 4400 lectarentur.
470 4343 608 4398 Ideo
631 4342 758 4396 atris
788 4350 841 4396 et
869 4339 987 4395 auri
1020 4339 1250 4397 ollicinis
1282 4339 1337 4396 iii
1385 4339 1660 4397 Thebaide

115 4414 345 4482 repertis,
381 4414 665 4469 fabricata
711 4426 952 4467 arnia....
999 4411 1292 4482 simulacra
1338 4426 1556 4482 quoque
1605 4418 1659 4465 et

118 4479 212 4533 lana
238 4482 390 4538 deum
413 4499 592 4538 aurea
621 4482 967 4538 elaborarent
993 4481 1061 4536 “.
1082 4499 1100 4532 i
1150 4479 1206 4536 Si
1247 4479 1545 4538 contendas
1575 4488 1658 4533 ta»-

114 4560 209 4604 men
230 4551 524 4609 Diodorum
556 4553 629 4607 de
650 4552 833 4606 aureis
858 4553 1233 4623 tantummodo
1260 4552 1406 4623 loqui
1434 4552 1656 4606 deorum

116 4624 313 4691 templis,
340 4641 452 4679 non
477 4623 759 4679 audemus
786 4622 1002 4691 quidem
1032 4621 1132 4675 tibi
1159 4621 1378 4676 omnino
1399 4636 1660 4691 repugna-

113 4701 173 4764 ξε.
200 4692 386 4750 Verum
438 4696 581 4764 quia
617 4693 724 4764 ille
769 4692 837 4747 de
865 4693 933 4748 iis
960 4731 997 4764 ,ί
1030 4707 1150 4761 quae
1180 4693 1413 4764 primum
1446 4692 1664 4764 condita

113 4754 263 4835 luere,
291 4754 553 4835 iteniplis
597 4762 881 4835 disputare
915 4754 1156 4835 videtur,
1181 4754 1339 4815 'nulla
1365 4761 1569 4835 idcirco
1596 4778 1663 4816 ex

114 4830 254 4904 vitiari
287 4834 392 4904 52
438 4830 629 4889 aliave
653 4830 900 4904 materia,
950 4832 1246 4887 secundum
1282 4847 1473 4886 vanam
1497 4830 1665 4904 {Egyo

116 4899 327 4974 plioriini
344 4899 704 4974 Upiiiionem,
745 4902 889 4972 apud
927 4918 1022 4958 eos
1048 4904 1199 4972 prius
1230 4904 1467 4957 excitata
1493 4899 1662 4957 fuisse

112 4968 228 5045 haud
257 4968 419 5030 dubie
444 4972 751 5045 signiﬁcat.

168 5043 403 5114 Diogenis
452 5041 646 5098 tamen
681 5042 893 5114 Laertii
930 5048 1088 5097 :etate
1133 5041 1275 5114 fama
1301 5041 1662 5114 quorumdam

112 5111 327 5186 sermone
360 5114 779 5186 percrebiierat,
805 5113 1037 5186 delubra
1076 5111 1408 5182 primum’ab
1439 5111 1653 5186 Epime-

108 5181 238 5254 liide,
267 5181 425 5254 poeta
457 5192 517 5241 et
547 5183 906 5254 philosopho,
935 5182 1043 5254 diis
1071 5198 1194 5254 esse
1227 5190 1561 5254 constructa.
1595 5181 1653 5254 In

108 5247 243 5318 hujus
267 5247 587 5310 'enimvero
644 5247 954 5323 philosophi
1002 5254 1111 5305 vita
1165 5253 1279 5307 haec
1328 5254 1419 5307 ille
1461 5253 1656 5323 litteris

107 5324 387 5393 tnandavit:
432 5344 452 5375 ε
489 5323 692 5377 Fertur
719 5322 927 5393 primus
971 5338 1134 5393 agros
1180 5323 1464 5393 expiasse,
1506 5322 1661 5376 delu-

107 5387 280 5462 braque
310 5397 564 5450 erexisse
594 5394 662 5448 “.
699 5387 735 5446 »⁷
758 5395 827 5446 At
857 5409 978 5447 cum
1009 5387 1375 5462 Epimenides,
1412 5391 1660 5462 Lycurgo

106 5456 380 5529 legislatori
423 5479 687 5521 coaevus.
724 5464 871 5530 circa
882 5456 1272 5537 Qlympiadem
1305 5478 1430 5517 XLIV
1457 5456 1660 5518 vixisse

161 5615 201 5648 ⁸⁸
245 5616 505 5675 Lactant.
564 5617 665 5676 lib.
729 5631 771 5673 ιι
826 5617 902 5673 De
958 5616 1099 5688 orig.
1134 5618 1383 5680 erroris,
1442 5631 1568 5688 pag.
1615 5616 1738 5672 215.
1872 5616 1915 5649 “
1968 5615 2226 5674 Herodot.
2275 5616 2372 5674 lib.
2416 5633 2476 5683 ιι,
2524 5615 2552 5689 §
2607 5617 2664 5672 4.
2808 5617 2853 5650 ⁸³
2902 5615 2971 5670 Et

105 5677 313 5743 Prienam
337 5704 570 5743 evan!“
602 5703 654 5742 c.
686 5687 738 5743 9.
773 5687 843 5743 32
871 5694 925 5742 et
945 5688 1032 5743 55.
1111 5687 1160 5721 ⁸⁸
1196 5687 1452 5743 ﬂerodot.
1486 5688 1577 5743 lib.
1617 5702 1656 5743 ι.
1694 5688 1721 5743 §
1756 5687 1850 5743 151
1881 5696 1935 5742 et
1956 5687 2078 5743 {52.
2154 5690 2200 5720 ⁸⁸
2230 5684 2452 5743 Diodor.
2481 5686 2575 5743 lib.
2611 5703 2627 5742 ι
2660 5686 2822 5743 Bibl..
2854 5702 2907 5743 ii.
2938 5686 2971 5742 9

202 5702 313 5756 par.
337 5704 570 5759 evang.,
602 5703 654 5742 c.
686 5688 738 5754 9,
773 5688 843 5743 32
871 5694 925 5742 et
945 5688 1032 5743 55.
1111 5688 1160 5721 ⁸⁸
1196 5688 1452 5744 Herodot.
1486 5688 1577 5743 lib.
1617 5702 1656 5748 ι.

202 5758 1130 5861 ’ίίδηθξ.,¹ἒ.ῗὲ¹ἓλ3“ίι¹ςῖ⁵·ιὲη¹ἕλη
1165 5757 1210 5789 ⁸⁸
1239 5756 1662 5861 θὶΡΗέΞζΡῖῗ

1772 5688 2078 5743 isieiiaa.
2154 5688 2575 5743 “motion-.151).
2611 5703 2627 5742 ι
2660 5688 2822 5751 Bibl.,
2854 5702 2907 5757 p.
2938 5688 2992 5742 9.
3085 5688 3311 5742 “lib.t

1772 5758 2098 5861 ;..Χ.³¹¹ἠί¹¹ἐιὶί
2174 5757 2216 5791 ’⁷
2233 5757 2868 5861 ,ΥἰπξέηξοδιὲμίἮΫέῗιῗ
2889 5756 3035 5861 '12.?
3057 5755 3315 5861 “233's?

1360 5829 1589 5884 Admon.
1621 5829 1686 5883 ad
1712 5826 1885 5884 Graec.
1898 5868 1913 5894 ,

105 5749 165 5828 De
193 5749 291 5812 vita
327 5769 384 5814 et
439 5749 631 5828 dogm.
659 5749 881 5826 philos"
909 5759 936 5822 §
965 5758 1087 5815 112.
1165 5757 1210 5789 ⁸⁸

104 5827 188 5894 tm.
280 5829 328 5862 ⁸⁸
354 5826 542 5884 Aulus
572 5826 711 5883 Gell.
745 5828 839 5883 lib.
868 5843 980 5894 XIV,
1008 5844 1057 5883 c.
1098 5829 1152 5882 7.

649 439 832 496 ΑΜΕ.
872 436 941 494 IN
974 436 1565 496 COHORTATIONEM
1600 439 1690 496 ET
1720 438 2175 498 PEDAGOGUM
2209 439 2797 502 OBSERVATIONES.

3218 445 3325 503 893

1764 560 1999 637 dicatur,
2022 562 2085 637 _is_
2119 576 2253 617 sane
2286 577 2475 617 rumor
2505 563 2572 637 de
2603 564 2869 637 delubris,
2898 566 2966 622 ab
2992 581 3059 623 eo
3088 567 3325 637 primum

1763 633 1984 696 erectis,
2015 631 2188 687 falsus
2220 647 2342 688 esse
2375 633 2738 689 convincitur.

1832 702 1878 754 Α
1921 718 2053 757 vero
2087 702 2271 771 itaque
2313 702 2349 756 ii
2400 702 2851 777 forsitan_minus
2899 705 3200 777 recedunt,
3230 707 3324 777 qui

1762 770 1920 845 longe
1944 780 2067 842 post
2096 779 2370 845 receptam
2401 772 2468 828 de
2502 773 2748 845 pluribus
2773 773 2881 830 diis
2910 770 3326 845 opinionenifet

1761 839 1994 914 fortasse
2023 851 2144 911 post
2178 839 2403 914 fundata
2436 839 2780 913 stabilitaiiiie
2804 839 2975 913 prima
3004 861 3190 914 regum
3222 848 3324 900 iiii-

1761 910 2321 986 peria_assigna_ndam
2366 920 2557 986 putant
2599 910 2923 986 templorum
2959 910 3221 986 originem
3270 924 3325 971 et

1763 981 2109 1055 principium.
2134 981 2208 1055 Ea
2233 982 2596 1055 sauevidetur
2610 981 2732 1055 esse
2752 983 3006 1055 Cypriani
3031 981 3321 1055 sententia,

1762 1066 1923 1119 qnam
1956 1052 2045 1106 ille
2076 1053 2231 1106 initio
2262 1052 2384 1105 libri
2426 1052 2503 1106 De
2533 1052 3061 1108 idolorum'uanitate
3105 1057 3185 1111 sic
3216 1054 3314 1109 de-

1762 1122 1964 1195 clarat:
2009 1141 2027 1173 ι
2047 1119 2223 1195 Reges
2256 1121 2386 1195 olim
2416 1124 2635 1177 luerunt
2654 1163 2669 1187 ,
2705 1125 2799 1193 qui
2829 1124 2900 1178 ob
2928 1126 3170 1195 regalem
3204 1139 3322 1179 me-

1762 1192 1989 1245 moriam
2021 1192 2125 1262 coli
2158 1192 2297 1262 apud
2338 1207 2469 1247 suos
2496 1192 2840 1262 postmodum
2866 1192 3029 1248 etiam
3064 1195 3117 1249 in
3150 1202 3326 1249 moi-te

1762 1270 2062 1329 coeperunt.
2086 1259 2213 1316 Inde
2232 1261 2339 1317 illis
2361 1259 2608 1319 instituta
2632 1264 2864 1333 templa;
2892 1264 3017 1319 inde
3044 1265 3109 1319 ad
3138 1265 3326 1319 defun-

1763 1338 1975 1403 ctorum
2005 1333 2335 1403 vultus,_per
2362 1332 2650 1403 imaginem
2681 1332 3025 1398 detinendos,
3061 1350 3324 1403 expressa

1764 1399 2077 1470 simulacra,
2120 1399 2320 1470 quibus
2350 1409 2405 1456 et
2450 1399 2803 1457 immolabant
2847 1403 3077 1467 hOStias.
3112 1399 3167 1458 et
3206 1405 3324 1460 dies

1764 1466 1932 1524 festos
1951 1466 2386 1544 daiido'boiiores
2399 1472 2747 1544 celebrabant
2764 1473 2923 1539 {inde
2938 1475 3169 1544 posteris
3182 1474 3323 1529 facta

1764 1548 1892 1613 sunt
1917 1554 2092 1613 sacra,
2112 1556 2236 1610 qua:
2253 1541 2442 1613 primis
2460 1541 2678 1597 fuerunt
2698 1541 2977 1613 assumpta
2994 1546 3186 1600 solatia
3210 1546 3254 1577 ⁸⁸
3269 1562 3319 1600 ,ι

1766 1606 1820 1683 Si
1845 1610 1967 1679 quis
1987 1606 2168 1683 tamen
2200 1606 2330 1666 velit
2354 1620 2642 1682 antequam
2670 1613 2723 1666 in
2744 1606 2955 1683 regum,
2982 1623 3041 1669 ut
3063 1615 3321 1677 vidimus,

1760 1679 2053 1755 h0iiorem__
2072 1681 2163 1755 illa
2211 1683 2422 1750 magnis
2467 1679 2888 1755 sumptibus'etl
2920 1684 3322 1755 magnificentia

1762 1750 1927 1820 regali
1958 1751 2356 1821 aedilicareiilur
2379 1792 2396 1817 ,
2426 1750 2750 1821 quibusdam
2789 1753 2843 1806 in
2878 1750 3049 1818 locis',
3085 1771 3149 1809 ac
3181 1771 3323 1809 non-

1761 1821 1927 1875 nullis
1955 1820 2150 1894 deinde
2180 1821 2408 1894 privatis
2440 1820 2492 1875 iii
2533 1823 2772 1894 aedibus,
2804 1838 2923 1893 quae
2955 1825 3150 1894 templa
3185 1841 3322 1894 quo-

1762 1904 1865 1962 que
1890 1891 2425 1962 appellataluerunt.
2456 1892 2618 1962 astris
2666 1901 2719 1946 et
2742 1891 2952 1962 primis,
2978 1902 3035 1947 ut
3056 1891 3318 1957 diximus.

1763 1906 1865 1958 que
1890 1906 2155 2013 appeiiata
2187 1906 2425 1949 luerunt.
2456 1906 2618 1947 asms
2666 1906 2719 1946 et
2742 1909 2952 1962 prmus,
2978 1906 3035 1947 ut
3056 1906 3318 1957 uiximus.

1763 1960 1921 2033 diis_o
1966 1962 2070 2033 lata
2108 1960 2590 2033 fuissesacrilicia,
2629 1962 2791 2032 idque
2821 1965 2987 2019 certis
3018 1965 3320 2033 validisque

1762 2030 2077 2099 probaverit
2100 2031 2424 2093 rationibus,
2447 2046 2547 2085 nos
2572 2030 2725 2086 suain
2752 2033 2804 2086 in
2830 2035 3151 2088 sententiain
3177 2030 3319 2087 haud

1763 2115 1902 2169 a‘gre
1933 2101 2226 2169 pertrabet.
2264 2099 2542 2155 Testatum
2571 2101 2768 2169 etenim
2804 2102 2971 2157 Varro
3001 2101 3129 2157 facit
3158 2104 3319 2157 editis

1763 2166 2084 2241 qiiibusdam
2130 2171 2263 2227 locis
2289 2211 2303 2234 ,
2334 2178 2387 2225 et
2424 2170 2525 2225 sub
2557 2166 2649 2225 dio
2696 2174 2919 2241 positis,
2964 2173 3052 2225 ubi
3085 2188 3320 2241 augures

1764 2240 1943 2294 avium
1967 2240 2181 2310 volatus
2202 2241 2586 2300 observabant.
2608 2240 2920 2310 impositum
2945 2243 3113 2297 fuisse
3136 2240 3321 2309 templi

1762 2326 1988 2381 nomen:
2014 2329 2031 2360 ι
2054 2308 2358 2381 Templum,
2384 2331 2405 2364 ι
2427 2308 2902 2381 siquideuiaitille,
2926 2313 3129 2367 «tribus
3146 2308 3322 2366 modis

1764 2379 1998 2449 dicitur,
2043 2396 2075 2432 a
2124 2379 2359 2444 natura,
2418 2379 2504 2434 ab'
2527 2381 2810 2449 auspicio,
2867 2398 2897 2436 a
2944 2381 3321 2438 similitudine.

1762 2448 2082 2522 lllatura,_in
2112 2452 2288 2517 cmlo;
2318 2448 2671 2522 ablauspicii‘s
2706 2452 2762 2505 in
2792 2461 2965 2519 terra;
2996 2467 3026 2504 a
3066 2452 3325 2506 similitu-

1763 2519 1908 2582 dine,
1938 2520 2040 2591 sub
2062 2529 2208 2575 terra
2233 2523 2298 2575 ⁸⁷.
2328 2541 2347 2571 i
2383 2520 2452 2573 At
2477 2519 2599 2574 cum
2623 2519 2687 2575 de
2717 2522 2930 2591 templis
2965 2522 3187 2578 secundi
3210 2529 3327 2575 tan-

1767 2590 2045 2661 tummodo
2075 2594 2289 2661 generis
2320 2591 2548 2660 quaestio
2587 2606 2708 2646 esse
2741 2590 2914 2661 poSsit
2937 2634 2951 2659 ,
2986 2592 3115 2661 quid
3151 2591 3217 2646 de
3254 2592 3326 2647 iis

1764 2659 1902 2714 idem
1938 2657 2113 2714 Varro
2145 2660 2292 2716 dicat
2317 2657 2353 2724 ,’
2381 2662 2704 2715 audiamus:
2741 2657 2773 2713 ἰ
2807 2661 2863 2715 In
2909 2657 3069 2717 terris
3117 2662 3323 2715 dietum

1764 2730 2017 2802 templum
2055 2731 2205 2802 locus
2238 2731 2450 2802 augurii
2474 2739 2574 2802 aut
2603 2732 2831 2801 auspicii
2868 2747 3055 2802 causa,
3092 2733 3323 2802 quihus-

1770 2800 1894 2870 dam
1945 2801 2220 2870 conceptis
2268 2801 2442 2855 verbis
2488 2800 2808 2856 tinitus......
2872 2800 2929 2855 lii
2978 2803 3081 2856 hoc
3111 2800 3324 2870 'teiiiplo

1763 2867 2012 2941 faciendo
2056 2867 2279 2926 arbores
2310 2870 2570 2941 constitui
2610 2872 2745 2925 lines
2779 2882 3002 2941 apparet
3026 2912 3041 2935 ,
3076 2883 3128 2927 et
3176 2867 3322 2925 intra

1762 2954 1855 2993 eas
1882 2938 2151 3009 regiones,
2177 2956 2281 3009 qua
2318 2940 2462 2994 oculi
2492 2938 2865 3009 conspicient,‘
2883 2940 2934 2994 id
2959 2952 3045 2997 cst
3096 2943 3323 3008 tuimur;

1764 3023 1803 3082 Ξ
1840 3023 1947 3082 quo
1981 3011 2239 3082 templum
2289 3010 2494 3064 dictum
2538 3016 2592 3065 et
2636 3012 3041 3082 contemplare,
3079 3019 3137 3066 ut
3180 3011 3321 3080 tide

1762 3077 1993 3133 Ennium
2027 3077 2299 3133 in’Medea
2322 3095 2341 3133 :

1833 3146 2139 3219 Contempla
2162 3188 2177 3213 ,
2216 3159 2265 3203 et
2293 3148 2538 3219 templum
2568 3146 2773 3204 Cereris
2808 3149 2876 3202 ad
2909 3150 3094 3204 lienam
3128 3152 3322 3219 aspice.

1833 3218 2029 3273 Narrat
2072 3221 2235 3273 etiam
2283 3219 2456 3274 Aulus
2497 3218 2703 3277 Gellius
2748 3219 2815 3273 ab
2848 3221 3034 3274 eodem
3080 3218 3327 3276 Varrone

1762 3289 2021 3342 traditum
2050 3289 2269 3361 scriptis
2292 3306 2305 3343 :
2347 3308 2365 3339 ι
2389 3289 2504 3342 Non
2532 3305 2720 3361 omnes
2745 3290 2889 3343 aedes
2912 3305 3096 3361 sacras
3125 3294 3326 3361 templa

1760 3375 1918 3429 esse,
1966 3374 2027 3412 ac
2059 3374 2126 3413 ne
2157 3358 2322 3413 aedem
2361 3360 2575 3429 quidem
2612 3358 2787 3414 Vesta:
2828 3360 3083 3429 templum
3121 3358 3263 3424 esse,
3299 3380 3319 3413 ι

1760 3428 1854 3482 sed
1875 3444 1938 3484 ea
1959 3430 2099 3492 loca,
2124 3444 2243 3497 quae
2267 3428 2499 3499 augures
2522 3428 3323 3497 constituerant.’Qiiamobrem

1761 3507 1953 3569 postea
1984 3498 2226 3553 addidit:
2269 3517 2288 3549 ι
2315 3498 2638 3569 Propterea,
2671 3508 2726 3554 et
2758 3500 2815 3555 in
2860 3503 3011 3554 curia
3053 3498 3284 3569 Hostilia
3305 3542 3323 3567 ,

1760 3574 1819 3640 et
1844 3570 1900 3623 in
1934 3568 2209 3635 Pompeia,
2246 3577 2300 3624 et
2332 3567 2455 3640 post
2488 3570 2544 3623 in
2572 3568 2715 3624 Julia
2736 3609 2750 3635 ,
2784 3586 2907 3624 cum
2939 3567 3169 3640 profana
3205 3571 3325 3625 loca

1763 3639 2037 3722 fuissentz
2071 3640 2270 3722 templa
2314 3639 2444 3722 esse
2467 3656 2561 3722 per
2594 3655 2829 3722 augures
2869 3639 3165 3722 constituta
3186 3642 3265 3722 _".
3299 3661 3320 3694 ι

1760 3707 1982 3782 Legesis
2008 3707 2117 3764 Jul.
2159 3707 2362 3766 Caesar.
2405 3707 2693 3782 Butengeri
2724 3719 3039 3782 excerptum
3082 3711 3150 3766 de
3182 3718 3325 3767 tein-

1760 3781 1864 3849 pli's
1883 3781 2248 3836 ethnicorum.

2282 3872 2679 3930 ARTICULUS
2728 3873 2816 3929 111.

1764 3966 1977 4034 Templa
2017 3966 2234 4022 deorum
2263 3983 2376 4021 esse
2412 3977 2739 4021 mortuarum
2778 3967 3046 4022 hominum
3080 3965 3325 4034 sepulcra

1828 4037 1919 4090 ubi
1947 4036 2011 4090 de
2047 4036 2271 4090 lmmart‘
2301 4037 2535 4101 tumulo,
2569 4047 2618 4091 et
2649 4048 2828 4091 utrum
2874 4038 2961 4089 ille
3003 4035 3245 4104 Eumolpi
3276 4048 3326 4089 et

1829 4106 2010 4177 Deira?
2045 4109 2190 4177 ﬁlius
2221 4107 2401 4177 fuerit.
2434 4106 2512 4160 De
2539 4108 2791 4175 sepulcris
2831 4108 3067 4177 filiarum
3096 4106 3235 4160 Celei
3262 4123 3326 4159 ac

1832 4173 2184 4247 liyperoches,
2217 4173 2266 4232 et
2293 4175 2568 4241 Laodicea,
2595 4173 2760 4246 atque
2788 4173 2945 4231 etiam
2976 4173 3241 4247 (Σίβαι-σω,
3273 4186 3325 4228 et

1829 4244 2249 4318 Léticopltrynes,
2282 4247 2618 4318 aclTelmesii
2652 4244 2783 4301 uatis
2802 4289 2816 4310 ,
2843 4256 2901 4318 et;
2922 4247 3056 4316 regis
3085 4245 3321 4318 Cyriua',

1832 4315 2440 4388 citatisque'auctoribus
2475 4317 2741 4372 Leandrio
2770 4327 2818 4371 et
2860 4315 3065 4370 Zenone
3092 4315 3321 4372 Mindio.

1833 4409 2162 4480 Sumptuosa
2202 4425 2367 4480 porro
2417 4417 2471 4464 et
2517 4408 2803 4479 magniliea
2845 4409 3072 4463 deorum
3121 4409 3324 4480 templa

1761 4493 1883 4551 cum
1909 4478 2122 4535 summo
2150 4478 2290 4551 apud
2321 4481 2552 4549 gentiles
2574 4478 2759 4535 essent
2785 4480 2840 4533 in
2869 4481 3092 4542 honore,
3118 4479 3324 4551 idcirco

1763 4549 2014 4606 Clemens
2043 4549 2249 4614 noster,
2283 4561 2342 4604 ut
2370 4550 2492 4605 illos
2522 4550 2590 4604 ab
2618 4551 2718 4606 hoc
2750 4566 2937 4605 errore
2966 4558 3175 4613 avocet,
3210 4550 3324 4603 cvi--

1763 4620 2082 4676 dentissiine
2110 4621 2348 4676 ostendit
2387 4621 2477 4674 illa
2506 4636 2628 4676 esse
2668 4632 3001 4675 mortuorum
3045 4620 3324 4674 hominum

1765 4693 2014 4772 sepulcra
2038 4710 2050 4744 :
2096 4691 2274 4772 «.Qua:
2301 4690 2542 4772 quidem,
2564 4691 3178 4772 inquit,lnaiii_neeipsa
3198 4706 3328 4771 prte-

1764 4762 1960 4825 teribo,
1991 4762 2239 4830 specioso
2268 4762 2483 4831 quidem
2516 4762 2734 4816 nomine
2764 4763 2958 4831 templa
2995 4762 3125 4826 dici,
3156 4762 3325 4817 fuisse

1765 4840 1944 4885 autem
1974 4832 2248 4902 sepulcra,
2273 4834 2375 4886 hoc
2397 4838 2501 4896 est,
2528 4834 2775 4901 sepulcra
2797 4835 2913 4902 ipsa
2937 4840 3127 4886 vocata
3155 4831 3325 4885 fuisse

1764 4902 1983 4970 templa.
2018 4900 2128 4956 νος
2157 4910 2335 4957 autem
2367 4903 2447 4956 vcl
2482 4919 2625 4957 nunc
2656 4900 2845 4958 salten'i
2876 4903 3177 4955 daemonum
3207 4902 3322 4953 cul'

1763 4981 1853 5024 tus
1884 4978 1937 5025 et
1970 4972 2374 5041 superstitionis
2401 4973 2797 5028 obliviscamini
2818 5012 2832 5036 ,
2869 4973 3114 5041 sepulcra
3142 4971 3322 5024 colere

1763 5042 2147 5095 erubescentes
2172 5042 2235 5094 ⁸⁸.
2266 5061 2284 5092 ι
2331 5042 2465 5096 Illud
2495 5051 2672 5097 autem
2705 5043 2775 5096 ibi
2815 5059 2917 5095 non
2946 5043 3123 5094 minus
3150 5048 3321 5102 certa,

1757 5127 1917 5235 Euam
1965 5112 2122 5192 longa
2162 5111 2877 5194 inductionedemonstrat.
2928 5111 3056 5192 Qua:
3103 5110 3318 5192 quidem

1807 5182 2055 5235 lenientis
2080 5182 2328 5235 probatio
2366 5189 2503 5235 tanti
2534 5183 2791 5235 ponderis
2820 5183 3148 5235 Christianis
3182 5194 3318 5233 scri-

1807 5182 2055 5255 lem‘entis
2076 5182 2328 5255 probatio
2366 5182 2503 5255 tanti
2534 5183 2791 5255 ponderis
2820 5182 3150 5255 Christianis
3177 5179 3319 5255 scri-

1760 5251 2008 5322 ptoribus
2038 5253 2153 5322 visa
2181 5260 2270 5322 est
2284 5290 2302 5322 2
2334 5259 2393 5305 ut
2423 5253 2515 5304 illa
2534 5250 2656 5307 ἰιοη
2690 5254 2865 5307 solum
2895 5254 2962 5304 ab
2986 5250 3227 5305 Arnobio
3248 5250 3314 5311 ⁷ο,

1760 5320 2215 5391 quemadmodum
2259 5320 2523 5377 llervetus
2550 5330 2696 5376 recte
2729 5324 2980 5391 observat
3005 5360 3019 5379 .
3055 5327 3316 5388 usurpata

1762 5390 1954 5457 fuerit;
1982 5392 2075 5445 sed
2102 5399 2273 5445 totum
2297 5392 2459 5445 etiam
2482 5392 2614 5445 illud
2637 5392 2931 5446 Clementis
2958 5390 3316 5460 fragmentum

1763 5463 1832 5516 ab
1860 5460 2094 5518 Eusebio
2119 5464 2162 5494 '”
2191 5471 2244 5517 et
2276 5461 2480 5533 Cyrillo
2509 5460 2878 5517 Alexandrino
2902 5462 2947 5493 ⁷⁸
2970 5459 3192 5515 totidem
3222 5459 3317 5514 de-

2808 5617 2853 5650 “
2902 5614 3100 5671 Euseb.
3151 5614 3248 5671 lib.
3297 5630 3315 5671 ι

1872 5616 1915 5649 ⁸⁸
1968 5615 2226 5674 Herodot.
2275 5616 2372 5674 lib.
2416 5633 2476 5683 ιι,
2524 5615 2552 5689 §
2607 5617 2664 5672 4.
2808 5617 2853 5650 ⁸³
2902 5615 3100 5671 Euseb.
3151 5615 3248 5671 lib.
3297 5630 3311 5671 ι

1881 5696 1935 5742 et
1956 5687 2078 5742 {52.
2154 5690 2200 5720 ⁸⁸
2230 5684 2452 5742 Diodor.
2481 5686 2575 5742 lib.
2611 5703 2627 5742 ι
2660 5686 2822 5742 Bibl..
2854 5702 2907 5742 ii.
2938 5686 2992 5742 9.
3085 5687 3130 5719 ⁸⁸
3160 5685 3255 5741 lib.
3294 5702 3311 5742 ι

1944 5843 1998 5901 p.
2020 5828 2117 5901 729.
2200 5830 2280 5901 ηἵσ
2304 5826 2507 5884 Arnob.
2538 5828 2631 5901 lib.
2658 5844 2711 5886 v1
2741 5827 2876 5885 Adv.
2911 5836 3081 5901 gent.,
3105 5826 3160 5901 pL
3191 5826 3315 5886 195.

104 5889 139 5923 "
159 5893 346 5956 Euseb.
377 5900 480 5957 lib.
512 5898 754 5968 Praepar.
789 5889 1004 5973 evangl,
1033 5914 1082 5955 c.
1116 5898 1170 5965 6,
1204 5914 1256 5970 p.
1295 5900 1379 5955 71.
1456 5901 1501 5934 ⁷³
1529 5898 1698 5972 Cyril.
1724 5889 1911 5957 Contr.
1945 5889 2170 5970 3ulian.,
2198 5899 2293 5956 lib.
2328 5915 2383 5967 ιι,
2414 5913 2467 5971 p.
2496 5899 2618 5955 542.
