3906 6538
189 363 335 420 1001

1388 363 1474 419 DE
1516 359 1734 420 LIBRIS
1777 360 2228 422 STROMATUM.

3281 366 3422 428 1003

268 479 464 536 Paucis
491 481 685 557 dehinc
716 481 805 536 ille
833 481 1086 557 explicat,
1123 498 1218 535 cur
1247 482 1312 557 ad
1366 484 1467 557 hoc
1518 487 1762 542 scriben-
1792 491 1835 546 Α
1865 485 1946 538 lex
1968 483 2234 557 _vetus_ad_
2263 484 2380 557 veri
2417 483 2531 557 Dei,
2555 485 2778 549 cultum,
2827 498 3117 557 veramque
3143 487 3415 557 pietatem.

181 553 327 608 dum
375 566 514 622 opus
553 554 791 606 animum
838 555 1122 623 appulerit,
1168 554 1370 621 quique
1427 555 1628 608 fuerint
1673 557 1758 611 sui

185 630 578 692 praeceptores,
606 639 672 677 ex
703 624 900 692 quibus
931 638 991 677 ea
1023 625 1137 692 ipse
1179 625 1434 676 hauserat
1460 641 1580 693 qua:
1605 626 1762 681 dein-

182 708 330 762 ceps
360 701 489 748 sunt
519 693 772 747 dicenda.
796 693 979 762 Neque
1003 695 1107 746 sibi
1137 693 1359 746 dubium
1391 696 1612 748 omnino
1640 712 1761 752 esse

186 764 275 815 ait
305 764 439 823 fore,
467 769 526 816 ut
555 762 607 815 hi
631 763 1004 817 commentarii
1041 769 1095 815 et
1124 763 1400 830 magistris
1432 765 1547 818 suis
1595 767 1757 832 grati,

184 840 250 886 et
278 834 594 904 lectoribus,
617 833 815 904 quibus
842 842 1016 904 tamen
1050 832 1303 904 omnibus
1334 834 1512 885 omnia
1551 837 1764 904 religio-

187 904 289 974 nis
311 901 568 974 mysteria
600 903 758 970 pandi
791 919 898 956 non
930 903 1146 974 debent,
1190 903 1300 956 sint
1337 904 1628 974 aliquando
1656 901 1759 959 inti-

188 972 282 1027 les
312 971 384 1028 ’δζ
437 971 658 1026 Fatetur
699 981 876 1028 tamen
908 988 1020 1036 eos,
1054 972 1096 1026 si
1127 987 1249 1024 cum
1281 971 1473 1026 tradita
1506 989 1535 1025 a
1566 989 1764 1042 praece-

186 1043 452 1110 ptoribus
469 1042 585 1096 suis
605 1042 853 1096 doctrina
873 1052 1284 1110 componantur,
1305 1057 1424 1097 esse
1449 1047 1672 1098 omnino
1690 1047 1762 1098 in-

187 1114 392 1167 firmos
420 1119 473 1167 et
497 1112 696 1178 exiles;
725 1127 787 1166 ac
817 1128 916 1168 cur
945 1112 1070 1167 illos
1089 1112 1306 1166 tandem
1343 1113 1641 1180 scripserit,
1680 1131 1765 1168 ra-

189 1183 381 1238 tiones
403 1181 577 1236 affert.

271 1250 522 1308 Posthac
550 1266 680 1306 vero
707 1251 797 1306 ille
829 1260 1019 1306 narrat
1049 1251 1180 1322 quid
1209 1253 1261 1306 in
1293 1253 1393 1313 eis.
1425 1263 1478 1306 et
1519 1267 1625 1321 qua
1655 1269 1766 1309 mc-

185 1321 373 1392 thodo
400 1323 472 1378 sit
499 1322 874 1392 disputaturus
891 1323 958 1378 de
988 1321 1139 1378 falsis
1161 1323 1458 1376 errantium
1491 1331 1762 1376 sectarum

189 1391 570 1464 dogmatibus.
591 1391 707 1464 alia
728 1393 946 1464 quidem
984 1392 1228 1464 celando,
1259 1393 1361 1446 alia
1393 1407 1666 1464 veroqna:
1697 1410 1763 1448 ex

189 1461 510 1516 veneranda
531 1462 859 1527 traditionis,
885 1463 952 1516 ab
986 1463 1104 1532 ipso
1134 1464 1319 1517 mundi
1351 1471 1473 1515 ortu
1502 1461 1765 1525 deductae,

187 1533 389 1613 regula
415 1534 509 1613 .ad
560 1543 804 1613 nostram
870 1533 1231 1613 cognitionem
1265 1544 1646 1613 pervenerunt,
1681 1535 1764 1613 vel

189 1602 497 1658 obscurius
535 1603 616 1656 vel
645 1603 846 1657 clarius
875 1603 1193 1672 explicando
1220 1620 1233 1667 ;
1267 1602 1340 1656 ita
1375 1613 1431 1657 ut
1461 1603 1547 1658 bis
1577 1605 1772 1671 prmiu-

189 1673 452 1744 sionibus
484 1673 549 1726 ad
585 1673 875 1744 perlectam
907 1672 1135 1744 Θεωρίαν
1173 1683 1225 1726 et
1259 1673 1768 1740 contemplationem

194 1742 562 1797 deducamur.
591 1742 752 1796 Addit
776 1758 834 1797 se
862 1742 1083 1798 minime
1113 1744 1412 1798 veriturum
1465 1758 1527 1794 ea
1581 1745 1768 1796 iisdem

1865 572 1929 626 ac
1955 555 2158 610 Christi
2209 554 2366 626 fidem
2391 556 2796 626 suscipiendam
2839 556 2912 626 ita
2956 554 3311 626 praeparabat,
3364 565 3423 614 ut

1865 573 1927 608 ac
1955 573 2158 610 bllrtsu
2209 573 2366 609 nuem
2391 573 2792 626 suscipiendam
2839 573 2912 609 ua
2956 573 3065 625 pra:
3104 573 3311 625 arabat,
3364 573 3423 614 ut

1862 624 2177 699 etiamnunc
2224 624 2551 699 Christianis
2605 626 2671 699 ad
2729 624 2852 699 ﬁdei
2885 641 3012 699 suae
3043 573 3294 699 dlogmata
3327 627 3423 684 de-

1863 694 2352 794 oioos'tootionibus
2408 696 2700 752 asserenda
2757 694 2899 789 haud
2946 694 3139 765 parun]
3164 698 3424 768 prodesse

1865 771 2037 831 possit
2063 771 2128 820 “.
2807 780 2814 789 '

1935 831 2285 905 Tumautem
2323 834 2593 897 Clemens,
2649 833 2837 890 dilutis
2893 849 3013 905 quae
3070 842 3258 890 contra
3308 837 3425 894 hac

1865 902 2282 976 proferebantur
2327 905 2684 976 argumentis.
2739 902 2926 976 monet
2967 907 3172 960 homini
3219 909 3274 960 in
3324 909 3425 962 hac

1865 975 2047 1055 gentili
2085 975 2426 1055 philosophia
2455 991 2563 1029 non
2599 975 2994 1055 immorandum
3027 987 3078 1031 et
3103 991 3425 1055 permanen—

1867 1044 2032 1114 dum;
2068 1059 2131 1096 ac
2169 1044 2351 1114 Avariis
2403 1057 2644 1100 veterum
2688 1044 3143 1114 patriarcharum,
3176 1046 3423 1110 Abrahae,

1865 1111 2051 1184 Jacobi
2079 1122 2132 1166 et
2161 1111 2312 1169 Iuda:
2340 1117 2600 1184 exemplis
2643 1111 2861 1184 planum
2892 1114 3092 1168 ibidem
3128 1114 3257 1169 facit
3285 1116 3428 1170 hanc

1905 1183 2262 1255 hilosophiam
2295 1200 2436 1240 verae
2483 1183 2780 1255 sapientiae,
2823 1185 3277 1255 quemadmodum
3303 1187 3426 1255 phi-

1888 1253 2289 1337 osopltitealias
2341 1253 2656 1337 disciplinas
2712 1253 3062 1337 ancillari".
3099 1254 3178 1337 Ea
3222 1253 3429 1337 quibus

1871 1323 1960 1394 ille
1983 1323 2188 1393 colligit
2217 1327 2460 1379 eamdem
2485 1323 2638 1379 illam
2684 1324 3080 1394 philosophiam
3113 1323 3315 1389 studio,
3347 1327 3431 1380 la-

1871 1392 2001 1465 bore
2029 1400 2082 1446 et
2103 1392 2489 1465 exercitatione
2517 1392 2700 1465 aptos
2720 1392 2964 1449 homines
2993 1394 3239 1458 reddere,
3272 1404 3331 1450 ut
3360 1397 3428 1450 ad

1873 1463 2043 1535 ipsam
2066 1463 2366 1535 veritatem,
2399 1481 2518 1535 quae
2543 1463 2794 1520 Christus
2822 1473 2925 1524 est,
2977 1465 3066 1535 alii
3102 1465 3319 1534 quidem
3351 1467 3431 1519 fa-

1871 1533 2051 1595 cilius,
2081 1533 2174 1606 alii
2220 1533 2523 1606 difﬁcilius,
2542 1536 2856 1606 perveniant
2885 1535 2950 1587 “.
2977 1533 3133 1606 hNon’
3176 1536 3432 1590 diflitetur

1873 1611 2051 1675 tamen
2082 1604 2294 1675 aliquos
2323 1607 2440 1660 sine
2493 1603 2686 1660 litteris
2735 1620 2797 1657 ac
2838 1603 3030 1675 gentili
3065 1604 3152 1658 illa
3187 1607 3430 1675 philoso-

1873 1671 1997 1744 phia
2024 1671 2187 1741 posse
2235 1674 2602 1729 Christianam
2634 1671 2868 1744 assequi
2896 1671 3208 1740 veritatem';
3237 1676 3330 1730 sed
3363 1677 3431 1728 ad

1875 1743 2035 1814 hanc,
2060 1758 2175 1814 qua
2203 1746 2569 1814 sophistarum
2619 1743 2845 1798 fallaciae
2872 1745 3030 1814 plane
3063 1744 3422 1814 dissipentur,

190 1814 320 1884 suis
374 1813 780 1884 commentariis
819 1814 1079 1875 inserere,
1114 1828 1234 1882 qua:
1287 1815 1340 1884 in
1375 1812 1768 1883 philosophicis
1799 1831 1840 1884 Β
1872 1821 1925 1866 et
1949 1810 2163 1867 facilius
2186 1823 2238 1867 et
2267 1810 2567 1884 promptius
2623 1810 3065 1884 compara—udam,
3114 1810 3234 1868 illas
3270 1817 3430 1869 utiles

188 1882 515 1953 Graecorum
557 1881 860 1953 disciplinis
890 1881 1193 1952 antiquiora
1229 1883 1546 1953 verioraque
1573 1881 1766 1937 occur—

188 1960 333 2032 ru_nt
367 1954 430 2005 ³⁵.
465 1951 541 2005 Ex
586 1951 840 2032 hisenim
872 1951 1034 2032 putati
1053 1953 1280 2032 gentiles
1319 1951 1640 2032 Graecosque
1671 1953 1766 2032 ho-

190 2023 380 2146 :lnines
407 2038 564 2093 posse
601 2022 815 2077 facilius
848 2023 912 2076 ad
939 2022 1308 2077 Christianam
1361 2022 1642 2077 veritatem
1673 2023 1768 2076 ad-

241 2109 354 2146 uci.

241 2109 354 2147 llCI.

275 2163 419 2228 Quia
446 2179 576 2217 vero
621 2163 826 2234 plures,
872 2163 963 2233 qui
1011 2163 1263 2232 gentilem
1293 2161 1708 2234 philosophiam
1737 2177 1768 2216 a

191 2231 534 2288 Christianis
575 2231 849 2295 omnibus,
875 2231 1130 2302 tanquam
1165 2233 1411 2286 inutilem
1453 2238 1546 2285 aut
1574 2233 1769 2287 exitio-

191 2317 323 2382 sam
348 2311 408 2382 _et
442 2318 471 2382 ξ
507 2304 648 2358 malo
675 2312 898 2358 auctore
929 2304 1234 2382 ioventam,
1259 2302 1416 2382 plane
1439 2303 1770 2382 penitusque

193 2373 561 2442 rejiciendam
621 2388 743 2430 esse
801 2374 1114 2435 censebant,
1169 2371 1274 2427 sibi
1328 2371 1770 2428 contradicturos

191 2442 350 2527 haod
405 2444 612 2527 incerto
669 2443 1038 2527 przevidebot',
1077 2452 1362 2527 eapropter
1413 2456 1513 2522 eos
1558 2450 1768 2527 tantum

191 2513 511 2568 audiendos
537 2511 996 2575 esse—contendit,
1025 2511 1370 2582 'qui'tnerito
1407 2511 1531 2578 jure
1565 2512 1769 2582 aliquid

190 2585 629 2655 reprehensione
672 2584 892 2655 dignum
945 2584 1117 2655 reipsa
1168 2582 1517 2655 eoarguerint
1549 2583 1614 2634 ³⁸.
1651 2582 1771 2636 Pri-

202 2652 362 2708 mum
395 2657 539 2708 enim
565 2654 714 2709 hisce
738 2652 800 2707 in
833 2654 986 2707 libris
1011 2652 1203 2706 malam
1227 2668 1349 2708 esse
1371 2652 1487 2705 vitii
1521 2662 1769 2707 naturam

199 2725 277 2777 ita
339 2741 396 2779 se
438 2725 932 2779 demonstraturum
990 2739 1110 2777 esse
1167 2724 1485 2792 pollicetur,
1535 2731 1593 2776 ut
1645 2723 1770 2777 inde

196 2794 394 2864 quivis
427 2795 680 2865 colligere
723 2794 896 2865 possit
924 2794 1166 2865 eamdem
1222 2793 1618 2865 philosophiam
1649 2808 1772 2865 esse

199 2863 408 2919 divinae
467 2863 824 2920 Providentia:
885 2863 1286 2934 quodammodo
1322 2878 1496 2934 _opus.
1567 2863 1769 2934 Deinde

199 2936 426 2990 etiamsi
459 2937 668 2989 inutilis
699 2941 845 2991 esset
880 2932 1248 3003 phil090phia,
1285 2932 1337 2986 id
1379 2942 1559 3003 tam_en
1601 2933 1646 2987 si
1678 2936 1772 2987 de-

197 3014 564 3067 monstretur,
614 3006 749 3060 utile
791 3001 912 3060 esse
945 3001 1236 3058 convincit.
1286 3003 1442 3074 106
1474 3001 1609 3074 Tum
1645 3019 1772 3057 vero

201 3092 458 3146 magnam
481 3076 734 3146 ejusdem,
757 3075 1110 3146 philosophiae
1135 3071 1506 3146 utilitateuieo
1540 3071 1629 3146 ille
1660 3074 1773 3146 col-

1868 1897 1990 1954 esse
2019 1883 2299 1938 contendit
2347 1883 2436 1939 ³³(
2475 1886 2542 1937 At
2592 1883 3017 1954 certe;hujusce
3076 1884 3432 1954 philosophiae.

1867 1951 2157 2006 utilitatem
2222 1954 2293 2008 ibi
2359 1954 2668 2008 Anaxarchi
2729 1951 3429 2021 Hesiodiqueitestim'onio

1867 2022 2155 2075 conﬁrmat
2185 2024 2440 2092 quidem;
2471 2025 2566 2080 sed
2618 2021 2685 2078 iis
2743 2025 2877 2079 solis
2927 2023 3264 2092 profuturam
3309 2040 3433 2080 esse

1870 2093 2081 2161 probat,
2106 2093 2197 2162 qui
2231 2102 2486 2164 tanquam
2518 2104 2661 2148 terra
2695 2094 2836 2148 bona
2859 2093 3084 2147 imbrem
3114 2102 3167 2148 ct
3199 2096 3434 2164 agriculd

1867 2169 2044 2234 tur_am
2074 2166 2432 2234 susceperint.

1937 2229 2310 2304 Porroautém
2365 2231 2716 2304 philosophia:
2774 2233 2994 2291 nomine
3039 2247 3150 2290 non
3199 2231 3435 2288 Platoni.

1867 2314 2009 2374 cam,
2043 2302 2128 2355 vel
2154 2301 2688 2374 Aristotelicam,'vel
2739 2305 3037 2372 quamlibet
3059 2305 3221 2359 aliam
3253 2305 3436 2374 singu-

1871 2370 2037 2425 larem
2065 2381 2269 2426 sectam
2300 2389 2359 2428 se
2408 2373 2708 2443 intelligere
2736 2370 3019 2442 declarat;
3064 2390 3249 2430 verum
3286 2370 3433 2443 qua:-

1869 2455 2083 2510 cunque
2129 2443 2184 2496 in
2241 2443 2498 2500 omnibus
2555 2443 3000 2512 philosophorum
3048 2443 3211 2500 sectis
3258 2453 3429 2509 recte,

1868 2512 1956 2580 pie
1986 2519 2041 2565 et
2065 2512 2213 2581 juste
2259 2513 2462 2583 tradita
2512 2522 2641 2566 sunt
2673 2515 2737 2566 “.
2771 2512 2939 2570 Plane
2963 2530 3093 2570 vero
3113 2513 3434 2583 praefracte-

1911 2596 1976 2635 ue
2005 2590 2165 2650 negat
2187 2597 2249 2654 ex
2280 2582 2347 2637 iis
2375 2585 2442 2637 ab
2473 2583 2583 2636 ullo
2613 2585 2832 2638 homine
2860 2594 2981 2654 post
3012 2582 3239 2654 mortem
3273 2597 3435 2653 posse

1897 2659 2106 2724 [actum
2167 2652 2399 2724 aliquem
2434 2654 2670 2722 percipi,
2737 2652 3041 2724 nisiiprius
3090 2655 3145 2708 in
3202 2652 3302 2707 hac
3327 2655 3435 2707 vita

1869 2721 2804 2795 Christianamifidem’profiteatur.
2847 2721 3033 2795 Neque
3081 2725 3245 2778 ullam
3279 2739 3437 2795 pror.

1872 2791 2158 2864 susbujus
2193 2791 2690 2864 fideiantefChristi
2741 2802 2920 2847 ortum
2947 2791 3215 2864 ignorata
3244 2791 3373 2848 sinit
3405 2809 3436 2847 a

1871 2861 2112 2931 quolibet
2135 2860 2335 2932 infideli
2365 2861 2537 2932 accipi
2594 2860 3020 2918 excusationem.
3053 2865 3184 2917 Nam
3218 2875 3436 2931 praeter-

1872 2946 2034 3000 quam
2064 2931 2349 3003 quod‘illa
2405 2931 2697 2986 ex’sacris
2754 2932 3053 3003 Scripturis
3102 2935 3157 2987 in
3188 2933 3436 3003 Grazcutn

1873 3015 2180 3074 sermonem
2227 3000 2587 3074 longe__antea
2631 3000 2911 3074 conversis
2953 3005 3188 3074 agnosci
3238 3002 3435 3072 potuit,

1875 3071 2060 3143 multa:
2105 3071 2343 3143 quoque
2370 3071 2488 3125 alia:
2538 3072 2634 3127 via:
2679 3072 2745 3125 ad
2798 3088 2918 3126 eam
2951 3071 3197 3128 homines
3239 3071 3438 3143 perdu-

207 3141 360 3222 ligii,
405 3141 549 3216 quod
581 3141 809 3222 ex_ejtis
856 3141 1289 3222 probationibus,
1341 3143 1410 3222 ab
1439 3144 1771 3222 experientia
1801 3159 1845 3222 ε
1875 3141 2070 3222 ceoant
2106 3141 2172 3217 ”.

203 3213 438 3284 pétitisf
462 3224 516 3269 et
555 3213 794 3286 perfecta
845 3213 1025 3269 rerum
1059 3213 1470 3277 demonstratio,
1525 3219 1578 3268 et
1621 3223 1770 3268 certa

205 3301 390 3356 rerum
425 3285 662 3356 cognitio
686 3285 970 3340 habeatur.

278 3355 424 3421 Quid
449 3351 602 3420 véro,
645 3357 787 3424 quod
839 3356 930 3409 illa
977 3367 1083 3407 non
1119 3352 1294 3424 solum
1325 3351 1764 3424 catechumenos,

199 3425 258 3479 in
290 3425 377 3478 sui
433 3422 845 3480 admirationem
897 3432 1101 3493 raptos.
1139 3422 1205 3475 ad
1251 3423 1528 3493 veritatem
1577 3422 1768 3489 princi-

197 3511 550 3564 puorumquc
581 3495 892 3564 dogmatum
925 3491 1330 3564 persuasionem
1354 3491 1548 3564 allicit;
1585 3501 1768 3564 verum

199 3562 401 3620 omnes
455 3562 619 3620 etiam
660 3562 1040 3626 Christianos,
1097 3577 1164 3616 ne
1223 3562 1579 3616 fraudulenta:
1637 3562 1770 3614 artis

199 3635 504 3705 praestigiis
561 3635 768 3705 decepti
824 3649 852 3687 a
887 3635 988 3688 fide
1031 3632 1302 3705 excidant,
1352 3634 1468 3705 ipsa
1519 3632 1771 3705 prohibet

199 3703 481 3774 efﬁcitque
515 3714 571 3758 ut
600 3706 658 3767 ii,
697 3703 938 3757 adhibita
974 3703 1176 3774 majori
1219 3704 1492 3765 cautione,
1531 3703 1767 3771 aliquam

201 3773 693 3828 demonstrativam
725 3774 848 3828 ῆι]ιοὶ
901 3773 1344 3827 exercitationem
1376 3781 1651 3840 utcunque
1682 3786 1771 3824 as-

202 3845 547 3913 sequantur?
575 3845 654 3898 Ad
679 3846 790 3898 haec
826 3859 988 3912 porro
1021 3859 1084 3895 ex
1128 3841 1515 3911 philosophicis
1544 3843 1769 3913 dogma-

200 3912 358 3969 tibus
389 3916 531 3968 inter
586 3930 646 3968 se
691 3915 904 3969 collatis
947 3913 1159 3980 sibique
1193 3913 1422 3966 invicem
1479 3912 1768 3980 oppositis,

200 3989 422 4038 eruitur
451 3984 697 4038 veritatis
726 3985 986 4054 cognitio,
1025 3988 1318 4054 nostraque
1349 3984 1630 4051 persuasio
1653 3997 1769 4033 ma-

201 4054 300 4124 gis
329 4054 480 4106 firma
515 4063 569 4108 et
599 4052 816 4110 stabilis
844 4053 1088 4108 redditur
1109 4052 1180 4124 _".
1201 4121 1211 4124 _
1232 4120 1249 4124 _
1482 4120 1531 4124 Δ-
1587 4087 1591 4091 .

280 4123 546 4178 Omnibus
579 4140 739 4195 porro
772 4124 1026 4195 Clemens
1076 4120 1344 4195 significat
1389 4135 1457 4195 se
1482 4120 1567 4182 his
1623 4120 1676 4195 in
1709 4120 1771 4172 li-'

204 4193 327 4248 bris
354 4191 720 4261 variajecisse
748 4193 1061 4262 multiplicis
1095 4193 1240 4246 illius
1270 4191 1508 4246 scientia.-
1539 4191 1766 4248 semina.

205 4273 325 4315 tum
362 4275 420 4316 ut
453 4265 652 4319 veritas
693 4280 759 4318 eo
811 4264 882 4317 sit
934 4264 1153 4316 inventu
1178 4263 1490 4331 jucundior,
1527 4275 1635 4329 quo
1666 4276 1773 4313 ma-

202 4333 316 4401 jori
362 4333 547 4387 labore
575 4336 802 4404 quaesita
849 4332 1038 4404 fuerit;
1075 4343 1192 4404 tum
1229 4346 1360 4404 vero
1395 4331 1646 4404 maxime,
1703 4345 1772 4383 ne

207 4400 355 4456 verte
381 4419 474 4456 seu
508 4400 828 4458 Chi-istianze
891 4402 1245 4472 philosophiae
1277 4402 1526 4472 dogmata
1561 4400 1627 4472 iis
1658 4414 1772 4472 ma-

206 4472 411 4527 nifesta
443 4473 592 4536 ﬁant,
627 4475 719 4542 qui
779 4470 966 4542 iniquo
1017 4470 1260 4543 litigandi
1295 4470 1494 4543 studio
1538 4470 1768 4538 abrepti,

208 4557 278 4613 ac
305 4544 598 4613 mancipati
627 4541 1016 4613 voluptatibus,
1052 4541 1228 4613 neque
1257 4541 1354 4613 ulli
1381 4553 1618 4609 unquam
1655 4553 1773 4594 cre-

209 4612 344 4666 dere
379 4611 638 4676 volentes,
668 4611 951 4668 veritatem
983 4611 1212 4666 irrident
1256 4626 1318 4665 ac
1346 4612 1527 4665 inania
1560 4616 1770 4662 tantum

209 4682 504 4734 verborum
564 4683 829 4736 lenocinia
881 4689 1165 4736 venantur.
1229 4679 1387 4735 Tales
1443 4688 1620 4733 autem
1654 4693 1776 4733 esse

211 4749 346 4804 dicit
388 4767 499 4804 non
532 4766 627 4807 eos
651 4751 1046 4812 tantummodo,
1078 4752 1170 4820 qui
1205 4765 1234 4803 a
1266 4749 1568 4805 Democrito
1594 4749 1775 4820 Abde-

213 4822 317 4892 rite
347 4821 650 4892 ἐριδάντεες
698 4823 792 4874 καὶ
847 4819 1247 4892 ἱμᾳντελιόιτέες
1293 4821 1645 4892 appellantur
1688 4819 1772 4892 '_';

213 4889 313 4942 sed
344 4888 618 4960 sophistas
669 4893 830 4945 etiam
860 4888 1124 4955 infelices,
1178 4897 1231 4945 et
1260 4888 1462 4944 cicadis
1507 4888 1778 4957 loquacio-

216 4975 329 5031 res.
362 4959 500 5028 quos
552 4970 804 5031 tanquam
859 4975 1038 5031 vanos
1063 4961 1313 5031 humanae
1341 4959 1656 5031 inutilisque
1690 4972 1776 5010 sa—

216 5029 436 5099 pientiae
468 5029 771 5088 venatores.
803 5039 909 5082 tam
939 5031 1007 5082 ab
1032 5030 1278 5098 ipsismet
1325 5030 1615 5097 gentilibus
1650 5042 1776 5094 poe-

216 5102 292 5152 tis
324 5115 486 5166 quam
527 5115 556 5152 a
606 5103 780 5155 sacris
834 5101 1195 5168 scriptoribus
1246 5099 1452 5153 nostris
1488 5100 1682 5152 tnirutu
1722 5099 1775 5149 iu

219 5169 443 5222 modum
476 5172 735 5239 exagitari
773 5170 929 5238 plane
959 5169 1218 5223 ostendit.

291 5239 465 5292 Aliam
496 5237 656 5308 porro
681 5237 927 5293 ille’dicit
951 5254 1071 5292 esse
1096 5254 1274 5291 veram
1297 5237 1774 5307 sapientiam.qu;e

220 5307 316 5363 Dei
346 5320 429 5364 est
458 5307 681 5372 donum,
713 5316 768 5364 ct
797 5310 864 5362 ab
919 5310 984 5362 iis
1009 5309 1100 5377 qui
1150 5323 1208 5362 se
1263 5309 1486 5362 idoneos
1518 5310 1783 5376 praestite-

218 5379 333 5432 rint
363 5380 530 5432 variis
581 5381 742 5432 etiam
793 5379 966 5432 modis
1025 5380 1639 5448 comparari-potest”.
1684 5377 1782 5429 Sa-

220 5449 440 5518 pientiae
471 5464 618 5510 vero,
650 5465 743 5504 seu
775 5449 1100 5503 Christiana:
1133 5449 1408 5512 religionis
1431 5448 1776 5516 professioni,

224 5521 400 5588 pergit
426 5526 615 5572 auctor
640 5527 843 5577 noster.
875 5521 1016 5572 viam
1045 5519 1321 5572 sternebat
1360 5519 1576 5588 gentilis
1607 5518 1780 5585 philo—

224 5588 438 5658 sophia,
468 5603 587 5656 qua:
610 5588 810 5643 Graecis
839 5590 966 5642 olim
999 5591 1328 5652 necessaria,
1380 5604 1476 5642 eos
1523 5600 1780 5656 tanquam

296 5741 343 5772 ,ι
372 5756 424 5810 ρ,
456 5739 562 5795 275
586 5749 637 5793 et
659 5741 782 5795 276.
863 5743 905 5773 ’τι
935 5758 984 5810 ρ.
1011 5743 1136 5798 277.

226 5808 271 5841 ιι
301 5808 489 5882 p.285
527 5821 577 5865 et
598 5811 721 5864 asc.
799 5813 841 5842 ³³
874 5808 1077 5881 p.237.

548 5908 812 5968 PaTnOL.
861 5910 975 5968 (in.
1029 5911 1138 5969 IX.

1217 5744 1262 5777 ’⁸
1301 5759 1348 5812 p.
1377 5743 1498 5796 278.
1570 5746 1609 5773 ¹’

1162 5814 1203 5844 ³⁵
1228 5829 1280 5882 p.
1315 5816 1439 5867 253.

1645 5759 1692 5812 p.
1725 5742 1847 5794 279.
1926 5743 1970 5773 "'

1592 5832 1644 5883 ι».
1675 5815 1778 5867 asa
1806 5821 1852 5866 cf
1889 5812 2011 5868 290:

1944 3209 2412 3282 Quemadmodum
2453 3225 2581 3282 vero
2628 3210 2875 3267 Clemens
2900 3211 3054 3280 jubet
3086 3211 3437 3282 scphisticam

1875 3279 2120 3351 litigandi
2150 3288 2204 3334 et
2241 3280 2546 3350 decipiendi
2593 3293 2784 3346 artem,
2819 3298 2939 3351 quae
2983 3290 3094 3334 tota
3145 3279 3436 3335 verborum

1873 3350 2146 3404 lenocinio
2175 3359 2495 3420 occupatur,
2545 3366 2575 3404 a
2625 3350 2952 3407 Christianis
2995 3352 3191 3405 finibus
3247 3351 3439 3420 procul

1873 3422 2198 3490 penitusque
2221 3421 2418 3485 arceri,
2451 3422 2524 3474 ita
2549 3422 2664 3474 vult
2697 3437 2885 3476 omnes
2921 3421 3043 3482 soli,
3077 3422 3291 3474 etiamsi
3322 3422 3439 3488 plu-

1872 3491 2025 3544 ribus
2052 3505 2160 3544 non
2191 3491 2423 3560 placeat,
2471 3491 2691 3547 studere
2740 3491 2973 3545 veritati.
3027 3490 3182 3556 Quod
3218 3491 3439 3559 quidem

1869 3568 1982 3632 tam
2013 3561 2256 3632 Apostoli
2307 3561 2628 3632 auctoritate
2679 3577 2839 3631 quam
2874 3562 3153 3628 gentilium
3200 3561 3441 3630 philoso-

1871 3630 2100 3700 phorum
2125 3638 2178 3686 et
2201 3638 2479 3698 poetarum
2501 3630 2811 3685 testimonio
2834 3634 3059 3700 pulchre
3082 3632 3439 3685 demonstrat.

1870 3699 2233 3769 Quamobrem
2263 3700 2629 3767 Christianos,
2657 3702 2821 3755 etiam
2839 3699 3038 3755 minus
3070 3701 3325 3765 disertos,
3348 3715 3442 3769 qui

1869 3778 1925 3822 et
1948 3768 2169 3824 fallaces
2196 3771 2317 3825 illas
2353 3770 2664 3825 Graecorum
2694 3771 3067 3840 SOphistarum
3096 3780 3243 3825 artes
3285 3768 3446 3840 plano

1871 3840 2180 3910 repudiant,
2241 3848 2294 3910 et
2349 3840 2596 3910 pluribus
2645 3839 2856 3910 placere
2917 3855 3026 3894 non
3077 3839 3296 3903 curant,
3346 3839 3447 3894 do-

1871 3909 2134 4031 otissimis
2165 3909 2498 3978 quibuslibet
2530 3909 2764 3966 ethnicis
2811 3911 3003 3980 probat
3032 3926 3143 3965 non
3187 3925 3309 3966 esse
3362 3910 3447 3962 in-

1894 3994 2118 4031 criores.

1894 3994 2118 4032 CI'IOI‘BS.

1943 4043 2185 4102 Subinde
2213 4062 2345 4103 vero
2375 4048 2543 4103 variis
2584 4049 2858 4118 agricolae,
2895 4047 3113 4112 medici,
3141 4047 3358 4102 athleta
3392 4056 3449 4102 et

1872 4118 2250 4188 gubernatoris
2282 4119 2556 4188 exemplis
2604 4117 2847 4174 occurrit
2880 4121 3097 4173 illorum
3127 4117 3442 4186 objectioni,

1871 4189 1962 4256 qui
1985 4187 2328 4256 philosophia
2384 4187 2612 4256 aliisque
2641 4189 2958 4244 liberalibus
2985 4188 3291 4258 disciplinis
3323 4202 3439 4239 om-

1873 4259 2004 4311 nino
2048 4258 2289 4327 rejectis,
2357 4258 2528 4327 s_olam
2584 4257 2741 4312 fidem
2781 4261 2849 4312 ab
2877 4260 3099 4312 homine
3131 4257 3447 4315 Christiano

1875 4325 2221 4397 requirebant
2259 4327 2323 4381 ³⁸.
2373 4325 2432 4380 In
2469 4327 2744 4397 opinionis
2781 4337 2958 4383 autem
2994 4343 3106 4382 suae
3158 4328 3449 4397 confirma-

1874 4396 2075 4451 tionem
2098 4407 2282 4467 aperte
2313 4398 2552 4452 ostendit
2583 4396 2675 4452 Dei
2709 4400 3028 4467 potentiam,
3063 4397 3167 4451 nisi
3201 4396 3446 4466 philoso-

1877 4467 2094 4537 phando
2116 4483 2222 4521 non
2245 4467 2381 4521 bene
2412 4467 2638 4537 percipi,
2683 4483 2747 4522 ac
2801 4468 3055 4523 liberales
3102 4467 3447 4536 disciplinas.

1805 4516 1847 4570 Β
1878 4516 2640 4592 anan"uigeat-aaut}?
2684 4516 3056 4602 Ῐεὶιεὶἐῗὲῐῖιῐ
3089 4516 3452 4591 diibii'sieiié
3523 4527 3542 4564 -ι

1880 4607 2176 4677 Scriptura:
2215 4622 2412 4678 sentitis
2456 4608 2561 4660 rite
2607 4607 2999 4678 intelligantur,
3061 4607 3203 4660 haud
3254 4621 3448 4678 parum

1876 4676 2191 4732 esse’utiles
2234 4677 2298 4728 ³⁷.
2355 4676 2422 4730 Et
2467 4691 2598 4731 vero
2646 4676 2900 4734 Christus
2931 4678 3198 4747 triplicem
3248 4676 3449 4747 diaboli

1877 4748 2281 4818 tentationem.
2313 4762 2381 4801 ex
2421 4761 2616 4818 sacrae.
2668 4747 2969 4818 _Scriptur:e
2995 4746 3451 4818 testimoniisde-

1879 4827 2206 4888 promptam,
2237 4817 2361 4888 aliis
2385 4816 2628 4888 ejusdem
2661 4816 2960 4888 Scriptura:
2995 4817 3178 4872 verbis
3205 4816 3450 4888 funditus

1879 4885 2142 4942 evertisse
2168 4885 2506 4956 perhibetur.
2537 4887 2614 4940 lbi
2649 4885 2831 4943 autem
2881 4895 3075 4941 auctor
3113 4885 3452 4956 noster-illo-

1881 4971 2003 5027 rum
2032 4954 2264 5027 castigat
2323 4957 2707 5027 temeritatem,
2739 4960 2833 5027 qui
2885 4957 3161 5012 diabolum
3208 4954 3450 5024 philoso-

1881 5026 2025 5094 phiae
2065 5035 2119 5081 et
2165 5026 2464 5098 dialecticae
2514 5026 2853 5082 inventorem
2883 5042 3007 5082 esse
3037 5039 3322 5098 perperam
3363 5039 3451 5076 as-

1884 5111 2068 5150 serere
2097 5097 2386 5150 audebant.

1955 5165 2073 5219 Non
2103 5182 2198 5220 eos
2227 5167 2410 5235 itaque
2459 5164 2759 5219 audiendos
2800 5178 2932 5235 esse
2971 5164 3270 5235 putat,_qui
3298 5177 3456 5235 urge-

1888 5234 2021 5289 bant
2066 5231 2360 5309 prophetas
2381 5242 2434 5289 et
2464 5235 2758 5309 apostolos,
2793 5241 2896 5288 etsi
2923 5231 3115 5286 harum
3139 5231 3475 5309 disciplina:

1890 5320 2010 5358 rum
2041 5304 2264 5359 minime
2292 5304 2515 5375 gnaros,
2539 5305 2953 5375 optime_tamen
2979 5317 3172 5375 omnes
3199 5304 3457 5375 calluisse

1889 5390 2062 5429 sacrai
2113 5371 2413 5444 Scriptum
2471 5371 3056 5442 sensus..Bespondet
3121 5373 3266 5444 enim
3314 5372 3455 5444 hanc

1889 5445 2048 5514 plane
2071 5443 2402 5515 singularem
2442 5445 2857 5515 intelligentiam
2878 5451 2953 5515 _et
2984 5443 3356 5515 cognitionem
3391 5443 3456 5493 iis

1888 5511 2427 5592 divinit_usiraditam
2479 5511 2646 5570 fuisse
2686 5512 3070 5592 etoinfusam.‘
3114 5511 3460 5592 Quapropter

1894 5585 1986 5638 alii
2039 5587 2224 5641 divino
2279 5587 2472 5656 spiritu
2509 5600 2614 5640 non
2649 5583 2834 5651 amati,
2879 5585 2973 5637 .ad
3020 5583 3205 5636 divina
3256 5588 3458 5649 scripta

1996 5759 2046 5814 ρ.
2073 5742 2180 5796 ssc
2208 5752 2263 5814 et
2289 5742 2413 5814 28L

2495 5743 2539 5772 ιιι
2571 5755 2621 5808 p.
2651 5738 2776 5792 asa.
2854 5739 2897 5770 ³ο
2920 5756 2971 5810 ρ.
2994 5739 3120 5793 285.

2094 5815 2135 5844 π
2170 5831 2219 5883 ρ.
2246 5813 2368 5866 29f.

3201 5739 3241 5769 ⁸¹
3278 5755 3326 5807 p.
3357 5736 3460 5790 284

2441 5814 2480 5843 ³⁷
2512 5828 2562 5880 p.
2593 5810 2713 5862 292.

3090 5905 3167 5963 39
