3846 6552
463 360 598 414 ωυὸ

1088 357 1153 412 lN
1193 319 1609 414 accusares:
1643 360 1845 416 ALEX.
1891 359 1951 417 ο.
1995 360 2080 414 LE
2117 359 2400 418 NOL‘RRY
2445 359 2899 416 DISSERTATIO
2941 359 3004 414 u.

3529 358 3548 410 1
3559 358 3648 412 004

460 480 610 543 recte
636 467 918 543 capienda
953 469 1353 543 li_uniauis,_sed
1375 471 1534 543 bonis
1581 471 1767 543 utique
1803 471 2010 543 artibus
2040 479 2080 533 Α
2113 473 2254 543 apud
2301 473 2653 543 philosophos
2705 471 2982 543 dispersas
2999 509 3032 543 ._
3079 485 3142 543 _(?_K
3201 468 3433 538 ipsemet
3480 467 3651 523 divino

457 549 511 596 et
561 539 865 608 disciplinis
908 538 1169 610 indigent.
1226 538 1444 595 Sancita
1485 538 1748 610 siquidem
1807 540 2008 596 divinis

456 611 674 679 scriptis
702 619 986 679 praecepta,
1016 612 1230 666 tametsi
1266 621 1322 664 ut
1368 611 1679 674 credantur,
1730 611 1844 665 sola
1877 611 2008 666 lich

455 681 766 750 necessaria
800 681 904 747 sit;
935 688 1171 734 attamen
1207 689 1265 734 ut
1295 689 1442 736 recte
1471 692 1891 750 cognoscantur,
1949 688 2008 734 ut

454 749 521 805 de
550 751 615 804 iis
644 749 957 818 interrogati
993 752 1375 819 respondeant,
1427 759 1483 804 ut
1513 749 1724 804 tandem
1756 751 2009 818 implean-

454 829 564 881 tur,
594 827 648 873 et
689 819 974 874 dialectica
1025 829 1079 874 et
1126 830 1244 876 arte
1271 821 1504 874 humana
1534 837 1670 889 opus
1715 829 1798 875 est
1830 821 1894 872 ³⁸.
1924 819 2006 873 Ad

453 893 569 944 hac
600 904 726 943 vero
761 890 850 944 ille
882 889 1215 944 demonstrat
1247 891 1302 944 in
1327 889 1635 947 Christiano
1657 890 1872 943 homine
1898 905 2007 945 non

450 962 631 1014 minus
660 961 1044 1029 cognitionem,
1079 959 1367 1014 dictionem
1397 968 1449 1012 et
1472 960 1790 1024 orationem,
1816 960 2009 1013 huma-

451 1030 539 1086 nis
595 1028 782 1098 utique
828 1029 1132 1098 disciplinis
1187 1029 1564 1098 acquirendas,
1619 1045 1781 1099 quam
1833 1030 2005 1084 bonos

450 1107 609 1154 actus
633 1099 1003 1168 virtutumque
1052 1114 1215 1168 opera
1271 1099 1588 1154 desiderari.
1636 1098 1718 1152 Ad
1746 1100 2006 1168 sophisti-

450 1184 570 1222 cam
603 1183 764 1240 porro
793 1177 964 1222 artem
1018 1169 1155 1240 inde
1193 1183 1444 1223 reversus
1470 1208 1484 1231 ,
1544 1184 1760 1240 rursum
1819 1177 1872 1222 et
1916 1185 2006 1240 ra-

451 1236 620 1292 tione'
676 1245 730 1292 et
805 1253 975 1293 sacra:
1041 1236 1336 1309 scriptura:
1405 1239 1729 1292 auctoritate
1813 1239 2005 1309 probat

451 1323 670 1431 eamda
730 1309 1006 1378 republica
1081 1307 1390 1362 Christiana
1459 1309 1616 1378 plane
1684 1307 1827 1362 esse
1875 1309 2004 1378 reji-

451 1394 567 1431 ωοη
612 1394 716 1431 am.
963 1413 965 1416 -

450 1394 716 1432 ωοηαςιηι.
963 1413 965 1416 ·

521 1448 766 1502 Posthaec
820 1447 907 1500 ille
939 1438 1111 1500 docet'
1145 1445 1468 1501 Christianae
1493 1447 1747 1504 dictionis
1780 1456 1833 1502 et
1866 1450 2002 1502 scri-

448 1519 652 1590 ptionis
705 1533 896 1590 genus,
946 1518 1042 1590 cui
1096 1518 1323 1590 ipsemet
1373 1518 1433 1590 _in
1475 1517 1561 1590 his
1594 1521 2001 1574 conuuentariis

449 1587 755 1643 inhmsurus
787 1589 877 1649 sit,
910 1588 1126 1655 planum
1153 1595 1206 1640 et
1229 1588 1478 1656 simplex,
1505 1587 1711 1642 clarum
1741 1598 1920 1642 tamen
1949 1597 2002 1643 ct

447 1662 818 1729 perspicuum,
849 1665 1012 1729 atque
1037 1657 1104 1710 ab
1149 1658 1299 1729 omni
1352 1672 1501 1729 vano;
1524 1665 1578 1710 et
1601 1673 2003 1728 supervacaneo

448 1726 600 1782 cultu
635 1738 687 1780 et
712 1735 906 1780 ornatu
938 1726 1170 1780 alienum
1224 1727 1295 1780 ita
1329 1743 1450 1782 esse
1473 1726 1700 1793 debere,
1757 1736 1817 1780 ut
1865 1729 2002 1784 alios

2113 539 2594 614 V‘crbog'decerpt—as
2639 539 2946 614 esse—haud
3001 539 3314 614 dubitanter
3347 545 3537 592 auctor
3566 556 3656 592 no-

2113 624 2223 668 ster
2248 609 2495 670 affirmat,
2521 613 2674 678 Quod
2703 611 2943 682 quidem
2965 617 3023 662 ut
3072 609 3276 682 clarius
3309 614 3516 682 pateat,
3544 625 3656 678 pro-

2111 683 2344 736 bandum
2372 684 2601 752 suscipit
2627 679 2802 736 sacris
2841 679 3439 752 scriptoribusnostris
3461 682 3654 747 quosli—

2110 753 2200 807 bet
2223 753 2358 808 alios
2383 769 2504 808 esse
2526 749 2896 817 recentiores;
2937 760 2989 803 et
3013 750 3135 812 hos,
3177 749 3222 803 si
3251 764 3376 818 qua:
3404 764 3530 802 vera
3557 758 3659 802 tra-

2109 823 2383 886 diderunt,
2434 824 2500 877 ab
2524 823 2633 876 illis
2681 821 2849 876 fuisse
2875 826 3146 874 mutuatos
3176 818 3244 872 “.
3274 817 3278 818 ί
3303 817 3656 884 Quamobrem

2108 893 2342 962 primum
2390 892 2643 946 observat
2691 892 2944 962 omnin-tt
2986 889 3299 962 Graecorum
3338 890 3655 956 scriptorum

2109 957 2521 1032 antiquissimos
2561 962 2768 1016 censeri
2819 957 3337 1032 0rpheum,_Linum
3365 967 3419 1012 et
3458 968 3652 1032 poetas,

2107 1027 2258 1101 quos'
2280 1031 2498 1101 quidem
2520 1039 2848 1100 exceperunt
2881 1027 3084 1101 septem
3110 1027 3336 1101 Cra-size
3369 1029 3654 1101 sapientes,

2104 1097 2173 1157 de
2203 1097 2434 1171 quorum
2466 1097 2846 1171 ultimo—quam
2874 1097 3099 1171 diversa:
3131 1097 3339 1171 fuerint
3361 1098 3655 1166 opiniones,

2105 1165 2294 1241 paucis
2339 1171 2537 1241 ibidem
2577 1165 2979 1241 animadvertit.
3031 1165 3224 1241 Variis
3262 1165 3444 1241 porro
3481 1178 3654 1241 eorum

2105 1238 2281 1296 effatis
2309 1249 2361 1294 et
2391 1239 2596 1309 adagiis
2645 1241 2701 1293 in
2743 1239 2978 1294 medium
3010 1238 3282 1309 adductis,
3325 1238 3522 1309 probat
3550 1238 3656 1291 illo-

2106 1327 2226 1364 rum
2288 1305 2700 1379 philoSophandi
2758 1309 3067 1363 methodum
3119 1308 3283 1378 plane
3328 1305 3654 1362 illebraicam

2105 1380 2274 1434 fuisse
2291 1389 2344 1435 et
2372 1380 2762 1449 muigmaticam
2792 1379 2856 1432 “.

2175 1450 2270 1504 His
2299 1447 2888 1518 autem—successerunt
2929 1447 3262 1518 philosophi,
3299 1461 3535 1518 quorum
3559 1448 3655 1515 pri-

2103 1521 2268 1576 mitus
2295 1520 2486 1588 triplex
2517 1528 2660 1575 secta
2685 1519 2805 1579 fuit,
2838 1515 3019 1571 Italica
3043 1515 3201 1587 cujus
3232 1515 3435 1588 parcns
3467 1515 3652 1588 Pytha-

2103 1604 2263 1659 goras
2296 1587 2502 1658 primus
2554 1590 2722 1659 voluit
2774 1587 3264 1659 se__philosophu:u
3321 1587 3652 1659 nuncupari;

2105 1657 2310 1722 Ionica,
2340 1675 2460 1728 quae
2493 1675 2521 1712 a
2558 1658 2810 1721 Thalete;
2837 1657 3239 1728 Eleatica,_qua:
3270 1673 3299 1710 a
3331 1657 3652 1726 Xenophane

2103 1745 2256 1783 suam
2281 1726 2446 1782 traxit
2473 1729 2755 1797 originem.
2794 1728 2868 1782 lbi
2911 1740 3088 1782 autem
3137 1726 3394 1783 observat
3422 1728 3654 1781 Clemens

446 1797 785 1874 plusjuvare
834 1797 1004 1874 possit
1051 1812 1212 1865 quam
1253 1797 1548 1874 delectare.
1590 1796 1670 1874 Et_
1711 1796 1843 1850 illud
1861 1813 2002 1874 sane
2035 1821 2075 1874 Β
2102 1810 2207 1852 tam
2233 1798 2299 1852 de
2326 1796 2644 1874 Pythagorae
2667 1814 2828 1874 quam
2858 1797 3098 1874 Thaletis
3121 1799 3459 1874 patria_olim
3490 1797 3652 1874 disce-

445 1866 662 1938 planius
704 1875 762 1920 ut
796 1867 1055 1938 stabiliat,
1114 1882 1220 1919 non
1253 1866 1498 1921 Platonis
1549 1867 1709 1921 modo
1757 1877 1811 1921 et
1860 1867 2003 1922 Scri-

444 1937 617 2009 ptum
666 1951 858 2009 sacrae
888 1937 1096 2009 profert
1154 1939 1545 2009 auctoritates,
1602 1952 1803 2009 verum
1838 1938 2001 1992 etiam

444 2005 677 2063 vestitus
705 2014 765 2086 et
793 2006 925 2070 cibi,
959 2021 1171 2061 necnon
1210 2005 1502 2086 _Musaru_m
1557 2016 1719 2086 atque
1734 2005 2001 2086 _Sirenum

443 2094 570 2132 cum
606 2078 876 2130 ‘oratione
924 2077 1387 2144 comparationem
1443 2076 1680 2131 instituit
1733 2076 1797 2130 '°.
1833 2076 2003 2131 Porro

443 2156 625 2203 autem
651 2148 794 2201 sicut
826 2146 1002 2200 oratio
1033 2146 1284 2214 simplex,
1321 2147 1393 2199 ita
1436 2148 1672 2201 oratoris
1693 2147 1906 2202 animus
1936 2149 2003 2202 ab

444 2217 685 2272 humana
714 2217 884 2286 gloria
917 2216 1239 2286 aucupanda
1268 2216 1428 2270 debet
1482 2230 1605 2272 esse
1665 2218 1884 2271 omnino
1916 2233 2003 2272 re-

441 2296 661 2412 Erectus,
720 2285 795 2341 ita
854 2295 913 2339 ut
967 2301 1115 2364 'unus
1174 2285 1281 2355 ipsi
1331 2286 1548 2341 auditor
1611 2285 1856 2342 sufﬁcere
1908 2287 2004 2343 de-

513 2368 587 2412 at.

513 2368 587 2412 at.

513 2429 625 2482 Nos
659 2437 837 2482 autem
872 2425 1007 2479 scite
1034 2432 1216 2479 monet
1257 2425 1506 2480 vitandas
1538 2441 1661 2482 esse
1712 2425 1999 2480 verborum

442 2499 820 2552 contentiones
879 2494 1256 2565 profanasque
1293 2496 1584 2560 novitates,
1642 2511 1743 2550 nec
1794 2495 1850 2549 in
1897 2497 2004 2552 illis

442 2583 683 2637 unquam
745 2567 1084 2637 gloriandum
1120 2564 1185 2620 ⁸ο.
1246 2564 1353 2637 Nec
1388 2566 1568 2621 minus
1615 2568 1760 2621 clare
1785 2569 2004 2635 exponit

442 2635 563 2705 qua:
595 2643 666 2693 sit
701 2635 855 2706 107
889 2637 976 2688 illa
1011 2635 1349 2706 philosophia
1395 2643 1450 2689 et
1499 2637 1734 2691 humana
1763 2639 1999 2700 traditio,

443 2723 473 2760 a
501 2711 659 2775 cujus
693 2705 1034 2777 fraudulenta
1078 2705 1394 2777 seductione
1427 2721 1650 2777 semper
1695 2720 1887 2777 cavere
1918 2707 2006 2761 dc-

441 2779 654 2834 bemus.
685 2777 936 2831 Declarat
964 2775 1147 2846 itaque
1181 2776 1327 2828 illum
1358 2775 1594 2843 primum
1627 2775 1853 2846 quidem
1881 2792 2004 2831 esse

441 2847 852 2918 Epicureorum,
886 2861 1006 2914 qua:
1035 2843 1128 2900 Dei
1161 2846 1302 2898 tollit
1338 2843 1810 2918 providenti_am,et
1844 2847 2002 2918 volu-

437 2915 640 2988 ptatetn
697 2919 922 2988 deorum
973 2931 1200 2988 numero
1254 2915 1510 2983 ascribit;
1565 2915 1771 2988 deinde
1805 2915 2002 2985 placita

442 2985 775 3052 Stoicorum,
831 2986 931 3056 qui
981 2985 1149 3040 Deum
1181 3001 1303 3040 esse
1358 2999 1557 3056 corpus
1605 2993 1658 3040 et
1686 2986 2003 3040 vilissimam

439 3075 713 3128 quamque
745 3055 1027 3128 materiam
1073 3055 1742 3128 pervadercga’rriebant;
1767 3056 2004 3125 denique

437 3125 800 3183 humanarum
830 3126 1182 3179 traditionum
1237 3141 1334 3180 seu
1372 3125 1687 3192 juvenilium
1743 3132 2002 3196 quaestio-

438 3215 568 3254 num
600 3214 831 3253 canoras
872 3212 1066 3265 nugas,
1115 3212 1209 3250 seu
1258 3197 1467 3264 ineptos
1512 3197 1800 3250 verborum
1852 3197 2001 3266 lepo-

437 3287 548 3330 res,
583 3271 782 3340 quibus
819 3283 976 3321 nemo
1025 3282 1262 3340 unquam
1319 3275 1681 3340 consequetur
1715 3265 2000 3340 veritatem

437 3348 491 3394 et
519 3337 795 3402 virtutem,
839 3352 960 3408 qua:
1005 3339 1120 3391 sola
1169 3337 1464 3406 sagacitate
1507 3337 1784 3406 multoque
1817 3337 2001 3392 labore

437 3409 745 3481 comparari
779 3417 961 3481 potest
987 3408 1052 3461 υ.

507 3474 860 3548 Perspicuum
895 3478 1060 3546 igitur
1098 3476 1428 3548 planumque
1467 3474 1716 3548 Clemens
1744 3476 1999 3548 omnibus

441 3549 574 3603 facit
600 3546 717 3604 eam
747 3562 870 3602 esse
907 3563 1089 3601 veram
1122 3555 1175 3601 et
1226 3547 1522 3601 secundum
1568 3547 1781 3600 divinas
1833 3546 2001 3600 tradi-

437 3621 615 3674 tiones
673 3617 1096 3688 philosophiam,
1151 3632 1273 3686 quze
1325 3616 1417 3688 Dei
1470 3617 1882 3685 providentiam,
1932 3616 2002 3670 ad

439 3688 622 3742 omnia
673 3683 728 3742 ct
773 3683 987 3756 singula
1045 3683 1184 3756 sese—
1223 3683 1624 3756 extendentcm,
1683 3694 2000 3741 constanter

438 3760 656 3812 asserit.
692 3756 767 3810 Ea
788 3757 989 3826 quippe
1027 3755 1261 3814 sublata.
1297 3757 1475 3826 omnis
1507 3755 2003 3826 Dominicaalncar-

441 3828 684 3882 nationis
739 3824 1044 3896 oeconomia
1084 3827 1309 3879 tollitur.
1375 3824 1643 3887 Quocirca
1687 3825 1997 3896 Diogenem,

440 3896 744 3958 Thaletem,
810 3895 1128 3965 llippastun,
1192 3896 1437 3964 aliosque
1477 3895 1852 3966 philosophos,
1906 3898 1999 3966 qui

436 3969 625 4022 mundi
681 3968 946 4022 elementa
978 3969 1184 4028 colunt,
1219 3975 1476 4035 tanquam
1537 3966 1731 4036 impios
1763 3967 2000 4022 homun-

436 4038 592 4094 culos
635 4045 689 4108 et
735 4036 1001 4106 voluptati
1053 4036 1474 4108 deditos_plane
1523 4036 1821 4108 abigendos
1876 4052 2000 4093 esse

437 4107 749 4174 contendit;
778 4105 1034 4176 additque
1067 4107 1190 4162 illos
1216 4105 1451 4161 infantes
1492 4113 1545 4160 et
1577 4105 1829 4176 parvulos
1853 4122 1995 4170 esse,

436 4178 543 4231 nisi
576 4177 901 4234 Christianae
931 4177 1210 4246 religionis
1260 4175 1599 4246 professione
1637 4179 1737 4232 viri
1763 4177 1912 4240 ﬁant,
1946 4185 2000 4232 et

432 4263 622 4302 verum
645 4263 676 4301 a
708 4248 848 4302 falso
903 4247 1215 4303 discernere
1245 4247 1499 4302 noverint
1529 4248 1597 4318 θ’.
1630 4247 1825 4318 Opinio
1854 4249 2000 4301 enim

433 4333 543 4372 non
592 4326 676 4373 est
706 4318 822 4388 ipsa
846 4319 1070 4384 veritas,
1106 4319 1164 4372 in
1209 4333 1316 4388 qua
1355 4336 1378 4370 ι
1405 4317 1693 4374 ωάίίίεαιιέ
1713 4339 1732 4372 ι
1760 4319 2000 4373 eharitas

433 4397 702 4442 versatur.

503 4456 770 4524 Quoniam
801 4473 933 4530 vero
989 4457 1277 4530 sapientia,
1319 4473 1359 4530 a
1399 4457 1493 4514 Dei
1524 4456 1664 4512 Filio
1693 4457 1850 4530 nobis
1883 4466 1996 4511 tra~

2102 1876 2329 1938 ptatum,
2363 1867 2613 1938 [tuncque
2673 1868 2848 1922 solum
2886 1869 3054 1922 videri
3098 1867 3220 1923 cum
3280 1867 3648 1938 Egyptiorum

2103 1937 2110 1938 “
2143 1939 2382 2008 rophetis
2411 1954 2785 2007 congressum,
2823 1953 2885 1991 ac
2916 1939 3122 1992 nullum
3165 1939 3335 1999 illius,
3366 1937 3536 1991 sicuti
3565 1952 3653 1990 nec

2101 1955 2429 2062 Bherccvdis
2447 2007 2626 2062 fuisse
2666 2017 3074 2062 praeceptorem.
3112 2008 3252 2062 Tum
3285 2009 3376 2061 ille
3405 2008 3651 2061 continuo

2146 2007 2429 2080 he’rccydis
2447 2007 2626 2064 fuisse
2666 2017 3074 2080 praeceptorem.
3112 2008 3252 2064 Tum
3285 2009 3376 2080 ille
3405 2008 3651 2080 continuo

2101 2088 2287 2132 narrat
2314 2078 2433 2148 qua:
2461 2095 2525 2132 ex
2555 2093 2616 2133 ea
2633 2079 2833 2146 triplici
2862 2087 3009 2133 secta
3039 2079 3344 2148 manaverit
3365 2078 3651 2148 successio,

2103 2149 2290 2202 schola
2319 2147 2572 2203 videlicet
2602 2149 2847 2218 Cynica,
2892 2148 3242 2210 Academico,
3282 2147 3651 2216 Peripatetico,

2103 2218 2320 2283 Stoica;
2357 2233 2420 2273 ac
2449 2217 2681 2288 quinam
2702 2217 2907 2272 fuerint
2962 2235 3148 2272 earum
3200 2229 3482 2285 auctores,
3508 2219 3654 2286 quive

2101 2289 2293 2343 horum
2320 2303 2664 2344 successores
2686 2298 3179 2342 commemorentur
3209 2288 3276 2343 “.

2173 2357 2244 2412 Ut
2287 2367 2466 2413 autem
2505 2359 2850 2414 llebrzeorum
2902 2358 3303 2427 philosophiam
3340 2358 3443 2412 hos
3475 2370 3652 2410 omnes

2101 2429 2262 2498 longo
2294 2436 2596 2498 temporum
2625 2435 2953 2496 aetatumque
2993 2429 3281 2483 intervallo
3307 2428 3652 2482 antecessisse

2102 2498 2372 2560 ostendat,
2396 2514 2501 2567 qua
2524 2498 2965 2569 philosophorum
3019 2499 3364 2569 ethnic_orum
3397 2499 3654 2569 principes

2102 2578 2157 2624 et
2186 2566 2549 2638 antesignani,
2597 2566 3144 2638 puta—Konophancs,
3181 2566 3413 2630 Thales,
3466 2567 3652 2638 Pytha;

2102 2654 2312 2718 goras,.
2339 2635 2688 2718 Polycrates,‘
2707 2644 2759 2692 et
2812 2635 3002 2718 Solon2
3034 2648 3206 2718 aetate
3231 2640 3490 2718 vixerint,
3511 2635 3652 2718 haud

2105 2707 2263 2778 plane
2300 2707 2903 2778 indiligenterﬁinquirit
2960 2709 3028 2763 ".
3076 2707 3286 2764 Dehinc
3318 2711 3652 2778 eosdcmhet

2103 2775 2263 2841 alios,
2330 2775 2586 2848 nimirum
2643 2775 3025 2848 Pythagoram,
3090 2779 3509 2848 dntisthencm.
3563 2775 3649 2832 Or-

2102 2849 2336 2917 pheum,
2392 2845 2704 2910 Homerum,
2767 2845 3067 2910 Thaletem,
3107 2847 3418 2914 Platonem,
3483 2848 3650 2902 Demo-

2104 2918 2326 2990 critum,
2367 2927 2516 2990 a_ut_a
2546 2917 2812 2990 barbaris,
2846 2917 3155 2990 Babyloniis
3181 2928 3235 2973 et
3268 2917 3651 2990 Egyptiisor-

2103 2995 2210 3060 tos,
2239 2989 2320 3060 vel
2355 2987 2432 3060 ab
2471 2987 2539 3042 iis
2565 2987 2845 3060 educatos,
2901 2986 3186 3060 plurarsua
3241 2986 3496 3060 dogmata
3542 2986 3653 3060 inde

2103 3057 2356 3114 hausisse
2408 3056 2529 3112 fuse
2571 3058 2930 3112 demonstrat.
2982 3056 3245 3123 Quinimo
3302 3056 3340 3114 εἰ
3387 3057 3650 3114 nonnullis

2104 3129 2378 3200 memoriae
2416 3127 2696 3200 proditum
2747 3143 2889 3200 esse;
2922 3129 3113 3200 scribit
3163 3127 3528 3200 Pythagoram
3579 3124 3649 3180 vel

2102 3196 2352 3252 Nazarati
2400 3196 2646 3268 Assyrii,
2710 3199 2794 3252 vel
2849 3196 3170 3268 Ezechielis,
3210 3196 3314 3253 'vel
3348 3196 3647 3257 'Gallorum,

2103 3275 2266 3336 atque
2311 3267 2803 3332 Brachmanarum;
2838 3267 3175 3323 Aristotelem
3215 3285 3344 3324 vero
3381 3267 3646 3335 cujusdam

2101 3337 2271 3392 Judzci
2309 3337 2479 3393 fuisse
2508 3338 2799 3408 auditores.
2835 3336 2973 3408 Quid
3004 3354 3154 3398 vero,
3186 3342 3364 3408 pergit
3393 3338 3645 3408 Clemens,

2101 3410 2245 3477 quod
2275 3408 2497 3478 Sibylla,
2543 3409 2590 3462 si
2622 3407 2894 3461 llcraclito
2928 3407 3085 3462 fidem
3123 3405 3326 3463 habere
3359 3410 3510 3469 velis,
3538 3405 3646 3458 Del—

2101 3479 2224 3547 phis
2257 3479 2519 3532 divinitus
2548 3478 2830 3547 apparuit,
2890 3478 3072 3547 ibique
3117 3494 3147 3532 a
3195 3478 3368 3533 Musis
3417 3479 3512 3532 fuit
3539 3490 3649 3547 eru-

2102 3544 2233 3613 dita,
2264 3549 2349 3602 vel
2380 3557 2437 3601 ut
2467 3544 2730 3617 Serapion
2765 3544 3000 3611 cecinit,"
3037 3550 3277 3603 nondum
3332 3558 3539 3602 mortua
3565 3544 3648 3610 ad-

2101 3618 2207 3673 huc
2271 3618 2632 3688 vaticinatur,
2680 3632 2887 3688 suaque
2943 3618 3241 3672 etiamnum
3311 3619 3485 3672 fundit
3535 3629 3646 3669 ora-

2101 3687 2519 3758 cula?Denique
2561 3687 2735 3741 Numa
2782 3687 3150 3741 Romanorum
3189 3705 3282 3740 rex
3315 3690 3524 3758 legem,
3555 3698 3646 3753 qua

2101 3757 2200 3814 Dei
2253 3756 2543 3828 imaginem
2598 3772 2838 3827 unquam
2893 3757 3011 3813 fieri
3059 3756 3440 3828 prohibuit,_a
3483 3756 3646 3826 Moyse

2100 3837 2380 3883 mutuatus
2416 3835 2520 3882 est.

2172 3897 2249 3951 Ex
2275 3898 2342 3952 iis
2363 3913 2526 3968 porro
2553 3906 2743 3951 auctor
2764 3903 2948 3953 noster
2968 3895 3245 3952 concludit
3269 3895 3646 3968 philospphiam

2101 3965 2606 4042 hominibusvalde
2655 3968 2866 4042 utilem,
2921 3983 2952 4020 a
2981 3965 3370 4042 barbaris'ad
3415 3965 3638 4042 Crispos.

2101 4053 2336 4107 quorum
2391 4038 2641 4108 pluribus
2696 4037 3026 4108 Anacharsis
3076 4038 3279 4108 Scytha
3327 4035 3636 4108 anteeelluit,

2102 4105 2272 4162 fuisse
2298 4105 2676 4163 transmissam
2709 4107 2774 4160 ⁸⁸.
2819 4105 3181 4166 Darbarorurn
3216 4117 3400 4163 autem
3433 4105 3643 4176 philoso-

2140 4178 2354 4250 horum,
2397 4193 2626 4250 quorum
2660 4177 2932 4250 principes
2974 4176 3370 4250 etprtefectos
3427 4175 3638 4250 nomini:

2141 4194 2354 4241 norum,
2397 4194 2626 4248 quorum
2660 4194 2932 4247 principes
2981 4194 3033 4232 et
3080 4194 3370 4247 praetecws
3427 4194 3637 4230 ιιοωιιιι-

2101 4194 2203 4320 Bus
2251 4248 2368 4320 suis
2422 4248 2911 4320 appellat,_oduplex
2947 4248 3098 4320 _dieit_
3137 4263 3263 4302 esse
3319 4262 3505 4318 genus.
3552 4239 3641 4320 Alii

2100 4317 2246 4372 enim
2287 4316 2570 4383 Sarmata},
2629 4317 2721 4371 alii
2769 4316 2899 4372 vero
2947 4316 3640 4382 Braelintanesnuncupali

2102 4394 2250 4442 sunt.
2299 4387 2377 4441 Ex
2439 4386 2707 4442 Sarmatis
2765 4401 2931 4456 porro
2974 4387 3194 4446 Allobii.
3251 4404 3360 4442 non
3417 4401 3564 4442 secus
3587 4395 3642 4456 ac

2103 4457 2428 4529 Hyperborei
2460 4457 2729 4529 rusticam
2751 4450 2976 4529 otnnino
3005 4464 3058 4512 et
3091 4465 3383 4529 agrestem,
3406 4450 3642 4529 quemad-

434 4523 547 4598 dita
575 4530 626 4580 in
668 4528 1028 4598 «mysterio,»
1055 4523 1400 4583 "occultanda
1445 4536 1551 4592 est,
1587 4530 1712 4583 hinc
1745 4529 1995 4582 Clemens
2024 4531 2072 4591 ι)
2100 4523 2318 4581 modum
2358 4529 2500 4597 apud
2529 4527 2874 4598 Christianos
2902 4523 3240 4598 Encratit'ae,
3256 4523 3470 4582 vivendi
3495 4523 3642 4576 ratio-

431 4597 666 4666 ingenue
694 4597 891 4651 fatetur
919 4598 994 4662 id,
1025 4614 1092 4654 ne
1131 4599 1231 4652 hos
1261 4600 1430 4654 libros
1467 4601 1859 4661 conscriberet,
1893 4598 1997 4652 sibi

433 4667 603 4738 fuisse
632 4667 1036 4738 impedimento,
1064 4677 1116 4724 et
1137 4685 1194 4725 se
1221 4670 1516 4724 etiamnum
1548 4671 1720 4722 vereri
1747 4684 1815 4722 ne
1851 4669 1998 4720 illam

432 4737 1044 4807 indignisjhominibus
1115 4739 1456 4793 manifestam
1511 4739 1672 4807 paulo
1733 4738 1998 4792 audacius

432 4805 617 4879 faciat.
656 4805 856 4879 Verum
902 4809 1027 4877 quia
1075 4808 1326 4864 Christus
1370 4805 1600 4879 arcanas
1631 4824 1773 4863 verte
1813 4808 2003 4879 cognit-

429 4877 598 4932 tionis
628 4878 945 4932 traditiones
971 4880 1137 4948 jussit
1189 4894 1295 4932 non
1321 4878 1543 4948 quidem
1593 4879 1867 4942 omnibus,
1890 4877 2000 4933 sed

429 4948 502 5005 iis
535 4948 736 5018 quibus
761 4947 994 5018 oportet,
1047 4947 1353 5018 explicari;
1402 4947 1607 5003 idcirco
1639 4949 1890 5008 Clemens
1923 4949 2002 5002 si-

428 5017 650 5087 gniﬁcat
678 5035 737 5074 se
765 5017 918 5098 hisce
938 5018 1088 5098 rsuis_
1115 5017 1171 5098 in
1211 5019 2000 5098 cortunentariisneascriptu-

428 5104 573 5162 runt,
604 5105 724 5162 quae
757 5088 1038 5162 veritatem
1075 5088 1163 5142 hic
1208 5098 1264 5162 et
1282 5089 1426 5162 illic,
1457 5098 1514 5158 ut
1546 5088 1784 5158 indignis
1815 5089 1999 5162 lateat,

432 5157 849 5215 disseniinatam
877 5160 1198 5215 contineant
1253 5159 1318 5209 ".
1382 5157 1507 5212 Haac
1557 5157 1740 5212 autem
1801 5159 2002 5213 veritas

429 5229 682 5300 quamvis
717 5243 823 5300 una
853 5231 944 5294 sit,
997 5229 1178 5300 varias
1211 5235 1416 5300 tamen,
1449 5230 1624 5297 inquit
1660 5230 1768 5300 ille,
1818 5228 2002 5300 multi-

428 5297 707 5369 plicesque
732 5299 893 5353 habet
949 5299 1267 5369 particulas,
1327 5297 1382 5351 in
1449 5300 1615 5353 variis
1648 5299 2002 5369 philosopho--

429 5368 549 5428 rum
607 5371 775 5425 sectis
833 5368 1144 5438 dispersas,
1203 5383 1322 5438 quae
1371 5379 1560 5422 omnes
1611 5385 1640 5422 a
1689 5368 2002 5424 Christiano

429 5440 650 5494 homine
701 5440 876 5493 ullum
915 5437 1057 5494 citra
1105 5437 1412 5508 periculum
1467 5438 1801 5507 possunt-in
1835 5453 2001 5491 unum

430 5510 614 5580 Colligi
641 5516 694 5580 et
718 5508 933 5580 referri.
1305 5578 1314 5580 _

504 5577 761 5651 Singulas
790 5579 992 5651 quippe
1040 5577 1164 5634 illas
1204 5578 1454 5634 veritatis
1483 5585 1687 5648 partes,
1737 5585 1844 5631 tam
1870 5591 2006 5647 vage

519 5737 562 5772 ιο
592 5752 643 5808 p_.
665 5736 792 5790 ξοδ.
871 5737 912 5768 υ
943 5715 998 5808 .5;
1024 5737 1151 5792 9.94.
1233 5738 1277 5770 ιο
1304 5736 1505 5808 p.295.
1572 5735 1628 5808 f’

451 5807 495 5836 "
528 5804 734 5883 μενοι·
812 5808 853 5839 ⁵⁷
889 5804 1103 5876 pisce,
1138 5808 1240 5864 505
1268 5804 1321 5864 ei
1351 5807 1472 5863 aut.
1545 5806 1588 5838 ιι
1623 5804 1678 5877 p:
1711 5807 1830 5869 5e5,
1909 5809 1952 5838 ιθ
1978 5823 2010 5876 ρ

1664 5752 1716 5806 p.
1749 5735 1875 5801 296,
1907 5735 2032 5790 297.

2104 4614 2226 4653 nem
2257 4595 2735 4652 consectabantur.
2761 4595 3014 4667 Denique
3037 4599 3178 4666 apud
3202 4595 3496 4667 Germanos
3516 4606 3644 4661 quab-

2103 4669 2226 4722 dam
2246 4669 2538 4741 _mu|ieres,
2597 4667 2799 4741 quibus
2853 4665 3044 4741 sacrm,
3075 4665 3249 4737 lepal,
3294 4682 3484 4721 nomen
3519 4667 3640 4741 eral.

2102 4754 2166 4792 ex
2239 4737 2525 4792 fluviorum
2588 4737 2887 4791 verticibus
2957 4736 3397 4806 fluenterumque
3460 4736 3638 4788 sonitu.

2101 4806 2358 4876 variaque
2387 4824 2577 4862 eorum
2599 4807 2923 4861 circuitione
2953 4817 3005 4862 et
3027 4807 3280 4860 anfractu
3312 4807 3489 4861 futura
3519 4813 3641 4872 pra:-

2101 4878 2446 4932 nuntiabant.

2172 4945 2311 5000 Tum
2345 4949 2552 5016 prolata
2583 4946 2779 5001 deinde
2803 4945 3073 5017 Philonis,
3121 4944 3438 5017 Pythagora!
3463 4949 3511 4997 et
3553 4937 3642 5015 Ble-

2143 5015 2386 5072 asthenis
2416 5017 2762 5081 auctoritate,
2795 5017 2984 5087 palam
3003 5015 3189 5087 utique
3220 5015 3350 5071 facit
3373 5015 3454 5068 his
3483 5025 3637 5087 omni.-

2143 5034 2386 5072 aswents
2416 5034 2762 5081 aucwrttate,
2795 5034 2970 5087 palam
3003 5034 3189 5085 uuquc
3220 5034 3350 5071 lacu
3375 5034 3454 5068 IIIS
3483 5034 3637 5087 0mm.-

2105 5034 2209 5142 ἕως
2251 5087 2408 5156 longe
2461 5088 2736 5157 antiquius
2789 5102 2912 5142 esse
2960 5085 3274 5157 Judazorum
3327 5098 3521 5157 genus,
3554 5093 3643 5149 prl-

2106 5152 2370 5227 mamqué
2414 5152 2678 5227 originem
2709 5152 2712 5153 ⁷
2745 5158 2989 5210 omnium
3059 5152 3375 5227 Graecarum
3431 5152 3637 5207 artium.

2104 5225 2542 5296 disciplinarum,
2575 5227 2878 5280 litterarum
2921 5234 2976 5281 et
3006 5226 3381 5286 scientiarum,
3412 5237 3538 5294 quas
3563 5231 3641 5271 ac-

2106 5307 2294 5350 curate
2346 5297 2774 5366 singillatimque
2829 5304 3098 5360 recenset,
3135 5297 3190 5349 in
3240 5297 3494 5350 barbaros
3534 5301 3642 5344 esse

2108 5365 2501 5421 refundenda’m
2532 5366 2596 5420 ⁸⁸.
2646 5365 2830 5436 Neque
2887 5368 3093 5434 patitur
3127 5367 3236 5420 sibi
3281 5366 3440 5435 objiei
3471 5370 3638 5436 vocum

2107 5438 2174 5492 iis
2207 5440 2531 5490 usitatarum
2554 5431 2860 5490 barbariem
2887 5431 2955 5491 3°.
2990 5436 3118 5490 Illos
3143 5431 3439 5506 quippe’de
3483 5431 3637 5506 factiS.

2109 5522 2271 5575 quam
2313 5508 2379 5577 de
2433 5507 2613 5577 verbis
2669 5508 2842 5577 magis
2892 5501 3176 5563 sollicitos
3216 5501 3382 5560 fuisse
3411 5501 3668 5559 continui»

2109 5576 2420 5646 respondet.
2450 5575 2654 5631 Dehinc
2684 5575 2846 5631 suum
2876 5578 3224 5648 prosequitur
3272 5580 3637 5648 argumentum.

2114 5729 2317 5786 “lCor.
2351 5749 2470 5796 vm,
2502 5734 2550 5786 l.
2633 5733 2677 5762 "'
2707 5749 2760 5802 p.
2795 5732 2923 5789 298.
3001 5735 3045 5768 ιδ
3077 5749 3130 5802 p.
3165 5732 3290 5788 299.
3386 5729 3427 5761 “
3455 5741 3486 5798 ι)
3529 5721 3637 5776 500-

2156 5732 2317 5786 'lCor.
2351 5749 2470 5796 vm,
2502 5734 2550 5786 l.
2633 5733 2677 5762 "'
2707 5749 2760 5802 p.
2795 5732 2923 5808 298.
3001 5735 3045 5768 ιδ
3077 5749 3130 5805 p.
3165 5732 3290 5788 299.

2156 5827 2162 5838 -
2225 5804 2346 5858 507.
2496 5806 2539 5834 ³ο
2583 5820 2612 5837 η
2669 5803 2771 5862 ευρ
2819 5804 2940 5866 seu.
