3846 6538
229 365 351 424 1005

1399 366 1492 424 DE
1523 368 1746 427 LlBRlS
1783 368 2233 428 STROMATUM.

3300 384 3435 441 1006

222 484 556 572 ostenditque
602 485 842 572 aliarum
862 489 1082 554 artium,
1104 486 1550 572 disciplinarum,
1571 491 1769 562 legum-
1795 501 1842 556 Α
1868 492 2244 572 cavillationes
2267 494 2467 572 muniri
2494 504 2655 566 atque
2684 495 2918 572 defendi.
2943 497 3285 572 Quapropter
3305 519 3432 560 vera

225 570 315 626 que
359 556 584 611 lationis
613 559 1008 612 ‘inventionem
1069 556 1276 614 eisdem
1310 561 1559 616 barbaris
1612 556 1768 617 acce-

223 633 353 701 ptam
374 626 743 701 referri._Sed_
788 629 910 682 illos
946 627 1127 701 Moyse
1150 631 1482 685 recentiores
1511 647 1634 687 esse
1665 632 1769 688 ibi-

223 698 327 750 dem
361 697 497 750 scite
527 697 929 752 animadvertit.

282 764 478 838 Contra
526 774 712 838 tamen
755 769 844 820 alii
896 767 1106 838 magnis
1156 767 1352 824 animis
1403 768 1762 838 insurgentes,

218 835 514 908 clamabant
549 835 674 908 :__Si
709 852 796 892 res
820 838 893 890 it—a
922 835 1226 908 se'habeat,
1258 835 1593 908 philosophia
1621 835 1765 896 furto

223 904 544 976 sublata-est.
576 905 740 974 Ergo,
790 907 1124 976 inqui-bant,
1181 904 1272 961 illa
1303 923 1401 963 nec
1447 904 1611 972 bona,
1667 926 1765 966 nec

221 975 354 1048 utilis
379 990 501 1029 esse
518 984 732 1048 potest,
765 975 950 1048 utpote
975 995 1094 1048 quae
1125 993 1154 1030 a
1177 977 1408 1040 furibus.
1442 995 1547 1032 non
1580 994 1610 1032 a
1631 978 1758 1045 Deo,

219 1045 360 1118 nobis
405 1044 615 1118 tradita
663 1044 852 1118 fuerit.
901 1044 1111 1113 Quibus
1162 1049 1450 1118 respondet
1488 1044 1758 1114 Clemens,

213 1114 429 1188 etiamsi
465 1113 611 1188 Deus
661 1115 764 1188 hoc
822 1116 1025 1171 furtum
1060 1133 1168 1171 non
1217 1113 1578 1188 prohibuerit.
1628 1119 1760 1175 illud

216 1192 380 1237 tamen
416 1183 471 1238 in
531 1185 812 1239 hominum
859 1188 1192 1242 convertisse
1217 1183 1423 1242 bonum
1468 1196 1520 1242 et
1555 1189 1765 1243 utilita~

211 1260 308 1328 tem
354 1256 422 1308 ".
481 1253 593 1328 Nec
639 1257 770 1310 sinit
824 1273 919 1311 eos
970 1258 1206 1328 amplius
1265 1273 1458 1328 urgere
1508 1261 1757 1314 eumdem

212 1321 490 1392 ipsummet
521 1324 714 1388 Deum,
750 1328 840 1395 qui
879 1321 1090 1399 ma_l_uui
1118 1343 1226 1399 non
1279 1321 1549 1397 pr'ohibet,
1589 1329 1758 1399 ipsius

208 1406 384 1469 revera
427 1410 558 1469 esse
603 1408 917 1469 auctorem._
949 1395 1127 1452 Variis
1170 1395 1439 1467 siquidem
1493 1395 1755 1469 exemplis

207 1465 353 1530 plane
403 1465 702 1529 convincit,
755 1481 863 1538 non
907 1467 960 1520 in
995 1484 1132 1538 eum
1183 1465 1400 1537 quidem
1451 1471 1543 1538 qui
1592 1465 1757 1526 libere

205 1543 441 1610 agentem
487 1550 595 1589 non
656 1537 926 1610 prohibet.
981 1539 1074 1591 sed
1122 1537 1177 1591 in
1238 1539 1390 1592 illum
1451 1537 1632 1609 potius
1662 1544 1752 1610 qui

202 1604 461 1723 prohibet,
492 1613 749 1674 tanquam
780 1608 830 1660 in
853 1622 1072 1660 causam
1104 1623 1263 1677 posse
1291 1604 1487 1662 malum
1518 1604 1750 1667 refundi.

226 1671 260 1723 ἰ
288 1690 413 1723 vero
438 1675 724 1723 diabolus.
762 1684 816 1723 et
861 1678 936 1723 uti
1003 1675 1229 1723 llm'mas
1280 1678 1332 1723 in
1380 1679 1597 1723 Pnslnre
1627 1683 1750 1723 geri.

226 1671 260 1724 it
288 1690 413 1728 vero
438 1671 725 1738 diabolus.
762 1684 816 1730 et
861 1678 938 1730 uti
1003 1671 1229 1732 lleiimas
1279 1678 1332 1731 in
1375 1679 1597 1733 Pastore
1626 1683 1753 1735 scri-

203 1743 318 1810 psit,
347 1747 839 1815 pseudopropheta:
890 1749 1241 1815 quantumvis
1266 1748 1413 1803 fures
1443 1757 1495 1804 et
1527 1753 1751 1806 menda-

200 1827 301 1874 ces,
348 1816 506 1870 falsis
545 1818 903 1870 nihilominus
956 1817 1116 1870 dictis
1169 1830 1222 1871 et
1277 1819 1576 1873 mendaciis
1620 1837 1747 1876 vera

199 1882 502 1953 aliquando,
554 1896 608 1940 et
665 1887 786 1941 aliis
830 1887 972 1940 haud
1030 1887 1259 1951 inutilia,
1306 1893 1468 1944 etiam
1501 1890 1747 1950 nolentes

199 1955 642 2031 penniscuerunt.
687 1956 925 2031 Denique
955 1972 1020 2012 ea
1068 1970 1151 2012 est
1180 1958 1270 2014 Dei
1330 1960 1518 2028 optimi
1566 1964 1750 2031 provi-

197 2023 390 2097 dentia,
423 2035 498 2097 ut"
517 2029 677 2081 malis
703 2023 982 2097 bene—ipse
1024 2036 1226 2082 utatur.

257 2094 411 2170 Apud
469 2096 705 2170 Graecos
743 2094 922 2170 itaque
953 2097 1324 2170 phil950phos,
1353 2097 1445 2168 qui
1497 2099 1652 2170 plura
1681 2117 1746 2158 ex

196 2159 423 2240 Hebraeis
447 2168 742 2240 prophetis
779 2159 1031 2236 dogmata
1063 2159 1228 2222 furati
1260 2159 1406 2231 suni,
1429 2159 1600 2238 eaque
1625 2184 1750 2240 post

195 2235 399 2308 modum
445 2237 607 2307 108
653 2241 734 2292 vel
766 2235 1149 2302 mutaverunt,
1189 2241 1269 2292 vel
1310 2235 1742 2308 interpolarunt,

192 2304 687 2379 adu_lteraruutque,
725 2317 902 2379 manet
928 2310 1090 2379 etiam
1129 2324 1273 2364 nunc
1293 2304 1521 2379 aliquod
1552 2304 1748 2368 divina:

193 2376 462 2452 sapientiae
494 2387 549 2430 et
575 2378 819 2432 veritatis
849 2378 1134 2452 vestigium
1165 2380 1241 2452 "._
1265 2376 1595 2452 Veri—autem
1629 2399 1748 2452 pro-

191 2443 673 2520 phetaefuresnon
706 2455 933 2520 possunt
959 2443 1108 2520 dici;
1151 2450 1243 2504 sed
1280 2451 1507 2520 gentiles
1535 2443 1744 2508 tanium

192 2515 261 2568 illi
293 2517 624 2588 philosophi,
655 2515 748 2588 qui
787 2519 1095 2588 arrogantia
1124 2527 1178 2574 et
1207 2515 1460 2588 superbia
1487 2522 1744 2578 obcaecati

189 2599 363 2660 verum
396 2586 567 2660 Deum
595 2586 1048 2660 ejusquedFilium
1079 2605 1186 2643 non
1209 2586 1558 2660 agnoverunt.
1589 2594 1743 2660 Quod

190 2655 394 2724 quidem
420 2657 558 2711 nulli
585 2655 764 2727 plane,
796 2658 898 2712 nisi
915 2674 1104 2713 eorum
1133 2655 1268 2713 vitiu
1282 2655 1741 2720 vertendumesse

188 2727 400 2794 pulchre
447 2728 703 2784 Clemens
745 2727 1002 2783 ostendit.
1035 2728 1171 2782 Cum
1209 2731 1353 2784 enim
1387 2729 1528 2785 Deus
1555 2748 1742 2791 omnes

187 2797 247 2848 ad
279 2796 482 2868 Christi
527 2797 691 2853 fidem
739 2807 793 2852 et
833 2799 1198 2868 cognitionem
1241 2804 1547 2864 vocaverit,
1582 2812 1635 2857 et
1671 2805 1740 2858 ad

186 2879 291 2919 eam
324 2867 692 2942 profitendam
726 2883 868 2942 saepe
910 2867 1110 2939 Samius
1153 2869 1507 2942 adhortetur,
1550 2882 1740 2942 potue-

184 2945 299 3009 runt
321 2940 508 3008 utique
539 2939 686 2992 illam
715 2941 935 3008 eligere,
964 2947 1017 2994 et
1047 2940 1320 3009 amplecti,
1354 2955 1417 2996 ac
1443 2939 1615 2998 sacris
1644 2943 1742 2998 ba-

184 3007 353 3078 ptismi
387 3007 552 3063 undis
586 3007 888 3078 regenerari
915 3009 983 3063 ⁵³.

245 3069 304 3129 Ει
348 3093 479 3132 vero
506 3079 576 3153 in
621 3069 955 3153 paganorum
989 3077 1145 3134 libris
1183 3093 1308 3133 vera
1344 3079 1585 3153 quaedem
1613 3081 1739 3153 dog-

183 3155 315 3223 mata
340 3149 602 3223 reperiri_
623 3149 1120 3223 rursum_Clemens
1147 3157 1334 3223 noster
1357 3149 1736 3223 p_robat,atque

181 3215 229 3291 id
250 3232 312 3271 ex
341 3215 526 3291 citatis
553 3219 623 3291 ab
647 3220 906 3291 Apostolo
929 3233 1119 3274 eorum
1149 3215 1509 3291 scriptoribus
1531 3215 1737 3291 plan-is-

183 3285 310 3340 sime
351 3290 633 3344 convincit
665 3285 730 3344 π.
751 3289 860 3344 Nos
907 3297 1090 3344 tamen
1141 3285 1284 3344 serio
1327 3285 1578 3346 admonet
1628 3309 1738 3349 non

181 3368 392 3430 omnem
431 3374 662 3430 prorsus
702 3359 1095 3429 philosophiam
1133 3360 1608 3414 indiscriminatim
1648 3364 1739 3417 ad-

179 3425 524 3498 mittendain,
570 3429 666 3484 sed
702 3425 834 3482 'eam
868 3425 1099 3498 tantum
1121 3468 1135 3492 ,
1185 3444 1337 3498 quae,
1373 3431 1533 3484 sicuti
1580 3430 1735 3488 Plato

178 3496 306 3570 scite
333 3499 587 3562 advertit,
620 3507 839 3568 pr0pter
866 3497 1102 3554 hominis
1132 3496 1356 3562 bonum,
1388 3499 1454 3553 ad
1477 3501 1732 3570 spiritua-

175 3563 240 3618 lia
285 3570 528 3643 animum
568 3563 818 3643 eicitans
865 3578 1026 3643 atque
1065 3585 1347 3643 exercens,
1383 3563 1530 3643 recte
1580 3587 1736 3643 argu-

173 3645 457 3704 mentatur.
493 3640 859 3704 Quamobrem
905 3639 996 3692 illa
1033 3639 1148 3694 sive
1187 3655 1340 3703 casu,
1387 3641 1502 3694 sive
1536 3639 1733 3699 arte'et

174 3702 437 3762 industria
457 3749 473 3772 ,
511 3702 606 3763 aut
637 3709 1102 3778 quocunquealio
1131 3709 1293 3763 modo
1320 3702 1601 3766 veritatem
1644 3727 1733 3768 as-

173 3787 351 3830 secuta
399 3794 524 3833 esse
568 3777 805 3840 dicatur,
857 3777 990 3832 illud
1022 3779 1236 3849 divinae
1271 3779 1624 3849 providentia:
1678 3797 1733 3839 et

172 3851 480 3924 meouomize
507 3849 891 3924 ascribendum
912 3858 1004 3924 _e_st
1019 3848 1101 3924 "L
1117 3848 1226 3924 Nec
1245 3848 1331 3924 est
1354 3854 1560 3922 utique,
1584 3855 1731 3924 quod

170 3917 287 3982 quis
314 3919 538 3994 objiciat
566 3933 612 3994 ~_a
657 3918 996 3994 philosophis
1032 3918 1198 3994 nihil,
1232 3923 1336 3978 nisi
1378 3941 1397 3974 ε
1434 3917 1528 3992 per
1563 3917 1732 3994 appa-

165 3995 365 4041 rentem
379 3990 626 4059 veritatis
656 3989 892 4059 speciem
923 4009 940 4040 i
964 3990 1243 4048 traditum.
1277 3989 1526 4059 Quaudiu
1555 3989 1730 4048 enim-

164 4070 284 4110 vero
318 4059 372 4111 in
395 4061 498 4132 hac
521 4058 773 4132 degimus
803 4058 952 4132 vita,
976 4061 1165 4124 Deum,
1201 4065 1274 4118 uti
1307 4058 1384 4116 ait
1407 4063 1724 4132 Apostolus,

162 4139 260 4201 per
281 4130 562 4201 speculum
593 4129 889 4195 cemimus,
924 4131 1072 4201 illum
1109 4143 1231 4200 pOSt
1261 4129 1487 4187 mortem
1517 4141 1727 4187 tantum

163 4197 409 4256 facie'ad
463 4203 658 4256 faciem
690 4201 881 4256 visuri.
921 4197 1161 4270 Denique
1190 4202 1439 4258 Clemens
1471 4202 1612 4256 haud
1643 4205 1719 4256 in-

160 4272 292 4342 scite
320 4272 520 4342 ibidem
541 4272 924 4324 animadvertit
945 4280 1191 4326 errantes
1209 4273 1561 4342 philosophos
1581 4284 1727 4327 recte

158 4338 222 4411 ab
248 4341 438 4396 eodem
480 4342 743 4411 Apostolo
779 4356 903 4394 cum
937 4343 1142 4396 nostris
1170 4338 1475 4411 comparari
1520 4344 1728 4397 hzereti-

156 4410 254 4468 cis.
290 4413 382 4480 qui
417 4410 544 4467 Deo’
572 4411 854 4473 derelicto,
893 4421 945 4464 et
974 4413 1040 4465 ab
1081 4427 1145 4466 eo
1184 4410 1460 4475 derelicti,
1493 4421 1726 4481 pascunt

153 4488 343 4535 ventos
369 4521 386 4546 ,
419 4482 698 4551 variisque
733 4481 1013 4551 erroribus
1057 4481 1274 4546 irretiti,
1313 4500 1332 4532 ι
1369 4497 1564 4550 aquam
1605 4485 1724 4537 sine

153 4565 290 4618 aqua
331 4571 350 4602 ›
387 4552 443 4606 in
466 4550 816 4606 eucharistize
844 4559 898 4606 et
923 4550 1178 4620 baptismi
1207 4560 1550 4607 sacramento
1574 4566 1718 4621 quaa-
1754 4565 1799 4620 ι)

149 4629 274 4672 runt
297 4623 365 4675 ".

214 4693 486 4746 Caeterum
517 4693 737 4747 tametsi
769 4694 824 4748 in
848 4693 1048 4760 Graeca
1089 4691 1437 4762 philosophia?
1469 4693 1717 4762 quzedam

147 4764 362 4815 veritati
387 4765 610 4818 omnino
639 4778 882 4819 consona
904 4761 1219 4826 occurrant,
1251 4778 1359 4817 non
1390 4761 1511 4817 ideo
1537 4771 1716 4818 tamen

145 4833 258 4901 ipsa
281 4834 403 4893 sola
429 4835 636 4887 sufficit
669 4835 732 4887 ⁸⁷.
766 4834 900 4887 Nam
933 4833 1097 4888 uniu‘s
1117 4831 1469 4901 ejusdemque
1490 4834 1716 4888 effectus

143 4918 265 4956 cum
295 4905 488 4972 plures
520 4918 664 4971 saepe
693 4904 803 4957 sint
827 4920 1026 4967 causae,
1057 4904 1175 4972 ipsa
1207 4903 1546 4971 philosophia
1579 4906 1718 4958 veri-

142 4974 288 5034 tatis,
319 4989 446 5042 qua:
489 4974 787 5042 aliquando
816 4976 936 5028 sine
965 4975 1056 5027 illa
1095 4988 1190 5042 per
1226 4972 1383 5025 fidem
1430 4975 1716 5042 solumque

140 5042 456 5096 DeiFilium
509 5044 808 5108 invenitur,
859 5045 930 5097 ab
988 5042 1299 5097 hominibus
1341 5045 1718 5110 comparandae

137 5128 304 5166 causa
341 5122 556 5168 tantum
587 5113 823 5180 adjutrix
841 5122 894 5167 et
919 5113 1233 5182 imperfecta
1262 5111 1369 5166 dici
1391 5120 1586 5181 potest.
1614 5113 1717 5168 Ne-

136 5198 238 5253 que
266 5184 421 5238 enim
457 5185 565 5237 alio
588 5184 678 5253 illa
709 5183 866 5253 modo
887 5199 1049 5253 quam
1073 5183 1339 5251 incipiens
1368 5192 1421 5236 et
1451 5184 1716 5237 iuchoans

131 5251 371 5320 justitize
397 5268 566 5308 causa
595 5252 697 5305 fuit
719 5251 784 5306 ⁸⁸.
819 5253 874 5306 Si
903 5251 995 5320 qui
1029 5267 1193 5321 porro
1221 5253 1481 5320 objiciant
1511 5253 1708 5306 doctri-

133 5340 258 5378 nam
295 5323 507 5378 Christi
553 5337 676 5376 esse
723 5323 1174 5390 perfectissimam
1224 5322 1536 5390 nulliusque
1573 5323 1715 5375 indi-

132 5411 257 5462 gere
307 5410 415 5463 ope
445 5394 526 5447 vel
561 5392 788 5463 auxilio,
832 5406 1153 5461 responsum
1183 5408 1223 5463 ra
1256 5392 1530 5446 Clemente
1565 5392 1713 5445 ilhco

131 5461 411 5534 accipient
444 5465 592 5516 illam
624 5477 656 5514 a
709 5461 896 5516 Greeca
928 5462 1270 5534 philosophia
1300 5477 1407 5515 non
1444 5463 1557 5515 fieri
1589 5463 1712 5530 qui-

129 5532 710 5606 dem'perfecuorem;
738 5535 834 5587 sed
877 5543 1070 5587 contra
1093 5532 1311 5587 dolosas
1343 5535 1708 5601 sophistarum

736 5755 781 5786 ιι
812 5770 864 5823 ρ.
904 5753 1028 5818 312,
1068 5754 1190 5809 διδ.

720 5828 762 5856 ⁵ο
802 5845 854 5895 p.
884 5827 988 5878 52.3
1021 5834 1074 5879 et
1106 5841 1216 5894 seq.

194 5761 243 5795 οι
272 5777 330 5830 ρ.
371 5757 656 5824 310,3“.
725 5755 781 5830 ξ’
812 5753 1028 5830 p.351},
1068 5754 1190 5809 διδ.
1273 5753 1405 5830 ep.
1432 5753 1556 5830 sit.

127 5831 169 5861 "
201 5851 254 5902 p.
291 5831 406 5886 5:30
437 5841 491 5885 et
519 5845 638 5896 seq.

1634 5751 1676 5784 ιε
1713 5769 1762 5821 ρ.
1797 5750 1921 5805 515.

1303 5827 1341 5855 ει
1387 5842 1437 5895 ρ.
1480 5824 1600 5877 350.
1679 5823 1722 5855 επ
1750 5841 1802 5893 p.
1840 5823 1960 5875 351.

1871 562 1993 617 fidei
2021 563 2270 638 doctrina
2303 562 2743 638 tanquamjpanis
2772 583 2856 629 ea.
2887 562 3006 638 quae
3045 562 3109 624 ad
3144 562 3430 627 vivendum

1869 634 2180 711 necessaria
2204 641 2352 711 sunt.
2380 636 2714 711 suppeditat;
2745 634 2941 711 veritas
2971 649 3153 711 autem
3187 641 3431 711 philoso-

1867 703 2049 775 phica.
2076 702 2324 775 bellariis
2340 713 2393 758 et
2417 705 2663 772 opsoniis
2690 707 2834 761 haud
2866 709 3153 775 absimilis,
3184 702 3304 766 eam
3335 728 3428 768 an-

1870 772 2065 827 tecedit
2095 780 2148 826 et
2177 773 2443 828 suavitate
2465 789 2564 828 sua
2597 775 2835 830 animum
2865 772 3154 835 demulcet.

1937 860 2089 940 lianc
2121 870 2300 916 autem
2322 879 2419 918 sua
2443 863 2775 940 ahullebiaeis
2802 866 3054 940 dogmata
3083 870 3429 940 subripuisse

1866 946 1927 984 se
1964 933 2460 1011 demonstraturum
2503 935 2752 1011 Clemens
2792 933 3114 1011 pollicetur_,_
3141 933 3428 1011 postquam

1864 1003 2167 1080 ealifoysis
2197 1012 2354 1058 aetate
2383 1006 2682 1080 ostenderit
2723 1003 3039 1080 earumdem
3072 1003 3428 1066 Hebrzeorum

1865 1072 2259 1141 philosophiam
2301 1075 2494 1142 quavis
2527 1075 2632 1126 alia
2668 1090 2789 1130 esse
2831 1072 3179 1132 vetusiitirein
3213 1081 3280 1136 ⁵⁸.
3312 1081 3415 1136 Pri-

1861 1156 2012 1219 mum
2041 1143 2507 1219 itaqueobservat
2534 1146 2600 1198 de
2626 1145 2726 1199 hac
2758 1144 2960 1219 Moysis
3000 1149 3326 1219 antiquitate
3359 1153 3428 1206 ab

1864 1207 2092 1284 Tatiano
2120 1207 2192 1284 et
2229 1213 2492 1268 Cassiano
2531 1223 2787 1270 accurate
2818 1207 3175 1284 disputatum.
3217 1218 3324 1276 Sed
3373 1223 3426 1276 id

1862 1295 1960 1346 pro
1986 1282 2168 1362 officio
2196 1297 2298 1362 suo
2331 1291 2388 1362 ut
2417 1285 2620 1362 clarius
2657 1282 2968 1362 patefaciat.
2995 1289 3246 1344 eumdem
3280 1292 3428 1362 Moy-

1860 1353 2244 1430 sem_ethnicis
2279 1355 2638 1430 scriptoribus
2683 1357 3034 1430 vetustior-em
3070 1374 3194 1414 esse
3237 1353 3428 1430 probat

1857 1421 2076 1504 ex'aliis
2105 1424 2439 1504 auctoribus,
2469 1425 2560 1492 qui
2584 1440 2693 1492 quo
2721 1427 2892 1504 magis
2918 1421 3264 1504 Hebraaoruiii
3277 1432 3426 1504 genti

1857 1488 2053 1544 infensi
2081 1500 2138 1545 et
2166 1493 2371 1546 inimici
2401 1488 2639 1556 fuerunt,
2671 1509 2736 1548 eo
2758 1488 2939 1548 minus
2971 1495 3102 1551 fides
3131 1498 3238 1552 illis
3258 1488 3422 1553 dgeru-

1856 1562 1970 1635 gari
1995 1570 2224 1635 poterat.
2255 1561 2329 1615 Ex
2357 1563 2426 1635 iis
2456 1564 2619 1632 igitur
2645 1566 2863 1632 planum
2900 1567 3027 1619 facit
3054 1577 3187 1635 quot
3207 1569 3276 1621 ab
3301 1567 3422 1622 lua-

1856 1577 1970 1627 garl
1991 1577 2224 1683 Kmerat.
2255 1577 2329 1615 nx
2357 1579 2424 1616 IIS
2456 1577 2619 1632 igitur
2645 1577 2863 1632 planum
2900 1577 3027 1619 tacrt
3054 1577 3187 1635 quot
3207 1577 3276 1621 ab
3301 1577 3411 1622 lua-

1853 1630 1957 1708 cho
2043 1632 2318 1708 rgivorum
2351 1634 2525 1708 primo
2547 1649 2700 1708 rege,
2727 1643 2778 1688 et
2806 1649 2836 1686 a
2864 1636 3041 1703 primo
3064 1638 3215 1706 regni
3244 1637 3411 1708 Assy-

1854 1701 2058 1754 riorum
2117 1701 2363 1756 exordio
2412 1701 2480 1755 ad
2547 1701 3074 1772 Trojanum‘usque
3127 1701 3413 1762 'excidiu'm

1853 1772 2226 1839 generationes
2259 1781 2630 1834 numerentur,
2677 1773 2808 1842 quid
2843 1772 2910 1826 de
2950 1774 3140 1841 primis
3183 1777 3412 1830 aliarum

1781 1853 1820 1907 Β
1849 1843 2087 1910 gentium
2113 1843 2351 1912 regibus,
2376 1842 2442 1896 de
2468 1857 2798 1916 paganorum
2822 1842 2948 1916 diis,
2973 1846 3242 1914 clarisque
3269 1849 3413 1916 apud

1847 1927 1943 1965 eos
1970 1926 2076 1984 per
2095 1927 2157 1968 ea
2181 1921 2424 1982 tempora
2452 1914 2605 1984 viris,
2630 1913 2993 1984 scriptoribus
3053 1913 3215 1984 atque
3247 1913 3412 1970 etiam

1849 1983 2169 2055 mulieribus
2215 1985 2472 2055 traditum
2523 1983 2615 2038 sit.
2668 1982 2916 2055 Moysem
2957 1982 3168 2055 itaque,
3224 1993 3414 2055 utpote

1847 2053 1940 2120 qui
1996 2050 2216 2113 Inacho,
2268 2054 2510 2105 omnium
2568 2050 2884 2122 antiquiori,
2949 2050 3111 2108 fuerit
3171 2050 3410 2120 coaevus,

1847 2124 2060 2243 caeltleris
2093 2123 2347 2178 omnibus
2376 2123 2733 2194 scriptoribus
2750 2129 2912 2177 aetate
2930 2127 3267 2194 superiorem
3289 2141 3413 2183 esse

1847 2205 1912 2243 co
1957 2199 2070 2243 ιιιιι.

1845 2193 2070 2261 colligit.

1920 2280 2375 2355 Data_autem__de
2420 2281 2597 2355 primo
2630 2282 2725 2336 illo
2758 2282 3010 2338 Hebraici
3055 2285 3238 2355 populi
3271 2284 3412 2341 duce

1845 2357 1900 2405 et
1927 2352 2231 2420 legislature
2261 2350 2475 2406 dicendi
2511 2357 2799 2408 occasione
2820 2393 2835 2413 .
2874 2350 3090 2410 brevem
3124 2350 3412 2410 successo-

1845 2435 1967 2475 rum
1999 2422 2141 2491 ejus,
2174 2432 2336 2491 atque
2364 2422 2607 2490 ejusdem
2638 2427 2813 2492 gentis
2843 2441 2966 2477 cum
2997 2425 3263 2493 judicum,
3296 2439 3409 2480 tum

1845 2505 2036 2561 regum
2085 2493 2492 2562 chronologiam
2538 2495 2780 2547 omnium
2831 2495 3054 2560 subjicit
3103 2497 3314 2558 oculis,
3355 2504 3412 2550 et

1845 2576 2154 2625 sacrorum,
2189 2562 2280 2632 qui
2317 2579 2410 2632 per
2441 2576 2504 2616 ea
2538 2571 2782 2634 tem-pora
2816 2562 3136 2627 ﬂoruerunt,
3176 2567 3411 2634 prophe-

1845 2638 2022 2685 tarum
2045 2641 2254 2702 aetatem
2273 2633 2555 2702 consignat
2576 2633 2639 2685 °°.
2668 2632 2743 2687 lbi
2764 2643 2944 2687 autem
2960 2632 3214 2690 observat
3230 2632 3404 2698 Ilium,

1844 2711 2103 2771 regnante
2137 2701 2456 2767 Salomone,
2487 2703 2728 2757 excisum
2761 2703 2930 2758 fuisse
2965 2713 3020 2758 et
3047 2706 3306 2768 dirutum,
3344 2720 3411 2761 ac

1843 2773 2028 2845 varias
2075 2771 2407 2845 deﬂorueri
2457 2780 2614 2826 aetate
2661 2774 3029 2845 antiquiorum
3075 2777 3406 2845 scriptorum

1911 2841 2048 2912 ofert
2084 2842 2368 2912 opiniones
2401 2851 2453 2895 et
2498 2841 3099 2912 senten-tiaslibenique
3126 2841 3406 2898 Christum

1889 2911 2137 2964 ominum
2180 2920 2298 2982 post
2333 2913 2724 2982 praenuntiatas
2758 2927 2787 2964 a
2832 2911 3051 2966 Daniel’e
3083 2929 3232 2968 Luu
3270 2916 3406 2968 beh-

1841 2981 2101 3036 domades
2134 2981 2406 3035 huminem
2445 2981 2645 3046 factum
2679 2997 2800 3036 esse
2830 2983 3071 3036 ostendit
3099 2985 3161 3039 °'.
3197 2984 3404 3038 Dehinc

1840 3067 1980 3122 vero,
2008 3061 2194 3122 postea
2227 3065 2388 3122 quam
2424 3049 2805 3121 Babylonicam
2843 3053 3209 3122 captivitatem
3245 3056 3313 3106 ab
3348 3069 3403 3108 xi

1838 3119 2082 3192 Joachim
2112 3119 2256 3192 regis
2281 3119 2442 3192 Juda,
2476 3119 2550 3174 ad
2578 3123 2873 3176 secundum
2906 3119 3051 3176 Darii
3089 3123 3402 3186 Persarum,

1763 3202 1806 3257 ο
1839 3189 2193 3262 Assyriorum
2231 3198 2285 3245 et
2328 3189 2705 3260 Egyptiorum
2751 3192 2894 3260 regis
2933 3206 3136 3246 annum
3172 3194 3404 3248 durasse

1839 3260 2271 3333 aniiiiadvertit_._
2295 3271 2406 3333 tum
2444 3262 2704 3333 continuo
2733 3262 3173 3333 chronologicam
3208 3279 3399 3333 regum

1836 3329 2128 3385 Persarum
2155 3329 2578 3384 etMacedouum
2603 3331 2798 3385 seriem
2828 3331 2982 3386 nobis
3002 3329 3218 3388 exhibet
3231 3329 3296 3388 “1
3323 3333 3402 3388 Ex

1836 3402 2034 3472 quibus
2065 3401 2152 3472 ille
2191 3401 2469 3472 concludit
2499 3404 2750 3472 Aggzeum
2780 3409 2844 3472 Aet
2875 3400 3194 3456 Zachariam
3224 3443 3239 3465 ,
3275 3404 3404 3458 ulti-

1834 3469 1953 3526 mos
1974 3470 2281 3525 Judaaorum
2307 3469 2621 3541 prophetas,
2648 3471 2740 3540 qui
2766 3469 3082 3541 Olympiade
3110 3488 3276 3527 XLVIII
3307 3489 3401 3526 va-

1836 3543 2227 3612 ticinabantur,
2257 3550 2383 3595 ante
2412 3542 2753 3612 Pythagorae,
2785 3543 2876 3611 qui
2909 3542 3224 3612 Olympiade
3251 3559 3361 3597 uti
3382 3583 3398 3606 ,

1833 3621 1887 3666 et
1914 3611 2157 3666 Thaletis
2190 3611 2504 3682 Graecorum
2542 3612 2856 3682 sapientum
2877 3611 3268 3682 antiquissimi,
3303 3615 3399 3682 qui

1834 3683 1980 3736 circa
2011 3683 2383 3752 Olympiadem
2412 3695 2442 3734 ι
2477 3679 2691 3753 floruit,
2723 3679 3293 3753 exstitisse—tempora.
3321 3679 3398 3737 Hi

1834 3753 2018 3822 itaque
2052 3752 2358 3822 philosOphi
2393 3761 2446 3805 et
2484 3752 2756 3819 sapientes
2782 3792 2796 3816 ,
2839 3752 2918 3804 uti
2963 3752 3232 3822 Clemens"
3262 3768 3398 3808 cou-

1833 3821 2002 3877 cludit
2033 3824 2098 3887 ⁶³,
2131 3821 2286 3893 longe
2312 3823 2800 3893 recentioressunt
2830 3836 2940 3893 non
2971 3821 3391 3893 solumdMoyse,

1831 3893 1924 3948 sed
1957 3893 2120 3948 etiam
2150 3890 2459 3954 Salomone,
2491 3892 2584 3960 qui
2618 3890 2864 3952 Menelai,
2900 3892 3002 3944 hoc
3028 3901 3112 3945 est
3138 3890 3396 3961 Trojanis

1830 3963 2192 4030 temporibus,
2215 3962 2421 4016 Judazis
2451 3961 2773 4030 imperabat,
2806 3969 2860 4014 et
2889 3961 3048 4030 gujus
3077 3961 3146 4014 ad
3180 3960 3395 4017 Va’frem

1828 4029 2008 4102 regem
2054 4032 2271 4102 IEgypti
2299 4071 2314 4095 ,
2354 4040 2408 4085 et
2451 4029 2543 4084 adi
2566 4031 2860 4102 Phoenicia:
2893 4029 3178 4102 Tyriorum
3215 4047 3395 4100 regem

1826 4101 2459 4171 epistolas,'hormnque
2489 4102 2559 4154 ad
2603 4101 2752 4152 illum
2799 4115 3058 4168 responsa
3091 4101 3400 4171 Alexander

1826 4169 2136 4242 Polyhistor
2165 4169 2560 4226 retulithirca
2604 4171 2850 4242 eamdem
2897 4185 3177 4242 quoquedt.
3213 4169 3397 4242 Olym-

1827 4238 2038 4310 piadem
2071 4242 2202 4294 vixit
2229 4242 2611 4310 Onomacritos
2641 4238 3210 4310 Atheniensis,cujus
3237 4238 3392 4303 sane,

1825 4309 1911 4366 vel
1945 4313 2174 4381 aliorum
2211 4309 2570 4381 quorumdam
2608 4309 2908 4362 creduntur
2938 4325 3062 4381 esse
3103 4320 3352 4378 poemata
3377 4350 3393 4371 .

1825 4397 1945 4451 quae
1978 4376 2207 4451 Orpheo
2229 4376 2289 4436 et
2319 4380 2516 4434 Musaeo
2544 4381 2780 4451 ascripta
2809 4385 2954 4431 sunt.
2997 4376 3267 4448 Amphion
3298 4395 3395 4434 au-

1827 4449 1935 4507 tem
1977 4449 2112 4506 vixit
2143 4451 2356 4505 duabus
2395 4459 2520 4503 ante
2550 4449 2710 4502 Iliaca
2745 4458 2987 4516 tempora
3029 4451 3398 4517 generationi-

1829 4524 1928 4592 bus
1954 4564 1970 4589 ,
2019 4531 2074 4576 et
2129 4522 2287 4592 longe
2346 4527 2535 4590 postea
2593 4518 2896 4574 floruerunt
2943 4517 3291 4575 Demodocus
3340 4531 3395 4576 et

1824 4591 2097 4647 Phemius.

1893 4684 2088 4739 Postea
2112 4683 2361 4739 Clemens
2384 4697 2445 4736 ea
2471 4681 2740 4752 proponit,
2773 4695 2892 4750 qua:
2913 4680 2980 4735 de
3012 4681 3240 4735 aliorum
3272 4696 3392 4735 cum

1825 4765 2106 4825 poetarum
2153 4763 2266 4808 tum
2313 4763 2494 4807 vatum
2543 4752 2998 4825 fatidicorumque
3053 4752 3393 4825 temporibus

1826 4819 2102 4880 memoria:
2125 4826 2334 4893 prodita
2355 4831 2651 4876 occurrunt
2674 4821 2739 4875 ει.
2766 4824 2832 4873 At
2853 4819 2950 4874 hos
2973 4837 3162 4874 omnes
3187 4837 3213 4873 a
3236 4819 3358 4873 Scri
3381 4851 3392 4860 ο

1823 4905 1980 4965 ptura
2007 4898 2244 4965 latrones
2274 4895 2552 4965 appellari,
2586 4895 2829 4961 aliosque
2854 4893 2936 4965 vel
2966 4907 3147 4965 rerum
3172 4897 3395 4965 natura-3

1823 4955 1956 5020 lium
1986 4955 2401 5029 observatione,
2437 4964 2517 5016 vel
2540 4955 2582 5016 Va
2616 4955 2953 5015 daemonibus
2986 4961 3271 5019 incitatos,
3306 4960 3390 5011 vel

1821 5052 1983 5105 aqua,
2011 5034 2214 5105 sonitu,
2245 5034 2456 5088 aerisve
2485 5029 3393 5105 quadanrqu:ilitate_perturbatos

1821 5097 2005 5160 futura
2047 5104 2364 5174 praedixisse
2388 5097 2669 5174 asseverat
2698 5097 2982 5174 “ig—Apud
2993 5097 3250 5174 Hebraeos
3293 5114 3392 5151 au-

1821 5184 1928 5230 tem
1965 5166 2182 5229 fuerunt
2211 5174 2321 5227 veri
2348 5171 2638 5240 divinoque
2672 5166 2866 5240 spiritu
2898 5166 3059 5240 adlati
3093 5167 3390 5240 prophetae;

1819 5255 1872 5314 et
1906 5248 2077 5314 primo
2098 5243 2316 5313 quidem
2337 5249 2477 5314 ante
2505 5237 2673 5309 legem
2702 5237 2898 5314 Adam,
2922 5237 3060 5314 Noe,
3083 5238 3389 5314 Abraham,

1822 5305 1971 5369 Isaac
2000 5322 2052 5370 et
2083 5305 2291 5377 Jacob;
2319 5311 2515 5365 deinde
2542 5305 2701 5372 uero,
2735 5311 2840 5362 lata
2877 5309 2990 5377 lege
3016 5347 3030 5368 ,
3054 5307 3060 5314 '
3083 5305 3296 5377 Moyses
3332 5317 3388 5360 et

1819 5387 1935 5450 alii,
1967 5386 2060 5454 qui
2090 5385 2163 5438 ab
2187 5391 2409 5436 auctore
2438 5387 2625 5434 nostro
2656 5378 2969 5454 nominibus
2988 5377 3116 5454 suis
3148 5377 3391 5454 singula-

1821 5445 2317 5524 tim'appellaniur;
2352 5465 2452 5505 nec
2477 5458 2668 5524 nonet
2700 5449 2955 5524 mulieres
2987 5446 3143 5524 S_ara,
3179 5445 3389 5524 Rebec-

1818 5541 1880 5580 ca
1907 5567 1921 5590 ,
1957 5514 2124 5579 Maria
2146 5564 2162 5589 ,
2205 5514 2413 5578 Debora
2453 5530 2507 5574 et
2541 5517 2698 5573 Olda.
2731 5517 2973 5587 Denique
3001 5514 3239 5571 Joannes
3284 5515 3390 5569 Bav

2448 5760 2496 5812 p.
2526 5741 2648 5794 317.
2722 5740 2773 5812 κ”ξ

2568 5741 2648 5794 17.
2731 5740 2860 5863 ⁸⁷1).
2897 5737 3021 5793 318.
3099 5735 3149 5768 ⁵⁸
3259 5733 3387 5792 519.

2561 5812 2690 5864 3235.
2719 5810 2788 5864 33
2830 5851 2842 5862 .
2924 5810 2966 5840 “
3006 5825 3057 5864 υ.
3091 5807 3220 5863 3'50.

2414 5817 2456 5843 εδ
2489 5830 2538 5882 p.
2561 5817 2690 5876 355,
2719 5817 2842 5864 554.

2005 5750 2051 5780 ⁵⁸
2081 5765 2130 5817 ρ.
2165 5745 2288 5800 516.
2370 5743 2414 5775 ³⁸

2924 5810 2966 5840 ⁵⁵
3004 5825 3057 5878 ρ.
3091 5807 3220 5863 3'55.

2031 5815 2095 5893 .‘5
2121 5837 2171 5888 p.
2213 5815 2334 5870 353.
