3846 6524
607 364 630 419 1
642 363 742 420 027

1270 356 1336 412 IN
1376 356 1797 414 CLEMENTEM
1836 353 2042 411 ALEX.
2088 353 2148 410 D.
2187 351 2271 408 LE
2310 351 2592 410 NOURRY
2635 353 3090 413 DlSSERTATlO
3130 355 3193 412 11.

3665 363 3763 423 1028

605 474 1356 550 mysteria,_quandoquidem
1402 484 1524 550 tum
1569 475 1771 538 anima,
1829 491 1860 529 a
1914 475 2164 550 sensibus
2194 483 2239 536 Α
2267 473 2313 550 si
2340 473 2453 528 haec
2481 473 2686 550 virtute
2711 471 3510 550 domueritkﬁtimmutabilis;
3542 482 3679 550 atque
3702 480 3762 534 id.

604 545 830 618 prorsus
859 545 1130 603 abstracta
1157 545 1210 618 et
1241 546 1307 600 ad
1340 548 1574 618 seipsam
1606 560 1912 618 conversa,_
1931 545 2167 618 pruden-

605 614 694 688 tiae
723 618 893 688 magis
921 624 1004 672 est
1036 617 1330 688 particeps.
1366 614 1438 670 De
1470 623 1642 688 morte
1687 614 2076 688 autem_idemh
2102 631 2166 670 ac

602 686 672 743 de
701 682 892 743 somho
913 682 1219 742 dicendum.
1249 682 1397 741 Mors
1431 687 1650 755 quippe,
1686 693 1820 739 teste
1870 682 2162 755 Heraclito,

603 760 798 812 animae
841 759 1155 813 abscessum
1209 757 1401 827 magis,
1435 754 1659 810 somnus
1679 769 1827 827 _v_e_ro
1859 754 2040 827 minus
2074 755 2164 827 Asi-

603 827 822 898 gniﬁcat
848 828 914 881 ⁸⁸.
962 822 1323 898 (ὶιιεψι-οιηρι·⁷
1345 827 1636 894 Apostolus
1678 822 2003 898 Filium_De_i
2034 825 2165 879 alle-

601 893 786 968 gorice
831 899 973 968 diem
1008 906 1061 952 et
1084 893 1289 959 lucem,
1329 893 1680 968 et’prazcepta
1708 893 2031 968 aArma_lucis
2064 908 2162 968 ap-

601 962 856 1051 pellavit:
881 966 1059 1051 Simili
1101 983 1316 1051 quoqne
1333 1037 1345 1048 θ
1363 962 1685 1051 metaphora
1704 962 1990 1051 ‘hom'inejs!
2015 965 2160 1051 ‘olini

596 1033 934 1108 iubebantur
991 1038 1059 1092 ad
1118 1033 1391 1108 sacriﬁcia
1438 1033 1727 1108 et'preces
1783 1033 2052 1108 splendidi
2096 1049 2161 1087 ac

601 1103 787 1162 inundi
819 1107 1092 1170 accedere,
1118 1121 1339 1174 mosque
1367 1103 1672 1158 Iudaeorum
1704 1110 1822 1158 erat
1855 1105 1992 1174 utin
2022 1104 2159 1158 lecto

602 1193 745 1246 sa=pe
805 1179 1172 1232 abluerentur.
1217 1172 1411 1228 V'erum
1449 1174 1684 1244 perfecta
1719 1172 2011 1227 mundities
2051 1189 2159 1246 non

601 1243 848 1317 corporis
874 1257 978 1307 est,
1008 1248 1099 1302 sed
1136 1247 1352 1307 mentis,
1389 1245 1637 1317 videlicet
1662 1258 1908 1317 operum,
1947 1243 2154 1317 cogita-

597 1313 806 1370 tionum
834 1326 886 1373 et
917 1331 1260 1378 sermonum;
1294 1316 1366 1366 ita
1399 1324 1458 1367 ut
1489 1316 1652 1367 etiam
1688 1315 1741 1366 in
1786 1313 1992 1367 somnis
2025 1314 2095 1367 sit
2126 1326 2156 1365 a

564 1381 820 1456 'peccato
851 1387 1113 1440 vacuitas.
1148 1385 1428 1439 Suﬁiciens
1458 1400 1587 1438 vero
1604 1383 1852 1453 purgatio
1867 1388 1920 1436 et
1944 1382 2156 1456 peccati

597 1451 821 1526 admissi
861 1456 1177 1526 pmnitentia
1223 1471 1285 1508 ea
1341 1465 1445 1515 est,
1497 1451 1864 1526 qua—mentem
1891 1467 1920 1504 a
1949 1451 2156 1526 "priori-

599 1526 701 1579 bus
733 1522 949 1580 delictis
969 1534 1021 1579 et
1055 1526 1122 1578 ab
1159 1525 1225 1579 iis
1251 1539 1370 1593 quae
1399 1522 1594 1578 sensus
1618 1522 1887 1577 delectant
1937 1523 2154 1590 penitus

596 1596 908 1650 avertimus.
945 1595 1096 1660 Quod
1129 1595 1342 1664 quidem
1377 1593 1496 1662 ipsa
1528 1593 1813 1646 conﬁrmat
1845 1594 2152 1662 ἐπιστήμης

594 1675 649 1735 et
683 1665 916 1735 πίστεως
940 1665 1282 1735 etymologia,
1314 1679 1434 1735 quae
1466 1679 1538 1735 ett
1577 1664 1810 1735 statione
1867 1668 1920 1714 et
1971 1665 2154 1735 quiete

592 1733 812 1789 dicitur.
864 1732 1345 1790 Verumenimvero’
1383 1734 1474 1786 illa
1527 1733 1762 1786 hominis
1803 1738 2034 1785 mentem
2078 1732 2151 1785 ita

591 1803 754 1869 sistit,
791 1812 848 1884 ut
883 1805 1028 1884 omni
1069 1821 1294 1884 prorsus
1337 1819 1432 1884 seu
1475 1803 1863 1883 suppliciorum
1891 1817 1986 1855 seu
2024 1816 2152 1870 pra-
2183 1830 2225 1884 Β

589 1888 779 1926 vorum
814 1872 1091 1928 hominum
1152 1877 1344 1928 timore
1385 1874 1652 1941 deposito,
1706 1872 1886 1940 justus
1941 1887 2154 1940 semper

590 1952 827 1998 maneat.
887 1943 1248 2009 Quamobrem
1280 1945 1528 1997 Clemens
1585 1943 1876 1996 absurdum
1937 1942 2152 2010 penitus

590 2015 878 2080 proscribit
909 2030 1150 2068 errorem
1194 2014 1433 2082 Epicuri,
1465 2013 1557 2080 qui
1596 2013 1827 2082 putabat
1875 2011 2149 2082 hominem

588 2084 888 2152 sapientem
927 2100 1086 2152 posse
1116 2081 1257 2148 aliis,
1287 2083 1444 2152 modo
1471 2083 1522 2135 id
1557 2083 1771 2150 penitus
1820 2081 1985 2152 latere
2043 2081 2151 2134 sci-

586 2151 746 2216 verit,
794 2151 972 2208 facere
1017 2154 1297 2221 injuriam.
1328 2151 1585 2217 Quinimo
1618 2153 1846 2220 ipsemet
1899 2151 2150 2206 Clemens

586 2231 846 2291 praeterea
877 2225 1154 2278 contendit
1179 2239 1326 2284 eum,
1354 2223 1446 2292 qui
1482 2237 1576 2290 spe
1607 2221 1873 2275 mercedis
1930 2221 2070 2274 sicut
2097 2229 2150 2275 et

586 2293 847 2414 gioertamah
881 2294 1145 2362 iniustitia
1197 2293 1451 2357 abstinet,
1496 2306 1594 2346 sua
1654 2297 1845 2360 sponte
1877 2305 1984 2344 non
2029 2306 2151 2347 esse

661 2363 873 2416 num“.

542 2489 550 2497 ,
659 2431 930 2486 Bonorum
961 2440 1162 2497 autem,
1193 2433 1368 2502 inquit
1399 2431 1506 2496 ille,
1558 2446 1653 2486 seu
1715 2429 1978 2502 malorum
2029 2441 2151 2499 post

587 2509 819 2556 mortem
878 2502 1184 2556 futurorum
1236 2500 1361 2571 spes
1401 2503 1466 2556 ab
1514 2501 1750 2556 ethnicis
1787 2500 2145 2569 philosophis,

586 2585 696 2643 non
751 2572 924 2643 solum
963 2572 1286 2643 Pythagora:
1334 2573 1717 2643 sectatoribus,
1755 2586 1940 2624 verum
1984 2573 2146 2624 etiam

584 2638 860 2694 Heraclito
885 2651 938 2696 et
959 2638 1183 2696 Platone
1210 2643 1392 2712 agnita
1418 2639 1680 2712 est.7Haec_
1705 2648 1905 2712 autem,
1960 2647 2016 2693 ut
2064 2648 2148 2695 te~

583 2717 760 2780 statur
788 2712 1100 2780 Apostolus.
1152 2710 1262 2765 non
1309 2711 1613 2765 confundit.
1647 2710 1751 2776 Qui
1785 2717 1964 2764 autem
1987 2725 2148 2764 voca-

579 2779 713 2834 tioni
761 2779 872 2835 suae
918 2799 1122 2837 morem
1171 2783 1490 2851 simpliciter
1547 2783 1866 2848 sincereque
1911 2780 2068 2849 gerit,
2100 2781 2146 2834 is

580 2864 759 2922 neque,
785 2863 1003 2922 propter
1025 2859 1246 2913 metum,
1271 2868 1446 2921 neque
1467 2864 1689 2922 propter
1713 2851 1922 2903 lucrum
1950 2857 2041 2922 aut
2061 2854 2148 2905 de-

581 2918 948 2996 lectationem,
975 2922 1070 2977 sed
1103 2918 1392 2996 dilectione
1425 2918 1630 2996 tractus
1659 2919 1774 2996 l_).ei,
1807 2920 2040 2996 eumpie
2059 2936 2147 2974 co-

577 2989 639 3042 lit
669 3005 732 3043 ac
757 3002 1065 3046 veneratur.
1093 2992 1434 3060 Quapropter
1471 2989 1884 3060 etiaiiisiivetita
1928 2991 2144 3058 impune

577 3060 768 3129 agendi
803 3069 1126 3130 potestatem
1160 3077 1190 3114 a
1217 3059 1334 3116 Deo
1369 3061 1673 3131 acceperit,
1697 3059 1787 3113 ille
1815 3069 2014 3121 tamen,
2047 3070 2132 3113 ut-

573 3135 711 3218 pote.
735 3131 828 3200 qui
855 3131 1140 3186 honestum
1172 3147 1236 3184 ex
1269 3133 1448 3212 seipso
1482 3130 1930 3218 amandum‘esse
1969 3145 2139 3218 ‘nove:
2167 3162 2208 3218 ϐ

574 3199 666 3263 rit,
698 3198 767 3253 in'
787 3216 944 3254 suum
988 3216 1264 3269 nunquam
1310 3198 1548 3254 animum
1579 3199 1800 3252 inducet
1837 3206 1897 3250 ut
1935 3198 2137 3267 aliquid

572 3279 773 3391 praeter
801 3273 1067 3325 rationem
1105 3279 1250 3339 agat.
1292 3270 1357 3323 Et
1400 3285 1528 3323 vero
1562 3281 1882 3338 persuasum
1915 3270 2139 3322 omnino

613 3339 736 3391 abet
771 3355 859 3391 res
887 3349 1118 3391 creatas.
1151 3341 1295 3391 sicut
1319 3349 1371 3391 et
1401 3339 1698 3391 legitimum
1729 3337 2039 3391 coniugium
2073 3353 2137 3391 ac

613 3339 736 3394 abet
771 3355 859 3394 res
887 3349 1118 3403 creatas,
1147 3337 1295 3394 sicut
1319 3349 1371 3393 et
1401 3337 1698 3409 legitimum
1729 3337 2039 3409 coniugium
2073 3353 2137 3393 ac

572 3407 866 3463 liberorum
895 3410 1348 3478 procreationem,
1385 3406 1646 3478 quidquid
1675 3406 1912 3478 hmretici
1948 3417 2138 3462 contra

571 3481 835 3548 garriant,
871 3477 993 3534 esse
1031 3479 1250 3548 quidem
1281 3477 1443 3548 bona,
1483 3479 1590 3548 sed
1628 3477 1974 3546 praestantius
2015 3493 2138 3532 esse

571 3545 757 3617 divina
798 3545 1209 3611 assimilatione,
1254 3547 1460 3617 ἀπαθῆ,
1503 3545 1668 3600 nullis
1713 3548 2138 3616 perturbationi-

571 3615 684 3690 bus
714 3619 1159 3690 obnoninm,_xal
1183 3615 1454 3690 ἐνάρετον,
1493 3626 1603 3690 «Aet
1629 3615 1824 3690 virtute
1855 3618 2135 3690 praeditum

573 3685 776 3757 ﬁeri“.
818 3708 837 3740 ›
882 3688 1228 3743 Manifestum
1269 3685 1464 3743 deinde
1502 3687 1755 3751 Clemens
1800 3685 1948 3749 facit,
2005 3690 2134 3757 quid

571 3754 677 3828 hac
709 3757 827 3828 lege
863 3757 1028 3828 (Non
1069 3759 1458 3828 concupisces,
1500 3777 1518 3810 ι
1550 3757 1906 3827 signiﬁcetur,
1938 3765 1990 3812 et
2017 3754 2136 3828 qua:

571 3826 643 3899 s_i_t
677 3845 695 3877 ι
729 3826 1009 3899 εἱιοειίοἰ)
1057 3828 1120 3881 ad
1145 3826 1321 3899 Deum
1363 3826 1640 3899 precatio._
1665 3840 1772 3899 qua
1816 3833 1869 3881 et
1911 3842 1940 3880 a
1981 3826 2136 3899 cupi-

570 3895 750 3950 ditate'
772 3897 1011 3962 liberari,
1054 3905 1109 3952 et
1143 3895 1495 3967 ipsimet'Deo
1522 3895 1798 3966 conjungi,
1829 3911 1892 3951 ac
1920 3895 2129 3966 pauc-is,

569 3969 807 4089 tametlsit
829 3976 1010 4022 creata
1054 3969 1239 4022 omnia
1283 3967 1424 4022 bona
1473 3967 1604 4033 sint,
1664 3975 1977 4021 contentum
2012 3984 2134 4025 esse

569 4047 728 4089 nostu
753 4053 782 4089 a
816 4079 828 4089 .

567 4043 828 4107 postulat.
1305 4105 1314 4107 _
1522 4106 1528 4107 ί
2029 4096 2039 4107 ,

639 4104 777 4160 Tum
808 4114 1020 4170 auctor,
1048 4122 1244 4162 rursus
1288 4105 1534 4177 Apostoli
1576 4107 1902 4162 auctoritate
1941 4104 2129 4171 fultus,

565 4176 764 4246 asserit
792 4193 882 4233 res
909 4186 1121 4233 creatas
1146 4192 1268 4232 esse
1297 4176 1514 4246 quidem
1542 4177 1732 4242 bonas,
1767 4179 1986 4233 tametsi
2014 4180 2133 4232 alite

565 4245 688 4300 aliis
723 4247 832 4300 sint
856 4263 1048 4303 revera
1074 4245 1329 4302 meliores
1357 4246 1423 4303 “.
1456 4245 1650 4301 Subdit
1678 4257 1856 4302 autem
1892 4263 1975 4309 ea,
2012 4264 2132 4316 qua:

564 4319 894 4388 necessaria;
920 4318 1078 4373 nobis
1119 4325 1268 4382 sunt,
1309 4317 1404 4373 Dei
1433 4318 1761 4388 benignitate
1788 4333 1911 4372 esse
1938 4328 2129 4386 paratu

568 4384 771 4439 facilia.
803 4388 846 4438 A
871 4386 1176 4442 Democrito
1204 4389 1387 4456 itaque
1425 4384 1583 4451 illud,
1615 4388 1773 4456 cujus
1813 4384 2130 4457 ipse—ratio-

564 4466 688 4506 nem
715 4457 827 4523 jam
869 4457 1194 4521 reddiderat,
1229 4459 1482 4512 observat
1519 4458 1745 4526 pulchre
1785 4458 2009 4510 omnino
2047 4457 2130 4511 di-

2267 544 2416 596 circo
2447 546 2671 606 unicus,
2699 551 2753 597 et
2782 545 2961 613 quoad
2991 543 3106 598 ﬁeri
3138 550 3354 610 potest,
3389 542 3498 597 Deo
3531 542 3694 602 similis
3719 566 3764 605 ac

2267 613 2408 667 Deus
2441 613 2689 667 efﬁcitur.
2709 613 2761 667 Is
2787 629 2915 666 vero
2946 632 2964 664 ι
2996 613 3243 682 gnostica
3270 633 3288 664 ι
3311 624 3504 666 natura
3534 630 3619 669 sua
3640 616 3764 672 Deum

2267 683 2330 755 ad
2366 698 2424 736 se
2453 685 2695 747 attrahit,
2721 699 2843 737 eum
2874 683 3024 755 colit,
3054 691 3106 737 et
3138 682 3351 738 sincera
3377 698 3475 737 sua
3503 689 3765 755 purgatione

2264 751 2443 821 ipsum
2469 763 2657 807 sancte
2687 752 3100 822 contemplatur.

2332 822 2598 895 Cmterum
2624 863 2638 886 ,
2672 824 2798 892 quia
2814 823 2889 895 _in
2907 821 3211 895 cujuslibet
3243 821 3480 895 hominis
3525 822 3670 895 libera
3693 842 3767 895 po-

2265 897 2458 945 testate
2484 893 2646 946 situm
2689 890 2771 948 est
2813 890 2921 946 Deo
2959 890 3177 946 credere
3210 893 3290 946 vel
3325 908 3429 946 non
3463 890 3767 957 credi-re,'ac

2263 970 2529 1030 praecepta
2566 961 2712 1016 illius
2753 962 3042 1016 observare
3072 969 3179 1030 aut
3210 963 3542 1030 transgredi,
3591 964 3666 1017 ille
3702 967 3766 1017 id-

2262 1029 2410 1084 circo
2439 1029 2659 1100 propter
2701 1041 2847 1086 recte
2878 1032 2961 1085 vel
2993 1032 3131 1085 male
3160 1029 3303 1085 facta
3334 1029 3427 1084 aut
3459 1031 3648 1085 laudem
3680 1049 3764 1088 ine-

2261 1109 2411 1153 retur
2446 1111 2536 1154 aut
2562 1102 3009 1172 vituperationem
3029 1117 3060 1172 ἱ
3075 1116 3148 1172 ac?
3163 1109 3389 1172 propter
3415 1111 3652 1170 peccata,
3676 1118 3767 1171 quae

2263 1178 2445 1242 tamen
2472 1170 2697 1235 omnia,
2735 1170 2997 1242 quidquid
3032 1170 3296 1225 Basilides
3327 1186 3486 1226 secus
3514 1170 3766 1227 somniave-

2258 1239 2336 1311 ri_t_
2355 1280 2390 1311 ,γ
2417 1239 2964 1311 baptismate—dimitti
2998 1249 3206 1295 certum
3247 1249 3366 1307 est,
3401 1242 3585 1296 merito
3627 1245 3765 1310 pomis

2258 1308 2507 1381 aliieitur.
2542 1310 2830 1380 Triplicem
2875 1319 3050 1364 autem
3097 1311 3168 1364 ob
3210 1312 3511 1373 rationem,
3557 1308 3767 1381 quemad-

2257 1380 2476 1450 modum
2508 1381 2710 1450 duplici
2739 1381 2920 1443 niodo,
2952 1387 3172 1448 peccata
3202 1389 3326 1450 post
3356 1380 3661 1450 baptismum
3693 1385 3766 1436 ad-

2256 1449 2426 1504 missa
2454 1449 2828 1521 castigantur;
2861 1465 2980 1520 quae
3005 1466 3134 1521 vero
3168 1449 3293 1504 ante
3326 1449 3476 1504 illum
3509 1460 3766 1521 perpetrata

2258 1529 2404 1590 sunt,
2435 1519 2693 1574 dicuntur
2731 1519 3036 1590 expurgari.
3087 1519 3156 1572 At
3203 1521 3295 1590 qui
3328 1519 3544 1590 peccato
3587 1519 3768 1576 minime

2257 1587 2574 1659 inquinatus
2607 1587 2967 1645 immortalem
3001 1589 3094 1645 Dei
3121 1587 3372 1644 naturain
3396 1592 3765 1659 contemplatur,

2255 1658 2345 1712 ille
2375 1659 2565 1715 beatus
2596 1669 2700 1724 est,
2735 1667 2809 1724 et,
2842 1668 2900 1713 ut
2921 1660 2997 1713 ait
3029 1660 3200 1724 Plato,
3233 1661 3377 1714 inter
3405 1658 3634 1714 homines
3657 1659 3767 1714 Deus

2255 1729 2390 1801 erit;
2443 1731 2526 1784 vel
2575 1746 2697 1785 cum
2724 1731 2946 1801 Christo
2974 1731 3198 1801 angelus
3221 1769 3238 1792 ,
3277 1739 3332 1785 et
3359 1731 3512 1801 solus
3547 1729 3764 1799 prudens,

2255 1795 2350 1852 Dei
2378 1795 2734 1871 '_voluntatem
2779 1795 3073 1855 indefessa'
3098 1795 3563 1870 contemplatione
3594 1815 3767 1871 semper

2254 1869 2564 1926 considerat
2581 1870 2645 1926 “.

2322 1937 2429 2010 Nec
2457 1949 2541 1994 est
2573 1955 2702 2010 sane
2722 1939 2867 2008 quod
2891 1939 3013 2010 quis
3039 1939 3265 2010 objiciat
3285 1954 3387 1996 nos
3412 1955 3518 1995 non
3544 1953 3685 2008 posse
3702 1939 3762 2010 ad

2252 2004 2383 2070 Dei,
2422 2011 2519 2131 aui
2565 2004 2925 2065 demonstrari
2972 2004 3178 2080 nequit,
3215 2011 3501 2080 pervenire
3537 2004 3765 2079 cognitio-

2253 2093 2396 2131 nem.
2471 2095 2554 2131 am
2576 2095 2670 2131 per
2695 2079 2889 2131 Filium
2917 2081 3035 2131 eius
3067 2096 3130 2131 ac
3154 2082 3395 2131 inlinitas
3423 2080 3648 2131 eiusdem
3667 2077 3764 2131 Filii

2253 2093 2396 2149 nem.
2422 2077 2554 2132 Nam
2576 2095 2670 2149 per
2695 2079 2889 2133 Filium
2917 2081 3035 2148 ejus
3057 2077 3130 2134 'ac
3154 2077 3395 2135 inﬁnitas
3423 2077 3648 2149 ejusdem
3667 2077 3764 2131 Filii

2252 2147 2632 2229 perfectiones,
2658 2149 2806 2202 illum
2842 2147 3158 2229 agnoscere,
3187 2152 3237 2207 ei
3263 2147 3512 2229 credere,
3535 2149 3761 2229 atqueita

2252 2219 2355 2288 ipsi
2381 2221 2635 2289 conjungi
2666 2219 2973 2289 possumus.
3026 2219 3220 2275 Verum
3269 2222 3315 2276 si
3360 2221 3428 2276 de
3460 2221 3548 2274 illo
3587 2219 3765 2274 dubite-

2249 2304 2371 2343 mus
2402 2299 2497 2361 aut
2516 2291 2565 2343 ei
2587 2305 2695 2344 non
2724 2290 3032 2354 credamus,
3057 2293 3126 2347 ab
3157 2293 3277 2360 ipso
3295 2290 3661 2361 disjungimur,
3683 2303 3764 2341 nec

2250 2374 2436 2431 sumus
2478 2359 2674 2415 Levita:
2703 2401 2718 2422 ,
2750 2361 2845 2416 seu
2880 2359 3228 2431 alienigenae.
3262 2362 3355 2430 qui
3384 2359 3439 2414 in
3470 2359 3642 2415 sancta
3675 2374 3764 2411 non

2250 2428 2651 2498 ingrediuntur.
2685 2431 2895 2504 Etenim
2941 2433 3032 2500 qui
3051 2428 3397 2486 crediderint
3425 2439 3477 2485 et
3506 2431 3652 2484 vitam
3682 2443 3765 2549 [u-

2251 2513 2365 2549 ram
2415 2501 2701 2549 duxerint.
2737 2502 2771 2549 ii
2801 2500 2910 2549 veri
2958 2509 3085 2549 sunt
3143 2502 3234 2549 Diei
3271 2501 3575 2549 sacerdotes
3603 2507 3649 2549 et
3717 2513 3765 2549 c-

2251 2513 2365 2576 ram
2415 2501 2701 2576 duxerint,
2737 2502 2772 2555 ii
2801 2500 2910 2555 veri
2958 2509 3085 2555 sunt
3143 2502 3235 2557 Dei
3271 2501 3575 2576 sacerdotes
3603 2507 3649 2553 et
3682 2500 3767 2576 Le:

2247 2569 2391 2642 vitaz.
2440 2572 2660 2642 quibus
2685 2579 2928 2642 mortuos
2957 2579 3178 2642 tangere
3218 2571 3446 2625 vetitum
3463 2579 3579 2642 est;
3620 2575 3698 2621 aut
3726 2569 3766 2619 si

2249 2641 2544 2711 tetigerint,
2586 2641 2844 2710 jubentur
2874 2641 2962 2694 die
2989 2644 3221 2711 septimo
3255 2641 3507 2711 purgari,
3533 2650 3580 2711 e_t
3601 2647 3765 2711 octavo

2248 2708 2442 2780 oﬁerre
2489 2727 2507 2760 ι
2539 2708 2980 2780 propitiationem
2996 2708 3070 2765 ⁸⁶Ῑ
3096 2731 3115 2763 ι
3171 2708 3289 2777 Qua
3322 2708 3531 2780 quidem
3561 2709 3662 2776 lege
3702 2708 3767 2757 si-

2248 2778 2602 2850 gniticatur‘a
2636 2778 2657 2830 ἆ
2683 2781 2926 2849 gnostico
2959 2799 2976 2831 ι
3016 2783 3266 2834 nuntium
3298 2778 3528 2850 peccatis
3557 2786 3605 2832 et
3629 2791 3767 2850 mun—

2247 2848 2406 2919 danis
2438 2850 2600 2903 re‘bus
2653 2847 2774 2904 esse
2805 2851 3162 2913 mittendum,
3212 2847 3376 2919 atque
3401 2849 3455 2902 in
3483 2864 3560 2911 ea,
3591 2860 3695 2919 quae
3717 2847 3763 2897 in

2245 2916 2514 2985 baptismo
2538 2928 2755 2988 accepta
2784 2919 2882 2972 fuit
2905 2958 2920 2981 ,
2963 2921 3201 2988 perfecta
3251 2916 3494 2988 corporis
3522 2927 3571 2972 et
3599 2917 3770 2969 anima

2245 2989 2535 3059 sanctitate
2559 3003 2621 3059 ac
2641 2989 2876 3057 justitia,
2912 3006 3032 3058 quae
3061 2991 3201 3044 idem
3233 3001 3317 3044 est
3354 3004 3415 3042 ac
3441 3004 3536 3059 pax
3556 2995 3606 3042 et
3634 2994 3769 3039 tran-

2244 3057 2506 3129 quillitas,
2541 3058 2607 3111 ad
2631 3068 2856 3114 mortem
2890 3057 3062 3127 usque
3090 3057 3557 3129 perseverandum.

2315 3125 2370 3178 In
2421 3129 2647 3197 hujusce
2675 3144 2802 3183 vero
2827 3124 3146 3186 assertionis
3179 3129 3627 3184 conﬁrmationem
3656 3124 3767 3178 Cle-

2242 3199 2633 3267 mensprofert
2658 3198 2771 3254 hzec
2802 3197 2922 3254 Jobi
2948 3201 3110 3254 verba
3139 3216 3150 3251 :
3194 3219 3211 3250 ι
3239 3199 3428 3254 Nudus
3457 3211 3686 3267 egressus
3699 3209 3767 3267 ex

2243 3264 2465 3329 utero.)
2501 3277 2607 3323 etc.
2629 3308 2644 3331 ,
2693 3284 2758 3323 ac
2789 3269 3026 3325 nominis
3065 3271 3322 3324 Rebeccae
3351 3276 3404 3324 et
3452 3264 3771 3321 Melchisede-

2239 3336 2319 3414 θῖδ
2365 3339 2777 3414 θὲἶωρὲοείθῐη,
2829 3339 3223 3410 ipsiusquemet
3263 3338 3510 3414 Basilidis
3543 3337 3772 3391 testimo-

2239 3407 2387 3480 nium
2410 3408 2472 3480 δῖ.
2511 3407 2764 3480 Denique,
2788 3407 3074 3480 postquam
3107 3411 3365 3480 mysteria
3412 3419 3771 3480 nosuapaga-

2238 3475 2344 3540 nis,
2372 3479 2464 3545 qui
2489 3487 2542 3532 et
2571 3475 2675 3532 sua
2699 3475 2858 3532 etiam
2879 3475 3018 3534 alios
3048 3475 3317 3545 celabant,
3337 3475 3636 3533 occultanda
3657 3486 3775 3527 esse

2237 3560 2342 3622 nos
2359 3548 2659 3622 admonuit,
2690 3549 2804 3622 ipse
2831 3548 2899 3602 ad
2928 3550 3152 3603 moralia
3186 3551 3383 3604 transit
3406 3555 3674 3622 praecepta.
3713 3610 3742 3622 μ

2309 3615 2474 3688 Docet
2503 3618 2685 3688 itaque
2712 3615 3057 3674 Servatorem
3091 3631 3338 3674 nostrum
3363 3659 3379 3681 ,
3406 3615 3492 3688 qui
3517 3615 3774 3686 mysteriis

2237 3701 2337 3740 nos
2382 3687 2612 3760 initiat,’
2665 3689 2841 3760 solum
2888 3704 3010 3744 esse
3062 3687 3445 3760 pneccptorem
3489 3693 3773 3760 nostrum.

2234 3757 2687 3831 quemadmodum
2717 3758 2878 3831 l_)_eus,
2896 3757 3149 3829 principii
3177 3757 3393 3831 expers,
3418 3757 3775 3831 universorum

2235 3836 2319 3900 est
2347 3827 2694 3900 principium.
2720 3827 3014 3900 [hereticos
3049 3827 3214 3899 igitur
3233 3827 3326 3900 qui
3352 3841 3537 3897 corpus
3570 3827 3776 3900 vitupe-

2235 3893 2428 3949 rabant
2462 3893 2588 3953 hinc
2620 3899 2828 3968 arguit,
2863 3902 2989 3968 quia
3021 3893 3127 3953 non
3154 3893 3330 3954 solum
3361 3893 3498 3953 recta
3521 3903 3602 3950 est
3636 3893 3780 3946 illius

2235 3967 2551 4021 constitutio
2584 3976 2639 4023 et
2661 3970 3004 4036 compositio.
3044 3969 3139 4024 sed
3179 3971 3414 4024 animam
3450 3976 3782 4036 quoqne__su-

2234 4036 2440 4108 εςίρὶι1
2476 4037 2586 4093 Deo
2631 4031 3100 4107 pretiosissimam,
3149 4031 3538 4108 virtutumque,
3563 4031 3786 4102 'quibus

2233 4106 2379 4180 circa
2407 4105 2578 4180 Deum
2622 4105 2892 4171 versetur,
2933 4123 3116 4180 revera
3145 4105 3787 4180 capacem—Quapropter

2233 4177 2283 4248 si
2315 4176 2484 4231 Isaias
2513 4192 2733 4231 carnem
2779 4178 3171 4248 vocatifenum
3211 4173 3266 4232 et
3307 4178 3413 4232 l'eni
3445 4176 3630 4229 ﬂorem
3652 4212 3669 4235 ,
3707 4173 3788 4248 his

2233 4246 2321 4317 ille
2351 4248 2529 4303 verbis
2554 4262 2650 4302 eos
2695 4254 2849 4301 notat
2877 4247 2968 4317 qui
3003 4247 3303 4302 secundum
3346 4259 3582 4317 carnem,
3618 4251 3681 4296 ut
3720 4246 3794 4293 ait

2229 4315 2562 4384 Apostolus,
2614 4317 2670 4370 in
2718 4315 2957 4386 peccatis
3008 4317 3307 4372 ambulant.
3351 4315 3560 4386 Fatetur
3606 4321 3791 4386 tamen

2231 4380 2466 4458 animam
2489 4403 2611 4442 esse
2635 4380 2900 4456 potiorem
2933 4387 3169 4458 hominis
3195 4395 3414 4458 partem,
3442 4384 3530 4458 cui
3559 4380 3795 4452 proinde

2233 4457 2386 4510 bona
2416 4454 2658 4511 actiones
2689 4458 3059 4513 ascribuntur.
3094 4457 3163 4511 At
3195 4454 3448 4527 quoniam
3478 4454 3596 4527 illa,
3629 4464 3794 4522 quam

563 4531 730 4597 ctum,
773 4543 790 4573 ι
822 4535 1071 4597 naturam
1112 4538 1164 4582 et
1189 4528 1489 4597 doctrinam
1519 4523 1658 4580 —rem
1719 4541 1843 4581 esse
1882 4528 2132 4597 persimi-
2166 4535 2208 4587 D
2233 4527 2448 4594 quidem
2490 4527 2759 4583 Basilides
2791 4536 2986 4582 natura
3018 4542 3116 4581 sua
3144 4523 3361 4597 semper
3389 4523 3648 4580 mundam
3678 4533 3796 4597 esse

563 4591 727 4666 lem._
752 4613 770 4643 ι
825 4593 1117 4666 Utriusque
1154 4605 1332 4650 autem
1389 4596 1528 4650 Deus
1583 4597 1755 4664 prima
1779 4605 1834 4651 et
1882 4591 2132 4652 'secunda

562 4662 837 4738 creatione
883 4662 1074 4738 auctor
1123 4675 1226 4721 est.
1272 4666 1457 4738 Porro
1499 4662 1681 4718 autem
1726 4682 1860 4738 cum
1900 4681 1963 4721 ea
2011 4683 2131 4737 quae

561 4735 935 4806 meritissunt
970 4735 1009 4788 'a
1052 4737 1207 4790 nobis
1261 4737 1386 4806 eligi
1429 4735 1849 4806 debeant,rinde
1876 4735 2127 4793 Clemens

559 4801 1021 4874 colligitquaeque
1052 4807 1274 4860 honesta
1312 4801 1477 4859 videri
1507 4805 1926 4872 jucundissima,
1954 4813 2008 4860 et
2037 4810 2127 4862 ilia

559 4868 958 4945 haric'przebere
989 4876 1150 4945 animi
1178 4868 1645 4945 tranquillitatem,
1679 4892 1787 4945 qua
1819 4868 2003 4938 homo,
2046 4880 2125 4932 uti

557 4937 1073 5065 PIsaJmistaIZOet
1100 4937 1455 5015 Empedocles
1478 4937 1859 5010 testiﬁcantur,
1884 4947 1938 5001 in
1953 4937 2121 5004 Deum

557 5026 586 5063 c
621 5027 649 5064 e
692 5026 751 5065 it.

557 5025 751 5068 ετεαιι.

628 5079 832 5152 Dup!ex
863 5093 1052 5157 autem,
1073 5085 1234 5157 homo
1259 5084 1676 5156 distinguendus
1696 5094 1778 5141 est
1807 5105 1820 5141 :
1853 5087 2062 5157 primus
2093 5103 2122 5143 a

555 5149 668 5226 De_o
699 5149 761 5226 es
788 5156 1057 5226 congeniti
1094 5156 1320 5225 spiritus
1350 5149 1468 5212 idea
1500 5158 1820 5212 naturaliter
1849 5149 2121 5226 perfectus

554 5222 669 5290 qui,
693 5225 860 5302 'sicuti
892 5222 1062 5278 Adam
1090 5222 1341 5302 c_i'ea‘.us._
1359 5230 1614 5302 omnibus
1643 5238 1726 5282 est
1756 5222 2119 5302 utiqueucom-

555 5295 766 5356 munis;
797 5295 933 5347 alter
957 5311 1098 5368 vero,
1115 5296 1274 5348 homo
1299 5299 1591 5366 singularis
1614 5307 1716 5357 est,
1739 5298 1830 5368 qui
1855 5295 1919 5352 ex
1947 5299 2119 5352 forma

553 5375 762 5440 eorum,
777 5377 897 5431 quae
907 5366 1148 5433 elegerit,
1167 5369 1384 5434 propria
1395 5370 1569 5440 macci
1581 5370 1657 5439 pit
1670 5366 2110 5440 characterem“.

555 5427 655 5510 Hic
680 5427 857 5486 autem
899 5427 1187 5510 ent—natura
1217 5427 1315 5510 sua
1345 5438 1509 5510 variis
1554 5427 1714 5510 a'nimi
1747 5437 2112 5507 perturbatio-

554 5500 717 5554 nibus
749 5511 802 5575 et
836 5505 1094 5561 motibus.
1123 5521 1244 5572 quae
1296 5506 1349 5558 in
1385 5505 1552 5560 Deum
1599 5500 1795 5561 cadere
1844 5523 1948 5560 non
1987 5522 2112 5575 pos-

553 5579 701 5636 sunt,
725 5573 883 5642 plane
914 5575 1202 5640 obnoxius,
1235 5575 1342 5629 dici
1376 5586 1555 5646 potest
1586 5577 1888 5647 multiplex.
1911 5573 2111 5631 Verum

2234 4587 2816 4668 perperamasseruit.
2874 4598 2930 4650 in
2976 4611 3204 4665 corpore
3251 4587 3651 4668 peregrinattll'.
3717 4587 3797 4668 idf

2233 4663 2383 4738 circo
2427 4667 2646 4738 sapiens
2684 4669 2876 4730 homo,
2907 4674 2962 4720 et
3018 4684 3035 4715 ι
3065 4663 3417 4736 εζιιυδιὶὁυςξι
3451 4663 3588 4738 illud
3620 4675 3693 4716 ne
3717 4663 3800 4738 ni-

2232 4737 2336 4788 mia
2365 4734 2692 4805 indulgentia
2724 4734 3123 4805 corrumpatur.
3162 4751 3347 4791 severe
3374 4734 3635 4805 castigat;
3660 4745 3726 4782 ac
3749 4734 3799 4780 in

2231 4807 2431 4860 mundo
2456 4804 2712 4875 tanquam
2741 4804 3022 4876 hospcs’in
3053 4806 3374 4868 diversorio,
3401 4804 3538 4874 quod
3574 4804 3695 4855 cito
3719 4815 3800 4853 re—

2228 4877 2455 4930 licturus
2499 4885 2602 4939 est,
2634 4890 2981 4931 commorans
3002 4917 3016 4940 ,
3051 4891 3325 4945 nunquam
3371 4883 3506 4930 retro
3539 4885 3802 4945 comer-

2226 4962 2320 5020 sus
2348 4946 2720 5020 longiorisqne
2754 4961 2918 5020 mora:
2947 4940 3258 5020 impatiens,
3290 4954 3345 5001 et
3374 4959 3492 5020 cuin
3520 4940 3801 5020 §postolo

2231 5012 2612 5086 ingemiscens,
2631 5012 2698 5072 ad
2727 5017 3004 5071 caalestem
3024 5012 3371 5086 'mansionem
3396 5023 3446 5069 et
3471 5012 3804 5086 felicitatem

2230 5080 2442 5158 semper
2473 5088 2754 5158 aspirat“.
2780 5087 2854 5141 De
2876 5086 2977 5139 hac
3009 5093 3188 5158 autem
3223 5085 3470 5158 felicitate
3492 5083 3646 5158 quid
3678 5080 3809 5150 Epi-

2228 5151 2483 5211 charmus
2530 5151 2584 5212 et
2635 5158 2906 5212 Pindarus
2939 5155 3289 5222 cecinerunt,
3336 5155 3503 5209 obiter
3539 5151 3809 5206 Clemens

2227 5227 2643 5293 animadvertit;
2679 5237 2732 5283 et
2763 5243 2858 5282 eos
2896 5225 3205 5294 redarguit,
3253 5227 3344 5295 qui
3380 5224 3550 5295 stulte
3589 5223 3810 5276 animas

2225 5313 2254 5350 e
2285 5298 2424 5350 ccelo
2467 5298 2521 5350 in
2551 5306 2749 5353 terram
2776 5337 2790 5360 ,
2833 5305 2890 5350 ut
2921 5295 2991 5349 ibi
3023 5294 3353 5365 puniantur,
3383 5294 3659 5362 delapsas
3689 5305 3812 5346 esse

2220 5367 2642 5422 contendebant.

2290 5436 2495 5491 Dehinc
2553 5437 2900 5506 perspicuum
2950 5437 3040 5492 ille
3093 5435 3295 5498 facit“,
3365 5433 3811 5506 (gnosticumu

2218 5507 2325 5576 pie,
2363 5507 2440 5560 uti
2476 5503 2694 5561 diu-tuin
2717 5517 2822 5570 est,
2858 5508 3124 5562 viventem
3159 5507 3267 5559 Deo
3299 5503 3636 5566 assimilari,
3666 5515 3815 5556 esse-

2218 5593 2324 5647 que
2372 5578 2602 5631 electum
2648 5585 2702 5632 et
2734 5579 3068 5648 spiritualem
3093 5617 3108 5642 ,
3141 5583 3330 5632 contra
3357 5587 3490 5628 vero
3545 5581 3818 5645 peccato-

627 5722 673 5755 ιο
699 5726 1026 5802 ρηδδιημξι
1064 5745 1115 5798 ρ.
1149 5729 1390 5802 532.“)-
1422 5747 1472 5800 p.
1513 5731 1632 5785 εδδ.
1711 5731 1755 5762 δ’
1783 5749 1832 5800 p.
1863 5731 1983 5786 554.
2062 5691 2139 5800 (ιι

2251 5731 2337 5785 53.
2410 5733 2456 5764 "
2490 5747 2539 5802 p.
2577 5733 2698 5787 557.
2783 5733 2826 5765 “
2865 5748 2915 5801 p.
2946 5733 3068 5788 538.
3165 5732 3206 5763 "
3239 5746 3291 5801 p.
3322 5728 3455 5792 559;
3495 5725 3618 5783 Job
3649 5743 3693 5795 ι,
3728 5726 3813 5783 ει.

553 5789 600 5823 ⁸⁸⁸
623 5807 675 5860 ρ.
699 5789 810 5848 540
837 5808 884 5849 ct
911 5789 1004 5851 εἷὲὶ
1022 5841 1032 5852 .

1110 5803 1150 5832 ιν
1180 5817 1233 5870 ρ.
1265 5799 1387 5854 sta.
