3906 6534
542 385 674 443 1051

1219 380 1289 436 1N
1325 378 1749 436 CLEMENTEM
1787 379 1992 436 ALEX.
2034 379 2097 434 D.
2136 379 2224 434 LE
2254 376 2544 437 NOURRY
2578 375 3032 434 DlSSERTATlO
3061 375 3125 433 ll.

3640 377 3780 433 1052

545 511 808 568 suamque
837 497 1074 551 animam
1096 495 1235 568 odio
1266 496 1466 568 habeat
1487 536 1503 560 ,
1535 513 1600 568 ac
1636 495 1941 568 omnivita:
1974 505 2111 568 tem-
2138 499 2184 555 Α
2213 495 2463 568 veritatis
2492 491 2856 568 cognitionem
2885 506 2984 568 nos
3013 489 3250 568 adducit.
3282 487 3356 542 Ex
3391 486 3591 568 divinis
3617 488 3784 556 igitur

544 586 675 637 pore
698 565 734 620 τι
751 569 842 622 Dei
869 567 1137 620 mandatis
1159 577 1214 618 et
1243 579 1338 633 spe
1362 565 1518 637 plane
1541 565 1924 637 inseparabilis
1949 606 1963 627 ,
2001 565 2110 637 Deo

545 633 760 707 semper
793 637 995 706 gratias
1045 633 1483 707 ageﬁns,_omnia,
1532 633 1674 690 sicut
1732 633 1858 707 Job,
1900 635 2111 707 patien-

547 703 759 763 tissime
798 703 1096 767 'tolerans,’
1142 704 1299 758 bonis
1347 705 1610 775 malisque
1654 703 1924 772 superior,
1984 703 2107 756 aliis

503 837 508 844 ,
543 795 665 832 sese
701 784 859 831 caute
890 775 1341 838 accommodans,
1377 784 1432 828 et
1465 789 1651 828 eorum
1699 775 1751 828 in
1781 789 1839 828 se
1885 783 2110 842 peccata

545 848 854 908 dimittens,
891 845 1085 912 dignus
1119 845 1212 896 fiat
1234 883 1248 905 ,
1282 844 1430 914 qui}
1463 860 1492 896 a
1525 846 1706 914 seipso
1729 859 1824 912 per
1849 844 2112 914 obedien-

547 921 674 970 tiam
714 915 946 983 accipiat
986 914 1318 982 pra'sidium.
1342 932 1360 965 ι
1390 912 1574 983 Pergit
1608 912 1796 968 auctor
1831 921 2018 966 noster
2040 913 2107 977 “,

547 998 714 1054 atque
743 983 982 1037 ostendit
1008 984 1134 1052 quid
1166 983 1254 1054 ille
1282 1000 1301 1033 ι
1329 985 1629 1051 gnosticus,
1655 1003 1673 1036 ι
1709 984 1800 1052 qui
1826 998 1853 1035 a
1884 984 1992 1037 Deo
2015 997 2111 1054 po-

547 1053 656 1112 tius
687 1055 872 1123 exigit,
915 1069 1074 1121 quam
1108 1053 1260 1119 petit,
1301 1069 1398 1122 pro
1428 1054 1696 1107 fratribus
1727 1054 2011 1122 agentibus
2041 1053 2110 1107 ab

550 1129 666 1194 ipso
696 1133 984 1191 exposcat,
1007 1123 1278 1194 quomodo
1306 1123 1502 1176 divinae
1527 1123 1785 1194 bonitatis
1809 1124 1882 1177 sit
1912 1123 2112 1175 instru-

547 1192 786 1248 mentum
814 1204 867 1246 et
895 1207 1118 1258 parvum
1150 1193 1433 1260 ipsiusmet
1462 1193 1555 1246 Dei
1587 1192 1843 1260 templum
1870 1230 1885 1254 ,
1912 1207 1976 1244 ac
2003 1200 2110 1244 ter-

548 1266 695 1318 renis
718 1264 969 1316 omnibus
997 1261 1198 1314 relictis
1219 1301 1233 1320 ,
1266 1262 1452 1316 tendat
1478 1263 1542 1314 ad
1574 1264 1738 1316 Deum
1762 1261 2112 1328 cmleStiaque

546 1335 918 1388 transcendat.
993 1332 1092 1397 Ita,
1116 1331 1639 1402 inquitCIemeus“,
1658 1332 1898 1402 perfecte
1925 1345 2114 1402 cgnos-

547 1405 685 1457 ticus
717 1423 735 1454 ι
761 1403 909 1465 vivit,
930 1417 1077 1469 spent
1094 1416 1214 1454 cum
1232 1399 1332 1454 fide
1349 1403 1412 1454 ad
1432 1399 1731 1456 futurorum
1747 1401 2112 1469 exspectatio-

550 1489 675 1526 nem
705 1473 1057 1535 commiscet,
1091 1480 1255 1538 atque
1281 1472 1538 1539 operibus
1569 1471 1929 1540 cognitionem
1966 1485 2110 1524 sem-

547 1557 646 1603 per
699 1541 1158 1608 subsequentibus
1214 1540 1395 1593 divina
1453 1543 1708 1595 mandata
1770 1541 2108 1606 exsequitur.

544 1609 702 1664 Nullo
731 1619 907 1665 autem
941 1625 1071 1663 casu
1107 1610 1191 1663 ille
1219 1610 1570 1665 conturbatus
1591 1651 1604 1672 ,
1637 1625 1700 1664 ac
1729 1611 2114 1680 nunquamju-

545 1682 779 1733 cundum
813 1693 866 1734 et
897 1680 1028 1733 utile
1055 1681 1239 1733 divino
1265 1681 1494 1734 consilio
1523 1679 1888 1748 anteponens,
1915 1683 1973 1733 fit
1999 1679 2111 1734 Deo

544 1764 839 1817 acceptus,
887 1750 1195 1818 tuundoque
1246 1750 1554 1805 laudabilis.
1601 1750 1842 1820 Denique
1877 1751 1928 1803 in
1967 1751 2110 1803 bono

2213 565 2427 620 illorum
2455 557 2673 633 scriptis
2703 561 3033 633 certissimae»
3064 559 3224 633 A133
3262 568 3533 633 eruuntur
3560 557 3780 611 demon-

2211 636 2540 702 strationes,
2566 626 2733 704 atque
2757 633 2824 687 iis
2846 633 2983 684 fiunt
3007 626 3278 685 fidélés'ac
3307 626 3538 698 perfecti
3595 645 3614 679 α
3647 644 3781 698 gno-

2213 705 2337 758 stici
2371 707 2438 760 ²⁸.
2471 725 2490 758 ι

2289 775 2488 829 Deinde
2525 782 2716 828 auctor
2754 780 2944 825 noster
2981 777 3171 826 narrat
3205 769 3480 834 quomodo
3522 778 3578 822 et
3611 781 3774 835 quam

2210 859 2468 913 perverse
2503 841 2742 899 haeretici
2777 843 2970 913 iisdem
3003 840 3180 913 sacris
3219 839 3526 913 scripturis
3557 839 3780 890 abutan-

2215 908 2322 976 tur,
2354 929 2419 968 ac
2452 915 2636 968 inanis
2665 912 2949 979 sapientiae
2977 911 3234 980 opinione
3266 908 3459 970 inﬂati,
3491 919 3780 980 perpetuo-

2214 999 2320 1052 que
2344 1025 2358 1049 ,
2397 985 2488 1038 sed
2519 977 2802 1053 perperam
2838 977 3140 1053 litigantes,
3171 995 3390 1053 omnem
3425 987 3674 1031 moveant
3696 977 3779 1029 la-

2213 1047 2392 1120 pidem
2412 1093 2427 1116 ,
2461 1047 2534 1108 ne
2566 1069 2594 1107 a
2621 1047 2765 1106 'sede
2797 1066 2891 1106 sua
2922 1051 3300 1104 deturbentur.
3344 1047 3488 1101 Tum
3528 1062 3660 1100 vero
3686 1063 3780 1100 ex-

2212 1123 2381 1190 plicat
2415 1138 2574 1190 quam
2614 1121 2830 1176 difficile
2873 1122 2947 1175 sit
2976 1135 3162 1175 eorum
3197 1131 3392 1172 sanare
3429 1132 3681 1190 errores,
3707 1133 3774 1171 ac

2214 1188 2486 1258 quomodo
2524 1193 2738 1246 tandem
2780 1193 2847 1246 ad
2879 1191 3126 1244 veritatis
3155 1190 3295 1242 viam
3330 1188 3548 1257 possint
3579 1188 3775 1240 reduci.

2225 1264 2293 1316 At
2332 1263 2784 1329 quemadmodum
2827 1270 3016 1331 gentes
3056 1261 3109 1313 in
3140 1260 3506 1331 ignoratione,
3549 1267 3615 1331 et
3643 1271 3776 1331 rerzz

2215 1327 2456 1402 discipuli
2499 1333 2759 1402 Ecclesia:
2795 1327 2853 1385 in
2893 1327 3270 1402 scientiafita
3309 1329 3386 1381 illi
3431 1328 3485 1402 i_u
3527 1327 3774 1394 opinione

2213 1397 2504 1456 versantur
2536 1403 2605 1456 ³⁸.
2646 1401 2854 1456 Nullam
2895 1401 3061 1468 igitur
3090 1397 3625 1455 demonstrationem
3659 1413 3772 1468 cum

2214 1472 2378 1526 iidem
2420 1472 2655 1527 haeretici
2699 1471 2899 1525 habere
2927 1467 3178 1538 possint,
3219 1485 3338 1522 sese
3375 1468 3622 1538 invicem
3660 1467 3774 1518 irri-

2215 1543 2378 1607 dent,
2412 1543 2717 1612 despiciunt
2752 1551 2807 1612 et
2834 1537 3225 1612 condemnant.
3259 1538 3534 1612 Quocirca
3574 1537 3774 1612 luit-on-

2216 1607 2553 1677 tentionem',
2593 1611 2792 1680 pagani
2836 1609 3205 1678 voluptatem,
3246 1609 3440 1680 tideies
3476 1607 3730 1680 gaudium
3755 1646 3772 1668 ,

2213 1690 2268 1734 et
2298 1700 2316 1734 ι
2350 1677 2632 1752 εηοειὶοἰ’›
2663 1677 3002 1752 gemeam
3039 1689 3337 1752 sectantur
3357 1677 3427 1730 ³⁸.
3471 1678 3633 1752 Quia
3660 1691 3776 1752 vero

2217 1747 2457 1821 magistri
2479 1793 2493 1813 .
2519 1762 2577 1807 ιιι
2601 1747 2852 1806 Clemens
2881 1747 3192 1821 inductione
3224 1749 3422 1816 probat
3446 1788 3462 1811 ,
3489 1747 3776 1821 discipules

544 1816 722 1873 rerum
758 1816 1155 1873 mundanaruin
1187 1836 1285 1873 usu
1333 1821 1440 1874 Deo
1471 1822 1678 1889 gratias
1707 1816 1970 1888 persolvit
1993 1863 2009 1882 ,
2056 1829 2107 1873 et
2141 1835 2184 1889 Β
2215 1816 2331 1874 εἰιῆ
2354 1823 2562 1877 similes
2595 1821 2863 1886 eﬂiciunt,
2901 1821 3025 1874 inde
3055 1818 3256 1887 colligit
3285 1833 3411 1889 eum
3437 1859 3451 1880 ,
3484 1818 3584 1886 qui
3619 1816 3776 1868 tradi-

539 1891 851 1944 Creatorem
877 1890 1181 1941 admiratur
1201 1930 1214 1947 .
1243 1909 1260 1939 ι
1282 1892 1407 1957 quia
1434 1887 1552 1957 ejus
1578 1887 1817 1957 fiuis’per
1837 1890 2110 1957 operatio-

541 1974 662 2011 nem
692 1961 994 2026 guosticam
1028 1975 1146 2027 qua:
1179 1962 1237 2011 fit
1266 1961 1656 2014 convenienter
1689 1961 1960 2013 mandatis
1980 1979 2028 2023 ,ι
2054 1961 2107 2014 in

543 2029 1056 2097 contemplationem
1083 2031 1281 2082 desinit
1299 2068 1314 2092 ,
1343 2041 1505 2098 atque.
1531 2031 1732 2084 idcirco
1756 2040 1876 2097 post
1901 2030 2108 2084 obitum

541 2100 608 2150 ad
652 2111 896 2152 sanctam
959 2098 1286 2152 transfertur
1345 2101 1863 2154 remunerationem.
1984 2099 2110 2154 llaec

539 2183 707 2240 porro
758 2169 1010 2240 Clemens
1038 2170 1212 2240 instar
1243 2170 1470 2222 seminis
1503 2169 1569 2224 de
1615 2188 1633 2221 ι
1663 2171 1910 2240 gnostico
1943 2189 1961 2222 ι
1991 2185 2020 2222 a
2049 2185 2108 2224 se

537 2236 742 2291 Gnrcis
789 2253 948 2305 quam
1001 2238 1318 2292 brevissime
1369 2240 1509 2292 dicta
1570 2236 1690 2293 esse
1738 2239 2010 2304 declarat,
2045 2255 2108 2294 ac

542 2309 835 2378 quidemn
878 2309 1020 2378 inter
1071 2317 1125 2361 et
1168 2309 1380 2363 fidelem
1426 2308 1754 2364 discriminis
1785 2309 2104 2378 intercedat,

536 2376 728 2445 paucis
761 2377 936 2443 aperit
962 2377 1027 2430 ".

611 2448 992 2518 At_protitetur
1017 2456 1191 2518 tamen
1223 2446 1322 2500 sibi
1353 2447 1527 2501 adhuc
1557 2447 1717 2514 longe
1748 2448 1897 2518 plura
1924 2463 1988 2502 ex
2013 2465 2104 2503 sa-

538 2516 649 2569 cris
679 2516 980 2583 Scripturis
1009 2517 1073 2569 de
1097 2536 1115 2567 ι
1141 2518 1387 2585 guostico
1413 2536 1431 2568 ι
1463 2516 1815 2579 succurrere,
1844 2533 1963 2584 quae
1990 2520 2108 2572 bre-

542 2586 728 2639 vitatis
757 2600 918 2640 causa
953 2587 1077 2639 aliis
1108 2587 1424 2654 explicanda
1453 2587 1766 2654 dereliquit.
1802 2586 1980 2642 Unum
2018 2591 2103 2642 ni-

539 2656 834 2726 hilominus
863 2671 928 2709 cx
961 2669 1117 2710 sexto
1146 2657 1334 2726 primae
1360 2657 1510 2710 Pauli
1547 2658 1613 2708 ad
1639 2658 1950 2712 Corinthios
1981 2660 2105 2726 Epi-

538 2725 692 2779 stola:
717 2727 902 2796 capite
938 2726 1110 2779 locum
1145 2725 1352 2794 profert
1375 2767 1388 2789 ,
1422 2742 1486 2780 ac
1515 2727 1664 2780 clara
1703 2725 2103 2796 perspicuaq’ue

538 2796 686 2868 illius
712 2795 1166 2868 interpretatione
1189 2807 1241 2849 et
1269 2795 1882 2868 paraphrasisumtnatn
1908 2816 1927 2849 ι
1969 2795 2102 2868 gno-

539 2865 670 2919 stici
700 2883 718 2916 ι
742 2865 1129 2938 perfectionem
1153 2877 1430 2938 pressc,ut
1454 2867 1570 2937 ipse
1600 2867 1858 2938 loquitur,
1885 2865 2102 2923 sed—ele-

535 2945 730 3004 ganter
759 2945 812 2988 et
842 2937 1122 2989 enucleate
1151 2937 1426 2990 describit.

612 3005 736 3058 Post
787 3005 902 3058 haec
953 3006 1039 3058 ille
1071 3006 1266 3075 Stylum
1320 3021 1478 3060 suum
1523 3007 1795 3061 convertit
1835 3009 2100 3065 adversus

535 3073 757 3148 Cra-cos
783 3073 1134 3148 philosophos
1150 3086 1202 3129 et
1229 3074 1462 3141 Judmos,
1485 3079 1584 3148 qui
1605 3088 1825 3147 propter
1847 3094 2096 3148 magnam

540 3144 810 3218 haeresum
861 3144 1257 3218 dissensionem
1317 3144 1518 3200 nomen
1560 3144 2098 3218 fidei'religioniqne

537 3212 866 3287 Christiana:
898 3216 1130 3287 dandum
1176 3230 1296 3269 esse
1331 3219 1699 3287 pernegabant
1728 3218 1793 3271 “.
1829 3212 1977 3285 Hanc
2009 3212 2103 3273 Ξιιιο

543 3294 648 3336 tem
677 3285 1082 3357 opinionemeo
1109 3283 1298 3357 falsam
1337 3300 1461 3341 esse
1492 3283 1721 3355 probat,
1751 3290 1894 3356 quod
1926 3283 2105 3357 plures

539 3356 919 3427 quoqueapud
954 3355 1076 3407 illos
1107 3355 1215 3427 sint
1245 3365 1409 3410 sectae
1437 3368 1601 3425 atque
1631 3355 1900 3424 haereses;
1927 3355 2107 3427 neque

541 3430 721 3475 tamen
771 3424 985 3496 idcirco
1019 3425 1278 3496 putabant
1315 3424 1661 3496 dogmatibus
1697 3429 1810 3481 suis
1851 3424 2102 3483 nuntium

539 3508 664 3563 esse
699 3493 1104 3546 remittendum.
1149 3494 1350 3548 Deinde
1383 3493 1673 3563 respondet
1715 3498 1968 3551 Clemens
2010 3499 2107 3553 has

542 3562 779 3615 hereses
814 3579 841 3614 a
871 3563 1088 3616 Christo
1117 3563 1282 3618 fuisse
1309 3562 1618 3633 praediolas,
1641 3577 1695 3620 et
1729 3570 2106 3634 reprehensio-

540 3647 664 3681 ιιι-ιιι
711 3648 804 3694 ea,
835 3649 954 3699 qua:
998 3634 1136 3686 bona
1181 3645 1338 3697 sunt,
1382 3637 1676 3704 subsequi;
1726 3649 1886 3705 atqtte
1928 3655 1956 3691 a
1991 3641 2106 3693 viro

539 3705 716 3778 probo
737 3711 890 3778 pacta
921 3717 1014 3778 sua
1043 3713 1096 3756 et
1116 3715 1386 3778 _conven_ta
1404 3706 1532 3778 ideo
1561 3721 1665 3759 non
1693 3707 1910 3775 infringi
1937 3749 1951 3772 ,
1980 3711 2104 3778 quia

538 3773 612 3850 ab.
631 3771 1088 3850 aliisquibusdam
1114 3773 1374 3850 improbis
1402 3775 1787 3850 infringuntu_r.
1812 3771 2102 3850 Prteterea,

540 3842 756 3894 etiamsi
800 3842 960 3894 varia:
995 3842 1102 3896 sint
1135 3846 1465 3898 medicorum
1497 3842 1658 3898 secta:
1681 3887 1696 3910 ,
1728 3847 1830 3900 hoc
1859 3863 1966 3900 non
2002 3842 2104 3900 im;

539 3913 684 3976 pedit
711 3949 726 3973 ,
759 3912 1048 3982 qumninus
1080 3913 1148 3966 ab
1180 3914 1338 3982 aegris
1373 3916 1632 3978 admissi,
1671 3919 1890 3971 morbos
1915 3932 2103 3972 eorum

540 3990 732 4032 curent
770 3995 834 4033 ac
873 3981 1150 4050 depellant
1183 3981 1249 4035 ³⁵.
1293 3985 1372 4038 Ad
1416 3986 1529 4039 haec
1569 4000 1698 4041 vero
1722 4026 1736 4048 ,
1770 3989 2002 4042 ltzereses
2037 4003 2103 4042 ex

537 4050 710 4103 nimio
734 4051 819 4103 sui
848 4051 1019 4124 ipsius
1047 4067 1232 4106 amore
1263 4063 1356 4107 aut
1382 4070 1516 4108 vana
1542 4055 1713 4124 gloria
1741 4058 1943 4111 idcirco
1970 4070 2103 4113 ortae

535 4127 709 4196 ειιιιι,Δ
736 4129 788 4174 ιιι
820 4134 945 4173 vera
971 4123 1148 4196 pietas
1178 4138 1444 4196 verosque
1475 4124 1567 4178 Dei
1595 4127 1770 4181 cultus
1794 4127 2103 4196 diligentius

533 4191 934 4263 emuninentnr.
978 4193 1097 4246 fluc
1131 4191 1375 4259 accedit,
1418 4196 1558 4263 quod
1595 4211 1623 4248 a
1662 4191 2098 4251 maturo-fructu

534 4273 694 4336 nemo
731 4261 1563 4336 abstinendumesseconseat,
1595 4267 1719 4334 quia
1755 4267 1894 4320 alius
1921 4270 2102 4335 perni-

534 4330 717 4406 ciosus
748 4330 845 4406 ipsi
879 4341 964 4384 est
993 4331 1207 4386 similis.
1250 4331 1434 4406 Neque
1451 4330 1627 4406 etiam
1658 4337 1815 4401 regia:
1850 4330 1949 4390 viae
1979 4353 2102 4406 pro.

533 4405 718 4475 pterea
751 4401 874 4475 quis
901 4417 1022 4456 sese
1057 4418 1161 4475 non
1193 4405 1528 4475 committit,
1567 4406 1690 4471 quia
1719 4407 1839 4458 alite
1868 4409 1933 4459 ad
1966 4401 2103 4475 pra--

533 4467 780 4544 t-ipitiutn
813 4471 1037 4544 ducunt.
1074 4471 1326 4544 Denique
1351 4473 1539 4544 hortos
1569 4467 1688 4528 ideo
1717 4467 2095 4544 agricola'non

533 4538 702 4606 colit,
740 4537 863 4606 quia
903 4540 1086 4592 herba:
1118 4537 1243 4595 cuni
1279 4541 1524 4596 oleribus
1559 4537 1882 4599 nascuntur.

607 4604 909 4684 'l‘nm'vero
941 4608 1194 4684 Ciemens
1239 4619 1424 4684 aperte
1455 4614 1794 4668 demonstrat
1827 4617 2098 4682 quomodo

532 4671 844 4755 Christiana
885 4679 1200 4755 veritas-ab
1237 4671 1492 4755 omnibus
1547 4671 1961 4755 haereticort'nn,
2002 4671 2097 4755 qui

531 4744 618 4794 vel
655 4745 900 4816 seipsos,
933 4749 1020 4800 vel
1061 4749 1200 4802 alios
1239 4751 1556 4816 decipiunt,
1597 4754 1876 4808 erroribus
1914 4744 2093 4810 secer-

531 4823 696 4894 natur
726 4815 1203 4894 “.“Haneautem
1245 4815 1380 4873 dicit
1404 4835 1492 4894 et
1525 4815 1682 4894 sacra
1727 4823 2008 4894 Scriptura
2045 4837 2099 4881 et

480 4911 486 4923 ι
531 4885 753 4962 antiqua
794 4885 1035 4962 Ecclesia
1081 4887 1245 4962 elici,
1281 4891 1714 4962 certissimisque
1758 4885 2100 4951 demonstra-

531 4956 770 5032 tionibps
804 4956 875 5007 ita
903 4959 1172 5032 probari,
1206 4969 1264 5012 ut
1295 4959 1364 5032 a._b
1389 4976 1451 5014 ea
1487 4956 1760 5032 nunquam
1799 4965 1891 5018 ulli
1920 4967 2098 5021 disce-

527 5024 659 5076 dere
689 5024 867 5100 liceat.
897 5029 1065 5082 Sacra
1099 5038 1280 5100 autem
1311 5028 1589 5100 Scriptura
1611 5024 1630 5098 ξ
1652 5035 1726 5088 ait
1757 5046 1947 5089 auctor
2000 5052 2101 5091 uo-

529 5104 665 5159 ster,
701 5093 944 5174 Deipara:
990 5098 1202 5161 similis,
1244 5093 1525 5174 veritatem
1577 5093 1758 5172 parit,
1790 5115 1952 5174 atque
1984 5107 2102 5174 ipsa

527 5179 743 5235 semper
773 5167 926 5233 virgo
953 5178 1256 5234 permanet.
1283 5167 1647 5235 Quamobrem
1679 5167 1915 5230 hairetici
1953 5167 2097 5232 illam

529 5234 854 5316 repudiant,
889 5238 972 5316 vei
1003 5238 1054 5290 in
1089 5254 1283 5307 pravos
1310 5234 1502 5316 sensus
1531 5246 1899 5313 detorquent,
1932 5257 2096 5314 atque

527 5305 736 5358 idcirco
767 5305 1036 5384 in__varios
1071 5305 1290 5384 errores
1325 5310 1460 5384 lapsi
1491 5325 1635 5366 sunt.
1667 5305 1738 5368 Αἰ
1768 5316 1813 5368 si
1850 5305 2097 5384 deposito

526 5387 746 5454 errore,
767 5375 978 5454 _aliqui_s
1015 5394 1135 5454 sese
1166 5375 1393 5454 veritati
1419 5385 1738 5454 permittat,
1775 5375 1935 5438 Deus.
1957 5402 2095 5454 quo-

524 5442 816 5524 dammodo
847 5442 912 5499 ex
948 5449 1164 5524 homine
1191 5442 1513 5524 efficitur".
1548 5442 1787 5508 Primum
1822 5442 2090 5524 siquidem

527 5519 792 5595 doctrinae
820 5526 1016 5570 nostrae
1047 5519 1372 5595 principium
1406 5521 1544 5578 Deus
1577 5523 1689 5592 ipse
1719 5537 1802 5579 est
1825 5567 1840 5592 ,
1876 5519 1962 5593 qui
1997 5543 2092 5595 per

527 5584 820 5650 prophetas
842 5625 857 5650 ,
893 5584 1257 5657 evangelistas
1288 5629 1302 5654 ,
1341 5600 1396 5644 et
1433 5584 1710 5662 apostolos
1752 5584 2090 5667 in'ej'usd'ent

599 5757 641 5786 "
685 5771 738 5824 p.
774 5757 896 5812 748.

532 5822 654 5880 759.

975 5766 1017 5796 ’³
1061 5780 1110 5833 p.
1151 5766 1276 5821 749.

735 5769 1017 5860 “718.”:
1061 5769 1400 5860 “30749.”?
1420 5770 1596 5860 p.150
1625 5783 1828 5860 etns‘eq.
1876 5773 1954 5860 ﬂ“

787 5846 871 5899 'p.
909 5831 1032 5888 760.

1113 5837 1156 5868 ⁸ο
1195 5854 1247 5907 p.
1288 5837 1429 5895 761.
1491 5841 1530 5873 ³³
1571 5853 1627 5908 Ρ.
1670 5843 1790 5897 762.

2128 4512 2178 4572 D

1991 5791 2043 5843 p.
2083 5773 2205 5828 755.

1874 5847 1915 5877 θ’
1954 5863 2006 5913 ν.
2039 5843 2162 5902 763.

2215 1899 2296 1943 tas
2325 1907 2353 1945 a
2390 1891 2618 1947 Domitio
2653 1891 2968 1960 Scripturas
2996 1897 3250 1960 secutus,
3289 1888 3393 1954 ipsi
3440 1903 3657 1960 ruerem
3687 1901 3769 1960 ge-

2209 1961 2315 2026 rit,
2349 1963 2414 2014 ad
2445 1962 2689 2029 magistri
2724 1955 3018 2027 imaginem
3048 1958 3163 2012 fieri
3195 1959 3250 2029 in
3283 1973 3463 2029 carne
3488 1955 3774 2029 Deumalit

2209 2045 2340 2085 sane
2374 2032 2464 2085 ille
2490 2027 2732 2086 ostendit
2758 2033 2866 2084 duo
2897 2041 3016 2085 esse
3047 2028 3251 2095 peccati
3283 2027 3566 2096 principia
3591 2065 3609 2085 ,
3639 2028 3775 2079 vide-

2208 2099 2336 2154 licet
2365 2103 2726 2170 ignorantiam
2762 2110 2818 2154 et
2857 2098 3306 2154 imbecillitatem.
3345 2099 3417 2170 ᾼι
3453 2097 3663 2170 prioris
3692 2113 3772 2148 re-

2208 2165 2444 2225 medium
2479 2181 2562 2226 est
2590 2171 2830 2240 cognitio
2857 2180 2913 2224 et
2941 2171 3221 2235 desumpta
3250 2182 3317 2240 ex
3338 2165 3668 2240 ‘Scripturis
3693 2181 3772 2240 sa-

2207 2241 2315 2295 cris
2344 2241 2569 2296 evidens
2599 2237 3028 2302 demonstratio;
3062 2237 3381 2307 posterioris
3417 2251 3557 2290 vero
3582 2247 3666 2289 est
3684 2237 3774 2287 dn-

2207 2321 2297 2365 cta
2331 2325 2398 2364 ex
2442 2311 2544 2364 fide
2585 2318 2642 2365 et
2689 2311 2884 2364 timore
2916 2304 3257 2362 exercitatio.
3305 2304 3565 2375 Utraque
3608 2318 3772 2357 autem

2207 2380 2260 2434 in
2305 2379 2602 2449 perfectam
2639 2381 2840 2435 crescit
2875 2397 2893 2430 ‹
2925 2377 3155 2449 gnoslici
3185 2395 3202 2428 ι
3233 2377 3593 2449 charitatem.
3639 2375 3770 2449 Fieri

2206 2446 2387 2520 autem
2461 2459 2640 2520 potest
2700 2461 2759 2504 ut
2825 2446 3063 2520 haeretici
3105 2448 3219 2502 hmc
3257 2446 3661 2520 _int_ellig_et_ttes
3713 2446 3773 2496 ad

2205 2518 2372 2571 Deum
2405 2515 2791 2573 convertantur
2822 2519 2889 2571 ⁸¹.
2927 2517 3022 2571 Sin
3061 2532 3190 2571 vero
3221 2516 3492 2570 obstinati
3540 2515 3598 2567 in
3632 2531 3772 2568 erro-

2207 2589 2356 2642 ribus
2385 2598 2768 2657 perseverent,
2799 2589 2866 2641 ab
2891 2589 2986 2657 illo
3013 2588 3174 2641 etiam
3211 2585 3595 2657 severioribus
3625 2601 3773 2655 quam

2204 2656 2521 2727 peccatores
2547 2656 2793 2713 catholiCi
2825 2656 3127 2712 afﬁcientur
3155 2656 3461 2724 suppliciis.

2277 2727 2401 2781 Haec
2429 2743 2592 2797 porro
2622 2739 2812 2783 auctor
2842 2738 3026 2782 noster
3053 2743 3082 2779 a
3114 2742 3171 2781 se
3200 2728 3473 2797 hactenus
3502 2724 3771 2797 disputata

2203 2810 2324 2850 esse
2347 2795 2634 2868 significat,
2665 2809 2722 2851 ut
2749 2798 2926 2852 nullus
2955 2797 3006 2849 in
3036 2797 3292 2868 haeresim
3310 2795 3560 2868 incidat;
3598 2805 3710 2868 aut,
3731 2796 3771 2868 si

2202 2869 2326 2935 quis
2361 2863 2422 2921 in
2444 2883 2564 2922 eam
2604 2869 2887 2932 inciderit,
2919 2867 3197 2936 possitque
3230 2865 3639 2936 adhucrsanari
3661 2904 3675 2926 ,
3711 2863 3771 2915 ad

2201 2939 2488 2991 veritatem
2540 2939 2868 2992 adducatur.
2913 2935 3123 2993 Verum
3160 2951 3226 2990 ex
3272 2937 3338 2989 iis
3377 2935 3574 3004 plures
3618 2944 3771 2993 sunt.

2202 3009 2294 3074 qui
2329 3023 2508 3062 rerum
2540 3023 2802 3061 novarum
2829 3005 3052 3076 cupidi,
3084 3006 3375 3072 voluptatis
3421 3015 3767 3062 sectatores.

2201 3077 2449 3147 falsaque
2478 3078 2650 3144 gloria
2687 3075 2934 3140 incensi,
2963 3091 3151 3147 sacras
3181 3075 3502 3147 Scripturas
3531 3090 3771 3147 co_rrui_n-

2129 3176 2171 3232 Ο
2205 3143 2424 3232 punt'et
2452 3143 2780 3232 adulteram.
2814 3147 2970 3200 Tales
2997 3143 3223 3232 inerunt
3257 3144 3550 3232 Marcion,
3589 3143 3768 3232 Prstili-

2208 3233 2326 3278 cus.
2360 3227 2414 3272 et
2445 3219 2534 3270 alii
2565 3218 2802 3282 similes,
2833 3232 2953 3271 cum
2986 3216 3182 3284 quibus
3211 3217 3344 3270 bene
3373 3226 3564 3268 actum
3596 3225 3769 3284 esset,

2209 3288 2252 3340 si
2286 3302 2348 3342 ea
2380 3289 2520 3342 scire
2553 3289 2892 3356 potuissent,
2928 3283 3049 3356 qua:
3091 3286 3250 3356 prius
3276 3287 3478 3338 tradita
3513 3294 3674 3338 erant
3704 3283 3766 3334 ³⁸.

2207 3357 2367 3412 Solus
2396 3371 2525 3426 ergo
2553 3355 2570 3408 ι
2601 3358 2880 3425 gnosticus
2909 3376 2928 3409 ι
2949 3355 3009 3410 in
3052 3355 3188 3426 ipsis
3213 3355 3543 3426 Scripturis
3583 3370 3766 3426 conse-

2209 3429 2362 3490 nuit,
2400 3423 2490 3496 qui
2528 3423 2712 3480 verbis
2747 3437 2801 3480 et
2836 3427 2996 3492 factis
3040 3423 3391 3480 traditionem
3431 3423 3657 3496 Domini
3695 3441 3771 3476 se-

2207 3494 2496 3565 quitur,'et
2525 3511 2660 3568 quas
2689 3498 2739 3551 in
2767 3496 2958 3552 iisdem
2988 3497 3186 3568 qumrit
3217 3496 3524 3566 Scripturis
3554 3494 3767 3549 demou-

2207 3569 2497 3622 strationes
2526 3565 2748 3622 invenit.
3005 3565 3024 3568 ⁷
3277 3614 3282 3624 .

2277 3638 2428 3710 Quod
2471 3636 2668 3710 siquis
2707 3634 2969 3710 obiecerit
3001 3635 3369 3710 cognitionem
3393 3675 3409 3698 ,
3446 3633 3771 3710 «(vrba-me

2207 3707 2488 3775 Scriptura
2526 3706 2764 3775 loquitur
2804 3725 2823 3758 ι
2857 3707 3045 3762 inflare
3063 3705 3132 3772 ,⁷ο
3165 3705 3450 3775 φυσιοῦνν
3489 3705 3771 3772 respondet

2205 3777 2590 3846 Clemensrhoc
2625 3777 2794 3831 verbo
2824 3778 3123 3846 significari
3151 3794 3170 3827 ‹
3203 3776 3499 3846 magnifice
3539 3785 3599 3828 et
3650 3789 3764 3826 vere

2206 3847 2408 3902 sentire
2444 3845 2510 3900 ³⁸.
2543 3865 2562 3898 ι
2592 3847 2656 3900 Et
2682 3848 2734 3900 id
2761 3845 2979 3916 quidem
3009 3849 3130 3902 aliis
3159 3847 3459 3913 Scriptura:
3490 3845 3633 3898 locis
3663 3853 3767 3897 sta-

2208 3917 2416 3971 bilitum
2463 3931 2585 3971 esse
2615 3917 2975 3971 demonstrat.
3025 3917 3160 3972 Cum
3192 3930 3321 3985 ergo
3370 3917 3677 3984 magnifica
3722 3925 3768 3965 et

2205 4002 2332 4040 vera
2362 3987 2432 4040 sit
2460 4001 2628 4041 sacrm
2657 3987 2954 4055 Scriptura:
2979 3987 3246 4054 cegnitio,
3281 3986 3466 4039 nullus
3493 3997 3650 4039 certe
3675 3985 3766 4037 ulla

2206 4073 2447 4125 unquam
2480 4057 2550 4111 de
2583 4072 2747 4111 causa
2781 4072 2958 4126 neque
2999 4057 3144 4110 illam
3184 4057 3488 4126 depravare
3525 4065 3622 4107 aut
3655 4071 3764 4107 cor-

2206 4141 2495 4194 rumpere,
2532 4141 2708 4196 neque
2739 4125 3016 4195 cupiditati
3064 4141 3324 4195 vanaque
3369 4125 3558 4195 gloria:
3605 4127 3766 4196 inser-

2205 4193 2438 4260 viendo,
2475 4193 2903 4266 ecclesiasticam
2937 4196 3176 4266 regulam
3206 4193 3392 4250 furari
3414 4196 3600 4266 debet.
3633 4193 3765 4258 Qua-

2205 4267 2786 4335 propternechteretici
2815 4265 3040 4333 hujusce
3083 4267 3331 4320 criminis
3377 4265 3630 4327 conscii,
3677 4278 3764 4315 nec

2206 4335 2295 4406 alii
2332 4339 2399 4388 ab
2434 4338 2499 4390 iis
2531 4337 2785 4405 decepti,
2819 4338 2870 4390 in
2905 4352 3132 4406 regnum
3164 4337 3449 4406 intrabunt
3481 4335 3760 4406 ccelorutu.

2205 4404 2321 4458 Non
2353 4407 2498 4458 enim
2532 4404 2734 4460 habent
2765 4421 2948 4459 veram
2974 4404 3272 4461 Dominica:
3309 4405 3630 4459 traditionis
3663 4405 3764 4457 clav

2205 4475 2353 4538 vim,
2389 4476 2484 4530 sed
2518 4477 2807 4544 quamdam
2839 4476 3030 4530 falsam
3053 4516 3068 4540 ,
3108 4493 3240 4545 qua,
3281 4476 3472 4530 exciso
3511 4473 3763 4527 Ecclesia

2203 4545 2345 4597 ostio
2397 4555 2453 4599 et
2501 4545 2745 4614 perfosso
2791 4547 2934 4602 illius
2977 4562 3167 4615 muro,
3221 4546 3467 4600 veritatis
3497 4546 3762 4599 cancellos

2207 4617 2704 4684 transgrediuntur.

2276 4683 2415 4755 Hinc
2441 4685 2692 4739 Clemens
2714 4686 2909 4755 probat
2933 4700 3119 4740 omnes
3145 4685 3263 4739 illos
3284 4683 3578 4739 haereticos
3606 4686 3760 4738 fuisse

2204 4769 2332 4807 vera
2365 4754 2518 4824 longe
2549 4754 2877 4810 recentiores
2907 4757 3145 4810 Ecclesia
3169 4794 3186 4818 ,
3228 4770 3347 4824 qua:
3388 4766 3443 4807 et
3496 4757 3758 4809 catholira

2205 4833 2262 4878 et
2292 4825 2616 4879 universalis
2645 4839 2766 4880 esse
2800 4827 2997 4890 debet,
3030 4835 3084 4879 et
3127 4840 3230 4878 una
3276 4834 3485 4877 tantum
3519 4842 3641 4878 esse
3675 4841 3758 4892 po-

2211 4904 2336 4948 test.
2366 4895 2510 4948 lllius
2536 4905 2716 4949 autem
2743 4897 3035 4950 eminentia
3062 4895 3604 4964 constructionisque
3629 4898 3761 4964 prin-

2207 4965 2410 5033 cipium
2436 5004 2451 5028 ,
2485 4975 2678 5019 caetera
2717 4967 2897 5019 omnia
2933 4981 3233 5035 superans,
3264 4965 3480 5018 unitate
3516 4981 3615 5018 sua
3647 4964 3760 5016 fun-

2209 5036 2370 5088 datur
2413 5045 2468 5089 et
2511 5037 2860 5089 constituitur
2909 5036 2976 5088 “.
3003 5034 3221 5088 'Verum
3256 5037 3497 5089 hmreses
3543 5052 3612 5088 ex
3660 5037 3758 5087 suis

2209 5106 2564 5170 auctoribus,
2612 5105 2779 5170 locis,
2829 5115 3022 5174 gente,
3075 5106 3461 5173 dogmatibus,
3514 5117 3608 5158 aut
3652 5119 3759 5172 per-

2211 5179 2385 5229 versis
2415 5178 2624 5230 actibus
2653 5191 2849 5230 nomen
2883 5178 3090 5230 sortitte
3122 5184 3266 5228 sunt.
3300 5175 3552 5244 Denique
3580 5186 3759 5228 auctor

2206 5256 2395 5298 noster
2421 5248 2580 5301 duret
2606 5245 2838 5299 Mosaica
2870 5247 2936 5299 de
2968 5246 3182 5301 mundis
3221 5256 3278 5298 et
3314 5246 3615 5299 immundis
3651 5248 3756 5297 ani-

2204 5316 2440 5386 malibus
2488 5322 2604 5386 tege
2653 5316 2841 5370 fideles
2863 5355 2878 5381 ,
2908 5315 3126 5374 Iudaeos
3157 5324 3323 5384 atque
3352 5318 3647 5369 itarreticos
3675 5315 3759 5386 de:

2202 5385 2405 5453 signari
2432 5402 2447 5450 ;
2477 5385 2851 5456 ac’postquam
2886 5389 2950 5440 de
2983 5387 3142 5440 modo
3201 5400 3306 5456 quo
3334 5386 3548 5456 bilibri
3575 5385 3753 5449 scripti

2199 5467 2360 5521 sunt,
2397 5471 2698 5524 eorumque
2717 5455 2873 5510 titulo
2911 5457 3150 5511 breviter
3181 5455 3444 5510 disseruit
3483 5494 3500 5520 ,
3544 5458 3668 5509 huic
3702 5455 3754 5503 li-

2197 5527 2336 5590 bro,
2391 5526 2556 5596 alium
2615 5536 2797 5581 tamen
2847 5527 3025 5582 adhuc
3083 5526 3489 5596 promittendo,
3540 5529 3755 5596 imponi:

2196 5596 2506 5651 coronidetn
2537 5595 2606 5651 ³⁸.

2283 5776 2327 5806 ’⁵
2362 5791 2415 5844 p.
2451 5773 2576 5838 755,
2611 5775 2736 5830 756.

2812 5775 3024 5846 "ibid.
3101 5777 3145 5807 ετ
3183 5791 3237 5846 ρ.
3279 5775 3402 5833 757.

2242 5844 2282 5875 ³³
2321 5862 2372 5919 ρ.
2417 5846 2536 5901 tot.
2616 5847 2661 5880 ιδ
2707 5861 2764 5918 ρ.
2796 5845 2920 5903 765.

2997 5848 3041 5879 ³⁵
3086 5862 3139 5918 p.
3175 5847 3296 5902 766.

3479 5781 3523 5812 ³³
3559 5796 3610 5847 p.
3637 5777 3746 5838 75-3,
