3906 6566
606 387 743 442 1059

1265 382 1334 438 IN
1352 369 1794 438 ‘CLEMENTEM
1831 375 2034 432 ALEX.
2077 376 2138 431 ι).

2302 375 2588 433 NOURRY
2627 373 3090 432 DISSERTATIO
3119 374 3186 431 ll.

3690 373 3822 430 ιιιςθ

602 502 745 556 enim
775 497 978 554 Gelous
1006 496 1060 549 in
1086 493 1442 558 Pseudoaiace
1458 493 1638 548 dixit:
1681 491 1908 547 Gladius
1931 493 2163 558 ,_ruspis
2190 494 2237 550 Α
2267 491 2585 552 tcntaverit,
2617 491 2661 544 is
2699 493 2998 546 meridiano
3043 501 3098 545 et
3147 489 3449 546 clarissimo
3499 487 3602 544 soli
3651 491 3822 546 licem

603 554 658 625 et
687 568 943 635 stragula;
977 554 1338 631 Apollodorus
1364 562 1847 635 autemCaristius
1865 554 2162 635 in'Bene/i-

612 644 751 695 cium
803 630 1156 704 rependeute:
1201 635 1482 701 Stragulas
1536 631 1853 704 dissuebant
1881 630 2160 704 "._i_l’o-

603 721 806 763 stremo
839 700 955 774 ipse
983 710 1234 758 observat
1261 700 1480 774 verbum
1511 700 1806 774 στρώματᾳ.
1834 702 1976 774 apud
2009 700 2162 754 Anti-

603 779 835 849 phanem
861 768 920 849 ἐι
952 774 1274 849 Sephoclem
1307 788 1404 840 pro
1435 768 1593 826 lectis
1617 768 1847 849 inveniri
1878 768 1945 823 ⁸⁷⁸.

674 848 747 901 Ex
786 847 873 900 his
909 838 1092 914 itaque
1135 838 1319 911 liquet
1348 857 1509 896 voces
1559 838 1855 914 στρώματα
1895 850 1952 914 c_t_
1984 857 2159 911 στρω-

607 920 797 990 ματεῖς
820 909 1024 990 sa'pius
1053 927 1170 990 pro.
1191 909 1320 965 arca
1351 921 1406 964 et
1427 926 1584 990 vase,
1629 909 1822 990 velrrsi
1853 909 2160 990 ωηεν-Ῥω

602 980 783 1050 sacco,
820 987 870 1038 in
902 980 1007 1052 quo
1037 980 1356 1036 vestimenta
1383 982 1526 1052 varie
1549 988 1800 1052 contexta
1826 980 2159 1052 reponeban-

606 1069 714 1122 tur,
750 1049 1236 1124 atqne'aliquando
1267 1066 1364 1124 pro
1396 1051 1642 1124 ipsismet
1668 1049 1772 1124 illis
1799 1049 2156 1124 vestimentis,

602 1118 710 1182 vel'
737 1118 874 1178 varii
923 1118 1231 1186 diversique
1269 1118 1486 1175 coloris
1541 1119 1814 1186 tapetibus
1861 1118 2056 1188 accipi.
2091 1121 2159 1174 At

604 1211 801 1251 nomen
837 1194 1186 1265 στρωματεῖς
1213 1192 1254 1265 si
1301 1191 1468 1259 priori
1511 1196 1726 1265 tantum
1769 1202 1929 1265 sensu
1971 1203 2001 1241 a
2039 1189 2159 1242 Cle-

607 1275 789 1321 mente
821 1256 1134 1330 usurpatum
1164 1256 1327 1314 fuisse
1355 1258 1680 1330 contendas,
1713 1256 1853 1310 haud
1890 1272 2032 1327 aegre
2061 1274 2159 1312 nos

608 1337 662 1389 in
694 1328 1019 1388 sententiam
1054 1341 1198 1382 tuam
1241 1330 1549 1398 pertrahes.
1572 1328 1822 1398 Auimmu
1855 1336 2031 1380 tamen
2062 1330 2158 1381 ad-

607 1413 788 1458 vertas
814 1404 973 1456 velim
1011 1400 1080 1454 de
1112 1397 1258 1453 vocis
1291 1403 1356 1452 ab
1401 1408 1623 1451 auctore
1667 1397 1845 1464 aliquo
1885 1407 2159 1464 usurpatae

611 1474 1006 1543 significatione
1043 1485 1148 1543 non
1182 1483 1300 1543 esse
1327 1468 1665 1543 litigandum,
1686 1465 1790 1543 _ubi
1825 1465 2068 1543 illeAquid
2095 1483 2157 1521 ea

608 1535 742 1597 vo'ee
772 1542 1096 1595 intellexerit
1136 1540 1274 1593 haud
1311 1535 1544 1593 obscure
1582 1536 1846 1592 declarat.
1895 1535 2157 1600 Quoniam

609 1627 738 1682 ergo
764 1612 1023 1682 Clemens
1045 1609 1208 1682 libros
1235 1625 1360 1663 suos
1386 1624 1521 1682 cuni
1549 1614 1706 1671 prato
1735 1615 1791 1682 et
1829 1607 2002 1682 spisso
2047 1622 2142 1660 ne-

612 1675 779 1746 more,
805 1682 969 1734 variis
995 1679 1215 1732 floribus
1243 1690 1297 1733 et
1325 1677 1630 1738 arboribus,
1658 1675 1802 1746 nullo
1829 1676 2018 1728 ordine
2047 1690 2161 1744 per-

611 1745 1057 1816 mistis,'eonsito
1093 1758 1388 1817 comparat,
1439 1747 1564 1817 quid
1616 1745 1770 1817 titulo
1798 1748 2160 1817 praeparet;

612 1823 741 1907 ipsis
767 1814 1030 1888 inscripto
1056 1819 1158 1874 sibi
1187 1814 1340 1884 velit,
1372 1817 1512 1873 haud
1548 1816 1618 1869 ita
1651 1814 1938 1869 dilliciliter
1962 1814 2158 1869 i'ntelli-
2200 1853 2243 1907 Β

605 1901 944 2016 gllCaeterum
997 1959 1063 2014 de
1089 1957 1276 2014 Graeca
1329 1957 1416 2011 illa
1447 1967 1602 2017 voce,
1640 1967 1800 2022 quam
1855 1952 1946 2007 alii
1981 1953 2170 2009 Latine

603 2047 741 2099 opus
772 2033 919 2085 varie
953 2040 1268 2084 contextum
1292 2066 1306 2092 ,
1355 2028 1446 2099 alii
1489 2025 1853 2099 lllisceilanea,
1896 2024 1985 2078 alii
2020 2025 2171 2078 dcui-

606 2094 710 2168 qne
741 2101 981 2169 plurimi,
1009 2099 1198 2169 Graeco
1231 2098 1453 2169 nomine
1484 2102 1727 2169 retento,
1769 2094 2042 2169 Stromata
2074 2108 2172 2169 ap-

607 2163 974 2239 pellaverunt,
1024 2168 1223 2239 videsis
1265 2165 1642 2239 Casaubonum
1675 2164 1727 2218 in
1758 2163 1872 2217 suis
1905 2164 1972 2216 ad
2001 2166 2168 2218 Athe-

607 2237 780 2294 narum
813 2238 1386 2292 Animadversionihus
1416 2237 1482 2290 ".

679 2310 865 2362 Plures
906 2323 1066 2375 porro
1109 2316 1232 2360 ante
1267 2307 1601 2360 Clementem
1642 2303 2171 2375 nostrumscriptou

608 2395 696 2456 res
725 2372 977 2448 operibus
1006 2374 1709 2456 suis‘riomenptpmpa'fi;
1751 2386 1847 2456 pro
1881 2372 2038 2427 titulo
2069 2389 2168 2442 po-

606 2442 781 2501 suissé
821 2457 1069 2501 testatum
1099 2445 1304 2501 Gellius
1344 2442 1473 2499 facit
1498 2442 1563 2496 ⁷⁸.
1607 2442 1874 2496 Eusebius
1914 2456 2044 2494 vero
2090 2454 2170 2497 te-

608 2519 924 2571 stimonium
943 2517 1097 2569 nobis
1123 2517 1368 2583 protulit,
1399 2517 1739 2583 desumptum
1764 2510 1871 2564 ἀπὸ
1890 2511 1982 2564 τοῦ
1997 2512 2170 2566 Πλου-

603 2589 805 2658 τάρχου
838 2586 1275 2658 «putaremur
1303 2601 1365 2638 ex
1396 2583 1664 2658 Plutarchi
1690 2583 2162 2658 stromatibusf’a

607 2652 1188 2726 Eoiiaquelnbentius
1219 2655 1468 2710 Clemens
1516 2657 1657 2726 hunc
1700 2652 1852 2726 libris
1884 2652 2006 2707 suis
2033 2653 2166 2706 titu-

608 2727 716 2778 lum
752 2723 1046 2796 ἱιῐεριίμείι,
1083 2741 1190 2794 quo
1224 2726 1276 2779 id
1307 2737 1362 2778 et
1390 2725 1616 2795 paganis
1657 2723 1950 2783 usitatius,
1984 2732 2038 2776 et
2071 2738 2168 2778 suo

605 2799 881 2866 proposito
909 2797 1086 2862 aptius
1116 2797 1632 2866 convenientiusquc
1656 2805 1777 2846 esse
1806 2801 2058 2866 noverat.

680 2861 752 2920 De
793 2861 1012 2921 sincero
1066 2867 1226 2932 hujus
1267 2865 1451 2935 operis
1487 2861 1641 2935 titulo
1687 2861 1887 2916 certior
1933 2861 2162 2916 forsitan

605 2935 734 2989 ferri
781 2944 967 3004 posset
1021 2932 1322 3004 sententia,
1367 2935 1410 2989 si
1463 2934 1594 2988 illud
1627 2932 1891 3004 integrum
1937 2940 2080 2986 esset
2111 2942 2165 2987 et

607 3001 929 3073 perfectum.
961 3005 1031 3059 At
1062 3003 1173 3075 jam
1207 3020 1233 3058 a
1269 3005 1425 3075 longo
1461 3013 1704 3075 tempore
1732 3001 1911 3070 capite
1943 3011 2165 3056 trunca-

608 3090 740 3140 tum,
792 3090 887 3128 sua
924 3074 1278 3142 inscriptione
1325 3074 1380 3128 ct
1426 3074 1696 3144 principio
1739 3079 1930 3133 caret;
1990 3087 2165 3142 neque

606 3144 738 3198 illud
767 3145 907 3198 nllus
936 3145 1332 3213 manuscriptus
1377 3145 1546 3198 codex
1599 3145 1864 3213 hactenus
1894 3145 2162 3213 resarcire

603 3194 1872 3282 se‘;e.'i.*a.1..égentianaegitimam-ao,
1907 3194 1952 3265 si
1967 3194 2163 3266 .aaic
2186 3194 2228 3252 C

603 3293 861 3343 exstaret.
898 3293 1234 3352 compertum
1292 3284 1476 3353 utique
1523 3283 1992 3353 liaberetnus,_et
2035 3297 2157 3351 qua:

606 3354 773 3406 luerit
807 3354 996 3406 horum
1027 3349 1288 3408 librorum
1324 3349 1608 3421 inscriptio
1629 3391 1645 3417 ,
1671 3357 1744 3421 let
1767 3351 1852 3404 cui
1881 3349 1998 3405 illos
2034 3349 2159 3406 Cle-

606 3438 758 3476 mens
786 3423 1200 3490 nuncupaverit.
1231 3425 1306 3478 De
1333 3425 1436 3478 hac
1460 3420 1640 3477 autem
1657 3420 1870 3490 jactura
1896 3435 1960 3475 eo
1983 3422 2159 3475 minus

603 3493 937 3554 dolendum,
972 3489 1091 3559 iquo
1125 3494 1375 3557 aliunde,
1415 3492 1491 3546 uti
1542 3491 1774 3546 vidimus
1809 3489 1856 3521 ⁸⁸
1881 3529 1896 3554 ,
1947 3491 2160 3545 facilius

605 3561 1017 3631 deprehendere
1064 3576 1351 3630 possumus
1373 3611 1386 3626 ,
1430 3576 1597 3631 pauca
1625 3562 1910 3631 admodum
1940 3575 2005 3631 ex,
2035 3561 2158 3614 libri

606 3631 766 3697 primi
811 3631 966 3683 initio
998 3628 1166 3685 luisse
1197 3642 1290 3685 aut
1313 3628 1488 3686 deleta
1519 3636 1614 3684 aut
1640 3630 1846 3684 avulsa.
1880 3630 1957 3681 Ex
1997 3630 2061 3684 iis
2081 3632 2158 3683 si-

604 3700 826 3770 quidem
851 3737 865 3762 ,
901 3716 1020 3770 qua:
1065 3711 1384 3769 supersunt,
1430 3701 1632 3769 liquido
1655 3699 1995 3770 colligimus,
2027 3699 2161 3754 nihil

604 3769 797 3841 ibiuisi
819 3784 980 3841 uuam
1002 3783 1092 3822 aut
1110 3772 1334 3825 alteram
1355 3771 1594 3841 phrasim
1618 3778 1825 3822 tantum
1845 3769 2157 3824 desiderari.

681 3839 850 3892 Multo
880 3839 1042 3907 igitur
1067 3842 1240 3909 magis
1269 3839 1518 3909 graviora
1551 3848 1678 3909 sunt
1705 3852 1891 3894 eorum
1911 3877 1927 3900 ,
1960 3855 2078 3905 qua:
2106 3842 2159 3894 in

602 3909 818 3977 septimi
852 3909 976 3962 libri
1010 3910 1115 3963 line
1151 3908 1337 3964 auctor
1361 3919 1548 3965 nos-ter
1575 3908 1906 3977 scripturmn
1947 3923 2006 3961 se
2040 3925 2160 3964 esse

600 3980 1182 4050 promiseratadamua
1229 3991 1394 4050 atque
1443 3979 1796 4050 detrimenta.
1851 3977 1926 4031 lbi
1987 3981 2163 4032 enim-

599 4063 728 4102 vero
757 4049 848 4102 ille
877 4049 1159 4116 pollicetur
1188 4049 1316 4105 fore
1343 4062 1401 4105 ut
1433 4051 1598 4104 alium
1633 4049 1699 4102 de
1751 4050 1836 4102 his
1863 4087 1878 4112 ,
1907 4062 2028 4116 qua:
2055 4050 2160 4103 sibi

597 4119 825 4173 dicenda
873 4120 1051 4174 adhuc
1087 4130 1279 4185 erant,
1318 4123 1514 4176 librum
1553 4119 1891 4174 conficeret:
1936 4135 1954 4166 ι
1986 4122 2162 4187 Atque

598 4191 736 4242 adeo
761 4197 879 4256 post
902 4188 1048 4244 hunc
1071 4192 1357 4260 septimum
1384 4192 1580 4246 librum
1611 4187 1962 4252 Stramatum,
1985 4190 2053 4243 de
2079 4191 2162 4246 his

601 4275 720 4325 qua:
780 4261 1033 4326 deinceps
1096 4260 1608 4328 sequuntur,aliud
1659 4273 1935 4312 sumamus
2005 4275 2164 4314 exor-

601 4331 747 4381 dium
778 4328 845 4380 ⁸⁸.
877 4336 900 4379 ι
951 4332 1033 4381 An
1086 4340 1266 4384 tamen
1307 4331 1570 4385 Clementi
1619 4341 1715 4397 per
1752 4331 1956 4392 otium,
2002 4340 2164 4398 atque

598 4400 762 4450 etiam
796 4413 893 4466 per
925 4399 1130 4464 diram,
1177 4411 1304 4455 tunc
1349 4399 1684 4454 saevientium
1731 4401 1784 4453 in
1819 4399 2163 4456 Christianos

600 4477 949 4540 tyrannorum
981 4471 1414 4535 persecutionem
1443 4468 1726 4540 promissis
1751 4479 1900 4524 stare
1922 4469 2158 4535 licuerit,

600 4536 742 4588 haud
779 4538 849 4588 ita
877 4548 1086 4591 certum
1117 4548 1220 4593 est.

670 4608 880 4677 §_cjtnus
897 4607 1110 4677 quidem
1129 4609 1358 4677 septimo
1394 4606 1714 4662 Stromatum
1736 4608 1874 4666 libro
1905 4611 2070 4665 alium
2101 4610 2155 4664 in

600 4673 760 4751 137
781 4674 940 4727 editis
958 4673 1532 4751 suhjnugi.Sedhunc,
1551 4679 1626 4730 uti
1657 4694 1754 4751 suo
1786 4681 1904 4736 loco
1934 4687 2159 4736 demon-

595 4749 907 4804 strabimus,
949 4749 1192 4813 spuriuut
1242 4751 1467 4802 omnino
1515 4757 1572 4801 et
1618 4749 1986 4805 adulterinum
2033 4765 2158 4805 esse

594 4829 753 4867 nemo
803 4826 932 4866 sane
983 4831 1088 4868 non
1136 4817 1275 4871 ultro
1320 4818 1544 4870 fatetur.
1598 4820 1966 4882 Quorumdam
2017 4835 2154 4874 vero

592 4885 776 4952 opinio
807 4891 899 4954 est
939 4898 969 4936 a
1015 4885 1317 4950 Clemente,
1353 4897 1411 4940 ut
1453 4886 1611 4941 fidem
1665 4905 1817 4942 suam
1872 4892 2145 4954 liberaret,

591 4951 999 5032 editumnfnisse
1041 4957 1232 5032 librum
1257 4966 1548 5032 ‘octavutn,
1592 4973 1754 5028 quem
1808 4961 1912 5014 alio
1957 4951 2144 5013 tituloi

593 5024 726 5095 Qui:
776 5021 917 5075 dives
970 5023 1204 5078 salvetur
1257 5027 1574 5095 inscriptum
1609 5021 1736 5084 csse
1785 5033 2145 5085 arbitrantur.

596 5092 783 5146 Utrum
831 5102 1009 5170 autem
1043 5109 1168 5148 vera
1218 5099 1303 5170 sit,
1337 5092 1451 5170 haec
1499 5100 1803 5168 sententia,
1855 5115 1956 5154 nos
2008 5099 2149 5154 infra

588 5163 960 5232 Opportuniori
979 5163 1098 5218 loco
1129 5166 1581 5224 examinabimus.

658 5232 846 5285 Nullus
875 5246 1037 5296 porro
1066 5237 1342 5290 dubitandi
1369 5236 1516 5291 locus
1547 5249 1629 5296 est
1660 5249 1832 5295 totum
1857 5238 1973 5306 iboc
2007 5252 2142 5306 epus

587 5305 656 5357 ab
682 5307 1180 5370 ipsometﬂauctore
1212 5321 1310 5361 suo
1341 5307 1522 5363 varios
1557 5311 1609 5364 in
1647 5311 1813 5364 libros
1845 5307 2013 5361 fuisse
2043 5305 2142 5360 7di-

585 5369 760 5448 visum
791 5373 858 5448 3‘.
902 5369 1037 5448 Nam
1074 5387 1433 5444 praeterquam
1478 5382 1619 5448 quod
1665 5380 1872 5447 primus
1917 5377 2067 5448 liber
2088 5378 2140 5448 in

585 5444 783 5519 quinto
805 5444 1002 5519 citatus
1026 5446 1245 5515 legitur,
1280 5449 1329 5500 id
1354 5444 1613 5514 praeterea
1637 5444 1704 5504 ex
1732 5450 1992 5519 cujusque
2017 5445 2143 5519 libri

587 5516 691 5568 line
722 5515 854 5568 adeo
897 5517 1103 5570 clarum
1133 5527 1188 5571 et
1214 5527 1456 5587 apertum
1487 5531 1590 5586 est,
1623 5531 1680 5574 ut
1699 5515 1880 5589 qui'id
1908 5515 2144 5588 probare

653 5680 705 5756 7:
740 5680 900 5756 idem,
929 5683 963 5738 l.
998 5701 1060 5746 x,
1095 5701 1145 5741 c.
1175 5685 1236 5740 5|
1265 5725 1278 5749 ,
1312 5701 1364 5756 p.
1393 5685 1520 5744 489.

585 5817 628 5849 ⁸³
666 5821 704 5874 l.
740 5837 786 5887 ν,
819 5839 871 5890 ιι.
903 5817 1030 5880 550.
1106 5826 1150 5857 ⁸³
1182 5827 1217 5879 Ι.
1249 5842 1330 5891 ιιι,
1360 5842 1410 5894 p.
1438 5828 1559 5882 473.
1635 5828 1679 5859 ⁸⁵
1706 5828 1740 5880 ι.
1778 5843 1834 5892 ιι,
1872 5844 1922 5896 p.
1958 5827 2082 5883 4‘25.

1595 5686 1640 5718 ⁷⁵
1657 5685 1778 5742 eod.
1805 5685 1864 5749 l.,
1887 5701 1935 5741 c.
1967 5686 2022 5756 9.
2047 5700 2101 5756 p.
2126 5684 2250 5741 466.

585 5746 630 5777 ⁷⁸
667 5747 781 5802 Gul.
820 5755 868 5804 iu
903 5757 1108 5821 praefat.
1146 5746 1508 5813 Nocthttic.’
1559 5758 1603 5788 τ’
1645 5746 1952 5812 Euseb.l.t
1987 5746 2157 5827 Pr'azpa

585 5817 628 5849 "
666 5821 704 5874 l.
740 5837 786 5882 ν,
819 5839 871 5882 ιι.
906 5825 1030 5880 ῡῦυ.
1106 5826 1150 5857 ⁸³
1182 5827 1217 5879 l.
1249 5842 1330 5882 ιιι.
1360 5842 1410 5882 o.
1438 5828 1559 5882 473.
1635 5828 1679 5859 ⁸⁵
1706 5828 1740 5880 ι.
1778 5843 1834 5882 ιι.
1872 5844 1922 5882 ι).
1958 5827 2082 5882 425.

2270 5771 2469 5826 evang,
2503 5771 2554 5808 c.
2584 5757 2638 5808 7.

2285 5843 2378 5882 vn.
2415 5843 2465 5882 ιι.
2497 5825 2619 5879 τ67.

2243 5867 2256 5880 .
2285 5843 2378 5893 ιιι,
2415 5843 2465 5894 p.
2507 5843 2619 5879 .υι.

2267 561 2472 615 inferre
2499 561 2734 616 voluisse
2756 563 3018 616 videatur.

2337 630 2675 700 Quapropter
2714 631 2780 684 de
2829 631 2929 686 hac
2959 630 3141 699 operis
3189 630 3240 700 in
3272 636 3478 698 septem
3531 627 3700 684 libros
3736 635 3820 683 τιέ-

2266 699 2470 754 visioue
2494 701 2621 754 illud
2652 711 2859 754 tantum
2884 703 3172 754 observare
3194 699 3371 765 juvat,
3395 712 3519 751 eam
3552 701 3698 754 nulla
3723 703 3820 752 alia

2267 781 2392 823 arte
2431 786 2459 824 a
2495 770 2771 824 Clemente
2811 770 3044 831 factam,
3085 771 3185 822 nisi
3222 779 3443 836 propter
3476 770 3702 822 nimiam
3727 812 3738 832 ,
3770 785 3824 823 et

2267 839 2358 893 ille
2399 849 2625 894 testatur
2653 841 2720 905 ⁸³,
2762 841 3068 908 prolixioris
3099 840 3363 892 orationis
3389 847 3449 908 et
3483 853 3822 908 argumenta.

2267 924 2388 988 rum
2434 906 2841 988 longitudinem.
2875 909 3058 988 Tertio
3091 909 3295 988 etenim
3345 906 3486 960 libro
3539 906 3824 988 _ipse__b;e«:

2267 979 2319 1032 in
2351 981 2510 1034 verba
2530 977 2697 1032 linem
2729 982 2998 1047 imponit:
3025 996 3042 1027 ι
3091 977 3353 1047 Snscepta
3385 991 3416 1048 ra
3462 977 3623 1048 nobis
3647 980 3822 1048 dispa-

2267 1049 2400 1101 tatio
2428 1065 2522 1104 nos
2559 1050 2792 1118 longius,
2829 1065 2987 1116 quam
3013 1064 3112 1118 par
3141 1048 3250 1110 sit,
3291 1047 3522 1101 abduxit
3549 1064 3564 1110 ;
3616 1060 3672 1100 et
3705 1047 3819 1100 ora-

2267 1119 2464 1188 tionem
2501 1120 2626 1173 fecit
2659 1117 3030 1188 prolixiorem.
3053 1117 3201 1188 [inde
3233 1119 3428 1188 tertius
3453 1131 3676 1188 quoque
3696 1119 3822 1170 lit-tr

2267 1187 2605 1243 Stromatcus
2632 1186 2844 1249 eorum,
2867 1203 2986 1256 qua:
3017 1197 3140 1242 sunt
3166 1186 3234 1240 de
3270 1187 3622 1256 philosOpbia
3657 1191 3822 1240 moni-

2266 1268 2594 1322 mentorum,
2625 1259 2767 1312 lmnc
2807 1255 2964 1312 finem
3000 1258 3215 1310 habeat.
3247 1274 3268 1307 ι
3304 1255 3468 1310 Prius
3493 1271 3631 1311 vero
3655 1259 3718 1310 ad
3745 1274 3823 1310 se-

2266 1329 2426 1382 enndi
2451 1329 2574 1382 libri
2593 1328 2792 1382 calcem
2815 1346 2829 1380 ε
2855 1346 2872 1377 ι
2895 1326 3238 1381 Termiuetnr
3253 1325 3342 1379 hic
3364 1341 3616 1395 quoque,
3636 1328 3819 1392 inquit.

2265 1400 2525 1462 secunda,
2548 1413 2668 1466 qua:
2697 1395 3046 1468 στρωματεύς
3067 1396 3596 1468 diciturhdisputatio
3619 1408 3824 1468 propter

2265 1463 2626 1538 prolixitatem
2660 1463 2896 1538 capitum
2944 1483 2959 1521 :
3017 1465 3106 1519 διὰ
3129 1463 3190 1518 τὸ
3219 1463 3393 1535 μῆκός
3417 1482 3478 1518 τε
3505 1468 3604 1518 καὶ
3638 1466 3824 1536 πὶῆθςς

2265 1537 2566 1604 κεφαλαίων
2591 1535 2656 1590 ⁸⁸.
2683 1555 2704 1589 ι

2335 1603 2522 1676 Neque
2559 1618 2736 1661 tamen
2773 1606 2898 1675 quis
2925 1604 3047 1660 inde
3070 1647 3085 1670 ,
3124 1619 3339 1676 quaeso,
3390 1603 3824 1676 concludatlws

2264 1673 2524 1731 libros'ab
2557 1677 2650 1730 illo
2676 1673 2824 1730 varia
2851 1673 3166 1731 distributos
3194 1675 3363 1727 fuisse
3388 1674 3442 1726 in
3471 1673 3679 1740 capita.
3699 1674 3826 1727 Con-

2267 1756 2377 1800 stat
2426 1745 2571 1800 enim
2631 1754 2741 1798 tam
2802 1762 2867 1799 ex
2915 1746 3046 1814 ipsis
3103 1745 3503 1814 manuscriptis
3534 1746 3825 1804 codicibus,

2269 1832 2432 1884 quam
2478 1815 2592 1868 sola
2633 1816 2717 1869 vel
2756 1812 3030 1869 levissima
3077 1815 3260 1883 operis
3303 1812 3580 1876 lectione,
3634 1815 3821 1866 nullam

2273 1883 2431 1954 plane
2461 1883 2514 1937 in
2542 1901 2612 1954 eo
2647 1901 2768 1940 esse
2812 1885 3050 1953 capitum
3092 1884 3535 1939 distinctionem.
3580 1883 3826 1948 Quo-circa

2277 1953 2376 2011 hoc
2399 1953 2704 2024 κεφαλαίων
2742 1969 2934 2007 nomen
2967 1955 3096 2008 nihil
3120 1955 3282 2015 aliud,
3315 1967 3483 2021 quam
3520 1966 3824 2021 argumenta

2273 2025 2474 2094 absque
2513 2026 2618 2079 ulla
2657 2025 2919 2091 orationis
2963 2024 3206 2078 diversas
3242 2024 3296 2094 in
3338 2032 3536 2091 partes
3583 2025 3824 2077 distribu-

2275 2093 2420 2150 tione
2450 2110 2478 2148 a
2509 2095 2782 2149 Clemente
2808 2103 3132 2161 pertractata
3159 2094 3228 2146 ibi
3256 2093 3564 2160 significat.

2344 2165 2400 2219 Si
2424 2165 2545 2233 quis
2590 2176 2768 2218 tamen
2807 2165 2860 2216 in
2900 2178 3036 2233 nova
3075 2165 3264 2218 harum
3297 2163 3818 2216 commentationum

2272 2232 2509 2290 editione
2538 2234 2657 2288 illas
2678 2232 2965 2304 diversaiu
2995 2235 3314 2304 capita,aut
3338 2232 3647 2304 sectiones,
3670 2244 3721 2285 et
3745 2249 3824 2284 ar-

2276 2305 2470 2360 ticulos
2508 2306 2828 2374 partiretur,
2856 2302 2943 2374 hic.
2970 2301 3157 2371 procul
3187 2301 3350 2356 dubio
3381 2302 3692 2370 lectoribus
3715 2318 3821 2354 om-

2274 2377 2435 2430 nibus
2483 2373 2743 2444 perquam
2795 2373 3031 2428 maxime
3080 2374 3264 2428 utilem
3315 2387 3551 2444 operam
3600 2384 3824 2424 navarel.

2273 2446 2451 2500 Nescii
2485 2443 2700 2512 quidem
2737 2459 2842 2497 non
2889 2455 3076 2498 sumus
3123 2449 3346 2512 prOpter
3395 2443 3643 2510 ipsamet
3685 2457 3827 2508 argu-

2271 2525 2473 2582 menta,
2504 2515 2606 2569 sibi
2635 2514 2862 2568 invicem
2900 2514 3209 2579 promiscue
3243 2517 3301 2563 et
3326 2516 3572 2566 confuse
3595 2552 3613 2577 ,
3642 2512 3713 2564 uti
3747 2513 3824 2562 di-

2272 2586 2474 2648 ximus,
2502 2585 2729 2648 inserta,
2761 2598 2825 2637 ac
2856 2585 3155 2652 szepissime
3188 2585 3504 2650 interrupta
3547 2591 3606 2634 et
3627 2583 3829 2634 interse-

2269 2665 2388 2709 eata
2409 2695 2423 2719 ,
2454 2656 2554 2708 hoc
2593 2654 2736 2707 factu
2767 2667 2887 2707 esse
2901 2653 3290 2708 difﬁcillimum.
3313 2652 3419 2706 Sed
3439 2667 3572 2706 cum
3601 2652 3681 2704 ba:
3705 2653 3825 2704 ditii—

2272 2726 2505 2778 cultates
2539 2724 2755 2778 solertis
2792 2724 3441 2795 ingeniusiqnehominis
3474 2723 3674 2776 labore
3699 2721 3821 2795 vinci

2267 2795 2477 2864 possint
2503 2836 2518 2860 ,
2554 2795 2677 2848 hinc
2710 2803 2856 2867 certe
2882 2811 2988 2867 quo
3016 2793 3090 2849 id‘
3111 2793 3383 2849 diﬂicilius
3421 2801 3533 2858 est,
3570 2806 3638 2846 eo
3671 2793 3824 2861 magis

2270 2867 2642 2918 necessarium
2680 2865 2914 2920 videtur.

2339 2933 2464 3006 Haec
2493 2949 2656 3006 porro
2690 2936 2734 2988 si
2778 2934 3068 3006 aliquando
3102 2933 3197 3006 fiat
3237 2934 3402 3001 hujus
3443 2931 3638 2999 operis
3670 2932 3720 2985 in
3747 2947 3823 3006 ea-

2267 3004 2376 3072 pita
2403 3005 2621 3065 divisio,
2651 3004 3021 3072 importunum
3063 3005 3632 3069 molestissimumun
3661 3005 3821 3055 omni—

2266 3076 2366 3129 bus
2395 3074 2444 3126 in
2492 3089 2557 3127 eo
2604 3073 2866 3146 legendo,
2900 3085 3120 3146 propter
3165 3075 3468 3146 maximam
3526 3087 3654 3146 cum
3686 3087 3823 3138 argu-

2267 3153 2571 3198 mentorum
2633 3142 3024 3211 confusionem,
3073 3151 3182 3197 tum
3245 3144 3368 3214 styli
3419 3142 3818 3214 obscuritatem,

2267 3215 2482 3268 taedium
2527 3214 2732 3268 minuet
2777 3217 2938 3284 plane
2983 3223 3038 3268 ct
3073 3213 3508 3278 levabit.’Quam
3540 3213 3820 3284 obscurum

2260 3284 2405 3337 enim
2439 3298 2502 3336 ac
2532 3282 2808 3352 spinosum
2841 3287 2912 3339 sit
2945 3283 3238 3339 Clementis
3282 3285 3335 3337 in
3385 3291 3502 3336 toto
3539 3282 3643 3352 hoc
3671 3295 3821 3348 opere

2259 3354 2531 3407 scribendi
2564 3351 2758 3422 genus,
2787 3371 2944 3408 nemo
2976 3367 3107 3408 sane
3132 3364 3237 3421 est,
3274 3353 3390 3422 qui,
3424 3351 3590 3405 nobis
3618 3353 3822 3402 oinnino

2259 3422 2568 3493 silentibus,
2598 3423 2723 3477 illud
2765 3424 3192 3493 pervolutando,
3231 3421 3527 3493 confestim
3563 3436 3670 3493 non
3711 3436 3817 3493 seu:

2261 3495 2382 3547 tiat.
2417 3491 2600 3562 Neque
2636 3488 2813 3547 tamen
2859 3494 3096 3547 auctoris
3138 3494 3312 3547 nostri
3355 3491 3713 3562 negligentia;
3752 3488 3820 3562 vel

2261 3561 2483 3616 incuria:
2514 3560 2645 3618 illas
2685 3564 2908 3617 minime
2941 3571 3167 3631 compta:
3197 3572 3251 3617 et
3278 3561 3550 3631 elegantis
3577 3560 3820 3612 orationis

2263 3633 2510 3704 tenebras
2558 3643 2613 3687 et
2659 3633 2916 3704 ambages
2955 3635 3307 3688 ascribendas
3386 3645 3520 3693 esse.
3560 3642 3818 3704 putamus.

2261 3702 2395 3770 Nam
2435 3715 2528 3758 eas
2557 3703 2682 3768 ille,
2739 3701 3195 3770 qnéaiadmodum
3237 3711 3292 3756 et
3343 3715 3533 3753 rerum
3593 3701 3818 3768 ipsinam

2261 3768 2660 3838 confusionem,
2695 3768 2770 3827 de
2794 3773 3054 3826 industria
3084 3773 3204 3826 ideo
3248 3771 3607 3831 adhibuisse,
3647 3771 3753 3820 imo
3774 3777 3818 3818 et

2262 3841 2546 3898 affectasse
2581 3854 2788 3910 aperte,
2815 3844 2890 3896 uti
2917 3843 3174 3906 diximus,
3201 3841 3449 3896 declarat
3475 3854 3491 3901 ;
3524 3852 3596 3891 ne
3617 3839 3818 3890 clariozi

2262 3915 2532 3968 sermonis
2562 3926 2758 3982 genere
2791 3928 2949 3966 sacra
2991 3912 3270 3982 religionis
3301 3917 3815 3982 nostr:e__mystem_,

2261 3996 2380 4051 qua:
2461 3978 2684 4053 paganis
2743 3982 3021 4036 occultare
3077 3978 3313 4046 volebat,
3356 3979 3643 4053 omnibus
3722 3978 3818 4053 eri-

2263 4049 2477 4109 deutius
2503 4049 2768 4122 paterent.
2803 4053 3007 4106 Deinde
3035 4065 3164 4105 vero
3195 4065 3289 4104 cur
3321 4049 3603 4122 elegantis
3634 4050 3819 4100 oratio-

2264 4123 2348 4176 nis
2392 4121 2644 4180 ornatum
2690 4122 3110 4188 contempserit,
3149 4124 3286 4174 hanc
3320 4121 3386 4188 in
3440 4123 3614 4170 totius
3652 4130 3818 4184 aperis

2264 4194 2371 4250 line
2410 4195 2588 4250 adhuc
2624 4190 2834 4260 pr'ol'ert
2881 4187 3186 4245 rationem:
3234 4208 3252 4240 ι
3287 4187 3656 4260 Neque_ergo
3687 4189 3816 4240 onit-

2264 4278 2409 4329 nem,
2451 4255 2644 4332 neque
2689 4263 2981 4332 dictionem
3035 4255 3450 4332 spectantdibri
3482 4255 3816 4332 Samnium,

2261 4325 2507 4389 οὒτ”οὖν
2540 4325 2639 4400 ’ἑῆς
2655 4331 2894 4400 τάξεως,
2919 4327 3043 4382 οὔτε
3065 4325 3175 4400 “τῆς
3201 4329 3460 4400 φράσεως
3481 4325 3817 4400 exoptans:

2262 4407 2313 4459 oi
2339 4397 2702 4474 Στρωμαέεῐς
2728 4418 2743 4463 ;
2777 4415 2897 4454 cum
2927 4401 3090 4474 etiam
3120 4397 3295 4474 Graeci
3323 4399 3395 4474 de
3429 4397 3708 4450 industria
3737 4410 3816 4474 uof

2267 4476 2364 4528 Iint
2393 4469 2582 4528 adesse
2610 4480 2864 4524 ornatum
2908 4469 3165 4524 dictionis
3185 4508 3200 4532 ,
3235 4479 3287 4523 et
3319 4470 3566 4520 latenter
3594 4504 3612 4529 ,
3646 4481 3748 4519 non
3772 4472 3817 4513 ut

2192 4528 2236 4582 D
2264 4545 2342 4600 rei
2363 4544 2522 4612 jubet
2563 4551 2756 4612 natura
2780 4577 2796 4603 ,
2838 4528 3404 4612 dogmatainserant;
3441 4537 3547 4612 hoc
3595 4528 3817 4612 agentes,

2265 4625 2324 4668 ut
2347 4605 2393 4668 si
2417 4627 2602 4668 eorum
2631 4611 2829 4678 scripta
2860 4605 3041 4676 legant
3068 4610 3178 4662 sint
3205 4606 3464 4662 laboriosi
3489 4614 3552 4678 et
3580 4619 3735 4678 acres
3763 4605 3816 4652 ad

2264 4684 2651 4738 inveniendum
2666 4673 2772 4733 ".3
2809 4673 3007 4732 Eas'ob
3031 4693 3224 4733 causas
3250 4693 3355 4732 non
3379 4673 3555 4728 semel
3581 4676 3814 4727 Clemens

2263 4755 2551 4824 profitetur
2580 4765 2638 4804 se
2672 4750 2724 4824 in
2758 4751 2862 4824 hoc
2898 4762 3072 4824 “opere
3098 4745 3816 4824 eloquentiainLorationis-

2263 4813 2368 4891 que
2398 4831 2647 4878 ornatum
2673 4821 2876 4891 fugisse
2898 4813 2986 4891 "fi;
3019 4813 3430 4891 queui-tamen.
3490 4813 3694 4866 Pbotio
3733 4828 3814 4890 op-

2261 4883 2395 4947 timo
2419 4893 2622 4960 judice,
2668 4883 3136 4960 iii—superioribus
3164 4889 3318 4960 libris
3363 4883 3432 4935 ab
3467 4897 3538 4960 eo
3589 4898 3694 4936 nou
3721 4885 3818 4936 sine

2259 4953 2444 5017 studio
2483 4975 2538 5014 et
2565 4953 2686 5012 arte
2715 4953 3024 5011 adhibitum
3052 4956 3220 5012 fuisse
3245 4953 3692 5011 observavimus.

2328 5031 2588 5097 Quamvis
2630 5038 2806 5082 autem
2843 5029 3002 5081 nullis
3043 5027 3364 5096 eloquentiae
3421 5023 3652 5097 ﬂoribus
3683 5037 3808 5097 com-

2256 5091 2415 5170 positi
2443 5099 2738 5166 ornatique
2767 5098 2875 5150 sint
2896 5099 2948 5150 hi
2973 5097 3117 5162 libri,
3144 5091 3251 5154 imo
3278 5111 3412 5170 vero
3428 5094 3652 5147 etiamsi
3679 5091 3809 5144 nulla

2257 5167 2449 5224 ordine
2473 5172 2684 5235 digesta
2723 5177 3193 5235 argumentorum,
3245 5167 3321 5219 uti
3345 5168 3555 5222 dictum
3583 5171 3702 5235 est.
3745 5175 3816 5235 Pi

2260 5241 2452 5303 rietas,
2489 5229 3096 5308 illorumquecoul‘usio
3123 5229 3367 5308 summas
3399 5232 3708 5308 legentibus
3731 5229 3813 5308 {Il-

2239 5300 2525 5372 licnltates,
2545 5300 3104 5374 molestissimumque
3134 5307 3290 5358 taedio
3302 5321 3352 5358 ιιι
3370 5300 3675 5374 saqiissime
3705 5300 3814 5352 atie-

2245 5388 2404 5442 raut;
2441 5391 2618 5431 tamen
2655 5393 2718 5430 ea
2750 5379 2934 5430 omnia
2971 5373 3117 5428 nullo
3141 5390 3381 5443 unquam
3413 5375 3580 5428 modo
3610 5373 3812 5443 obstac-

2242 5459 2395 5511 runt,
2449 5449 2744 5516 quominus
2797 5446 2873 5499 illi
2901 5442 3558 5516 Christianisplurimum
3615 5442 3812 5516 proloc-

2242 5520 2373 5573 riut.
2405 5513 2624 5583 Quanto
2654 5518 2802 5570 enim
2835 5518 2889 5569 in
2925 5517 3121 5586 pretio,
3145 5527 3200 5569 e'.
3231 5531 3397 5583 quam
3430 5514 3597 5568 utiles
3625 5513 3691 5564 ab
3714 5524 3811 5561 our

2327 5687 2371 5717 "
2396 5675 2631 5740 casaub.
2662 5682 2713 5738 in
2741 5682 2965 5748 Athen.,
2990 5679 3026 5732 l.
3060 5695 3078 5734 ι
3107 5679 3463 5750 Deipnosph.,
3487 5693 3538 5733 c.
3573 5678 3631 5743 4,
3660 5692 3707 5746 p.
3739 5672 3807 5758 ιζ..

2327 5771 2426 5784 ...ιη
2504 5771 2531 5784 η
2584 5757 2614 5784 ’Ί
2729 5753 2773 5784 ιο
2811 5753 2922 5784 Qun
2974 5765 3002 5784 η
3079 5761 3158 5784 nrl
3212 5753 3230 5784 Ι
3336 5754 3379 5781 ΙΙ
3425 5750 3437 5784 Ι
3499 5765 3572 5784 un
3626 5747 3802 5784 n,761-

2729 5753 2773 5784 ⁸ο
2811 5747 3046 5821 Sup.c.,
3079 5761 3182 5804 art.
3205 5747 3261 5803 ’1.
3336 5747 3379 5781 θ’
3424 5750 3463 5803 l.
3499 5765 3596 5810 vn,
3626 5765 3677 5815 p.
3702 5747 3803 5798 itii.

2696 5823 2742 5856 ⁸⁸
2783 5823 2818 5879 Ι.
2864 5839 2916 5893 p.
2962 5821 3068 5876 276
3087 5833 3138 5877 et
3165 5819 3289 5889 295,
3319 5820 3360 5874 i.
3387 5836 3450 5885 ιι,
3478 5834 3532 5889 p.
3564 5819 3686 5873 559.
