3906 6578
77 399 292 459 1063
1382 408 1471 464 DE
1498 408 1723 466 LlBRlS
1756 406 2205 466 STROMATL’M.
3300 418 3436 475 {066

80 524 545 610 μεῖῑβοςιηριι
586 533 767 580 autem
812 524 1120 610 nqpbevloti.
1177 524 1359 596 Neque
1406 529 1528 582 inde
1580 537 1738 582 tamet

1867 545 1906 608 ι.
1929 527 2134 609 Quarto
2171 540 2337 610 anno,
2370 526 2626 596 quoniam
2663 537 2908 610 tempore
2938 547 3150 610 quoque
3192 549 3328 599 opus
3349 552 3436 595 est

82 596 328 650 nobis
404 596 564 651 facile
610 596 1021 665 prrsuadebitur
1068 599 1206 652 hanc
1255 612 1357 650 non
1408 613 1529 651 esse
1568 613 1753 651 veram

80 681 292 738 gerit)
306 668 324 719 i
338 682 588 735 namque
608 666 901 738 Clementis
920 668 1088 738 nostri
1115 681 1320 738 vocem.
1338 666 1474 719 Nulli
1490 668 1753 738 siquidem

88 736 362 791 dubita
376 754 496 792 mus
525 740 591 792 ab
614 736 702 791 illo
723 752 938 791 sensum
961 737 1135 807 potius
1152 737 1391 792 Platonis
1407 736 1568 806 quam
1591 740 1753 791 verba

88 808 454 879 exhiheri.
484 808 825 878 Quapropter
867 808 910 861 si
947 807 1123 879 nullus
1156 808 1230 861 ibi
1262 809 1433 879 ipsius
1480 810 1755 864 memoria:

87 876 357 935 lapsus
395 880 575 941 tuerit,
606 876 804 933 'vocem
852 877 1140 948 παρθενίου
1181 876 1361 948 potius
1391 893 1554 946 quam
1588 895 1755 948 κερα-

98 948 395 1018 μίτιδος
432 951 500 1003 ab
530 965 593 1004 eo
627 958 933 1017 usurpatam
965 950 1257 1013 credimus,
1291 957 1401 1001 tum
1444 949 1569 1018 quia
1605 958 1753 1002 utra—

94 1035 245 1086 que
318 1036 442 1074 vox
484 1020 625 1074 idem
674 1019 970 1089 signiticat,
1003 1019 1462 1090 quandoquidem
1498 1029 1641 1073 creta
1670 1031 1755 1074 est

95 1098 302 1143 terra
332 1132 356 1153 ,
407 1106 509 1159 qua
562 1088 994 1159 nemo’unquam
1026 1088 1174 1143 usus
1209 1088 1338 1153 fuit;
1382 1099 1493 1143 tum
1526 1090 1650 1159 quia
1683 1105 1748 1144 ea

100 1174 241 1213 vox
309 1162 400 1214 ad
430 1158 611 1213 suum
647 1162 715 1214 de
754 1175 905 1213 sacra
961 1158 1276 1227 Scriptura,
1322 1175 1483 1227 quam
1527 1158 1637 1217 ille.
1694 1170 1752 1215 ut

102 1230 298 1284 infra
345 1230 589 1291 dicetur,
620 1245 740 1285 cum
777 1228 995 1295 Virgine
1026 1228 1254 1297 Dcipara
1281 1229 1408 1283 alibi
1447 1230 1745 1297 componit,

102 1302 519 1366 propositum
551 1299 1011 1370 inagisfaciebat.
1059 1298 1167 1370 Has
1206 1314 1365 1367 porro
1397 1313 1557 1353 voces
1603 1317 1747 1370 παρ·

105 1370 350 1424 θενίου
390 1370 515 1441 γῆς,
563 1369 1223 1441 (ιιιειςᾼΗςιτγρῑιιείηιιΙΙίιιί
1256 1383 1320 1441 se
1365 1370 1558 1438 legisse
1592 1372 1749 1441 dicit,

111 1444 200 1495 ab
237 1439 484 1497 :tlioin
516 1443 628 1496 suis
656 1439 722 1493 ad
759 1439 1053 1495 Clementis
1097 1440 1266 1493 nostri
1318 1454 1480 1508 opera
1526 1440 1749 1495 scholiis

113 1513 308 1566 scire
371 1513 699 1566 observatur
728 1510 780 1563 in
809 1508 1062 1562 Nicandri
1103 1508 1550 1578 Alexipltarmncis
1597 1525 1750 1577 repe-

116 1583 271 1637 riri.
313 1583 604 1635 Addamus
634 1580 830 1643 obiter,
861 1580 903 1632 si
946 1581 1102 1641 velis,
1149 1580 1253 1633 alio
1285 1594 1444 1633 sensu
1488 1581 1747 1649 virginem

114 1663 383 1707 terram
414 1668 445 1705 a
481 1650 814 1707 Tertulliano
856 1651 1026 1719 accipi
1078 1663 1174 1717 pro
1208 1660 1352 1705 terra
1402 1664 1503 1705 nec
1551 1651 1748 1718 pluviis

119 1725 373 1789 rigata,
414 1737 513 1777 nec
561 1721 825 1775 imbribus
860 1719 1167 1789 fecundata.
1212 1736 1278 1775 ex
1321 1734 1425 1789 qua
1471 1721 1641 1774 Adam
1693 1732 1747 1773 et

117 1788 434 1847 Christus
464 1792 711 1861 plasutati
748 1800 876 1844 sunt
905 1807 972 1861 ιι
1003 1788 1217 1857 Utique,
1253 1788 1449 1858 inquit,
1482 1790 1583 1861 illa,
1602 1800 1747 1845 terra

1860 596 1931 672 ei,
1959 598 2048 672 qui
2086 597 2354 672 stabiliter
2390 613 2485 664 per
2508 596 2813 653 cateehesin
2853 596 3166 667 instituitur,
3204 596 3432 672 quater-

1858 667 2233 741 nio-virtutmn
2286 668 2391 720 Deo
2418 679 2787 730 consecratur,
2819 687 2939 725 cum
2979 679 3135 726 tertia
3170 667 3283 741 ja'm
3317 679 3429 731 sola

1855 736 2210 812 subiungatur
2261 753 2382 812 cum
2412 749 2601 806 quarta
2644 741 2852 812 Domini
2889 736 3198 812 hypostasi';
3257 749 3432 800 sacri.

1860 811 2040 888 licium
2073 820 2253 888 autem
2285 808 2467 888 laudis
2498 824 2662 888 super
2688 808 3018 888 holnc:i_usta:
3058 833 3076 864 ι
3107 813 3197 884 Τῷ
3228 832 3286 870 τε
3319 817 3430 888 γὰρ

1852 878 2096 957 οξεξάρτῳ
2124 877 2254 957 East,
2281 879 2404 957 ἐπεὶ
2432 879 2525 957 ita".
2547 878 2739 957 χρόνοι).
2764 881 2920 957 χρείςξ
2949 882 3024 953 τῷ
3040 877 3430 957 utri-leuiteva

1856 936 2103 1028 βξὸαἷωξ,
2141 950 2175 1018 ἡ
2199 936 2406 1028 ῖὲλτρὰς,
2429 948 2535 1002 τῶν
2549 936 3427 1028 ΉρετὼὗῗκαθιεροὖταίλτῷδΘεῷ

1852 1018 1953 1107 ei};
1983 1018 2308 1107 zpirqciiﬁq
2340 1018 2509 1107 μόγης
2537 1018 3046 1107 ωὐατξςούρηςωέἐτὶ.
3069 1024 3166 1107 ’.ἰὴν
3196 1018 3429 1107 tto-fibu-

1851 1087 1969 1210 ἵζου
2011 1087 2303 1160 τετάρτην
2332 1087 2644 1143 ὗπὸσξασιν.
2692 1087 2884 1146 Θυείςι.⁷
2906 1092 2962 1145 δὲ
2994 1087 3249 1160 αἰνέἁεως
3288 1097 3427 1168 ὑπὲρ

1883 1158 2281 1210 λοκαυτώαατα.
2313 1160 2377 1210 ’9.
2411 1159 2677 1210 Hervetus
2701 1162 2882 1210 itanue
2915 1165 3025 1210 ham
3055 1180 3113 1210 se
3137 1182 3240 1210 nmt
3272 1167 3427 1210 impl-

1883 1158 2281 1229 λοκαυτώμα-ἐα.
2313 1160 2377 1230 Ἀθ.
2411 1159 2677 1214 llervetus
2701 1162 2882 1230 itaque
2915 1165 3025 1217 haec
3055 1180 3113 1218 se
3135 1158 3240 1219 non
3272 1158 3429 1222 intel-

1853 1230 2018 1306 ligere
2050 1228 2268 1306 fatetur.
2312 1228 2841 1306 Conjicit_tamen_,;t
2874 1247 2936 1284 ex
2970 1234 3071 1287 hoc
3100 1236 3356 1306 intelligi,
3397 1257 3417 1288 ι

1853 1300 1923 1352 ita
1961 1300 2048 1353 ille
2081 1300 2340 1375 loquitur,
2379 1299 2727 1375 «_perfectam
2765 1302 2908 1355 illam
2936 1317 3056 1358 esse
3090 1299 3429 1375 [idean—quas

1856 1379 1972 1444 tres
2002 1371 2744 1444 complectitur_hypostases,
2773 1387 2865 1425 seu
2890 1387 3168 1441 personas,
3195 1371 3424 1444 quarum

1854 1440 2030 1503 tertia,
2075 1455 2267 1516 nempe
2327 1440 2447 1494 Filii
2502 1444 2846 1516 bypostasis,
2892 1440 3028 1498 sola
3082 1440 3429 1516 conjungitur

1850 1525 1974 1562 cttm
2027 1520 2216 1582 quarta
2250 1511 2520 1581 hypostasi
2544 1511 2780 1575 Domini,
2817 1527 3008 1582 nempe
3040 1530 3159 1568 cum
3184 1511 3424 1569 htttuana

1851 1580 2064 1634 natura.
2108 1598 2127 1630 ι
2161 1580 2299 1657 Quae
2326 1582 2540 1649 quidem
2588 1597 2709 1635 cum
2735 1592 2862 1636 ante
2892 1580 3197 1654 susceptain
3224 1603 3252 1639 a
3289 1586 3428 1641 Filio

1849 1665 2092 1721 carnem,
2137 1655 2205 1702 ab
2234 1655 2349 1716 ejus
2404 1667 2633 1719 persona
2682 1664 2826 1708 esset
2878 1667 3149 1721 separata,
3208 1657 3429 1710 videtur

1851 1720 2030 1788 aliqua
2064 1722 2274 1792 ratione
2303 1721 2408 1775 dici
2434 1736 2593 1792 posse
2615 1732 2806 1791 quarta
2843 1720 3177 1792 hypostasis,
3212 1728 3428 1783 tametsi

1852 1804 2044 1859 reapse
2071 1793 2123 1843 in
2156 1789 2397 1853 Christo,
2435 1789 2672 1845 humana
2702 1789 3117 1857 carne—induto,
3149 1811 3253 1849 una
3306 1806 3430 1851 tan-

119 1864 351 1932 virgo,
404 1860 642 1934 nendum
674 1861 866 1929 pluviis
902 1860 1099 1934 rigata,
1134 1876 1233 1915 nec
1257 1861 1535 1934 _imbrihus
1562 1860 1747 1914 fecun-
1780 1880 1822 1934 Β
1854 1870 1961 1912 tum
1987 1861 2164 1934 divina
2196 1876 2423 1934 persona
2458 1863 2544 1914 sit.
2563 1861 2840 1934 Quocirca
2881 1880 2977 1917 nos
2999 1870 3142 1919 serio
3171 1881 3235 1919 ea
3271 1866 3337 1919 de
3369 1882 3429 1921 re

128 1930 312 1996 dat'a,
354 1949 427 1986 ex
474 1948 577 2003 qua
614 1932 775 1984 homo
808 1940 932 1984 tunc
963 1930 1190 2003 primum
1221 1930 1517 2000 plasmatus
1551 1941 1750 2003 e_st,iex

125 2020 255 2071 qua
328 2000 779 2058 nunr'Christus
825 2000 1120 2055 secundum
1170 2014 1391 2056 carnem
1437 2014 1505 2054 ex
1538 2000 1749 2071 virgine

129 2085 323 2128 natus
361 2084 447 2128 est
472 2074 535 2125 ³⁸.
563 2092 583 2124 ι

217 2144 577 2198 Stromatum
623 2157 839 2197 suorum
891 2149 1210 2210 argumenta
1262 2140 1351 2195 ubi
1423 2141 1580 2208 paulo
1628 2152 1749 2211 post

130 2215 427 2268 Clemens
455 2214 710 2283 explicat,
740 2228 804 2267 ex
854 2213 957 2265 illis
988 2228 1153 2265 unum
1182 2211 1262 2265 sic
1307 2213 1559 2283 proponit
1588 2232 1600 2266 :
1637 2212 1746 2266 Καὶ

134 2284 385 2348 τούτοις
414 2281 624 2354 ἀντέρεῖ
648 2283 929 2355 πάνθ’νὸσα
956 2281 1494 2355 πρφοιπφνομῃθῆναι-
1515 2284 1746 2355 καθήκει

136 2358 251 2427 τῆς
281 2355 442 2427 κατὰ
471 2349 628 2425 1,Εο
669 2354 767 2427 τὴν
798 2349 1105 2427 ὑποπτιὶιὴγ
1137 2349 1654 2427 θςωρίὰνξγγώσεωξ
1680 2356 1743 2407 ¹⁷.

140 2423 322 2491 Qitod
369 2426 427 2479 in
461 2423 645 2479 uttittia
677 2423 917 2479 editione
954 2424 1033 2477 sic
1064 2423 1259 2478 Latine
1301 2423 1568 2477 redditum
1615 2434 1698 2480 est
1727 2442 1741 2477 :

151 2516 172 2545 ι
209 2497 287 2549 lit
328 2496 597 2550 adversus
621 2510 684 2549 ea
720 2495 882 2559 dicet,
926 2508 1259 2563 quaecunque
1299 2504 1426 2548 ante
1462 2494 1742 2563 pr0pheti-

142 2582 282 2620 cam
334 2566 849 2635 contemplationem
891 2564 1040 2635 prius
1066 2566 1374 2632 dispensata
1417 2578 1536 2619 esse
1577 2578 1743 2633 opor-

146 2648 257 2694 tet.
293 2655 316 2688 ι
358 2632 649 2705 'Atqueita
682 2632 904 2705 quidem
940 2633 1208 2689 Hervetus
1245 2650 1302 2689 se
1338 2636 1490 2704 prius
1519 2649 1587 2688 ex
1620 2635 1743 2690 Cle-

150 2709 377 2761 mentis
413 2706 617 2762 Grtecis
647 2705 839 2760 Latina
869 2706 999 2760 olim
1036 2705 1227 2759 fecisse
1252 2714 1441 2773 aperte
1470 2706 1737 2759 declarat.

150 2779 268 2831 Sed
319 2792 387 2831 re
417 2777 693 2847 maturius
708 2791 962 2847 cXpensa,
992 2791 1087 2845 pro
1113 2775 1417 2847 ὑποπτικήν
1459 2774 1740 2843 legendum

149 2862 285 2902 esse
319 2850 406 2901 ait
448 2846 747 2919 ὲποπτικὴν
788 2845 1039 2919 Θεωρίαν,
1058 2847 1172 2919 hoc
1225 2854 1307 2898 est
1344 2845 1738 2919 t'inspectivam

154 2934 259 2971 seu
320 2917 741 2986 speculatoriant
800 2917 1331 2986 contemplationem.
1367 2917 1558 2986 [Vult
1596 2917 1738 2969 enim

153 2984 506 3042 Clementem
555 2987 626 3041 ibi
683 2987 922 3042 alludere
969 2984 1035 3041 ad
1087 2988 1342 3056 mysteria
1383 2984 1735 3051 Grzecorutn,

157 3060 378 3127 quibus
416 3074 476 3111 ea
506 3072 624 3128 cum
666 3058 910 3128 aspicere
961 3058 1180 3122 liceret,
1213 3065 1358 3125 tunc,
1391 3066 1449 3109 ut
1485 3057 1624 3110 infra
1655 3058 1737 3110 di-

157 3126 363 3184 ecnuts
391 3128 455 3192 ‘3,
489 3128 541 3181 bi
572 3126 802 3183 ἔποπ-ὲαι
836 3129 1187 3183 vocabantur.
1216 3127 1315 3192 Qui
1356 3138 1529 3181 tamen
1563 3137 1739 3194 poste-

159 3203 301 3253 riori
343 3202 539 3254 horum
565 3198 892 3254 Stromatum
920 3197 1142 3253 editioni
1173 3197 1522 3265 maduerunt,
1554 3204 1750 3264 spreta

164 3271 259 3324 illa
298 3269 525 3324 Herveti
570 3270 929 3332 correctione,
977 3283 1097 3336 qua:
1129 3267 1313 3321 sensui
1343 3267 1585 3323 auctoris
1623 3284 1738 3322 om-

165 3342 299 3393 nino
357 3349 721 3395 consentanea
781 3340 911 3408 ipsis
974 3338 1204 3390 forsitan
1264 3353 1369 3390 non
1428 3338 1736 3403 videbatur,

163 3412 402 3464 \erbum
438 3409 684 3464 Grzecum
731 3409 1057 3477 ὑποπτικήν,
1085 3418 1140 3462 et
1167 3407 1418 3461 Latinum
1464 3428 1482 3459 ι
1512 3408 1740 3478 prophe-

169 3484 383 3534 ticum»
435 3490 761 3535 censuerunt
805 3496 927 3534 esse
981 3479 1342 3532 retinendum.
1394 3478 1463 3532 Et
1511 3494 1639 3531 vero
1687 3479 1738 3531 in

165 3551 367 3605 Crteco
395 3559 579 3605 nostro
608 3551 972 3619 manuscripto
994 3550 1178 3602 codice
1207 3548 1344 3602 idem
1376 3550 1603 3603 verbum
1638 3549 1734 3601 ba-

175 3624 364 3675 betur.
402 3621 545 3674 Nihil
599 3636 729 3691 ergo
779 3622 849 3691 in_
888 3629 1036 3674 textu
1088 3619 1311 3691 Graeco,
1341 3619 1468 3691 _nisi
1518 3622 1741 3672 accedat

169 3693 348 3759 major
385 3693 615 3745 alterius
664 3689 943 3757 cujusdam
998 3689 1353 3759 manuscripti
1407 3692 1730 3753 auctoritas,

168 3756 473 3829 quidquam
520 3766 833 3815 mutandum
886 3768 988 3813 est.
1050 3756 1163 3812 Vox
1215 3771 1394 3812 autem
1462 3759 1738 3827 ὑποπτική

169 3836 294 3899 quid
334 3835 407 3885 ibi
439 3832 706 3900 signdicet
734 3833 774 3885 si
807 3845 985 3901 roges.
1019 3829 1111 3883 tibi
1140 3829 1588 3901 respondebimus
1619 3829 1742 3884 ὓπο-

171 3918 324 3966 πτος,
356 3916 492 3957 teste
517 3903 656 3956 Julio
683 3900 917 3967 Polluce,
950 3915 1055 3953 non
1084 3900 1256 3953 solum
1292 3900 1432 3953 idem
1467 3916 1530 3953 ac
1570 3917 1589 3949 ι
1618 3914 1739 3953 sus-

173 3986 385 4038 pectus,
412 3993 433 4025 ι
466 3976 558 4027 sed
595 3970 919 4041 quando'que
958 3989 975 4021 ι
1006 3971 1323 4038 inspiciens,
1348 3987 1378 4041 ιΔ
1411 3969 1737 4041 signiﬁcare.

170 4037 540 4107 Quamobrem
589 4037 733 4096 illius
770 4037 1035 4111 interpres
1080 4037 1305 4094 verbum
1354 4037 1586 4111 ὕποπτοι
1630 4039 1737 4093 La-

176 4125 284 4167 tine
330 4131 350 4163 ι
383 4114 717 4181 inspectores
744 4132 763 4164 ι
821 4112 1073 4166 reddidit.
1103 4110 1410 4182 Atqui__vox
1458 4110 1734 4182 ὑποπτική

171 4185 212 4235 si
253 4199 325 4253 eo
358 4179 663 4253 signiﬁcatu
700 4183 870 4250 accipi
904 4183 1093 4248 possit,
1137 4181 1226 4233 hic
1256 4179 1557 4235 Clementis
1586 4179 1741 4235 locus

176 4255 224 4305 in
253 4252 515 4308 Latinium
550 4269 854 4308 sermonem
896 4256 965 4304 ita
996 4254 1395 4306 convertendus
1439 4262 1561 4305 est:
1597 4270 1615 4302 ι
1644 4255 1739 4305 At-

173 4339 275 4395 que
322 4329 525 4393 (sermo
576 4326 781 4390 thSlel')
821 4337 882 4374 ea
926 4321 1191 4395 indicabit
1247 4335 1584 4395 quaecunque
1649 4334 1742 4376 aut

175 4392 477 4464 dispensari
522 4396 775 4449 convenit
823 4398 947 4446 ante
1000 4392 1343 4461 inspicientis
1398 4406 1506 4464 seu
1554 4393 1736 4460 inspe-

177 4460 357 4520 ctricis
419 4464 890 4531 contemplationis
950 4460 1353 4532 cognitionem,
1389 4460 1682 4532 γνώσεως.
1715 4481 1734 4514 ι

176 4532 407 4589 Verbum
436 4535 578 4588 enim
600 4530 809 4603 ἀντέρω
840 4530 1106 4587 interdum
1133 4549 1153 4582 t
1181 4530 1459 4595 renuntio,
1482 4535 1740 4588 denuntio

1860 1933 2091 1985 monitos
2120 1946 2241 1984 esse
2283 1932 2431 1993 vult,
2459 1947 2525 1985 ne
2558 1932 2681 1986 inde
2709 1931 2762 1985 in
2788 1932 3021 1988 Nestorii
3048 1950 3288 1989 errorem
3319 1937 3427 1990 int-

1857 2003 2151 2067 prudentes
2178 2002 2545 2067 prolabamur.

1927 2069 2050 2142 _Sed
2080 2083 2284 2142 tantum
2329 2072 2483 2125 abest
2536 2082 2592 2126 ιιι
2640 2074 2740 2128 hac
2792 2074 3153 2142 explicatione
3192 2075 3423 2130 obscura

1858 2139 2015 2214 hujus
2042 2141 2142 2195 loci
2186 2141 2507 2214 discutiatur
2531 2144 2736 2212 caligo;
2773 2139 2901 2211 quin
2942 2148 2989 2198 ei
3040 2147 3215 2212 potius
3264 2149 3424 2214 longe

1858 2209 2031 2281 major
2053 2222 2391 2279 aspergatur.
2438 2212 2570 2278 Quis
2593 2209 2733 2266 enim
2781 2209 2937 2268 facile
2963 2209 3067 2267 sibi
3105 2209 3428 2281 persuadeat

1854 2278 2289 2354 Cletncnteutibi
2328 2281 2392 2354 de
2418 2283 2611 2352 triplici
2642 2283 2731 2335 Dei
2773 2300 3024 2354 persona,
3054 2278 3200 2338 etde
3234 2298 3424 2351 quarta

1856 2350 2151 2425 improprie
2171 2350 2313 2425 dicta
2340 2350 2692 2425 humanitatis
2714 2350 2912 2408 Christi
2945 2356 3219 2425 hypostasi
3254 2350 3424 2410 luisse

1854 2419 2129 2493 locutum?
2162 2420 2447 2493 Quomodo
2485 2422 2537 2477 in
2590 2424 2741 2478 illum
2787 2428 2853 2477 de
2904 2419 3102 2477 divinis
3155 2427 3425 2493 personis.

1853 2488 1918 2564 de
1943 2490 2139 2564 quibus
2171 2491 2309 2564 nihil
2341 2490 2499 2560 plane
2545 2508 2718 2562 neque
2747 2498 2919 2564 prius,
2954 2511 3130 2563 neque
3155 2488 3425 2563 posterius

1852 2559 1985 2633 dicit
2029 2561 2114 2614 vel
2177 2559 2789 2633 insittua_t_,°sermoneut
2836 2559 3089 2631 delapsus
3134 2559 3251 2620 est?
3308 2564 3424 2633 Qua

1852 2629 2083 2707 denique
2129 2633 2337 2707 ratione
2383 2631 2646 2688 llervetus
2693 2629 3057 2704 probabit—ibi
3093 2629 3427 2707 Clementem

1850 2700 2014 2774 verbo
2043 2701 2338 2774 ὑπόστασις
2376 2700 2838 2774 ρειευιιιιηιξδοη,
2878 2714 2933 2758 ιιι
2967 2707 3139 2770 aiunt,
3168 2702 3429 2774 persona-

1853 2771 2058 2847 litatem
2111 2773 2468 2847 intellexisse.
2519 2772 2798 2847 Neminem
2836 2771 3268 2847 certemfugit'ab
3320 2792 3422 2828 au-

1853 2840 2018 2909 tiquis
2042 2844 2421 2909 scriptoribus.
2452 2845 2543 2912 qui
2574 2852 2702 2898 ante
2736 2854 2790 2897 et
2824 2854 2943 2912 post
2973 2840 3264 2901 Clementis
3294 2860 3424 2900 teta—

1852 2921 1959 2962 tetn
1980 2913 2338 2978 scripserunt,
2368 2912 2496 2966 illud
2534 2930 2728 2968 nomen
2760 2917 2824 2967 ad
2851 2926 3127 2979 naturam,
3155 2933 3250 2971 seu
3277 2919 3419 2970 idem

1846 2988 2007 3048 atque
2027 2982 2202 3044 οὐσία,
2232 2982 2642 3050 significandum
2667 2986 2962 3053 smpissime
2989 2989 3252 3041 adhiberi.
3282 2988 3420 3053 Quin

1846 3054 2008 3122 etiam
2046 3053 2090 3105 si
2133 3054 2459 3122 Hieronymo
2492 3050 2817 3108 credamus:
2857 3073 2877 3106 ι
2912 3054 3045 3109 Tuta
3078 3050 3422 3111 sarculariut'n

1846 3119 2146 3223 litt‘t‘tirawm
2173 3119 2358 3178 schola
2394 3124 2528 3177 nihil
2564 3125 2708 3178 aliud
2746 3128 3082 3196 hypostasiu,
3113 3128 3215 3183 nisi
3247 3130 3421 3185 usiatn

1845 3200 1994 3245 ηονιι
2022 3200 2087 3245 ³⁵.
2122 3212 2142 3244 ι

1916 3261 2081 3339 Nobis
2111 3278 2240 3335 ergo
2292 3264 2628 3339 Clementem
2659 3279 2767 3319 non
2800 3266 2865 3319 de
2905 3266 3101 3322 divinis
3150 3272 3418 3339 personis,

1847 3333 1941 3387 sed
1969 3333 2034 3385 de
2059 3333 2415 3408 quaternione
2446 3336 2724 3408 virtutum,
2758 3351 2894 3406 quas
2930 3340 3087 3408 vulgo
3116 3333 3422 3399 cardinales

1847 3417 2197 3477 nuncupant,
2242 3406 2391 3477 loqui
2449 3405 2661 3477 facilius
2696 3405 3053 3477 probabitur.
3111 3408 3227 3464 Vox
3272 3415 3418 3467 enim

1849 3472 2149 3551 ρῖεὸσταᾳις
2184 3476 2253 3529 ibi
2300 3472 2450 3551 nihil
2472 3474 2613 3551 aliud
2661 3472 2968 3551 significare
2997 3479 3226 3544 videtur,
3255 3497 3419 3551 quam

1847 3544 1899 3597 id
1937 3548 2079 3611 quod
2120 3556 2226 3620 stat
2268 3557 2323 3599 et
2366 3546 2635 3620 subsistit,
2682 3544 2777 3620 seu
2829 3547 3041 3620 firmum
3081 3552 3154 3603 rei
3193 3544 3421 3620 alicujus

1846 3628 2165 3688 semperque
2195 3617 2522 3671 immobilem
2578 3617 2909 3671 consistendi
2968 3628 3188 3673 statum.
3223 3617 3422 3688 Quant-

1847 3687 2032 3737 ohrem
2052 3701 2236 3759 verum
2263 3688 2554 3759 Clementis
2574 3700 2790 3740 sensum
2821 3690 2960 3742 hunc
2980 3706 3101 3744 esse
3131 3687 3419 3759 putamus:

1847 3757 2132 3828 quaternio
2179 3757 2434 3811 virtutum
2470 3757 2581 3810 Deo
2636 3771 3008 3820 Consecratur,
3068 3757 3225 3815 tertia
3283 3766 3421 3828 sola,

1848 3826 2098 3878 nimirum
2114 3827 2350 3895 justitia,
2385 3828 2656 3881 hominem
2684 3840 2894 3896 quarta:
2938 3830 3147 3884 Domini
3180 3826 3420 3889 ὑποστάὲ

1848 3910 1951 3966 σει,
1983 3897 2081 3949 hoc
2115 3907 2198 3951 est
2236 3899 2395 3953 lirmo
2427 3914 2526 3952 nec
2570 3902 2885 3953 mutationis
2913 3902 3144 3966 amplius
3184 3907 3422 3960 obnoxio

1851 3965 2057 4037 Domini
2097 3969 2257 4021 statui
2308 3968 2688 4037 conjungente.
2736 3967 2860 4023 Vult
2913 3965 3055 4023 enim
3096 3972 3285 4027 doctus
3333 3977 3420 4030 ille

1847 4038 1950 4098 vir,
1970 4035 2071 4089 bac
2094 4039 2449 4104 quaternione
2469 4035 2726 4092 virtutum
2756 4040 3032 4093 hominem
3052 4042 3417 4099 Christianum

1849 4104 1982 4164 Deo,
2008 4108 2185 4180 _quoad
2212 4108 2332 4180 ejus
2372 4109 2485 4161 fieri
2520 4116 2715 4180 potest,
2769 4110 3080 4172 assimilari,
3131 4126 3196 4164 ac
3266 4116 3423 4180 quie-

1848 4178 2301 4248 seentibusanimi
2335 4179 2850 4245 perturbationibus,
2905 4180 2970 4233 ad
3014 4178 3418 4248 permanentem

1849 4245 2085 4318 nullique
2115 4247 2396 4301 mutationi
2448 4248 2740 4301 obnoxium
2776 4249 2866 4302 Dei
2896 4245 3116 4316 statum,
3150 4262 3417 4318 quantum

1849 4317 1964 4387 _lieri
2027 4316 2190 4378 licet,
2240 4320 2530 4380 accedere,
2569 4320 2851 4387 pervenire
2883 4336 2945 4373 ac
2980 4321 3080 4387 ipsi
3130 4316 3416 4378 inhaerere.

1848 4385 1999 4440 Hanc
2046 4400 2208 4454 porro
2237 4402 2361 4460 esse
2374 4385 2706 4460 “Clementis
2741 4401 2972 4445 mentem
3001 4385 3067 4443 ea
3118 4392 3275 4460 plane
3323 4397 3420 4449 de-

1850 4465 2171 4533 monstrant,
2208 4457 2439 4533 qugeille
2472 4460 2685 4533 dixerat
2732 4465 2797 4533 tle
2828 4474 3059 4533 quatuor
3105 4457 3211 4516 illis
3253 4464 3422 4517 virtu-

1850 4529 2010 4602 t_ibus,
2038 4537 2201 4602 atque
2228 4530 2422 4602 ibidem
2471 4530 2595 4602 (ιφ-ι
2625 4529 2892 4597 gnostico,
2946 4548 2964 4580 ι
3026 4547 3119 4585 seu
3172 4536 3421 4602 perfecto

176 4617 227 4657 et
256 4607 437 4672 iudico
462 4623 483 4655 ι
519 4596 827 4675 signiﬁcare
867 4613 1074 4656 eertum
1106 4612 1211 4675 est.
1254 4603 1331 4657 Eo
1377 4616 1538 4668 porro
1566 4606 1741 4671 signi-
1772 4600 1821 4658 Β
1843 4596 2154 4675 Christiano
2189 4599 2487 4675 addiditat
2518 4598 2617 4675 ilic
2638 4596 2725 4654 est
2760 4606 2927 4675 enim,
2965 4596 3274 4675 inquitCad
3321 4605 3416 4658 Dei

181 4686 294 4729 ratu
339 4677 506 4740 illud,
552 4685 710 4744 atque
744 4677 877 4742 ipso,
906 4688 1013 4742 quo
1044 4674 1302 4736 diximus,
1342 4686 1502 4727 sensu
1552 4688 1736 4730 vet-em

179 4746 599 4817 ὑποπτικήνηὶὺί
640 4762 669 4798 a
711 4744 991 4817 Clemente
1033 4744 1281 4817 usurpari
1322 4758 1392 4798 ex
1448 4744 1569 4807 his,
1619 4760 1739 4813 quae

178 4815 447 4871 continuo
475 4816 563 4870 ille
608 4815 914 4879 subtexuit,
955 4826 1011 4869 et
1055 4815 1340 4881 ipsismet,
1383 4829 1504 4882 qua:
1542 4817 1594 4867 in
1627 4826 1737 4871 toto

181 4900 334 4953 apere
379 4895 710 4954 pertractat,
755 4886 1092 4954 argumentis
1136 4885 1277 4938 haud
1314 4884 1548 4938 obscure
1579 4888 1733 4939 colli-

181 4965 339 5023 gitur.
364 4960 423 5010 Si
470 4960 593 5026 quis
623 4971 750 5010 vero
780 4958 943 5009 aliam
992 4954 1255 5009 veriorem
1294 4955 1485 5009 borum
1537 4955 1735 5026 verbo-

185 5042 291 5080 rum
325 5024 854 5095 interpretationem,
891 5026 1158 5093 aliumque
1196 5027 1472 5079 sincerum
1516 5024 1732 5080 illorum

183 5110 389 5152 sensum
429 5093 706 5151 assecutus
734 5093 925 5156 fuerit,
981 5097 1126 5149 hunc
1169 5095 1324 5149 nobis
1375 5095 1419 5148 si
1450 5110 1742 5166 suggerere

184 5169 422 5235 voluerit,
456 5172 719 5221 maximas
750 5182 884 5220 sane
921 5176 977 5220 et
1019 5168 1228 5220 debitas
1259 5167 1310 5219 ei
1349 5168 1557 5236 gratias
1600 5167 1743 5221 refe-

185 5250 378 5291 remus.

244 5306 407 5363 Notat
470 5321 635 5376 porro
690 5305 958 5361 Hervetus
1016 5305 1140 5360 alibi
1200 5306 1496 5361 Clementis
1569 5307 1738 5361 textui

184 5382 423 5447 tenebras
444 5392 699 5447 perquam
732 5380 1087 5431 tlenStssimas
1113 5378 1340 5443 effundi,
1373 5386 1538 5445 atque
1566 5378 1621 5432 in
1648 5381 1738 5431 illo

185 5443 517 5504 librariorum
547 5443 835 5503 oscitantia
857 5447 1060 5515 aliquid
1094 5443 1466 5515 depravatum—
1489 5449 1574 5502 vel
1597 5450 1739 5502 hiul-

182 5532 367 5575 eumet
392 5518 641 5576 tnutilnm
671 5532 812 5581 esse,
841 5518 927 5572 tibi
961 5518 1204 5572 Mosaica:
1241 5518 1376 5586 legis
1403 5520 1737 5588 benignitate

181 5600 238 5658 re
289 5591 661 5646 demonstrata
714 5599 1055 5658 argumento,
1109 5596 1234 5656 quia
1291 5591 1514 5643 arbores
1565 5605 1738 5658 nuper

185 5656 439 5722 [tl-tutatus
470 5663 643 5716 tribus
679 5656 835 5716 anuis
860 5661 929 5712 ali
953 5658 1217 5722 etfoveri,
1257 5669 1560 5728 quartaque
1589 5656 1737 5713 anno

185 5742 267 5781 eas
286 5728 391 5785 Deo
422 5733 728 5786 consecrari
754 5731 930 5798 jubet,
964 5729 1080 5784 haec
1125 5728 1379 5784 Clemens
1421 5730 1732 5798 subjunxit:

256 5817 297 5847 ¹⁶
329 5819 562 5884 Terttd.,
597 5823 688 5878 lib.
731 5823 866 5877 Adv.
894 5820 1129 5883 Iudaeos,
1167 5837 1216 5876 c.
1250 5821 1338 5875 l3.

186 5884 218 5938 1-
248 5906 306 5955 tt,
335 5906 388 5960 ι).
424 5896 542 5947 .02.
628 5896 673 5924 ²⁰
695 5894 1040 5962 Hiet‘.,epist.
1073 5893 1141 5945 57
1168 5895 1234 5949 ad
1271 5892 1522 5948 Datnasc.

530 5988 800 6049 Pnsm..
841 5987 956 6045 Ca.
1006 5987 1116 6047 IX.

1435 5822 1478 5854 "
1517 5821 1725 5879 Strom.
1794 5820 1831 5877 I.
1864 5836 1914 5886 t,
1949 5836 2000 5892 p.
2041 5819 2168 5876 276.

1848 4669 2137 4742 iutaginetn
2188 4678 2246 4723 et
2287 4669 2700 4742 similitudinem
2749 4669 3054 4741 gnosticus,
3101 4673 3194 4742 qui
3247 4675 3416 4728 Deum

1846 4740 2057 4793 imitatu
2070 4753 2114 4800 r,
2141 4742 2318 4807 quoad
2338 4738 2454 4805 ejus
2475 4741 2589 4793 fieri
2620 4738 2820 4808 poteSt,
2844 4743 2971 4795 nihil
2992 4738 3416 4810 prastermitteus

1844 4824 2055 4880 eorum,
2078 4825 2198 4875 qua:
2229 4810 2439 4863 faciant
2473 4812 2538 4863 ad
2563 4828 2705 4877 eam,
2734 4826 2854 4880 qua:
2869 4820 3189 4878 contingere
3214 4823 3413 4879 pmest.

1843 4878 2275 4944 similitudinem,
2308 4882 2638 4951 continens,
2691 4878 2985 4947 sustinens,
3006 4882 3153 4951 juste
3205 4878 3415 4950 vivatis,

1845 4953 2115 5022 imperans
2154 4950 2320 5004 animi
2368 4952 2902 5022 perturbationibus,
2960 4950 3021 5007 ea
3072 4968 3195 5022 qua:
3254 4955 3416 5007 habet

1844 5021 2182 5086 impartieus,
2212 5036 2311 5089 pro
2341 5021 2546 5075 viribus
2575 5025 2923 5088 benet‘aciens
2945 5033 3000 5077 et
3022 5021 3186 5076 verbo
3211 5033 3259 5076 et
3285 5037 3415 5089 ope-

1842 5106 1918 5145 re.
1952 5108 1971 5141 ι
1996 5090 2393 5159 Subsequentia
2417 5104 2581 5158 porro
2603 5096 2794 5147 verba:
2829 5110 2849 5144 ι
2874 5092 3210 5147 Sacriﬁcium
3237 5092 3416 5148 laudis

1840 5176 2003 5230 super
2040 5161 2378 5224 holocausta,
2417 5178 2437 5211 ι
2473 5163 2742 5230 quomodo
2769 5178 2888 5217 cum
2927 5164 3294 5230 superioribus
3322 5178 3413 5216 co—

1840 5235 2099 5293 haereant,
2123 5233 2340 5285 etiamsi
2365 5232 2511 5285 dictu
2541 5232 2916 5287 diﬂicillimum
2959 5247 3080 5287 esse
3110 5231 3412 5299 fateamur,

1839 5318 2025 5358 eorum
2059 5313 2237 5357 tamen
2272 5304 2317 5356 is
2354 5315 2549 5356 sensus
2576 5304 2679 5357 dici
2709 5314 2914 5371 potest:
2952 5302 3102 5356 lianc
3152 5305 3412 5357 virtutum

1838 5373 2251 5444 quaterniouem
2283 5374 2376 5440 qui
2400 5373 2628 5440 adeptus
2644 5371 2829 5437 fuerit,
2856 5374 2922 5427 ab
2944 5374 3032 5444 illo
3058 5376 3410 5444 sacriﬁcium,

1846 5441 2299 5499 holocautomatis
2318 5448 2476 5509 longe
2502 5444 2865 5509 praestantius,
2887 5443 3105 5512 ipsimet
3127 5443 3236 5497 Deo
3251 5441 3414 5495 oder-

1848 5518 1914 5569 ri.
1944 5515 2000 5569 Si
2021 5530 2144 5583 quis
2164 5516 2518 5569 nihilominus
2543 5515 2707 5567 aliam
2721 5516 2971 5569 ostendat
2988 5514 3153 5567 fuisse
3172 5514 3414 5567 auctoris

1846 5586 2016 5640 nosui
2054 5594 2309 5645 mentem,
2357 5585 2481 5638 huic
2508 5600 2700 5639 manus
2730 5586 2999 5652 dabimus,
3019 5594 3183 5653 atque
3213 5600 3313 5638 nos
3343 5588 3413 5638 ab

1844 5673 1910 5713 eo
1935 5658 2073 5709 vinci
2111 5656 2356 5709 lubenter
2380 5656 2671 5723 patiemur.

1914 5728 2182 5782 Caeterum
2236 5727 2367 5778 nulli
2395 5734 2545 5781 certe
2571 5726 2963 5781 mirum‘videri
2996 5726 3157 5780 debet
3177 5733 3413 5795 quatuor

2247 5820 2290 5851 “'
2331 5818 2457 5875 infr.
2512 5836 2563 5875 c.
2605 5819 2692 5883 l3,
2729 5827 2866 5889 part.
2900 5834 2981 5874 ιιι.
3123 5819 3165 5850 ⁸⁸
3204 5818 3409 5872 Strom.

2972 5983 3043 6042 315
