3846 6532
159 358 268 412 1097

148 545 272 618 cuius
292 560 488 618 nomen
511 555 680 618 tacet,
719 549 902 602 itidem
932 551 1126 618 pagani
1173 561 1342 616 poeta:
1399 551 1636 604 iambum
1671 570 1685 604 :

151 615 372 690 iPa_ulus
423 615 758 690 Epimenidis
813 615 975 690 etiam
1005 615 1280 675 'meminit
1326 621 1378 674 in
1441 622 1688 690 Epistola

145 689 206 762 ad
231 686 402 740 Titum
432 686 515 762 sic
542 688 743 762 dicens
773 705 786 742 :
821 687 968 742 Dixit
1009 691 1227 758 quidam
1262 705 1330 746 ex
1371 686 1506 760 ipsis
1558 706 1686 762 pro-

146 760 270 824 prius
317 757 583 824 propheta
643 776 657 811 :
704 757 992 814 Cretenses
1031 757 1264 828 semper
1322 757 1688 818 menilaces...

147 831 197 881 iul
239 828 550 882 Corinthios
581 828 856 884 disserens
897 831 963 884 de
997 832 1398 887 resurrectione
1442 841 1688 885 mortuo-

148 915 265 971 rum.
297 898 502 971 tragico
532 899 715 952 iatnbo
764 915 896 954 usus
934 911 1016 954 est
1047 919 1060 954 :
1095 901 1235 967 Quid
1270 902 1402 956 mihi
1446 903 1688 971 prodest.

146 970 180 1022 si
221 969 414 1042 mortui
461 983 571 1042 non
623 980 1028 1039 resurgiint.....
1087 969 1462 1042 Corrumpunt
1517 974 1690 1029 bonos

146 1055 295 1092 mores
315 1037 583 1108 colloquia
619 1037 875 1105 prava“.
915 1060 932 1092 ι

201 1110 320 1182 Quis
347 1119 532 1173 autem
561 1111 634 1163 sit
664 1110 752 1164 ille
773 1110 1042 1180 posterior
1069 1122 1250 1179 poeta,
1285 1121 1339 1166 et
1367 1128 1428 1167 ea
1457 1127 1578 1182 quae
1603 1114 1691 1168 hic

142 1197 164 1232 ιι
190 1179 452 1235 Clemente
480 1190 668 1251 nostro
697 1179 1025 1250 exintroqne
1055 1182 1148 1236 illo
1170 1184 1394 1237 etlinico
1423 1179 1691 1251 scriptore

142 1251 284 1303 citata
307 1260 454 1314 sunt,
478 1249 842 1322 Hieronymus
869 1252 922 1304 in
953 1267 1048 1305 sna
1079 1254 1144 1308 ad
1182 1253 1432 1320 Magnum
1457 1249 1690 1322 epistola

139 1322 263 1373 clare
305 1330 364 1393 et
418 1321 725 1393 perspicue
757 1322 1076 1390 exponit”:
1119 1341 1137 1374 ι
1181 1322 1381 1376 Paulus
1411 1363 1427 1386 ,
1470 1321 1686 1393 inquit,

139 1389 388 1462 apostolus
417 1389 760 1462 Epin’ienidis
790 1389 965 1462 poetae
1006 1393 1214 1448 abusus
1265 1389 1686 1462 versiculo'est,

139 1459 363 1514 scribens
384 1463 450 1515 ad
481 1461 663 1514 Titum
692 1481 706 1516 :

136 1553 336 1622 Κρῆτες
354 1554 448 1608 ἀεὶ
472 1553 758 1622 ψεῦσται,
781 1555 936 1610 κακὰ
960 1557 1155 1625 θηρία,
1179 1555 1467 1625 γαστέρες
1488 1557 1687 1629 ἀργαί,

137 1647 178 1700 id
215 1657 291 1699 est
325 1647 624 1701 Cretenses
665 1661 884 1716 semper
921 1652 1247 1714 mendaces,
1278 1651 1434 1706 malae
1473 1652 1686 1718 bestiae,

137 1728 325 1791 raptres
368 1718 531 1791 pigri.
581 1718 754 1791 Cujus
794 1721 996 1791 heroici
1054 1721 1464 1776 hemistichium
1500 1733 1685 1791 postea

133 1785 476 1842 Callimachus
501 1789 801 1862 usurpavit.
836 1787 944 1862 Nec
975 1792 1196 1856 mirum,
1224 1793 1267 1846 si
1292 1794 1434 1862 apud
1464 1785 1687 1847 Latinos

1259 359 1341 413 DE
1381 360 1604 418 LIBRIS
1637 363 2084 424 STROMATUM.

149 490 190 531 et
239 477 286 528 in
337 474 512 544 prima
573 476 640 529 ad
708 475 1020 533 Corinthios
1084 480 1348 544 tragicum
1425 480 1689 544 alterius,
1727 491 1767 544 Α

3239 380 3376 434 tufts

2317 487 2713 544 Al‘iTllllI'lAIS
2756 489 2842 542 IV.

1795 595 2070 662 Quomodo
2095 599 2391 664 Scriptura:
2418 620 2586 657 sacra?
2612 605 2912 656 testimonia
2932 606 3016 657 liis
3047 605 3102 660 iii
3128 604 3365 661 SlfOltm-

1865 677 1977 722 tum
2009 671 2158 724 libris
2194 674 2554 749 citentur,_ac
2588 675 2652 726 de
2681 674 3030 742 quibusdam,
3079 695 3196 749 qua:
3261 683 3362 734 liu-

1866 749 2045 792 cleuus
2080 754 2288 792 inventa
2318 757 2419 792 non
2456 745 2690 811 fuerunt.

1863 855 2165 927 Scriptum
2188 870 2362 910 sacrae
2387 857 2697 910 testimonia
2738 858 2928 912 eodem
2958 862 3174 927 penitus
3207 866 3371 918 modo

1792 926 1844 978 in
1884 927 1968 979 his
2004 926 2366 984 Stromntum.
2417 939 2583 994 atque
2633 929 2683 980 in
2739 926 3116 996 superioribus
3147 933 3302 989 libris
3336 956 3365 988 ιι

1791 996 2069 1068 Clemente
2095 1006 2281 1068 nostro
2313 997 2554 1051 citantur
2581 1008 2636 1051 et
2670 1010 3162 1068 repraesentantur.
3197 1004 3364 1059 Plura

1791 1065 1935 1140 enim
1973 1081 2116 1140 a__se
2151 1066 2384 1140 invicem
2427 1069 2706 1134 sejiincta,
2741 1065 2930 1138 'atqne
2958 1071 3270 1140 aliquando
3299 1091 3367 1131 ex

1791 1136 1962 1212 variis
1991 1136 2169 1212 libris,
2201 1145 2294 1190 aut
2319 1138 2550 1212 diversis
2571 1153 2757 1212 eorum
2789 1136 3366 1212 capitibus'ilccerpia.

1794 1205 1864 1276 ita
1902 1205 2060 1276 simul
2093 1207 2180 1260 ille
2214 1205 2527 1276 coniungit.
2561 1209 2784 1276 perinde
2822 1205 2985 1276 atque
3027 1226 3091 1265 ex
3127 1205 3370 1268 tino-e04

1791 1275 2022 1348 (lemque
2050 1275 2168 1330 loco
2193 1291 2256 1330 ea
2284 1275 2696 1346 desumpsis'set.
2729 1275 2938 1348 Stepiiis
2961 1292 3140 1335 autem
3173 1282 3259 1336 illa
3281 1292 3370 1338 ἰι-

1791 1347 1900 1398 cito
1941 1348 2182 1424 auctoris
2217 1347 2439 1424 nomine
2485 1347 2831 1424 transcribit.
2861 1349 2924 1424 _l_n
2962 1352 3196 1422 vulgatis
3227 1371 3370 1424 prae-

1793 1424 1940 1470 terea
1983 1417 2244 1471 horumce
2281 1416 2610 1472 Stromatum
2647 1419 2978 1474 editionibiis
3023 1416 3190 1478 niulta
3228 1416 3368 1478 inale

1793 1485 2124 1562 indicantur,
2156 1496 2210 1540 et
2236 1487 2394 1562 longe
2427 1489 2580 1556 plura
2607 1504 2636 1542 a
2669 1490 2907 1552 nemine,
2933 1494 3076 1547 unde
3107 1507 3364 1562 excerpta

1791 1555 2014 1630 fuerint,
2057 1557 2110 1611 in
2131 1555 2382 1630 margine
2410 1555 2591 1611 notata
2621 1571 2936 1614 occurrunt.
2956 1563 3200 1630 Denique
3230 1555 3367 1618 noii-

1793 1627 1938 1679 nulla
1970 1642 2092 1696 qnie
2119 1627 2373 1682 Clemens
2396 1629 2480 1694 vel
2503 1631 2838 1696 memoriter,
2877 1632 2959 1685 vel
2986 1647 3054 1686 ex
3085 1627 3306 1689 diverso
3333 1653 3363 1689 a

1792 1702 1994 1771 nostris
2030 1699 2218 1771 codice
2258 1698 2465 1771 retulit,
2502 1701 2740 1771 nondum
2771 1701 3003 1756 inveniri
3041 1713 3356 1771 potuerunt.

1791 1766 1922 1842 Qua;
1967 1769 2188 1837 quidem
2233 1769 2699 1842 omtiiumloculis
2736 1771 2821 1824 hic
2851 1766 3193 1842 subjicienda
3241 1791 3362 1829 esse

135 1839 476 1929 iiieuiijii'iioii
501 1839 689 1911 servet
721 1839 1686 1929 adverbiini
1717 1863 1758 1918 Β
1792 1839 3126 1929 ξ¹ε¹ξ³ξξ¹ἶ¹ξ¹β’,Ψ-ίμῳξίῗῗέᾟθιξίξνῘῙῨΪῩΡΨί⁸¹¹¹¹1ξ,³¹,ίί⁸
3153 1843 3361 1929 pater":

133 1943 235 2002 cum
259 1928 528 2002 Homerus
557 1930 750 2002 eadem
795 1930 976 1998 lingua
1012 1928 1202 2002 versus
1245 1935 1295 1986 in
1328 1949 1550 2002 prosam
1595 1935 1683 1988 vix

133 2000 396 2080 coliiereat.
435 1999 491 2053 In
542 1999 650 2053 alia
681 2014 898 2070 quoque
942 2001 1175 2072 epistola
1215 1999 1498 2058 Menandri
1532 2006 1686 2074 ponit

132 2083 372 2123 senarium
405 2087 420 2123 2

186 2165 530 2233 Φθείρουσιν
557 2163 675 2234 ἢθη
698 2164 932 2234 χρηστὰ
962 2165 1187 2238 ὁμιλίαι
1216 2166 1417 2230 κακαί,

136 2257 176 2310 id
198 2272 294 2322 est,
318 2269 677 2328 corrumpunt
702 2274 881 2313 mores
902 2258 1073 2312 bonos
1098 2257 1366 2328 colloquia
1390 2274 1552 2326 prava
1582 2259 1642 2312 ιδ.
1658 2280 1675 2312 i

191 2329 260 2381 Ad
302 2330 416 2383 htec
466 2344 624 2391 vero,
679 2339 966 2398 postquam
1021 2329 1275 2384 Clemens
1320 2331 1595 2399 descripta
1629 2332 1680 2385 in

131 2399 330 2454 Actibus
388 2402 766 2468 apostolorum
822 2399 976 2452 Pauli
1035 2401 1176 2467 apud
1233 2399 1595 2455 Athenienses
1628 2402 1679 2454 in

134 2472 390 2541 Areopago
436 2472 508 2523 de
547 2470 736 2539 ignoto
767 2469 875 2523 illis
921 2469 1029 2523 Deo
1055 2471 1363 2541 perorantis
1401 2471 1563 2525 verba
1597 2487 1677 2525 re-

129 2540 251 2605 tulit,
270 2539 554 2609 ex'qnibus
589 2541 773 2593 ultima
801 2541 918 2594 hinc
951 2552 1077 2594 sunt
1101 2540 1145 2572 “
1178 2560 1192 2594 :
1228 2559 1248 2593 ι
1281 2539 1432 2594 Sicut
1462 2542 1678 2608 quidam

129 2624 404 2666 vestrorum
437 2622 718 2680 poetarum
753 2613 1010 2665 dixerunt
1058 2627 1072 2663 :
1127 2610 1296 2678 llnjns
1359 2625 1594 2679 namque
1627 2624 1680 2666 et

127 2697 275 2749 genus
303 2699 488 2736 smnus
513 2697 528 2744 ;
572 2702 590 2732 ι
621 2697 687 2734 ex
723 2683 790 2735 iis
820 2681 1070 2734 omnibus
1103 2681 1246 2736 hanc
1272 2681 1362 2736 ille
1385 2682 1536 2736 elicit
1557 2697 1680 2736 con-

127 2754 401 2807 clusionem
435 2769 450 2805 :
489 2770 508 2803 ι
546 2751 626 2806 Ex
665 2753 864 2822 quibus
904 2752 1110 2820 clarum
1160 2763 1282 2818 est,
1331 2751 1476 2820 quod
1510 2761 1676 2806 etiam

127 2825 330 2890 poeticis
364 2833 521 2876 utens
548 2823 836 2892 exemplis,
861 2837 926 2876 ex
961 2823 1108 2876 Arati
1143 2823 1508 2877 Pliwnomenis
1534 2863 1549 2886 ,
1581 2838 1678 2890 ap-

126 2896 315 2962 probat,
348 2909 468 2962 qua:
495 2895 639 2963 apud
674 2893 891 2948 Graecos
921 2903 1066 2948 recte
1101 2894 1243 2946 dicta
1291 2902 1460 2956 sunt,
1493 2902 1548 2945 et
1582 2908 1678 2959 per

126 2965 343 3031 ignotum
374 2965 542 3019 Deum
571 2966 828 3017 honorari
859 2965 1079 3033 quidem
1109 2963 1677 3033 percircumlocutio-

125 3051 233 3090 nem
261 3037 507 3104 opilicem
547 3035 714 3088 Denin
751 3032 1099 3103 signiﬁcavit.
1133 3053 1151 3104 ι
1186 3032 1297 3087 Hoc
1320 3033 1672 3087 autemArati

125 3103 504 3160 hemistichium
540 3107 835 3172 integrum,
870 3105 1011 3158 sicut
1036 3112 1088 3156 et
1108 3103 1210 3156 alia
1237 3104 1387 3172 plura
1407 3104 1668 3165 carmina,

123 3191 181 3231 ex
211 3176 342 3232 illius
371 3174 745 3232 Plicnomenis
779 3187 961 3243 postea
1007 3174 1254 3228 exhibuit
1295 3174 1544 3243 Clemens
1577 3189 1667 3226 no-

124 3221 805 3316 £ia£fi§t¥¥iﬁ§3f5iqiie’
833 3221 996 3316 etiam
1047 3259 1114 3300 ex
1148 3241 1457 3298 Aristobulo
1493 3243 1659 3316 Ense-
1695 3221 1737 3278 C

121 3319 312 3372 hius“.
337 3312 873 3386 Quapropter’apnd
930 3315 1315 3383 Hieronymum
1366 3318 1478 3366 hinc
1511 3312 1662 3386 legi-

124 3405 226 3442 nuis
249 3391 288 3422 ι’
320 3409 332 3443 :
361 3384 390 3440 ἰ
430 3384 485 3442 lii
516 3386 748 3440 Actibus
783 3390 1150 3455 apostolorum
1205 3401 1326 3439 cum
1365 3384 1662 3437 conciona-

125 3470 257 3512 retur
285 3461 350 3513 ad
380 3459 641 3529 populum
667 3496 682 3519 ,
708 3467 762 3510 et
795 3459 846 3509 in
884 3463 1166 3529 Areopago
1187 3495 1204 3520 ,
1252 3469 1372 3523 qua:
1398 3465 1487 3529 est
1513 3470 1662 3529 curia

121 3524 546 3592 Atheniensium,
583 3528 918 3596 disputaret,
967 3527 1108 3580 inter
1139 3536 1332 3580 caetera
1362 3524 1437 3576 ait
1467 3541 1480 3577 :
1511 3526 1666 3578 Sicut

122 3612 167 3651 et
190 3603 403 3668 quidam
448 3604 515 3654 de
544 3599 747 3652 vestris
775 3600 949 3667 poetis
979 3597 1238 3668 dixerunt
1268 3614 1282 3649 :
1315 3596 1488 3668 Ipsius
1519 3596 1662 3648 enini

121 3683 167 3721 et
194 3663 352 3739 genus
375 3685 586 3724 sumus.
621 3663 1204 3739 Quodhemistichium
1257 3669 1307 3720 iii
1340 3663 1665 3718 ’Plirenome-

122 3737 360 3795 uis'Arati
391 3741 614 3811 legitur,
646 3754 806 3811 quem
841 3739 1035 3811 Cicero
1073 3740 1124 3790 iii
1168 3737 1424 3811 patinuin
1456 3750 1666 3790 sermo-

122 3825 227 3864 nem
277 3808 598 3873 transtulit,
648 3819 704 3862 et
742 3808 1102 3863 Germanicus
1154 3809 1356 3870 Caesar,
1406 3815 1458 3858 et
1496 3821 1666 3873 nuper

118 3884 358 3946 Avienus,
409 3890 464 3936 εἰ
518 3879 678 3933 inulti
708 3919 723 3941 ,
783 3895 920 3948 quos
971 3894 1292 3933 enumerare
1347 3877 1662 3948 perlongum

119 3965 296 4008 est.....
321 3952 617 4020 Inscriptio
641 3947 826 4004 autem
863 3964 974 4002 ara!
1008 3965 1111 4003 non
1146 3951 1219 4020 ita
1247 3960 1402 4009 erat,
1436 3956 1494 3998 nt
1525 3947 1665 4020 Pan-

120 4021 192 4076 lus
213 4026 434 4080 asseruit
467 4016 704 4093 {Ignoto
728 4021 854 4093 Deo;
889 4021 983 4093 sed
1011 4022 1081 4074 ita
1110 4035 1124 4070 :
1154 4019 1261 4071 Diis
1287 4020 1535 4093 ἔκιε-ει
1566 4016 1668 4068 En-

121 4108 266 4164 ropie,
292 4105 344 4150 et
373 4085 604 4157 Africae,
636 4091 740 4164 diis
764 4091 966 4164 ignotis
987 4099 1063 4164 let
1088 4089 1418 4164 peregrinis.
1466 4085 1662 4164 verum

119 4159 232 4232 quia
259 4165 458 4220 Paulus
489 4181 602 4219 non
637 4159 881 4229 pluribus
927 4163 1030 4232 diis
1088 4161 1391 4229 indigebat,
1426 4159 1523 4211 sed
1557 4172 1666 4210 uno

121 4246 308 4290 tantum
339 4238 531 4305 ignoto
587 4235 719 4298 Deo,
777 4231 1039 4301 singulari
1093 4236 1256 4283 verbo
1293 4243 1424 4305 usus
1453 4235 1570 4305 est,
1609 4237 1667 4278 ut

117 4307 317 4361 doceret
344 4299 496 4361 illum
536 4321 698 4360 suum
725 4317 844 4357 esse
875 4299 1062 4366 Deum,
1109 4316 1271 4370 quem
1304 4299 1667 4377 Athenienses

121 4377 165 4427 in
193 4394 291 4432 ara:
332 4380 491 4432 titulo
521 4382 958 4446 praenotassent,
988 4382 1038 4424 et
1075 4381 1220 4424 recte
1258 4385 1381 4446 enni
1429 4379 1666 4421 scientes

118 4448 278 4504 colere
303 4440 596 4505 deberent.
622 4462 780 4515 quem
819 4446 1131 4518 ignorantes
1161 4440 1586 4518 venerabamur,
1612 4447 1669 4489 et

117 4521 309 4574 nescire
358 4537 470 4573 non
515 4509 792 4588 poterant.
826 4509 941 4567 Hoc
985 4524 1165 4566 autem
1207 4511 1404 4588 Paulus
1431 4509 1668 4562 faciebat

1789 1912 2036 1981 ciamus;
2069 1924 2190 1981 qtire
2231 1919 2413 1981 autem
2469 1912 2709 1978 reperire
2744 1928 2848 1964 non
2914 1914 3188 1981 potuimus
3214 1955 3228 1976 ,
3291 1917 3359 1970 ab

1788 1979 1968 2054 aliquo
1991 1979 2158 2032 divini
2195 1979 2344 2034 verbi
2371 1981 2614 2034 studiuso
2639 1981 2858 2035 homine
2883 1979 3039 2038 nobis
3067 1984 3361 2054 aliquando

1785 2047 2250 2104 demonstrentnr.

1856 2117 2099 2192 Primum
2149 2121 2332 2186 itaque
2362 2117 2633 2192 Hervetns
2677 2120 2911 2192 dicitlse
2965 2139 3070 2177 non
3116 2127 3358 2192 potuisse

1786 2203 1886 2240 nec
1919 2190 1969 2240 in
1995 2189 2369 2256 Septuaginta,
2397 2199 2502 2244 nec
2530 2191 2581 2243 in
2603 2200 2786 2244 nostra
2817 2191 3042 2256 Vulgata
3072 2189 3355 2249 sacrorum

1788 2257 1945 2328 157
1981 2260 2240 2314 librorum
2274 2259 2722 2329 interpretatione
2763 2261 2876 2314 haec
2923 2257 3143 2316 laudata
3183 2285 3209 2316 :i
3237 2266 3358 2319 Cle-

1785 2345 1966 2405 mente
1991 2339 2187 2405 nostro
2213 2329 2458 2405 invenire
2485 2331 2644 2405 verba
2665 2329 2722 2405 “’_
2751 2331 2932 2405 εΔιρτι
2962 2332 3193 2404 ἠλέησέν
3229 2353 3296 2405 με
3329 2339 3359 2390 ὁ

1781 2397 1914 2462 Θεὸς
1940 2439 1955 2463 ,
1987 2399 2102 2452 ἐστί
2135 2417 2226 2470 μοι
2249 2401 2447 2454 πάντα·
2492 2418 2510 2451 i
2549 2399 2816 2466 Quoniam
2844 2397 3118 2458 Dens'niéi
3163 2397 3355 2459 miser-

1785 2478 1870 2523 tus
1909 2481 2011 2534 est,
2047 2482 2174 2524 sunt
2214 2471 2344 2524 mihi
2377 2473 2560 2526 omnia
2584 2472 2648 2524 ¹⁹.
2679 2490 2698 2522 i
2739 2471 3139 2529 Posterioribus
3171 2485 3354 2529 autem

1785 2541 1981 2616 liuruni
2003 2539 2303 2616 Clementis
2333 2541 2665 2616 Stromatum
2701 2542 3035 2616 editionibus
3075 2547 3354 2616 prmpositi

1783 2611 1833 2680 in
1861 2626 2049 2664 earuin
2087 2613 2330 2680 margine
2364 2610 2920 2666 adiiotarnntGenes.
2958 2610 3087 2676 χιιι.
3113 2610 3206 2670 sed
3237 2631 3353 2668 oui-

1781 2679 1909 2751 nino
1935 2679 2372 2735 inendosefNain
2407 2682 2522 2735 haec
2552 2684 2667 2751 ipsa
2698 2684 2857 2736 verba
2892 2681 3079 2738 Jacobi
3125 2694 3254 2739 sunt
3284 2688 3355 2739 ad

1776 2747 2008 2824 fratrem
2039 2767 2206 2824 suum
2230 2752 2371 2806 Esau
2423 2747 2624 2824 Cenes.
2665 2767 2868 2824 sunt,
2906 2754 2994 2816 ll,
3051 2755 3154 2809 nisi
3208 2759 3354 2824 quod

1778 2821 1918 2890 apud
1955 2818 2308 2890 Septuaginta
2347 2837 2444 2887 pro
2489 2820 2626 2876 διότι
2684 2818 2933 2890 legimus.
2969 2824 3051 2877 ὅτι
3077 2864 3093 2888 ,
3127 2835 3182 2879 ει
3223 2818 3354 2878 ante

1776 2888 1892 2945 ἔστι
1923 2888 2237 2964 copulativa
2279 2894 2370 2945 καί
2398 2896 2573 2958 posita
2595 2903 2684 2964 est
2703 2888 2767 2944 ²⁰.
2805 2892 2934 2958 Quae
2979 2904 3158 2950 autem
3192 2896 3354 2964 paulo

1775 2971 1898 3028 post
1943 2962 2126 3015 adhuc
2187 2962 2428 3015 citamur
2470 2980 2483 3014 :
2531 2980 2550 3012 ι
2593 2962 2705 3015 ltex
2755 2978 2785 3015 ιι
2825 2967 2934 3016 Deo
2971 2974 3024 3016 tu
3061 2980 3118 3019 es
3152 2962 3207 3017 iii
3253 2982 3355 3018 no-

1776 3031 1938 3094 bis“,
1977 3050 1997 3084 ι
2031 3032 2215 3086 istlitec
2242 3033 2292 3084 in
2323 3031 2593 3086 Geiieseos
2624 3047 2782 3094 xxni,
2813 3034 2864 3099 b‘,
2897 3035 3098 3102 scripta
3128 3045 3278 3089 sunt.

1847 3102 1999 3176 iliitic
2057 3117 2184 3176 vero
2223 3103 2404 3176 AESOlii
2455 3102 2630 3176 locum
2669 3122 2686 3176 _:
2722 3103 2829 3176 Καὶ
2859 3104 2924 3156 σὺ
2954 3104 3188 3176 λᾴλησον
3217 3108 3353 3160 πᾶσι

1772 3175 1882 3234 τοῖς
1911 3176 2092 3247 curaui;
2123 3175 2189 3244 τῇ
2217 3171 2444 3247 omnia,
2471 3171 2563 3236 οὓς
2595 3172 2864 3247 ἐνέπλησα
2894 3171 3112 3245 πνεῦμά.
3163 3177 3358 3247 alqui)-

1776 3260 1933 3306 σεως.
1975 3263 1993 3296 ι
2034 3245 2098 3296 Et
2134 3243 2188 3296 tu
2223 3243 2445 3312 loquere
2471 3247 2723 3296 omnibus
2748 3243 3086 3312 sapientibus
3115 3247 3166 3298 in
3202 3243 3358 3315 cogi~
3391 3249 3393 3252 ’

1774 3316 2002 3378 latione,
2034 3328 2168 3382 quos
2211 3315 2426 3382 implevi
2470 3315 2664 3380 spiritu
2705 3329 2897 3368 sensus
2918 3317 3000 3377 ³³,
3038 3335 3057 3368 i
3089 3315 3142 3368 in
3186 3319 3356 3370 nullis

1771 3401 1944 3438 sacra:
1972 3389 2266 3452 Scriptura:
2295 3386 2409 3438 sire
2436 3384 2664 3448 Latinis,
2694 3387 2809 3437 sive
2849 3384 3056 3440 Grmeis
3084 3427 3099 3449 ,
3156 3387 3351 3442 aliisve

1773 3457 2056 3508 codicibus
2087 3455 2356 3508 llervetus
2384 3470 2442 3507 se
2470 3457 2736 3522 reperisse
2764 3469 2862 3507 nos
2889 3459 3162 3510 admonet.
3195 3457 3350 3512 Atta.

1774 3541 1894 3577 meti
1921 3526 2034 3578 hare
2059 3526 2282 3578 totidem
2317 3526 2499 3578 verbis
2517 3524 2788 3579 habentur
2818 3527 2960 3592 apud
2992 3525 3357 3594 Septuaginta

1772 3595 1940 3648 Exodi
1974 3610 2166 3667 xxviii,
2194 3595 2252 3659 5,
2285 3597 2388 3649 nisi
2422 3599 2562 3667 quod
2598 3611 2694 3660 pro
2742 3597 2961 3665 πνεῦμα
3006 3597 3346 3667 αἰσθήσεως,

1771 3668 1912 3732 apud
1930 3680 2052 3765 Ieos
2107 3666 2338 3734 legimus
2397 3665 2705 3736 πνεύματος
2763 3668 2962 3737 σοφίας
3012 3668 3106 3720 καὶ
3156 3665 3362 3740 dicoq-

1774 3751 1912 3798 σεως
1930 3736 1975 3766 ³³
1997 3775 2009 3788 .

1844 3810 1888 3859 Α
1919 3805 2064 3859 nullo
2116 3805 2280 3859 etiam
2322 3816 2567 3860 notatum
2617 3815 2701 3861 est
2753 3808 2843 3860 ubi
2907 3809 3021 3861 sint
3078 3808 3182 3861 alia
3235 3809 3353 3863 haec

1776 3879 2129 3948 verba,qnge
2159 3875 2410 3948 Clemens
2448 3878 2744 3948 Sapientia:
2802 3879 2992 3930 tribuit
3021 3877 3068 3909 “
3113 3897 3126 3932 :
3183 3880 3356 3948 Σοφία

1771 3947 1938 4014 λέγει·
1982 3947 2042 3999 ’0
2079 3945 2136 3998 δὲ
2163 3944 2297 4014 ἐμοῦ
2345 3945 2578 4008 ἀκούων,
2611 3949 3010 4001 κατασκευάσει
3059 3949 3146 4002 ἐπ’
3181 3944 3358 4004 ebrios

1773 4015 2066 4079 πεποιθώς.
2106 4033 2126 4066 ι
2163 4018 2264 4081 Qni
2300 4031 2478 4070 autem
2523 4036 2606 4070 nte
2638 4020 2824 4081 audit,
2857 4021 3128 4072 habitabit
3170 4021 3223 4074 in
3257 4037 3354 4087 spe

1772 4091 2075 4141 conlidens.
2118 4095 2244 4158 {at
2281 4099 2430 4140 certe
2485 4089 2572 4141 illa
2626 4103 2732 4141 non
2785 4089 3008 4158 aliunde
3061 4105 3343 4158 quam-ex

1777 4159 2036 4218 l’roverb.
2071 4172 2110 4220 i,
2133 4155 2223 4216 53.
2256 4157 2486 4224 accepit.
2525 4158 2612 4210 ubi
2643 4159 2784 4211 hunc
2824 4157 2877 4210 iii
2916 4155 3132 4211 niuiluin
3161 4174 3353 4222 reprae-

1773 4239 2108 4297 seiitaiitur_:
2130 4227 2212 4297 ΑὈ
2248 4227 2305 4280 δὲ
2325 4226 2459 4297 ἐμοῦ
2486 4227 2700 4280 ἀκούων
2729 4228 3128 4297 κατασκευάσει
3153 4229 3240 4281 ἐπ’
3263 4231 3353 4282 ἐλ-

1774 4297 1907 4350 πίδι.
1943 4297 1996 4350 ln
2040 4295 2268 4364 Vulgata
2326 4295 2455 4352 vero
2487 4309 2670 4350 nostra
2706 4317 2720 4350 ;
2775 4316 2794 4348 ι
2830 4299 2930 4363 Qiii
2969 4295 3060 4352 ine
3095 4302 3352 4364 audierit,

1775 4375 1984 4436 absque
2029 4377 2250 4422 terrore
2285 4370 2588 4435 requiescet
2607 4367 2676 4421 “.
2725 4387 2744 4418 ι
2802 4368 2952 4424 Unde
2994 4369 3224 4438 colligas
3281 4373 3351 4423 ibi

1777 4441 1944 4492 fuisse
1986 4443 2248 4508 quasdam
2283 4440 2482 4508 varias
2515 4439 2798 4508 lectiones.
2851 4451 2907 4494 et
2951 4439 3005 4492 in
3055 4437 3355 4494 Clementis

1773 4510 1962 4563 codice
1994 4506 2264 4575 adjectum
2299 4506 2590 4571 πεποιθώς.

118 4605 246 4651 raro,
271 4603 323 4645 et
358 4604 417 4643 ut
445 4578 556 4644 loci
592 4591 790 4656 potius,
815 4599 976 4654 quant
1002 4582 1383 4656 ostentationis
1407 4589 1666 4656 opportu-
1701 4589 1742 4644 ο
1850 4579 1965 4656 Non
2003 4579 2163 4656 longe
2189 4590 2372 4656 autem
2387 4589 2592 4656 postea
2625 4578 3006 4656 lioc‘Clemens
3041 4580 3354 4656 Salomonis

117 4672 245 4733 nitas
273 4663 552 4733 exigebat.
590 4651 608 4709 ὦ
647 4651 873 4733 Omnem
909 4670 1069 4733 porro
1125 4658 1268 4733 hunc
1315 4652 1490 4704 locum
1546 4651 1665 4733 ideo

118 4723 478 4799 iutegrum‘liic
503 4729 931 4802 descripsimus;
958 4725 1081 4802 quia
1103 4736 1159 4777 et
1179 4723 1429 4802 Cletiieris
1460 4729 1664 4782 noster,

113 4813 162 4854 et
185 4794 264 4857 alii
287 4805 607 4870 complures
635 4794 737 4852 non
772 4799 891 4850 aliis
915 4800 1302 4870 verbis,_quam
1327 4794 1439 4870 liis,
1474 4806 1593 4858 qua:
1619 4806 1672 4842 in

112 4875 316 4928 Actibus
345 4863 1034 4942 apostoloruniliabenti‘ir.
1069 4883 1088 4916 ι
1123 4865 1306 4935 Ignoto
1327 4863 1458 4942 Deo,
1479 4880 1500 4912 ι
1523 4876 1671 4942 arani

114 4932 516 4998 Atheniensium
579 4941 897 5007 inscriptam
944 4936 1116 5010 fuisse
1149 4932 1539 4990 'contendunt.
1596 4932 1674 5010 ⁸Αι

114 5016 215 5069 haec
243 5017 386 5069 inter
416 5017 587 5068 hosce
621 5014 918 5078 scriptores
935 5047 952 5074 ,
982 5016 1037 5060 et
1067 5007 1214 5082 illum
1247 5007 1674 5082 commentario-

112 5098 215 5138 tum
237 5088 286 5138 in
326 5085 434 5140 Titi
470 5083 763 5154 epistolam
790 5087 1070 5154 auctorem
1096 5079 1460 5153 discrepantia
1481 5089 1547 5128 eo
1574 5088 1676 5154 IIII:

112 5170 202 5210 nus
231 5159 321 5210 tibi
349 5145 628 5210 mirabilis
662 5150 835 5224 videri
869 5151 1192 5224 debet,__qno
1220 5145 1672 5224 inagisniionnulli

111 5231 476 5287 subdubitant,
516 5239 703 5278 utrum
735 5222 919 5274 isthtec
951 5221 1002 5272 in
1042 5213 1338 5293 Epistulam
1383 5213 1491 5293 Titi
1524 5229 1676 5293 coni-

113 5302 363 5352 meutaria
412 5285 486 5351 ab
541 5295 877 5360 Hieronymo
929 5303 1120 5362 reapse
1146 5288 1404 5362 profecta
1447 5285 1672 5362 fuerint.

111 5369 203 5433 Qui
229 5372 379 5437 plura
414 5374 486 5421 de
526 5367 631 5419 hoc
663 5357 826 5437 Arati
849 5360 1196 5437 hemistichio
1227 5369 1282 5412 et
1324 5357 1412 5409 illa
1442 5372 1568 5437 arae.
1589 5357 1673 5406 ili-

111 5426 398 5510 Jcripiioiie
423 5439 577 5492 scire
599 5436 780 5500 cupit,
817 5433 863 5485 is
889 5433 1051 5485 adeat
1077 5431 1307 5484 Actuum
1337 5426 1675 5496 apostolico-

111 5524 220 5563 runi
247 5514 607 5579 interpretes.

177 5659 213 5691 ¹¹
240 5659 447 5716 Strom.
483 5654 521 5708 I.
562 5670 605 5717 I,
635 5667 690 5723 p.
714 5650 843 5708 299.

111 5729 330 5800 Pnepar.
369 5719 649 5800 enicat):
677 5727 741 5778 i2
765 5736 816 5776 et
847 5723 933 5784 15,
961 5740 1014 5800 ρ.
1180 5719 1251 5800 _et
1281 5719 1408 5800 βιι.

107 5817 160 5866 p.
188 5794 304 5857 405,
389 5800 434 5830 ¹⁹
460 5799 669 5852 Genes.
715 5810 909 5857 uniti,
946 5799 1029 5866 tl.
1107 5794 1310 5866 "ibid.

107 5860 156 5901 δ’
192 5876 388 5928 Strom.
463 5871 561 5920 lib.
630 5883 703 5928 ii,
765 5883 887 5933 pag.
946 5865 1072 5917 410.
1146 5864 1190 5894 "
1235 5863 1406 5924 Prov.
1467 5877 1525 5926 i,
1577 5860 1666 5911 55.

427 5967 707 6025 ΡΑτιιοι..
755 5960 872 6020 Gn.
907 5959 1017 6020 IX.

920 5651 962 5683 "
985 5650 1134 5706 Hier.
1173 5651 1333 5720 epist.
1368 5646 1462 5720 81,
1503 5644 1743 5720 adMag.‘

1542 5718 1582 5748 ³⁷
1613 5710 1924 5779 tioiiinietit.
1961 5717 2015 5767 in
2059 5731 2180 5782 i-ap.
2216 5729 2230 5766 t
2266 5712 2434 5779 Epist.
2473 5715 2537 5764 iul
2583 5710 2692 5763 'l‘it.

1410 5791 1450 5819 ²¹
1492 5788 1686 5844 Genus.
1724 5802 1878 5848 xuii,
1911 5785 1965 5837 6.

1777 4651 1971 4722 retulit
1991 4649 2278 4722 ell'atuni’f
2309 4650 2416 4722 :_'O
2453 4649 2693 4720 σπείρων
2722 4649 3093 4720 δικαιοσύνην,
3125 4649 3356 4722 ἐργάζε-

1777 4737 1866 4775 ται
1908 4719 2114 4774 πίστιν.
2162 4737 2182 4771 ‹
2241 4719 2343 4786 Qui
2379 4719 2613 4776 seminat
2659 4723 2925 4787 justitiam
2951 4760 2966 4782 .
2999 4719 3258 4790 operatur
3291 4725 3354 4772 ii-

1777 4794 1923 4861 dem.
1965 4810 1982 4841 ι
2007 4791 2112 4844 Sed
2147 4791 2198 4861 in
2230 4791 2583 4860 Septuaginta
2619 4794 2870 4846 versione
2909 4791 2989 4846 sic
3037 4792 3353 4861 legitur.....

1775 4860 2020 4933 Λήψεται
2057 4860 2248 4932 μισθὸν
2280 4861 2471 4915 πιστόν
2494 4905 2508 4926 ,
2549 4879 2568 4933 ι
2611 4861 2823 4916 lidelem
2862 4860 3165 4933 mercedem
3199 4865 3351 4933 acci-

1777 4927 1887 5000 piet
1906 4931 1973 4984 ".
2004 4951 2024 4983 ι
2058 4927 2188 4998 Quae
2208 4933 2424 4999 quidem
2454 4932 2659 4986 idcirco
2689 4935 3036 4992 adnotainus,
3065 4931 3191 4999 quia
3215 4927 3354 5000 Her-

1777 4999 1936 5056 vetus
1965 5006 2224 5056 observat
2247 5003 2409 5055 facile
2443 5004 2677 5070 perspici
2725 5019 2832 5056 non
2880 5016 3040 5069 posse
3077 4999 3356 5070 quomodo

1780 5073 1892 5126 hch
1933 5088 2055 5126 cuin
2087 5069 2458 5139 superioribus
2491 5069 2816 5127 coli.ereant.
2848 5073 2919 5123 At
2953 5086 3018 5122 ex
3057 5071 3236 5122 allatis
3262 5069 3359 5122 Se-

1778 5144 2063 5213 ptuaginta
2104 5142 2308 5213 Senum
2342 5143 2524 5213 verbis
2569 5145 2615 5194 is
2655 5143 3152 5213 videturauctoris
3181 5140 3356 5192 nostri

1779 5211 1899 5287 esse
1923 5211 2162 5267 sensus:
2210 5211 2419 5287 Graeci,
2445 5213 2538 5280 qui
2589 5211 3144 5287 rectelphilosopliati
3202 5221 3354 5287 sunt,

1781 5285 1951 5337 Deum
1983 5298 2081 5352 per
2101 5285 2339 5358 speciem
2373 5279 2629 5358 viderunt
2658 5279 3026 5358 perlucentem
3047 5319 3063 5344 ,
3090 5295 3155 5333 ac
3183 5279 3266 5332 sui
3299 5279 3354 5358 in

1782 5355 2160 5425 investiganda
2191 5354 2424 5406 veritate
2456 5352 2660 5406 laboris
2700 5353 3036 5415 mercedem,
3057 5363 3244 5403 Veram
3273 5352 3362 5403 ui-

1781 5425 1980 5500 mi_r_nni
2018 5425 2202 5500 Iidem,
2236 5431 2590 5500 acceperunt.

1851 5494 2013 5548 Nulla
2051 5495 2228 5550 adhuc
2256 5493 2310 5546 in
2341 5489 2810 5548 Clenienttiiorum
2852 5505 3078 5560 operum
3119 5489 3359 5544 editiciie

2871 5637 2914 5666 ‘°
2943 5635 3136 5689 Euseb.
3163 5631 3363 5688 lib.ii'iii

2823 5707 2865 5764 Ψ
2897 5707 2990 5760 lib.
3027 5718 3061 5759 Il
3121 5706 3356 5766 Stroni.,

2066 5786 2108 5815 “
2131 5770 2348 5837 .Stroni.
2376 5783 2412 5835 1.
2439 5799 2476 5848 t,
2501 5800 2554 5849 p.
2587 5783 2710 5834 28L
2790 5770 2855 5809 ’³³
2892 5779 3062 5831 Εκυιι-
3087 5788 3274 5839 XXVIII:
3297 5776 3357 5826 5-

2066 5858 2092 5905 l.
2130 5871 2167 5905 i.
2204 5872 2254 5905 ιι.
2285 5855 2410 5905 516.
2491 5854 2530 5884 "
2562 5851 2720 5905 l’i‘ov.
2753 5865 2836 5905 «ιιι.
2859 5849 2951 5902 21.

2707 5889 2720 5904 ο
2753 5885 2836 5916 ‘AI,
2865 5885 2920 5902 ΠΙ
2938 5889 2951 5902 ο

2938 5943 3013 6003 35

1825 5645 1871 5676 ⁸⁵
1902 5645 2024 5698 Aci.
2055 5658 2178 5705 xvii,
2205 5640 2300 5696 ‘28.
2379 5641 2421 5670 ¹⁵
2450 5639 2485 5692 Ι.
2521 5655 2559 5702 i,
2588 5656 2640 5708 p.
2667 5637 2789 5693 515.

1745 5858 1790 5888 ⁸⁵
1816 5860 2021 5910 Strom.
2058 5856 2092 5908 Ι.
2130 5871 2167 5918 ι,
2203 5872 2254 5924 p.
2285 5855 2410 5908 516.
