3846 6528
467 432 604 485 “03

1135 427 1198 481 ΙΝ
1240 426 1658 481 CLEMENTEM
1701 426 1903 481 ALEX.
1948 427 2006 480 D.
2053 425 2136 480 LE
2176 423 2454 480 NOURRY
2507 423 2958 480 DISSERTATIO
2997 424 3060 479 ll.

3555 428 3669 483 ιιοι

534 549 673 624 Alibi
714 548 966 624 Clemens
1014 557 1195 600 narrat
1219 549 1272 624 _"'
1311 547 1935 624 Paulumapostolum}
1979 548 2030 600 in
2062 569 2105 624 Α
2135 555 2244 624 tein
2267 561 2497 624 sequere
2525 561 2644 624 nie._
2669 564 2686 596 ι
2725 546 2780 624 I_n
2821 543 3056 598 Matthiei
3091 542 3364 624 siquidem
3414 543 3672 624 Evangelio

463 621 684 690 Actibus
716 618 1113 690 apostolorum,
1160 637 1176 668 ι
1215 620 1272 671 ἐν
1298 622 1417 680 ταῖς
1444 617 1709 690 Πράξεσιν
1750 617 1857 690 τῶν
1889 619 2027 671 ἀπο-

463 689 684 751 στόλων,
715 689 907 742 fecisse
941 688 1326 757 Epicureorum
1386 688 1548 755 atque
1601 689 1767 742 etiam
1808 689 2027 742 Stoico-

463 775 579 812 rum
610 759 962 827 philosophia:
997 759 1346 812 mentionem.
1389 760 1493 811 Sed
1550 759 1601 811 in
1648 774 1754 826 quo
1807 757 2028 822 hujusce

461 830 583 883 libri
617 830 732 882 loco
759 829 811 881 id
841 837 1121 890 occurrat,
1173 828 1348 883 nullus
1407 828 1807 881 animadvertit.
1860 827 2027 882 Nobis

459 914 588 951 vero
614 899 702 952 vix
734 899 875 953 ullus
903 900 1117 952 videtur
1166 914 1285 952 esse
1331 899 1636 967 ambigendi
1681 897 1848 958 lorus,
1898 900 2026 965 quin

461 969 532 1022 ibi
565 979 783 1022 notetur
811 970 1043 1023 Actuuin
1070 983 1189 1036 cap.
1219 984 1349 1032 xvn,
1401 967 1486 1032 18,
1515 968 1601 1021 ubi
1640 969 1689 1020 hi
1721 969 2023 1034 philosriphi

462 1040 779 1092 nominatim
814 1039 1172 1108 appellantur.
1211 1037 1328 1104 Quo
1354 1039 1572 1104 quidem
1601 1041 1666 1088 de
1699 1038 1816 1090 loco
1848 1047 2028 1092 exstat

459 1109 746 1172 Augustini
775 1109 825 1161 in
850 1107 992 1162 nova
1020 1109 1258 1162 editione
1309 1110 1569 1162 adversus
1621 1107 1918 1176 Epicureos
1972 1118 2028 1162 et

461 1179 672 1232 Smicos
701 1181 1024 1233 centesimus
1046 1189 1098 1231 et
1126 1179 1604 1247 quinquagesimns
1633 1193 1836 1230 sermo.

535 1249 832 1317 Scriptoris
853 1250 1063 1301 demum
1092 1251 1390 1317 scriptiqne
1425 1247 1587 1317 tacito
1624 1248 1868 1312 nomine,
1910 1247 2026 1302 hare

460 1316 708 1372 Clemens
739 1333 767 1370 a
803 1319 1014 1371 nemine
1045 1319 1280 1373 indicata
1305 1316 1507 1370 retulit
1535 1317 1622 1370 7':
1662 1333 1680 1366 ι
1725 1317 1840 1385 Ipse
1877 1319 2023 1370 enim

463 1390 597 1440 dixit
633 1405 647 1441 :
676 1386 790 1441 Non
823 1397 872 1441 Ie
897 1387 1184 1448 dimittam,
1229 1401 1402 1454 neque
1433 1385 1768 1453 derelinquo,
1826 1395 1883 1440 ut
1933 1389 2024 1456 qui

465 1469 514 1508 te
543 1459 758 1528 dignum
783 1457 1134 1528 indicaverim
1164 1467 1385 1528 propter
1416 1471 1597 1528 verain
1625 1465 1681 1510 ct
1710 1471 2024 1528 germanam

461 1526 780 1580 electionem
817 1527 881 1580 ⁷⁸.
917 1545 935 1576 ι
973 1527 1039 1577 At
1068 1526 1151 1579 hic
1171 1526 1320 1579 locus
1346 1527 1566 1578 totidem
1603 1528 1782 1579 verbis
1817 1527 1869 1580 in
1895 1526 2026 1594 Epi-

461 1597 598 1649 stula
629 1599 694 1649 ad
723 1595 976 1649 Hebriros
1013 1597 1280 1660 occurrit;
1325 1595 1538 1648 etiamsi
1595 1596 1870 1662 primitus,
1929 1597 2024 1650 sed

461 1667 806 1766 iionueodein
848 1666 1008 1735 plane
1055 1666 1241 1730 modo,
1297 1666 1351 1720 in
1395 1666 1537 1721 libro
1579 1663 1745 1720 Josuc
1789 1668 2027 1721 invenia-

463 1746 550 1788 tur
575 1737 642 1788 ".

533 1804 701 1859 Porro
738 1815 915 1859 autem
962 1814 1251 1873 antequam
1304 1805 1388 1861 his
1443 1805 1601 1859 finem
1654 1805 2022 1875 imponamus,

462 1877 570 1930 duo
606 1876 782 1929 adhuc
813 1875 1149 1929 observanda
1176 1886 1318 1930 sunt.
1353 1877 1419 1930 Et
1462 1877 1637 1944 primo
1688 1878 1903 1943 quidem
1932 1878 2019 1929 ubi

459 1946 708 2000 Clemens
738 1947 1026 1999 Marcionis
1067 1947 1344 2014 impugnat
1378 1955 1676 2000 sectatores
1703 1948 1749 1980 "
1779 1964 1794 2000 :
1837 1965 1855 1996 ι
1885 1948 2021 2012 Quid

460 2016 528 2086 si.
560 2015 762 2085 inquit,
801 2023 1070 2086 usurpent
1109 2031 1294 2070 vocem
1320 2015 1553 2075 Domini.
1595 2017 1686 2085 qui
1741 2016 1873 2070 dicit
1903 2017 2023 2069 Phi-

461 2084 605 2156 lippo
640 2084 654 2139 Ξ
690 2087 820 2140 Sine
851 2084 1094 2140 mortuos
1117 2086 1345 2155 sepelire
1380 2084 1626 2140 mortuos
1645 2101 1794 2150 suos,
1831 2095 1884 2140 tu
1926 2102 2022 2139 au-

2135 617 2248 670 limc
2279 618 2496 684 quidem
2528 615 2695 684 verba
2742 616 2922 682 legere
2943 624 3046 673 est,
3079 615 3326 682 quamvis
3359 618 3671 682 transposita,

2130 683 2475 754 atquealiter
2503 686 2642 752 apud
2673 683 2874 738 Lucani
2904 693 3372 752 reprzeseutentur
3396 685 3464 737 ".
3507 685 3669 741 Verum

2130 765 2361 825 uterque
2389 755 2720 821 evangelista
2761 755 2924 825 illius.
2961 769 2988 805 a
3012 769 3120 822 quo
3145 754 3258 807 haec
3289 756 3434 825 dicta
3469 756 3668 825 ruerunt,

2130 824 2323 879 nomen
2354 825 2591 894 penitus
2634 826 2839 878 omisit.
2890 824 3039 880 Unde
3069 838 3219 894 ergo
3257 824 3517 894 ‘Cleineus
3553 824 3672 878 Mar-

2128 891 2370 951 cionisve
2419 893 2648 947 asseclae
2697 903 3030 963 acceperunt
3069 893 3210 946 hunc
3257 891 3551 962 Philippum
3597 912 3674 949 vo-

2128 966 2282 1019 cari?
2317 964 2573 1031 Nunquid
2608 981 2670 1017 ex
2702 979 2786 1030 eo,
2811 966 2955 1034 quod
2985 964 3184 1030 sapius
3207 965 3275 1034 ah
3301 966 3488 1034 eode_m
3517 975 3673 1018 nostro

2127 1035 2682 1089 Cleinente'citatum
2735 1031 2994 1104 vidimus.
3043 1033 3344 1104 Socundqu
3398 1031 3670 1104 Egyptins,

2133 1107 2209 1159 vel
2238 1108 2418 1172 potius
2454 1107 2752 1157 secundum
2794 1103 3054 1158 Hebrmos
3089 1102 3423 1170 Evangelia?
3469 1102 3545 1156 At
3569 1122 3671 1156 cum

2127 1186 2416 1244 utrumque
2453 1190 2559 1227 non
2604 1183 2796 1235 exstet,
2848 1174 2982 1228 nihil
3016 1176 3117 1230 hac
3149 1175 3215 1228 de
3261 1187 3319 1226 re
3367 1183 3516 1228 certo
3549 1174 3676 1243 quis-

2127 1261 2290 1314 quam
2322 1255 2568 1299 statuere
2600 1245 2818 1298 audeat.

2201 1317 2452 1370 Secunrto
2481 1314 3023 1368 animadvertendum
3053 1323 3138 1369 est
3167 1312 3502 1368 Clementem
3532 1322 3674 1367 testa-

2130 1393 2244 1438 tum
2279 1386 2325 1418 ⁷⁸
2360 1384 2504 1454 alibi
2545 1384 2742 1438 fecisse
2783 1385 3080 1453 principem
3136 1383 3566 1454 publicanorum,
3597 1385 3670 1451 qui

2127 1455 2360 1508 ltouiiuo
2395 1453 2535 1507 dixit
2572 1469 2586 1504 :
2626 1472 2643 1503 ι
2682 1455 2818 1507 Ecce
2849 1453 3434 1509 diinidium’bonoruin
3466 1467 3672 1507 nieorum

2127 1526 2219 1588 ilo,
2265 1544 2282 1576 ι
2313 1522 2704 1595 ἐλεημοσύνην,
2737 1524 3134 1593 eleemosynam
3183 1524 3307 1591 (vel
3336 1533 3394 1574 ut
3425 1523 3555 1595 apud
3582 1522 3673 1576 Lu-

2127 1611 2245 1646 cain
2280 1593 2528 1662 legimus,
2569 1598 2680 1655 τοῖς
2708 1597 2943 1662 πτωχοῖς
2965 1637 2978 1653 ,
3029 1613 3045 1645 ι
3076 1595 3408 1662 pauperibus
3443 1611 3460 1643 ι
3489 1593 3584 1658 ⁷⁸),
3619 1595 3674 1647 ab

2131 1665 2410 1731 aliquibus
2429 1661 2714 1717 Zacliazum
2739 1675 2792 1716 et
2817 1661 2884 1716 ab
2926 1663 3050 1718 aliis
3079 1661 3381 1718 Matthiani
3433 1665 3674 1731 cognomi-

2127 1737 2266 1788 nari.
2303 1739 2509 1788 Auctor
2568 1749 2694 1786 vero
2741 1732 3196 1802 Recoqnitiouum,
3249 1747 3373 1800 qua:
3413 1731 3672 1785 Clementis

2127 1806 2347 1859 nomine
2394 1804 2874 1864 circumferuntur,
2919 1807 3062 1857 hunc
3116 1803 3405 1856 Matthiain
3459 1803 3672 1856 eumdem

2125 1887 2289 1945 atque
2313 1875 2611 1945 Barnabani
2635 1874 2990 1945 l'nisse_docet
3015 1874 3082 1926 '°.
3131 1891 3149 1923 ι
3178 1871 3480 1945 Barnabas,
3511 1873 3672 1945 inquit,

2131 1940 2220 2011 qui
2265 1946 2318 1999 in
2356 1945 2530 1996 locum
2564 1941 2712 1996 ludar
2746 1943 3072 2011 subrogatus
3105 1951 3192 1996 est
3217 1943 3512 2012 apostolus.
3543 1963 3559 1992 ρ
3587 1940 3675 1994 Sed

2129 2029 2248 2082 quae
2288 2013 2424 2068 fides
2476 2013 2602 2084 huic
2653 2013 2926 2084 scriptori.
2957 2014 3209 2069 habenda
3245 2014 3341 2078 sit,
3398 2013 3525 2067 satis
3569 2013 3674 2065 alibi

2128 2086 2470 2140 ostendimus
2499 2083 2569 2136 ⁸⁸.

468 2446 557 2507 De
599 2444 880 2506 virorum
915 2441 1450 2520 apostolicorum,
1496 2449 1558 2504 et
1598 2443 1873 2505 aliorum
1910 2445 2514 2520 antiquissimorum
2561 2444 2944 2520 scriptorum
2998 2441 3309 2517 operibus
3345 2442 3426 2504 de
3470 2438 3673 2502 divinis

818 2522 1276 2584 traditionibus
1308 2539 1436 2584 non
1483 2522 1761 2602 scriptis,
1796 2542 1867 2585 ac
1897 2523 1976 2586 de
2013 2541 2175 2584 verae
2211 2524 2511 2586 Ecclesia
2537 2523 2711 2586 notis
2747 2531 2810 2584 et
2842 2521 3350 2584 characteribus.

1007 2716 1403 2774 ARTICULUS
1449 2719 1489 2775 Ι.

466 2830 541 2885 De
573 2830 835 2884 Barnabte
858 2831 1097 2897 epistola,
1120 2831 1184 2883 de
1216 2831 1362 2884 libris
1396 2829 1630 2896 Harmar,
1677 2834 1740 2886 de
1791 2831 2036 2886 Clemen-

537 2904 605 2955 tis
682 2899 906 2954 Romani
978 2902 1220 2966 epistola.
1304 2904 1366 2954 de
1432 2903 1664 2971 antiquis
1723 2905 2037 2970 quibusdam

532 2971 824 3037 Scriptum
895 2987 1062 3041 sacra:
1122 2971 1527 3041 interpretibus,
1575 2989 1638 3025 ac
1696 2973 1759 3025 de
1823 2972 2037 3027 Tutiani

531 3051 582 3094 et
609 3041 857 3094 Cassiani
885 3040 1116 3108 scriptis.
1261 3040 1264 3041 ⁷
1503 3102 1515 3112 .

531 3133 739 3186 Praeter
781 3147 935 3186 sacra
972 3131 1185 3187 Veteris
1240 3130 1483 3199 Novique
1527 3131 1862 3195 Testamenti
1900 3134 2037 3188 seri-

2145 2716 2620 2787 thodoxographiaa
2645 2715 2976 2770 editionihus
3006 2714 3316 2782 divulgatus
3369 2724 3474 2777 est,
3505 2714 3582 2769 ubi
3609 2715 3674 2767 ci-

2147 2800 2254 2844 tata
2291 2806 2319 2840 a
2345 2789 2617 2842 Clemente
2650 2797 2834 2840 nostro
2865 2788 3024 2840 verba
3062 2794 3384 2839 occurrunt.
3415 2787 3493 2839 Au
3525 2794 3670 2837 autem

2146 2860 2235 2914 ille
2265 2859 2403 2913 liber
2431 2858 2790 2926 apocryphns,
2822 2865 2916 2909 aut
2962 2871 3124 2909 verus
3159 2857 3530 2926 genuinnsquc
3563 2855 3672 2908 Iler-

2146 2945 2249 2984 niie
2279 2929 2420 2982 fetus
2453 2928 2556 2981 dici
2587 2925 2805 2991 debeat,
2833 2942 2862 2978 a
2896 2926 3054 2980 nobis
3083 2942 3182 2979 suo
3221 2925 3344 2980 loco
3373 2927 3673 2980 demonstra-

2143 3009 2255 3054 tum
2287 3013 2407 3052 esse
2427 3007 2679 3066 putamus
2705 2996 2773 3050 ⁸⁸.

2216 3069 2376 3122 Multa
2413 3065 2626 3136 quoque
2665 3076 2855 3120 auctor
2889 3075 3070 3136 noster
3101 3080 3168 3118 ex
3201 3080 3328 3118 vera
3372 3065 3674 3133 genuinaque

2143 3139 2243 3194 sibi
2277 3135 2627 3207 cognominis
2650 3135 3201 3207 Clenientisliouiaui
3233 3136 3463 3204 epistola
3490 3136 3674 3207 hausit,

468 3213 580 3272 pta,
617 3203 684 3272 ab
735 3204 1050 3256 auctoribus
1097 3213 1283 3256 sancto
1334 3202 1537 3271 Spiritu
1578 3204 1772 3257 amatis
1815 3219 2038 3271 conipo-
2067 3206 2110 3265 C
2143 3225 2205 3263 ac
2239 3202 2463 3264 totidem
2497 3206 2680 3260 retulit
2713 3207 2915 3260 verbis.
2951 3204 3070 3259 Jaiu
3103 3221 3235 3258 vero
3267 3202 3335 3258 de
3368 3221 3429 3259 ea
3461 3205 3667 3272 aliquid.

468 3273 593 3337 sita,
630 3271 885 3327 Clemens
913 3285 1092 3326 noster
1133 3273 1382 3343 aliorum,
1419 3274 1509 3340 qui
1555 3283 1611 3327 et
1665 3276 1867 3343 primas
1921 3284 2038 3343 post

466 3359 560 3396 cos
610 3353 814 3406 tenent,
854 3352 912 3396 et
941 3342 1188 3410 discipuli
1246 3342 1460 3396 illorum
1521 3342 1759 3407 fuerunt,
1795 3342 2040 3412 epistolis

461 3423 518 3467 et
545 3413 700 3468 libris
733 3413 785 3465 in
837 3412 1156 3466 Christianae
1199 3412 1478 3481 religionis
1525 3413 1894 3468 defensionem
1940 3415 2041 3469 uti-

465 3492 572 3548 tur,
603 3491 764 3550 atque
803 3483 1041 3551 ipsorum
1091 3481 1415 3534 auctoritate
1467 3483 1754 3550 dogmata,
1806 3483 1963 3538 nobis
2007 3500 2036 3538 a

465 3552 684 3606 Christo
717 3553 948 3610 credita,
977 3561 1281 3620 propugnat
1315 3561 1368 3605 et
1397 3562 1596 3604 tuetur.
1633 3553 1765 3606 Eam
1805 3568 1936 3607 sane
1967 3557 2038 3608 ob

463 3638 686 3675 causam
723 3621 844 3674 illos
870 3635 976 3673 non
1011 3619 1185 3674 solum
1223 3619 1688 3690 locupletissimos
1716 3625 1912 3676 divina:
1943 3639 2032 3676 ve-

464 3693 646 3746 ritatis
681 3700 846 3745 testes
870 3692 1024 3752 citat,
1082 3691 1174 3743 sed
1221 3689 1378 3758 longa
1426 3691 1588 3742 etiam
1622 3705 1689 3745 ex
1717 3694 1884 3745 variis
1917 3693 2036 3746 illo-

466 3777 584 3814 rum
609 3760 1003 3828 scriptionibus
1052 3760 1314 3813 describit
1345 3760 1664 3829 fragmenta,
1717 3765 1913 3830 quibus
1938 3763 2038 3817 fal-

463 3845 554 3884 sas
601 3830 903 3884 errantium
965 3831 1242 3883 hominum
1289 3831 1576 3897 upiiiiones
1620 3839 1676 3885 et
1727 3845 2032 3888 commenta

464 3901 765 3968 impugnat,
791 3915 855 3953 ac
885 3899 1128 3966 funditus
1156 3898 1367 3954 evertit.
1489 3905 1493 3908 ’

531 3975 577 4024 Α
616 3971 880 4024 Barnabze
912 3979 1092 4023 autem
1121 3970 1346 4035 epistola
1387 3969 1600 4022 initium
1643 3979 1703 4024 ut
1745 3971 2032 4038 ducamus,

465 4039 778 4105 pliira'sane
808 4054 876 4094 ex
891 4054 956 4093 ea
986 4039 1238 4110 Clemens
1259 4039 1528 4107 decerpsit
1555 4039 1622 4102 ⁸³,
1679 4057 1798 4110 quin
1822 4059 1852 4095 a
1879 4045 2034 4100 nobis

461 4111 590 4164 alibi
619 4120 1007 4179 representata
1039 4119 1190 4181 sunt.
1224 4109 1403 4181 l’riino
1435 4121 1617 4164 autem
1664 4109 1889 4179 hujusce
1924 4115 2033 4181 Ap-

461 4189 681 4238 paratus
709 4181 877 4234 nostri
908 4181 961 4233 in
995 4179 1134 4232 libro
1165 4193 1269 4231 non
1317 4180 1541 4244 frustra,
1577 4181 1678 4234 nisi
1729 4197 1827 4238 nos
1877 4179 2033 4239 mens

465 4257 646 4304 nostra
677 4250 851 4314 fallat,
891 4256 1121 4319 probare
1155 4250 1340 4302 conati
1380 4265 1568 4303 sumus
1621 4251 1666 4282 ⁸⁸
1701 4250 2027 4315 Barnabain,

463 4334 622 4386 quem
649 4320 790 4390 idem
818 4330 1010 4373 auctor
1047 4328 1232 4372 noster
1257 4337 1360 4372 iiou
1390 4319 1560 4374 semel
1596 4338 1614 4370 ι
1641 4325 1946 4390 apestoluin
1975 4335 2030 4376 et

463 4389 840 4460 apostolicum,
880 4401 1040 4458 atque
1069 4403 1233 4442 unum
1272 4406 1339 4443 ex
1372 4389 1715 4460 septuaginta
1767 4410 1830 4446 ac
1879 4393 2026 4446 Pauli

463 4459 767 4513 auditorem
807 4478 828 4512 s
857 4468 1156 4527 nuncupat,
1187 4475 1372 4514 verum
1417 4475 1540 4514 esse
1581 4459 1751 4527 huius
1786 4465 2028 4531 epistola:

461 4536 756 4581 ιιιιαιοτυηὶ.

503 4594 642 4673 .lﬁec
675 4597 928 4673 pauciora
967 4613 1100 4673 sane
1128 4612 1194 4673 es
1235 4597 1446 4653 llerinze
1473 4598 1634 4673 libro,
1677 4604 1768 4670 qui
1825 4599 2024 4655 Pastor

460 4664 690 4729 dicitur,
721 4665 1019 4735 fragmenta
1057 4670 1107 4720 iii
1137 4667 1308 4722 libros
1337 4686 1465 4723 suos
1499 4664 1749 4724 Clemens
1786 4680 2025 4724 transtu-

461 4735 524 4786 lit
552 4735 620 4789 “.
654 4735 764 4807 Nos
791 4751 920 4790 vero
946 4752 1065 4804 qua:
1099 4751 1164 4792 ex
1195 4738 1288 4791 illo
1315 4741 1430 4807 ipse
1458 4738 1707 4793 Clemens
1735 4742 2020 4806 delibavit,

461 4807 676 4880 integra
699 4806 827 4860 alibi
861 4821 1073 4880 quoque
1103 4806 1464 4862 exhibuimus.
1489 4811 1570 4862 Ad
1595 4814 1830 4878 priorem
1857 4828 2022 4880 porro

461 4875 634 4942 ipsius
663 4877 866 4940 locum,
914 4879 980 4930 ab
1021 4880 1210 4930 eodem
1263 4889 1487 4932 auctore
1532 4875 1716 4934 nostro
1768 4875 2020 4944 citatum,

460 4951 566 4997 duo
598 4947 853 5000 observat
881 4944 1147 5000 Hervetus
1184 4964 1196 4999 :
1246 4951 1420 5015 primo
1449 4950 1593 5004 hunc
1641 4951 1837 5004 librum
1878 4952 2022 5004 inter

461 5017 802 5088 apocryphos
826 5019 1129 5084 computari
1150 5033 1177 5088 ;ί
1201 5020 1438 5072 secundo
1473 5033 1559 5082 ea,
1604 5034 1724 5088 qua:
1769 5021 2024 5074 Clemens

459 5098 530 5158 es
558 5084 665 5158 illo
691 5087 998 5154 descripsit,
1027 5101 1132 5138 nun
1161 5087 1396 5158 inveniri
1424 5088 1475 5141 in
1507 5084 1734 5158 illoiqui
1765 5105 1931 5156 nuper
1965 5093 2019 5144 in

459 5153 785 5225 bibliotheca
813 5153 992 5208 editus
1013 5163 1120 5210 est.
1155 5155 1260 5210 Sed
1284 5171 1404 5224 qua:
1431 5160 1499 5210 sit
1531 5160 1644 5212 haec
1663 5153 2020 5225 bibliotheca,

465 5222 624 5294 160
647 5226 890 5278 divinare
917 5239 1023 5294 non
1052 5222 1356 5293 possumus.
1392 5226 1439 5280 Is
1468 5229 1613 5280 enim
1632 5229 1765 5282 liber
1795 5245 1898 5283 non
1935 5222 2023 5282 sol

461 5293 665 5348 tumin
711 5296 878 5349 variis
928 5293 1276 5349 Bibliotheca:
1308 5297 1550 5363 Patrum,
1599 5304 1692 5352 sed
1729 5299 1892 5354 etiam
1919 5298 2022 5353 0r-

529 5527 574 5558 "
607 5525 810 5582 Strom.
841 5527 876 5580 ι.
902 5543 938 5587 ι,
967 5542 1018 5594 ρ.
1047 5526 1172 5582 295.

458 5611 540 5657 lii,
572 5611 626 5665 p.
655 5597 778 5650 456.
878 5597 921 5627 ⁷⁷
954 5596 1143 5650 Matth.
1174 5612 1292 5660 vui,
1331 5597 1431 5661 21;
1474 5597 1602 5651 Luc.
1646 5596 1720 5661 ix,
1753 5599 1840 5652 59.

648 5665 800 5790 satia,
852 5682 900 5734 p.
952 5666 1080 5720 414.
1173 5667 1216 5698 ⁸⁸
1422 5683 1437 5719 ι
1492 5670 1552 5750 gl

569 5769 586 5786 .
789 5737 859 5789 ib.
899 5753 913 5788 i
981 5738 1201 5803 Appar.,
1252 5737 1469 5790 dissert.
1501 5751 1556 5788 ο.

461 5819 531 5862 iv,
587 5819 636 5870 p.
688 5804 876 5866 503;l.
908 5820 982 5867 Vi,
1029 5821 1082 5872 p.
1123 5805 1224 5859 658
1255 5813 1310 5857 et
1339 5805 1462 5859 U79.

461 5873 570 5941 εὖ.
668 5874 711 5904 ⁸⁷
755 5878 955 5927 Stroni.
989 5875 1078 5926 lib.
1115 5889 1162 5939 i,
1195 5890 1247 5943 p.
1279 5874 1405 5928 289.

1249 5527 1294 5557 ⁷³
1323 5527 1521 5582 Strom.
1545 5529 1580 5582 l.
1615 5544 1676 5591 ll,
1704 5525 1910 5604 p.4t5.
1988 5528 2036 5561 “
2066 5527 2234 5597 Epist.
2267 5531 2335 5583 ad
2370 5529 2533 5584 llebr.
2566 5543 2689 5596 sui,
2722 5529 2773 5582 5.

1256 5612 1267 5630 ι
1331 5597 1428 5630 01-
1476 5597 1490 5630 Ι
1519 5614 1581 5630 nn
1647 5613 1694 5630 ιν
1756 5599 1821 5630 βιο
1920 5598 1965 5630 τι
1992 5600 2169 5630 cur...“
2221 5600 2233 5630 I
2292 5615 2344 5630 ιιι
2409 5615 2439 5630 ιι
2511 5601 2609 5630 ιρςιι
2739 5600 2773 5630 ll

1174 5612 1292 5660 vui,
1331 5600 1431 5661 2!;
1474 5600 1602 5651 Luc.
1646 5613 1720 5661 ix,
1753 5600 1840 5652 59.
1920 5600 1965 5630 ⁷⁸
1992 5600 2192 5653 Strom.
2221 5600 2255 5652 l.
2292 5615 2367 5663 tv,

1173 5667 1216 5698 ⁸⁸
1257 5666 1374 5721 Lib.
1422 5683 1437 5719 ι
1492 5670 1712 5734 Appar.,
1737 5669 1951 5722 dissert.
1987 5669 2073 5722 11.
2183 5669 2228 5700 ⁸¹
2254 5671 2367 5723 Strr

1173 5775 1201 5790 ..
1252 5737 1469 5790 dissert.
1501 5737 1556 5788 5.
1656 5737 1702 5767 ⁸⁴
1753 5740 1954 5790 Stroin.
2004 5739 2120 5790 Li.
2180 5754 2233 5790 ι).
2288 5739 2353 5790 5|

1821 5753 1954 5791 rom.
2004 5753 2039 5793 I.
2079 5753 2120 5804 ι,
2180 5754 2233 5806 p.

1565 5806 1609 5836 ⁸⁵
1653 5805 1772 5859 Lib.
1806 5823 1821 5860 i
1856 5809 2111 5876 Apparat.
2134 5848 2150 5873 ,
2180 5805 2398 5864 dissert.
2431 5809 2486 5864 4.

1492 5876 1539 5907 ⁸⁸
1578 5876 1694 5931 Lib.
1726 5892 1778 5928 vi
1801 5917 1815 5939 ,
1851 5893 1902 5936 υ.
1939 5877 2062 5932 ιιι-ι.

2141 3281 2282 3349 quod
2325 3293 2499 3346 neque
2541 3275 2774 3331 Ilervcto
2817 3286 2922 3349 tain
2966 3275 3385 3349 pI'OllXQI'lIIIl‘iII
3417 3275 3674 3349 Clementis

2141 3342 2312 3403 nostri
2343 3342 2504 3417 opera
2530 3342 3041 3401 commentariorum
3068 3345 3363 3417 scriptori,
3393 3357 3554 3417 neque
3576 3342 3676 3417 aliis

2141 3411 2392 3488 ignotum
2416 3433 2539 3472 esse
2570 3417 2969 3488 debebat,_nus
3002 3430 3163 3488 supra
3185 3411 3473 3483 attigimus
3505 3412 3562 3488 '_‘.
3587 3411 3673 3488 sed

2139 3482 2206 3543 de
2234 3490 2320 3542 illa
2351 3490 2540 3542 eadem
2573 3487 2796 3554 epistola
2831 3485 3001 3538 fusius
3027 3482 3334 3552 disputandi
3366 3483 3566 3538 occasio
3590 3482 3674 3534 ali-

2137 3561 2357 3628 quando
2399 3573 2519 3612 sese
2559 3558 2710 3610 nobis
2751 3557 2976 3628 forsitan
3019 3554 3229 3628 offeret.
3271 3555 3480 3628 Interea
3519 3564 3670 3628 tamen

2141 3620 2294 3683 liibet
2323 3628 2795 3688 animadvertere,
2838 3627 3072 3693 primum
3113 3624 3259 3693 illius
3301 3624 3475 3677 locum
3515 3639 3539 3674 a
3571 3620 3676 3693 Cleo

2142 3709 2318 3752 incute
2375 3712 2562 3751 noSiro
2616 3697 2686 3750 ita
2734 3690 2980 3749 exhiberi
3016 3695 3058 3726 ⁸⁷
3105 3707 3171 3746 :i
3199 3692 3318 3747 Jain
3364 3694 3595 3749 Clemens
3632 3690 3675 3741 in

2138 3769 2365 3835 epistola
2394 3768 2460 3820 ad
2491 3766 2801 3820 Corinthios
2830 3766 2916 3818 his
2941 3764 3120 3818 verbis
3140 3803 3154 3826 ,
3188 3765 3368 3831 inquit
3393 3773 3679 3835 ,exponeus

2137 3833 2500 3908 diderentiam
2529 3852 2714 3908 eorum
2737 3836 2876 3908 ,_qoi
2906 3845 3036 3888 sunt
3057 3835 3295 3908 probati
3330 3835 3382 3886 in
3419 3833 3674 3908 Ecclesia:

2139 3909 2223 3960 Sit
2261 3907 2460 3976 aliquis
2491 3905 2696 3978 lidelis,
2732 3906 2801 3978 sit
2830 3915 3023 3978 potens
3057 3905 3109 3978 in
3151 3903 3479 3971 explicanda
3519 3903 3678 3978 cogitis

2139 3978 2320 4040 tione,
2366 3979 2436 4032 sit
2487 3977 2706 4043 sapiens
2759 3976 2810 4027 in
2858 3976 3189 4043 discretione
3237 3985 3579 4030 sermonum,
3615 3976 3675 4043 sit

2138 4051 2441 4114 stupendus
2471 4047 2520 4097 iii
2548 4040 2822 4114 operibus.
2855 4042 3133 4114 iiﬂursuui
3172 4059 3302 4097 vero
3348 4045 3461 4096 [nec
3499 4043 3599 4114 alio
3632 4040 3675 4090 iu

2138 4111 2276 4169 libro
2320 4117 2549 4184 repetit,
2585 4111 2838 4182 additque
2866 4113 2913 4144 ⁸⁸
2938 4130 3000 4184 εν(
3035 4112 3118 4166 Sit
3149 4124 3338 4184 castus
3372 4123 3427 4166 ct
3453 4111 3674 4184 mundus.

2137 4184 2214 4239 Eo
2261 4183 2406 4238 enini
2461 4187 2618 4237 debet
2665 4201 2781 4237 esse
2833 4183 3004 4252 magis
3047 4183 3307 4243 humilis,
3348 4197 3455 4249 quo
3497 4183 3679 4252 videtur

2135 4271 2254 4310 esse
2289 4271 2461 4320 maior
2487 4294 2502 4318 ,
2547 4255 2680 4307 dicit
2717 4251 2966 4306 Clemens
3007 4255 3058 4306 iii
3112 4252 3346 4320 epistola
3400 4254 3465 4304 ad
3511 4251 3680 4305 Curii-

2134 4327 2301 4378 thios.
2339 4342 2358 4376 »
2407 4326 2468 4379 Et
2531 4327 2641 4377 haec
2699 4324 2910 4391 quidem
2966 4321 3234 4376 llerveius
3285 4323 3432 4375 clara
3478 4331 3529 4374 et
3577 4331 3679 4386 per~

2132 4396 2318 4462 spicua
2345 4410 2467 4449 esse
2495 4394 2744 4447 concedit
2773 4433 2788 4455 ,
2821 4394 2912 4446 sed
2947 4396 3222 4460 quomodo
3257 4393 3350 4444 illa
3386 4408 3506 4446 cum
3539 4402 3678 4462 supe-

2134 4457 2373 4518 rioribus
2392 4506 2409 4532 ,
2441 4465 2494 4517 iii
2523 4465 2714 4533 primis
2747 4477 2897 4533 vero
2919 4457 3039 4514 cuni
3065 4464 3554 4530 subsequentibus:
3582 4474 3598 4508 i
3628 4457 3679 4508 Et

2133 4534 2268 4588 alios
2297 4532 2604 4606 (ιιιιαιτιιιξωι
2636 4535 2756 4602 igne
2787 4532 2994 4600 rapite,
3032 4533 3366 4606 miseremini
3396 4543 3569 4584 autem
3599 4541 3676 4606 (ξοδ

2134 4620 2252 4656 ruin
2275 4643 2292 4664 ,
2346 4606 2438 4672 qui
2483 4604 2869 4672 discernuntur
2892 4641 2908 4666 ,
2940 4619 2960 4653 ι
2989 4603 3338 4667 cohaereant,
3393 4617 3451 4654 se
3486 4603 3678 4654 nescire

2131 4669 2446 4742 profitetur.
2484 4675 2554 4726 At
2590 4672 2676 4724 ille
2707 4669 2950 4742 profecto
2995 4672 3312 4742 nesciebat,
3363 4673 3475 4742 haec
3518 4676 3678 4736 poste-

2133 4739 2278 4795 riora
2315 4747 2478 4797 verba
2510 4743 2807 4796 Clementis
2839 4740 3068 4793 Romani
3101 4756 3206 4792 non
3238 4755 3382 4794 esse.
3411 4739 3568 4793 Plana
3596 4751 3678 4786 au-

2133 4821 2237 4865 tem
2273 4821 2328 4865 et
2367 4824 2556 4881 aperta
2601 4823 2687 4882 est
2733 4813 2926 4864 horum
2973 4811 3263 4862 verborum
3298 4811 3574 4882 cum_aliis
3599 4819 3680 4882 co-

2133 4879 2438 4948 haerentia,
2486 4898 2586 4935 nec
2633 4881 2898 4934 obscurus
2938 4895 3125 4933 eorum
3171 4893 3385 4933 sensus.
3436 4879 3679 4948 lbieniui

2129 4950 2384 5007 Clemens
2417 4947 2604 5004 noster
2635 4954 2700 5003 de
2729 4951 2974 5016 sapiente
3008 4949 3268 5011 disserit,
3305 4963 3464 5017 quem
3497 4947 3585 5000 ille
3617 4956 3681 4994 la-

2130 5019 2234 5073 lein
2261 5025 2338 5075 ait
2369 5037 2490 5076 esse
2521 5023 2719 5075 debere
2741 5059 2756 5084 ,
2787 5023 2877 5086 qui
2906 5020 3114 5088 aliquos
3143 5035 3172 5070 a
3208 5019 3536 5073 fallaciarum
3560 5055 3575 5079 ,
3606 5029 3681 5063 va-

2131 5105 2439 5160 nurumque
2497 5100 2940 5160 argumentorum
2996 5087 3064 5141 ab
3123 5087 3246 5160 aliis
3296 5089 3678 5160 propositorum

2131 5160 2256 5226 igne
2295 5157 2534 5229 eripiat,
2567 5157 2643 5213 ἐι
2684 5175 2872 5212 eorum
2915 5161 3007 5228 qui
3048 5174 3080 5212 a
3120 5157 3278 5213 falsis
3296 5157 3680 5229 'propbet'isse-

2131 5241 2458 5294 cernuntur,
2493 5230 2846 5283 misereatur.

2202 5299 2411 5353 Deinde
2444 5293 2588 5354 vero
2638 5310 2829 5353 auctor
2865 5307 3051 5353 noster
3103 5311 3246 5353 nanc
3277 5293 3558 5367 epistolam
3590 5302 3681 5344 no-

2889 5529 2933 5560 "
2957 5525 3121 5584 Josue
3151 5543 3191 5594 i,
3229 5525 3279 5581 5.
3354 5527 3398 5558 "
3419 5524 3616 5594 Strom.
3643 5515 3677 5570 Ι.

2409 5615 2462 5667 p.
2505 5601 2633 5653 488.
2675 5590 2686 5596 ⁷
2739 5600 2784 5631 τ’
2813 5597 2944 5655 Luc.
2977 5613 3090 5657 six.
3119 5590 3187 5652 8(
3258 5598 3305 5629 ⁸⁸
3340 5596 3459 5651 Lib.
3513 5609 3530 5647 i
3561 5590 3680 5667 iit:-

2183 5669 2228 5700 ⁸¹
2254 5657 2616 5750 δὲῗέὶ¹ί¹·-¹;..¹¹ν
2645 5685 2699 5750 [ν-
2733 5669 2858 5732 573»
2895 5669 3038 5750 5759.2.
3071 5668 3200 5750 3.52:
3244 5667 3368 5750 3.99:
3397 5657 3675 5750 €55-53:

2288 5739 2414 5804 διε,
2461 5731 2609 5800 356:
2645 5731 2689 5791 ἰ.
2733 5755 2794 5800 ιι,
2846 5731 2901 5806 ν.
2937 5731 3062 5802 suo,
3091 5738 3221 5802 579,
3261 5737 3363 5790 ssi
3395 5731 3674 5806 eiseqalg.

2587 5795 2632 5840 3°
2675 5795 2794 5864 Lib.
2831 5795 2868 5862 ii
2901 5795 3127 5876 Appar,
3165 5795 3376 5861 dissert.
3414 5806 3463 5864 6,
3499 5819 3552 5851 c.
3597 5795 3676 5851 t0.
