3846 6542
197 363 308 420 ll05

1381 365 1472 421 DE
1511 365 1736 422 LIBRIS
1774 365 2224 426 STROMATUM.

3287 379 3424 436 “00

194 483 316 563 mine
332 479 674 563 Clementis,
715 497 876 563 quem
903 483 1216 563 apostolum
1249 494 1566 554 nuncupat,
1596 484 1740 563 hunc
1768 492 1815 550 Α
1847 502 2004 563 esse.
2033 497 2297 563 alqui-ex
2336 487 2478 563 illius
2511 498 2564 563 ei
2595 489 2945 563 llebraeorum
2980 491 3136 546 libris
3169 494 3324 563 plura
3353 500 3423 551 ah

193 549 349 623 lauda;
381 551 451 623 in
472 552 690 623 modum
725 553 809 608 “z
843 572 861 604 ι
897 549 1149 610 Clemens
1193 569 1409 623 quoque
1439 549 1734 623 'apostolus

191 626 232 677 in
261 620 488 695 Epistula
503 622 593 695 _ad
629 622 980 695 Corinthios,
1012 625 1124 693 ipse
1157 620 1380 695 quoque
1417 620 1576 695 nobis
1597 663 1613 690 ,
1642 624 1735 678 τύο

189 690 411 764 mima:
435 690 530 764 τᾳῦ
559 693 865 760 γνωστικοῦ
886 735 902 758 ,
933 690 1255 748 [οι-ιιιειηιίιι
1291 690 1568 762 exemplar
1595 711 1733 764 gno-

185 763 284 818 stici
308 763 648 826 describens,
672 765 839 819 dicit:
865 766 998 831 Quis
1025 766 1168 835 apud
1193 781 1289 820 vos
1315 775 1558 819 versatus
1585 763 1733 820 omni

186 835 360 888 virtute
383 871 399 896 ,
431 851 448 881 ι
479 845 589 887 etc.
636 835 875 902 Denique
909 844 966 888 nl
1001 835 1052 888 id
1089 835 1256 889 semei
1293 836 1561 904 simulque
1589 836 1735 890 dica-

185 904 487 986 y-us:_plura
522 904 745 986 hujusce
767 906 1008 986 epistola
1037 905 1185 986 §§Al,
1212 905 1268 969 9,
1290 907 1378 969 ll,
1407 907 1613 986 l2,_l7,_
1639 907 1725 971 l8,

181 975 257 1036 2|,
279 972 362 1034 33,
391 973 484 1035 36,
512 973 607 1034 40.
633 974 723 1048 ill.
758 976 848 1038 48,
873 976 954 1048 ⁷49
984 972 1156 1040 91⁷50,
1193 977 1542 1046 transcripsit
1587 977 1734 1048 frag-

182 1053 339 1117 menta
361 1086 377 1110 ,
403 1046 769 1117 quaqnidem
794 1047 920 1116 quia
947 1048 1243 1117 prolixiora
1269 1057 1429 1109 sunt,
1460 1046 1734 1104 itidicasse

181 1113 412 1187 suﬁciat.
442 1113 635 1170 Obiter
661 1113 824 1186 porro
847 1113 1074 1173 observa
1103 1119 1219 1172 hac
1244 1133 1364 1187 qua
1391 1132 1419 1170 a
1446 1117 1732 1176 Clemente

180 1196 340 1240 nostro
370 1186 630 1251 citantur,
659 1188 953 1254 aliquando
984 1186 1305 1243 intersecari
1327 1229 1342 1252 ,
1365 1197 1420 1242 et
1447 1189 1730 1257 quadam,

179 1272 278 1339 qua
323 1270 423 1340 sua
467 1266 630 1322 sunt,
686 1258 794 1312 illis
839 1259 1042 1322 inseri,
1079 1273 1144 1315 ac
1189 1259 1520 1328 quandoque
1555 1261 1728 1314 media

179 1340 402 1384 lﬂlél’llOll
411 1343 424 1379 1
433 1370 449 1384 .

233 1343 299 1379 ter
337 1343 449 1384 om.

233 1343 439 1464 Atpquis
472 1413 580 1452 non
614 1401 845 1455 miretur
873 1398 1201 1462 llervetum,
1231 1399 1320 1468 qui
1352 1399 1404 1452 in
1433 1399 1659 1454 citatum
1698 1416 1726 1453 a

179 1469 312 1522 nobis
341 1469 386 1500 ὀ
415 1470 782 1537 posteriorem
811 1469 1106 1526 Clementis
1136 1471 1308 1523 nostri
1348 1470 1527 1523 locum
1559 1471 1728 1525 lecto-

178 1556 248 1592 res
277 1554 398 1593 suos
434 1541 583 1593 serio
616 1542 870 1594 admonet
923 1541 1083 1607 hujus
1133 1541 1375 1607 epistola
1416 1541 1468 1594 in
1509 1542 1726 1596 Eusebii

174 1611 366 1679 quidem
403 1609 659 1664 Historia:
692 1611 786 1664 lib.
820 1627 878 1665 ιιι
909 1610 1023 1665 ﬁeri
1053 1613 1420 1671 mentionem,
1450 1613 1545 1665 sed
1582 1612 1728 1667 illius

175 1679 285 1734 nihil
305 1682 410 1746 jam
438 1680 677 1749 amplius
703 1691 955 1743 exstare,
993 1697 1154 1750 quam
1181 1682 1322 1749 quod
1350 1680 1604 1750 Clemens
1632 1698 1728 1734 no-

173 1761 267 1804 ster
291 1751 444 1804 nobis
481 1752 568 1805 hic
601 1752 856 1822 reliquit?
881 1749 1163 1818 Quomodo
1191 1752 1346 1822 enim
1361 1749 1607 1822 Hei-veto
1638 1753 1724 1806 in-

171 1832 422 1890 comperta
458 1836 522 1875 ea
561 1836 683 1876 esse
715 1819 1042 1890 potuerunt,
1077 1836 1207 1891 qua
1239 1821 1304 1891 de
1337 1821 1424 1874 illa
1448 1819 1721 1888 lrenaus,

170 1893 232 1944 uti
261 1907 288 1944 a
323 1892 481 1945 nobis
513 1893 866 1946 observatum
901 1902 1021 1956 est,
1053 1890 1219 1962 atque
1245 1890 1536 1961 Origenes,
1569 1892 1712 1947 Plio-

172 1961 289 2034 tius,
316 1971 478 2031 atque
503 1963 598 2016 alii
629 1963 855 2034 scriptis
885 1961 1228 2034 tradiderunt
1251 1962 1334 2014 "?

227 2032 476 2098 Quamvis
512 2043 692 2088 autem
726 2032 794 2089 ex
830 2035 990 2088 dictis
1021 2033 1150 2087 satis
1177 2041 1395 2087 constet
1423 2033 1564 2087 hanc
1598 2033 1714 2102 epi-

169 2105 339 2156 stolam
367 2102 634 2158 Clementi
668 2103 915 2159 Romano
938 2107 1006 2158 ab
1029 2115 1250 2157 auctore
1272 2112 1461 2157 nostro
1487 2118 1713 2158 asseve-

169 2185 331 2227 ranter
352 2175 589 2239 ascribi,
636 2175 723 2230 illa
765 2185 943 2230 tamen
984 2174 1181 2227 alicubi
1207 2172 1321 2227 solo
1344 2171 1711 2230 Romanorum

169 2245 359 2298 nomine
389 2245 456 2298 ab
493 2247 611 2310 ipso
641 2248 808 2300 citata
843 2245 1038 2312 legitur
1064 2245 1109 2277 "
1136 2259 1151 2298 :
1183 2263 1202 2296 ι
1232 2243 1582 2310 Quinetiam,
1629 2245 1712 2298 in-

167 2315 264 2378 quit
286 2354 300 2378 ,
359 2316 411 2368 in
445 2316 677 2383 cpistola
707 2315 1076 2370 Romanorum
1109 2315 1176 2367 ad
1211 2313 1525 2368 Corinthios
1571 2315 1713 2368 scri-

167 2394 292 2451 ptum
323 2395 405 2439 est
433 2404 446 2438 :
477 2388 728 2441 Oceanus
761 2386 1023 2450 inﬁnitus,
1049 2395 1104 2438 et
1132 2386 1222 2455 qui
1254 2384 1708 2455 suntpostipsum

167 2456 348 2512 nnmdi.
373 2476 392 2508 ι
419 2456 526 2510 Sed
559 2472 656 2509 cur
685 2472 806 2511 eam
837 2457 909 2510 ita
947 2455 1034 2509 ille
1068 2454 1405 2518 laudaverit,
1445 2454 1710 2510 rationem

165 2524 300 2596 nobis
331 2536 629 2596 suggerunt
658 2527 893 2581 lrenaus
925 2526 972 2558 “
1028 2534 1192 2596 atque
1223 2525 1489 2596 Eusebius
1516 2524 1586 2589 ",
1617 2526 1708 2593 qui

164 2593 286 2649 hanc
315 2593 604 2666 episiolam
639 2614 668 2651 a
699 2597 1000 2660 Clemente,
1033 2593 1291 2650 Romana
1321 2595 1578 2650 Ecclesia
1609 2611 1710 2650 no-

163 2667 311 2733 mine,
341 2670 599 2736 seriptam
633 2669 800 2722 fuisse
838 2683 942 2722 non
964 2667 1130 2722 semel
1162 2675 1495 2720 asseverant.

222 2735 464 2792 Memoria
513 2739 696 2807 itaque
737 2738 925 2807 lapsus
965 2746 1050 2793 est
1085 2736 1337 2792 Clemens
1367 2747 1576 2807 uoster,
1607 2735 1708 2790 nisi

161 2807 282 2865 lorte
313 2805 661 2862 librariorum
695 2805 854 2862 error
886 2811 991 2872 sit,
1037 2807 1126 2861 ubi
1174 2805 1706 2876 quadamiejusdem

159 2882 374 2944 epistola
399 2881 566 2933 verba
597 2880 676 2934 sic
704 2879 969 2933 Barnaba
996 2875 1245 2932 attribuit
1269 2877 1316 2909 ³⁵
1341 2894 1354 2929 :
1377 2894 1396 2926 ι
1426 2875 1710 2946 Propheta

158 2953 336 3005 dictum
384 2966 668 3018 exponens
721 2948 1029 3010 Barnabas,
1085 2949 1296 3002 infert:
1342 2947 1475 3002 Cum
1526 2949 1709 3001 multa

157 3032 308 3088 porta
357 3021 469 3075 sint
519 3031 764 3089 aperta,
816 3035 937 3088 qua
983 3027 1068 3073 est
1109 3018 1359 3086 justitia,
1391 3032 1473 3089 ea
1520 3027 1605 3072 est
1653 3018 1707 3071 in

154 3092 385 3158 Christo,
423 3092 478 3145 in
515 3087 680 3159 quam
713 3087 858 3146 beati
919 3098 1046 3145 sunt
1078 3104 1266 3142 omnes
1313 3087 1404 3157 qui
1451 3096 1576 3142 sunt
1622 3089 1707 3142 in—

155 3167 370 3227 gressi.»
418 3161 546 3217 llac
597 3165 744 3217 enim
786 3176 908 3231 qua
949 3159 1166 3231 alibi“
1206 3159 1296 3231 ille
1341 3161 1492 3227 ipse,
1541 3159 1706 3231 lacito

154 3237 374 3290 auctoris
417 3235 673 3300 nomine,
709 3228 818 3288 non
849 3241 1028 3285 tamen
1061 3229 1179 3284 sine
1223 3229 1409 3298 aliqua
1440 3228 1590 3300 varia
1624 3229 1714 3300 _le~

153 3307 312 3360 ctione
359 3298 666 3367 retulerat,
714 3303 766 3356 in
819 3301 1114 3356 Clementis
1161 3300 1389 3355 Romani
1438 3298 1709 3366 epistola,

152 3371 290 3442 με,
322 3392 455 3432 voce
487 3376 547 3426 ἐν
580 3383 708 3428 ante
735 3371 1054 3445 δικαιοσύνῃ
1087 3371 1299 3435 addita,
1331 3369 1558 3424 totidem
1588 3383 1712 3425 ver-

153 3447 235 3520 bis
257 3455 748 3516 repraesentantur.
923 3515 938 3520 _
1413 3508 1445 3520 _
1519 3509 1530 3520 ,

206 3508 578 3584 Quorumdam
615 3523 880 3584 praterea
908 3515 1189 3584 doctorum
1216 3524 1389 3565 sacra
1410 3508 1710 3584 Scriptura

149 3581 489 3659 interpretum
523 3581 940 3655 explanationes
962 3585 1052 3659 _iu_
1083 3583 1264 3659 priora
1306 3581 1502 3659 psalmi
1529 3583 1711 3659 Apriini

147 3651 289 3713 verba
324 3677 352 3711 a
386 3651 678 3712 Clemente
713 3665 901 3709 nostro
929 3654 1009 3709 sic
1039 3651 1334 3707 laudantur
1360 3651 1404 3684 "
1431 3668 1446 3704 :
1472 3667 1493 3704 t
1513 3651 1710 3705 Audivi

146 3743 228 3798 ego
258 3731 434 3782 virum
469 3729 524 3781 in
560 3729 646 3781 his
678 3727 842 3780 rebus
869 3727 1088 3780 doctum
1106 3723 1390 3798 dicentem
1415 3721 1709 3776 consilium

146 3793 417 3868 impiorum
463 3799 781 3868 signiﬁcare
809 3807 1040 3864 gentes;
1073 3793 1215 3846 viam
1243 3803 1427 3868 autem
1457 3803 1712 3868 peccato-

147 3863 284 3942 rniu,
322 3863 615 3925 Judaic'am
661 3863 974 3942 opinionem
1002 3907 1016 3931 ,
1057 3863 1480 3942 etnpestilentia
1515 3864 1711 3942 Salllt‘f

145 3941 314 4006 ilrain,
359 3943 607 3994 haereses
649 3934 1032 4007 accipientem.
1079 3935 1228 3989 Alius
1267 3944 1452 4007 autem
1493 3934 1710 4007 dicebat

145 4004 556 4082 magisproprie
587 4004 822 4078 positam
851 4007 1072 4076 quidem
1104 4019 1229 4082 esse
1266 4005 1496 4073 primam
1537 4004 1710 4082 beati-

147 4076 367 4136 tudinem
401 4076 456 4135 in
491 4076 601 4147 iis,
630 4081 725 4148 qui
759 4093 866 4132 non
896 4089 1021 4132 sunt
1046 4076 1345 4148 sceleratas
1373 4076 1550 4127 secuti
1583 4088 1708 4127 sen-

144 4155 320 4206 tentias
343 4191 360 4218 ,
392 4167 583 4225 quala
615 4147 726 4225 Deo
772 4148 1110 4225 defecerunt.
1161 4147 1474 4225 Secundum
1523 4153 1705 4225 auteni

141 4235 310 4275 eorum
338 4214 356 4288 ξ
388 4214 484 4292 qui
521 4223 576 4276 in
602 4222 732 4292 flata
781 4221 868 4292 via
913 4225 1173 4292 manent,
1213 4214 1299 4268 vel
1343 4227 1569 4292 eorum,
1613 4215 1706 4281 qui

144 4293 312 4347 nutriti
340 4285 477 4347 suht
512 4293 566 4347 in
601 4291 760 4362 lege,
783 4289 866 4344 vel
899 4291 1064 4362 etiam
1091 4301 1320 4362 eormn,
1350 4285 1444 4362 qui
1480 4297 1543 4337 ex
1575 4299 1708 4354 gen-

143 4363 268 4416 tihus
301 4378 406 4417 non
440 4375 574 4418 sunt
615 4356 766 4416 ducti
801 4360 1161 4435 ⁸ιιιιειιίιιξιιιὶιιἲ
1203 4356 1704 4435 (ξριιιειιιέιοιιυιειιι

141 4435 446 4500 pestilentia
473 4445 530 4489 et
558 4435 771 4487 theatra
796 4425 1000 4484 fuerint
1020 4469 1034 4494 ,
1064 4439 1120 4482 et
1144 4427 1381 4496 judicia,
1417 4425 1508 4478 ubi
1535 4427 1705 4493 magis

140 4515 428 4574 sequuulul'
457 4506 740 4575 improbas
766 4512 820 4556 et
849 4500 1102 4575 exitiales
1129 4505 1464 4575 polestates',
1487 4506 1545 4575 et
1573 4511 1705 4562 ope-

140 4566 244 4628 rum
277 4591 468 4628 eorum
502 4566 846 4647 societatem.
882 4591 901 4623 ι
926 4570 1028 4636 Qui
1061 4566 1278 4647 sintilli
1298 4566 1496 4647 eruditi
1517 4581 1702 4647 saerii-
1733 4593 1778 4647 ι)

140 4659 238 4697 ιύιιι
275 4647 692 4714 Scripturarutn
742 4645 1069 4714 interpretes
1092 4638 1381 4714 ,_delinitu
1411 4649 1534 4690 esse
1563 4636 1698 4688 dilli-

138 4705 595 4771 ctllimum'nemo
626 4726 774 4768 certe
825 4705 1064 4779 negabit.
1122 4705 1178 4761 ln
1237 4722 1296 4760 re
1347 4717 1545 4779 tamen
1589 4717 1697 4758 tam

133 4790 354 4842 obscura
394 4789 438 4842 si
475 4787 638 4858 nobis
669 4787 753 4838 l'as
776 4784 855 4858 sit
875 4776 1113 4858 aliquam
1147 4794 1213 4858 ex
1244 4779 1412 4858 verbo
1448 4776 1698 4858 diiﬁxoat,

141 4862 337 4912 «audivi
358 4879 406 4925 ,ι
433 4857 810 4924 conjecturam
833 4854 1031 4927 lacere,
1053 4850 1196 4904 haud
1219 4849 1441 4927 omnino
1465 4849 1701 4927 absurde

134 4929 293 4996 colligi
323 4919 484 4997 posse
502 4919 850 4996 suspicamur
869 4923 1207 4997 Clementem
1233 4933 1362 4973 suos
1387 4919 1704 4986 designasse

131 4988 522 5076 praecpiores_,
578 4988 747 5076 alque
797 4997 863 5076 in
915 4992 1107 5076 primis
1159 4988 1702 5076 Paiitatitiilihquos

129 5058 208 5120 ille
229 5109 244 5134 ,
272 5058 322 5123 iii
348 5058 534 5125 schola
563 5058 959 5138 Alexandrina,
987 5073 1048 5117 ut
1079 5061 1331 5138 superius
1361 5058 1566 5138 dictum
1596 5069 1701 5138 est,

127 5130 320 5193 sacram
376 5139 727 5208 Scripturam
775 5137 1118 5208 explicantes
1151 5130 1695 5208 ’audierat._lnlicias

128 5217 295 5264 tamen
347 5228 458 5267 non
508 5201 724 5279 ibimus
764 5201 903 5262 alios
951 5206 1130 5258 adhuc
1164 5241 1182 5270 ,
1231 5201 1692 5279 quemadmodum

122 5281 484 5337 Alexandrum
553 5277 1130 5349 Jerosolymitanum,
1195 5275 1264 5329 ab
1322 5284 1388 5324 eo
1454 5275 1694 5339 potuisse

125 5353 408 5421 designari.

189 5415 420 5494 Moysen)
440 5434 608 5496 porro
625 5419 950 5489 scriptorum
981 5418 1221 5472 omnium
1247 5415 1692 5485 antiquissimum

185 5598 228 5641 ⁸ο
264 5597 470 5655 Strom.
500 5597 599 5654 lib.
639 5612 722 5658 tv,
757 5609 808 5664 p.
839 5595 944 5648 516
973 5605 1029 5650 ct
1054 5610 1167 5664 seq.

115 5739 165 5770 ’³
202 5743 330 5794 lren.
363 5741 460 5795 lib.
501 5755 564 5794 ιιι
593 5780 610 5802 ,
667 5753 715 5791 c.
753 5737 806 5792 5.

111 5810 166 5842 ’⁸
202 5809 397 5866 Strom.
437 5812 532 5864 lib.
576 5827 626 5870 ι.
670 5824 721 5874 p.
753 5806 878 5861 c.288.

113 5882 329 5938 dissert.
361 5883 413 5937 5.
497 5883 513 5913 ⁸
555 5880 691 5935 Ibid.
768 5879 787 5908 ‘
825 5880 898 5936 De
939 5879 1128 5948 script.
1163 5879 1358 5936 ecclcs.
1385 5919 1400 5948 ,
1445 5879 1474 5952 §
1521 5878 1609 5932 50.

1245 5595 1291 5626 ’°
1332 5594 1451 5650 Lib.
1497 5611 1532 5649 ιι
1608 5594 1848 5662 Appar.,
1877 5597 2094 5650 dissert.
2130 5595 2197 5658 6,
2241 5609 2292 5649 c.
2327 5596 2408 5663 10,

115 5684 166 5748 9:
200 5670 273 5748 ii;
306 5671 470 5748 Plaut.
507 5669 629 5722 Bib.
663 5669 786 5748 c0tl_.
825 5667 1030 5748 illic}.
1051 5665 1191 5748 liii;
1249 5667 1422 5748 ςριυι.
1462 5669 1539 5748 [ie
1717 5664 1868 5748 Patr.
1898 5681 2076 5748 op_ei‘.,
2117 5681 2169 5733 p.
2321 5676 2378 5718 et
2405 5664 2522 5732 seq.

905 5736 953 5769 ’°
993 5737 1212 5798 Euseb.,
1251 5736 1344 5791 lib.
1380 5752 1442 5790 ιιι
1480 5736 1656 5798 llist.,
1691 5750 1738 5788 c.
1779 5736 1845 5789 l6
1871 5749 1924 5790 et
1952 5737 2055 5798 58,
2106 5749 2161 5789 et
2195 5739 2286 5791 lib.
2324 5750 2392 5802 ν,
2453 5754 2501 5789 c.
2533 5735 2566 5789 6

959 5808 1002 5839 ⁸⁷
1045 5808 1252 5861 Strom.
1302 5809 1394 5862 ιιι..
1431 5824 1490 5870 tt,
1521 5826 1569 5874 p.
1618 5806 1748 5868 589,
1787 5805 1910 5861 590.
2015 5808 2034 5838 ⁹

959 5879 1128 5948 .cript.
1163 5879 1358 5936 ecclcs.
1385 5919 1400 5948 ,
1445 5879 1474 5948 §
1521 5878 1609 5932 50.
1689 5877 1708 5907 ³
1746 5874 1874 5948 Pag.
1914 5877 2036 5934 504.

1843 558 2080 632 ethnicis
2130 557 2501 632 philosophis
2531 559 2762 632 delibata
2828 563 2998 615 fuisse
3057 557 3249 632 probat
3299 568 3423 621 Cle-

1840 643 1994 706 ineas
2037 628 2362 706 θξξ-Τιιιίξιιιξ⁸
2393 628 2701 706 philosophi
2736 633 2806 686 ad
2859 628 3085 687 Gracos
3130 637 3420 706 oratione,

1839 697 1890 751 in
1919 715 2025 774 qua
2058 698 2205 752 illum
2223 697 2664 774 ῥθλίἰξίάκριὸὦς
2684 718 2749 774 ,γι
2771 712 3046 770 accurate,
3073 723 3090 755 ι
3113 697 3422 774 disputasse

1843 770 2188 825 testiﬁcatur.
2219 769 2324 824 Sed
2355 771 2418 822 de
2451 771 2553 824 hac
2580 773 2832 826 oratione
2857 815 2871 838 ,
2905 783 2960 826 et
2988 769 3329 839 pertractan
3361 779 3414 832 in

1839 839 1926 893 illa
1959 841 2026 895 de
2054 839 2252 910 Moysis
2285 851 2445 894 atate
2481 850 2840 910 argumento,
2878 841 3242 911 disceptatum
3285 849 3416 903 alibi

1835 923 1865 962 a
1891 911 2054 986 nobis
2089 911 2284 986 [ιω-θ’,
2319 927 2383 986 ac
2409 927 2596 986 rursus
2623 913 2688 986 de
2713 912 2806 964 illo
2829 927 2891 986 ac
2916 913 3204 986 deipsius,
3222 933 3417 986 quem-

1834 981 2126 1034 admodum
2177 981 2462 1046 Cassiani,
2521 981 2739 1034 landata
2798 983 2867 1036 ab
2902 981 3096 1037 eodem
3133 981 3416 1044 Clemente

1833 1061 2024 1105 nostro
2057 1052 2408 1120 chronologia
2442 1049 2672 1106 inferius
2712 1053 3100 1119 disputabitur.

1905 1123 2049 1177 Citat
2087 1138 2252 1191 porro
2301 1121 2549 1178 Clemens
2580 1122 2598 1152 ί
2654 1121 2879 1190 hujusce
2933 1121 3186 1180 Cassiani
3240 1129 3412 1185 etiam

1839 1191 2188 1261 Exegeticon,
2223 1193 2365 1260 quod
2401 1203 2578 1246 utrum
2610 1194 2911 1246 etiamnum
2940 1203 3164 1261 exstet,
3213 1213 3272 1252 se
3313 1215 3407 1253 ne-

1833 1265 1975 1338 scire
2009 1261 2280 1317 llervetus
2323 1263 2837 1338 apertesignilicat.
2871 1263 2987 1338 Qui
3010 1265 3126 1320 lieri
3159 1283 3289 1336 ergo
3319 1285 3411 1338 po-

1836 1335 1970 1395 tuit,
2019 1344 2075 1385 nt
2119 1348 2178 1386 ea
2227 1346 2320 1386 aut
2362 1350 2485 1404 non,
2517 1334 2752 1404 legerit,
2803 1345 2901 1388 aut
2939 1335 3063 1402 ejus
3107 1351 3175 1391 ex
3217 1334 3409 1393 animo

1836 1404 2143 1476 exciderint
2168 1443 2182 1466 ,
2214 1418 2334 1472 qua
2362 1407 2428 1458 de
2457 1403 2738 1476 Clemente
2766 1415 2959 1476 nostro
2991 1407 3300 1476 disputans,
3321 1411 3412 1476 sic

1833 1475 2052 1542 scripsit
2079 1467 2440 1545 Hieronymus
2472 1477 2492 1506 ¹
2519 1491 2533 1528 :
2565 1491 2584 1524 ι
2615 1474 2864 1545 Μθιιιίιιίι
2911 1467 3093 1530 autem
3143 1480 3196 1533 in
3247 1467 3411 1534 Stro-

1835 1545 2068 1598 matihns
2106 1544 2220 1598 suis
2263 1544 2555 1599 voluminis
2594 1544 2811 1598 Tatiani
2840 1585 2854 1599 .
2884 1583 2899 1598 .
2929 1595 2934 1599 .
2973 1583 2989 1598 .
3017 1581 3032 1598 .
3057 1557 3111 1602 et
3153 1550 3405 1605 Cassiani

1832 1614 2112 1684 cujusdam
2139 1616 2578 1684 χρονογραφίας
2599 1655 2614 1679 .
2639 1616 2782 1683 quod
2809 1616 3130 1684 opusculum
3159 1619 3408 1674 invenire

1833 1700 1938 1758 non
1975 1685 2174 1758 potui?
2201 1705 2220 1737 ι
2252 1684 2310 1738 Si
2339 1687 2485 1739 enim
2522 1686 2652 1740 illm!
2685 1702 2788 1739 non
2819 1687 2966 1758 idem
3003 1699 3167 1758 atque
3198 1687 3403 1758 Exege-

1831 1755 1975 1808 ticon
2009 1755 2174 1825 fuerit
2196 1797 2212 1821 ,
2243 1770 2367 1810 cum
2397 1772 2461 1810 eo
2494 1767 2673 1810 tamen
2715 1755 2981 1825 periisse,
3011 1755 3215 1812 neinini
3267 1755 3404 1813 vero

1833 1838 1937 1878 non
1966 1824 2144 1880 simile
2183 1825 2326 1880 haud
2382 1826 2544 1880 dubie
2595 1824 2889 1884 videbitur.
2942 1826 3134 1882 Utrum
3185 1844 3314 1884 vero
3357 1832 3404 1883 is

1823 1893 2121 1950 Cassianus
2153 1896 2296 1950 idem
2329 1896 2433 1962 sit,
2471 1912 2535 1950 ac
2565 1899 2870 1966 pracipuos
2918 1898 3240 1952 Docetarum
3286 1903 3396 1954 ha:-

1819 1979 2005 2037 reseos
2055 1967 2331 2037 defensor,
2390 1972 2581 2037 postea
2633 1968 2992 2037 opportunior
3047 1970 3400 2024 examinandi

1816 2035 1970 2092 locus
1998 2036 2126 2092 erit.

2263 2151 2416 2223 131
2459 2149 2852 2206 ARTICULUS
2892 2151 2957 2205 ιι.

1816 2269 1894 2326 De
1925 2269 2132 2340 sibyllis
2171 2281 2218 2324 et
2252 2287 2429 2325 eorum
2472 2272 2700 2325 oraculis
2723 2312 2738 2336 ,
2781 2288 2870 2325 nec
2902 2284 3001 2324 non
3036 2267 3200 2340 Pauli
3239 2272 3303 2325 de
3327 2271 3404 2326 si-

1887 2339 2030 2410 bylla
2068 2351 2118 2395 et
2159 2341 2406 2412 Hydaspi:
2446 2344 2701 2407 oraculo,
2740 2353 2896 2411 atque
2935 2341 3001 2394 de
3038 2339 3227 2394 Chami
3274 2359 3399 2412 pro-

1883 2413 2081 2486 pltetia.

1887 2525 2002 2580 Non
2037 2525 2132 2579 abs
2162 2541 2221 2581 re
2245 2524 2468 2580 omnino
2499 2523 2658 2581 fuerit
2691 2525 2818 2581 huic
2847 2527 2912 2580 de
2937 2526 3272 2582 Christianis
3303 2545 3399 2583 au-

1813 2596 2336 2670 ctoribusseimoni
2370 2611 2432 2651 ea
2454 2605 2766 2670 _att_ex_ere,
2807 2612 2926 2666 qua
2973 2599 3039 2670 die
3089 2598 3305 2670 sibyllis
3344 2610 3399 2655 et

1815 2667 2028 2739 illarum
2060 2666 2126 2721 de
2151 2666 2377 2739 Christo
2397 2706 2413 2731 ,
2443 2665 2900 2739 Christianaque,
2939 2667 3016 2722 uti
3047 2665 3274 2739 putant,
3309 2686 3399 2724 re-

1815 2736 2014 2804 ligione
2043 2738 2281 2790 oraculis
2302 2777 2317 2802 ,
2361 2738 2640 2790 memoria
2670 2736 2923 2792 Clemens
2954 2736 3144 2793 noster
3173 2741 3401 2794 manda-

1811 2809 1913 2860 vit.
1950 2806 2008 2861 Ιιι
2041 2807 2218 2876 primo
2249 2817 2430 2876 autem
2466 2805 2795 2860 Stromatum
2827 2809 2970 2861 lihro
3002 2808 3024 2839 ³
3055 2809 3171 2865 hac
3205 2812 3271 2864 de
3317 2812 3398 2865 si-

1812 2877 1957 2959 bylla
1988 2875 2175 2959 narrat
2206 2894 2262 2959 at.
2287 2875 2593 2959 lleraclitus
2619 2893 2724 2931 non
2743 2879 3102 2959 immanitas,
3131 2881 3223 2959 sed
3250 2879 3395 2934 divi-

1813 2947 1963 3029 nitus
1985 2947 2185 3029 potius,
2213 2947 2342 3027 dicit
2367 2947 2985 3029 apparuissesibyllam.
3015 2949 3184 3029 Aiunt
3209 2951 3397 3021 itaque

1814 3017 2037 3086 Delphis
2080 3017 2132 3071 in
2177 3019 2326 3072 curia
2362 3018 2577 3071 ostendi
2615 3027 2825 3086 petram
2863 3019 3190 3088 quamdam,
3228 3017 3397 3088 super

1813 3102 1976 3155 quam
2009 3089 2210 3141 dicitur
2240 3088 2450 3143 sedisse
2484 3089 2658 3156 prima
2694 3089 2890 3158 sibylla
2913 3130 2928 3155 ,
2959 3104 3080 3156 qua
3126 3104 3192 3143 ex
3242 3089 3394 3144 Heli-

1817 3173 1956 3212 cone
2004 3167 2268 3224 venerat,
2312 3164 2545 3212 educata
2588 3173 2615 3209 a
2658 3157 2860 3225 Musis,
2912 3174 3033 3212 cum
3082 3170 3231 3213 esset
3281 3161 3392 3215 ﬁlia

1743 3214 1784 3271 (ἶ
1818 3227 2021 3282 Lamia
2055 3214 2316 3282 Sidoniae.
2349 3228 2614 3297 Serapion
2648 3214 2930 3283 autem'in
2962 3231 3213 3284 versibus
3255 3214 3394 3286 dicit

1817 3315 1888 3353 ne
1916 3310 2186 3353 mortuam
2217 3299 2439 3369 quidem
2470 3317 2499 3350 a
2533 3298 2814 3352 divinandi
2865 3310 2982 3354 arte
3027 3316 3272 3354 cessasse
3315 3305 3389 3354 si-

1815 3369 2018 3440 byllam
2040 3387 2062 3440 7:
2087 3381 2142 3425 et
2170 3369 2220 3424 id
2248 3370 2466 3438 quidem
2497 3369 2643 3440 quod
2675 3385 2742 3424 ex
2775 3384 2837 3423 ea
2870 3370 2926 3423 in
2957 3385 3139 3424 aerem
3165 3373 3395 3426 recessit

1814 3451 1938 3507 post
1964 3439 2170 3494 obitmn
2195 3479 2210 3501 ,
2250 3441 2306 3493 id
2335 3453 2456 3494 esse
2493 3439 2638 3508 quod
2673 3441 2728 3494 in
2776 3441 3018 3495 sortibus
3061 3441 3304 3506 divinat,
3339 3457 3394 3496 et

1814 3510 2098 3580 auguriis;
2139 3526 2203 3564 ex
2237 3526 2302 3565 eo
2348 3518 2531 3564 autem
2576 3511 2718 3578 quod
2765 3510 2819 3563 in
2868 3519 3072 3566 terram
3122 3522 3392 3566 mutatum

1812 3590 1900 3634 est
1927 3595 2186 3649 corpore,
2216 3590 2408 3636 exorta
2432 3620 2449 3645 ,
2477 3587 2538 3633 ut
2566 3589 2996 3636 consentaneum
3022 3593 3106 3637 est
3127 3621 3143 3644 ,
3177 3583 3347 3638 herba
3375 3622 3391 3647 ,
3461 3583 3468 3588 ’

1815 3665 2153 3721 quacunque
2176 3667 2296 3705 eam
2318 3651 2686 3721 comedissent
2710 3651 2898 3706 bestia
2915 3691 2930 3715 ,
2953 3667 3076 3706 cum
3102 3653 3154 3706 in
3181 3667 3245 3706 eo
3272 3653 3394 3706 IOt'n

1812 3719 2280 3788 essent,'scribit
2329 3719 2628 3792 perlectam
2672 3721 2842 3792 futuri
2885 3725 3248 3790 COgnitionem
3295 3739 3395 3792 per

1812 3800 1942 3845 exta
1979 3793 2292 3847 hominibus
2344 3791 2706 3860 signiﬁcasse.
2755 3791 2886 3862 Ejus
2930 3804 3110 3847 autem
3152 3791 3389 3848 animam

1813 3863 2094 3933 existimat
2124 3879 2246 3917 eam
2275 3876 2398 3916 esse
2427 3865 2655 3926 faciem,
2688 3878 2808 3930 qua
2838 3875 3062 3933 apparet
3097 3865 3150 3917 in
3186 3865 3330 3918 luna.
3365 3881 3386 3916 ι

1811 3931 2158 4002 Quacunque
2188 3933 2570 4004 Clemens__ibi
2617 3935 2684 3987 de
2721 3931 2921 4004 sibylla
2941 3944 3240 3999 memorat,
3274 3935 3390 3987 lucc

1812 4005 1907 4057 ille
1935 4018 2041 4074 non
2067 4001 2138 4057 ex
2167 4018 2286 4067 sua,
2316 4007 2410 4056 sed
2441 4001 2703 4056 Heracliti
2735 4001 3158 4072 Serapionisque
3187 4015 3385 4074 poeta»,

1809 4083 1864 4126 et
1901 4073 2135 4127 aliorum
2169 4087 2506 4142 paganorum
2541 4075 2817 4126 sententia
2852 4077 3127 4142 proponit.
3161 4073 3231 4129 At
3264 4077 3387 4128 nul-

1809 4143 1918 4196 lutn
1961 4143 2122 4212 plane
2174 4141 2282 4196 tam
2328 4141 2469 4196 male
2518 4158 2665 4198 sana
2709 4141 2909 4197 mentis
2943 4141 3217 4198 hominem
3263 4160 3386 4200 esse

1809 4214 2166 4280 arbitramur,
2192 4212 2302 4284 rqui
2351 4214 2468 4266 hac
2510 4230 2538 4266 a
2587 4213 2867 4267 Clemente
2898 4227 3089 4267 ﬂOSll‘ll
3122 4225 3383 4284 tanquam

1811 4292 1966 4338 Certa
1988 4296 2044 4338 et
2070 4283 2298 4337 minime
2322 4284 2488 4354 dubia
2518 4285 2753 4352 proferri
2782 4283 2999 4337 dixerit.
3028 4284 3209 4354 Neque
3237 4283 3383 4340 enim

1807 4354 2136 4409 Christiana
2176 4353 2456 4422 religionis
2497 4355 2744 4408 doctrina
2793 4353 2867 4424 ita
2911 4353 3386 4424 parum’imbutus

1807 4425 1914 4477 fuit
1937 4464 1952 4489 ,
1985 4433 2046 4478 ut
2073 4424 2374 4478 credidisse
2404 4424 2620 4478 dicatur
2650 4423 2895 4494 sibyllam
2932 4435 3054 4493 post
3089 4437 3316 4480 mortem
3353 4445 3384 4480 a

1807 4494 2087 4549 divinandi
2117 4503 2236 4548 arte
2266 4510 2372 4547 non
2404 4509 2673 4556 cessasse,
2704 4512 2769 4548 ac
2801 4494 2946 4548 illius
2982 4505 3136 4563 parte
3167 4498 3220 4550 in
3255 4512 3383 4551 aera

1811 4568 2218 4628 transvolante,
2261 4565 2489 4618 alteram
2533 4567 2584 4618 in
2636 4575 2784 4619 terra
2832 4580 3132 4631 mansnsse,
3163 4580 3231 4620 ex
3273 4582 3382 4636 qua

1805 4637 1970 4690 herba
1993 4674 2010 4701 ,
2040 4636 2438 4689 divinationum
2473 4639 2590 4688 usui
2622 4647 2780 4704 apta,
2809 4645 2926 4689 orta
2965 4637 3161 4702 luerit,
3197 4652 3262 4691 ac
3289 4647 3384 4691 de-

1807 4707 1972 4773 nique
2001 4707 2147 4760 illius
2181 4703 2417 4760 animant
2445 4721 2568 4760 esse
2603 4703 2800 4760 faciem
2822 4746 2837 4770 ,
2872 4721 2992 4774 qua
3025 4708 3077 4760 iu
3123 4709 3249 4760 luna
3281 4722 3382 4777 ap-

1808 4786 1980 4845 paret.
2011 4779 2235 4831 Certum
2284 4777 2448 4846 ig.tur
2488 4789 2542 4830 et
2591 4786 2769 4830 ratum
2814 4792 2936 4830 esse
2977 4777 3138 4832 debet
3184 4781 3302 4832 hac
3347 4796 3380 4833 a

1807 4847 2086 4917 Clemente
2129 4857 2318 4900 nostro
2363 4859 2556 4901 contra
2607 4863 2848 4917 paganos
2888 4848 3009 4901 ideo
3053 4848 3286 4912 adduci,
3319 4862 3381 4903 ut

1809 4916 1981 4971 falsas
2007 4933 2194 4972 eorum
2227 4917 2544 4986 opiniones,
2579 4916 2696 4986 ipsa
2719 4934 2905 4971 eorum
2925 4956 2940 4980 ,
2968 4931 3089 4985 qua
3120 4928 3377 4987 tanquam

1811 5002 1940 5040 vera
1981 4995 2035 5042 et
2077 4998 2230 5042 certa
2279 4989 2660 5053 venditabant,
2695 4989 3035 5058 expositione
3064 4997 3375 5054 everteret,

1813 5066 1974 5128 atque
2011 5059 2212 5111 invicto
2245 5061 2311 5111 ad
2347 5061 2659 5122 hominem,
2708 5068 2767 5112 ut
2809 5061 2995 5121 aiunt,
3050 5073 3377 5128 argumento

1809 5131 2192 5199 impugnaret,
2227 5130 2583 5199 l'unditusque
2611 5130 2938 5182 destrueret.

1875 5202 1949 5253 De
1979 5203 2082 5254 hac
2116 5215 2282 5271 porro
2314 5201 2538 5271 sibylla,
2570 5201 2687 5269 ejus
2719 5200 2940 5253 nomine
2964 5239 2980 5262 ,
3018 5199 3371 5271 parentibus,

1806 5273 2052 5325 versibus
2072 5313 2088 5337 ,
2118 5269 2178 5323 et
2209 5285 2342 5324 saxo
2376 5269 2516 5324 unde
2543 5271 2763 5324 oracula
2794 5271 3002 5323 fudisse
3033 5269 3372 5338 perhibetur,

1803 5344 2035 5410 plurima
2065 5351 2255 5396 narrat
2287 5339 2587 5394 Pausanias
2618 5338 2658 5404 ⁸,
2694 5355 2814 5408 qua
2839 5341 3061 5407 quidem
3080 5341 3221 5410 iouia
3255 5339 3373 5394 lon-

1804 5407 1956 5482 giora
1986 5425 2153 5477 sunt,
2187 5421 2242 5466 et
2277 5411 2438 5464 facile
2482 5428 2514 5465 a
2561 5407 2802 5480 quolibet
2839 5411 2892 5464 in
2925 5410 3042 5478 ejus
3077 5407 3219 5465 libro
3245 5425 3372 5480 pos-

2462 5593 2489 5666 §
2515 5592 2570 5649 5.
2627 5593 2687 5666 Ῐ¹
2708 5591 2861 5664 Orig.
2887 5591 2981 5666 lib.
3000 5609 3040 5648 ιι
3058 5591 3373 5661 Periarch.,

2623 5664 2669 5694 "
2709 5666 2916 5718 Strom.
2953 5664 3047 5718 lib.
3073 5681 3128 5726 v,
3161 5681 3214 5735 p.
3244 5667 3369 5720 586.

2673 5734 2717 5765 ³³
2758 5737 2964 5788 Strom.
2999 5735 3030 5790 Ι.
3061 5751 3131 5801 Vl,
3154 5751 3204 5805 p.
3241 5737 3367 5790 M6.

2015 5779 2059 5838 '93
2335 5779 3364 5932 i.,ll)l,vii.v320.1;;3vL-ii):IIi-xiipit;:

2015 5910 2036 5932 η.
2116 5890 2135 5911 ⁴
2224 5895 2350 5934 ι.ιί
2450 5894 2744 5947 ioe.,p..
2840 5915 2853 5930 .
