3846 6528
191 340 310 398 “09

1371 343 1459 396 DE
1505 341 1725 397 LlBRlS
1764 339 2210 396 STROMATUM.

3282 341 3421 395 ἨΟ

190 467 354 530 autem
395 455 466 510 de
503 457 780 513 hominum
819 459 1112 530 traditione
1145 459 1400 529 loquatur
1427 460 1748 527 Apostolus,
1779 461 1822 516 Δ
1854 461 2148 514 traditione
2183 458 2440 514 didicisse
2468 475 2575 527 quo
2607 461 2798 515 ordine
2834 463 3036 530 srripta
3074 471 3200 514 sunt
3237 463 3418 517 Evan—

189 530 256 581 sic
293 525 552 581 Clemens
589 530 842 583 edisserit
879 529 956 583 ἐς
985 548 1003 580 ι
1037 525 1410 585 Tradiiione'm
1450 525 1744 584 humanam

188 612 408 650 canoras
453 599 582 651 dicit
630 614 835 666 nugas,
879 615 1002 666 qua:
1039 609 1330 652 versantur
1373 604 1425 654 in
1471 601 1742 655 oratiOne.

189 667 542 733 Quamobrem
575 668 665 724 ille
694 683 906 737 quoque
933 670 1126 724 scribit
1149 689 1159 722 :
1183 668 1460 731 Iuniores,
1483 673 1745 737 quaestio-

190 752 274 808 nes
302 737 471 808 fugite
499 738 576 808 ",7
592 747 717 793 sunt
743 739 885 793 enim
916 739 1154 808 pueriles
1185 739 1490 803 hujusmodi
1519 751 1746 794 conten-

192 807 372 882 tiones.
400 826 421 859 ι
453 807 754 882 InAGrtet-o
787 807 1084 882 Clementis
1126 818 1274 864 textu
1325 811 1555 882 legimus
1586 827 1600 864 :
1645 810 1745 882 τὴν

186 875 677 952 ᾖογικὴγᾼτερθρίᾳγ
699 878 870 948 λέγει.
900 878 1018 933 Vox
1034 892 1223 952 autem
1249 875 1475 952 τερυρξα
1503 897 1594 934 seu
1624 875 1747 952 τερ-

187 945 326 1019 θρεία
352 945 507 1019 idem
539 945 720 1003 Suidre
751 945 910 1004 sonat
944 965 1008 1002 ac
1034 945 1354 1017 λεπτολογίά
1375 945 1396 1014 ζ
1420 951 1522 1005 hoc
1555 960 1640 1004 est
1677 945 1745 1006 de

189 1018 338 1070 relms
367 1018 578 1085 minimi
611 1021 868 1073 momenti
900 1019 1217 1086 diSputatio.
1252 1021 1382 1087 Quae
1403 1021 1622 1088 quidem
1649 1035 1746 1074 ex-

188 1088 390 1152 plicatio
415 1103 444 1140 a
475 1088 770 1142 Clementis
799 1105 964 1146 sensu
996 1089 1173 1143 aliena
1209 1108 1312 1147 non
1342 1092 1577 1144 videtur.
1612 1089 1742 1144 Nam

188 1159 264 1232 ille
293 1168 529 1210 utentem
559 1174 711 1232 suam
741 1159 944 1214 clarius
985 1161 1237 1224 aperiens
1257 1203 1272 1226 ,
1318 1163 1457 1214 hanc
1486 1160 1743 1232 τερθρίαν

189 1228 314 1282 idem
346 1243 409 1280 ac
434 1229 696 1295 pueriles,
726 1245 817 1282 seu
845 1245 1016 1283 novas
1046 1232 1322 1285 hominum
1346 1232 1413 1284 de
1449 1228 1744 1284 rehus'exi-

187 1299 294 1363 guis
326 1299 622 1352 verborum
659 1302 1039 1354 contentiones
1068 1316 1192 1355 esse
1228 1303 1367 1354 haud
1399 1301 1634 1354 obscure
1665 1301 1742 1356 si.

186 1367 417 1435 gniﬁcat.
452 1371 535 1423 Ab
567 1369 878 1423 hominibus
907 1381 1089 1424 autem
1121 1371 1448 1426 Christianis
1479 1370 1598 1426 illas
1626 1385 1746 1425 om-

187 1445 304 1490 uiuo
332 1440 585 1492 vitandas
614 1448 671 1492 et
699 1441 1062 1506 repudiandas
1094 1455 1215 1496 esse
1241 1443 1464 1496 asserit.

245 1507 392 1580 Alias
436 1524 604 1580 porro
652 1511 978 1564 traditiones
1016 1510 1085 1563 ab
1117 1513 1380 1580 apostolis
1405 1511 1742 1580 Christoque

187 1577 395 1630 Domino
421 1579 488 1633 ad
519 1581 767 1633 homines
796 1580 1118 1650 proﬂuxisse
1145 1577 1270 1635 dicit
1289 1621 1304 1640 .
1326 1597 1460 1650 quas
1489 1581 1563 1635 illi
1591 1577 1741 1635 dein-

183 1663 299 1714 crps
324 1663 424 1700 suo
451 1650 657 1716 quique
691 1651 886 1704 ordine
911 1667 940 1701 a
972 1649 1270 1717 majoribus
1311 1649 1424 1706 suis
1464 1666 1571 1704 non
1601 1651 1740 1706 scri—

185 1729 285 1791 pto,
318 1718 412 1772 sed
457 1720 628 1774 verbo
677 1729 1024 1791 acceperant.
1072 1722 1356 1791 Magistros
1384 1723 1582 1791 quippe
1612 1737 1739 1776 suos

1850 532 1986 599 gelia
2007 571 2023 595 ,
2069 541 2123 583 et
2150 539 2346 597 praeter
2375 539 2610 595 quatuor
2651 531 2702 584 in
2733 532 2991 585 omnibus
3027 531 3289 586 Eeclesiis
3328 549 3420 587 re-

1847 609 2002 666 cepta
2023 643 2038 664 ,
2072 600 2280 652 nullum
2311 599 2458 652 alittd
2487 600 2904 655 admittendum.
3419 633 3422 638 ι

1920 671 2330 724 Traditionibus
2363 685 2530 741 porro
2568 670 2940 737 hujuscemodi
2970 712 2986 731 ,
3022 687 3142 740 qute
3177 675 3245 724 ab
3281 688 3418 741 apo-

1847 743 2001 795 stolis
2039 751 2201 809 atque
2241 741 2404 793 e'iam
2437 757 2464 792 a
2496 740 2716 793 Christo
2750 741 2974 793 Dmnino
3009 740 3369 797 manaret-unt
3401 786 3412 804 ,

1849 811 2142 865 maximam
2193 812 2558 864 reverentiam
2601 825 2982 878 summumque
3031 812 3290 867 honorem
3319 814 3414 865 de-

1845 881 2003 944 beri,
2056 895 2215 934 nemo
2272 881 2372 934 nisi
2430 883 2622 935 insano
2668 895 2854 934 errore
2905 881 3062 950 plane
3091 884 3409 938 obcmcatus

1848 967 2086 1022 unquam
2119 951 2420 1021 negaverit.

2273 1022 2429 1092 163
2469 1018 2862 1092 ARTICULUS
2893 1019 2984 1074 tv.

1845 1089 1924 1144 De
1959 1107 2098 1146 verae
2129 1088 2419 1153 Ecclesife:
2449 1106 2656 1143 sacrum
2687 1091 3216 1146 divimrtraditionis
3247 1093 3410 1161 depo-

1998 1163 2158 1216 situm
2188 1162 2557 1220 custodienlis.
2588 1162 2726 1214 notis
2759 1173 2806 1214 et
2839 1161 3251 1214 characteribus.

1917 1229 2142 1285 Sacrum
2177 1231 2505 1284 Chrisﬁana:
2541 1231 2684 1284 illius
2714 1231 2976 1284 :loclrinre
2998 1272 3012 1290 .
3045 1233 3110 1284 ad
3143 1248 3240 1285 nos
3273 1235 3413 1289 divi-

1845 1301 1931 1355 nis
1963 1317 2086 1355 cutn
2122 1301 2428 1369 Scripturis
2460 1310 2570 1354 tum
2610 1302 2998 1355 traditionibus
3031 1303 3405 1368 transmissae,

1845 1373 2149 1440 depositum
2194 1371 2261 1423 ab
2307 1369 2546 1425 Ecclesia
2599 1371 2862 1425 catholica
2916 1371 3193 1439 integrum
3227 1374 3410 1430 illiba-

1846 1452 2066 1510 tumque
2093 1442 2297 1494 servari
2323 1453 2473 1494 extra
2496 1456 2709 1494 omnem
2738 1443 2948 1508 penitus
2976 1447 3407 1500 controversiam

1843 1513 2077 1584 positum
2111 1522 2215 1584 est.
2252 1511 2322 1564 At
2349 1527 2469 1584 qua:
2499 1513 2570 1565 sit
2599 1527 2723 1584 vera
2754 1511 2841 1564 illa
2870 1511 3110 1584 Ecclesia
3133 1554 3146 1575 .
3178 1531 3240 1584 ac
3271 1533 3408 1584 quo-

1845 1583 2033 1656 modo,
2057 1583 2576 1656 quibusvenotisac
2606 1583 3016 1656 characteribns
3037 1584 3112 1656 ab
3137 1583 3240 1656 alia
3273 1583 3407 1656 qua-

1844 1652 1974 1704 libet
2000 1652 2131 1704 l'alsa
2158 1663 2210 1702 et
2233 1651 2578 1706 schismatica
2602 1653 2812 1704 secerni
2840 1663 2894 1703 et
2922 1652 3179 1718 distingui
3207 1651 3402 1721 possit,

1840 1721 2145 1777 luculenter
2171 1721 2422 1776 Clemens
2452 1733 2642 1775 noster
2671 1721 2907 1787 explicat
2934 1722 2979 1752 ’°
3011 1737 3024 1774 :
3055 1742 3073 1774 ι
3103 1723 3402 1779 Ecclesiam

183 1787 421 1866 Clemens
453 1791 718 1866 praedicat
746 1791 791 1821 ¹⁰
815 1787 830 1844 Ξ
856 1790 1000 1866 «Αριιί
1051 1787 1232 1844 veram
1259 1830 1275 1853 ,
1307 1787 1528 1866 inquit,
1566 1791 1738 1866 licata:
1770 1812 1812 1866 Β
1841 1801 2063 1866 autem,
2089 1791 2265 1860 inquit
2291 1790 2411 1866 ille,
2443 1791 2755 1866 non__lo_cum
2779 1831 2793 1852 ,
2821 1792 2914 1844 sed
2942 1791 3244 1846 electorum
3272 1811 3402 1866 con-

182 1858 430 1911 doctrinae
453 1861 751 1914 servabant
783 1861 1125 1914 traditionem
1149 1900 1164 1925 ,
1191 1862 1490 1926 παράδοσιν
1510 1901 1524 1926 ,
1550 1863 1734 1914 statim

183 1944 209 1980 a
240 1928 426 1989 Petro,
457 1939 512 1981 et
543 1927 783 1991 Jacobo,
821 1940 875 1985 et
911 1931 1120 1984 Joanne
1143 1970 1158 1993 ,
1192 1942 1246 1986 et
1276 1927 1450 1986 Paulo
1473 1971 1490 1998 ,
1531 1931 1736 1986 sanctis

186 1999 477 2072 apostolis:
513 2000 586 2052 ita
627 2010 685 2054 ut
724 2001 863 2053 ﬁlius
904 2001 1177 2072 acciperet
1212 2018 1240 2054 a
1276 2013 1430 2072 patre
1457 2039 1472 2056 .
1497 2041 1514 2058 .
1541 2039 1556 2055 .
1583 2039 1596 2052 .
1627 2039 1642 2053 .
1676 2037 1693 2055 .
1719 2041 1732 2055 .

183 2069 243 2122 ad
267 2083 386 2139 nos
431 2086 650 2137 quoque
673 2112 689 2134 ,
735 2072 845 2126 Deo
873 2070 1123 2135 volente,
1159 2069 1525 2139 pervenerunt
1575 2071 1665 2126 illa
1705 2086 1734 2124 a

185 2137 625 2223 t‘najoribusdata
669 2141 1056 2223 et‘aposwlica
1102 2137 1674 2223 (ἰοροείιιιιίιιιιξιιιίιιειἶ
1706 2159 1724 2191 ι

181 2211 220 2280 Α
260 2210 687 2280 praceptoribus
711 2211 889 2278 itaque
921 2211 1068 2275 suis,
1099 2210 1190 2279 qui
1222 2211 1590 2280 apostolorum
1622 2211 1736 2266 dis-

181 2277 331 2350 cipuli
368 2277 622 2350 fuerant,
653 2277 934 2341 Clemens.
990 2297 1096 2334 non
1117 2277 1292 2343 secus
1318 2291 1481 2350 atque
1509 2280 1599 2334 alii
1627 2295 1738 2336 suae

183 2349 350 2402 aetatis
379 2349 724 2420 Christiani,
756 2351 964 2418 accepit
989 2349 1455 2420 quemadmodum
1512 2350 1657 2406 ﬁlius
1705 2367 1734 2404 a

183 2427 357 2485 patre,
387 2435 496 2473 non
525 2419 702 2473 soluat
735 2422 943 2488 scripto
963 2460 978 2484 ,
1011 2419 1104 2475 sed
1138 2423 1303 2476 etiam
1329 2424 1494 2477 verbo
1521 2423 1737 2475 beatam

181 2489 432 2560 doctrinae
464 2490 798 2560 evangelicae
829 2491 1204 2545 traditionem.

243 2557 348 2631 Cur
369 2572 552 2613 autem
583 2557 818 2628 apostoli
843 2561 1122 2631 discipulis
1175 2561 1318 2622 suis,
1351 2569 1406 2615 et
1447 2560 1501 2614 hi
1538 2559 1734 2616 deinde

181 2627 299 2699 aliis
330 2631 583 2696 quaedam
618 2627 725 2684 non
757 2627 998 2699 scripto,
1041 2633 1136 2686 sed
1169 2631 1336 2685 verbo
1377 2631 1734 2694 tradiderint,

179 2697 312 2754 hanc
337 2699 422 2752 ille
442 2700 710 2754 rationem
732 2697 890 2768 paulo
919 2709 1038 2769 post
1065 2702 1292 2756 reddidit
1315 2703 1357 2734 ²¹
1381 2720 1393 2754 :
1425 2719 1444 2752 t
1464 2699 1580 2755 Jatn
1606 2717 1738 2758 vero

181 2783 282 2822 non
313 2770 578 2824 revelavit
609 2769 795 2824 multis
821 2786 920 2834 ea,
947 2786 1066 2838 qua:
1095 2787 1202 2825 non
1233 2780 1394 2825 erant
1420 2773 1734 2835 tnultorum,

180 2841 266 2891 sed
314 2840 536 2908 paucis,
582 2840 784 2908 quibus
831 2843 1037 2894 sciebat
1082 2843 1407 2906 convenire,
1443 2842 1537 2909 qui
1576 2850 1632 2894 et
1671 2856 1733 2894 ea

178 2921 389 2974 possent
421 2913 706 2978 accipere,
747 2921 803 2964 et
846 2927 914 2964 ex
947 2911 1013 2964 iis
1051 2911 1359 2967 informari.
1395 2910 1607 2964 Arcana
1638 2927 1737 2964 au-

178 2989 278 3030 tem
303 3019 317 3038 ,
347 2981 490 3033 sicut
526 2982 670 3034 Deus
692 3018 709 3044 ,
740 2980 903 3033 verbo
931 2982 1253 3045 creduntur,
1300 2998 1406 3036 nou
1449 2982 1673 3044 scripto.
1709 3001 1728 3033 ι

176 3048 248 3134 Ἰξὰ
272 3049 644 3134 agamagam:
664 3090 680 3113 ,
707 3049 956 3123 καθάπερ
978 3053 1006 3104 ὁ
1027 3051 1158 3115 Θεὸς
1177 3089 1193 3114 ,
1218 3051 1359 3122 λόγῳ
1386 3049 1733 3115 πιστεύεται,

171 3135 227 3170 ου
255 3135 570 3175 γράμματι.

602 3191 712 3244 alio
760 3192 814 3246 in
869 3191 1007 3245 libro
1037 3192 1084 3222 "
1115 3207 1180 3245 ex
1225 3190 1463 3262 Apostoli
1514 3191 1579 3243 ad
1627 3192 1730 3246 Co-

171 3257 442 3315 losseuses
485 3262 821 3324 scribentis.
870 3263 1051 3315 verbis
1093 3257 1288 3330 probat
1335 3278 1442 3315 non
1489 3262 1732 3315 omnium

169 3346 285 3400 esse
312 3333 730 3400 cognitionem,
771 3333 840 3386 ibi
873 3333 1220 3385 continenter
1256 3334 1369 3385 luce
1412 3331 1689 3400 subjuugit
1718 3351 1730 3384 :

171 3416 189 3448 ι
211 3399 329 3454 .Iam
360 3399 507 3474 enim
533 3413 722 3474 erant,
749 3420 870 3472 qua:
895 3403 1242 3474 tradebantur
1268 3401 1507 3474 Hebraeis
1525 3440 1540 3464 ,
1563 3399 1736 3474 ἀγράο

164 3486 308 3538 φως,
359 3473 483 3525 sine
532 3471 780 3542 scriptis.
808 3493 826 3524 ι
862 3473 946 3526 Ab
993 3471 1238 3542 Apostoli
1281 3473 1446 3542 igitur
1493 3471 1735 3542 tempore

162 3553 316 3612 erant
343 3542 599 3610 quaedam
635 3540 916 3612 religionis
947 3553 1145 3596 nostra:
1191 3540 1386 3612 placita
1410 3581 1426 3605 ,
1465 3556 1584 3608 qua:
1627 3540 1737 3595 lle-

163 3611 319 3666 bracis
348 3613 587 3681 aliisque
613 3611 982 3666 Christianam
1017 3613 1178 3664 ﬁdem
1215 3611 1592 3682 proﬁtentibus
1617 3615 1736 3668 sine

161 3682 363 3747 scripto
389 3722 405 3747 ,
436 3686 532 3737 sed
563 3683 680 3736 viva
712 3698 843 3737 vace
870 3683 1242 3736 tradebantur.

225 3751 510 3807 Praeterea
541 3751 795 3807 Clemens
830 3754 1149 3816 haereticos,
1191 3751 1282 3819 qui
1331 3765 1540 3806 sacram
1581 3749 1736 3804 Scri-

157 3831 372 3886 pturatn
425 3839 527 3892 pro
579 3823 793 3877 Domini
843 3824 1106 3892 dignitate
1155 3831 1210 3875 et
1247 3825 1540 3876 secundum
1590 3821 1733 3892 piant

155 3890 533 3954 apostolorum
559 3890 923 3946 traditionem'
942 3907 1044 3944 non
1084 3893 1607 3960 interpretabantur,
1631 3890 1733 3944 hoc

155 3975 486 4047 ar'gutnettto
503 3964 750 4047 confutet
766 3963 810 4047 ’ξ
833 3981 843 4014 :
866 3959 1314 4047 Hapqi’tavgteﬁch
1345 3959 1735 4047 ydp‘c'inot‘itéo:

154 4029 283 4102 μένη
320 4032 481 4102 Θεῷ,
520 4034 552 4102 ἠ
583 4031 724 4085 κατὰ
753 4032 850 4102 'rj‘qv
878 4029 972 4084 τοῦ
1006 4032 1208 4100 Κυρίου
1222 4029 1578 4084 ’διδασκοιλίαν
1604 4069 1618 4094 ,
1647 4029 1738 4102 διὰ

149 4102 249 4154 τῶν
273 4100 608 4159 ἆποάτόλὼν
633 4100 924 4171 αὐτοῦτῆς
942 4101 1224 4163 Θεοσεὸοὖς
1241 4103 1587 4172 παραδόσεως
1614 4100 1736 4172 σύνέ

148 4173 259 4236 εσίς
299 4193 364 4228 τε
413 4177 518 4228 καὶ
550 4175 904 4242 συνάσκησις.
952 4190 970 4222 ι
1010 4171 1334 4240 Depositum
1367 4174 1541 4236 cnitn,
1592 4171 1734 4234 quod

150 4244 254 4298 Deo
281 4247 572 4307 redditur,
601 4255 685 4298 est
709 4243 1096 4296 convenienter
1125 4243 1331 4294 Domini
1362 4242 1624 4295 doctrinae
1639 4257 1734 4305 per

147 4315 258 4380 ejus
297 4314 875 4384 apostoloruntpiam
910 4313 1253 4384 traditionem
1287 4311 1644 4384 intelligenda
1677 4319 1736 4364 et

144 4381 510 4440 exercitatio.
543 4383 720 4449 )QUid
759 4392 937 4435 autent
974 4393 1092 4437 erat
1130 4381 1214 4435 illa
1245 4381 1335 4451 pia
1365 4381 1734 4451 apostolorum

143 4455 204 4506 de
248 4473 389 4538 vero
440 4455 952 4541 Scripturzersettsu'
984 4450 1256 4516 traditio,
1279 4453 1384 4541 nisi
1425 4450 1727 4541 vera-illius
1760 4485 1803 4541 υ

141 4528 466 4593 expositio,
511 4519 675 4592 quam
711 4523 1018 4593 discipulos
1071 4522 1334 4593 suosivel
1387 4519 1614 4588 privatis
1670 4522 1721 4573 ιιι

141 4592 474 4664 colloquiis.
523 4595 606 4648 vel
635 4592 863 4662 publicis
898 4593 951 4646 in
987 4592 1344 4648 concionibus
1375 4593 1568 4645 docere
1602 4607 1725 4644 con-

139 4678 438 4720 tiuevet'attt
464 4668 493 4720 ἶ)

203 4737 402 4804 Neque
437 4737 501 4789 in
535 4735 622 4788 his
654 4731 1026 4787 tantummodo
1053 4729 1377 4785 Stromatum
1405 4729 1724 4804 libris_d_ivi-

140 4823 232 4861 uas
264 4800 393 4862 illas
433 4806 770 4860 traditiones
796 4805 1135 4855 commendat
1165 4813 1220 4855 et
1250 4813 1448 4864 tuetur,
1485 4801 1577 4853 sed
1611 4800 1722 4852 Eu-

138 4879 288 4931 sebio
331 4889 490 4930 teste
527 4875 619 4926 ’δε
654 4893 672 4925 ι
705 4874 760 4926 ln
797 4875 930 4926 libro
957 4888 1116 4941 quem
1156 4873 1223 4925 de
1260 4873 1458 4941 pascha
1499 4885 1720 4936 compo-

135 4949 238 5000 suit
293 4958 573 5003 coactum
621 4961 686 4998 se
729 4943 958 4994 allirtnat
1002 4958 1030 4994 a
1083 4942 1441 4995 l‘atniliaribus
1485 4941 1633 5003 suis,
1664 4947 1722 4991 ut

139 5021 480 5072 traditiones
506 5056 525 5079 ,
557 5030 697 5083 quas
730 5015 799 5065 ab
828 5012 1226 5088 antiquioribus
1257 5010 1588 5088 presbyteris
1624 5025 1719 5062 ac-

136 5097 354 5153 ceperat
375 5126 393 5152 ,
431 5081 685 5153 scriptas
712 5084 944 5152 posteris
977 5082 1278 5153 mandaret.
1315 5100 1332 5131 ι
1370 5081 1723 5153 Antiquiores

135 5149 310 5212 autem
338 5149 421 5212 illi
456 5149 818 5226 presbyteri,
846 5163 902 5226 ut
934 5149 1422 5226 ibidetn‘Eusebius
1433 5152 1720 5226 observat,

135 5218 525 5294 apostoloru'tn
557 5218 719 5278 erant
744 5221 1029 5294 discipuli,
1059 5221 1280 5294 quiltas
1311 5220 1626 5274 traditiones
1655 5218 1724 5271 ab

136 5290 328 5353 iisdem
366 5295 712 5369 apostolis,
735 5293 876 5369 sicut
905 5292 1032 5369 et
1065 5309 1094 5342 a
1124 5290 1344 5369 Christo
1373 5297 1718 5369 acceperant.

204 5361 461 5435 Deniqtie
499 5381 577 5419 ex
614 5366 804 5417 eodem
841 5361 1350 5435 Eusebiosuperius
1381 5362 1723 5435 animadver-

137 5442 299 5494 timus
332 5431 386 5472 ³³
425 5438 782 5492 Clementem
818 5433 924 5484 alio
957 5433 1007 5482 ιιι
1042 5432 1184 5485 libro
1209 5472 1225 5494 ,
1265 5432 1406 5484 sicut
1437 5440 1491 5483 et
1527 5431 1719 5496 Orige-

137 5527 251 5564 nctn
273 5552 291 5578 ,
327 5506 645 5565 testiﬁcari
681 5519 742 5558 se
771 5517 838 5556 ex
883 5502 1240 5556 vetustiorum
1280 5503 1721 5572 presbyterorum

200 5675 240 5706 "'
278 5671 510 5727 Strom.
547 5661 648 5716 lib.
683 5677 739 5723 t,
773 5676 824 5728 p.
851 5658 978 5715 395.
1053 5659 1097 5691 ¹⁹
1133 5658 1175 5714 ll
1205 5660 1346 5714 Tim.
1381 5675 1417 5714 ιι
1441 5700 1457 5723 ,
1490 5659 1582 5713 9.5.

139 5761 185 5812 ρ·
215 5744 303 5800 57-
386 5739 438 5775 ⁸³
464 5734 715 5812 Pilia"
741 5771 754 5793 ν
793 5731 1001 5812 23.676:

142 5801 345 5886 b.715.
431 5810 479 5842 ιτ
527 5802 674 5860 Ibid.
710 5818 762 5870 ῃ.
795 5801 918 5855 764.
975 5804 1036 5836 «η
1075 5801 1241 5864 lbid.,
1272 5816 1323 5869 ιι.
1355 5802 1478 5856 765.

1656 5658 1701 5689 ²⁰
1733 5657 1943 5731 Strom.
1983 5662 2075 5714 lib.
2112 5680 2126 5716 ι
2154 5703 2169 5725 .
2200 5678 2251 5731 p.
2280 5664 2406 5719 274.

1079 5731 1124 5763 ’⁸
1162 5730 1280 5785 Lib.
1314 5746 1363 5785 Vt
1403 5729 1577 5791 llist.,
1612 5741 1661 5781 c.
1699 5730 1791 5790 l3,
1828 5747 1878 5798 p.
1909 5732 2018 5786 (215

1079 5801 1241 5864 Ibid.,
1272 5816 1323 5869 p.
1355 5802 1478 5856 765.
1554 5803 1596 5832 ¹⁹
1635 5799 1767 5857 lllid.
1793 5841 1806 5866 ,
1853 5819 1903 5872 p.
1943 5803 2066 5860 755.

1839 1863 2204 1929 gregationem
2237 1861 2467 1930 appello.
2501 1881 2520 1914 ι
2553 1860 2717 1926 llujus
2749 1871 2928 1914 autem
2951 1901 2963 1923 ,
2993 1877 3116 1931 quze
3144 1880 3270 1919 vere
3293 1860 3398 1918 Dei

1839 1933 2098 2000 templum
2127 1943 2240 1994 est,
2275 1933 2757 2002 tresipotissimum
2785 1933 3025 2002 assignat
3057 1943 3244 1994 notas,
3280 1937 3401 2002 qui-

1837 2002 1939 2056 bus
1973 2003 2041 2053 ah
2074 2001 2326 2054 omnibus
2356 2001 2481 2054 aliis
2511 2001 3028 2069 congregationibus
3065 2001 3401 2060 manifestis-

1837 2073 1975 2126 sime
2005 2071 2358 2124 discernitur.
2394 2070 2570 2124 Primo
2598 2072 2740 2123 enim
2764 2109 2779 2132 ,
2810 2070 2901 2124 illa
2926 2083 3008 2126 est
3033 2075 3275 2128 omnium
3302 2091 3400 2130 an-

1839 2141 2180 2210 tiquissima,
2239 2151 2403 2210 atque
2443 2141 2696 2194 omnibus
2752 2141 3052 2210 literesibns
3103 2147 3392 2200 vetustior.

1839 2209 2094 2266 Secundo
2114 2211 2182 2274 ⁸⁷,
2227 2209 2324 2264 illa
2359 2210 2501 2264 sicut
2539 2211 2772 2279 ipsemet
2807 2209 2969 2273 Deus,
3003 2228 3106 2265 una
3137 2227 3238 2275 est,
3275 2217 3393 2270 ﬁdei

1837 2282 2084 2345 scilicet,
2133 2291 2187 2335 et
2239 2281 2498 2335 doctrinae
2538 2282 2591 2333 in
2634 2280 2805 2334 sacris
2850 2281 3146 2350 Scripturis
3189 2286 3402 2339 traditae

1839 2354 2081 2412 unitate.
2115 2365 2275 2420 quam
2323 2350 2482 2404 nulla:
2522 2365 2760 2420 unquam
2809 2350 3044 2405 hazreses
3088 2355 3398 2410 discindere

1838 2431 1894 2475 et
1943 2419 2272 2498 labefactare
2338 2419 2918 2498 potuerunt.__Tertio,
2971 2424 3398 2498 est_xa007ittc1';,

1845 2493 2157 2564 «catholica
2179 2530 2195 2555 ,
2226 2509 2244 2542 ι
2265 2506 2358 2545 seu
2393 2490 2747 2564 universalis,
2780 2507 2901 2558 quae
2933 2508 3036 2564 non
3070 2492 3124 2547 in
3169 2490 3398 2564 quibus-

1839 2563 1962 2614 dam
2010 2571 2220 2614 tantum
2266 2572 2422 2615 terra:
2463 2561 2738 2626 partibus,
2782 2561 3241 2630 quemadmodum
3289 2567 3402 2620 siu-

1837 2631 1975 2699 gula:
2013 2631 2280 2696 haereses,
2313 2631 2405 2684 sed
2437 2645 2535 2696 per
2565 2639 2733 2684 totum
2779 2633 2961 2684 mundi
3000 2635 3186 2688 orbem
3221 2637 3399 2692 disse-

1841 2701 2066 2772 minata,
2104 2699 2816 2772 hominessecundutnDei
2852 2704 3188 2771 propositum
3224 2707 3402 2772 justos

1838 2770 2235 2842 complectitur.
2285 2769 2411 2842 Sola
2464 2770 2630 2836 igitur
2677 2770 2762 2842 illa
2809 2769 3069 2842 vera‘est
3114 2769 3397 2842 Ecclesia,

1837 2855 2001 2908 quam
2029 2839 2278 2894 Clemens
2305 2841 2446 2892 hunc
2475 2850 2659 2906 postea
2692 2841 2743 2892 in
2773 2841 2990 2896 modum
3019 2845 3283 2900 describit
3305 2847 3351 2879 ³⁸
3381 2839 3394 2901 ἐ

1843 2927 1861 2960 t
1893 2910 1959 2962 Et
1989 2910 2291 2984 substantia
2327 2924 2458 2984 ergo
2477 2949 2490 2973 ,
2523 2921 2577 2961 et
2604 2910 2935 2984 cogitatione
2959 2953 2974 2972 ,
3006 2923 3062 2966 et
3090 2916 3357 2984 principio
3382 2959 3397 2980 ,

1836 2989 1892 3053 e_t
1923 2979 2247 3053 excellentia
2271 2979 2442 3053 solam
2478 2994 2597 3033 esse
2631 2981 2863 3035 dicimus
2906 2979 3186 3053 antiquam
3214 2979 3282 3040 ct'
3304 2979 3397 3040 caé

1839 3049 2094 3104 tholicatn
2127 3050 2423 3125 Ecclesiam
2468 3053 2520 3103 iu
2567 3053 2826 3125 unitatem
2855 3049 3234 3125 unius—ﬁdei,
3279 3072 3400 3125 quae

1837 3130 1922 3174 est
1968 3136 2032 3174 ex
2079 3121 2315 3190 propriis
2357 3121 2731 3186 testamentis,
2787 3122 2867 3176 vel
2908 3125 3086 3189 potius
3130 3139 3195 3179 ex
3227 3121 3398 3181 testa-

1840 3200 2060 3266 meut_o,_
2078 3191 2220 3266 quod
2247 3199 2332 3245 est
2360 3207 2523 3244 unum
2551 3190 3170 3266 diversistemporibus,
3200 3197 3251 3249 in
3278 3199 3399 3266 qui-

1837 3261 1935 3314 bus
1968 3260 2062 3314 Dei
2096 3260 2393 3336 ‘voluntate
2441 3275 2536 3329 per
2572 3275 2745 3336 unum
2787 3261 3069 3317 Dominum
3101 3260 3402 3336 congregat

1835 3345 1966 3394 eos,
2015 3332 2107 3398 qui
2155 3340 2282 3384 sunt
2332 3329 2445 3397 jam
2486 3331 2753 3401 ordinati,
2800 3348 2940 3400 quos
2988 3329 3399 3401 prmdest'inaidt

1838 3401 2015 3462 Deus,
2070 3417 2193 3454 cum
2239 3416 2336 3454 eos
2382 3400 2826 3471 justosgluturos
2874 3400 3211 3471 cognovisset
3267 3416 3395 3461 ante

1837 3471 2018 3523 ttmndi
2045 3469 2543 3526 constitutioneth
2563 3469 2697 3522 'l‘um
2727 3487 2856 3526 vero
2882 3469 3226 3530 continenter
3253 3479 3398 3532 illius

1835 3539 2214 3594 excellentiam
2256 3542 2736 3610 prtestantiatnque
2768 3544 2837 3594 ab
2875 3545 2974 3597 hac
3005 3547 3213 3601 unitate
3245 3563 3399 3602 com-

1837 3611 2057 3685 mendat
2082 3628 2144 3685 τ’(
2170 3609 2471 3685 Cancrum,
2500 3611 2674 3679 inquit
2695 3650 2710 3672 ,
2739 3611 2993 3685 Ecclesiae
3020 3631 3233 3685 quoque
3259 3620 3396 3672 emi-

1836 3681 2014 3734 nentia
2036 3719 2052 3740 ,
2080 3681 2221 3735 sicut
2245 3681 2572 3748 principiqu
2599 3681 3049 3743 constructiouis.
3073 3681 3249 3742 estex
3277 3693 3399 3741 uni-

1840 3760 1949 3803 tate
1970 3790 1986 3811 ,
2013 3750 2192 3803 omnia
2227 3751 2331 3803 alia
2361 3765 2658 3818 superans,
2690 3761 2744 3804 et
2777 3753 2910 3806 nihil
2942 3754 3156 3812 habens
3185 3759 3282 3812 sibi
3317 3759 3396 3811 si-

1838 3819 1963 3872 mile
1982 3860 1996 3883 ,
2022 3821 2106 3874 vel
2131 3821 2356 3888 aequale.
2382 3839 2400 3871 »
2428 3820 2576 3874 Verte
2613 3837 2776 3888 porro
2805 3823 3066 3878 Ecclesia!
3092 3829 3188 3881 has
3214 3839 3395 3883 certas

1837 3906 1901 3942 ac
1931 3892 2150 3942 tninime
2196 3890 2390 3965 dubias
2431 3906 2568 3965 esse
2594 3900 2749 3945 notas
2771 3932 2786 3954 ,
2821 3909 2884 3946 ac
2918 3899 3168 3962 proprios
3199 3900 3393 3965 genui-

1839 3975 2046 4027 nosque
2078 3974 2198 4012 esse
2235 3961 2416 4023 illius,
2458 3961 2658 4028 quibus
2701 3979 2730 4013 a
2779 3961 2992 4017 caateiis
3026 3961 3155 4018 aliis
3201 3961 3396 4021 distino

1836 4032 2044 4095 guitnr,
2076 4031 2424 4083 characteres
2446 4068 2462 4091 ,
2507 4045 2574 4083 eo
2618 4031 2871 4085 Clemens
2909 4045 3096 4088 noster
3124 4035 3396 4091 efﬁcacius

1837 4100 2062 4164 probat,
2093 4114 2200 4166 quo
2230 4099 2428 4152 clarius
2456 4115 2517 4153 ea
2555 4103 2732 4152 omnia
2769 4102 2902 4153 nulli
2935 4106 3146 4169 penitus
3177 4107 3396 4161 mureti-

1837 4183 2025 4222 corum
2060 4179 2224 4221 secta:
2265 4172 2561 4222 convenire
2611 4171 2809 4223 ibidem
2852 4177 3112 4228 ostendit.
3150 4177 3216 4230 Et
3261 4193 3395 4230 vero

1836 4253 1996 4304 quam
2026 4237 2221 4290 validis
2249 4239 2333 4291 ille
2359 4239 2694 4307 argumentis
2723 4254 2910 4294 omnes
2933 4243 3165 4300 Increses
3191 4257 3246 4300 et
3279 4247 3390 4299 bte-

1839 4308 2039 4362 reticos
2067 4309 2180 4376 ipsa
2211 4323 2334 4361 vera
2369 4308 2610 4361 Ecclesia
2647 4311 2981 4366 recentiores
3009 4329 3132 4370 esse
3163 4319 3391 4370 convin-

1839 4386 1964 4443 cat,
1996 4377 2136 4431 infra
2169 4392 2198 4430 a
2231 4377 2385 4432 nobis
2414 4380 2899 4436 detuonstrabitur.

1913 4447 2296 4525 Dnum‘itaque
2322 4449 2582 4525 duntaxat
2611 4449 3044 4525 hicadjiciamus
3063 4495 3078 4516 ,
3107 4457 3248 4524 quod
3276 4458 3393 4525 ipse

1833 4518 2057 4571 tradidit
2087 4520 2157 4579 ",
2190 4533 2287 4570 nos
2315 4535 2334 4566 ι
2364 4532 2459 4584 per
2490 4519 2635 4585 ipsas
2684 4520 2996 4589 Scripturas
3039 4518 3250 4581 discere
3295 4518 3392 4580 ile-

1831 4589 2189 4641 monstrative
2218 4590 2488 4660 quomodo
2519 4591 2682 4657 lapsa:
2714 4601 2840 4644 sttnt
2871 4596 3108 4650 haereses
3127 4635 3143 4660 ,
3170 4608 3224 4649 et
3259 4612 3390 4649 cou-

1832 4668 1913 4735 tra
1952 4661 2234 4735 quomodo
2257 4661 2308 4711 in
2351 4659 2466 4712 sola
2502 4662 2750 4735 veritate
2785 4671 2840 4735 et
2871 4659 3389 4735 antiquarlicclesia

1829 4727 1902 4803 sit
1933 4727 2594 4803 perfectissimaAcognitip
2624 4749 2638 4784 :
2673 4749 2691 4782 ι
2720 4733 2796 4786 Δι’
2822 4734 2999 4787 αὐτῶν
3021 4727 3138 4788 ’τῶν
3164 4736 3394 4803 Γραφῶν

1829 4796 2189 4875 ὲιεμαγθᾴνειν
2226 4796 2651 4875 ᾁςποδειιξξτικῶς,
2689 4802 2836 4865 ὅπως
2882 4805 2979 4874 μὲν
3006 4796 3395 4875 ἀπεσφάληοιαν

1829 4869 1886 4946 αξ
1927 4869 2204 4946 ᾳίρέᾳειὶ,
2248 4871 2397 4946 οπως
2522 4872 2614 4946 και
2645 4875 2703 4924 ὲν
2732 4869 2966 4946 prima?)
3009 4869 3396 4946 ἁληθέίᾳ-ίκαὶ

1915 4939 2424 5014 ἀρχαίᾳἙκκληοςίᾳ
2444 4943 2476 5010 ἦ
2500 4958 2559 4993 τε
2586 4939 2965 5014 ἀκριϐεστᾶτή
2981 4939 3392 5012 γνῶὰιςίνὶιιιξε

1827 5008 1991 5077 igitur
2023 5008 2575 5084 quotuodoCletnens
2611 5008 2818 5080 repetat
2848 5025 2902 5068 et
2937 5008 3169 5069 inculcet
3197 5017 3390 5084 pracci-

1827 5093 1992 5152 puant
2018 5094 2161 5133 vera:
2193 5079 2452 5152 Ecclesia?
2481 5079 2818 5137 notatnesse
2854 5084 3000 5139 illius
3031 5100 3144 5152 prae
3172 5079 3391 5140 caeteris

1829 5148 2078 5220 omnibus
2130 5151 2292 5202 sectis
2329 5150 2739 5220 antiquitatem.
2791 5155 2860 5206 At
2917 5148 3105 5208 sedulo
3165 5156 3393 5220 insuper

1829 5219 2231 5288 animadvertas
2261 5219 2420 5272 velim
2447 5236 2605 5288 quam
2635 5223 2836 5276 diserte
2876 5224 2963 5277 ille
3004 5219 3303 5280 asscveret’
3323 5240 3391 5280 ex

1831 5285 2129 5356 Scripturis
2175 5291 2346 5343 sacris
2393 5285 2543 5343 certo
2599 5301 2654 5344 et
2706 5295 2986 5347 evidenter
3027 5296 3390 5348 denmnstrari

1829 5359 1920 5425 qui
1952 5360 2061 5412 sint
2095 5359 2468 5412 haereticorum
2501 5375 2717 5414 errores
2739 5403 2754 5423 ,
2786 5373 2839 5415 et
2890 5365 2942 5416 in
2993 5367 3104 5416 sola
3151 5365 3389 5418 veritate

1827 5439 1884 5507 et
1913 5429 2133 5496 antiqua
2170 5429 2408 5484 Ecclesia
2441 5427 2888 5498 perfectissimam
2935 5436 3159 5503 reperiri
3197 5438 3385 5503 cogni-

1831 5507 2052 5552 tionem.

2502 5664 2544 5695 ιι
2586 5663 2718 5736 ιωιι.
2746 5705 2760 5729 ,
2797 5681 2848 5736 ν.
2879 5665 3005 5720 275.

3101 5670 3145 5700 η
3184 5667 3304 5722 Lib.
3335 5673 3394 5737 ν,

2114 5736 2162 5766 ’⁸
2200 5737 2331 5806 Sup.
2368 5755 2415 5790 ι’.
2451 5735 2514 5800 4,
2551 5745 2652 5788 art.
2684 5735 2738 5789 ‘2.

2835 5737 2878 5768 “
2919 5737 3122 5793 Strom.
3155 5739 3250 5796 lib.
3284 5753 3400 5806 Vn.
