3846 6592
166 379 282 439 HIS

1347 379 1435 433 DE
1475 377 1697 433 LIBRIS
1730 375 2100 432 ΞΤΒΟΜΑΤΙῙ
2108 376 2178 435 Μ.

3245 379 3384 436 HH-

163 513 236 560 rat
262 517 374 556 esse
408 501 577 556 animi
640 503 1098 572 perturbationes,
1129 518 1308 573 neque
1341 503 1586 557 eamdem
1628 511 1716 555 at-
1747 506 1791 561 Α
1819 500 1955 569 pbos
1988 499 2219 573 primum
2247 499 2498 573 Clemens
2551 503 2776 573 corripit
2807 502 2872 566 ⁸⁸,
2899 503 2988 571 qui
3021 521 3039 555 ι
3078 502 3379 558 fabulosum

163 590 253 644 que
293 573 340 625 in
390 573 704 627 hominilms
766 575 1195 637 continentiam,
1261 575 1354 628 sed
1409 574 1716 628 misericor-

166 647 286 698 ιιι-μη
333 652 510 697 tamen
553 644 800 714 proprie,
846 656 902 698 et
941 644 1041 715 ipsi
1093 645 1192 698 soli
1235 646 1555 714 sapientiam
1587 658 1716 699 con-

165 727 354 767 ventre.

225 781 461 850 Supremi
490 793 672 836 antem
705 783 796 837 Dei
838 798 942 836 non
976 783 1147 838 solum
1181 783 1527 852 incorporea,
1560 794 1617 836 ιιι
1639 784 1712 836 ait

166 855 389 908 Clemens
410 852 482 916 “,
517 865 601 908 est
651 862 877 923 natura:
934 856 1027 907 sed
1081 855 1170 908 ille
1219 869 1434 922 quoque
1470 873 1489 904 ι
1521 870 1714 923 expers

169 924 416 991 principii,
440 923 699 994 ἄναρχος.
733 921 1052 991 perfectum,
1078 936 1134 978 et
1161 921 1309 978 omni
1349 939 1411 977 ex
1441 921 1602 994 parte
1627 926 1714 977 ab-

163 995 373 1048 solutum
395 993 778 1047 universorum
809 995 1158 1060 principium,
1177 994 1424 1063 principii
1449 993 1710 1057 eﬂit-iens,

164 1077 204 1117 et
230 1074 485 1133 quatenus
512 1066 728 1130 quidem
767 1075 849 1117 est
893 1066 1148 1127 essentia,
1181 1064 1361 1127 οὐσία,
1393 1076 1475 1119 est
1515 1066 1714 1132 princi-

166 1135 285 1202 pium
316 1133 413 1187 loci
452 1134 770 1198 efficientis;
821 1147 1085 1203 quatenus
1137 1147 1319 1189 autem
1363 1145 1446 1188 est
1485 1137 1710 1198 bonmn,

166 1204 390 1269 moralis;
419 1215 691 1269 quatenus
720 1215 899 1258 autem
935 1221 1124 1259 rursus
1151 1216 1233 1259 est
1285 1220 1458 1265 mens.
1492 1206 1712 1258 ratioci-

166 1275 318 1328 nantis
348 1275 473 1335 loci,
526 1283 582 1328 et
622 1274 939 1343 judicantis-
967 1274 1150 1339 Neque
1200 1276 1370 1336 enim,
1414 1293 1435 1327 ι
1475 1285 1530 1328 ιιι
1580 1277 1708 1330 alibi

165 1346 279 1398 idem
323 1355 511 1397 ant-tor
548 1355 736 1399 noster
793 1346 1033 1414 loquitur
1063 1348 1130 1411 ⁸ο,
1187 1365 1206 1397 ι
1259 1346 1416 1412 hujus
1443 1347 1586 1412 quod
1624 1357 1710 1400 est

165 1429 262 1467 esse
284 1413 586 1475 domiumu.
616 1425 671 1468 et
702 1413 898 1468 bonum
935 1418 1260 1484 principium
1297 1419 1510 1484 accepit
1539 1417 1705 1479 Deus,

163 1485 234 1551 qui
261 1495 339 1538 est
367 1500 584 1550 semper
621 1485 671 1539 id
721 1487 862 1553 quod
897 1497 1002 1540 est.
1043 1507 1062 1539 ›
1103 1486 1236 1540 llinc
1267 1486 1354 1540 ille
1382 1496 1573 1540 contra
1607 1502 1707 1554 pa-

163 1571 390 1620 gannt‘unt
418 1555 904 1621 ltmreticoruntque
944 1557 1222 1610 hominum
1265 1570 1483 1610 errores
1509 1559 1710 1623 saepius

161 1626 370 1678 ostendit
405 1626 574 1677 Deum
612 1641 776 1678 ttnutu
823 1641 967 1692 esse,
999 1638 1047 1680 et
1080 1627 1321 1680 omnium
1353 1637 1654 1680 creatorem
1689 1645 1704 1681 :

159 1711 258 1746 eum
294 1712 312 1745 ι
343 1696 544 1763 ubique
572 1695 788 1753 adesse.
814 1712 917 1749 non
948 1708 1132 1752 autem
1165 1697 1330 1751 Certis
1358 1713 1424 1750 ac
1463 1697 1705 1751 definitis

158 1765 267 1818 locis
325 1767 667 1823 conclusum.
729 1766 882 1818 illum
941 1769 1128 1822 omnia
1188 1768 1330 1821 scire
1375 1777 1428 1820 ct
1491 1768 1700 1830 audire,

157 1847 198 1886 et
214 1851 308 1919 pec
347 1852 536 1890 vacem
565 1836 763 1917 solum,
798 1838 888 1888 sed
932 1839 1095 1919 etiam
1148 1837 1536 1917 cogitationem
1567 1837 1636 1890 ⁵⁸.
1679 1856 1698 1888 ο
1734 1864 1777 1919 Β

214 1905 344 1958 Illius
371 1916 558 1958 autem
589 1908 1060 1975 omnipotentiam,
1099 1920 1263 1972 atque.
1281 1909 1522 1960 omnium
1559 1923 1697 1976 quo-

153 1991 239 2044 que
266 1992 450 2030 curam
477 1987 531 2027 et
552 1978 952 2043 providentiam
982 1995 1085 2032 non
1119 1979 1290 2032 solum
1328 1978 1550 2031 invictis
1578 1979 1699 2032 Cle-

155 2061 281 2099 mens
309 2051 857 2116 nosterargttmentis
888 2051 1228 2102 demonstrat
1253 2048 1299 2078 ⁸⁸
1325 2065 1339 2113 ;
1393 2049 1488 2102 sed
1527 2064 1696 2116 paga-

155 2117 221 2167 nis
241 2131 452 2184 quoque
503 2115 855 2170 Hebraeorum
903 2119 1298 2173 consuetudine
1341 2115 1551 2172 eductis
1578 2115 1699 2172 eam

151 2190 392 2254 cognitam
425 2189 599 2239 fuisse
636 2193 850 2241 asserit.
879 2188 1018 2252 Quid
1066 2205 1213 2250 vero,
1252 2191 1394 2248 quod
1463 2191 1561 2242 hac
1605 2189 1694 2241 Dei

152 2257 460 2325 providentia
502 2275 521 2308 ι
555 2256 789 2318 sublata,
816 2277 836 2309 ι
869 2259 1101 2320 videtur,
1141 2260 1315 2325 inquit
1348 2258 1438 2311 ille
1466 2259 1533 2317 ⁵³.
1565 2280 1582 2310 ‹
1618 2259 1698 2310 fa-

150 2324 268 2400 l_mla_
299 2325 619 2400 Set-ratoris
659 2329 999 2400 (eeouomia?
1059 2348 1078 2382 ι
1129 2324 1380 2399 Μῦθοςή
1433 2330 1560 2400 περὶ
1607 2329 1697 2383 τὸν

148 2394 344 2468 Σωῖῆρα
371 2397 657 2468 οἰκονομία
691 2398 957 2466 φαίνεται.

203 2465 412 2521 Etet-na
443 2465 612 2535 porro
640 2465 724 2521 est
753 2470 864 2534 Dei,
893 2472 1028 2523 sicut
1066 2468 1298 2536 iustitia,
1347 2469 1420 2522 ita
1444 2479 1499 2523 et
1523 2470 1685 2524 bene-

148 2535 366 2608 ficentia;
401 2540 603 2607 quippe
646 2559 663 2589 ι
696 2540 783 2608 qtti
835 2556 936 2592 non
971 2535 1208 2594 cessabit
1234 2554 1472 2605 unquam
1532 2542 1694 2594 bene-

146 2607 317 2661 facere.
368 2628 384 2661 ι
436 2608 623 2675 Neque
657 2607 758 2663 sibi
817 2609 1069 2665 Clemens
1117 2611 1246 2662 sinit
1297 2611 1452 2675 objici
1501 2609 1690 2675 Deum,

147 2681 315 2732 tnttndo
351 2681 601 2742 condito,
637 2681 705 2731 ab
749 2683 914 2740 omni.
957 2682 1033 2733 ttti
1093 2681 1353 2742 scriptum
1404 2691 1506 2736 est.
1539 2681 1694 2748 quie—

143 2751 259 2838 viss:
286 2765 448 2818 opere
470 2751 520 2781 ⁸*
560 2799 565 2802 .
621 2750 852 2817 Ἄγαϐος
884 2750 992 2838 γὰρ
1033 2750 1130 2811 ὢν,
1165 2751 1214 2834 ενι
1248 2749 1514 2835 natiue-cati
1559 2769 1690 2838 ποιεῖ.

141 2819 484 2892 ἀγαθοεργῶν,
515 2822 613 2874 καὶ
639 2822 733 2874 τοῦ
762 2822 894 2886 Θεὸς
926 2819 1064 2876 εἶναι.
1095 2820 1379 2874 παύσεται·
1403 2823 1537 2892 ὅπερ
1570 2822 1690 2874 οὐδὲ

141 2892 286 2943 εὲπεῖν
318 2892 497 2962 θέμις·
538 2915 556 2942 ι
598 2892 730 2945 Nam
757 2908 878 2945 cum
907 2895 976 2946 sit
1006 2896 1195 2956 bonus,
1241 2893 1284 2944 si
1333 2894 1558 2945 cessarit
1590 2909 1691 2945 un-

140 2976 273 3034 quam
299 2963 651 3034 benefacere,
686 2965 822 3016 Deus
848 2978 1062 3034 quoque
1081 2978 1202 3018 esse
1240 2963 1507 3028 cessabit;
1541 2964 1684 3032 quod

139 3032 264 3083 nefas
291 3048 369 3086 est
398 3033 585 3087 dicere
619 3035 689 3088 ⁸⁵.
729 3053 748 3084 ι

192 3101 427 3157 Clemens
467 3103 650 3156 adhuc
702 3105 860 3158 docet
903 3104 951 3136 “
993 3118 1116 3158 esse
1148 3116 1311 3156 unam
1340 3111 1548 3155 tantum
1582 3102 1685 3156 Ec-

139 3170 327 3226 clesium
378 3173 733 3237 catholicam,
791 3191 913 3242 qua:
955 3193 975 3227 ‹
1035 3190 1129 3243 per
1184 3187 1348 3225 ttuutn
1399 3172 1682 3226 Dominum

139 3221 584 3308 grassata;
598 3221 733 3313 'aai'
765 3221 1347 3313 gstitat.(sanant;
1380 3221 1682 3312 mssa:
1711 3221 1754 3278 C

140 3315 404 3366 destinavit
433 3315 602 3377 Dens,
636 3332 760 3368 cum
786 3315 1072 3381 eosjustos
1107 3314 1318 3366 futuros
1343 3316 1684 3380 cognovisset

137 3395 238 3436 ante
264 3384 446 3437 nmmli
479 3386 932 3439 constitutionem
961 3385 1029 3437 ⁸⁷.
1069 3403 1089 3436 ι
1125 3384 1200 3436 Δι’
1229 3383 1450 3454 ὲνὸςτοῦ
1477 3384 1682 3454 Κυρίου

138 3455 455 3526 συνάγουσαν
481 3455 614 3517 τοὺς
646 3456 748 3526 ἤδη
787 3455 1288 3525 κατατεταγμένους
1320 3453 1419 3526 οὓς
1451 3453 1686 3526 προώρι-

137 3539 206 3596 σεν
228 3527 253 3578 ὁ
279 3526 410 3589 Θεὸς
438 3525 687 3589 δικαίους
714 3525 1002 3596 ἐσομένους
1029 3527 1135 3596 πρὸ
1159 3525 1460 3594 καταϐολῆς
1478 3525 1682 3595 κόσμου

135 3595 376 3660 ἐγνωκώς.
415 3597 668 3649 Divinam
705 3595 982 3649 beatorum
1013 3595 1296 3650 hominum
1328 3599 1680 3662 prtedestina-

137 3667 323 3728 tionem,
359 3683 528 3735 quam
561 3667 796 3733 theologi
823 3667 1011 3736 gratia:
1047 3667 1097 3718 in
1130 3668 1382 3734 praesenti
1427 3676 1481 3718 et
1518 3669 1570 3719 in
1598 3665 1682 3718 fu-

136 3744 228 3804 turo
259 3740 444 3804 gloria:
474 3738 934 3804 praeparationem
967 3737 1249 3801 definiunt,
1286 3751 1350 3790 ex
1375 3738 1622 3804 pnevisis
1649 3753 1677 3790 a

135 3802 218 3858 Deo
240 3802 448 3862 illorum
474 3802 699 3860 interitis
729 3809 842 3861 fieri
887 3808 956 3860 ibi
985 3805 1236 3861 Clemens
1283 3802 1468 3860 noster
1501 3808 1676 3874 palam

134 3891 414 3932 asseverare
443 3878 726 3932 nonnullis
773 3877 1064 3931 videbitur.
1113 3877 1217 3930 Sed
1265 3893 1384 3931 cum
1423 3877 1512 3931 ille
1542 3878 1682 3929 divi-

133 3959 195 3998 na:
219 3951 399 4016 gratiae
425 3949 496 4001 ad
530 3951 674 4000 bona
709 3962 870 4014 opera
905 3947 1140 4016 agenda,
1177 3957 1234 3999 ut
1285 3946 1424 4001 infra
1475 3947 1682 3999 videbi-

133 4030 245 4077 mus.
271 4019 668 4074 necessitatem
704 4016 1145 4072 manifestissime
1183 4019 1422 4072 stabiliat
1461 4027 1516 4070 et
1555 4033 1681 4082 pro-

130 4099 294 4158 pngnet
315 4105 330 4147 ι
354 4090 489 4158 quid
530 4098 681 4142 vetat
707 4090 998 4156 quominus
1022 4088 1087 4140 de
1115 4103 1177 4140 ea
1204 4088 1674 4158 praadestinatione

131 4155 245 4225 loqui
271 4155 516 4222 dicitur,
559 4173 666 4226 qua
725 4155 864 4212 Deus
896 4158 1142 4212 homines
1175 4155 1279 4211 non
1313 4173 1377 4210 ex
1423 4156 1535 4210 suis
1567 4173 1679 4209 tue-

130 4227 241 4294 ritis,
269 4232 359 4284 sed
387 4229 596 4285 divinae
635 4245 746 4283 sure
784 4231 973 4296 gratiae
1017 4229 1218 4281 auxilio
1259 4228 1435 4296 justos
1467 4227 1676 4280 futuros

128 4299 176 4349 ad
218 4312 474 4354 aeternam
531 4301 780 4354 cmlestis
825 4299 1010 4366 gloriae
1064 4299 1375 4351 felicitatem
1442 4300 1675 4364 gratuito

127 4369 480 4432 pta-destinat?
512 4373 584 4424 At
620 4388 647 4422 a
698 4384 823 4421 vero
874 4370 1097 4422 forsitan
1139 4369 1360 4437 propius
1403 4368 1490 4421 ille
1548 4366 1677 4420 abe—

128 4439 661 4509 _rit,quiClelnentem
700 4443 763 4492 de
807 4454 992 4492 eorum
1049 4441 1288 4506 quidem,
1336 4452 1473 4506 quos
1505 4437 1673 4509 Deus

121 4503 265 4572 jnstos
290 4513 507 4564 futuros
529 4510 804 4576 cognovit,
847 4503 1324 4578 pramlesiinati0ue
1354 4503 1538 4577 'loqui,
1571 4507 1666 4560 sed

1819 585 1940 642 esse
1962 571 2272 642 existimant
2300 585 2397 638 per
2429 571 2708 627 hominem
2737 572 2930 628 Filium
2978 574 3069 627 Dei
3122 574 3288 642 loqui,
3324 585 3380 628 et

1820 640 1986 695 Deum
2009 639 2208 713 habere
2241 640 2431 713 filium.
2472 651 2528 696 et
2549 658 2674 697 eum
2706 659 2827 698 esse
2860 657 3075 710 passum
3104 660 3118 710 ;
3153 639 3261 713 quo
3320 645 3378 698 fit

1818 721 1873 766 ut
1904 726 2000 766 sua
2025 711 2299 782 opinionis
2324 713 2646 780 anticipatio
2673 715 2753 766 eis
2789 715 3128 782 persuadeat.
3173 711 3228 768 ut
3271 731 3375 768 non

1816 780 2072 852 credant.
2102 800 2121 852 ι
2149 780 2308 852 Quid,
2337 783 2566 836 obsecro
2589 791 2658 841 te.
2685 780 2887 838 Graecis
2912 784 3015 838 illis
3045 783 3378 852 philosophis

1822 851 1980 922 165
2041 869 2059 900 ι
2099 851 2400 905 fabulosum
2455 870 2475 904 ι
2517 852 2842 908 videbatur?
2891 851 3140 922 Nunquid
3185 851 3375 908 falsum

1815 933 1870 975 et
1906 922 2226 975 incredibile
2277 922 2542 989 putabant
2576 922 2770 977 Filium
2822 923 2913 977 Dei
2949 925 3280 991 adoptivum,
3313 941 3376 979 ac

1817 1008 2022 1064 tut-rum
2050 992 2376 1064 htuuiuemt
2417 994 2810 1064 perhomiuem
2849 993 3028 1062 loqui?
3067 1012 3086 1046 ι
3125 994 3374 1064 Nunquid

1821 1079 1840 1114 ι
1873 1061 2175 1116 fabusolum
2211 1081 2228 1111 ι
2263 1063 2649 1116 existimabant
2682 1082 2701 1113 ι
2732 1063 2898 1117 Deum
2922 1061 3128 1119 habere
3161 1061 3328 1118 filium
3349 1084 3368 1117 ι

1815 1133 2162 1200 adoptivum,
2209 1133 2298 1198 qtti
2350 1148 2476 1202 vere
2519 1149 2708 1202 passus
2767 1144 3118 1202 mortuusque
3179 1134 3378 1188 fuerit?

1815 1202 2036 1255 Minime
2060 1203 2324 1273 gentium.
2357 1200 2490 1272 Ipsis
2523 1200 2671 1273 ergo
2718 1204 3013 1258 absurdum
3034 1200 3043 1202 ’
3065 1207 3279 1273 penitus
3321 1214 3378 1259 et

1813 1272 2243 1324 cotnnrentitittm
2269 1273 2575 1338 videbatur,
2602 1272 2746 1340 quod
2783 1275 3032 1329 Clemens
3068 1272 3378 1342 ica-terique

1813 1342 2108 1414 Christiani
2163 1343 2548 1414 praedicabant,
2588 1344 2678 1397 Dei
2711 1359 2831 1398 esse
2861 1344 3079 1408 Fiiium,
3110 1347 3201 1414 qui
3231 1346 3377 1414 ejus-

1812 1417 1932 1465 dem
1961 1413 2204 1477 omnino,
2243 1413 2401 1481 cujus
2447 1413 2558 1480 ille,
2597 1424 2821 1475 naturte.
2853 1426 2908 1468 et
2936 1431 3076 1471 unus
3125 1413 3374 1482 idemque

1812 1483 1993 1536 acille
2024 1483 2184 1554 Deus,
2229 1493 2416 1554 postea
2470 1486 2628 1538 homo
2675 1484 2871 1547 factus,
2925 1501 3116 1554 passus
3159 1488 3371 1541 tandem

1810 1554 1905 1610 sit,
1936 1563 1991 1606 et
2015 1553 2199 1606 crucis
2234 1553 2501 1621 supplicio
2534 1555 2696 1608 vitam
2729 1555 2948 1609 finierit.

1880 1621 2018 1689 Quid
2051 1638 2180 1690 ergo
2197 1621 2416 1688 mirum,
2448 1625 2492 1677 si
2514 1623 2768 1679 Clemens
2807 1637 2988 1678 noster
3017 1641 3139 1679 eum
3185 1641 3370 1680 vermn

1811 1691 1904 1767 Dei
1935 1692 2128 1767 Filium
2159 1707 2279 1767 esse
2307 1693 2526 1767 dixerit,
2557 1696 2648 1763 qui
2699 1694 3026 1767 ὑπερϐάλλει
3069 1699 3248 1750 πᾶσαν
3279 1697 3376 1750 ἀν-

1810 1761 2088 1834 Θρωπίνην
2124 1762 2306 1834 φύσιν,
2344 1782 2363 1814 ι
2416 1761 2700 1834 humanam
2749 1761 2962 1818 omnem
3002 1779 3250 1821 naturam
3287 1785 3375 1820 stt-

1811 1833 2111 1907 perat......
2139 1833 2206 1907 ἦν
2237 1833 2346 1907 γᾲρ
2385 1833 2446 1907 τὸ
2477 1834 2592 1902 φῶς
2634 1835 2692 1907 τὸ
2743 1835 3010 1904 ἀληθινόν·
3069 1838 3193 1890 Erat
3222 1838 3368 1890 enim

1805 1901 1896 1978 lux
1927 1900 2194 1978 vera..._..'.
2247 1900 2326 1957 οἷδ’
2358 1900 2516 1978 μονοζ
2550 1905 2738 1978 Πατὴρ
2771 1907 2800 1958 ὁ
2835 1900 2986 1972 Θεός,
3019 1909 3179 1978 cujus
3221 1909 3371 1962 sultis

1801 1970 1964 2044 Pater
1992 1988 2077 2027 est
2106 1976 2266 2029 Deus.
2303 1993 2322 2026 ι
2359 1970 2548 2043 Neque
2569 1970 2738 2028 multo
2761 1988 2876 2042 post
2915 1970 2980 2030 τι
3002 1970 3135 2030 Cum
3164 1989 3367 2044 autem,

1799 2043 1977 2116 inquit
2011 2045 2077 2109 “,
2105 2045 2307 2100 dixerit
2349 2062 2363 2098 :
2407 2045 2608 2099 Fidelis
2647 2046 2811 2109 Dens,
2865 2050 3080 2101 cuinam
3131 2043 3370 2116 pronum

1801 2113 1953 2167 tianti
1982 2131 2078 2182 par
2103 2118 2173 2169 sit
2197 2116 2422 2169 credere
2451 2117 2745 2182 significat,
2773 2117 2838 2169 iis
2853 2127 3030 2170 autem
3055 2113 3203 2172 «luela
3217 2130 3370 2173 ratur

1799 2182 2035 2238 Verbum
2069 2186 2184 2239 eius
2222 2203 2234 2237 :
2280 2196 2334 2236 et
2374 2187 2418 2238 is
2462 2185 2624 2238 fuerit
2656 2185 2800 2239 Deus
2848 2188 3019 2241 fidelis
3053 2189 3139 2243 “2
3178 2209 3196 2240 ι
3226 2193 3366 2243 ἀπο-

1797 2253 2121 2330 φαίνξται-ὁὲ
2149 2257 2178 2308 ὁ
2208 2256 2380 2323 Λόγος
2421 2256 2605 2310 αὑτοῦ·
2651 2257 2742 2309 καὶ
2771 2257 2930 2320 αὐτὸς
2964 2258 3029 2311 ἂν
3068 2260 3154 2330 εἴη
3181 2260 3369 2323 πιστὸς

1797 2326 1825 2376 ὁ
1850 2324 2000 2388 Θεός.
2051 2324 2122 2380 lbi
2176 2337 2322 2380 certe
2368 2342 2559 2380 auctor
2591 2339 2774 2380 nuster
2812 2343 3116 2395 supremam
3143 2324 3365 2384 'Cht'isti
3430 2351 3432 2353 ’

1798 2396 2140 2466 divinitatem
2176 2405 2361 2464 aperte
2391 2397 2652 2450 declarat.
2710 2397 2972 2466 Superius
3028 2401 3175 2454 enim
3215 2417 3242 2454 a
3271 2417 3369 2455 nu-

1796 2465 1881 2539 bis
1919 2467 2267 2539 observatum
2298 2477 2383 2521 est
2416 2469 2457 2539 εξ
2501 2469 2673 2539 ipsum
2693 2465 2956 2539 docuisse
2998 2472 3212 2539 quoties
3235 2474 3369 2524 arti-

1797 2537 1952 2590 culus
1979 2535 2007 2588 ὁ
2036 2547 2160 2590 ante
2191 2553 2384 2591 nomen
2422 2537 2552 2601 Θεός
2578 2537 2817 2604 ponitur,
2877 2535 3036 2596 toties
3074 2557 3258 2596 verum
3311 2552 3366 2596 et

1795 2620 2064 2659 summum
2103 2606 2270 2660 Deum
2298 2608 2617 2674 significari.

1863 2676 2124 2730 Eamdem
2156 2681 2398 2747 profecto
2426 2681 2496 2732 ob
2525 2695 2743 2733 causam
2787 2696 2908 2734 cum
2940 2681 3221 2737 Platonem
3261 2682 3366 2736 diis

1794 2749 2121 2821 credendum
2172 2763 2294 2802 esse
2345 2749 2614 2821 dicentem
2659 2752 2992 2817 induxisset,
3041 2753 3156 2821 ipse
3191 2755 3364 2806 multo

1791 2817 1988 2892 potiori
2025 2816 2460 2892 jurgcqntendit
2495 2822 2636 2873 veris
2675 2821 2765 2873 Dei
2803 2816 3102 2891 pr0phetis,
3158 2839 3222 2876 ac
3268 2839 3366 2892 po-

1795 2888 2061 2940 tissimum
2116 2888 2334 2944 Christo
2401 2890 2558 2943 fidem
2603 2888 2948 2948 habendam}
3006 2913 3023 2944 ι
3089 2910 3209 2945 cum
3269 2888 3363 2957 sit,

1793 2957 2095 3037 inquit“?!
2153 2973 2315 3037 verus
2371 2959 2462 3013 Dei
2518 2959 2725 3037 Filius,
2793 2981 2811 3013 ι
2869 2962 2996 3037 Υξὸν
3039 2962 3365 3037 ὅνταᾷγνή-

1791 3043 1923 3098 οιον.
1956 3025 2108 3080 Nulla
2139 3029 2282 3098 enim
2303 3039 2548 3083 creatura
2585 3030 2868 3098 nullusque
2907 3034 3171 3087 duntaxat
3201 3025 3362 3086 homo

1789 3097 1894 3172 dici
1927 3113 2088 3172 verus
2114 3099 2206 3152 Dei
2234 3097 2684 3172 F‘lliUSLXVﬁGLO;
2725 3097 2873 3164 Υἱός,
2915 3114 3122 3172 potest;
3180 3106 3274 3158 sed
3315 3104 3362 3157 is

1789 3168 1956 3243 solus,
1985 3168 2223 3238 quicum
2268 3170 2383 3243 Deo
2423 3168 2584 3224 Patre
2622 3189 2760 3227 unus
2817 3168 3169 3243 ejusdemque
3232 3175 3358 3229 sub-

1787 3239 2000 3290 stantia:
2026 3248 2078 3291 et
2107 3249 2314 3292 natura:
2341 3240 2430 3292 sit.

1861 3309 2028 3375 Hujus
2055 3324 2217 3377 porro
2241 3312 2348 3364 veri
2381 3309 2502 3363 Filii
2539 3310 2652 3374 Dei,
2676 3310 2880 3366 Christi
2915 3312 3150 3375 Domini,
3179 3316 3359 3366 omni-

1787 3389 2063 3452 potentem
2088 3380 2221 3452 dicit
2245 3396 2370 3452 esse
2433 3378 2763 3452 \olurutatem
2789 3413 2804 3437 ι
2845 3399 2952 3452 qua
2987 3385 3037 3437 iu
3078 3385 3357 3438 hominum

1785 3450 1950 3502 corda
1981 3451 2381 3524 introspiciens,
2412 3451 2745 3524 occultiores
2773 3450 2963 3507 eorum
2995 3456 3358 3524 cogitationes

1786 3520 2145 3594 cognoscitet
2175 3523 2454 3594 intuetur:
2493 3538 2513 3571 ι
2543 3520 2735 3594 Justis,
2769 3525 2946 3594 inquit
2969 3524 3040 3587 ⁸³.
3064 3520 3358 3594 appmpiu-

1785 3591 2216 3664 quatrDomiuus,
2244 3601 2299 3645 et
2324 3591 2454 3664 nihil
2481 3607 2603 3647 eum
2638 3593 2770 3647 latet
2801 3591 2861 3648 ei
2911 3591 3115 3650 nostris
3135 3591 3359 3664 cogita-

1786 3659 2045 3730 tionibus,
2084 3671 2140 3714 et
2183 3677 2317 3730 quas
2356 3662 2588 3718 facimus
2633 3664 2815 3718 animo
2857 3659 3354 3721 tlissertztti0ttibtts.

1785 3727 2070 3785 Dominum
2103 3727 2287 3787 Jesttm
2330 3735 2472 3804 dico,
2509 3736 2600 3803 qui
2640 3736 2992 3804 omnipotenti
3037 3754 3134 3790 sua
3167 3737 3356 3788 volun-

1785 3810 1894 3876 tate
1924 3804 2084 3876 corda
2117 3816 2302 3876 nostra
2334 3803 2596 3876 intuetur.
2641 3823 2658 3856 ι
2704 3803 2864 3866 Audi,
2915 3823 3120 3876 quaaso,
3168 3805 3355 3876 Grzeea

1783 3869 1926 3924 illius
1972 3873 2136 3925 verba
2184 3873 2604 3948 :_Tb_v_Ktiptov
2663 3876 2867 3948 Ἰησοῦν
2921 3869 3082 3947 ὶῖέγω·
3111 3869 3359 3948 eam}

1781 3943 2263 4019 navtoxpa'roptxtip
2309 3943 2571 4016 θελήματι
2628 3943 2921 4002 ὲπίὸ-κοπον
2978 3943 3077 4018 ’ἑῆς
3128 3943 3358 4019 καρδεαξ

1780 4012 1953 4086 quo»).
1990 4012 2352 4086 Qttis'aut'etn,
2385 4012 2576 4070 utitattt)
2603 4029 2674 4081 te,
2705 4034 2802 4072 sua
2853 4012 3216 4086 omnipotenti
3256 4012 3352 4070 voé

1779 4080 1985 4156 luntate
2016 4085 2180 4156 corda
2212 4096 2399 4138 nostra
2429 4099 2834 4156 perscrutatur,
2864 4091 2968 4144 nisi
3003 4080 3148 4143 solus
3173 4104 3360 4142 verus-

1779 4167 1884 4219 qtte
1912 4154 2049 4205 Deus
2071 4153 2094 4206 ?

1845 4222 1956 4296 Sed
1992 4239 2113 4291 age,
2143 4231 2199 4277 et
2227 4223 2507 4280 videamus
2539 4230 2812 4296 quomodo
2842 4229 3088 4284 eamdem
3131 4227 3273 4282 illius
3301 4236 3356 4283 et

1777 4293 2074 4369 voluntatis
2103 4302 2158 4369 et
2194 4298 2479 4362 potestatis
2523 4293 2994 4369 ointtipotentiatn,
3039 4315 3103 4353 ac
3155 4313 3354 4369 supre-

1778 4378 1919 4415 mam
1961 4364 2301 4417 dtvinitatetn
2355 4383 2542 4421 rursus
2585 4364 2796 4423 astrttat
2848 4381 2899 4424 et
2961 4371 3196 4422 vindicet
3225 4364 3284 4400 ’δ”
3336 4386 3353 4424 :

1787 4434 1844 4512 :0
1872 4433 1979 4503 γὰρ
2009 4433 2102 4486 τοῦ
2124 4433 2334 4512 ματρὸς
2353 4437 2623 4512 save).wa
2655 4440 2844 4509 Λόγος,
2878 4442 2976 4512 οὐχ
3015 4435 3164 4503 οὗτὸς
3207 4439 3357 4512 ἐστιν

1776 4507 1804 4557 ὁ
1835 4505 2202 4588 ίιτξιρφοριξςρς,
2244 4505 2403 4588 sociat
2436 4508 2492 4588 δὲ
2529 4511 2622 4563 καὶ
2653 4505 2976 4588 χρήοτὸτηξ
2997 4511 3354 4588 (satrapa)de?)

126 4578 173 4656 de
195 4579 426 4657 ejusdem
447 4573 802 4657 mgni—tionis,
829 4573 882 4657 et
912 4582 1027 4657 sive
1059 4590 1208 4657 ante.
1243 4579 1355 4657 sive
1385 4573 1502 4647 post
1531 4592 1666 4657 prte-

1798 4573 2051 4657 0.18296,
2077 4575 2302 4657 δυναμζς
2321 4573 2479 4657 ⁷ἰτεηαῦ
2513 4573 2852 4657 inriguam.
2872 4573 3189 4657 xhiﬁfﬁvh
3211 4573 3354 4633 Θείαί

124 4648 211 4701 visa
243 4653 430 4706 merita
465 4651 968 4719 praedestinatiouis
1005 4652 1163 4703 modo
1189 4649 1403 4717 penitus
1441 4649 1672 4701 tacuisse

123 4722 422 4785 opinabitur.
463 4722 732 4786 Quaenam
783 4736 941 4790 porro
973 4735 1040 4774 ex
1079 4720 1164 4773 his
1197 4719 1372 4790 verior
1421 4719 1492 4772 sit
1545 4719 1666 4790 Cte-

123 4792 315 4846 tnentini
351 4808 552 4846 sensus
583 4787 895 4860 explicatio,
935 4791 1165 4843 aliorum
1205 4787 1334 4842 nulli
1360 4789 1498 4860 parti
1526 4788 1677 4860 addi-

123 4868 324 4928 CIorum,
352 4863 574 4931 solique
603 4859 820 4915 veritati
856 4861 1131 4914 litantium
1159 4860 1437 4914 hominum
1468 4859 1675 4927 judicio

122 4935 448 4987 statuendum
489 4932 878 4998 relinquimus.

620 5022 1016 5078 Ali'l‘lCULUS
1073 5023 1134 5078 ll.

409 5118 489 5172 De
525 5133 772 5185 suprema
818 5116 1013 5170 Christi
1057 5117 1352 5170 divinitate.

176 5205 360 5262 Christi
400 5209 617 5262 Dotniui
660 5219 713 5261 et
771 5208 889 5262 Filii
929 5208 1021 5262 Dei
1051 5223 1358 5276 supremam
1416 5208 1673 5262 divinita-

119 5285 211 5329 tem
241 5295 267 5331 a
298 5281 585 5334 Clemente
620 5287 805 5332 nostro
838 5279 888 5331 in
930 5279 1304 5345 superioribus
1338 5277 1484 5333 illius
1518 5279 1671 5332 libris

116 5349 497 5405 evidentissime
529 5360 793 5401 assertatu
821 5349 1070 5401 vidimus.
1096 5346 1213 5402 Jam
1243 5364 1372 5401 vero
1403 5351 1674 5417 quomodo

115 5416 192 5468 illa
230 5421 276 5472 iu
317 5423 404 5475 his
444 5418 778 5473 Stromatum
839 5419 1250 5472 commentariis
1305 5416 1429 5470 non,
1467 5421 1662 5472 minori

113 5493 478 5556 perspicuitate
526 5499 584 5542 et
637 5489 906 5542 evidentia
962 5488 1030 5540 ab
1079 5491 1196 5555 ipso
1248 5502 1661 5558 propuguetur,

111 5560 545 5616 considerandum
575 5573 604 5610 a
630 5559 785 5612 nobis
814 5568 916 5613 est.
948 5558 1168 5613 Cra-cos
1213 5559 1394 5627 itaque
1428 5561 1666 5629 philoso-

171 5723 209 5756 δ’
241 5723 444 5778 Strom.
486 5723 523 5777 Ι.
574 5737 648 5788 Iv,
688 5737 741 5791 p.
767 5721 888 5779 559.
965 5724 1010 5755 ⁵⁰
1039 5723 1074 5776 l.
1098 5739 1149 5782 v,
1185 5739 1235 5792 p.
1262 5723 1385 5777 6l5.

110 5805 155 5891 p.
191 5794 308 5847 702.
417 5795 465 5825 ⁵³
505 5795 539 5846 l.
586 5809 650 5851 ll,
691 5807 744 5859 ν.
779 5793 912 5856 296;
956 5794 991 5847 l.
1045 5810 1096 5856 v,
1129 5812 1180 5862 p.
1215 5794 1338 5848 615.

131 5863 186 5892 τι
232 5879 300 5892 ινι-
338 5877 372 5892 η
423 5862 530 5892 ’τηε
580 5863 626 5892 Il
657 5862 834 5892 Cra...“
893 5865 906 5892 Ι
983 5881 994 5892 ι
1068 5880 1096 5892 .-
1165 5865 1267 5892 ’ξιτ

173 5864 208 5918 l.
232 5877 388 5930 vn,p.
423 5862 546 5916 765.
580 5863 626 5893 "‘
657 5862 858 5915 Strom.
892 5865 930 5916 l.
982 5881 1021 5931 ι,
1067 5880 1117 5931 p.
1165 5865 1287 5918 515.

112 5947 156 5997 v,
197 5951 249 6001 p.
278 5937 401 5990 589.
479 5934 524 5964 ⁵³
555 5933 593 5985 ι.
632 5947 705 5998 Iv,
736 5948 789 6002 ι).
831 5933 951 5988 517.
1032 5935 1129 5987 6"l.
1164 5950 1215 6001 v,
1241 5934 1435 6004 p.547.

1491 5727 1532 5756 ⁸¹
1569 5725 1772 5778 Strom.
1816 5723 1852 5777 I.
1903 5739 2002 5788 Vll,
2047 5742 2100 5792 ιι.
2154 5725 2274 5792 719,
2315 5727 2438 5782 720.

1443 5796 1490 5827 “
1523 5795 1721 5850 Cenes.
1773 5809 1829 5857 tt,
1879 5793 1945 5850 ‘2.

1363 5867 1409 5940 ff
1451 5869 1486 5923 ι.
1536 5883 1594 5921 ιι.
1642 5886 1696 5940 μ.
1758 5865 1860 5920 56Ἱ
1902 5877 1954 5920 et
1984 5865 2107 5922 368.

1779 4645 1897 4700 οὐδὲ
1918 4648 2030 4708 τοῖς
2060 4648 2132 4725 μὴ
2158 4645 2477 4725 ὁμολογοῦσι
2510 4645 2899 4725 ἀκατὰνόηέος,
2933 4645 3141 4725 υέλήμα
3168 4669 3358 4704 παντο-

1785 4717 2130 4788 κρατορικόνζ
2185 4717 2202 4770 ι
2257 4717 2493 4774 Verbum
2543 4726 2685 4777 enim
2744 4717 2922 4779 l’Iatrts
2973 4717 3352 4779 uui'vet'sot'ttnt

1782 4799 2008 4864 nou__es_t
2038 4789 2336 4864 hochuod
2363 4795 2658 4860 profertur,
2685 4798 2779 4850 sed
2814 4797 3081 4864 sapientia
3117 4805 3172 4848 et
3196 4794 3353 4847 boni-

1784 4868 1863 4910 tas
1896 4856 1988 4910 Dei
2014 4856 2492 4936 manifestissima;
2544 4875 2600 4918 et
2629 4856 2817 4920 rursus
2860 4856 3205 4936 omnipotens
3255 4877 3355 4931 po-

1782 4937 1970 5007 testas,
2002 4938 2058 5007 et
2087 4944 2211 4982 vere
2245 4933 2453 5007 divina,
2480 4950 2600 5007 qua:
2631 4951 2735 4990 non
2773 4947 2854 4990 est
2870 4933 3238 5007 ejttsu'todi,_ut
3264 4936 3351 5007 in:

1782 4998 2076 5076 telligentia
2106 4998 2509 5076 comprehendi
2550 5021 2655 5059 non
2705 4998 3004 5076 possit'rel
3037 5007 3104 5058 ab
3134 5005 3222 5072 iis,
3255 5003 3349 5072 qui

1783 5083 1887 5120 non
1915 5068 2265 5144 confitentur,
2291 5075 2547 5144 voluntas
2581 5068 2918 5144 qute'ontnia
2961 5068 3216 5130 ccutinet'
3251 5068 3347 5128 sua

1781 5138 2200 5205 utunipotentia.
2231 5141 2538 5216 3_Nttrttj_uitl
2593 5138 2793 5201 clarius
2824 5162 3056 5216 unquam
3089 5144 3349 5216 explicari

1783 5216 1963 5274 potest
1986 5224 2196 5284 summa
2231 5209 2394 5284 Verbi
2426 5209 2704 5281 divinitas,
2756 5209 3047 5284 divinaque
3087 5209 3205 5284 ejus
3247 5231 3345 5268 na-

1784 5287 1901 5357 tura
1922 5281 2350 5357 et'sttbstatttia?
2386 5285 2595 5357 Dicitur
2640 5289 2782 5339 enim
2819 5281 2992 5354 Λόγοζ
3038 5281 3350 5357 ου’προφο-

1785 5348 1956 5426 ρικός,
1992 5347 2225 5403 Verbum
2252 5351 2450 5426 Patris,
2486 5372 2587 5410 non
2615 5364 2830 5422 quidem
2869 5347 3345 5426 eiterttttttt,'pro-

1781 5421 1946 5471 latttm
1995 5430 2048 5472 et
2109 5423 2403 5487 transiens,
2470 5427 2612 5478 sicut
2661 5427 2897 5480 hominis
2947 5428 3172 5480 verbum
3215 5421 3231 5481 Ξ
3281 5442 3346 5481 ac

1773 5490 1998 5568 proinde
2051 5489 2352 5568 ἐνδιάθετος
2397 5494 2644 5560 interius,
2678 5511 2756 5560 et,
2781 5509 2839 5549 ιιι
2869 5489 3098 5566 theologi
3121 5499 3346 5565 loquun-

1775 5570 1887 5625 tur,
1924 5567 2195 5616 iuternum
2219 5575 2272 5617 et
2299 5567 2624 5623 itumaueus.
2647 5569 2850 5622 Deinde
2880 5569 3082 5623 dicitur
3103 5584 3224 5622 esse
3255 5585 3347 5623 sa-

2537 5730 2582 5761 "
2620 5731 2654 5786 l.
2686 5747 2816 5804 v._p.
2848 5733 2969 5797 612,
3003 5732 3141 5800 5L7;
3175 5736 3210 5792 l.
3247 5753 3344 5804 vu,

2046 5798 2092 5876 ff
2125 5796 2339 5876 διε-ρῳ
2368 5801 2402 5876 t.
2450 5815 2617 5876 vi,_p.
2658 5796 2778 5876 ust'
2867 5805 2914 5835 ιο
2945 5796 3073 5860 ibid.
3118 5796 3167 5876 ῤ.
3215 5796 3340 5864 eos;

2186 5869 2230 5900 σο
2268 5870 2404 5926 ibid.
2442 5886 2495 5939 p.
2528 5869 2648 5928 571.
2728 5875 2768 5906 υ
2811 5886 2912 5931 art.
2970 5869 3153 5948 super.
3230 5879 3349 5938 σει.
