3846 6538
548 339 691 398 “19
779 329 782 332 ’

1257 343 1327 400 IN
1365 343 1786 402 CLEMENTEM
1824 343 2027 400 ALEX.
2069 344 2130 397 D.
2173 344 2258 398 LE
2284 342 2572 414 NOURRY
2612 341 3066 398 DISSERTATIO
3093 342 3160 400 ll.

3655 347 3755 406 tuo

546 463 842 538 orthodoxi
880 465 1043 538 hujus
1074 467 1346 538 dogmatis
1377 468 1696 525 defensione
1750 478 1874 522 autc
1927 482 2120 538 suprc-
2152 474 2197 528 Λ
2226 463 2974 538 doctrina,eamAChristianis
2994 463 3752 538 doctimentisaccommodasse,

548 550 697 608 mum
729 533 965 608 Victoris
991 533 1544 608 papae'pontilicatum
1571 540 1930 608 scripserunt.
1981 533 2123 608 (λιιι-

547 605 776 679 s_tinnm,
807 605 1104 679 inquit'ille
1127 605 1198 673 π,
1233 611 1495 679 intelligo,
1521 621 1573 663 et
1591 607 1908 679 Miltiadem,
1934 618 1990 662 et
2014 607 2120 679 Ta-

547 676 776 740 tianum,
820 676 1552 762 etC-lemep-temualiosque.
1579 677 2029 762 quamplurimos,
2065 677 2118 729 in

543 760 775 814 quorum
805 749 1052 801 omnium
1085 749 1237 805 libris
1265 750 1465 805 Christi
1503 749 1760 804 divinitas
1780 751 2062 802 astruitur.
2097 765 2115 797 ι

618 816 794 871 Unum
826 833 959 888 ergo
977 828 1150 874 restat
1172 839 1200 874 a
1231 822 1384 876 nobis
1410 817 1832 882 observandum,
1851 817 2116 888 Clementi

542 886 718 939 visum
773 886 914 941 esse“
947 892 1307 945 Orthodoxam
1351 894 1417 946 de
1473 890 1820 944 sanctissima
1855 887 2120 942 Trinitate

543 957 846 1032 doctrinam
864 969 971 1014 tam
992 970 1142 1015 certo
1159 963 1510 1032 etperspicue
1540 976 1591 1013 in
1624 958 2119 1032 sacrisScripturis

545 1029 833 1102 declarari,
869 1041 925 1083 ut
953 1047 1070 1086 eam
1097 1029 1322 1102 paganis
1357 1029 1696 1102 auctoribus,
1731 1030 1828 1102 qui
1859 1029 2014 1102 plura
2049 1047 2116 1084 ex

543 1096 654 1171 illis
696 1099 1015 1163 hauserunt,
1051 1096 1410 1156 nou'omnino
1444 1096 1776 1171 incognitam
1805 1100 1972 1155 fuisse
2001 1101 2112 1153 exi-

541 1169 869 1225 stimaverit.
909 1174 981 1225 lle
1025 1171 1246 1228 Platone
1275 1174 1472 1228 etenim
1513 1169 1626 1226 haic
1677 1171 1766 1224 ille
1801 1171 1997 1224 scribit
2018 1172 2063 1202 "
2098 1191 2113 1226 :

541 1237 712 1292 Deum
751 1259 768 1290 ε
800 1244 1040 1296 omnium
1073 1259 1292 1298 causam
1327 1259 1448 1298 cum
1509 1242 1778 1312 appellat,
1815 1242 2111 1295 secundum

539 1321 721 1363 autem
773 1312 914 1365 circa
967 1317 1226 1372 secunda.
1258 1324 1311 1368 et
1347 1314 1564 1368 tertium
1613 1315 1758 1366 circa
1791 1313 1976 1371 tertia,
2004 1327 2110 1366 non

539 1379 702 1433 aliter
743 1381 984 1448 intelligo
1018 1398 1180 1452 quant
1226 1399 1473 1438 sanctam
1517 1383 1820 1452 significari
1869 1380 2112 1452 'l‘rinita-

539 1459 676 1526 lem;
700 1453 836 1526 iot‘ix
860 1451 1230 1526 ᾶῇλωςίέγωγε
1263 1454 1526 1523 ἐξακούω,
1556 1453 1709 1526 ii,th
1725 1451 1887 1521 ἁγίαν
1908 1451 2112 1526 Τριάδα

581 1521 854 1595 ηνύεσθαι.
889 1523 1016 1595 Post
1056 1521 1349 1579 concilium
1377 1521 1593 1595 quoque
1622 1521 2110 1595 NicaznuuiCyril-

559 1607 617 1644 us
644 1593 1043 1661 Aiexandriuus
1078 1611 1143 1647 ex
1173 1593 1472 1657 eodem,'et
1499 1593 1627 1655 alio,
1659 1609 1818 1661 quem
1857 1593 2112 1648 Clemens

533 1660 953 1737 p_ost__,lustiunm
987 1676 1282 1737 martyrem
1313 1667 1404 1720 hic
1434 1664 1695 1730 retulit",
1719 1663 1963 1737 Platonis
1983 1664 2112 1737 loco

533 1733 1021 1805 similiterprobat,
1059 1733 1163 1790 non
1184 1738 1344 1805 plane
1374 1738 1769 1804 incompertum
1794 1733 1959 1805 fuisse
1983 1733 2110 1788 huic

532 1803 1342 1878 philosophorum_coryph:eo
1407 1803 1770 1878 sanctissima:
1818 1803 2108 1858 Trinitatis

531 1875 847 1956 mysterium
885 1873 1258 1956 :Ac‘Tamet'si,
1295 1879 1503 1956 inquit,
1548 1877 1872 1956 secundum,
1906 1884 1962 1928 et
1995 1886 2104 1928 ter-
2137 1901 2178 1956 Β

528 1943 662 2020 tium
689 1943 933 1998 nominat
958 1945 1146 2009 Deum,
1176 1949 1332 2020 haud
1360 1943 1504 2003 recte
1538 1966 1551 2001 :
1582 1949 1676 2002 sed
1710 1947 1846 2020 suis,
1871 1957 1930 1998 ut
1957 1960 2099 2010 reor,

487 2057 497 2070 .
527 2017 642 2088 ipse
663 2027 970 2088 repugnans
998 2019 1610 2088 sententiis.Postquam
1643 2017 1790 2072 enim
1818 2030 1912 2088 eos
1935 2031 2099 2088 unum

525 2081 681 2156 dixit,
721 2085 774 2135 in
824 2095 932 2156 tres
976 2103 1162 2140 rursus
1207 2090 1423 2152 dividit,
1469 2081 1524 2144 et
1561 2091 1788 2143 seorsitu
1822 2085 2099 2156 singulos,

525 2151 641 2226 nisi
661 2156 804 2226 quod
832 2153 1047 2209 Patrem
1081 2159 1157 2211 ait
1185 2151 1418 2226 upiticis
1438 2162 1602 2214 Deum
1638 2167 1895 2226 Oporterc
1915 2151 2104 2210 homi-

525 2223 666 2276 nari.
704 2243 722 2274 ι
753 2223 987 2293 Cyrillus
1043 2223 1232 2297 itaque
1252 2229 1324 2294 “,
1356 2231 1496 2283 haud
1551 2223 1711 2282 secus
1753 2242 1816 2280 ac
1849 2226 2102 2281 Clemens

523 2302 742 2372 noster,
767 2311 1085 2372 persuasum
1114 2299 1274 2372 plane
1314 2301 1503 2353 habuit
1534 2298 1816 2352 Platonem
1863 2299 2103 2372 sanctis-

523 2363 675 2417 simae
700 2363 1006 2432 Trinitatis,
1043 2363 1296 2437 quamvis
1325 2372 1614 2424 obscurius
1640 2385 1738 2422 nec
1765 2367 1987 2421 omnino
2015 2382 2101 2421 re-

521 2443 628 2493 cte.
687 2451 742 2488 re
799 2445 978 2491 tamen
1029 2454 1154 2493 vera
1197 2439 1396 2496 fecisse
1449 2443 1802 2494 mentionem.
1851 2442 1922 2491 At
1976 2439 2101 2493 inde

523 2503 688 2580 haud
710 2505 917 2559 incerto
947 2511 1235 2564 conficitur
1253 2512 1496 2566 eamdem
1529 2514 1744 2580 penitus
1779 2508 1946 2563 fuisse
1979 2509 2102 2563 Cle-

522 2576 722 2649 mentis
745 2587 910 2645 atque
939 2580 1124 2649 Cyrilli
1177 2582 1242 2634 de
1276 2576 1624 2636 sanctissima
1663 2579 1941 2634 Trinitate
1967 2594 2096 2634 sen-

522 2646 773 2721 tentiam.
802 2646 1002 2721 Eodem
1030 2652 1230 2721 quippe
1257 2651 1496 2706 Platonis
1526 2651 1837 2706 testimonio
1865 2650 2098 2721 ",quod

518 2714 820 2794 etiamnum
858 2714 1282 2794 fttsius'et'a'pud
1312 2723 1604 2778 Eusebium
1635 2721 1704 2782 ",
1731 2730 1788 2794 et
1823 2714 2101 2794 inhPl'ato-

519 2788 604 2838 nis
627 2788 885 2854 operibus
932 2793 1111 2860 legere
1137 2788 1505 2862 estmtterqtie
1538 2807 1690 2856 usus,
1742 2792 1907 2844 simili
1938 2793 2098 2845 modo

518 2869 584 2906 cx
613 2871 676 2908 eo
707 2872 1138 2932 argumentatur.
1178 2861 1275 2916 His
1326 2861 1586 2932 denique,
1621 2866 1664 2916 si
1696 2862 1870 2925 lubet,
1904 2863 2099 2928 adjun-

515 2939 708 2992 gamus
757 2945 785 2980 a
825 2930 1106 2984 Clemente
1151 2949 1342 2986 rursus
1367 2930 1646 2988 observari
1699 2932 1962 2996 similem.
1994 2934 2097 2987 hoc

517 3006 601 3069 est
650 2999 938 3069 obscurum
974 3001 1152 3055 Patris
1176 3015 1230 3056 et
1248 3003 1369 3058 Filii
1401 3017 1710 3058 sermonem
1745 3019 1774 3055 a
1803 3004 1980 3069 poetis
1995 3005 2098 3056 0r-

514 3067 676 3188 gheo,
698 3065 952 3135 Homero,
970 3079 1024 3124 et
1039 3075 1258 3128 srenico
1282 3075 1602 3144 philosopho
1616 3065 1872 3188 Euripide
1896 3075 2012 3126 fieri
2029 3074 2094 3126 ’⁷.

556 3137 620 3188 ed
651 3138 762 3188 hinc
785 3141 1133 3188 obscuritatis
1166 3146 1537 3188 ηιιιιοριιιεηςίη,
1572 3143 1743 3188 nniiin
1773 3144 1883 3188 ind-
1903 3144 2094 3188 amalm

556 3137 620 3189 ed
651 3138 762 3214 hinc
785 3141 1133 3196 obscuritatis
1165 3137 1539 3214 reprehensio,
1572 3143 1698 3214 quid
1717 3137 2098 3208 aliud,amabo

515 3213 585 3279 l_e,
633 3210 734 3261 nisi
779 3225 970 3279 sanant
1014 3210 1262 3279 omnino,
1307 3228 1362 3268 et
1400 3210 1653 3269 eamdem
1681 3216 1984 3268 Clementis
2031 3230 2095 3267 ac
2127 3259 2166 3279 ,,

514 3273 742 3355 Patru_m_
789 3277 1134 3355 Nicieuorum
1167 3273 1553 3340 de'Triuitatis
1586 3286 1848 3355 mysterio
1891 3285 2096 3338 doctri-

511 3359 635 3424 nam
669 3349 839 3404 fuisse
870 3354 1246 3424 demonstrat?
1278 3357 1450 3422 Quam
1495 3349 1820 3410 constanter
1852 3369 2018 3424 porro
2041 3355 2094 3407 in

512 3415 616 3470 hoc
641 3424 913 3496 praacipuo
941 3423 1273 3480 Christiana:
1289 3415 1589 3496 wreligionis
1614 3415 1866 3496 dogmate
1895 3440 2098 3496 propu-

509 3490 730 3568 gnando
763 3492 862 3568 ille
887 3499 1349 3568 pet;severaverit,
1388 3490 1457 3550 iis
1483 3511 1628 3568 sane
1661 3490 1943 3568 o'mnibus,
1976 3490 2097 3564 qua:

507 3575 536 3607 a
570 3560 727 3613 uobis
750 3577 815 3614 ex
851 3563 934 3635 his
968 3562 1299 3619 Stromatum
1327 3576 1381 3620 et
1404 3567 1527 3620 aliis
1548 3566 1664 3635 ejus
1686 3565 1842 3619 libris
1865 3560 2094 3619 adducta

510 3639 667 3693 sunt,
722 3641 847 3704 tam_
875 3634 1026 3704 clare
1056 3646 1110 3686 et
1154 3639 1355 3690 invicte
1390 3634 1685 3704 probatur,
1728 3647 1786 3690 ut
1819 3636 1910 3704 qui
1963 3637 2095 3689 illud

508 3711 733 3775 negare,
768 3702 850 3775 vel
884 3702 938 3755 iu
971 3704 1193 3758 dubium
1227 3702 1421 3761 vocare
1445 3723 1612 3761 ausus
1635 3706 1820 3772 fuerit,
1836 3702 1900 3760 'is
1928 3708 2094 3761 meri-

508 3771 668 3823 diauo
699 3771 801 3825 soli
838 3775 1020 3828 lumen
1055 3778 1297 3832 adimere
1325 3779 1461 3832 velle
1500 3779 1773 3832 videatur.

957 3891 1120 3964 133
1155 3892 1548 3951 ARTICULUS
1586 3894 1669 3949 Ill.

503 3995 807 4070 Singularis
848 4012 900 4076 et
948 4021 1080 4058 nova
1133 4008 1438 4061 recentioris
1485 4007 1764 4076 cujusdam
1813 4006 2089 4063 Sociniani

643 4087 831 4128 contra
861 4073 1062 4130 Christi
1091 4077 1420 4132 divinitatem
1449 4073 1627 4147 opinio
1661 4080 1940 4150 refellitur.

572 4185 867 4268 Postquam
906 4189 1022 4268 haec
1061 4191 1288 4268 a_n_obis
1328 4205 1522 4248 contra
1566 4204 1779 4268 veteres
1812 4209 2089 4268 novosque

501 4257 833 4335 Arianorum
883 4271 938 4314 et
987 4261 1405 4335 Socinianorum
1452 4279 1672 4319 errores
1706 4267 1777 4320 ita
1812 4257 2084 4335 disputata

503 4329 841 4400 achtabilita
894 4342 1055 4400 sunt,
1092 4333 1239 4385 venit
1287 4335 1338 4386 in
1372 4350 1563 4388 manus
1597 4343 1811 4390 nostras
1852 4329 2088 4391 furtivus

500 4399 718 4472 quidem
771 4404 958 4472 nescio
1010 4399 1164 4472 cujus
1207 4404 1485 4459 Sociuiaui
1541 4407 1777 4460 hominis
1829 4407 2036 4460 libellus
2068 4446 2084 4468 ,

501 4469 730 4545 guo_i||_e
765 4487 830 4524 ex
887 4469 1132 4545 Platonis
1160 4473 1318 4545 Λόγῳ
1356 4475 1554 4530 factum
1589 4475 1757 4530 fuisse
1802 4491 1831 4528 a
1863 4478 2082 4531 secundi

502 4536 758 4592 Ecclesia:
813 4542 994 4596 swculi
1054 4536 1303 4598 Pati-ibus
1362 4547 1658 4599 secundam
1716 4547 2082 4603 sanctissimae

2225 547 2387 604 atque
2441 552 2506 589 ex
2556 535 2645 588 Dei
2691 534 2890 605 Λόγῳ.
2937 533 3154 605 Verbo,
3185 533 3492 603 sapientia,
3532 533 3754 605 aliisque,

2227 621 2347 670 quae
2376 605 2531 660 Plato
2560 605 2742 658 divini.
2777 604 3032 658 attributa
3062 604 3296 670 dicebat,
3331 605 3613 660 distinctas
3634 604 3755 666 abeo

2226 675 2408 739 Patre,
2439 677 2533 730 sed
2557 677 2796 744 ejusdem
2830 684 3036 728 naturae
3060 689 3323 741 personas
3351 678 3702 732 constituisse.

2297 747 2404 802 Sed
2425 747 2548 814 quis
2572 745 2896 814 stupendum
2924 744 3052 797 illud
3077 753 3238 812 atque
3254 744 3511 801 omnibus
3538 747 3756 807 hactenus

2224 817 2526 871 inauditum
2559 817 2894 884 paradoxum
2924 816 2978 868 in
3020 815 3256 869 hominis
3298 814 3530 881 alicujus
3562 831 3752 874 mentem

2224 888 2458 949 venisse,
2502 887 2742 954 illudque
2784 884 2852 938 ab
2895 887 3012 954 ipso
3040 895 3148 938 tam
3195 884 3497 939 insolenter
3524 888 3576 941 iu
3621 887 3752 945 lllt‘em

2223 957 2478 1028 proferri,
2506 967 2560 1010 et
2590 956 2767 1028 doceri
2804 969 2910 1008 non
2945 955 3328 1028 obstupescat‘l
3363 955 3588 1010 Missum
3619 961 3753 1014 enim-

2224 1025 2352 1082 vero
2416 1029 2648 1084 facimus
2690 1026 2792 1080 hoc
2844 1036 3213 1097 commentum
3271 1025 3431 1097 plane
3478 1028 3754 1097 penitusque

2223 1099 2400 1166 rejici,
2433 1111 2488 1152 et
2518 1097 2824 1167 impugnari
2861 1097 2928 1151 ab
2957 1095 3226 1163 ejusdem,
3257 1096 3412 1167 cujus
3442 1095 3754 1167 scriptorum

2221 1165 2532 1224 neotericus
2558 1165 2737 1221 fautor
2765 1177 2887 1231 est,
2933 1178 3094 1222 secta:
3131 1166 3445 1221 hominibus
3465 1207 3481 1230 ,
3512 1168 3602 1235 qui
3630 1165 3756 1226 Justi-

2220 1256 2346 1292 uum
2374 1250 2689 1308 martyrem,
2720 1248 2773 1292 et
2797 1238 3128 1292 Clementem
3153 1247 3395 1290 uostrmn
3423 1238 3477 1290 in
3506 1253 3629 1291 suas
3655 1255 3752 1294 cou-

2220 1320 2300 1362 tra
2334 1310 2536 1365 Christi
2577 1309 2920 1363 divinitatem
2957 1317 3140 1377 partes
3174 1308 3396 1361 trahere
3438 1308 3618 1360 conati
3643 1323 3752 1366 sunt.

2218 1379 2295 1433 Ex
2345 1382 2501 1435 solita
2533 1380 2800 1449 siquidem
2835 1380 3135 1432 errantium
3190 1378 3476 1430 hominum
3524 1383 3750 1435 contradi-

2216 1451 2399 1505 ctione
2422 1454 2687 1505 adversus
2719 1449 3134 1503 insulsissimum
3160 1449 3438 1514 opinionis
3471 1459 3750 1515 monstrum,

2214 1523 2356 1589 quod
2406 1522 2588 1590 seipso
2641 1529 2865 1576 corruat
2912 1533 3137 1574 necesse
3161 1526 3266 1586 est,
3297 1518 3640 1589 pugnandum
3663 1538 3754 1577 esse

2215 1607 2322 1644 non
2353 1594 2703 1646 arbitramur.

2286 1661 2435 1717 Illius
2470 1663 2647 1729 itaque
2679 1661 2972 1716 falsitatem
3023 1675 3089 1715 ex
3124 1659 3190 1712 iis
3221 1658 3630 1715 evidentissime
3659 1676 3753 1729 pro-

2213 1732 2439 1799 bamus,
2473 1734 2668 1800 quibus
2695 1731 3041 1786 doctissimos
3089 1730 3345 1784 Ecclesia:
3376 1729 3591 1792 Patres,
3618 1735 3755 1797 primo

2214 1811 2268 1855 et
2299 1805 2541 1858 secundo
2573 1803 2811 1870 ejusdem
2847 1800 3101 1855 Ecclesia:
3127 1800 3327 1854 saeculo
3348 1840 3365 1865 ,
3398 1809 3564 1868 atque
3595 1803 3754 1870 ipsum-

2214 1884 2324 1926 met
2365 1877 2531 1927 etiam
2576 1869 2910 1928 Clementem
2945 1882 3190 1926 nostrum
3244 1885 3567 1939 supremam.
3592 1869 3750 1928 Christi

2207 1943 2570 2005 divinitatem,
2605 1945 2893 2011 agnovisse
2924 1951 3354 2010 constanterque
3393 1940 3690 1998 vindicasse
3713 1946 3751 1997 in

2208 2013 2312 2066 hac
2356 2015 2589 2083 aliisque
2630 2015 3006 2083 superioribus
3060 2013 3264 2066 nostris
3313 2012 3752 2069 dissertationibus

2203 2084 2420 2138 abunde
2468 2087 2900 2140 demonstratqu
2942 2095 3048 2140 est.

2279 2155 2481 2211 Deinde
2511 2172 2638 2211 vero
2685 2154 2972 2209 ridiculum
3016 2154 3177 2224 plane
3223 2152 3508 2222 vigilantis
3560 2155 3753 2210 hominis

2203 2226 2476 2296 somnium
2506 2237 2590 2281 est
2637 2243 2665 2280 a
2702 2224 2915 2280 Justino
2949 2235 3230 2296 martyre,
3261 2235 3358 2296 aut
3389 2225 3627 2292 quolibet
3648 2226 3750 2290 alio,

2204 2312 2327 2350 cum
2377 2295 2656 2352 Platonica
2705 2296 3043 2365 philosophia
3078 2294 3130 2349 in
3183 2294 3561 2348 Christianam
3601 2296 3753 2350 Eccle-

2203 2367 2338 2419 siam
2373 2367 2741 2422 introductum
2770 2365 2938 2420 fuisse
2959 2367 3060 2420 hoc
3081 2367 3148 2419 de
3167 2366 3356 2418 eadem
3376 2365 3576 2418 Christi
3594 2368 3752 2419 divini-

2207 2447 2319 2490 tate
2342 2437 2749 2492 documentum.
2776 2437 2931 2503 Quod
2954 2438 3170 2504 quidem
3201 2445 3261 2488 ut
3287 2435 3512 2502 planum
3541 2435 3752 2490 omnibus

2202 2518 2258 2561 et
2292 2505 2649 2562 manifestum
2675 2509 2769 2561 Iiat
2794 2549 2807 2572 ,
2838 2507 2990 2575 prius
3037 2505 3225 2560 sedulo
3271 2505 3662 2575 observantium
3690 2517 3755 2559 est

2201 2591 2357 2631 extra
2411 2579 2684 2633 nascentis
2733 2591 2787 2631 et
2839 2573 3222 2631 adolescentis
3278 2573 3541 2630 Ecclesiae
3599 2576 3749 2629 limina

2204 2648 2605 2718 philosophiam
2638 2647 2926 2718 gentilem,
2970 2648 3048 2701 uti
3083 2646 3416 2718 Sociniauus
3446 2662 3655 2716 quoque
3680 2647 3751 2718 illa

2203 2713 2441 2787 scriptor
2493 2713 2696 2774 fatetur
2727 2733 2932 2840 ηοεἚιθ
2981 2718 3120 2770 infra
3168 2713 3526 2770 ostendemus
3554 2713 3753 2786 {procul

2203 2788 2368 2840 fuisse
2411 2791 2782 2840 amaudatam.
2883 2797 3033 2840 ostea
3087 2803 3216 2840 vero
3250 2788 3511 2840 Clemens
3537 2829 3552 2840 .
3585 2789 3752 2840 aliiuue

2201 2788 2368 2843 fuisse
2411 2791 2782 2843 amandatam.
2841 2788 3033 2841 Postea
3087 2803 3216 2841 vero
3250 2788 3511 2842 Clemens
3537 2829 3552 2848 ,
3585 2789 3752 2855 aliique

2201 2860 2558 2914 eruditissimi
2602 2861 2849 2913 homines
2899 2859 3046 2928 quod
3083 2859 3134 2911 in
3176 2873 3239 2910 ea
3267 2857 3505 2925 aliisque
3550 2858 3752 2928 philoso-

2201 2930 2432 2997 phorum
2472 2931 2685 2999 placitis
2719 2927 2926 2982 verum’
2948 2937 3100 2993 erat,
3152 2929 3411 2999 quodque
3441 2928 3511 2980 ab
3545 2927 3751 2999 llcbrzeis

2199 3001 2402 3054 ethnici
2440 2998 2747 3070 philosophi
2783 3000 3111 3062 hauserant,
3150 3016 3180 3049 Α
3212 2998 3748 3070 Christianisadmit-

2203 3072 2422 3124 tendum
2444 3069 2448 3070 ⁷
2470 3085 2593 3124 esse
2628 3070 2790 3123 variis
2809 3070 3077 3122 rationum
3103 3069 3395 3121 momentis
3412 3069 3749 3121 convicerunt.

2203 3140 2308 3192 Sed
2355 3149 2466 3194 tum
2501 3141 2574 3193 illi
2595 3181 2608 3201 ,
2639 3141 3077 3209 quemadmodun
3109 3139 3275 3209 etiam
3312 3138 3458 3192 infra
3490 3138 3686 3192 dicetur
3708 3150 3750 3188 et

2201 3209 2493 3278 diligenter
2520 3208 2880 3264 animadverti
2913 3210 3092 3273 debet,
3131 3208 3315 3276 plures
3347 3224 3556 3276 eosque
3581 3209 3747 3260 acerri-

2203 3295 2318 3344 mos
2335 3282 2542 3348 experti
2575 3291 2699 3334 sunt
2722 3280 3090 3344 adversarios,
3122 3281 3236 3346 qui,
3263 3293 3388 3332 cum
3423 3280 3474 3331 id
3503 3279 3750 3346 praefracte

2201 3363 2484 3419 negarent,
2519 3367 2622 3405 non
2651 3352 2766 3403 sine
2793 3351 2954 3419 longo
2986 3350 3245 3418 temporis
3273 3348 3452 3418 lapsu,
3479 3349 3667 3418 aliquid
3687 3362 3748 3419 ex

2200 3415 2532 3489 paganorum
2566 3415 2911 3490 philosophia
2939 3435 2968 3472 a
2999 3415 3201 3473 nostris
3227 3415 3543 3486 susceptum
3568 3415 3659 3490 est.
3686 3415 3747 3469 Ex

2200 3486 2294 3544 his
2319 3494 2498 3560 itaque
2526 3486 2597 3544 ita
2634 3486 2942 3544 observatis
2973 3491 3256 3544 evidenter
3282 3491 3562 3558 colligitur
3584 3486 3748 3560 falsum

2197 3557 2426 3615 omnino
2467 3576 2590 3616 esse
2630 3562 2969 3626 Clementis,
3019 3560 3298 3627 multoque
3347 3557 3534 3612 minus
3578 3557 3746 3611 Justini

2197 3633 2456 3701 martyris
2504 3641 2682 3695 atate,
2737 3646 2843 3700 qua
2901 3631 3125 3696 hujusce
3179 3629 3561 3701 altercationis
3604 3638 3748 3682 aestus

2197 3700 2372 3770 major
2398 3713 2552 3766 erat,
2595 3716 2790 3754 novum
2821 3701 2888 3755 de
2918 3701 3123 3756 Christi
3153 3700 3656 3770 divinitateidogma
3693 3713 3747 3750 ex

2196 3769 2436 3826 Platonis
2463 3773 2754 3826 Academia
2782 3771 2834 3824 iu
2860 3771 3297 3826 Christianorum
3337 3769 3634 3824 Ecclesiant
3665 3783 3746 3836 po-

2197 3843 2363 3895 tuisse
2395 3842 2712 3895 trausmitti.
2746 3840 2800 3894 In
2849 3856 2972 3896 eum
3015 3843 3316 3900 enimvero,
3349 3843 3446 3909 qui
3482 3842 3534 3892 id
3562 3849 3749 3892 tentare

2196 3926 2359 3965 ausus
2392 3913 2604 3976 fuisset,
2630 3926 2821 3966 omnes
2850 3922 2994 3966 certe
3023 3910 3340 3973 Christiani,
3374 3926 3441 3964 ac
3471 3911 3747 3979 prazsertim

2193 3984 2416 4046 gentilis
2453 3982 2813 4052 philosophia:
2851 3982 3054 4036 inimici
3097 3981 3240 4034 illico
3269 3981 3634 4044 involassenl,
3665 3997 3746 4032 nec

2196 4052 2415 4119 impune
2451 4054 2699 4107 tulissent
2735 4054 2805 4105 ab
2837 4053 2930 4105 illo
2963 4051 3207 4104 funditus
3233 4052 3410 4104 everti
3443 4053 3748 4117 υΓὲΙὲεἰνιιιιιιι

2196 4122 2317 4175 fidei
2368 4134 2570 4176 nostra:
2619 4123 3050 4176 fundamentum.
3083 4127 3199 4185 Qua
3246 4137 3382 4192 ergo
3423 4124 3598 4176 lroute
3639 4120 3747 4174 Cle-

2191 4206 2346 4246 mens
2397 4204 2584 4247 noster
2631 4194 2685 4246 in
2733 4194 2848 4246 suis
2885 4193 3137 4246 omnibus
3189 4193 3457 4259 scriptis,
3505 4193 3748 4260 praecipue

2189 4275 2320 4316 vero
2355 4264 2406 4315 itt
2456 4264 2541 4317 his
2587 4263 2912 4316 Stromatum
2940 4262 3091 4316 libris
3115 4301 3132 4325 ,
3183 4263 3274 4315 ubi
3321 4273 3606 4329 tantOpere
3640 4276 3747 4312 vera

2187 4335 2419 4387 ethuicae
2446 4333 2797 4402 philosophia:
2831 4337 3155 4388 documenta
3198 4351 3225 4384 a
3263 4333 3594 4386 Christianis
3627 4346 3748 4384 ret-i-

2187 4405 2378 4472 pieuda
2405 4418 2524 4456 esse
2555 4408 2768 4473 probat,
2792 4405 3130 4473 divinitatem
3151 4403 3380 4469 Christi,
3409 4405 3486 4456 uti
3514 4404 3746 4460 vidimus,

2187 4478 2388 4542 passim
2439 4472 2676 4527 asseruit
2724 4485 2777 4527 et
2811 4472 3140 4527 vindicavit?
3179 4474 3291 4527 Cur
3326 4475 3746 4527 adversariorum

2186 4559 2406 4596 suorum
2439 4545 2666 4597 insidias
2695 4556 2749 4597 et
2778 4546 3212 4598 malevolentiam
3247 4545 3475 4597 minime
3508 4548 3746 4610 depreca-

500 4607 787 4664 'l‘rinitatis
837 4627 1121 4684 persoiiaui
1184 4597 1524 4670 intolerabili
1567 4597 2080 4684 ρωτεῖἱξᾚιῖἇξιέιῐ

2210 4630 2289 4677 us,
2317 4630 2410 4666 eas
2433 4616 2643 4667 amoliri
2677 4632 2782 4668 non
2814 4627 3060 4678 conatur,
3092 4615 3200 4668 imo
3224 4629 3356 4668 vero
3382 4616 3452 4666 de
3479 4616 3541 4668 iis
3571 4597 3747 4679 nequi.

499 4691 798 4754 asseverat.
835 4683 939 4736 Sed
972 4685 1092 4750 quis
1122 4699 1183 4738 os
1226 4683 1657 4754 impurissimum
1693 4699 1748 4742 et
1780 4688 2077 4742 incredibi-

499 4748 600 4800 lem
639 4750 795 4818 plaue
845 4748 1146 4826 scriptoris
1176 4748 1324 4810 illius
1356 4757 1749 4825 impudentiam
1799 4759 2076 4826 ferat,qui

497 4833 620 4892 cum
647 4836 845 4889 negare
875 4839 978 4876 non
1007 4825 1178 4892 possit
1203 4842 1471 4879 suuuuant
1505 4827 1707 4881 Christi
1738 4825 2073 4882 divinitatein

497 4905 526 4970 ει
560 4891 838 4970 Clemente
865 4891 1063 4970 nostro
1083 4895 1266 4970 palaui
1282 4905 1335 4951 et
1363 4909 1549 4970 aperte
1575 4898 1858 4970 praedicari
1886 4913 1949 4952 ac
1975 4900 2074 4952 de-

498 4959 686 5039 fendi,
720 4964 886 5039 stulte
919 4959 1139 5039 cumino
1167 4977 1222 5018 et
1254 4959 1460 5022 insulse
1494 4959 1669 5037 garrit
1696 4968 1846 5039 illum
1869 4983 1934 5022 ex
1964 4970 2076 5039 pri-

498 5032 601 5108 mis
635 5031 894 5108 Ecclesiae
938 5034 1191 5108 Patribus
1222 5052 1350 5108 esse
1383 5031 1547 5092 uuuru
1572 5077 1587 5102 ,
1619 5041 1709 5108 qui
1739 5056 1800 5093 ex
1830 5031 2073 5104 Platonis

495 5101 686 5182 schola
734 5103 785 5157 in
841 5106 1165 5182 sacratiora
1196 5107 1522 5182 Christiana:
1575 5101 1848 5182 Ecclesia:
1890 5101 2070 5182 adyta

495 5172 598 5246 hoc
655 5189 851 5246 novum
907 5175 1098 5244 dogma
1155 5177 1378 5231 invexit.
1437 5177 1618 5246 Fingit
1657 5182 1801 5234 enim
1850 5180 1935 5234 vir
1980 5172 2072 5234 ille

492 5243 890 5315 audacissimus
943 5243 1115 5315 primo
1180 5258 1301 5315 post
1356 5243 1568 5303 Christi
1624 5262 1803 5303 ortum
1872 5253 2072 5305 smculo

491 5312 832 5388 Christianos
855 5312 1067 5380 omnes,
1090 5312 1422 5388 qui-gentilis
1443 5320 1796 5388 philosophiae
1823 5323 2068 5374 nuntium

492 5383 651 5457 plane
687 5389 1046 5452 remiserant,
1078 5383 1280 5457 Christi
1314 5383 1539 5457 negasse
1573 5383 1912 5445 divinitatem
1940 5409 1954 5455 ;
1981 5406 2069 5444 se-

491 5455 668 5507 cundo
709 5467 897 5532 autem
935 5456 1132 5510 swculo
1173 5455 1696 5532 ineunte'Justinutn
1737 5473 2070 5532 martyrem,

491 5535 555 5574 ac
606 5535 790 5592 postea
839 5526 1174 5581 Clementem
1230 5539 1513 5592 nostrum,
1559 5529 1802 5586 Platonis
1837 5526 2072 5588 imbutos

559 5683 604 5765 ‘_‘
638 5686 858 5751 Euseb,
894 5688 929 5746 l.
957 5689 1229 5765 _v__llist.,
1267 5709 1317 5765 c.
1355 5695 1450 5759 28,
1497 5712 1551 5765 p.
1613 5698 1734 5752 196.

495 5751 544 5839 τι
572 5753 738 5839 μείω
771 5768 915 5813 cont.
949 5759 1172 5839 Julian?
1205 5751 1544 5839 ρρηῇδσ
1577 5751 1754 5839 Plato,
1787 5780 1826 5824 ι.
1855 5751 1938 5831 Ill,
1965 5751 2032 5839 ep

493 5821 534 5877 Ι.
567 5838 584 5878 ι
615 5823 851 5892 Pt'aepar.
884 5845 993 5895 ev.,
1030 5847 1077 5885 c.
1109 5821 1300 5899 l6,'l7
1341 5847 1396 5892 et
1423 5837 1508 5892 18.

2183 4687 2301 4736 dem
2355 4685 2591 4753 cogitat?
2619 4684 2729 4738 Cur
2780 4688 2880 4739 hoc
2926 4689 3139 4753 dogma,
3171 4700 3277 4736 non
3327 4699 3487 4738 secus
3517 4701 3580 4738 ac
3631 4686 3744 4743 alia,

2180 4757 2379 4820 quibus
2409 4771 2568 4809 nemo
2601 4771 2838 4823 unquam
2883 4753 3185 4824 refragatus
3211 4765 3316 4818 est,
3350 4764 3462 4808 tam
3494 4764 3675 4824 aperte
3698 4761 3743 4802 et

2181 4827 2522 4895 confidenter
2562 4828 2810 4895 proponit
2840 4843 2903 4880 ac
2944 4836 3246 4894 propugnat
3269 4825 3294 4876 ?
3326 4826 3513 4879 Nonne
3559 4827 3610 4877 id
3643 4842 3747 4875 ma-

2182 4893 2539 4949 nifestissimo
2563 4893 2719 4949 nobis
2749 4898 2946 4951 iudicio
2965 4893 3054 4949 est
3072 4899 3210 4949 hanc
3232 4911 3578 4950 communem
3612 4910 3745 4948 sein-

2180 4979 2277 5032 per
2336 4964 2504 5018 fuisse
2547 4969 2792 5021 omnium
2845 4967 3283 5022 Christianorum
3333 4969 3646 5038 opinionem
3695 4975 3743 5014 et

2179 5039 2501 5089 sententiam
2514 5038 2539 5090 Υ

2250 5105 2386 5172 Quid
2432 5122 2602 5172 vero,
2655 5109 2796 5176 quod
2837 5109 2926 5164 ille
2977 5126 3082 5164 non
3138 5109 3320 5162 minus
3359 5108 3577 5178 planum
3620 5104 3744 5158 facit

2186 5175 2419 5239 Platoni,
2446 5187 2632 5248 utpote
2662 5175 3010 5234 Hebraeorum
3043 5181 3272 5234 scientia
3315 5175 3611 5242 instructo,
3645 5192 3739 5229 nou

2179 5249 2315 5326 bene
2345 5257 2680 5326 compertum
2723 5253 2890 5304 fuisse
2939 5254 3300 5306 sanctissima:
3329 5249 3617 5326 Trinitatis
3645 5263 3743 5316 my-

2178 5321 2399 5391 sterium
2426 5358 2442 5383 ,
2476 5329 2637 5387 atque
2659 5321 2722 5391 in
2758 5337 2822 5374 eo
2854 5326 3172 5391 exponendo
3207 5340 3235 5374 a
3265 5323 3495 5375 veritate
3517 5336 3624 5373 non
3657 5333 3740 5386 pa-

2179 5403 2309 5462 rum
2338 5388 2676 5462 descivisse?
2729 5391 2866 5458 Quid
2908 5388 3091 5459 etiam,
3143 5394 3288 5462 quod
3323 5393 3465 5446 idem
3493 5391 3743 5462 Clemens

2177 5457 2312 5512 nilnl
2342 5473 2409 5532 ex
2445 5460 2531 5532 his
2553 5499 2587 5532 ,ν
2617 5457 2764 5532 quas
2795 5463 2883 5516 ille
2923 5457 3366 5532 ρὶιὶιυὲουῖιοτιιιη
3415 5463 3574 5516 facile
3606 5460 3743 5529 prio-

2178 5544 2305 5596 ceps
2343 5530 2408 5581 de
2443 5529 2536 5585 Dei
2565 5530 2744 5602 Λόγῳ,
2777 5529 2974 5599 Verbo,
3008 5545 3060 5589 et
3087 5529 3356 5604 sapientia
3389 5535 3621 5598 dixerat,
3651 5532 3739 5585 sed

1810 5699 1990 5774 "__l_ili.
2029 5716 2058 5751 v
2093 5700 2320 5774 Strom.,
2357 5718 2410 5774 p.
2458 5701 2584 5758 598.
2659 5704 2705 5735 ”
2730 5703 2952 5764 Justin.,
2995 5699 3214 5756 l‘lxhort.
3243 5704 3313 5758 ad
3340 5706 3532 5766 Graec,
3569 5722 3624 5774 p.
3650 5705 3740 5759 3!.

2041 5773 2128 5824 ist.
2155 5772 2560 5849 _ad_Erttst.,
2592 5786 2724 5838 elc.,
2757 5789 2812 5831 et
2858 5777 3017 5844 epist.
3056 5784 3092 5828 z
3125 5779 3192 5830 ad
3225 5782 3478 5849 lnouys.;
3510 5772 3742 5844 eum,

1585 5838 1628 5871 ³⁷
1664 5839 1870 5898 Strom.
1917 5841 1955 5896 Ι.
1988 5838 2042 5908 v,
2073 5855 2126 5910 ρ.
2157 5841 2281 5910 581,
2317 5843 2440 5897 θυι.
