3846 6588
126 430 229 485 “Si

1285 435 1374 493 DE
1414 437 1636 494 LIBRIS
1675 438 1952 494 STROMA
1962 439 2108 495 TUM
2121 482 2136 497 .

3206 449 3344 508 “1’2

121 553 368 636 alimosicut
388 552 818 636 t_i_iximus,_i|li_us
831 558 897 613 de
920 557 1099 612 divina
1119 557 1387 614 Triuitate
1413 564 1627 617 testimo-

1757 561 1928 636 περί),
1955 572 2002 616 et
2023 563 2356 636 Δἱηιιηὶεηηιν,
2397 564 2793 636 κενωθήσονται
2827 564 3057 636 (Polygl.
3094 561 3341 623 tacuerun-

122 629 188 680 nia
219 624 262 677 in
299 625 529 679 medium
566 626 819 681 adduxit?

173 696 259 748 Sed
281 695 505 767 agedum
533 739 547 758 ,
571 712 683 767 qua
709 739 723 762 ,
751 712 932 767 quaeso
953 739 966 759 ,
1005 701 1222 754 tandem
1272 700 1486 766 ratione
1532 702 1656 756 Cle-

121 783 259 828 mens,
289 765 488 832 aliique
503 765 780 838 _cjusdem
810 770 985 824 aetatis
1017 771 1316 838 scriptores
1350 787 1415 826 ex
1447 765 1654 826 duobus

121 837 452 890 tantummodo
502 836 600 890 Dei
646 839 944 902 attributis,
995 836 1217 894 tniniinc
1261 857 1392 896 vero
1423 858 1485 896 ex
1533 841 1653 896 aliis

120 908 359 981 distinctas
407 920 435 958 a
487 904 821 981 Pat_re_,_s_ed
871 911 1109 974 ejusdem
1155 921 1364 964 naturae
1393 928 1652 981 personas

119 977 273 1050 iecisse
299 977 560 1050 dicuntur
583 978 608 1030 ?
659 977 812 1032 Nulla
856 989 1004 1034 certe
1039 981 1198 1040 ratio.
1236 977 1408 1050 neque
1435 983 1502 1036 ab
1550 983 1652 1036 hoc

120 1048 366 1120 Sociniano
392 1048 692 1120 scriptore,
724 1065 900 1118 neque
926 1051 992 1102 ab
1021 1051 1131 1104 ullo
1161 1051 1266 1104 alio
1303 1048 1536 1120 unquam
1571 1054 1652 1106 al-

119 1118 214 1171 lerri
242 1117 453 1185 poterit.
497 1116 607 1171 Sed
652 1116 826 1188 pudet
860 1121 1129 1187 taedetque
1173 1123 1225 1175 in
1256 1116 1649 1178 absurdissima

117 1189 343 1261 opinione,
369 1202 445 1261 ex»
470 1189 667 1257 putido
700 1191 939 1244 haeretici
974 1191 1210 1246 hominis
1240 1195 1466 1248 cerebro
1496 1204 1646 1261 nata,

117 1258 276 1312 diutius
302 1256 598 1313 refellenda
633 1263 978 1317 commorari.

593 1357 990 1414 ARTICULUS
1039 1357 1126 1415 IV.

117 1447 170 1500 De
184 1445 359 1520 Christi
371 1447 424 1499 in
439 1445 701 1520 mundum
719 1449 1244 1520 ventttri‘prtemtntiis
1257 1462 1303 1505 et
1317 1454 1568 1520 oraculis,
1587 1472 1648 1510 ac

154 1517 410 1583 praesertim
441 1519 509 1570 de
537 1519 870 1586 septuaginta
903 1517 1139 1574 Danielis
1179 1517 1608 1581 hebdomadibus.

161 1611 248 1665 Cur
270 1610 434 1665 Filius
457 1610 586 1675 Dei,
610 1627 773 1668 verus
797 1623 1140 1684 aeternusque
1167 1614 1328 1679 Deus,
1357 1617 1644 1672 humanam

114 1699 292 1757 raruetn
316 1691 530 1757 statuto
564 1684 799 1757 quodam
832 1694 1076 1754 tempore
1108 1685 1331 1757 induere
1373 1688 1643 1757 homoque

114 1753 196 1806 ﬁeri
220 1753 472 1816 voluerit,
517 1752 662 1809 hanc
703 1752 956 1809 Clemens
985 1765 1173 1810 contra
1207 1756 1523 1812 Cassianum
1557 1752 1641 1812 ar-

113 1825 188 1877 ltert
234 1823 488 1895 rationem
532 1821 615 1877 ’δι
655 1834 713 1878 ιιι
757 1834 1000 1880 nostrum
1047 1826 1313 1895 primique
1361 1828 1640 1883 hominum

1757 631 2042 706 θήσονται)
2075 643 2422 706 temporaet
2459 631 2606 706 pasti
2627 631 2913 706 sexaginta
2945 631 3084 692 duas
3129 641 3341 697 hebdo-

1756 704 1947 757 madas
1991 704 2452 758 cxterminabitnr
2483 704 2780 764 chrisma,
2807 716 2862 759 et
2901 705 3169 769 judicium
3225 727 3334 768 non

1754 774 1879 854 erit,
1913 774 2012 827 οὐκ
2039 773 2482 856 ἔστᾳιωοιγηει
2520 775 2718 856 Euseb.
2750 777 2852 856 οὐκ
2882 776 3051 840 ἔστιν,
3081 796 3184 834 non
3218 785 3333 856 est)

1756 843 1809 895 in
1842 859 1903 897 ea
1928 885 1942 906 .
1975 853 2030 899 et
2055 843 2417 899 civitatemet
2462 855 2709 899 sanctum
2752 849 2997 903 destruet
3025 865 3147 904 cum
3197 843 3334 906 duce

1754 915 2005 987 veniente
2025 923 2121 987 set
2157 917 2542 987 exscindentur
2570 916 2942 981 inundatione,
2977 929 3026 970 et
3065 936 3234 987 usque
3264 925 3332 979 ad

1757 983 1922 1058 ﬁnem
1969 984 2088 1058 belli
2118 986 2964 1058 βιώτθνίοιίησυντετμημὲνου
3007 988 3087 1058 (L.
3143 983 3333 1048 συντε-

1752 1053 2060 1125 τηγμένου)
2115 1055 2588 1110 internecionibus
2615 1095 2631 1118 ,
2687 1053 2742 1110 et
2781 1053 3134 1113 conﬁrmabit
3166 1073 3333 1118 testa-

1755 1135 1992 1200 mentum
2011 1127 2267 1200 multum,
2293 1125 2490 1200 πολλὴν
2525 1127 2742 1200 (Euseb.
2765 1139 2816 1200 et
2840 1126 3049 1200 (Polygl.
3086 1131 3326 1200 πολλοῖς,

1755 1143 1992 1177 mentum
2023 1143 2267 1190 multum,
2293 1143 2490 1197 ποΑΛην
2525 1143 2742 1197 (auset).
2765 1143 2816 1180 et
2851 1143 2938 1181 rot
2979 1143 3049 1197 gl.
3086 1143 3326 1200 πολλοῖς,

1754 1195 1939 1272 multis
1958 1193 2346 1272 )__hebdotnade
2377 1213 2501 1272 una,
2521 1198 2652 1272 etin
2684 1143 3087 1272 tlimidioﬁinte
3141 1204 3329 1272 ἡμίσει

1752 1263 1892 1336 adde
1935 1263 2048 1336 τῷ)
2098 1266 2449 1320 hebdomadis
2495 1267 2715 1321 tolletttr
2766 1263 3094 1322 sacrificium
3148 1263 3326 1330 t'i'ieum

1752 1333 1995 1408 (Euseb.
2016 1333 2166 1408 tleest
2191 1335 2338 1407 μοῦ),
2365 1347 2417 1408 et
2445 1337 2699 1398 libamen,
2723 1347 2775 1390 et
2805 1338 2858 1391 in
2891 1341 3088 1408 templo
3113 1342 3326 1398 abomi-

1751 1405 2312 1481 natiodesolationum
2341 1407 2561 1481 (Euseb.
2591 1418 2646 1460 et
2667 1408 2870 1478 Polygl.
2893 1405 3096 1481 addunt
3123 1411 3324 1481 ἔσται),

1750 1484 1806 1528 et
1847 1490 2015 1547 usque
2057 1477 2125 1530 ad
2190 1479 2711 1531 consummationem
2765 1477 3024 1547 temporis
3073 1477 3328 1540 consum;

1750 1545 1920 1599 matio
1955 1546 2175 1600 dabitur
2207 1547 2257 1601 in
2289 1547 2698 1601 desolationem.
2727 1565 2744 1598 ι

1823 1614 2112 1685 Hucusque
2148 1631 2305 1671 sacer
2332 1617 2605 1672 editorum
2641 1616 2936 1671 Bibliorum
2973 1627 3156 1676 textus
3183 1661 3198 1686 ,
3238 1625 3324 1677 ni-

1749 1685 1932 1756 hilque
1987 1687 2040 1758 in
2094 1687 2185 1740 illo
2221 1702 2392 1757 neque
2440 1688 2588 1758 apud
2625 1689 2916 1741 Eusebium
2957 1685 3191 1758 amplius
3223 1695 3322 1747 ha-

1752 1759 1930 1810 betur.
1991 1757 2176 1827 Pergit
2218 1767 2395 1811 tamen
2424 1757 2696 1819 Clemens,
2729 1767 2784 1811 et
2819 1757 3163 1816 continenter
3189 1765 3322 1818 sub-

1750 1827 2082 1905 nectitdnec
2137 1827 2298 1905 sacri.
2340 1839 2548 1905 tex‘tus-
2573 1829 2734 1905 verba
2773 1849 2799 1905 :_
2838 1828 2948 1883 Καὶ
2976 1830 3159 1905 ’ἥμισυ
3215 1833 3319 1905 τῆς

111 1893 306 1974 parentis
335 1903 654 1974 peccatum,
683 1893 1058 1974 _inobed_iet_itia
1087 1893 1459 1974 pervensaque
1486 1900 1627 1953 voln-

1746 1896 2390 1974 ξϐδομάδοςκαξαπαύσει
2417 1897 2665 1974 (inpiant:
2680 1897 3000 1974 θυσιαςεξαὶ
3011 1893 3314 1974 amaram-tria

111 1976 217 2037 ptate
241 1965 534 2037 admissum
555 2006 573 2032 ,
611 1965 817 2020 deleret
854 1967 1227 2037 aboleretque.
1259 1965 1436 2023 Porro
1456 1982 1634 2023 autem

111 2035 217 2109 illum
239 2033 524 2109 Cbristiad
547 2037 800 2109 homines
823 2033 1135 2109 adventum,
1163 2038 1302 2103 sive,
1323 2050 1380 2092 ut
1405 2041 1635 2109 theologi

108 2104 384 2175 loquuntur,
429 2104 886 2160 incarnationem
923 2108 990 2161 ab
1026 2107 1140 2174 ipso
1186 2111 1370 2162 mundi
1407 2104 1636 2166 exordio

109 2176 230 2250 rariis
250 2175 554 2250 divinisque
582 2178 973 2246 pr0phetarum
1003 2177 1238 2250 oraculis
1291 2179 1460 2236 fuisse
1499 2197 1636 2250 prac-

108 2248 390 2311 nuntiatatn,
437 2248 522 2301 sic
570 2259 765 2300 auctor
796 2257 981 2302 noster
1028 2247 1332 2304 luculenter
1370 2247 1629 2308 tradidit:

109 2335 122 2365 t
149 2317 403 2382 \‘enientis,
445 2318 636 2390 inquit
661 2318 726 2381 ’9,
753 2319 818 2370 ad
839 2319 1103 2390 homines
1134 2319 1342 2373 Domini
1364 2361 1378 2381 .
1410 2324 1500 2390 qui
1536 2340 1634 2380 nos

106 2399 190 2440 erat
213 2391 458 2442 docturus
483 2427 498 2450 ,
537 2388 970 2444 innumerabiles
1003 2387 1154 2444 luere
1192 2387 1593 2457 signiticatores
1615 2435 1630 2458 ,

105 2459 496 2526 anuuntiatores,
550 2469 952 2527 pracparatores
972 2499 986 2521 ,
1032 2475 1396 2528 praecursores
1426 2464 1493 2517 ab
1521 2466 1632 2520 alto

105 2545 149 2605 ex
179 2532 333 2605 mundi
365 2530 788 2605 constitutione,
822 2544 917 2598 per
946 2545 1132 2597 opera,
1169 2546 1267 2599 per
1300 2535 1459 2588 verba
1490 2553 1624 2605 prae-

106 2600 432 2674 signiﬁcantes,
490 2602 856 2670 praedicentes
903 2617 1023 2656 esse
1060 2612 1380 2674 venturum,
1412 2615 1466 2659 et
1490 2600 1628 2674 quo-

106 2673 237 2744 nando,
267 2681 318 2725 et
356 2674 584 2744 quando
610 2710 626 2732 ,
657 2681 714 2725 et
743 2686 988 2744 quaenam
1018 2683 1198 2725 essent
1228 2672 1405 2726 futura
1452 2672 1626 2744 signa.

107 2741 278 2796 Eminus
296 2752 442 2797 certe
467 2743 555 2796 lex
582 2743 990 2811 praemeditatur
1018 2752 1072 2794 et
1101 2746 1404 2811 prophetia.
1427 2741 1629 2803 Deinde

106 2826 354 2877 praecursor
404 2808 710 2884 (videlicet
758 2808 994 2865 Joannes
1043 2808 1284 2881 Baptista
1326 2827 1345 2884 )
1390 2820 1628 2870 ostendit

105 2895 386 2959 praesentem,
419 2894 718 2959 postquam
752 2885 1136 2959 praedicatores
1177 2885 1444 2959 docentes
1467 2888 1628 2959 169

105 2954 313 3009 adventus
339 2956 606 3008 virtutem
643 2955 972 3023 signiﬁcant.
1005 2973 1023 3006 ι
1065 2953 1194 3019 Quae
1219 2967 1397 3008 autem
1423 2953 1626 3012 ΐυῖὲῆιῖι

105 3023 160 3075 liae
178 3025 561 3092 praedictiones,
600 3033 657 3077 ct
683 3025 951 3092 quomodo
985 3040 1140 3078 suum
1171 3031 1374 3080 sortitae
1411 3030 1520 3082 sint
1547 3029 1626 3082 ef-

104 3093 514 3159 fectutii,anobis
561 3095 930 3149 demonstrari
978 3094 1113 3148 nihil
1161 3097 1371 3162 penitus
1401 3112 1625 3154 necesse

104 3172 174 3233 est.
213 3164 310 3220 Hoc
347 3166 493 3220 enim
531 3175 918 3233 argumentum
951 3181 1054 3218 non
1087 3167 1244 3220 tnodo
1273 3168 1342 3223 ab
1369 3170 1622 3225 omnibus

1739 1967 2090 2046 ἁςρτιινισμοῠ.ζ
2123 1969 2227 2046 Eua;
2267 1967 2715 2046 euvtelsiac‘Qtat
2746 1970 2978 2046 σῖςονδῆς
2999 1967 3317 2046 τάξιῦξᾶφα-

1737 2037 1957 2108 νισμοῦζ
2001 2056 2020 2090 t
2054 2039 2118 2092 Et
2161 2041 2446 2093 dimidium
2497 2041 2851 2094 hebdomadis
2899 2037 3119 2096 cessare
3153 2037 3316 2102 faciet

1740 2110 2038 2179 thymiama
2095 2111 2389 2172 sacriﬁcii,
2429 2117 2486 2165 et.
2549 2110 2816 2178 expansio
2884 2110 3310 2177 destructionis.

1739 2194 1910 2247 usque
1958 2179 2024 2231 ad
2058 2181 2586 2234 consummationem
2620 2189 2676 2234 et
2719 2179 2895 2233 instar
2929 2183 3315 2242 destructionis

1736 2248 2050 2320 libatuinis.
2087 2267 2105 2301 ι
2169 2247 2274 2304 Sed
2326 2249 2378 2303 iti
2432 2250 2747 2319 Anglicanis
2801 2249 3111 2320 polyglottis
3172 2257 3316 2312 inter

1736 2319 2013 2374 Variantes
2040 2319 2302 2375 lectiones
2327 2320 2788 2392 animadvertitur
2811 2319 2938 2374 ante
2962 2322 3075 2378 haec
3105 2326 3304 2392 verba,

1741 2407 1760 2440 ε
1794 2398 2177 2444 testamentum
2231 2390 2414 2444 multis
2466 2390 2805 2445 hebdomade
2858 2406 2998 2456 una;
3034 2412 3054 2446 ι
3113 2395 3196 2449 vel
3255 2390 3314 2451 ut

1740 2469 1895 2512 notat
1929 2457 2178 2514 Nobilius
2202 2500 2218 2526 ,
2265 2471 2387 2529 post
2419 2462 2531 2515 ha-c
2573 2462 2679 2514 duo
2729 2461 2949 2524 verba,t
2985 2465 3312 2520 sacriﬁcium

1740 2545 1968 2593 meum,»
2005 2531 2210 2597 iSIhacc,
2240 2546 2360 2600 qua:
2391 2531 2548 2600 paulo
2577 2531 2734 2586 aliter
2766 2533 2816 2584 in
2847 2534 3085 2590 editione
3116 2537 3310 2591 Aldina

1737 2611 1801 2674 et
1845 2602 1922 2674 in_
1951 2600 2237 2674 Vaticana:
2282 2607 2538 2674 margine
2582 2612 3012 2674 repracsentatnr
3040 2645 3053 2662 .
3107 2610 3310 2674 scripta

1731 2670 1859 2744 olim
1899 2671 2064 2744 fuisse
2097 2689 2110 2724 :
2145 2673 2252 2744 Καὶ
2280 2670 2449 2744 ᾕμισὺ
2490 2672 2588 2744 τῆς
2635 2671 2925 2742 ἑϐδομάδος
2968 2670 3312 2732 καταπαύσει

1731 2740 2112 2819 θυσιειστήριον
2132 2743 2244 2819 uetiti
2278 2740 2489 2819 Ussing,
2531 2740 2956 2819 ιὶοιὶπτεζῳγίουΔ
2977 2747 3309 2819 ἀφανισμοῦ,

1729 2811 1824 2889 icui.
1845 2811 1950 2889 ξφς
1972 2811 2300 2878 σοντελείας,
2327 2815 2421 2866 καὶ
2449 2813 2684 2885 σπουδῆς
2706 2811 2854 2889 τᾷξει
2875 2815 2966 2866 ἐπὶ
2993 2811 3306 2889 destinanti}.

1727 2881 1986 2954 Nobilius
2018 2895 2197 2937 autem
2248 2887 2505 2937 observat
2541 2881 2650 2948 pro
2684 2885 2776 2937 καὶ
2813 2881 3106 2954 πτερυγίου
3152 2881 3310 2943 :tlittEr

1728 2952 1914 3006 haberi
1964 2953 2070 3026 ἓῳς
2124 2955 2437 3026 πτερυγίου.
2473 2973 2492 3005 ‹
2529 2955 2594 3009 Ει
2637 2952 2927 3026 dimidium
2955 2952 3309 3014 hebdomadis

1727 3037 1948 3097 cessare
1979 3025 2141 3097 faciet
2175 3025 2370 3097 altare,
2411 3036 2464 3078 et
2495 3025 2762 3097 sacriﬁcia
2792 3034 2844 3076 et
2875 3026 2972 3079 alae
3005 3026 3100 3094 (at.
3135 3044 3306 3097 usque

1727 3095 1794 3146 ad
1827 3094 1994 3166 alam)
2031 3109 2058 3147 a
2087 3095 2444 3161 desolatione,
2467 3112 2650 3166 usque
2681 3095 2747 3166 ad
2775 3094 3301 3166 consutnmatimtem

1726 3172 1779 3235 e_t
1820 3162 2228 3219 festinationem
2265 3179 2428 3235 ponet
2463 3165 2514 3218 in
2561 3162 2972 3219 desolatiOnetn.
3005 3184 3023 3217 ι
3061 3168 3305 3232 Denique

103 3231 526 3315 ferescholasticis
548 3231 842 3304 theologis,
869 3241 961 3288 sed
983 3235 1205 3315 abaliis
1230 3240 1392 3291 etiam
1425 3240 1626 3315 doctis-
1653 3253 1698 3315 ρ
1730 3233 2099 3315 Tertullianus
2116 3235 2156 3298 ',
2178 3231 2277 3315 tibi
2312 3235 2556 3315 Danielis
2598 3243 2822 3315 textunr
2853 3235 3142 3315 descripsit
3162 3278 3176 3299 ,
3212 3231 3302 3315 illa

103 3305 214 3360 siutis
236 3308 597 3379 scriptoribus
637 3320 758 3379 cum
795 3307 1188 3379 recentioribus
1219 3316 1326 3360 tum
1362 3310 1622 3379 antiquis,

103 3382 219 3443 atque
245 3379 290 3431 in
321 3377 514 3446 primis
546 3377 784 3447 Eusebio
810 3384 863 3428 et
893 3376 1088 3430 l'luetio
1117 3378 1157 3447 ἦ,
1199 3379 1422 3447 integris
1453 3376 1628 3434 niaxi-

103 3446 261 3514 tuisque
285 3449 347 3502 de
375 3449 466 3502 illo
491 3446 666 3501 editis
692 3446 1074 3511 voluminibus,
1110 3446 1389 3502 iusissitne
1413 3459 1468 3504 et
1501 3466 1626 3504 eru-

102 3516 306 3590 ditissitne
326 3527 891 3590 pertractatunresse
922 3517 1100 3590 nullus
1135 3519 1379 3586 profecto
1404 3533 1508 3584 est,
1532 3522 1626 3590 qui

103 3588 162 3659 vel
177 3586 372 3650 nesciat,
391 3590 478 3643 vel
511 3602 712 3642 eorum
731 3586 900 3641 libros
929 3588 1086 3659 facile
1114 3591 1266 3643 adire
1298 3607 1402 3644 non
1432 3586 1622 3659 possit.

148 3655 278 3714 Nefas
309 3670 489 3713 tamen
534 3669 798 3730 putamus
825 3673 888 3711 ea
913 3658 1144 3730 (silentio
1173 3655 1620 3730 praetermittere,

99 3743 183 3791 quae
219 3740 395 3785 auctor
427 3743 624 3784 noster
667 3729 734 3780 ad
783 3729 1620 3797 explicandutn’celeberrimum

103 3799 280 3856 Danielis
329 3802 392 3854 de
438 3801 651 3854 futuris
716 3814 885 3867 usque
912 3801 977 3852 ad
1025 3799 1300 3855 Christum
1349 3803 1620 3857 hominem

101 3871 250 3941 [iclum
301 3871 749 3926 ltedemadibus
789 3870 1070 3941 oraculum
1117 3873 1320 3941 scripto
1373 3875 1619 3929 tradidit.

100 3936 186 3991 Tria
212 3944 410 4011 itaque,
448 3957 578 4010 (μω
616 3941 682 3992 ad
720 3940 1056 4011 propositum
1093 3936 1338 3996 nostrum
1387 3944 1620 3998 maxime

97 4010 344 4077 pertinent,
391 4021 524 4067 sunt
575 4021 835 4065 accurate
879 4010 1246 4082 ettucleanda:
1279 4012 1478 4081 primo,
1503 4029 1621 4082 quae

99 4095 187 4134 ierat
218 4085 282 4137 sit
316 4083 630 4138 Clementis
657 4082 829 4136 nostri
860 4081 926 4134 de
975 4082 1364 4143 boc,vaticinio
1393 4081 1617 4138 senten-

99 4153 163 4216 lia,
184 4156 528 4224 genuinaque,
564 4154 637 4206 de
667 4168 772 4216 qua
797 4152 1038 4207 nonnulli
1071 4153 1212 4207 inter
1235 4169 1293 4209 se
1315 4153 1618 4220 digladiari-

99 4231 173 4284 tur,
203 4225 327 4280 illius
355 4225 782 4295 interpretatio:
815 4225 1054 4277 secundo
1075 4267 1089 4289 ,
1123 4224 1252 4291 quid
1299 4224 1350 4276 in
1383 4225 1470 4277 illa
1495 4224 1620 4294 jure

98 4295 154 4364 vel
189 4295 366 4363 injuria
412 4305 723 4364 arguatur;
761 4310 824 4345 ac
875 4295 1033 4348 tertio
1073 4298 1286 4347 tandem
1313 4331 1330 4357 ,
1365 4310 1484 4363 quae
1508 4297 1619 4352 sint

96 4362 269 4418 aliorum
292 4367 357 4422 de
382 4362 582 4420 eadem
617 4365 966 4434 praedictione
994 4365 1296 4434 Opittiones.

144 4436 256 4490 Ante
280 4440 458 4492 omnia
495 4451 652 4498 vero,
685 4449 805 4488 cum
838 4435 1108 4504 integrum
1139 4434 1377 4488 Danielis
1408 4443 1614 4490 textum

95 4501 288 4562 Clemens
330 4521 520 4562 noster
554 4507 928 4574 descripserit,
957 4501 1003 4558 ἐι
1045 4506 1198 4560 nobis
1247 4517 1505 4560 accurate
1545 4508 1616 4561 ob

1728 3305 2028 3372 pomeriora
2079 3307 2240 3360 verba
2281 3307 2504 3372 omisit,
2545 3307 2766 3373 haecque
2811 3305 2970 3357 habet
3022 3323 3048 3358 a
3101 3313 3305 3363 nostris

1727 3376 1972 3429 diversa:
2011 3395 2030 3428 ‹
2057 3377 2241 3445 Usque
2281 3375 2348 3429 ad
2389 3377 2660 3430 Christqu
2692 3377 2879 3428 ducem
2934 3375 3304 3433 hebdomadas

1726 3455 1930 3514 septem
1961 3455 2016 3500 et
2045 3448 2343 3512 dimidiam,
2367 3459 2421 3501 et
2444 3450 2725 3516 sexaginta
2753 3447 2890 3498 duas
2909 3455 2964 3499 et
2995 3447 3300 3518 ditnidiam,

1725 3525 1781 3570 et
1807 3527 2106 3579 convertet,
2133 3537 2152 3569 ι
2196 3528 2303 3573 etc.

1798 3585 1892 3640 His
1927 3588 1999 3641 ita
2030 3590 2335 3641 observatis
2362 3627 2377 3652 ,
2419 3585 2545 3658 jam,
2567 3586 2986 3658 examinandum
3039 3596 3124 3642 est
3157 3604 3299 3658 quo-

1724 3661 1886 3710 modo
1925 3659 2052 3711 illud
2095 3657 2329 3711 Danielis
2366 3657 2646 3712 oraculum
2680 3657 2932 3712 Clemens
2971 3657 3300 3728 interprete-

1727 3737 1848 3781 tur:
1872 3747 1888 3778 t
1911 3729 2061 3795 Quod
2089 3729 2270 3794 itaque
2290 3730 2340 3781 itt
2366 3739 2571 3797 septem
2593 3728 3040 3790 hebdomadibus,
3060 3730 3228 3797 inquit
3255 3732 3301 3796 ⁸,

1722 3799 2047 3854 aediﬁcatum
2084 3799 2154 3852 sit
2185 3800 2480 3867 templum,
2520 3798 2622 3852 hoc
2657 3798 2865 3867 clarum
2895 3807 2997 3852 est.
3035 3800 3092 3852 lii
3127 3801 3298 3856 Esdra

1721 3870 1868 3939 enim
1899 3870 2164 3937 scriptum
2211 3866 2307 3922 est.
2339 3887 2352 3922 :
2408 3869 2472 3922 Et
2499 3874 2578 3923 sic
2610 3868 2710 3921 fuit
2740 3866 2992 3923 Christus
3042 3885 3159 3939 rex,
3190 3873 3299 3928 dux

1721 3937 2050 4004 Judaeorutn,
2083 3956 2203 3992 cum
2225 3940 2460 4008 impletae
2476 3949 2664 3994 essent
2691 3949 2896 4007 septem
2933 3937 3302 3996 hebtlmuades

1722 4011 1774 4064 in
1807 4008 2127 4075 Jerusalem,
2158 4019 2212 4061 et
2235 4011 2287 4062 in
2318 4012 2596 4077 sexaginta
2625 4011 2836 4062 duabus
2863 4010 3300 4067 hebdomadibus

1720 4082 1929 4147 quievit
1983 4081 2237 4134 universa
2271 4079 2455 4133 Judaea
2483 4119 2498 4142 ,
2536 4090 2591 4132 et
2628 4079 2730 4132 fuit
2763 4083 2972 4144 absque
3023 4080 3209 4144 bellis,
3245 4093 3301 4136 et

1720 4151 1980 4204 Dominus
2007 4161 2194 4204 noster
2231 4151 2498 4214 Christus,
2531 4149 2765 4203 Sanctus
2796 4162 3134 4216 sanetorum,
3169 4167 3294 4206 cum

1719 4223 1977 4286 venisset,
2009 4230 2064 4272 et
2088 4221 2352 4275 visionem
2414 4219 2714 4288 implesset,
2759 4228 2814 4272 et
2853 4221 3171 4287 prophetam
3197 4262 3212 4284 ,
3243 4224 3296 4277 in

1719 4307 1882 4348 carne
1919 4303 2112 4344 unctus
2163 4300 2246 4346 est
2292 4290 2469 4344 Patris
2521 4289 2605 4342 sui
2661 4289 2880 4358 spiritu.
2924 4290 2977 4342 lu
3024 4291 3106 4344 his
3136 4307 3298 4345 sexa-

1719 4365 1869 4432 ginta
1904 4363 2114 4415 duabus
2151 4360 2605 4424 hebdomadibus,
2651 4359 3106 4432 quemadmodum
3160 4363 3300 4417 dixit

1718 4430 1976 4503 pt-Opheta
1999 4469 2016 4495 ,
2045 4442 2099 4484 et
2123 4433 2174 4486 in
2201 4431 2665 4503 una_l‘iebdomade
2695 4430 2978 4503 Dominus:
3009 4433 3294 4486 dimidium

1718 4500 2076 4557 hebdomadis
2109 4506 2279 4556 tenuit
2315 4500 2454 4555 Nero
2506 4516 2772 4570 regnans.
2820 4509 2876 4554 et
2912 4501 2962 4552 iti
2995 4513 3182 4555 sancta
3224 4519 3300 4555 «Ἰ-

95 4576 234 4651 oculos
253 4581 446 4648 cuique
467 4571 984 4651 subjiciett'dutnest
1010 4590 1119 4644 quo
1142 4586 1196 4651 et
1215 4591 1381 4651 quam
1403 4579 1616 4651 diverso
1649 4595 1694 4651 υ
1723 4576 1894 4651 vitate
1920 4571 2974 4651 Jerusaletnnstatuit-ab0tnit_iatiouem,
3009 4582 3061 4625 et
3112 4574 3166 4651 in
3203 4575 3298 4651 _di-

94 4648 139 4698 ab
161 4650 262 4702 aliis
287 4647 445 4704 modo
475 4651 633 4704 hunc
657 4647 744 4700 ille
760 4648 1015 4700 exhibeat
1038 4660 1051 4697 :
1083 4663 1107 4696 ρ
1129 4648 1502 4716 Septuaginta,
1532 4649 1616 4701 iii-

93 4718 178 4782 quit
195 4719 233 4781 ⁸.
261 4720 636 4774 hebdomadas
667 4718 994 4771 abbreviatae
1037 4732 1200 4786 super
1231 4718 1517 4786 populum,
1565 4727 1620 4772 et

92 4801 212 4854 super
226 4791 497 4845 civitatem
525 4796 779 4844 sanctam
812 4800 999 4852 tuam',
1028 4799 1085 4841 ut
1110 4799 1464 4842 consumatur
1492 4804 1618 4858 pec-

91 4868 224 4930 catum
246 4901 262 4924 ,
289 4872 339 4914 et
367 4863 631 4930 obsignet
657 4869 902 4930 peccata,
933 4870 987 4914 et
1017 4858 1196 4912 deleat
1235 4857 1552 4930 iniquitates
1565 4857 1614 4930 7’,

91 4925 368 4995 ἠςάδικιας
397 4925 631 5000 (Ευέει).
652 4929 673 4957 ⁸
701 4928 972 4998 ἀνομίας),
1023 4941 1073 4984 et
1105 4941 1162 4982 ut
1182 4925 1365 4996 expiet
1391 4927 1614 4992 (Euseb.

90 5008 128 5075 et
157 5001 326 5075 Polygl.
368 5005 586 5075 addunt
630 5000 860 5075 ἀδικίας,
901 5003 1242 5075 iniquitates,
1277 5019 1375 5059 seu
1402 5003 1622 5070 iniusti-

92 5071 197 5145 tias),
225 5071 282 5128 εί
302 5083 360 5128 ut
397 5083 525 5144 agat
562 5072 829 5145 justitiam
858 5071 1264 5143 sempiternam,
1293 5084 1347 5130 et
1376 5075 1625 5145 obsignet

91 5137 322 5230 ἕίξίφιςων
355 5153 411 5230 ςι
434 5137 802 5230 eaeam,
836 5137 1121 5230 προφήτην
1142 5145 1370 5230 (Ειιεεδο
1407 5137 1622 5230 πρδφη-

90 5209 217 5270 τείαν,
234 5209 620 5284 prophetiam).
647 5219 782 5284 etut
805 5209 970 5284 ungat
992 5209 1250 5270 Sanctum
1277 5209 1618 5269 sanctorum:

91 5287 128 5328 rt
157 5281 423 5354 cognosces
464 5293 539 5354 et,
563 5281 832 5354 intelliges
858 5281 926 5339 ab
961 5286 1106 5340 exitu
1141 5286 1424 5347 sermonis,
1454 5294 1512 5340 ut
1536 5301 1624 5337 r-e-

91 5351 308 5411 fallondeas
332 5350 782 5423 ἀποκρίνασθαί(
789 5354 986 5423 Euseb.
1021 5367 1075 5410 et
1097 5356 1296 5422 Polvgl.
1321 5355 1622 5423 ἀποκριθῆ-

87 5420 622 5491 νςι.]θεροηάεειῐυτ),
651 5429 707 5476 et
733 5421 1036 5475 aediﬁcetur
1074 5420 1396 5477 Jerusalem.
1428 5420 1614 5491 Usque

90 5486 135 5531 Id
168 5486 422 5544 Christum
474 5486 676 5546 ducem
711 5491 1073 5546 hebdomades
1116 5504 1323 5561 st-ptetn
1364 5503 1417 5546 ct
1459 5486 1613 5547 sexa-

90 5566 198 5614 ituta
222 5563 354 5626 duae,
383 5571 442 5615 et
477 5571 855 5632 convertatur,
887 5575 942 5614 et
972 5564 1326 5616 :edilicahitur
1352 5565 1528 5632 platea
1557 5571 1614 5616 et

91 5635 233 5683 murus
255 5632 342 5684 καὶ
370 5634 555 5701 τεῖχος
578 5630 766 5700 (variae
792 5633 1053 5686 lectiones
1082 5646 1136 5686 et
1167 5630 1370 5704 Pulygl.
1409 5635 1616 5687 addunt

161 5772 198 5805 "
222 5775 413 5834 Strom.
459 5777 500 5834 l.
533 5792 620 5842 tu,
655 5795 708 5847 p.
739 5775 860 5831 486.
958 5779 1004 5810 ⁹⁹
1042 5778 1246 5833 Strom.
1279 5779 1314 5831 l.
1358 5792 1432 5842 vi,

126 5841 233 5916 Dan.
267 5865 336 5903 ix.
381 5849 454 5903 24
492 5859 550 5902 et
593 5841 708 5916 seq.

81 5903 174 5970 εἶξε).
240 5919 254 5947 ¹
281 5918 416 5974 ibid.
456 5935 512 5989 p.
545 5917 673 5972 540.

1476 5793 1529 5846 p.
1561 5774 1689 5830 697.

785 5850 806 5880 ⁵
837 5849 1112 5904 Demonst.
1145 5865 1337 5919 evang.
1373 5851 1409 5905 l.
1443 5861 1562 5913 Vttt,
1593 5863 1649 5917 p.
1677 5847 1801 5903 581.

1725 4645 1892 4698 tnidio
1940 4644 2324 4706 hebdomadis,
2373 4654 2427 4696 et
2475 4642 2590 4711 ipse
2617 4641 2859 4695 sublatus
2899 4652 3004 4707 est,
3041 4652 3097 4696 et
3128 4642 3297 4712 Otho,

1723 4727 1777 4770 et
1812 4714 1980 4769 Galba
2009 4756 2022 4780 ,
2058 4725 2113 4766 et
2170 4712 2436 4767 Vitellius.
2476 4713 2837 4780 Vespasianus
2869 4724 3050 4766 autem
3089 4723 3144 4766 et
3190 4717 3294 4768 im-

1721 4787 1928 4854 perium
1975 4786 2243 4847 obtinuit,
2279 4797 2333 4838 et
2377 4783 2676 4839 Jerusalem
2709 4784 2902 4848 diruit,
2936 4793 2993 4837 et
3043 4798 3294 4839 sanctum

1721 4856 2022 4910 desolatum
2071 4857 2323 4909 reddidit.
2358 4874 2376 4906 ι

1789 4926 1982 4980 Postea
2016 4941 2143 4979 vero
2177 4927 2423 4996 pluribus
2457 4923 2665 4995 paginis
2691 4921 2994 4996 interiectis
3028 4941 3044 4978 :
3087 4942 3105 4976 t
3151 4922 3299 4978 Prae-

1717 5005 1891 5062 terea,
1927 4997 2102 5065 inquit
2126 4994 2288 5058 '{illa
2319 4994 2538 5066 quoque
2569 5005 2688 5047 sunt
2718 4994 2999 5048 referenda
3030 4997 3096 5066 ad
3131 4997 3295 5066 chru-

1722 5069 2014 5137 nologiatn,
2054 5069 2191 5132 dies,
2227 5065 2444 5134 inquam
2472 5105 2487 5132 ,
2524 5079 2658 5135 quos
2705 5066 2979 5137 signiﬁcat
3027 5065 3208 5118 Daniel
3261 5080 3292 5116 a

1721 5135 2062 5192 desolatione
2122 5137 2462 5200 Jerusalem,
2523 5135 2835 5205 Vespasiani
2899 5137 3027 5188 attni
3080 5146 3291 5204 septem

1722 5222 1938 5262 menses
1969 5215 2196 5275 septem.
2233 5208 2347 5260 Duo
2375 5206 2545 5259 etiam
2576 5207 2701 5258 anni
2730 5205 3096 5274 adjungnntur
3122 5208 3292 5260 Otho.

1719 5281 1802 5334 itis
1823 5320 1838 5343 ,
1892 5289 1949 5333 et
1978 5275 2160 5332 Galbae
2180 5320 2194 5343 ,
2224 5287 2279 5331 et
2311 5275 2530 5337 Vitellii,
2573 5277 2958 5343 septemdecim
2994 5278 3290 5336 mensibus,

1719 5362 1842 5404 octo
1889 5352 2079 5404 diebus
2116 5368 2128 5403 :
2166 5358 2220 5403 et
2269 5348 2349 5402 sic
2397 5347 2528 5399 ﬁunt
2563 5348 2688 5399 anni
2724 5356 2861 5410 tres,
2910 5361 3120 5398 menses
3169 5361 3289 5404 sex.

1718 5421 1862 5483 quod
1914 5430 1998 5472 est
2060 5419 2342 5473 dimidium
2403 5417 2795 5477 hebdomadis,
2831 5418 3288 5483 quemadmodum

1721 5491 1857 5545 dixit
1894 5489 2081 5544 Daniel
2114 5490 2395 5560 propheta.
2438 5489 2590 5560 Dixit
2611 5487 2756 5560 enim
2789 5486 2874 5560 his
2908 5485 3053 5560 inille
3078 5499 3292 5560 treceno

1722 5575 1804 5615 tos
1839 5561 1957 5616 dies
1994 5556 2182 5624 l‘uisée,
2218 5556 2302 5612 'ex
2332 5573 2440 5628 quo
2474 5557 2621 5612 Stetit
2653 5556 2986 5628 abominatio
3013 5575 3043 5610 a
3074 5557 3294 5611 Nerone

1723 5635 1775 5687 in
1827 5633 2106 5687 civitatein
2155 5625 2398 5687 sanctam
2451 5643 2622 5697 usque
2662 5625 2732 5680 ad
2765 5628 2882 5697 ejus
2925 5629 3288 5682 eversionem.

2582 5772 2604 5803 ¹
2635 5768 2842 5825 Strom.
2897 5771 2933 5824 Ι.
3000 5786 3039 5833 t,
3074 5787 3125 5836 ι).
3161 5769 3292 5822 550.

1795 5778 1810 5808 ι
1847 5774 1921 5829 De
1956 5777 2227 5832 demonst.
2282 5789 2474 5845 evang.
2582 5774 2604 5803 ¹
2635 5774 2842 5825 Strom.
2897 5774 2933 5824 Ι.
3000 5786 3039 5833 t,
3074 5787 3125 5836 p.
3161 5774 3291 5822 550.

1795 5886 1801 5902 .
1877 5848 1898 5879 '
1926 5846 1988 5900 l...
2025 5849 2147 5902 adv.
2191 5845 2424 5910 Judaeos,
2458 5859 2508 5899 c.
2543 5841 2596 5897 8.
2675 5843 2697 5873 ⁶
2749 5841 2867 5897 Lib.
2904 5858 2917 5896 ι
2960 5841 3192 5907 Strom.,
3234 5858 3291 5910 p.

1877 5848 1898 5879 '
1926 5846 1988 5900 L.
2025 5849 2147 5902 adv.
2191 5841 2508 5911 Judaeosfc.
2543 5841 2596 5897 8.
