3840 6538
531 400 673 457 Νὲδ

1164 391 1226 445 IN
1267 388 1683 446 CLEMENTEM
1720 386 1918 441 ALEX.
1962 385 2023 439 ι).
2064 385 2148 441 LE
2187 385 2471 443 NOURRY
2508 383 2964 441 DISSERTATIO
3003 383 3065 439 ιι.

3633 389 3735 442 1W

532 520 628 574 Sic
655 518 795 570 enim
824 510 1060 568 ostendit
1087 509 1315 569 dictum,
1346 507 1488 573 quod
1521 503 1807 572 subjicitur
1835 519 1851 557 :
1885 504 2096 568 Quoiia-
2125 508 2171 564 Α
2204 504 2410 571 quinta:
2449 502 2550 556 fuit
2586 516 2759 574 usque
2801 502 2868 554 ad
2907 499 3427 574 Jerosolymitanuin
3462 503 3714 557 excidium

529 606 629 662 que
654 585 809 639 stabit
839 583 967 636 uisio
995 621 1009 637 .
1038 580 1361 662 sacri/icium
1398 575 1680 637 stiblntum,
1710 574 2095 662 peccatum-de-

531 653 838 714 iolariom’s.
875 655 1011 713 quod
1055 653 1239 702 (lutum
1278 659 1390 704 est:
1422 658 1468 698 et
1512 656 1740 713 potestas
1766 654 1813 696 et
1851 653 2095 696 sanctum

532 725 944 782 rouculcabitur.
983 720 1048 774 Et
1081 721 1214 773 dixit
1254 720 1335 793 ei:
1373 716 1542 783 Usque
1585 718 1653 767 ad
1684 729 1941 793 uesperam
1981 714 2092 793 dies

533 800 608 850 bis
638 795 781 849 mille
819 793 1074 853 trecenti,
1113 800 1163 842 et
1196 789 1401 841 tolletur
1426 785 1729 840 sanctum“.
1763 783 1825 836 Hi
1852 799 1980 848 ergo
2012 783 2094 837 bis

534 868 681 921 mille
715 864 939 917 trecenti
971 864 1089 916 dies
1124 860 1253 913 fiunt
1282 856 1409 909 anni
1438 872 1555 916 sex,
1590 869 1804 906 menses
1837 865 2094 922 quatuor.

528 950 760 1005 quorum
793 934 1072 1005 dimidium
1106 929 1278 1005 tenuit
1306 927 1464 1005 Ner-ti,
1501 927 1784 1005 iitipiiriiiin
1819 926 2091 1005 obtinens.

529 995 582 1060 et
629 1006 733 1058 fuit
775 1004 1056 1057 dimidium
1118 998 1511 1059 hebdomadis;
1567 995 1849 1047 dimidium
1911 1003 2092 1048 autem

538 1074 902 1143 Vespasianus
932 1087 1050 1143 cuin
1074 1070 1317 1143 Othone.
1338 1066 1505 1121 Galba
1538 1064 1845 1143 et.\lite_l|io.
1884 1063 1948 1116 Et
1977 1066 2094 1143 ideo

529 1131 662 1200 dicii
718 1143 935 1196 Daniel:
993 1140 1183 1194 Beatus
1230 1138 1317 1207 qui
1351 1131 1635 1205 peruenerit
1674 1135 1743 1207 od
1791 1137 1901 1185 dies
1949 1136 2094 1188 mille

529 1225 782 1268 trecentas
805 1213 1018 1279 triginta
1041 1204 1262 1278 quinque
1278 1209 1321 1262 ’.
1378 1206 1456 1259 Ad
1487 1220 1581 1257 eos
1609 1204 1752 1279 enim
1780 1207 2096 1279 usqtieilies

532 1286 630 1338 fuit
676 1274 896 1346 bellum,
929 1274 1062 1350 post'
1088 1274 1198 1333 hate
1243 1287 1424 1331 autem
1479 1276 1734 1353 cessavit.
1775 1274 2096 1353 Ostenditur

529 1364 709 1409 autem
762 1354 847 1405 hic
880 1344 1111 1419 quoque
1158 1361 1415 1401 numerus
1462 1360 1526 1419 ex
1582 1344 1841 1419 subjecto
1872 1346 2090 1412 capite,

528 1427 669 1491 quod
698 1423 779 1477 sic
807 1414 964 1475 habet
987 1438 1001 1474 :
1022 1414 1099 1473 Ἐι
1134 1435 1162 1491 a
1205 1427 1444 1491 tempore
1481 1414 2094 1491 iniinuiationispercit-

530 1485 736 1553 uitatis,
759 1503 812 1547 et
840 1506 949 1557 quo
974 1493 1095 1543 data
1129 1489 1288 1541 fuerit
1319 1488 1360 1518 ιο
1386 1485 1719 1557 abetnjnatio
1744 1485 2092 1557 desolationis

528 1566 643 1618 dies
692 1555 1096 1616 mille‘dncenti
1155 1567 1470 1625 nonaginta.
1533 1555 1729 1608 Beatus
1776 1556 1866 1621 qui
1924 1558 2091 1608 susti-

532 1637 706 1689 nuerit
734 1643 791 1687 et
821 1630 1127 1700 pervenerit
1157 1629 1226 1683 ad
1243 1628 1358 1682 dies
1392 1626 1537 1680 inille
1571 1634 1845 1679 trecentos
1868 1625 2090 1693 triginta

526 1720 834 1827 ῳἨέἓὲῗεῖ
859 1770 1154 1826 Clementis
1185 1766 1357 1822 ιιοςιιιί
1387 1767 1453 1819 de
1485 1765 1723 1820 Dauielis
1753 1767 2001 1829 oraculo.
2033 1779 2091 1825 et

2200 573 2341 644 quod
2386 571 2705 644 Olympiade
2754 573 3122 644 ducentesima
3164 573 3489 627 duodecima
3526 576 3743 642 contigit,

2195 642 2544 714 Olyinpiades
2567 653 2779 696 centum
2807 642 3205 714 quinquaginta
3235 652 3363 697 octo
3382 681 3399 706 ,
3435 652 3598 714 atque
3635 648 3743 701 adeo

2195 713 2322 767 anui
2355 715 2593 769 sexcenti
2632 713 2820 780 viginti
2852 720 2975 765 octo
3006 724 3383 766 numerentur.

2268 783 2466 838 Verum
2494 783 2749 837 Petavius
2774 783 2817 812 "
2839 792 2983 848 putat
3010 798 3193 834 veram
3218 782 3516 837 Clementis
3538 794 3740 839 mentem

2195 865 2249 907 et
2276 855 2585 924 opinionem
2598 868 2789 924 ineque
2817 854 2902 906 his
2929 851 3251 924 satisl‘uisse
3279 860 3643 922 perspectam,
3667 870 3741 907 ne-

2194 922 2551 993 quc’ipsiinet
2597 922 2962 988 Hieronymo,
2993 922 3083 990 qui
3117 937 3219 993 non
3254 924 3641 977 animadvertit
3672 940 3739 979 se-

2195 992 2596 1065 ptuagesimum
2616 994 3017 1065 rhehdoniadem
3041 992 3356 1065 solitariam
3384 1034 3400 1059 ,
3432 1004 3501 1065 et,
3531 994 3606 1065 ab
3647 997 3740 1049 aliis

2194 1061 2490 1131 sejutictam
2514 1083 2542 1117 a
2567 1063 2843 1117 Clemente
2864 1063 3114 1118 distrahi.
3145 1061 3374 1116 Fatetur
3409 1063 3625 1129 quidem
3651 1065 3738 1119 Cle-

2197 1149 2432 1188 mentem
2468 1135 2796 1203 perohscure
2845 1133 3031 1203 loqui,
3063 1134 3205 1185 hunc
3242 1144 3423 1186 tamen
3458 1134 3740 1203 genuinum

2195 1201 2491 1272 verumque
2525 1204 2826 1257 arbitratur
2856 1216 2976 1256 esse
3005 1202 3147 1255 illius
3174 1218 3419 1256 sensum.
3456 1201 3737 1257 Hebdoma-

2194 1275 2421 1335 darnm,
2465 1274 2639 1343 inquit
2684 1273 2959 1336 Petavius,
3002 1274 3214 1328 initium
3262 1273 3352 1327 ille
3386 1290 3416 1324 a
3444 1275 3616 1340 primo
3641 1274 3739 1329 Per-

2195 1346 2291 1398 sici
2322 1345 2532 1412 imperii
2551 1359 2714 1401 anno.
2738 1343 2864 1414 Cyri
2890 1353 3072 1397 autem
3102 1346 3361 1402 secundo.
3393 1348 3644 1411 sampsa,
3666 1362 3740 1411 ιιιιο

2197 1424 2380 1484 iatque
2411 1424 2624 1484 septem
2665 1416 2866 1481 primas
2900 1414 3266 1469 hebdomades
3290 1413 3536 1468 secundo
3564 1415 3736 1471 absolvi

2198 1485 2341 1537 Darii
2385 1501 2552 1537 anno.
2617 1483 2795 1551 Neque
2828 1499 2987 1552 porro
3027 1484 3236 1539 censuit
3290 1484 3630 1553 septuaginta
3667 1486 3739 1540 lie-

2195 1556 2492 1609 hdomadas
2522 1554 2620 1608 sibi
2654 1555 2971 1623 coniunctas
2999 1570 3121 1610 esse
3159 1565 3217 1609 et
3242 1555 3595 1609 continuatas
3614 1595 3631 1621 ,
3663 1557 3735 1610 sed

2192 1642 2379 1677 earum
2404 1637 2437 1676 ii
2452 1640 2509 1677 es
2534 1635 2710 1694 partes
2737 1643 2763 1676 a
2786 1639 2845 1678 se
2866 1624 3094 1679 invicem
3121 1626 3459 1694 temporibus
3482 1623 3734 1690 disjunxit.

2193 1694 2435 1748 Primum
2488 1693 2753 1762 siquidem
2807 1696 3148 1749 intervallum
3203 1693 3476 1748 annorum
3533 1697 3739 1762 quadra-

2194 1766 2339 1835 ginta
2392 1781 2581 1818 novem
2629 1781 2659 1818 a
2700 1767 3009 1836 primordiis
3038 1765 3166 1836 Cyri
3205 1766 3461 1833 perducit
3490 1780 3656 1833 usque
3685 1768 3737 1820 ad

522 1844 812 1912 assignans
838 1842 905 1893 ab
933 1856 997 1894 eo
1028 1838 1453 1912 hebdommlibus
1486 1837 1933 1912 senteiiiia._Qii:e
1967 1842 2087 1907 qni-
2120 1846 2162 1904 Β
2193 1834 2340 1912 Darii
2368 1841 2687 1912 Secundum.
2722 1834 2926 1889 Dehinc
2954 1834 3246 1912 vero’duas
3276 1851 3443 1903 supra
3485 1838 3736 1912 sexaginta

523 1908 723 1969 ileiiiiit
743 1912 950 1966 facilius
977 1910 1325 1976 intelligatur,
1351 1908 1888 1977 animadverteiulnm
1915 1913 2088 1977 primo

521 1995 605 2037 cst
644 1986 741 2037 has
786 1981 1019 2037 Danielis
1047 1979 1412 2032 hebdomadas
1437 1978 1589 2045 juxta
1618 1975 2090 2033 Cletnentis‘inen-

523 2065 631 2107 tem
664 2067 837 2120 neque
870 2053 1078 2104 diernui
1110 2064 1252 2108 esse,
1290 2063 1458 2120 neque
1487 2047 1895 2120 decenniormn,
1928 2049 2088 2119 17o

521 2139 694 2193 neque
748 2116 1276 2193 iiiliilieortim,_seii
1328 2116 1715 2184 quinquaginta
1780 2116 2084 2193 aiiiioﬁiiii',

519 2189 695 2259 neque
724 2189 1073 2251 surculorum,
1113 2189 1228 2242 sive
1258 2202 1522 2239 annorum
1551 2198 1766 2259 rentum
1794 2225 1809 2247 .
1843 2192 1917 2241 uti
1953 2207 2087 2242 uon-
2121 2218 2129 2225 -

520 2258 682 2318 nullis
713 2277 997 2332 perperam
1047 2260 1219 2332 visum
1250 2267 1371 2310 est:
1404 2258 1498 2308 sed
1532 2264 1589 2307 ut
1619 2258 1948 2332 ipse‘aperte
1993 2262 2084 2313 de.

519 2327 727 2399 clarat,
753 2327 1016 2385 ιιιιίιοτιιιιι
1042 2345 1057 2394 ;
1090 2330 1167 2399 ita
1199 2337 1258 2399 ut
1300 2341 1635 2399 unaquzeque
1664 2327 1969 2399 helitlomas
1994 2345 2083 2384 se-

519 2415 662 2472 ptem
690 2395 901 2457 constet
927 2398 1425 2472 annis.'Eniiiivero
1455 2395 1564 2459 ille,
1600 2396 1675 2448 uti
1706 2397 1961 2463 vidimus,
1992 2413 2086 2453 ex-

520 2470 722 2542 pressis
750 2473 885 2525 dixit
914 2470 1099 2542 verbis
1139 2482 1311 2542 annos
1356 2474 1465 2542 tres
1506 2476 1561 2519 et
1593 2481 1932 2542 niensessex
1964 2484 2085 2525 esse

521 2536 877 2598 hebdomadis
899 2539 1200 2593 dimidium.
1222 2537 1294 2591 De
1314 2537 1472 2589 annis
1489 2551 1651 2604 porro
1673 2536 1942 2593 solaribns
1960 2554 2083 2593 eum

520 2614 664 2683 loqui
697 2627 763 2666 eo
796 2610 965 2666 facile
981 2609 1272 2683 colligitur,
1296 2608 1447 2683 quod
1480 2607 1545 2657 ad
1579 2604 1947 2683 Romanorum
1980 2609 2084 2662 imo

521 2676 830 2752 peratoriini
863 2679 1182 2752 aiiiios,_qui
1229 2677 1438 2752 solares
1478 2676 1858 2752 proculdubio
1905 2689 2080 2741 erant,

521 2746 639 2808 illos
654 2751 1045 2807 accommodet.
1069 2748 1145 2801 Ex
1171 2748 1341 2817 ipsius
1363 2748 1544 2815 itaque
1566 2756 1620 2799 et
1642 2746 1869 2801 aliorum
1890 2751 2086 2802 certio-

523 2841 578 2878 re
604 2822 859 2890 opinione
878 2820 1222 2890 septuaginta
1252 2817 1611 2890 l'iebdomades
1635 2832 1808 2871 annos
1830 2819 2084 2888 quadrin-

516 2887 726 2964 gentos
761 2887 1052 2964 nonaginta
1079 2887 1651 2964 'con‘licimitaQuibus
1686 2887 1931 2964 profecto
1957 2905 2080 2964 cum

517 2957 655 3017 duas
682 2963 819 3016 alias
844 2957 1095 3014 dimidias
1123 2957 1511 3019 Itcbdomades,
1546 2957 1687 3010 sicut
1718 2968 1772 3012 et
1797 2958 2083 3014 Tertullia-

506 3026 642 3095 nus,
678 3032 769 3086 sed
802 3031 963 3099 paulo
990 3031 1174 3092 aliter,
1205 3032 1281 3082 uti
1320 3027 1521 3099 dictum
1553 3035 1656 3092 est,
1684 3041 1713 3079 a
1746 3030 1965 3083 Daniele
1994 3032 2084 3084 ad-

509 3105 683 3173 jei-tas
706 3097 1164 3173 esseputaverit;
1191 3097 1549 3173 iiid_e_liquido
1578 3107 1731 3166 patet
1762 3114 2079 3168 persuasum

2192 1907 2561 1960 hebdomadas
2584 1945 2601 1970 ,
2639 1906 2688 1957 id
2724 1916 2814 1975 est
2844 1920 3013 1960 annos
3051 1909 3486 1975 quadringentos
3543 1907 3736 1973 triginta

2189 1985 2419 2042 quatuor
2455 1976 2750 2041 subjunxit.
2784 1974 3051 2044 Opinatits
3090 1989 3174 2029 est
3202 1986 3385 2029 autem
3420 1976 3489 2028 ad
3530 1975 3735 2042 aliquem

2187 2046 2464 2100 Christum
2495 2047 2764 2110 desinere,
2792 2060 2842 2097 ci
2874 2058 3157 2113 utramque
3186 2046 3338 2099 iliatn
3360 2044 3734 2099 hebdomadam

2188 2127 2421 2185 partem,
2464 2125 2517 2169 et
2540 2117 2642 2169 hoc
2680 2118 2942 2182 temporis
2983 2117 3354 2173 intervallum;
3389 2115 3466 2167 ita
3502 2126 3559 2168 ut
3588 2117 3737 2180 primo

2187 2186 2407 2255 quidem
2436 2185 2755 2248 intervallo,
2788 2198 2878 2238 seu
2920 2186 3115 2254 elapsis
3158 2196 3369 2254 septem
3404 2185 3735 2239 hebdomadi-

2187 2253 2307 2317 bus,
2339 2253 2993 2327 Jerosolynneexstiterit
3011 2253 3325 2327 ἡγούμενος
3353 2256 3623 2308 Christus.
3641 2255 3735 2327 Quo

2186 2327 2403 2395 quidem
2437 2325 2652 2380 nomine
2687 2325 2940 2380 Petavius
2966 2325 3243 2380 existim-at
3277 2325 3493 2379 Juilaici
3547 2325 3735 2395 populi,

2186 2406 2474 2465 postquam
2517 2411 2614 2450 sua
2652 2396 2730 2451 illi
2770 2396 2994 2450 libertas
3033 2399 3280 2450 restituta
3316 2405 3425 2458 est,
3462 2397 3733 2463 principem

2186 2482 2249 2518 ac
2282 2466 2479 2521 ducem
2528 2481 2648 2521 esse
2694 2466 3127 2536 intelligendum.
3186 2467 3395 2521 Deinde
3443 2481 3573 2519 vero
3613 2465 3735 2518 aliud

2188 2537 2647 2590 hebdomadarum
2701 2540 2983 2603 sexaginta
3032 2539 3263 2591 duarum
3327 2536 3667 2589 intervallum
3709 2550 3734 2586 a

2185 2607 2463 2661 Clemente
2500 2606 2764 2662 clauditur
2790 2608 2870 2658 vel
2907 2607 3110 2661 Christi
3140 2619 3285 2669 ortu,
3321 2607 3407 2657 vel
3439 2606 3559 2672 ejus
3586 2607 3736 2673 bapti-

2186 2691 2335 2739 smo;
2370 2686 2619 2730 neutrum
2650 2677 2794 2730 enim
2824 2676 2911 2731 ille
2942 2679 3072 2731 satis
3090 2686 3278 2745 aperte
3308 2677 3627 2745 designavit.
3648 2676 3736 2728 De-

2185 2761 2349 2813 nique
2372 2747 2575 2801 ultimae
2598 2762 2690 2801 seu
2713 2749 3127 2817 septuagesima:
3152 2746 3526 2808 hebdomadis,
3546 2747 3612 2799 ab
3631 2745 3736 2817 aliis

2184 2817 2476 2885 seiuncta},
2506 2818 2785 2871 dimidiam
2820 2815 3026 2885 partem
3068 2818 3298 2883 imperio
3337 2817 3620 2886 consignat
3648 2815 3736 2869 Νο-

2187 2888 2337 2939 ronis
2360 2925 2373 2946 .
2422 2903 2531 2956 quo
2565 2896 2825 2957 regnante
2859 2905 2877 2938 ι
2907 2889 3245 2941 abominatio
3280 2886 3664 2939 desolationisn
3688 2886 3734 2939 in

2187 2957 2384 3026 templo
2415 2959 2590 3015 uusita
2624 2967 2731 3012 est.
2782 2960 3036 3026 Alteram
3058 2974 3186 3011 vero
3234 2958 3518 3026 dimidiam
3551 2966 3733 3023 partem

2182 3025 2519 3095 occupavere
2556 3030 2694 3081 Otho
2720 3067 2736 3092 ,
2767 3026 2963 3089 Galba,
3000 3025 3284 3093 Vitellius,
3329 3042 3396 3078 ac
3444 3025 3734 3092 Vespasiani

2184 3099 2477 3163 primordia
2527 3101 2593 3151 ad
2626 3098 2870 3152 ultimam
2920 3114 3088 3167 usque
3133 3097 3593 3167 Jei'osolyinoruiu
3644 3105 3736 3149 tatu

518 3168 615 3247 ipsi
645 3173 812 3226 fuisse
837 3168 921 3225 his
947 3168 1180 3247 Dauielis
1205 3168 1632 3222 hebdomadibus
1656 3183 1923 3222 annorum
1948 3185 2084 3247 qua-
2113 3189 2158 3247 ς
2189 3169 2424 3247 civitatis
2450 3183 2612 3247 quam
2643 3169 2840 3247 templi
2864 3170 3243 3247 vastationem.

515 3246 928 3308 dringentorum
957 3242 1251 3308 nonaginta
1274 3248 1477 3306 septem
1503 3252 1769 3308 summam
1808 3242 2086 3295 constitui.

516 3307 807 3379 [lucusque
860 3320 1037 3364 autem
1084 3307 1381 3364 Clementis
1411 3308 1478 3361 de
1526 3307 2092 3379 hisihebdomadibus

515 3378 784 3438 sententia
810 3392 864 3436 et
900 3379 1191 3450 etiplicatio
1221 3394 1349 3432 vera
1389 3378 1727 3450 doctioribus
1765 3380 2002 3440 videtur,
2038 3391 2093 3434 et

514 3454 754 3522 opinioni
787 3447 1165 3522 anteponenda
1216 3450 1483 3522 aliortiiii,_
1502 3447 1593 3515 qui
1638 3450 1904 3522 usquead
1949 3465 2089 3517 prte-

521 3517 823 3576 iiuiitiataiii
848 3537 878 3574 ιι
905 3517 1122 3574 Daniele
1151 3538 1167 3569 ι
1189 3518 1647 3572 abominationetu
1668 3517 2043 3585 desolationis,
2062 3538 2083 3571 ι

513 3604 567 3645 et
611 3590 813 3648 Christi
844 3601 1048 3653 ortum,
1092 3600 1179 3643 aut
1209 3591 1428 3641 brevius
1451 3627 1467 3652 ,
1516 3596 1612 3639 aut
1646 3587 1883 3657 longius,
1923 3604 2086 3657 quam

518 3678 614 3731 par
641 3671 745 3724 est.
777 3660 1038 3728 temporis
1063 3659 1301 3726 spatium
1333 3660 1631 3726 assignant.

590 3732 841 3787 Secundo
876 3725 1035 3797 igitur
1066 3725 1363 3800 notandum
1389 3725 1479 3800 est
1503 3725 1837 3800 praecipuam
1861 3743 1924 3783 ac
1947 3744 2088 3800 pene

518 3812 686 3855 totam
739 3801 792 3855 in
832 3800 1164 3868 explicandis
1214 3797 1454 3851 Danielis
1500 3797 2088 3854 hebdomadibus'dif-

518 3873 816 3926 nouitatem
864 3871 916 3923 in
953 3884 1142 3924 earum
1190 3868 1346 3922 initio
1393 3878 1447 3922 et
1483 3868 1590 3921 line
1634 3870 1920 3924 statuendo
1965 3885 2089 3926 esse

510 3944 771 4010 positam.
804 3938 990 3994 Utrum
1018 3951 1197 3993 autem
1225 3939 1350 4010 haec,
1368 3954 1397 3992 a
1420 3938 1700 4010 Clemente
1727 3948 1910 3992 nostro
1938 3950 2086 3995 recte

464 4030 467 4033 λ
515 4008 1061 4073 circuitiscribantur,
1098 4017 1193 4062 aut
1221 4008 1354 4077 quid
1383 4011 1435 4061 iu
1467 4009 1549 4062 eis
1575 4008 2086 4064 circumscribendis

515 4097 773 4148 peccasse
809 4092 863 4135 et
910 4096 941 4134 a
989 4094 1120 4134 vero
1161 4080 1453 4134 aberrasse
1484 4080 1731 4144 dicatur,
1771 4079 1887 4147 jam
1935 4082 2087 4136 iuve-

510 4154 819 4220 siigandum
847 4161 950 4205 est.

582 4215 796 4276 Primus
825 4235 956 4289 ergo
991 4219 1043 4273 in
1079 4218 1312 4273 medium
1356 4215 1985 4290 prodeatkliierouymus
2014 4221 2083 4286 ⁸⁸,

513 4303 567 4346 ct
598 4293 727 4361 quid
773 4294 827 4346 in
853 4288 918 4345 ea
946 4291 1242 4346 Clementis
1270 4290 1553 4361 sententia
1589 4288 1714 4343 falsi
1747 4288 1965 4359 arguat,
2000 4301 2084 4343 at-

515 4359 836 4415 tendamus:
880 4377 898 4410 i
924 4364 1177 4416 Clemens
1201 4399 1217 4425 ,
1251 4360 1464 4428 inquit,
1508 4359 1592 4412 vir
1631 4362 2036 4414 eruditissimus
2065 4399 2081 4424 ,

515 4434 800 4501 presbyter
830 4430 1212 4484 Alexandrina:
1247 4430 1521 4501 Ecclesiae,
1557 4432 1957 4498 parvipenderis
1987 4446 2081 4483 an-

2262 3239 2423 3291 Addit
2455 3235 2629 3293 adhuc
2659 3235 2912 3293 Petavius
2937 3240 3277 3308 septuaginta
3304 3235 3563 3292 Jeremize
3581 3248 3735 3289 annos

2186 3307 2340 3376 juxta
2388 3309 2682 3363 Clementis
2732 3309 2905 3362 nostri
2967 3307 3197 3363 mentem
3242 3317 3301 3360 el.
3351 3320 3671 3362 sententiam
3710 3322 3736 3356 a

2191 3381 2366 3446 primo
2422 3380 2666 3432 inchoari
2706 3379 3039 3449 Olympiadis
3072 3380 3509 3449 quadragesimae
3552 3387 3738 3432 octava:

2190 3463 2365 3528 anno,
2396 3451 2487 3529 qui
2520 3449 2835 3504 undecimus
2857 3449 3133 3529 .Jo‘achimi
3172 3458 3227 3503 et
3262 3449 3740 3529 habuchodoiioso-

2189 3518 2557 3588 risseptiinus
2584 3530 2689 3584 est,
2720 3531 2775 3575 et
2804 3522 2869 3574 ad
2905 3520 3049 3573 Darii
3079 3522 3385 3573 secundum
3415 3518 3655 3588 perduci.

2256 3587 2434 3654 Atque
2468 3591 2606 3644 hanc
2634 3592 2985 3646 doctissimus
3014 3588 3271 3644 Petavius
3301 3587 3596 3644 arbitratur
3630 3601 3739 3643 esse

2190 3672 2375 3728 veram
2413 3658 2709 3713 Clementis
2750 3662 3082 3728 opinionem.
3114 3659 3249 3717 Nam
3287 3662 3531 3728 alioqui,
3558 3662 3741 3725 inquit,

2188 3727 2291 3781 sibi
2332 3729 2431 3797 ipsi
2463 3732 2622 3784 nimis
2651 3727 2834 3800 aperte
2863 3731 3112 3785 Clemens
3138 3727 3563 3793 contradiceret,
3592 3746 3740 3796 utpo-

2191 3809 2243 3853 te
2269 3801 2358 3867 qui
2390 3814 2708 3867 persuasum
2741 3802 2955 3863 habeat,
2994 3802 3173 3855 Persis
3209 3802 3625 3868 imperantibus,
3661 3817 3743 3851 au-

2188 3883 2284 3922 uos
2310 3871 2570 3924 ducentos
2597 3872 2812 3940 triginta
2839 3876 3097 3941 quinque,
3126 3881 3180 3924 et
3207 3870 3334 3923 inue
3360 3873 3426 3923 ad
3454 3870 3743 3938 Cleopatra:

2189 3948 2418 4010 mortem
2461 3957 2631 3995 annos
2667 3951 2936 3996 trecentos
2963 3951 3219 4010 quatuor,
3251 3952 3420 4008 atque
3448 3941 3522 3993 ita
3556 3957 3588 3993 ιι
3613 3944 3745 4010 Cyro

2187 4009 2255 4062 ad
2294 4012 2577 4081 Actiacam
2626 4013 2909 4065 victoriam
2947 4009 3273 4081 quingentos
3304 4014 3524 4079 triginta
3564 4009 3742 4064 novent

2186 4093 2357 4135 annos
2383 4080 2626 4135 ﬂuXIsse.
2670 4081 3049 4136 Verumtamen
3080 4080 3134 4134 in
3169 4082 3465 4135 Clementis
3500 4083 3747 4149 opinione

2189 4151 2344 4215 plura
2376 4154 2508 4206 falsa
2533 4164 2589 4207 et
2603 4153 2835 4206 absurda
2861 4166 2980 4210 esse
3005 4153 3147 4205 haud
3168 4154 3485 4205 dubitanter
3506 4150 3747 4205 Petavius

2186 4231 2486 4284 asseverat,

2255 4298 2338 4342 Att
2394 4305 2574 4345 autem
2617 4288 2706 4344 ille
2760 4291 3000 4346 auctoris
3047 4291 3221 4345 nostri
3278 4300 3513 4346 mentem
3562 4292 3748 4346 melius

2184 4374 2346 4429 quam
2374 4363 2465 4414 alii
2489 4365 2824 4429 exploratam
2851 4364 3118 4426 habuerit,
3148 4366 3201 4415 in
3231 4364 3452 4415 dubium
3485 4364 3632 4414 haud
3658 4364 3750 4415 iui-

2185 4429 2382 4501 nierito
2414 4433 2594 4485 vocari
2632 4441 2830 4501 potest.
2862 4430 3101 4485 Priinutn
3135 4433 3282 4485 enim
3309 4432 3379 4487 de
3411 4433 3696 4500 iiiterjecto
3720 4447 3750 4487 ι

516 4500 707 4587 norum
728 4515 1099 4587 ⁸ιιιιιιιιιιηιιιιλὶξι
1131 4503 1273 4582 Cyro
1324 4516 1452 4568 rege
1483 4500 1769 4587 Persar‘uiii
1817 4515 1984 4569 usque
2013 4502 2079 4553 ad
2116 4529 2161 4587 υ
2187 4500 2467 4581 Clemente
2498 4500 2643 4587 intra
2674 4503 3608 4587 scptluagittta'liebdomadasaliquo
3625 4512 3752 4581 teut-

522 4571 907 4640 \cspasiauum
937 4582 993 4625 et
1022 4571 1202 4624 Titum
1255 4576 1617 4639 imperatores
1644 4571 1915 4624 Romanu.»
1935 4611 1951 4636 ,
2002 4586 2085 4625 se-

513 4642 795 4710 ptuaginta
815 4655 1080 4696 annorum
1097 4644 1464 4695 hebdomadas
1479 4642 1607 4694 dicit
1627 4654 1752 4693 esse
1764 4641 2083 4709 completas,

516 4715 571 4763 id
621 4719 705 4765 est
748 4726 918 4764 annos
974 4712 1404 4781 quadringentos
1441 4712 1756 4779 nonaginta,
1794 4711 1992 4766 additis
2032 4717 2085 4765 in

516 4782 632 4849 ipso
669 4797 896 4833 numero
932 4783 1143 4835 duobus
1183 4782 1421 4835 millibus
1463 4782 1722 4834 trecentis
1761 4782 1949 4835 diebus
1973 4823 1988 4846 ,
2020 4786 2086 4836 de

514 4853 725 4918 quibus.
753 4866 914 4919 supra
959 4855 1232 4906 diximus:
1275 4852 1676 4919 Persarumque
1724 4862 1779 4906 et
1829 4852 2084 4907 Macedo-

514 4937 643 4974 num
670 4959 685 4984 ,
719 4931 777 4976 et
815 4926 1090 4976 Caesarum
1141 4932 1382 4990 tempora
1435 4939 1487 4975 iii
1521 4923 1604 4974 his
1651 4923 2081 4978 hebdomadibus

514 5005 836 5045 enumerare
884 5002 1155 5056 conatur;
1227 5010 1348 5045 cum
1392 4994 1545 5061 juxta
1609 4992 2078 5062 diligentissimam

514 5065 950 5134 supputationem
984 5079 1014 5115 a
1047 5063 1222 5132 primo
1247 5078 1391 5117 anno
1430 5063 1581 5132 Cyri,
1609 5077 1751 5134 regis
1792 5065 2077 5117 Persarum

513 5144 677 5200 atque
706 5132 1009 5199 Medorum,
1037 5135 1090 5187 iu
1122 5149 1228 5201 quo
1259 5136 1549 5202 imperant
1572 5141 1629 5186 et
1658 5132 1871 5199 Darius,
1908 5148 2080 5202 usque

512 5206 579 5254 ad
624 5201 1013 5269 VeSpasiauum
1053 5214 1110 5258 et
1147 5201 1486 5258 eversiduem
1533 5204 1741 5272 templi,
1784 5201 2082 5273 supputen-

514 5283 602 5325 tur
631 5275 758 5325 anni
790 5273 1034 5329 sexcenti
1075 5274 1318 5342 triginta.
1346 5294 1367 5326 ι
1403 5275 1933 5343 Clementemigitur
1974 5289 2081 5326 ma-

511 5343 603 5409 gni
635 5344 857 5409 erroris,
900 5346 1152 5397 nimirum
1187 5346 1544 5398 ducentorum
1575 5346 1935 5413 quadraginta
1972 5359 2073 5397 an-

515 5428 706 5484 norum
732 5414 1138 5484 aiiachrouisiiii
1164 5413 1522 5484 Hieronymus
1539 5422 1781 5479 accusat,
1811 5429 2073 5483 reunique

513 5483 645 5546 agit.
691 5483 798 5536 Alii
837 5499 1051 5555 quoque
1085 5486 1327 5551 ejusdem
1371 5483 1496 5537 fere
1542 5485 1907 5538 aberrationis
1945 5486 2071 5538 Cle-

514 5565 748 5624 mentem
774 5569 1028 5622 arguunt,
1053 5571 1118 5608 eo
1142 5556 1287 5608 ducti
1315 5566 1657 5624 argumento,
1687 5559 1812 5622 quia
1841 5570 1870 5605 a
1897 5556 2076 5623 primo

513 5620 636 5687 Cyri
667 5637 809 5676 anno
831 5620 966 5690 {qui
1018 5627 1223 5693 primus
1266 5620 1597 5695 Olympiadis
1623 5620 2080 5695 quiiiquagesittiae

564 5758 606 5787 “⁸
637 5757 769 5813 Dan.
794 5765 1021 5829 vui,15,
1051 5765 1136 5818 H.
1212 5767 1233 5798 ’
1267 5767 1398 5821 Dan.
1431 5783 1530 5833 xit,
1562 5765 1650 5823 12.

516 5825 591 5881 De
626 5832 794 5882 ductr.
827 5825 989 5903 temp.
1011 5825 1066 5888 te.
1096 5836 1184 5889 30.

1731 5770 1774 5803 ιι
1804 5770 1932 5826 ibid.
1967 5771 2054 5839 io,
2094 5770 2178 5825 i2.

2189 4572 2343 4640 poris
2379 4571 2669 4625 intervallo
2714 4572 2916 4624 nullum
2945 4571 3160 4639 quidem
3193 4573 3247 4623 in
3286 4571 3387 4625 hoc
3425 4571 3570 4624 libro
3600 4572 3752 4627 vesti-

2188 4643 2333 4710 gium
2368 4653 2612 4711 apparet.
2646 4649 2739 4704 At,
2770 4642 2945 4710 inquit
2978 4641 3252 4704 Petavius,
3285 4642 3387 4694 nisi
3424 4642 3557 4695 illud
3590 4644 3755 4695 inter-

2189 4723 2445 4779 pooatur,
2476 4713 2730 4767 Clemens
2759 4713 3012 4766 immanis
3051 4716 3460 4765 anacbronisnit
3490 4713 3753 4765 eundem-

2189 4783 2399 4836 nandus
2434 4793 2539 4836 est.
2577 4784 2683 4836 Sed
2725 4786 2791 4835 ad
2842 4786 3162 4850 scriptorem
3194 4797 3389 4835 errore
3416 4782 3751 4835 liberandum

2191 4851 2271 4905 las
2302 4867 2407 4906 iioii
2442 4863 2526 4906 est
2564 4868 2627 4905 ea
2659 4853 2734 4905 illi
2782 4857 3059 4907 ascribere
3080 4892 3095 4916 ,
3126 4856 3191 4906 de
3229 4854 3430 4920 quibus
3457 4865 3513 4904 et
3553 4853 3753 4905 nullum

2186 4923 2353 4978 habet
2390 4926 2637 4987 verbum,
2671 4935 2726 4976 et
2754 4938 2821 4975 ne
2843 4925 3109 4992 cogitasse
3138 4927 3356 4992 quidem
3393 4925 3633 4976 videtur.

2255 4994 2374 5046 Alia
2419 5011 2584 5063 porro
2619 4994 2759 5046 illius
2795 4991 3085 5047 excusanti
3121 4991 3174 5046 et
3208 4998 3581 5061 percipienda:
3621 4991 3759 5045 illius

2185 5066 2383 5119 utentis
2420 5068 2560 5117 ratio
2588 5064 2969 5131 ἱιιινιιυιιιίιιιιι
3001 5075 3195 5133 potest.
3227 5068 3343 5116 non
3365 5069 3511 5116 enini
3546 5074 3621 5115 ita
3652 5074 3762 5115 cta-

2187 5150 2306 5188 rum
2336 5146 2390 5187 et
2417 5145 2665 5203 apertum
2699 5144 2805 5197 est,
2838 5135 3097 5202 qitiuquid
3126 5138 3274 5187 dicat
3305 5133 3589 5198 Petavius,
3625 5136 3761 5183 unde

2185 5204 2436 5258 Clemens
2453 5207 2794 5275 septuaginta
2813 5206 3272 5258 hebdomadarum
3293 5206 3506 5256 initium
3528 5204 3757 5272 ceperit.

2184 5276 2251 5328 Et
2280 5289 2431 5327 certe
2473 5277 2726 5343 quamvis
2758 5276 2847 5328 ille
2878 5275 3280 5342 chronologiaitt
3333 5275 3758 5343 reguuidPerSa-

2179 5361 2297 5399 rutn
2332 5341 2609 5408 exhibeat,
2640 5359 2870 5415 eamque
2899 5362 2927 5396 a
2962 5344 3107 5415 Cyro
3133 5341 3396 5406 ot'diatur,
3420 5352 3475 5396 et
3515 5341 3764 5401 lateba-

2182 5417 2357 5469 belein
2383 5422 2440 5467 ut
2466 5415 2724 5483 templum
2742 5414 3258 5485 Jerusolyiiiitamint
3285 5415 3656 5480 inStauraret,
3674 5430 3765 5467 an—

2183 5502 2252 5539 no
2300 5487 2540 5540 secundo
2584 5490 2730 5539 Darii
2784 5487 3067 5555 Hystaspis
3115 5486 3206 5537 lilii
3237 5488 3457 5540 missum
3513 5486 3759 5546 dixerit;

2186 5572 2288 5609 non
2319 5556 2464 5610 inde
2508 5566 2684 5610 tamen
2739 5567 2983 5623 sequitur
3015 5555 3348 5609 Clementem
3408 5568 3767 5610 asseverasse

2187 5627 2532 5695 septuaginta
2582 5628 2946 5682 hebdomadas
2980 5642 3008 5679 a
3035 5639 3209 5694 primo
3256 5624 3383 5695 Cyri
3412 5640 3570 5682 anno
3605 5642 3766 5681 suum

2293 5771 2332 5803 “
2368 5771 2674 5826 Comment.
2708 5771 2759 5823 in
2804 5786 2853 5825 c.
2890 5785 2943 5823 ix
2984 5770 3138 5838 Dan.,
3166 5784 3221 5841 p.
3268 5769 3422 5826 1151.
3509 5770 3559 5802 ⁸⁸
3592 5772 3637 5826 ι.
3666 5783 3745 5829 ιιι
