  <div class='ocr_page' id='page_1' title='image "/cluster/home/n/w/nwhite01/storage/ocr_20150623/9/hvd.32044019207612/568.png"; bbox 0 0 3840 6556; ppageno 0'>
   <div class='ocr_carea' id='block_1_1' title="bbox 67 386 180 441">
    <p class='ocr_par' dir='ltr' id='par_1_1' title="bbox 67 386 180 441">
     <span class='ocr_line' id='line_1_1' title="bbox 67 386 180 441; baseline 0.018 -2"><span class='ocrx_word' id='word_1_1' title='bbox 67 386 180 441; x_wconf 64' lang='lat'><strong>“’25</strong></span> 
     </span>
    </p>
   </div>
   <div class='ocr_carea' id='block_1_2' title="bbox 1247 397 2093 457">
    <p class='ocr_par' dir='ltr' id='par_1_2' title="bbox 1247 397 2093 457">
     <span class='ocr_line' id='line_1_2' title="bbox 1247 397 2093 457; baseline 0.006 -5"><span class='ocrx_word' id='word_1_2' title='bbox 1247 397 1335 452; x_wconf 85' lang='lat' dir='ltr'><strong>DE</strong></span> <span class='ocrx_word' id='word_1_3' title='bbox 1375 397 1596 453; x_wconf 77' lang='lat' dir='ltr'><strong>LIBRIS</strong></span> <span class='ocrx_word' id='word_1_4' title='bbox 1637 399 2093 457; x_wconf 79' lang='lat' dir='ltr'><strong>STROMATUM.</strong></span> 
     </span>
    </p>
   </div>
   <div class='ocr_carea' id='block_1_3' title="bbox 3192 406 3326 464">
    <p class='ocr_par' dir='ltr' id='par_1_3' title="bbox 3192 406 3326 464">
     <span class='ocr_line' id='line_1_3' title="bbox 3192 406 3326 464; baseline -0.015 -2"><span class='ocrx_word' id='word_1_5' title='bbox 3192 406 3326 464; x_wconf 61' lang='lat'><strong>“26</strong></span> 
     </span>
    </p>
   </div>
   <div class='ocr_carea' id='block_1_4' title="bbox 68 512 3324 601">
    <p class='ocr_par' dir='ltr' id='par_1_4' title="bbox 68 512 3324 601">
     <span class='ocr_line' id='line_1_4' title="bbox 68 512 3324 601; baseline 0.005 -37"><span class='ocrx_word' id='word_1_6' title='bbox 68 512 749 601; x_wconf 39' lang='lat' dir='ltr'><strong>accepisseprincipiiunz‘</strong></span> <span class='ocrx_word' id='word_1_7' title='bbox 774 521 840 596; x_wconf 72' lang='lat' dir='ltr'><strong>at</strong></span> <span class='ocrx_word' id='word_1_8' title='bbox 863 556 879 577; x_wconf 87' lang='lat'><strong>,</strong></span> <span class='ocrx_word' id='word_1_9' title='bbox 914 513 1089 601; x_wconf 65' lang='lat' dir='ltr'><strong>inquit</strong></span> <span class='ocrx_word' id='word_1_10' title='bbox 1121 515 1418 601; x_wconf 81' lang='lat' dir='ltr'><strong>Petavitis_,</strong></span> <span class='ocrx_word' id='word_1_11' title='bbox 1464 520 1532 600; x_wconf 83' lang='lat' dir='ltr'><strong>ab</strong></span> <span class='ocrx_word' id='word_1_12' title='bbox 1565 536 1630 574; x_wconf 87' lang='lat' dir='ltr'><strong>eo</strong></span> <span class='ocrx_word' id='word_1_13' title='bbox 1660 527 1706 584; x_wconf 76' lang='grc' dir='ltr'><strong>Α</strong></span> <span class='ocrx_word' id='word_1_14' title='bbox 1737 521 1845 601; x_wconf 86' lang='lat' dir='ltr'><strong>limi</strong></span> <span class='ocrx_word' id='word_1_15' title='bbox 1872 561 1888 601; x_wconf 52' lang='grc' dir='ltr'><em>ε</em></span> <span class='ocrx_word' id='word_1_16' title='bbox 1911 533 2130 601; x_wconf 56' lang='lat' dir='ltr'><strong>eertum</strong></span> <span class='ocrx_word' id='word_1_17' title='bbox 2175 521 2257 601; x_wconf 48' lang='lat' dir='ltr'><strong>uel</strong></span> <span class='ocrx_word' id='word_1_18' title='bbox 2303 523 2568 601; x_wconf 51' lang='lat' dir='ltr'><strong>incertum</strong></span> <span class='ocrx_word' id='word_1_19' title='bbox 2589 567 2605 590; x_wconf 89' lang='lat'><strong>,</strong></span> <span class='ocrx_word' id='word_1_20' title='bbox 2647 526 2828 601; x_wconf 70' lang='lat' dir='ltr'><strong>disces</strong></span> <span class='ocrx_word' id='word_1_21' title='bbox 2861 526 3286 601; x_wconf 77' lang='lat' dir='ltr'><strong>ex__llicr0iiynm</strong></span> <span class='ocrx_word' id='word_1_22' title='bbox 3307 572 3324 596; x_wconf 91' lang='lat'><strong>,</strong></span> 
     </span>
    </p>
   </div>
   <div class='ocr_carea' id='block_1_5' title="bbox 68 585 1622 660">
    <p class='ocr_par' dir='ltr' id='par_1_5' title="bbox 68 585 1622 660">
     <span class='ocr_line' id='line_1_5' title="bbox 68 585 1622 660; baseline 0.003 -22"><span class='ocrx_word' id='word_1_23' title='bbox 68 587 170 656; x_wconf 82' lang='lat' dir='ltr'><strong>(.yri</strong></span> <span class='ocrx_word' id='word_1_24' title='bbox 200 599 342 636; x_wconf 88' lang='lat' dir='ltr'><strong>anno</strong></span> <span class='ocrx_word' id='word_1_25' title='bbox 381 599 566 651; x_wconf 86' lang='lat' dir='ltr'><strong>usque</strong></span> <span class='ocrx_word' id='word_1_26' title='bbox 602 585 667 637; x_wconf 86' lang='lat' dir='ltr'><strong>ad</strong></span> <span class='ocrx_word' id='word_1_27' title='bbox 712 586 935 660; x_wconf 75' lang='lat' dir='ltr'><strong>Dariniu</strong></span> <span class='ocrx_word' id='word_1_28' title='bbox 980 585 1233 660; x_wconf 88' lang='lat' dir='ltr'><strong>Clemens</strong></span> <span class='ocrx_word' id='word_1_29' title='bbox 1266 589 1622 660; x_wconf 83' lang='lat' dir='ltr'><strong>quadraginta</strong></span> 
     </span>
    </p>
   </div>
   <div class='ocr_carea' id='block_1_6' title="bbox 71 655 1622 729">
    <p class='ocr_par' dir='ltr' id='par_1_6' title="bbox 71 655 1622 729">
     <span class='ocr_line' id='line_1_6' title="bbox 71 655 1622 729; baseline 0.005 -23"><span class='ocrx_word' id='word_1_30' title='bbox 71 655 232 729; x_wconf 65' lang='lat' dir='ltr'><strong>novem</strong></span> <span class='ocrx_word' id='word_1_31' title='bbox 262 669 451 729; x_wconf 77' lang='lat' dir='ltr'><strong>annos</strong></span> <span class='ocrx_word' id='word_1_32' title='bbox 479 665 778 729; x_wconf 84' lang='lat' dir='ltr'><strong>computat.</strong></span> <span class='ocrx_word' id='word_1_33' title='bbox 817 655 890 708; x_wconf 80' lang='lat' dir='ltr'><strong>Eo</strong></span> <span class='ocrx_word' id='word_1_34' title='bbox 925 657 1092 729; x_wconf 80' lang='lat' dir='ltr'><strong>igitur</strong></span> <span class='ocrx_word' id='word_1_35' title='bbox 1122 655 1348 729; x_wconf 75' lang='lat' dir='ltr'><strong>numero</strong></span> <span class='ocrx_word' id='word_1_36' title='bbox 1381 655 1585 729; x_wconf 69' lang='lat' dir='ltr'><strong>septem</strong></span> <span class='ocrx_word' id='word_1_37' title='bbox 1607 702 1622 723; x_wconf 90' lang='lat'><strong>,</strong></span> 
     </span>
    </p>
   </div>
   <div class='ocr_carea' id='block_1_7' title="bbox 70 723 1626 792">
    <p class='ocr_par' dir='ltr' id='par_1_7' title="bbox 70 723 1626 792">
     <span class='ocr_line' id='line_1_7' title="bbox 70 723 1626 792; baseline 0.004 -14"><span class='ocrx_word' id='word_1_38' title='bbox 70 727 127 778; x_wconf 92' lang='lat' dir='ltr'><strong>uti</strong></span> <span class='ocrx_word' id='word_1_39' title='bbox 157 725 237 777; x_wconf 85' lang='lat' dir='ltr'><strong>ille</strong></span> <span class='ocrx_word' id='word_1_40' title='bbox 265 726 366 787; x_wconf 84' lang='lat' dir='ltr'><strong>ait,</strong></span> <span class='ocrx_word' id='word_1_41' title='bbox 400 724 474 777; x_wconf 89' lang='lat' dir='ltr'><strong>ab</strong></span> <span class='ocrx_word' id='word_1_42' title='bbox 509 727 682 778; x_wconf 76' lang='lat' dir='ltr'><strong>Esdra</strong></span> <span class='ocrx_word' id='word_1_43' title='bbox 718 736 1039 792; x_wconf 64' lang='lat' dir='ltr'><strong>computare</strong></span> <span class='ocrx_word' id='word_1_44' title='bbox 1079 723 1626 784; x_wconf 48' lang='lat' dir='ltr'><strong>liebdoniades&#39;coni-</strong></span> 
     </span>
    </p>
   </div>
   <div class='ocr_carea' id='block_1_8' title="bbox 69 794 1624 864">
    <p class='ocr_par' dir='ltr' id='par_1_8' title="bbox 69 794 1624 864">
     <span class='ocr_line' id='line_1_8' title="bbox 69 794 1624 864; baseline 0.005 -17"><span class='ocrx_word' id='word_1_45' title='bbox 69 794 476 864; x_wconf 69' lang='lat' dir='ltr'><strong>prelienduuttir.</strong></span> <span class='ocrx_word' id='word_1_46' title='bbox 528 794 727 849; x_wconf 87' lang='lat' dir='ltr'><strong>Vermn</strong></span> <span class='ocrx_word' id='word_1_47' title='bbox 780 797 892 849; x_wconf 68' lang='lat' dir='ltr'><strong>haec</strong></span> <span class='ocrx_word' id='word_1_48' title='bbox 938 799 1221 853; x_wconf 82' lang='lat' dir='ltr'><strong>conclusio</strong></span> <span class='ocrx_word' id='word_1_49' title='bbox 1263 799 1470 854; x_wconf 78' lang='lat' dir='ltr'><strong>Petavii</strong></span> <span class='ocrx_word' id='word_1_50' title='bbox 1519 812 1624 864; x_wconf 82' lang='lat' dir='ltr'><strong>est,</strong></span> 
     </span>
    </p>
   </div>
   <div class='ocr_carea' id='block_1_9' title="bbox 69 862 1627 934">
    <p class='ocr_par' dir='ltr' id='par_1_9' title="bbox 69 862 1627 934">
     <span class='ocr_line' id='line_1_9' title="bbox 69 862 1627 934; baseline 0.004 -17"><span class='ocrx_word' id='word_1_51' title='bbox 69 884 149 918; x_wconf 78' lang='lat' dir='ltr'><strong>nun</strong></span> <span class='ocrx_word' id='word_1_52' title='bbox 177 881 303 918; x_wconf 81' lang='lat' dir='ltr'><strong>vero</strong></span> <span class='ocrx_word' id='word_1_53' title='bbox 332 862 669 930; x_wconf 77' lang='lat' dir='ltr'><strong>Clementis,</strong></span> <span class='ocrx_word' id='word_1_54' title='bbox 701 867 794 934; x_wconf 88' lang='lat' dir='ltr'><strong>qui</strong></span> <span class='ocrx_word' id='word_1_55' title='bbox 824 866 1011 919; x_wconf 89' lang='lat' dir='ltr'><strong>iiiillibi</strong></span> <span class='ocrx_word' id='word_1_56' title='bbox 1043 869 1180 920; x_wconf 82' lang='lat' dir='ltr'><strong>dixit</strong></span> <span class='ocrx_word' id='word_1_57' title='bbox 1213 870 1307 922; x_wconf 87' lang='lat' dir='ltr'><strong>has</strong></span> <span class='ocrx_word' id='word_1_58' title='bbox 1330 862 1627 924; x_wconf 56' lang='lat' dir='ltr'><strong>hebdoma?-</strong></span> 
     </span>
    </p>
   </div>
   <div class='ocr_carea' id='block_1_10' title="bbox 68 935 1627 1010">
    <p class='ocr_par' dir='ltr' id='par_1_10' title="bbox 68 935 1627 1010">
     <span class='ocr_line' id='line_1_10' title="bbox 68 935 1627 1010; baseline 0.004 -21"><span class='ocrx_word' id='word_1_59' title='bbox 68 937 140 989; x_wconf 67' lang='lat' dir='ltr'><strong>des</strong></span> <span class='ocrx_word' id='word_1_60' title='bbox 173 937 253 1010; x_wconf 90' lang='lat' dir='ltr'><strong>bis</strong></span> <span class='ocrx_word' id='word_1_61' title='bbox 289 935 423 1010; x_wconf 80' lang='lat' dir='ltr'><strong>Cyri</strong></span> <span class='ocrx_word' id='word_1_62' title='bbox 454 976 471 1010; x_wconf 83' lang='lat'><strong>,_</strong></span> <span class='ocrx_word' id='word_1_63' title='bbox 501 937 735 1010; x_wconf 78' lang='lat' dir='ltr'><strong>ejusque</strong></span> <span class='ocrx_word' id='word_1_64' title='bbox 785 939 1114 1010; x_wconf 73' lang='lat' dir='ltr'><strong>successoris</strong></span> <span class='ocrx_word' id='word_1_65' title='bbox 1141 939 1426 1010; x_wconf 80' lang='lat' dir='ltr'><strong>Cambysis</strong></span> <span class='ocrx_word' id='word_1_66' title='bbox 1473 944 1627 996; x_wconf 88' lang='lat' dir='ltr'><strong>annis</strong></span> 
     </span>
    </p>
   </div>
   <div class='ocr_carea' id='block_1_11' title="bbox 68 1005 1622 1079">
    <p class='ocr_par' dir='ltr' id='par_1_11' title="bbox 68 1005 1622 1079">
     <span class='ocr_line' id='line_1_11' title="bbox 68 1005 1622 1079; baseline 0.004 -21"><span class='ocrx_word' id='word_1_67' title='bbox 68 1008 327 1079; x_wconf 59' lang='lat' dir='ltr'><strong>contineri.</strong></span> <span class='ocrx_word' id='word_1_68' title='bbox 365 1005 512 1079; x_wconf 86' lang='lat' dir='ltr'><strong>Quid</strong></span> <span class='ocrx_word' id='word_1_69' title='bbox 558 1020 762 1079; x_wconf 83' lang='lat' dir='ltr'><strong>autem,</strong></span> <span class='ocrx_word' id='word_1_70' title='bbox 793 1008 945 1079; x_wconf 88' lang='lat' dir='ltr'><strong>quod</strong></span> <span class='ocrx_word' id='word_1_71' title='bbox 970 1007 1222 1062; x_wconf 81' lang='lat' dir='ltr'><strong>Clemens</strong></span> <span class='ocrx_word' id='word_1_72' title='bbox 1254 1005 1402 1063; x_wconf 77' lang='lat' dir='ltr'><strong>illam</strong></span> <span class='ocrx_word' id='word_1_73' title='bbox 1439 1026 1622 1079; x_wconf 86' lang='lat' dir='ltr'><strong>regum</strong></span> 
     </span>
    </p>
   </div>
   <div class='ocr_carea' id='block_1_12' title="bbox 67 1075 1622 1146">
    <p class='ocr_par' dir='ltr' id='par_1_12' title="bbox 67 1075 1622 1146">
     <span class='ocr_line' id='line_1_12' title="bbox 67 1075 1622 1146; baseline 0.004 -16"><span class='ocrx_word' id='word_1_74' title='bbox 67 1075 326 1130; x_wconf 77' lang='lat' dir='ltr'><strong>Persarum</strong></span> <span class='ocrx_word' id='word_1_75' title='bbox 353 1077 774 1146; x_wconf 79' lang='lat' dir='ltr'><strong>chroaologiani</strong></span> <span class='ocrx_word' id='word_1_76' title='bbox 803 1075 907 1131; x_wconf 85' lang='lat' dir='ltr'><strong>non</strong></span> <span class='ocrx_word' id='word_1_77' title='bbox 935 1078 1058 1131; x_wconf 89' lang='lat' dir='ltr'><strong>ideo</strong></span> <span class='ocrx_word' id='word_1_78' title='bbox 1092 1080 1292 1143; x_wconf 90' lang='lat' dir='ltr'><strong>retulit,</strong></span> <span class='ocrx_word' id='word_1_79' title='bbox 1322 1089 1378 1132; x_wconf 92' lang='lat' dir='ltr'><strong>ut</strong></span> <span class='ocrx_word' id='word_1_80' title='bbox 1413 1075 1532 1134; x_wconf 79' lang='lat' dir='ltr'><strong>cum</strong></span> <span class='ocrx_word' id='word_1_81' title='bbox 1559 1099 1622 1136; x_wconf 87' lang='lat' dir='ltr'><strong>ea</strong></span> 
     </span>
    </p>
   </div>
   <div class='ocr_carea' id='block_1_13' title="bbox 67 1147 1624 1217">
    <p class='ocr_par' dir='ltr' id='par_1_13' title="bbox 67 1147 1624 1217">
     <span class='ocr_line' id='line_1_13' title="bbox 67 1147 1624 1217; baseline 0.004 -18"><span class='ocrx_word' id='word_1_82' title='bbox 67 1159 239 1215; x_wconf 73' lang='lat' dir='ltr'><strong>septeni</strong></span> <span class='ocrx_word' id='word_1_83' title='bbox 281 1147 446 1217; x_wconf 77' lang='lat'><strong>171</strong></span> <span class='ocrx_word' id='word_1_84' title='bbox 487 1150 694 1215; x_wconf 88' lang='lat' dir='ltr'><strong>primas</strong></span> <span class='ocrx_word' id='word_1_85' title='bbox 743 1158 1098 1215; x_wconf 84' lang='lat' dir='ltr'><strong>componeret</strong></span> <span class='ocrx_word' id='word_1_86' title='bbox 1154 1150 1390 1204; x_wconf 89' lang='lat' dir='ltr'><strong>Danielis</strong></span> <span class='ocrx_word' id='word_1_87' title='bbox 1421 1153 1624 1206; x_wconf 87' lang='lat' dir='ltr'><strong>hebdo-</strong></span> 
     </span>
    </p>
   </div>
   <div class='ocr_carea' id='block_1_14' title="bbox 68 1218 1624 1289">
    <p class='ocr_par' dir='ltr' id='par_1_14' title="bbox 68 1218 1624 1289">
     <span class='ocr_line' id='line_1_14' title="bbox 68 1218 1624 1289; baseline 0.005 -20"><span class='ocrx_word' id='word_1_88' title='bbox 68 1223 242 1278; x_wconf 83' lang='lat' dir='ltr'><strong>inades.</strong></span> <span class='ocrx_word' id='word_1_89' title='bbox 282 1221 384 1272; x_wconf 89' lang='lat' dir='ltr'><strong>sed</strong></span> <span class='ocrx_word' id='word_1_90' title='bbox 412 1228 472 1271; x_wconf 93' lang='lat' dir='ltr'><strong>ut</strong></span> <span class='ocrx_word' id='word_1_91' title='bbox 498 1218 759 1289; x_wconf 80' lang='lat' dir='ltr'><strong>Ilebrzeos</strong></span> <span class='ocrx_word' id='word_1_92' title='bbox 779 1233 1068 1285; x_wconf 86' lang='lat' dir='ltr'><strong>sacrosque</strong></span> <span class='ocrx_word' id='word_1_93' title='bbox 1095 1222 1390 1289; x_wconf 88' lang='lat' dir='ltr'><strong>scriptores</strong></span> <span class='ocrx_word' id='word_1_94' title='bbox 1412 1225 1624 1278; x_wconf 68' lang='lat' dir='ltr'><strong>ueteris</strong></span> 
     </span>
    </p>
   </div>
   <div class='ocr_carea' id='block_1_15' title="bbox 67 1288 997 1356">
    <p class='ocr_par' dir='ltr' id='par_1_15' title="bbox 67 1288 997 1356">
     <span class='ocr_line' id='line_1_15' title="bbox 67 1288 997 1356; baseline 0.002 -16"><span class='ocrx_word' id='word_1_95' title='bbox 67 1289 380 1356; x_wconf 75' lang='lat' dir='ltr'><strong>antiquiores</strong></span> <span class='ocrx_word' id='word_1_96' title='bbox 409 1304 532 1342; x_wconf 89' lang='lat' dir='ltr'><strong>esse</strong></span> <span class='ocrx_word' id='word_1_97' title='bbox 560 1288 997 1342; x_wconf 83' lang='lat' dir='ltr'><strong>demonstraret?</strong></span> 
     </span>
    </p>
   </div>
   <div class='ocr_carea' id='block_1_16' title="bbox 114 1358 1620 1428">
    <p class='ocr_par' dir='ltr' id='par_1_16' title="bbox 114 1358 1620 1428">
     <span class='ocr_line' id='line_1_16' title="bbox 114 1358 1620 1428; baseline 0.003 -17"><span class='ocrx_word' id='word_1_98' title='bbox 114 1358 370 1412; x_wconf 78' lang='lat' dir='ltr'><strong>Fateatur</strong></span> <span class='ocrx_word' id='word_1_99' title='bbox 417 1359 640 1428; x_wconf 78' lang='lat' dir='ltr'><strong>quidem</strong></span> <span class='ocrx_word' id='word_1_100' title='bbox 689 1361 847 1412; x_wconf 89' lang='lat' dir='ltr'><strong>linem</strong></span> <span class='ocrx_word' id='word_1_101' title='bbox 886 1359 1076 1412; x_wconf 89' lang='lat' dir='ltr'><strong>barum</strong></span> <span class='ocrx_word' id='word_1_102' title='bbox 1118 1359 1578 1416; x_wconf 74' lang='lat' dir='ltr'><strong>hebdomadarum</strong></span> <span class='ocrx_word' id='word_1_103' title='bbox 1605 1405 1620 1427; x_wconf 94' lang='lat'><strong>,</strong></span> 
     </span>
    </p>
   </div>
   <div class='ocr_carea' id='block_1_17' title="bbox 66 1429 1620 1496">
    <p class='ocr_par' dir='ltr' id='par_1_17' title="bbox 66 1429 1620 1496">
     <span class='ocr_line' id='line_1_17' title="bbox 66 1429 1620 1496; baseline 0.004 -16"><span class='ocrx_word' id='word_1_104' title='bbox 66 1447 160 1482; x_wconf 82' lang='lat' dir='ltr'><strong>runt</strong></span> <span class='ocrx_word' id='word_1_105' title='bbox 204 1429 586 1483; x_wconf 84' lang='lat' dir='ltr'><strong>Romanorum</strong></span> <span class='ocrx_word' id='word_1_106' title='bbox 634 1430 1018 1496; x_wconf 76' lang='lat' dir='ltr'><strong>imperatorum</strong></span> <span class='ocrx_word' id='word_1_107' title='bbox 1059 1431 1217 1484; x_wconf 90' lang='lat' dir='ltr'><strong>annis</strong></span> <span class='ocrx_word' id='word_1_108' title='bbox 1257 1432 1324 1485; x_wconf 89' lang='lat' dir='ltr'><strong>ab</strong></span> <span class='ocrx_word' id='word_1_109' title='bbox 1366 1432 1456 1485; x_wconf 93' lang='lat' dir='ltr'><strong>illo</strong></span> <span class='ocrx_word' id='word_1_110' title='bbox 1481 1433 1620 1486; x_wconf 83' lang='lat' dir='ltr'><strong>haud</strong></span> 
     </span>
    </p>
   </div>
   <div class='ocr_carea' id='block_1_18' title="bbox 66 1499 1622 1572">
    <p class='ocr_par' dir='ltr' id='par_1_18' title="bbox 66 1499 1622 1572">
     <span class='ocr_line' id='line_1_18' title="bbox 66 1499 1622 1572; baseline 0.002 -19"><span class='ocrx_word' id='word_1_111' title='bbox 66 1501 394 1567; x_wconf 78' lang='lat' dir='ltr'><strong>indiligenter</strong></span> <span class='ocrx_word' id='word_1_112' title='bbox 442 1509 888 1572; x_wconf 77' lang='lat' dir='ltr'><strong>comparatarmn</strong></span> <span class='ocrx_word' id='word_1_113' title='bbox 920 1539 935 1561; x_wconf 92' lang='lat'><strong>,</strong></span> <span class='ocrx_word' id='word_1_114' title='bbox 975 1500 1042 1554; x_wconf 90' lang='lat' dir='ltr'><strong>ad</strong></span> <span class='ocrx_word' id='word_1_115' title='bbox 1097 1499 1407 1569; x_wconf 79' lang='lat' dir='ltr'><strong>Vespasiani</strong></span> <span class='ocrx_word' id='word_1_116' title='bbox 1451 1519 1622 1572; x_wconf 82' lang='lat' dir='ltr'><strong>usque</strong></span> 
     </span>
    </p>
   </div>
   <div class='ocr_carea' id='block_1_19' title="bbox 66 1569 1619 1642">
    <p class='ocr_par' dir='ltr' id='par_1_19' title="bbox 66 1569 1619 1642">
     <span class='ocr_line' id='line_1_19' title="bbox 66 1569 1619 1642; baseline 0.003 -18"><span class='ocrx_word' id='word_1_117' title='bbox 66 1585 304 1639; x_wconf 85' lang='lat' dir='ltr'><strong>tempora,</strong></span> <span class='ocrx_word' id='word_1_118' title='bbox 341 1585 407 1622; x_wconf 86' lang='lat' dir='ltr'><strong>ac</strong></span> <span class='ocrx_word' id='word_1_119' title='bbox 431 1569 898 1642; x_wconf 83' lang='lat' dir='ltr'><strong>Jerosolyiiioruni</strong></span> <span class='ocrx_word' id='word_1_120' title='bbox 930 1585 1051 1642; x_wconf 83' lang='lat' dir='ltr'><strong>cum</strong></span> <span class='ocrx_word' id='word_1_121' title='bbox 1082 1572 1253 1631; x_wconf 86' lang='lat' dir='ltr'><strong>urbis.</strong></span> <span class='ocrx_word' id='word_1_122' title='bbox 1287 1582 1396 1625; x_wconf 89' lang='lat' dir='ltr'><strong>ttiiii</strong></span> <span class='ocrx_word' id='word_1_123' title='bbox 1432 1569 1619 1642; x_wconf 83' lang='lat' dir='ltr'><strong>tenipli</strong></span> 
     </span>
    </p>
   </div>
   <div class='ocr_carea' id='block_1_20' title="bbox 63 1641 1624 1708">
    <p class='ocr_par' dir='ltr' id='par_1_20' title="bbox 63 1641 1624 1708">
     <span class='ocr_line' id='line_1_20' title="bbox 63 1641 1624 1708; baseline 0.003 -14"><span class='ocrx_word' id='word_1_124' title='bbox 63 1642 308 1694; x_wconf 75' lang='lat' dir='ltr'><strong>etcidimn</strong></span> <span class='ocrx_word' id='word_1_125' title='bbox 346 1641 604 1708; x_wconf 84' lang='lat' dir='ltr'><strong>produci.</strong></span> <span class='ocrx_word' id='word_1_126' title='bbox 643 1643 712 1692; x_wconf 86' lang='lat' dir='ltr'><strong>At</strong></span> <span class='ocrx_word' id='word_1_127' title='bbox 741 1656 847 1706; x_wconf 89' lang='lat' dir='ltr'><strong>quo</strong></span> <span class='ocrx_word' id='word_1_128' title='bbox 876 1641 1192 1707; x_wconf 81' lang='lat' dir='ltr'><strong>diligentius</strong></span> <span class='ocrx_word' id='word_1_129' title='bbox 1221 1642 1360 1697; x_wconf 89' lang='lat' dir='ltr'><strong>hanc</strong></span> <span class='ocrx_word' id='word_1_130' title='bbox 1388 1641 1624 1698; x_wconf 84' lang='lat' dir='ltr'><strong>instituit</strong></span> 
     </span>
    </p>
   </div>
   <div class='ocr_carea' id='block_1_21' title="bbox 62 1711 1617 1779">
    <p class='ocr_par' dir='ltr' id='par_1_21' title="bbox 62 1711 1617 1779">
     <span class='ocr_line' id='line_1_21' title="bbox 62 1711 1617 1779; baseline 0.004 -18"><span class='ocrx_word' id='word_1_131' title='bbox 62 1728 220 1778; x_wconf 80' lang='lat' dir='ltr'><strong>minpa</strong></span> <span class='ocrx_word' id='word_1_132' title='bbox 233 1713 528 1775; x_wconf 86' lang='lat' dir='ltr'><strong>rationem,</strong></span> <span class='ocrx_word' id='word_1_133' title='bbox 556 1725 626 1763; x_wconf 92' lang='lat' dir='ltr'><strong>eo</strong></span> <span class='ocrx_word' id='word_1_134' title='bbox 653 1711 857 1764; x_wconf 89' lang='lat' dir='ltr'><strong>clarius</strong></span> <span class='ocrx_word' id='word_1_135' title='bbox 883 1721 1031 1779; x_wconf 89' lang='lat' dir='ltr'><strong>patet</strong></span> <span class='ocrx_word' id='word_1_136' title='bbox 1054 1712 1152 1779; x_wconf 91' lang='lat' dir='ltr'><strong>ipsi</strong></span> <span class='ocrx_word' id='word_1_137' title='bbox 1179 1713 1231 1764; x_wconf 90' lang='lat' dir='ltr'><strong>in</strong></span> <span class='ocrx_word' id='word_1_138' title='bbox 1253 1723 1484 1767; x_wconf 88' lang='lat' dir='ltr'><strong>mentem</strong></span> <span class='ocrx_word' id='word_1_139' title='bbox 1510 1730 1617 1767; x_wconf 89' lang='lat' dir='ltr'><strong>non</strong></span> 
     </span>
    </p>
   </div>
   <div class='ocr_carea' id='block_1_22' title="bbox 63 1781 1621 1854">
    <p class='ocr_par' dir='ltr' id='par_1_22' title="bbox 63 1781 1621 1854">
     <span class='ocr_line' id='line_1_22' title="bbox 63 1781 1621 1854; baseline 0.004 -24"><span class='ocrx_word' id='word_1_140' title='bbox 63 1785 266 1848; x_wconf 74' lang='lat' dir='ltr'><strong>venisse,</strong></span> <span class='ocrx_word' id='word_1_141' title='bbox 299 1792 360 1834; x_wconf 89' lang='lat' dir='ltr'><strong>ut</strong></span> <span class='ocrx_word' id='word_1_142' title='bbox 385 1781 604 1854; x_wconf 88' lang='lat' dir='ltr'><strong>illarum</strong></span> <span class='ocrx_word' id='word_1_143' title='bbox 638 1781 917 1854; x_wconf 76' lang='lat' dir='ltr'><strong>exordium</strong></span> <span class='ocrx_word' id='word_1_144' title='bbox 943 1797 1066 1833; x_wconf 90' lang='lat' dir='ltr'><strong>cum</strong></span> <span class='ocrx_word' id='word_1_145' title='bbox 1091 1781 1295 1854; x_wconf 81' lang='lat' dir='ltr'><strong>Persici</strong></span> <span class='ocrx_word' id='word_1_146' title='bbox 1329 1785 1480 1854; x_wconf 84' lang='lat' dir='ltr'><strong>regni</strong></span> <span class='ocrx_word' id='word_1_147' title='bbox 1507 1786 1621 1852; x_wconf 92' lang='lat' dir='ltr'><strong>pri-</strong></span> 
     </span>
    </p>
   </div>
   <div class='ocr_carea' id='block_1_23' title="bbox 65 1851 1619 1921">
    <p class='ocr_par' dir='ltr' id='par_1_23' title="bbox 65 1851 1619 1921">
     <span class='ocr_line' id='line_1_23' title="bbox 65 1851 1619 1921; baseline 0.001 -16"><span class='ocrx_word' id='word_1_148' title='bbox 65 1854 260 1906; x_wconf 83' lang='lat' dir='ltr'><strong>inordiis</strong></span> <span class='ocrx_word' id='word_1_149' title='bbox 297 1852 686 1921; x_wconf 78' lang='lat' dir='ltr'><strong>contenderet.</strong></span> <span class='ocrx_word' id='word_1_150' title='bbox 715 1852 794 1905; x_wconf 85' lang='lat' dir='ltr'><strong>Ad</strong></span> <span class='ocrx_word' id='word_1_151' title='bbox 827 1851 940 1905; x_wconf 71' lang='lat' dir='ltr'><strong>hinc</strong></span> <span class='ocrx_word' id='word_1_152' title='bbox 970 1866 1120 1916; x_wconf 87' lang='lat' dir='ltr'><strong>vero,</strong></span> <span class='ocrx_word' id='word_1_153' title='bbox 1153 1851 1285 1921; x_wconf 79' lang='lat' dir='ltr'><strong>legis</strong></span> <span class='ocrx_word' id='word_1_154' title='bbox 1309 1851 1619 1908; x_wconf 59' lang='lat' dir='ltr'><strong>ad&#39;restau-</strong></span> 
     </span>
    </p>
   </div>
   <div class='ocr_carea' id='block_1_24' title="bbox 63 1920 1614 1994">
    <p class='ocr_par' dir='ltr' id='par_1_24' title="bbox 63 1920 1614 1994">
     <span class='ocr_line' id='line_1_24' title="bbox 63 1920 1614 1994; baseline 0.003 -19"><span class='ocrx_word' id='word_1_155' title='bbox 63 1928 258 1976; x_wconf 78' lang='lat' dir='ltr'><strong>randum</strong></span> <span class='ocrx_word' id='word_1_156' title='bbox 315 1920 789 1994; x_wconf 81' lang='lat' dir='ltr'><strong>Jerosolyiiioruni</strong></span> <span class='ocrx_word' id='word_1_157' title='bbox 833 1922 1100 1994; x_wconf 68' lang='lat' dir='ltr'><strong>templum</strong></span> <span class='ocrx_word' id='word_1_158' title='bbox 1155 1939 1184 1976; x_wconf 90' lang='lat' dir='ltr'><strong>a</strong></span> <span class='ocrx_word' id='word_1_159' title='bbox 1219 1920 1378 1994; x_wconf 89' lang='lat' dir='ltr'><strong>Cyro</strong></span> <span class='ocrx_word' id='word_1_160' title='bbox 1433 1926 1570 1979; x_wconf 67' lang='lat' dir='ltr'><strong>datae</strong></span> <span class='ocrx_word' id='word_1_161' title='bbox 1599 1965 1614 1990; x_wconf 89' lang='lat'><strong>,</strong></span> 
     </span>
    </p>
   </div>
   <div class='ocr_carea' id='block_1_25' title="bbox 60 1991 1616 2062">
    <p class='ocr_par' dir='ltr' id='par_1_25' title="bbox 60 1991 1616 2062">
     <span class='ocr_line' id='line_1_25' title="bbox 60 1991 1616 2062; baseline 0.004 -19"><span class='ocrx_word' id='word_1_162' title='bbox 60 2011 138 2062; x_wconf 80' lang='lat' dir='ltr'><strong>qua</strong></span> <span class='ocrx_word' id='word_1_163' title='bbox 164 1995 390 2062; x_wconf 85' lang='lat' dir='ltr'><strong>quidem</strong></span> <span class='ocrx_word' id='word_1_164' title='bbox 437 1994 508 2056; x_wconf 91' lang='lat' dir='ltr'><strong>ii,</strong></span> <span class='ocrx_word' id='word_1_165' title='bbox 541 1991 643 2058; x_wconf 82' lang='lat' dir='ltr'><strong>qui</strong></span> <span class='ocrx_word' id='word_1_166' title='bbox 675 1991 800 2045; x_wconf 89' lang='lat' dir='ltr'><strong>inde</strong></span> <span class='ocrx_word' id='word_1_167' title='bbox 832 1992 1073 2046; x_wconf 89' lang='lat' dir='ltr'><strong>Danielis</strong></span> <span class='ocrx_word' id='word_1_168' title='bbox 1110 1991 1478 2049; x_wconf 48' lang='lat' dir='ltr'><strong>liebdo&#39;niades</strong></span> <span class='ocrx_word' id='word_1_169' title='bbox 1532 1999 1616 2048; x_wconf 88' lang='lat' dir='ltr'><strong>iii-</strong></span> 
     </span>
    </p>
   </div>
   <div class='ocr_carea' id='block_1_26' title="bbox 64 2062 1617 2131">
    <p class='ocr_par' dir='ltr' id='par_1_26' title="bbox 64 2062 1617 2131">
     <span class='ocr_line' id='line_1_26' title="bbox 64 2062 1617 2131; baseline 0.001 -14"><span class='ocrx_word' id='word_1_170' title='bbox 64 2066 218 2118; x_wconf 78' lang='lat' dir='ltr'><strong>clioari</strong></span> <span class='ocrx_word' id='word_1_171' title='bbox 243 2073 505 2125; x_wconf 89' lang='lat' dir='ltr'><strong>censent,</strong></span> <span class='ocrx_word' id='word_1_172' title='bbox 536 2062 701 2115; x_wconf 85' lang='lat' dir='ltr'><strong>unico</strong></span> <span class='ocrx_word' id='word_1_173' title='bbox 723 2062 992 2131; x_wconf 91' lang='lat' dir='ltr'><strong>opinionis</strong></span> <span class='ocrx_word' id='word_1_174' title='bbox 1021 2078 1131 2117; x_wconf 74' lang='lat' dir='ltr'><strong>suae</strong></span> <span class='ocrx_word' id='word_1_175' title='bbox 1159 2062 1508 2120; x_wconf 82' lang='lat' dir='ltr'><strong>fundamento</strong></span> <span class='ocrx_word' id='word_1_176' title='bbox 1536 2068 1617 2119; x_wconf 91' lang='lat' dir='ltr'><strong>iii-</strong></span> 
     </span>
    </p>
   </div>
   <div class='ocr_carea' id='block_1_27' title="bbox 62 2133 1612 2201">
    <p class='ocr_par' dir='ltr' id='par_1_27' title="bbox 62 2133 1612 2201">
     <span class='ocr_line' id='line_1_27' title="bbox 62 2133 1612 2201; baseline 0.003 -15"><span class='ocrx_word' id='word_1_177' title='bbox 62 2136 277 2188; x_wconf 84' lang='lat' dir='ltr'><strong>nituntur</strong></span> <span class='ocrx_word' id='word_1_178' title='bbox 304 2173 322 2194; x_wconf 86' lang='lat'><strong>,</strong></span> <span class='ocrx_word' id='word_1_179' title='bbox 370 2134 577 2187; x_wconf 87' lang='lat' dir='ltr'><strong>nullam</strong></span> <span class='ocrx_word' id='word_1_180' title='bbox 612 2133 769 2201; x_wconf 86' lang='lat' dir='ltr'><strong>plane</strong></span> <span class='ocrx_word' id='word_1_181' title='bbox 809 2134 1059 2187; x_wconf 89' lang='lat' dir='ltr'><strong>Clemens</strong></span> <span class='ocrx_word' id='word_1_182' title='bbox 1100 2135 1429 2189; x_wconf 85' lang='lat' dir='ltr'><strong>mentionem</strong></span> <span class='ocrx_word' id='word_1_183' title='bbox 1462 2137 1612 2191; x_wconf 81' lang='lat' dir='ltr'><strong>fecit.</strong></span> 
     </span>
    </p>
   </div>
   <div class='ocr_carea' id='block_1_28' title="bbox 64 2202 1614 2273">
    <p class='ocr_par' dir='ltr' id='par_1_28' title="bbox 64 2202 1614 2273">
     <span class='ocr_line' id='line_1_28' title="bbox 64 2202 1614 2273; baseline 0.002 -17"><span class='ocrx_word' id='word_1_184' title='bbox 64 2205 225 2258; x_wconf 71' lang='lat' dir='ltr'><strong>Verum</strong></span> <span class='ocrx_word' id='word_1_185' title='bbox 260 2202 590 2273; x_wconf 82' lang='lat' dir='ltr'><strong>econtrario</strong></span> <span class='ocrx_word' id='word_1_186' title='bbox 625 2202 715 2257; x_wconf 88' lang='lat' dir='ltr'><strong>ille</strong></span> <span class='ocrx_word' id='word_1_187' title='bbox 745 2203 947 2258; x_wconf 88' lang='lat' dir='ltr'><strong>diserte</strong></span> <span class='ocrx_word' id='word_1_188' title='bbox 986 2215 1169 2258; x_wconf 88' lang='lat' dir='ltr'><strong>narrat</strong></span> <span class='ocrx_word' id='word_1_189' title='bbox 1199 2207 1464 2273; x_wconf 89' lang='lat' dir='ltr'><strong>quomodo</strong></span> <span class='ocrx_word' id='word_1_190' title='bbox 1509 2207 1614 2260; x_wconf 80' lang='lat' dir='ltr'><strong>Zo-</strong></span> 
     </span>
    </p>
   </div>
   <div class='ocr_carea' id='block_1_29' title="bbox 60 2272 1613 2343">
    <p class='ocr_par' dir='ltr' id='par_1_29' title="bbox 60 2272 1613 2343">
     <span class='ocr_line' id='line_1_29' title="bbox 60 2272 1613 2343; baseline 0.002 -17"><span class='ocrx_word' id='word_1_191' title='bbox 60 2275 248 2330; x_wconf 83' lang='lat' dir='ltr'><strong>mliabel</strong></span> <span class='ocrx_word' id='word_1_192' title='bbox 281 2316 296 2336; x_wconf 94' lang='lat'><strong>,</strong></span> <span class='ocrx_word' id='word_1_193' title='bbox 344 2274 532 2343; x_wconf 87' lang='lat' dir='ltr'><strong>templi</strong></span> <span class='ocrx_word' id='word_1_194' title='bbox 565 2272 1007 2343; x_wconf 89' lang='lat' dir='ltr'><strong>Jerosolyiiiitani</strong></span> <span class='ocrx_word' id='word_1_195' title='bbox 1060 2272 1381 2328; x_wconf 85' lang='lat' dir='ltr'><strong>restituendi</strong></span> <span class='ocrx_word' id='word_1_196' title='bbox 1409 2290 1572 2331; x_wconf 87' lang='lat' dir='ltr'><strong>causa</strong></span> <span class='ocrx_word' id='word_1_197' title='bbox 1597 2318 1613 2343; x_wconf 87' lang='lat'><strong>,</strong></span> 
     </span>
    </p>
   </div>
   <div class='ocr_carea' id='block_1_30' title="bbox 59 2343 1616 2415">
    <p class='ocr_par' dir='ltr' id='par_1_30' title="bbox 59 2343 1616 2415">
     <span class='ocr_line' id='line_1_30' title="bbox 59 2343 1616 2415; baseline 0 -16"><span class='ocrx_word' id='word_1_198' title='bbox 59 2349 266 2400; x_wconf 79' lang='lat' dir='ltr'><strong>secundo</strong></span> <span class='ocrx_word' id='word_1_199' title='bbox 300 2346 455 2398; x_wconf 82' lang='lat' dir='ltr'><strong>Darii</strong></span> <span class='ocrx_word' id='word_1_200' title='bbox 497 2359 644 2396; x_wconf 83' lang='lat' dir='ltr'><strong>anno</strong></span> <span class='ocrx_word' id='word_1_201' title='bbox 679 2344 874 2397; x_wconf 84' lang='lat' dir='ltr'><strong>missus</strong></span> <span class='ocrx_word' id='word_1_202' title='bbox 907 2345 1089 2398; x_wconf 83' lang='lat' dir='ltr'><strong>fuerit.</strong></span> <span class='ocrx_word' id='word_1_203' title='bbox 1141 2343 1414 2399; x_wconf 82' lang='lat' dir='ltr'><strong>Incertum</strong></span> <span class='ocrx_word' id='word_1_204' title='bbox 1448 2347 1616 2415; x_wconf 83' lang='lat' dir='ltr'><strong>igitur</strong></span> 
     </span>
    </p>
   </div>
   <div class='ocr_carea' id='block_1_31' title="bbox 59 2415 1617 2485">
    <p class='ocr_par' dir='ltr' id='par_1_31' title="bbox 59 2415 1617 2485">
     <span class='ocr_line' id='line_1_31' title="bbox 59 2415 1617 2485; baseline 0.003 -17"><span class='ocrx_word' id='word_1_205' title='bbox 59 2428 119 2468; x_wconf 82' lang='lat' dir='ltr'><strong>est</strong></span> <span class='ocrx_word' id='word_1_206' title='bbox 139 2429 316 2470; x_wconf 89' lang='lat' dir='ltr'><strong>utrum</strong></span> <span class='ocrx_word' id='word_1_207' title='bbox 361 2415 456 2469; x_wconf 92' lang='lat' dir='ltr'><strong>ille</strong></span> <span class='ocrx_word' id='word_1_208' title='bbox 494 2416 563 2467; x_wconf 89' lang='lat' dir='ltr'><strong>ab</strong></span> <span class='ocrx_word' id='word_1_209' title='bbox 598 2417 700 2468; x_wconf 90' lang='lat' dir='ltr'><strong>hoc</strong></span> <span class='ocrx_word' id='word_1_210' title='bbox 733 2424 937 2467; x_wconf 80' lang='lat' dir='ltr'><strong>tantum</strong></span> <span class='ocrx_word' id='word_1_211' title='bbox 973 2415 1235 2485; x_wconf 88' lang='lat' dir='ltr'><strong>temporis</strong></span> <span class='ocrx_word' id='word_1_212' title='bbox 1285 2426 1482 2482; x_wconf 92' lang='lat' dir='ltr'><strong>puncto</strong></span> <span class='ocrx_word' id='word_1_213' title='bbox 1515 2419 1617 2472; x_wconf 88' lang='lat' dir='ltr'><strong>Da-</strong></span> 
     </span>
    </p>
   </div>
   <div class='ocr_carea' id='block_1_32' title="bbox 60 2484 1508 2556">
    <p class='ocr_par' dir='ltr' id='par_1_32' title="bbox 60 2484 1508 2556">
     <span class='ocr_line' id='line_1_32' title="bbox 60 2484 1508 2556; baseline 0.002 -19"><span class='ocrx_word' id='word_1_214' title='bbox 60 2488 182 2540; x_wconf 83' lang='lat' dir='ltr'><strong>nielis</strong></span> <span class='ocrx_word' id='word_1_215' title='bbox 214 2484 606 2556; x_wconf 82' lang='lat' dir='ltr'><strong>hebdomadas</strong></span> <span class='ocrx_word' id='word_1_216' title='bbox 644 2485 857 2538; x_wconf 91' lang='lat' dir='ltr'><strong>initium</strong></span> <span class='ocrx_word' id='word_1_217' title='bbox 891 2490 1188 2556; x_wconf 83' lang='lat' dir='ltr'><strong>sumpsisse</strong></span> <span class='ocrx_word' id='word_1_218' title='bbox 1215 2490 1508 2556; x_wconf 85' lang='lat' dir='ltr'><strong>putaverit.</strong></span> 
     </span>
    </p>
   </div>
   <div class='ocr_carea' id='block_1_33' title="bbox 109 2554 1614 2624">
    <p class='ocr_par' dir='ltr' id='par_1_33' title="bbox 109 2554 1614 2624">
     <span class='ocr_line' id='line_1_33' title="bbox 109 2554 1614 2624; baseline 0.001 -15"><span class='ocrx_word' id='word_1_219' title='bbox 109 2557 374 2624; x_wconf 82' lang='lat' dir='ltr'><strong>Quidquid</strong></span> <span class='ocrx_word' id='word_1_220' title='bbox 407 2571 542 2610; x_wconf 88' lang='lat' dir='ltr'><strong>vero</strong></span> <span class='ocrx_word' id='word_1_221' title='bbox 575 2555 642 2608; x_wconf 88' lang='lat' dir='ltr'><strong>de</strong></span> <span class='ocrx_word' id='word_1_222' title='bbox 689 2557 789 2609; x_wconf 87' lang='lat' dir='ltr'><strong>hac</strong></span> <span class='ocrx_word' id='word_1_223' title='bbox 819 2564 927 2608; x_wconf 90' lang='lat' dir='ltr'><strong>tam</strong></span> <span class='ocrx_word' id='word_1_224' title='bbox 956 2554 1185 2610; x_wconf 87' lang='lat' dir='ltr'><strong>obscura</strong></span> <span class='ocrx_word' id='word_1_225' title='bbox 1208 2554 1230 2619; x_wconf 65' lang='grc' dir='ltr'><em>ζ</em></span> <span class='ocrx_word' id='word_1_226' title='bbox 1255 2564 1313 2610; x_wconf 88' lang='grc' dir='ltr'><strong>ιιι</strong></span> <span class='ocrx_word' id='word_1_227' title='bbox 1347 2558 1425 2610; x_wconf 87' lang='lat' dir='ltr'><strong>ait</strong></span> <span class='ocrx_word' id='word_1_228' title='bbox 1450 2558 1614 2612; x_wconf 88' lang='lat' dir='ltr'><strong>Peta-</strong></span> 
     </span>
    </p>
   </div>
   <div class='ocr_carea' id='block_1_34' title="bbox 60 2625 1612 2695">
    <p class='ocr_par' dir='ltr' id='par_1_34' title="bbox 60 2625 1612 2695">
     <span class='ocr_line' id='line_1_34' title="bbox 60 2625 1612 2695; baseline 0.005 -20"><span class='ocrx_word' id='word_1_229' title='bbox 60 2630 169 2690; x_wconf 80' lang='lat' dir='ltr'><strong>i-ius,</strong></span> <span class='ocrx_word' id='word_1_230' title='bbox 201 2628 519 2682; x_wconf 85' lang='lat' dir='ltr'><strong>Clementis</strong></span> <span class='ocrx_word' id='word_1_231' title='bbox 554 2625 814 2692; x_wconf 89' lang='lat' dir='ltr'><strong>opinione</strong></span> <span class='ocrx_word' id='word_1_232' title='bbox 851 2627 1086 2690; x_wconf 87' lang='lat' dir='ltr'><strong>dicatur,</strong></span> <span class='ocrx_word' id='word_1_233' title='bbox 1123 2627 1306 2695; x_wconf 87' lang='lat' dir='ltr'><strong>negari</strong></span> <span class='ocrx_word' id='word_1_234' title='bbox 1338 2643 1469 2682; x_wconf 85' lang='lat' dir='ltr'><strong>sane</strong></span> <span class='ocrx_word' id='word_1_235' title='bbox 1504 2644 1612 2683; x_wconf 92' lang='lat' dir='ltr'><strong>non</strong></span> 
     </span>
    </p>
   </div>
   <div class='ocr_carea' id='block_1_35' title="bbox 59 2695 1612 2765">
    <p class='ocr_par' dir='ltr' id='par_1_35' title="bbox 59 2695 1612 2765">
     <span class='ocr_line' id='line_1_35' title="bbox 59 2695 1612 2765; baseline 0.002 -14"><span class='ocrx_word' id='word_1_236' title='bbox 59 2708 200 2761; x_wconf 78' lang='lat' dir='ltr'><strong>potest</strong></span> <span class='ocrx_word' id='word_1_237' title='bbox 234 2713 365 2751; x_wconf 87' lang='lat' dir='ltr'><strong>eam</strong></span> <span class='ocrx_word' id='word_1_238' title='bbox 415 2713 486 2751; x_wconf 89' lang='lat' dir='ltr'><strong>eo</strong></span> <span class='ocrx_word' id='word_1_239' title='bbox 536 2695 839 2764; x_wconf 80' lang='lat' dir='ltr'><strong>majoribus</strong></span> <span class='ocrx_word' id='word_1_240' title='bbox 868 2696 1133 2763; x_wconf 87' lang='lat' dir='ltr'><strong>implicari</strong></span> <span class='ocrx_word' id='word_1_241' title='bbox 1166 2697 1568 2754; x_wconf 84' lang='lat' dir='ltr'><strong>dillicultatibus</strong></span> <span class='ocrx_word' id='word_1_242' title='bbox 1597 2739 1612 2765; x_wconf 90' lang='lat'><strong>,</strong></span> 
     </span>
    </p>
   </div>
   <div class='ocr_carea' id='block_1_36' title="bbox 57 2769 1610 2838">
    <p class='ocr_par' dir='ltr' id='par_1_36' title="bbox 57 2769 1610 2838">
     <span class='ocr_line' id='line_1_36' title="bbox 57 2769 1610 2838; baseline 0.004 -20"><span class='ocrx_word' id='word_1_243' title='bbox 57 2785 138 2832; x_wconf 86' lang='lat' dir='ltr'><strong>quo</strong></span> <span class='ocrx_word' id='word_1_244' title='bbox 167 2769 252 2821; x_wconf 90' lang='lat' dir='ltr'><strong>ille</strong></span> <span class='ocrx_word' id='word_1_245' title='bbox 283 2769 512 2838; x_wconf 83' lang='lat' dir='ltr'><strong>longius</strong></span> <span class='ocrx_word' id='word_1_246' title='bbox 542 2781 709 2834; x_wconf 84' lang='lat' dir='ltr'><strong>quam</strong></span> <span class='ocrx_word' id='word_1_247' title='bbox 738 2780 838 2834; x_wconf 88' lang='lat' dir='ltr'><strong>par</strong></span> <span class='ocrx_word' id='word_1_248' title='bbox 866 2777 948 2821; x_wconf 91' lang='lat' dir='ltr'><strong>est</strong></span> <span class='ocrx_word' id='word_1_249' title='bbox 973 2782 1188 2830; x_wconf 86' lang='lat' dir='ltr'><strong>earum,</strong></span> <span class='ocrx_word' id='word_1_250' title='bbox 1233 2777 1294 2820; x_wconf 92' lang='lat' dir='ltr'><strong>ut</strong></span> <span class='ocrx_word' id='word_1_251' title='bbox 1340 2769 1574 2824; x_wconf 82' lang='lat' dir='ltr'><strong>diximus</strong></span> <span class='ocrx_word' id='word_1_252' title='bbox 1594 2810 1610 2834; x_wconf 91' lang='lat'><strong>,</strong></span> 
     </span>
    </p>
   </div>
   <div class='ocr_carea' id='block_1_37' title="bbox 60 2838 1612 2907">
    <p class='ocr_par' dir='ltr' id='par_1_37' title="bbox 60 2838 1612 2907">
     <span class='ocr_line' id='line_1_37' title="bbox 60 2838 1612 2907; baseline 0.003 -18"><span class='ocrx_word' id='word_1_253' title='bbox 60 2839 504 2894; x_wconf 76' lang='lat' dir='ltr'><strong>hebdomadarum</strong></span> <span class='ocrx_word' id='word_1_254' title='bbox 552 2848 766 2906; x_wconf 90' lang='lat' dir='ltr'><strong>tempus</strong></span> <span class='ocrx_word' id='word_1_255' title='bbox 797 2838 1136 2907; x_wconf 85' lang='lat' dir='ltr'><strong>protraxisse</strong></span> <span class='ocrx_word' id='word_1_256' title='bbox 1167 2839 1310 2891; x_wconf 86' lang='lat' dir='ltr'><strong>haud</strong></span> <span class='ocrx_word' id='word_1_257' title='bbox 1341 2838 1612 2894; x_wconf 88' lang='lat' dir='ltr'><strong>immerito</strong></span> 
     </span>
    </p>
   </div>
   <div class='ocr_carea' id='block_1_38' title="bbox 58 2907 1610 2978">
    <p class='ocr_par' dir='ltr' id='par_1_38' title="bbox 58 2907 1610 2978">
     <span class='ocr_line' id='line_1_38' title="bbox 58 2907 1610 2978; baseline 0.005 -21"><span class='ocrx_word' id='word_1_258' title='bbox 58 2921 305 2978; x_wconf 76' lang='lat' dir='ltr'><strong>arguatur.</strong></span> <span class='ocrx_word' id='word_1_259' title='bbox 366 2908 739 2974; x_wconf 87' lang='lat' dir='ltr'><strong>Quamobrem</strong></span> <span class='ocrx_word' id='word_1_260' title='bbox 789 2909 832 2960; x_wconf 93' lang='lat' dir='ltr'><strong>si</strong></span> <span class='ocrx_word' id='word_1_261' title='bbox 895 2909 1021 2976; x_wconf 84' lang='lat' dir='ltr'><strong>quis</strong></span> <span class='ocrx_word' id='word_1_262' title='bbox 1069 2909 1121 2959; x_wconf 91' lang='lat' dir='ltr'><strong>in</strong></span> <span class='ocrx_word' id='word_1_263' title='bbox 1156 2907 1274 2974; x_wconf 80' lang='lat' dir='ltr'><strong>ejus</strong></span> <span class='ocrx_word' id='word_1_264' title='bbox 1310 2909 1610 2977; x_wconf 87' lang='lat' dir='ltr'><strong>opinione,</strong></span> 
     </span>
    </p>
   </div>
   <div class='ocr_carea' id='block_1_39' title="bbox 56 2977 1614 3047">
    <p class='ocr_par' dir='ltr' id='par_1_39' title="bbox 56 2977 1614 3047">
     <span class='ocr_line' id='line_1_39' title="bbox 56 2977 1614 3047; baseline 0.001 -17"><span class='ocrx_word' id='word_1_265' title='bbox 56 2977 183 3046; x_wconf 70' lang='lat' dir='ltr'><strong>quam</strong></span> <span class='ocrx_word' id='word_1_266' title='bbox 212 2993 401 3034; x_wconf 87' lang='lat' dir='ltr'><strong>tamen</strong></span> <span class='ocrx_word' id='word_1_267' title='bbox 445 2977 693 3032; x_wconf 90' lang='lat' dir='ltr'><strong>nonnulli</strong></span> <span class='ocrx_word' id='word_1_268' title='bbox 728 2989 911 3047; x_wconf 86' lang='lat' dir='ltr'><strong>postea</strong></span> <span class='ocrx_word' id='word_1_269' title='bbox 937 2986 1352 3046; x_wconf 85' lang='lat' dir='ltr'><strong>propngnarunt</strong></span> <span class='ocrx_word' id='word_1_270' title='bbox 1377 3017 1394 3043; x_wconf 93' lang='lat'><strong>,</strong></span> <span class='ocrx_word' id='word_1_271' title='bbox 1425 2979 1497 3032; x_wconf 86' lang='lat' dir='ltr'><strong>sit</strong></span> <span class='ocrx_word' id='word_1_272' title='bbox 1523 2995 1614 3033; x_wconf 88' lang='lat' dir='ltr'><strong>er-</strong></span> 
     </span>
    </p>
   </div>
   <div class='ocr_carea' id='block_1_40' title="bbox 59 3048 1611 3123">
    <p class='ocr_par' dir='ltr' id='par_1_40' title="bbox 59 3048 1611 3123">
     <span class='ocr_line' id='line_1_40' title="bbox 59 3048 1611 3123; baseline 0.001 -21"><span class='ocrx_word' id='word_1_273' title='bbox 59 3067 144 3118; x_wconf 70' lang='lat' dir='ltr'><strong>ror,</strong></span> <span class='ocrx_word' id='word_1_274' title='bbox 165 3051 213 3123; x_wconf 69' lang='lat' dir='ltr'><strong>is</strong></span> <span class='ocrx_word' id='word_1_275' title='bbox 245 3049 486 3123; x_wconf 27' lang='lat' dir='ltr'><strong>sanemin</strong></span> <span class='ocrx_word' id='word_1_276' title='bbox 517 3048 747 3123; x_wconf 87' lang='lat' dir='ltr'><strong>allatum</strong></span> <span class='ocrx_word' id='word_1_277' title='bbox 777 3049 845 3123; x_wconf 87' lang='lat' dir='ltr'><strong>ab</strong></span> <span class='ocrx_word' id='word_1_278' title='bbox 881 3049 996 3118; x_wconf 90' lang='lat' dir='ltr'><strong>ipso</strong></span> <span class='ocrx_word' id='word_1_279' title='bbox 1020 3063 1087 3123; x_wconf 75' lang='lat' dir='ltr'><strong>ex</strong></span> <span class='ocrx_word' id='word_1_280' title='bbox 1117 3049 1354 3123; x_wconf 82' lang='lat' dir='ltr'><strong>quodam</strong></span> <span class='ocrx_word' id='word_1_281' title='bbox 1379 3063 1611 3123; x_wconf 83' lang='lat' dir='ltr'><strong>apocry-</strong></span> 
     </span>
    </p>
   </div>
   <div class='ocr_carea' id='block_1_41' title="bbox 56 3115 1472 3185">
    <p class='ocr_par' dir='ltr' id='par_1_41' title="bbox 56 3115 1472 3185">
     <span class='ocr_line' id='line_1_41' title="bbox 56 3115 1472 3185; baseline -0.001 -12"><span class='ocrx_word' id='word_1_282' title='bbox 56 3115 138 3185; x_wconf 82' lang='lat' dir='ltr'><strong>ptio</strong></span> <span class='ocrx_word' id='word_1_283' title='bbox 158 3122 347 3176; x_wconf 71' lang='lat' dir='ltr'><strong>Esdrae</strong></span> <span class='ocrx_word' id='word_1_284' title='bbox 380 3120 528 3175; x_wconf 88' lang='lat' dir='ltr'><strong>libro</strong></span> <span class='ocrx_word' id='word_1_285' title='bbox 565 3115 936 3172; x_wconf 83' lang='lat' dir='ltr'><strong>testiinonium</strong></span> <span class='ocrx_word' id='word_1_286' title='bbox 969 3115 1336 3174; x_wconf 65' lang='lat' dir='ltr'><strong>retundendus</strong></span> <span class='ocrx_word' id='word_1_287' title='bbox 1365 3115 1472 3173; x_wconf 79' lang='lat' dir='ltr'><strong>est.</strong></span> 
     </span>
    </p>
   </div>
   <div class='ocr_carea' id='block_1_42' title="bbox 107 3188 1612 3256">
    <p class='ocr_par' dir='ltr' id='par_1_42' title="bbox 107 3188 1612 3256">
     <span class='ocr_line' id='line_1_42' title="bbox 107 3188 1612 3256; baseline 0.001 -11"><span class='ocrx_word' id='word_1_288' title='bbox 107 3192 367 3246; x_wconf 68' lang='lat' dir='ltr'><strong>Cancrum</strong></span> <span class='ocrx_word' id='word_1_289' title='bbox 405 3192 455 3244; x_wconf 88' lang='lat' dir='ltr'><strong>is</strong></span> <span class='ocrx_word' id='word_1_290' title='bbox 496 3189 685 3256; x_wconf 88' lang='lat' dir='ltr'><strong>lapsus</strong></span> <span class='ocrx_word' id='word_1_291' title='bbox 714 3188 975 3242; x_wconf 85' lang='lat' dir='ltr'><strong>Clementi</strong></span> <span class='ocrx_word' id='word_1_292' title='bbox 1013 3201 1200 3244; x_wconf 81' lang='lat' dir='ltr'><strong>nostro</strong></span> <span class='ocrx_word' id='word_1_293' title='bbox 1249 3191 1369 3243; x_wconf 91' lang='lat' dir='ltr'><strong>ideo</strong></span> <span class='ocrx_word' id='word_1_294' title='bbox 1398 3189 1612 3246; x_wconf 83' lang='lat' dir='ltr'><strong>facilius</strong></span> 
     </span>
    </p>
   </div>
   <div class='ocr_carea' id='block_1_43' title="bbox 1733 592 3328 666">
    <p class='ocr_par' dir='ltr' id='par_1_43' title="bbox 1733 592 3328 666">
     <span class='ocr_line' id='line_1_43' title="bbox 1733 592 3328 666; baseline 0.007 -22"><span class='ocrx_word' id='word_1_295' title='bbox 1733 593 1825 657; x_wconf 85' lang='lat' dir='ltr'><strong>qui</strong></span> <span class='ocrx_word' id='word_1_296' title='bbox 1857 593 2106 666; x_wconf 73' lang='lat' dir='ltr'><strong>Africani</strong></span> <span class='ocrx_word' id='word_1_297' title='bbox 2134 634 2148 666; x_wconf 76' lang='lat'><strong>,</strong></span> <span class='ocrx_word' id='word_1_298' title='bbox 2186 592 2403 666; x_wconf 59' lang='lat' dir='ltr'><strong>Ethebii</strong></span> <span class='ocrx_word' id='word_1_299' title='bbox 2427 593 2770 666; x_wconf 19' lang='lat' dir='ltr'><strong>,ﬂltippolyti,</strong></span> <span class='ocrx_word' id='word_1_300' title='bbox 2807 598 3133 666; x_wconf 81' lang='lat' dir='ltr'><strong>Apollinaris</strong></span> <span class='ocrx_word' id='word_1_301' title='bbox 3157 592 3178 662; x_wconf 68' lang='grc' dir='ltr'><em>ξ</em></span> <span class='ocrx_word' id='word_1_302' title='bbox 3205 592 3328 655; x_wconf 50' lang='lat' dir='ltr'><strong>Cie;</strong></span> 
     </span>
    </p>
   </div>
   <div class='ocr_carea' id='block_1_44' title="bbox 1732 662 3320 738">
    <p class='ocr_par' dir='ltr' id='par_1_44' title="bbox 1732 662 3320 738">
     <span class='ocr_line' id='line_1_44' title="bbox 1732 662 3320 738; baseline 0.009 -24"><span class='ocrx_word' id='word_1_303' title='bbox 1732 665 1938 716; x_wconf 90' lang='lat' dir='ltr'><strong>mentis</strong></span> <span class='ocrx_word' id='word_1_304' title='bbox 1968 665 2218 738; x_wconf 75' lang='lat' dir='ltr'><strong>iitistriet</strong></span> <span class='ocrx_word' id='word_1_305' title='bbox 2247 662 2572 738; x_wconf 74' lang='lat' dir='ltr'><strong>Tertulliani</strong></span> <span class='ocrx_word' id='word_1_306' title='bbox 2603 662 2905 738; x_wconf 72' lang='lat' dir='ltr'><strong>sententias</strong></span> <span class='ocrx_word' id='word_1_307' title='bbox 2929 671 3131 730; x_wconf 84' lang='lat' dir='ltr'><strong>retulit,</strong></span> <span class='ocrx_word' id='word_1_308' title='bbox 3154 681 3320 738; x_wconf 85' lang='lat' dir='ltr'><strong>atque</strong></span> 
     </span>
    </p>
   </div>
   <div class='ocr_carea' id='block_1_45' title="bbox 1730 734 3321 804">
    <p class='ocr_par' dir='ltr' id='par_1_45' title="bbox 1730 734 3321 804">
     <span class='ocr_line' id='line_1_45' title="bbox 1730 734 3321 804; baseline 0.008 -21"><span class='ocrx_word' id='word_1_309' title='bbox 1730 748 1798 804; x_wconf 77' lang='lat' dir='ltr'><strong>ex</strong></span> <span class='ocrx_word' id='word_1_310' title='bbox 1839 734 2260 797; x_wconf 83' lang='lat' dir='ltr'><strong>recentioribus,</strong></span> <span class='ocrx_word' id='word_1_311' title='bbox 2293 734 2607 803; x_wconf 72' lang='lat' dir='ltr'><strong>Scaliger-0,</strong></span> <span class='ocrx_word' id='word_1_312' title='bbox 2641 734 2886 801; x_wconf 87' lang='lat' dir='ltr'><strong>Petavio,</strong></span> <span class='ocrx_word' id='word_1_313' title='bbox 2921 738 3136 804; x_wconf 86' lang='lat' dir='ltr'><strong>llnetio,</strong></span> <span class='ocrx_word' id='word_1_314' title='bbox 3170 734 3321 796; x_wconf 66' lang='lat' dir='ltr'><strong>Bsil-</strong></span> 
     </span>
    </p>
   </div>
   <div class='ocr_carea' id='block_1_46' title="bbox 1730 802 3324 876">
    <p class='ocr_par' dir='ltr' id='par_1_46' title="bbox 1730 802 3324 876">
     <span class='ocr_line' id='line_1_46' title="bbox 1730 802 3324 876; baseline 0.006 -21"><span class='ocrx_word' id='word_1_315' title='bbox 1730 802 1828 864; x_wconf 88' lang='lat' dir='ltr'><strong>lio,</strong></span> <span class='ocrx_word' id='word_1_316' title='bbox 1860 813 1914 856; x_wconf 91' lang='lat' dir='ltr'><strong>et</strong></span> <span class='ocrx_word' id='word_1_317' title='bbox 1941 804 2064 856; x_wconf 82' lang='lat' dir='ltr'><strong>aliis</strong></span> <span class='ocrx_word' id='word_1_318' title='bbox 2089 820 2212 857; x_wconf 92' lang='lat' dir='ltr'><strong>cum</strong></span> <span class='ocrx_word' id='word_1_319' title='bbox 2249 802 2537 869; x_wconf 75' lang='lat' dir='ltr'><strong>theologis,</strong></span> <span class='ocrx_word' id='word_1_320' title='bbox 2571 817 2679 858; x_wconf 89' lang='lat' dir='ltr'><strong>tum</strong></span> <span class='ocrx_word' id='word_1_321' title='bbox 2709 823 2882 860; x_wconf 63' lang='lat' dir='ltr'><strong>sacrm</strong></span> <span class='ocrx_word' id='word_1_322' title='bbox 2903 802 3204 876; x_wconf 55' lang='lat' dir='ltr'><strong>Scriptura:</strong></span> <span class='ocrx_word' id='word_1_323' title='bbox 3238 813 3324 864; x_wconf 85' lang='lat' dir='ltr'><strong>in-</strong></span> 
     </span>
    </p>
   </div>
   <div class='ocr_carea' id='block_1_47' title="bbox 1731 876 3317 950">
    <p class='ocr_par' dir='ltr' id='par_1_47' title="bbox 1731 876 3317 950">
     <span class='ocr_line' id='line_1_47' title="bbox 1731 876 3317 950; baseline 0.009 -25"><span class='ocrx_word' id='word_1_324' title='bbox 1731 876 2082 943; x_wconf 87' lang='lat' dir='ltr'><strong>terpretibus,</strong></span> <span class='ocrx_word' id='word_1_325' title='bbox 2108 886 2274 943; x_wconf 89' lang='lat' dir='ltr'><strong>atque</strong></span> <span class='ocrx_word' id='word_1_326' title='bbox 2299 878 2464 927; x_wconf 79' lang='lat' dir='ltr'><strong>etiam</strong></span> <span class='ocrx_word' id='word_1_327' title='bbox 2501 876 2780 929; x_wconf 78' lang='lat' dir='ltr'><strong>historicis</strong></span> <span class='ocrx_word' id='word_1_328' title='bbox 2805 888 2860 930; x_wconf 87' lang='lat' dir='ltr'><strong>et</strong></span> <span class='ocrx_word' id='word_1_329' title='bbox 2883 880 3232 950; x_wconf 79' lang='lat' dir='ltr'><strong>chronologis</strong></span> <span class='ocrx_word' id='word_1_330' title='bbox 3251 883 3317 938; x_wconf 74' lang='lat'><strong>&quot;.</strong></span> 
     </span>
    </p>
   </div>
   <div class='ocr_carea' id='block_1_48' title="bbox 2263 964 2777 1022">
    <p class='ocr_par' dir='ltr' id='par_1_48' title="bbox 2263 964 2777 1022">
     <span class='ocr_line' id='line_1_48' title="bbox 2263 964 2777 1022; baseline 0.004 -4"><span class='ocrx_word' id='word_1_331' title='bbox 2263 964 2663 1022; x_wconf 76' lang='lat' dir='ltr'><strong>AR&#39;I&#39;ICULUS</strong></span> <span class='ocrx_word' id='word_1_332' title='bbox 2716 966 2777 1020; x_wconf 87' lang='lat' dir='ltr'><strong>V.</strong></span> 
     </span>
    </p>
   </div>
   <div class='ocr_carea' id='block_1_49' title="bbox 1779 1053 3240 1127">
    <p class='ocr_par' dir='ltr' id='par_1_49' title="bbox 1779 1053 3240 1127">
     <span class='ocr_line' id='line_1_49' title="bbox 1779 1053 3240 1127; baseline 0.007 -19"><span class='ocrx_word' id='word_1_333' title='bbox 1779 1053 1857 1108; x_wconf 87' lang='lat' dir='ltr'><strong>De</strong></span> <span class='ocrx_word' id='word_1_334' title='bbox 1881 1055 2080 1109; x_wconf 74' lang='lat' dir='ltr'><strong>Christi</strong></span> <span class='ocrx_word' id='word_1_335' title='bbox 2115 1055 2332 1110; x_wconf 84' lang='lat' dir='ltr'><strong>Domini</strong></span> <span class='ocrx_word' id='word_1_336' title='bbox 2361 1073 2506 1111; x_wconf 83' lang='lat' dir='ltr'><strong>artus</strong></span> <span class='ocrx_word' id='word_1_337' title='bbox 2534 1071 2580 1112; x_wconf 83' lang='lat' dir='ltr'><strong>et</strong></span> <span class='ocrx_word' id='word_1_338' title='bbox 2621 1060 2870 1127; x_wconf 79' lang='lat' dir='ltr'><strong>baptismi</strong></span> <span class='ocrx_word' id='word_1_339' title='bbox 2898 1078 3037 1115; x_wconf 86' lang='lat' dir='ltr'><strong>anno</strong></span> <span class='ocrx_word' id='word_1_340' title='bbox 3065 1072 3114 1116; x_wconf 82' lang='lat' dir='ltr'><strong>et</strong></span> <span class='ocrx_word' id='word_1_341' title='bbox 3136 1065 3240 1118; x_wconf 85' lang='lat' dir='ltr'><strong>die.</strong></span> 
     </span>
    </p>
   </div>
   <div class='ocr_carea' id='block_1_50' title="bbox 1801 1149 3318 1222">
    <p class='ocr_par' dir='ltr' id='par_1_50' title="bbox 1801 1149 3318 1222">
     <span class='ocr_line' id='line_1_50' title="bbox 1801 1149 3318 1222; baseline 0.007 -19"><span class='ocrx_word' id='word_1_342' title='bbox 1801 1149 2052 1222; x_wconf 10' lang='lat' dir='ltr'><strong>Deranuo</strong></span> <span class='ocrx_word' id='word_1_343' title='bbox 2081 1161 2136 1204; x_wconf 89' lang='lat' dir='ltr'><strong>et</strong></span> <span class='ocrx_word' id='word_1_344' title='bbox 2157 1151 2376 1222; x_wconf 82' lang='lat' dir='ltr'><strong>dieque</strong></span> <span class='ocrx_word' id='word_1_345' title='bbox 2400 1151 2677 1215; x_wconf 88' lang='lat' dir='ltr'><strong>Christus,</strong></span> <span class='ocrx_word' id='word_1_346' title='bbox 2700 1153 2855 1222; x_wconf 78' lang='lat' dir='ltr'><strong>juxta</strong></span> <span class='ocrx_word' id='word_1_347' title='bbox 2888 1153 3039 1207; x_wconf 87' lang='lat' dir='ltr'><strong>illam</strong></span> <span class='ocrx_word' id='word_1_348' title='bbox 3073 1155 3318 1214; x_wconf 83' lang='lat' dir='ltr'><strong>Danielis</strong></span> 
     </span>
    </p>
   </div>
   <div class='ocr_carea' id='block_1_51' title="bbox 1726 1220 3315 1293">
    <p class='ocr_par' dir='ltr' id='par_1_51' title="bbox 1726 1220 3315 1293">
     <span class='ocr_line' id='line_1_51' title="bbox 1726 1220 3315 1293; baseline 0.007 -22"><span class='ocrx_word' id='word_1_349' title='bbox 1726 1220 2134 1288; x_wconf 74' lang='lat' dir='ltr'><strong>prredictiOneni</strong></span> <span class='ocrx_word' id='word_1_350' title='bbox 2193 1221 2537 1289; x_wconf 84' lang='lat' dir='ltr'><strong>aliorumque</strong></span> <span class='ocrx_word' id='word_1_351' title='bbox 2567 1220 2985 1293; x_wconf 82' lang='lat' dir='ltr'><strong>prophetarum</strong></span> <span class='ocrx_word' id='word_1_352' title='bbox 3051 1229 3315 1293; x_wconf 78' lang='lat' dir='ltr'><strong>oracula,</strong></span> 
     </span>
    </p>
   </div>
   <div class='ocr_carea' id='block_1_52' title="bbox 1729 1291 3316 1361">
    <p class='ocr_par' dir='ltr' id='par_1_52' title="bbox 1729 1291 3316 1361">
     <span class='ocr_line' id='line_1_52' title="bbox 1729 1291 3316 1361; baseline 0.008 -19"><span class='ocrx_word' id='word_1_353' title='bbox 1729 1300 1890 1342; x_wconf 91' lang='lat' dir='ltr'><strong>natus</strong></span> <span class='ocrx_word' id='word_1_354' title='bbox 1919 1300 1972 1344; x_wconf 86' lang='lat' dir='ltr'><strong>et</strong></span> <span class='ocrx_word' id='word_1_355' title='bbox 2001 1301 2248 1345; x_wconf 87' lang='lat' dir='ltr'><strong>mortuus</strong></span> <span class='ocrx_word' id='word_1_356' title='bbox 2276 1301 2379 1350; x_wconf 83' lang='lat' dir='ltr'><strong>est.</strong></span> <span class='ocrx_word' id='word_1_357' title='bbox 2409 1308 2529 1361; x_wconf 78' lang='lat' dir='ltr'><strong>qnze</strong></span> <span class='ocrx_word' id='word_1_358' title='bbox 2551 1291 2808 1348; x_wconf 89' lang='lat' dir='ltr'><strong>Clemens</strong></span> <span class='ocrx_word' id='word_1_359' title='bbox 2840 1304 3024 1348; x_wconf 89' lang='lat' dir='ltr'><strong>noster</strong></span> <span class='ocrx_word' id='word_1_360' title='bbox 3052 1291 3316 1354; x_wconf 77' lang='lat' dir='ltr'><strong>statuerit</strong></span> 
     </span>
    </p>
   </div>
   <div class='ocr_carea' id='block_1_53' title="bbox 1725 1362 3316 1433">
    <p class='ocr_par' dir='ltr' id='par_1_53' title="bbox 1725 1362 3316 1433">
     <span class='ocr_line' id='line_1_53' title="bbox 1725 1362 3316 1433; baseline 0.008 -23"><span class='ocrx_word' id='word_1_361' title='bbox 1725 1374 1790 1410; x_wconf 88' lang='lat' dir='ltr'><strong>eo</strong></span> <span class='ocrx_word' id='word_1_362' title='bbox 1839 1363 2149 1433; x_wconf 78' lang='lat' dir='ltr'><strong>accuratius</strong></span> <span class='ocrx_word' id='word_1_363' title='bbox 2193 1362 2566 1433; x_wconf 69' lang='lat' dir='ltr'><strong>examinanda</strong></span> <span class='ocrx_word' id='word_1_364' title='bbox 2606 1375 2749 1425; x_wconf 89' lang='lat' dir='ltr'><strong>smit,</strong></span> <span class='ocrx_word' id='word_1_365' title='bbox 2810 1379 2918 1433; x_wconf 86' lang='lat' dir='ltr'><strong>quo</strong></span> <span class='ocrx_word' id='word_1_366' title='bbox 2962 1381 3024 1419; x_wconf 88' lang='lat' dir='ltr'><strong>ea</strong></span> <span class='ocrx_word' id='word_1_367' title='bbox 3075 1369 3142 1418; x_wconf 92' lang='lat' dir='ltr'><strong>ah</strong></span> <span class='ocrx_word' id='word_1_368' title='bbox 3183 1367 3316 1422; x_wconf 86' lang='lat' dir='ltr'><strong>Iler-</strong></span> 
     </span>
    </p>
   </div>
   <div class='ocr_carea' id='block_1_54' title="bbox 1727 1431 3313 1494">
    <p class='ocr_par' dir='ltr' id='par_1_54' title="bbox 1727 1431 3313 1494">
     <span class='ocr_line' id='line_1_54' title="bbox 1727 1431 3313 1494; baseline 0.009 -15"><span class='ocrx_word' id='word_1_369' title='bbox 1727 1439 1849 1483; x_wconf 74' lang='lat' dir='ltr'><strong>veto</strong></span> <span class='ocrx_word' id='word_1_370' title='bbox 1871 1432 2047 1483; x_wconf 90' lang='lat' dir='ltr'><strong>minus</strong></span> <span class='ocrx_word' id='word_1_371' title='bbox 2072 1432 2368 1488; x_wconf 88' lang='lat' dir='ltr'><strong>intellecta.</strong></span> <span class='ocrx_word' id='word_1_372' title='bbox 2397 1432 2517 1484; x_wconf 89' lang='lat' dir='ltr'><strong>aliis</strong></span> <span class='ocrx_word' id='word_1_373' title='bbox 2547 1431 2774 1486; x_wconf 79' lang='lat' dir='ltr'><strong>forsitan</strong></span> <span class='ocrx_word' id='word_1_374' title='bbox 2819 1431 3122 1489; x_wconf 82' lang='lat' dir='ltr'><strong>diliiciliora</strong></span> <span class='ocrx_word' id='word_1_375' title='bbox 3144 1439 3313 1494; x_wconf 87' lang='lat' dir='ltr'><strong>videri</strong></span> 
     </span>
    </p>
   </div>
   <div class='ocr_carea' id='block_1_55' title="bbox 1723 1501 3308 1568">
    <p class='ocr_par' dir='ltr' id='par_1_55' title="bbox 1723 1501 3308 1568">
     <span class='ocr_line' id='line_1_55' title="bbox 1723 1501 3308 1568; baseline 0.009 -19"><span class='ocrx_word' id='word_1_376' title='bbox 1723 1511 1973 1568; x_wconf 80' lang='lat' dir='ltr'><strong>possunt.</strong></span> <span class='ocrx_word' id='word_1_377' title='bbox 2002 1503 2071 1554; x_wconf 82' lang='lat' dir='ltr'><strong>At</strong></span> <span class='ocrx_word' id='word_1_378' title='bbox 2102 1503 2169 1555; x_wconf 85' lang='lat' dir='ltr'><strong>de</strong></span> <span class='ocrx_word' id='word_1_379' title='bbox 2194 1502 2359 1555; x_wconf 89' lang='lat' dir='ltr'><strong>natali</strong></span> <span class='ocrx_word' id='word_1_380' title='bbox 2380 1501 2584 1556; x_wconf 88' lang='lat' dir='ltr'><strong>Christi</strong></span> <span class='ocrx_word' id='word_1_381' title='bbox 2613 1520 2757 1556; x_wconf 90' lang='lat' dir='ltr'><strong>anno</strong></span> <span class='ocrx_word' id='word_1_382' title='bbox 2778 1506 2892 1558; x_wconf 75' lang='lat' dir='ltr'><strong>[nec</strong></span> <span class='ocrx_word' id='word_1_383' title='bbox 2917 1506 3007 1559; x_wconf 90' lang='lat' dir='ltr'><strong>ille</strong></span> <span class='ocrx_word' id='word_1_384' title='bbox 3024 1508 3219 1562; x_wconf 86' lang='lat' dir='ltr'><strong>scribit</strong></span> <span class='ocrx_word' id='word_1_385' title='bbox 3245 1509 3308 1564; x_wconf 81' lang='lat'><strong>“:</strong></span> 
     </span>
    </p>
   </div>
   <div class='ocr_carea' id='block_1_56' title="bbox 1729 1567 3310 1644">
    <p class='ocr_par' dir='ltr' id='par_1_56' title="bbox 1729 1567 3310 1644">
     <span class='ocr_line' id='line_1_56' title="bbox 1729 1567 3310 1644; baseline 0.007 -24"><span class='ocrx_word' id='word_1_386' title='bbox 1729 1567 1950 1644; x_wconf 73' lang='lat' dir='ltr'><strong>iNatus</strong></span> <span class='ocrx_word' id='word_1_387' title='bbox 1985 1582 2068 1624; x_wconf 88' lang='lat' dir='ltr'><strong>est</strong></span> <span class='ocrx_word' id='word_1_388' title='bbox 2095 1573 2356 1644; x_wconf 85' lang='lat' dir='ltr'><strong>Dominus</strong></span> <span class='ocrx_word' id='word_1_389' title='bbox 2389 1581 2576 1626; x_wconf 89' lang='lat' dir='ltr'><strong>noster</strong></span> <span class='ocrx_word' id='word_1_390' title='bbox 2603 1576 2862 1644; x_wconf 81' lang='lat' dir='ltr'><strong>vigesimo</strong></span> <span class='ocrx_word' id='word_1_391' title='bbox 2903 1585 3100 1629; x_wconf 77' lang='lat' dir='ltr'><strong>octavo</strong></span> <span class='ocrx_word' id='word_1_392' title='bbox 3135 1594 3310 1643; x_wconf 89' lang='lat' dir='ltr'><strong>anno,</strong></span> 
     </span>
    </p>
   </div>
   <div class='ocr_carea' id='block_1_57' title="bbox 1723 1642 3314 1714">
    <p class='ocr_par' dir='ltr' id='par_1_57' title="bbox 1723 1642 3314 1714">
     <span class='ocr_line' id='line_1_57' title="bbox 1723 1642 3314 1714; baseline 0.005 -19"><span class='ocrx_word' id='word_1_393' title='bbox 1723 1657 1846 1714; x_wconf 82' lang='lat' dir='ltr'><strong>cum</strong></span> <span class='ocrx_word' id='word_1_394' title='bbox 1876 1642 2104 1703; x_wconf 86' lang='lat' dir='ltr'><strong>primum</strong></span> <span class='ocrx_word' id='word_1_395' title='bbox 2129 1643 2417 1714; x_wconf 71' lang='lat' dir='ltr'><strong>jusserunt</strong></span> <span class='ocrx_word' id='word_1_396' title='bbox 2439 1642 3182 1714; x_wconf 78' lang='lat' dir='ltr'><strong>censumdescriptiOnenive</strong></span> <span class='ocrx_word' id='word_1_397' title='bbox 3214 1642 3314 1703; x_wconf 53' lang='lat' dir='ltr'><strong>lie?-</strong></span> 
     </span>
    </p>
   </div>
   <div class='ocr_carea' id='block_1_58' title="bbox 1723 1711 3308 1782">
    <p class='ocr_par' dir='ltr' id='par_1_58' title="bbox 1723 1711 3308 1782">
     <span class='ocr_line' id='line_1_58' title="bbox 1723 1711 3308 1782; baseline 0.005 -18"><span class='ocrx_word' id='word_1_398' title='bbox 1723 1712 1767 1782; x_wconf 89' lang='lat' dir='ltr'><strong>ri</strong></span> <span class='ocrx_word' id='word_1_399' title='bbox 1817 1721 2059 1778; x_wconf 90' lang='lat' dir='ltr'><strong>tempore</strong></span> <span class='ocrx_word' id='word_1_400' title='bbox 2103 1714 2352 1780; x_wconf 80' lang='lat' dir='ltr'><strong>Augusti.</strong></span> <span class='ocrx_word' id='word_1_401' title='bbox 2387 1711 2541 1777; x_wconf 85' lang='lat' dir='ltr'><strong>Quod</strong></span> <span class='ocrx_word' id='word_1_402' title='bbox 2583 1724 2764 1768; x_wconf 89' lang='lat' dir='ltr'><strong>autem</strong></span> <span class='ocrx_word' id='word_1_403' title='bbox 2811 1711 2912 1768; x_wconf 63' lang='lat' dir='ltr'><strong>lio&#39;e</strong></span> <span class='ocrx_word' id='word_1_404' title='bbox 2965 1731 3149 1770; x_wconf 88' lang='lat' dir='ltr'><strong>verum</strong></span> <span class='ocrx_word' id='word_1_405' title='bbox 3191 1719 3260 1772; x_wconf 91' lang='lat' dir='ltr'><strong>sit</strong></span> <span class='ocrx_word' id='word_1_406' title='bbox 3291 1759 3308 1782; x_wconf 90' lang='lat'><strong>,</strong></span> 
     </span>
    </p>
   </div>
   <div class='ocr_carea' id='block_1_59' title="bbox 1722 1781 3304 1851">
    <p class='ocr_par' dir='ltr' id='par_1_59' title="bbox 1722 1781 3304 1851">
     <span class='ocr_line' id='line_1_59' title="bbox 1722 1781 3304 1851; baseline 0.006 -17"><span class='ocrx_word' id='word_1_407' title='bbox 1722 1781 1803 1835; x_wconf 91' lang='lat' dir='ltr'><strong>sic</strong></span> <span class='ocrx_word' id='word_1_408' title='bbox 1851 1783 2110 1848; x_wconf 89' lang='lat' dir='ltr'><strong>scriptum</strong></span> <span class='ocrx_word' id='word_1_409' title='bbox 2150 1795 2231 1836; x_wconf 88' lang='lat' dir='ltr'><strong>est</strong></span> <span class='ocrx_word' id='word_1_410' title='bbox 2277 1784 2328 1836; x_wconf 91' lang='lat' dir='ltr'><strong>in</strong></span> <span class='ocrx_word' id='word_1_411' title='bbox 2380 1783 2680 1851; x_wconf 80' lang='lat' dir='ltr'><strong>Evaiigclio</strong></span> <span class='ocrx_word' id='word_1_412' title='bbox 2712 1786 3007 1838; x_wconf 87' lang='lat' dir='ltr'><strong>secundum</strong></span> <span class='ocrx_word' id='word_1_413' title='bbox 3058 1781 3304 1844; x_wconf 66' lang='lat' dir='ltr'><strong>Lucaiiit</strong></span> 
     </span>
    </p>
   </div>
   <div class='ocr_carea' id='block_1_60' title="bbox 1650 1851 3308 1946">
    <p class='ocr_par' dir='ltr' id='par_1_60' title="bbox 1650 1851 3308 1946">
     <span class='ocr_line' id='line_1_60' title="bbox 1650 1851 3308 1946; baseline 0.007 -43"><span class='ocrx_word' id='word_1_414' title='bbox 1650 1893 1692 1946; x_wconf 75' lang='grc' dir='ltr'>Β</span> <span class='ocrx_word' id='word_1_415' title='bbox 1723 1851 2094 1946; x_wconf 37' lang='grc' dir='ltr'>ξιιιιολιιιέιθιιι</span> <span class='ocrx_word' id='word_1_416' title='bbox 2134 1853 2558 1946; x_wconf 59' lang='lat' dir='ltr'><strong>z‘piintoilecimo</strong></span> <span class='ocrx_word' id='word_1_417' title='bbox 2585 1853 2788 1946; x_wconf 55' lang='lat' dir='ltr'><strong>T&#39;iberii</strong></span> <span class='ocrx_word' id='word_1_418' title='bbox 2819 1856 3068 1946; x_wconf 52' lang='lat' dir='ltr'><strong>Caesqaris,</strong></span> <span class='ocrx_word' id='word_1_419' title='bbox 3105 1858 3308 1946; x_wconf 75' lang='lat' dir='ltr'><strong>factum</strong></span> 
     </span>
    </p>
   </div>
   <div class='ocr_carea' id='block_1_61' title="bbox 1724 1923 3306 1991">
    <p class='ocr_par' dir='ltr' id='par_1_61' title="bbox 1724 1923 3306 1991">
     <span class='ocr_line' id='line_1_61' title="bbox 1724 1923 3306 1991; baseline 0.005 -16"><span class='ocrx_word' id='word_1_420' title='bbox 1724 1934 1809 1975; x_wconf 90' lang='lat' dir='ltr'><strong>est</strong></span> <span class='ocrx_word' id='word_1_421' title='bbox 1855 1923 2080 1976; x_wconf 83' lang='lat' dir='ltr'><strong>verbum</strong></span> <span class='ocrx_word' id='word_1_422' title='bbox 2135 1923 2350 1978; x_wconf 79' lang='lat' dir='ltr'><strong>Domini</strong></span> <span class='ocrx_word' id='word_1_423' title='bbox 2413 1939 2578 1991; x_wconf 89' lang='lat' dir='ltr'><strong>super</strong></span> <span class='ocrx_word' id='word_1_424' title='bbox 2606 1923 2872 1979; x_wconf 78' lang='lat' dir='ltr'><strong>Joannem</strong></span> <span class='ocrx_word' id='word_1_425' title='bbox 2913 1926 3200 1982; x_wconf 74' lang='lat' dir='ltr'><strong>Zacliarize</strong></span> <span class='ocrx_word' id='word_1_426' title='bbox 3241 1934 3306 1982; x_wconf 80' lang='lat' dir='ltr'><strong>li-</strong></span> 
     </span>
    </p>
   </div>
   <div class='ocr_carea' id='block_1_62' title="bbox 1725 1992 3304 2052">
    <p class='ocr_par' dir='ltr' id='par_1_62' title="bbox 1725 1992 3304 2052">
     <span class='ocr_line' id='line_1_62' title="bbox 1725 1992 3304 2052; baseline 0.005 -8"><span class='ocrx_word' id='word_1_427' title='bbox 1725 1992 1878 2048; x_wconf 84' lang='lat' dir='ltr'><strong>lium.</strong></span> <span class='ocrx_word' id='word_1_428' title='bbox 1901 2011 1918 2043; x_wconf 85' lang='grc' dir='ltr'><strong>ι</strong></span> <span class='ocrx_word' id='word_1_429' title='bbox 1950 1993 2017 2046; x_wconf 78' lang='lat' dir='ltr'><strong>Et</strong></span> <span class='ocrx_word' id='word_1_430' title='bbox 2044 2009 2237 2047; x_wconf 90' lang='lat' dir='ltr'><strong>rursus</strong></span> <span class='ocrx_word' id='word_1_431' title='bbox 2268 1994 2319 2047; x_wconf 94' lang='lat' dir='ltr'><strong>in</strong></span> <span class='ocrx_word' id='word_1_432' title='bbox 2346 1996 2569 2047; x_wconf 89' lang='lat' dir='ltr'><strong>eodem:</strong></span> <span class='ocrx_word' id='word_1_433' title='bbox 2607 2014 2625 2045; x_wconf 79' lang='grc' dir='ltr'><strong>ι</strong></span> <span class='ocrx_word' id='word_1_434' title='bbox 2652 1995 2781 2049; x_wconf 85' lang='lat' dir='ltr'><strong>Erat</strong></span> <span class='ocrx_word' id='word_1_435' title='bbox 2803 1995 2961 2050; x_wconf 84' lang='lat' dir='ltr'><strong>Jesus</strong></span> <span class='ocrx_word' id='word_1_436' title='bbox 2987 1999 3208 2051; x_wconf 83' lang='lat' dir='ltr'><strong>veniens</strong></span> <span class='ocrx_word' id='word_1_437' title='bbox 3239 2000 3304 2052; x_wconf 82' lang='lat' dir='ltr'><strong>ad</strong></span> 
     </span>
    </p>
   </div>
   <div class='ocr_carea' id='block_1_63' title="bbox 1724 2063 3307 2136">
    <p class='ocr_par' dir='ltr' id='par_1_63' title="bbox 1724 2063 3307 2136">
     <span class='ocr_line' id='line_1_63' title="bbox 1724 2063 3307 2136; baseline 0.004 -20"><span class='ocrx_word' id='word_1_438' title='bbox 1724 2063 1993 2136; x_wconf 81' lang='lat' dir='ltr'><strong>baptisma</strong></span> <span class='ocrx_word' id='word_1_439' title='bbox 2049 2065 2203 2131; x_wconf 89' lang='lat' dir='ltr'><strong>quasi</strong></span> <span class='ocrx_word' id='word_1_440' title='bbox 2241 2064 2819 2136; x_wconf 71' lang='lat' dir='ltr'><strong>trigintaannorum.</strong></span> <span class='ocrx_word' id='word_1_441' title='bbox 2863 2083 2880 2115; x_wconf 85' lang='lat' dir='ltr'><strong>i</strong></span> <span class='ocrx_word' id='word_1_442' title='bbox 2927 2069 3084 2136; x_wconf 75' lang='lat' dir='ltr'><strong>Anno</strong></span> <span class='ocrx_word' id='word_1_443' title='bbox 3137 2069 3307 2136; x_wconf 83' lang='lat' dir='ltr'><strong>igitur</strong></span> 
     </span>
    </p>
   </div>
   <div class='ocr_carea' id='block_1_64' title="bbox 1723 2133 3302 2204">
    <p class='ocr_par' dir='ltr' id='par_1_64' title="bbox 1723 2133 3302 2204">
     <span class='ocr_line' id='line_1_64' title="bbox 1723 2133 3302 2204; baseline 0.005 -20"><span class='ocrx_word' id='word_1_444' title='bbox 1723 2134 1986 2204; x_wconf 71' lang='lat' dir='ltr'><strong>vigesimo</strong></span> <span class='ocrx_word' id='word_1_445' title='bbox 2016 2146 2211 2188; x_wconf 83' lang='lat' dir='ltr'><strong>octavo</strong></span> <span class='ocrx_word' id='word_1_446' title='bbox 2239 2133 2449 2204; x_wconf 81' lang='lat' dir='ltr'><strong>imperii</strong></span> <span class='ocrx_word' id='word_1_447' title='bbox 2486 2135 2715 2203; x_wconf 76' lang='lat' dir='ltr'><strong>Augusti</strong></span> <span class='ocrx_word' id='word_1_448' title='bbox 2752 2135 2985 2189; x_wconf 85' lang='lat' dir='ltr'><strong>C:esaris</strong></span> <span class='ocrx_word' id='word_1_449' title='bbox 3019 2133 3302 2192; x_wconf 74' lang='lat' dir='ltr'><strong>Christum</strong></span> 
     </span>
    </p>
   </div>
   <div class='ocr_carea' id='block_1_65' title="bbox 1726 2201 3303 2276">
    <p class='ocr_par' dir='ltr' id='par_1_65' title="bbox 1726 2201 3303 2276">
     <span class='ocr_line' id='line_1_65' title="bbox 1726 2201 3303 2276; baseline 0.003 -22"><span class='ocrx_word' id='word_1_450' title='bbox 1726 2201 2016 2276; x_wconf 81' lang='lat' dir='ltr'><strong>Duniiiium</strong></span> <span class='ocrx_word' id='word_1_451' title='bbox 2049 2215 2236 2258; x_wconf 90' lang='lat' dir='ltr'><strong>natum</strong></span> <span class='ocrx_word' id='word_1_452' title='bbox 2277 2201 2400 2276; x_wconf 67' lang='lat' dir='ltr'><strong>esse</strong></span> <span class='ocrx_word' id='word_1_453' title='bbox 2434 2201 2682 2259; x_wconf 77' lang='lat' dir='ltr'><strong>Clemens</strong></span> <span class='ocrx_word' id='word_1_454' title='bbox 2714 2207 3142 2276; x_wconf 86' lang='lat' dir='ltr'><strong>nosterdiserte</strong></span> <span class='ocrx_word' id='word_1_455' title='bbox 3175 2225 3303 2276; x_wconf 71' lang='lat' dir='ltr'><strong>pro.</strong></span> 
     </span>
    </p>
   </div>
   <div class='ocr_carea' id='block_1_66' title="bbox 1725 2274 3305 2344">
    <p class='ocr_par' dir='ltr' id='par_1_66' title="bbox 1725 2274 3305 2344">
     <span class='ocr_line' id='line_1_66' title="bbox 1725 2274 3305 2344; baseline 0.004 -21"><span class='ocrx_word' id='word_1_456' title='bbox 1725 2274 1959 2344; x_wconf 84' lang='lat' dir='ltr'><strong>nuntiat.</strong></span> <span class='ocrx_word' id='word_1_457' title='bbox 1985 2274 2327 2343; x_wconf 83' lang='lat' dir='ltr'><strong>Quapropter</strong></span> <span class='ocrx_word' id='word_1_458' title='bbox 2351 2275 2469 2343; x_wconf 81' lang='lat' dir='ltr'><strong>ipse</strong></span> <span class='ocrx_word' id='word_1_459' title='bbox 2491 2277 2652 2342; x_wconf 88' lang='lat' dir='ltr'><strong>paulo</strong></span> <span class='ocrx_word' id='word_1_460' title='bbox 2675 2286 2829 2344; x_wconf 87' lang='lat' dir='ltr'><strong>post:</strong></span> <span class='ocrx_word' id='word_1_461' title='bbox 2865 2295 2882 2327; x_wconf 81' lang='grc' dir='ltr'><strong>ι</strong></span> <span class='ocrx_word' id='word_1_462' title='bbox 2904 2275 3072 2340; x_wconf 84' lang='lat' dir='ltr'><strong>Quem</strong></span> <span class='ocrx_word' id='word_1_463' title='bbox 3095 2274 3305 2344; x_wconf 79' lang='lat' dir='ltr'><strong>dicunt,</strong></span> 
     </span>
    </p>
   </div>
   <div class='ocr_carea' id='block_1_67' title="bbox 1723 2342 3229 2414">
    <p class='ocr_par' dir='ltr' id='par_1_67' title="bbox 1723 2342 3229 2414">
     <span class='ocr_line' id='line_1_67' title="bbox 1723 2342 3229 2414; baseline 0.003 -19"><span class='ocrx_word' id='word_1_464' title='bbox 1723 2342 1906 2414; x_wconf 74' lang='lat' dir='ltr'><strong>inquit</strong></span> <span class='ocrx_word' id='word_1_465' title='bbox 1934 2344 2006 2408; x_wconf 71' lang='grc' dir='ltr'><strong>η,</strong></span> <span class='ocrx_word' id='word_1_466' title='bbox 2037 2342 2380 2413; x_wconf 82' lang='lat' dir='ltr'><strong>vigesimum</strong></span> <span class='ocrx_word' id='word_1_467' title='bbox 2401 2355 2657 2398; x_wconf 78' lang='lat' dir='ltr'><strong>octavum</strong></span> <span class='ocrx_word' id='word_1_468' title='bbox 2678 2342 2889 2399; x_wconf 80' lang='lat' dir='ltr'><strong>annum</strong></span> <span class='ocrx_word' id='word_1_469' title='bbox 2931 2346 3179 2414; x_wconf 80' lang='lat' dir='ltr'><strong>Augusti.</strong></span> <span class='ocrx_word' id='word_1_470' title='bbox 3210 2367 3229 2400; x_wconf 76' lang='grc' dir='ltr'><strong>ι</strong></span> 
     </span>
    </p>
   </div>
   <div class='ocr_carea' id='block_1_68' title="bbox 1796 2412 3308 2486">
    <p class='ocr_par' dir='ltr' id='par_1_68' title="bbox 1796 2412 3308 2486">
     <span class='ocr_line' id='line_1_68' title="bbox 1796 2412 3308 2486; baseline 0.007 -21"><span class='ocrx_word' id='word_1_471' title='bbox 1796 2412 1995 2486; x_wconf 76' lang='lat' dir='ltr'><strong>verum</strong></span> <span class='ocrx_word' id='word_1_472' title='bbox 2054 2412 2425 2486; x_wconf 82' lang='lat' dir='ltr'><strong>celeberrimi</strong></span> <span class='ocrx_word' id='word_1_473' title='bbox 2461 2424 2516 2470; x_wconf 89' lang='lat' dir='ltr'><strong>et</strong></span> <span class='ocrx_word' id='word_1_474' title='bbox 2571 2417 2940 2485; x_wconf 86' lang='lat' dir='ltr'><strong>antiquissimi</strong></span> <span class='ocrx_word' id='word_1_475' title='bbox 3009 2412 3308 2486; x_wconf 79' lang='lat' dir='ltr'><strong>scriptores</strong></span> 
     </span>
    </p>
   </div>
   <div class='ocr_carea' id='block_1_69' title="bbox 1721 2482 3306 2558">
    <p class='ocr_par' dir='ltr' id='par_1_69' title="bbox 1721 2482 3306 2558">
     <span class='ocr_line' id='line_1_69' title="bbox 1721 2482 3306 2558; baseline 0.004 -20"><span class='ocrx_word' id='word_1_476' title='bbox 1721 2482 1995 2558; x_wconf 84' lang='lat' dir='ltr'><strong>Christum</strong></span> <span class='ocrx_word' id='word_1_477' title='bbox 2010 2501 2151 2558; x_wconf 81' lang='lat' dir='ltr'><strong>anno</strong></span> <span class='ocrx_word' id='word_1_478' title='bbox 2162 2485 2400 2553; x_wconf 88' lang='lat' dir='ltr'><strong>ejusdem</strong></span> <span class='ocrx_word' id='word_1_479' title='bbox 2418 2482 2762 2552; x_wconf 80' lang='lat' dir='ltr'><strong>imperatoris</strong></span> <span class='ocrx_word' id='word_1_480' title='bbox 2786 2487 2867 2541; x_wconf 87' lang='lat' dir='ltr'><strong>vel</strong></span> <span class='ocrx_word' id='word_1_481' title='bbox 2886 2482 3306 2558; x_wconf 75' lang='lat' dir='ltr'><strong>quadragesimo</strong></span> 
     </span>
    </p>
   </div>
   <div class='ocr_carea' id='block_1_70' title="bbox 1723 2555 3306 2626">
    <p class='ocr_par' dir='ltr' id='par_1_70' title="bbox 1723 2555 3306 2626">
     <span class='ocr_line' id='line_1_70' title="bbox 1723 2555 3306 2626; baseline 0.004 -19"><span class='ocrx_word' id='word_1_482' title='bbox 1723 2555 1919 2624; x_wconf 86' lang='lat' dir='ltr'><strong>primo,</strong></span> <span class='ocrx_word' id='word_1_483' title='bbox 1943 2556 2024 2610; x_wconf 91' lang='lat' dir='ltr'><strong>vel</strong></span> <span class='ocrx_word' id='word_1_484' title='bbox 2049 2558 2465 2626; x_wconf 85' lang='lat' dir='ltr'><strong>quadragesimo</strong></span> <span class='ocrx_word' id='word_1_485' title='bbox 2483 2558 2723 2626; x_wconf 82' lang='lat' dir='ltr'><strong>secundo</strong></span> <span class='ocrx_word' id='word_1_486' title='bbox 2747 2555 2926 2609; x_wconf 87' lang='lat' dir='ltr'><strong>ortum</strong></span> <span class='ocrx_word' id='word_1_487' title='bbox 2951 2555 3120 2611; x_wconf 76' lang='lat' dir='ltr'><strong>fuisse</strong></span> <span class='ocrx_word' id='word_1_488' title='bbox 3150 2559 3306 2613; x_wconf 82' lang='lat' dir='ltr'><strong>val-le</strong></span> 
     </span>
    </p>
   </div>
   <div class='ocr_carea' id='block_1_71' title="bbox 1721 2625 3305 2696">
    <p class='ocr_par' dir='ltr' id='par_1_71' title="bbox 1721 2625 3305 2696">
     <span class='ocr_line' id='line_1_71' title="bbox 1721 2625 3305 2696; baseline 0.004 -20"><span class='ocrx_word' id='word_1_489' title='bbox 1721 2635 2106 2680; x_wconf 88' lang='lat' dir='ltr'><strong>asseveranter</strong></span> <span class='ocrx_word' id='word_1_490' title='bbox 2141 2625 2432 2680; x_wconf 83' lang='lat' dir='ltr'><strong>alliriiiant.</strong></span> <span class='ocrx_word' id='word_1_491' title='bbox 2482 2625 2722 2681; x_wconf 74' lang='lat' dir='ltr'><strong>Irenaius</strong></span> <span class='ocrx_word' id='word_1_492' title='bbox 2762 2627 3029 2696; x_wconf 80' lang='lat' dir='ltr'><strong>siquidem</strong></span> <span class='ocrx_word' id='word_1_493' title='bbox 3077 2628 3190 2682; x_wconf 71' lang='lat' dir='ltr'><strong>hiec</strong></span> <span class='ocrx_word' id='word_1_494' title='bbox 3238 2631 3305 2682; x_wconf 85' lang='lat' dir='ltr'><strong>de</strong></span> 
     </span>
    </p>
   </div>
   <div class='ocr_carea' id='block_1_72' title="bbox 1719 2696 3304 2753">
    <p class='ocr_par' dir='ltr' id='par_1_72' title="bbox 1719 2696 3304 2753">
     <span class='ocr_line' id='line_1_72' title="bbox 1719 2696 3304 2753; baseline 0.002 -4"><span class='ocrx_word' id='word_1_495' title='bbox 1719 2710 1786 2749; x_wconf 88' lang='lat' dir='ltr'><strong>eo</strong></span> <span class='ocrx_word' id='word_1_496' title='bbox 1826 2697 2050 2749; x_wconf 88' lang='lat' dir='ltr'><strong>totidem</strong></span> <span class='ocrx_word' id='word_1_497' title='bbox 2089 2698 2273 2750; x_wconf 89' lang='lat' dir='ltr'><strong>verbis</strong></span> <span class='ocrx_word' id='word_1_498' title='bbox 2308 2697 2530 2750; x_wconf 87' lang='lat' dir='ltr'><strong>tradidit</strong></span> <span class='ocrx_word' id='word_1_499' title='bbox 2552 2697 2630 2751; x_wconf 81' lang='lat' dir='ltr'><strong>&quot;&#39;z</strong></span> <span class='ocrx_word' id='word_1_500' title='bbox 2677 2716 2694 2748; x_wconf 73' lang='grc' dir='ltr'><strong>ι</strong></span> <span class='ocrx_word' id='word_1_501' title='bbox 2723 2696 2894 2752; x_wconf 84' lang='lat' dir='ltr'><strong>Natus</strong></span> <span class='ocrx_word' id='word_1_502' title='bbox 2925 2710 3009 2751; x_wconf 85' lang='lat' dir='ltr'><strong>est</strong></span> <span class='ocrx_word' id='word_1_503' title='bbox 3041 2698 3304 2753; x_wconf 90' lang='lat' dir='ltr'><strong>Dominus</strong></span> 
     </span>
    </p>
   </div>
   <div class='ocr_carea' id='block_1_73' title="bbox 1722 2767 3305 2836">
    <p class='ocr_par' dir='ltr' id='par_1_73' title="bbox 1722 2767 3305 2836">
     <span class='ocr_line' id='line_1_73' title="bbox 1722 2767 3305 2836; baseline 0.001 -18"><span class='ocrx_word' id='word_1_504' title='bbox 1722 2776 1906 2820; x_wconf 90' lang='lat' dir='ltr'><strong>noster</strong></span> <span class='ocrx_word' id='word_1_505' title='bbox 1931 2767 2076 2821; x_wconf 89' lang='lat' dir='ltr'><strong>circa</strong></span> <span class='ocrx_word' id='word_1_506' title='bbox 2103 2768 2335 2836; x_wconf 83' lang='lat' dir='ltr'><strong>primunt</strong></span> <span class='ocrx_word' id='word_1_507' title='bbox 2367 2776 2421 2821; x_wconf 87' lang='lat' dir='ltr'><strong>et</strong></span> <span class='ocrx_word' id='word_1_508' title='bbox 2458 2768 2937 2836; x_wconf 83' lang='lat' dir='ltr'><strong>quadragesimum</strong></span> <span class='ocrx_word' id='word_1_509' title='bbox 2966 2784 3165 2822; x_wconf 90' lang='lat' dir='ltr'><strong>annum</strong></span> <span class='ocrx_word' id='word_1_510' title='bbox 3194 2772 3305 2821; x_wconf 85' lang='lat' dir='ltr'><strong>Ait-</strong></span> 
     </span>
    </p>
   </div>
   <div class='ocr_carea' id='block_1_74' title="bbox 1720 2836 3305 2907">
    <p class='ocr_par' dir='ltr' id='par_1_74' title="bbox 1720 2836 3305 2907">
     <span class='ocr_line' id='line_1_74' title="bbox 1720 2836 3305 2907; baseline 0.001 -18"><span class='ocrx_word' id='word_1_511' title='bbox 1720 2836 1861 2906; x_wconf 85' lang='lat' dir='ltr'><strong>gusti</strong></span> <span class='ocrx_word' id='word_1_512' title='bbox 1887 2837 2124 2906; x_wconf 85' lang='lat' dir='ltr'><strong>imperii.</strong></span> <span class='ocrx_word' id='word_1_513' title='bbox 2153 2857 2172 2889; x_wconf 82' lang='grc' dir='ltr'><strong>ι</strong></span> <span class='ocrx_word' id='word_1_514' title='bbox 2210 2837 2582 2891; x_wconf 85' lang='lat' dir='ltr'><strong>Tertullianus</strong></span> <span class='ocrx_word' id='word_1_515' title='bbox 2609 2854 2739 2892; x_wconf 89' lang='lat' dir='ltr'><strong>vero</strong></span> <span class='ocrx_word' id='word_1_516' title='bbox 2761 2840 2931 2906; x_wconf 73' lang='lat' dir='ltr'><strong>magis</strong></span> <span class='ocrx_word' id='word_1_517' title='bbox 2970 2853 3226 2907; x_wconf 75' lang='lat' dir='ltr'><strong>expresse</strong></span> <span class='ocrx_word' id='word_1_518' title='bbox 3249 2849 3305 2891; x_wconf 86' lang='lat' dir='ltr'><strong>et</strong></span> 
     </span>
    </p>
   </div>
   <div class='ocr_carea' id='block_1_75' title="bbox 1718 2907 3298 2976">
    <p class='ocr_par' dir='ltr' id='par_1_75' title="bbox 1718 2907 3298 2976">
     <span class='ocr_line' id='line_1_75' title="bbox 1718 2907 3298 2976; baseline 0 -16"><span class='ocrx_word' id='word_1_519' title='bbox 1718 2907 2004 2961; x_wconf 85' lang='lat' dir='ltr'><strong>enucleate</strong></span> <span class='ocrx_word' id='word_1_520' title='bbox 2033 2907 2180 2959; x_wconf 89' lang='lat' dir='ltr'><strong>illum</strong></span> <span class='ocrx_word' id='word_1_521' title='bbox 2226 2923 2373 2960; x_wconf 91' lang='lat' dir='ltr'><strong>anno</strong></span> <span class='ocrx_word' id='word_1_522' title='bbox 2418 2908 2838 2976; x_wconf 82' lang='lat' dir='ltr'><strong>quadragesimo</strong></span> <span class='ocrx_word' id='word_1_523' title='bbox 2867 2907 3046 2976; x_wconf 86' lang='lat' dir='ltr'><strong>primo</strong></span> <span class='ocrx_word' id='word_1_524' title='bbox 3071 2909 3298 2976; x_wconf 76' lang='lat' dir='ltr'><strong>Augusti</strong></span> 
     </span>
    </p>
   </div>
   <div class='ocr_carea' id='block_1_76' title="bbox 1720 2977 3300 3040">
    <p class='ocr_par' dir='ltr' id='par_1_76' title="bbox 1720 2977 3300 3040">
     <span class='ocr_line' id='line_1_76' title="bbox 1720 2977 3300 3040; baseline 0.001 -10"><span class='ocrx_word' id='word_1_525' title='bbox 1720 2985 1908 3030; x_wconf 88' lang='lat' dir='ltr'><strong>natum</strong></span> <span class='ocrx_word' id='word_1_526' title='bbox 1941 2992 2061 3031; x_wconf 89' lang='lat' dir='ltr'><strong>esse</strong></span> <span class='ocrx_word' id='word_1_527' title='bbox 2091 2987 2398 3032; x_wconf 85' lang='lat' dir='ltr'><strong>asseverat:</strong></span> <span class='ocrx_word' id='word_1_528' title='bbox 2438 2995 2458 3027; x_wconf 69' lang='grc' dir='ltr'><strong>ι</strong></span> <span class='ocrx_word' id='word_1_529' title='bbox 2487 2978 2741 3032; x_wconf 77' lang='lat' dir='ltr'><strong>Videmus</strong></span> <span class='ocrx_word' id='word_1_530' title='bbox 2767 2988 2974 3038; x_wconf 87' lang='lat' dir='ltr'><strong>autem,</strong></span> <span class='ocrx_word' id='word_1_531' title='bbox 3013 2980 3087 3030; x_wconf 84' lang='lat' dir='ltr'><strong>ait</strong></span> <span class='ocrx_word' id='word_1_532' title='bbox 3121 2977 3206 3032; x_wconf 90' lang='lat' dir='ltr'><strong>ille</strong></span> <span class='ocrx_word' id='word_1_533' title='bbox 3233 2980 3300 3040; x_wconf 76' lang='lat'><strong>“.</strong></span> 
     </span>
    </p>
   </div>
   <div class='ocr_carea' id='block_1_77' title="bbox 1719 3047 3298 3117">
    <p class='ocr_par' dir='ltr' id='par_1_77' title="bbox 1719 3047 3298 3117">
     <span class='ocr_line' id='line_1_77' title="bbox 1719 3047 3298 3117; baseline 0.003 -21"><span class='ocrx_word' id='word_1_534' title='bbox 1719 3047 1976 3116; x_wconf 89' lang='lat' dir='ltr'><strong>quoniam</strong></span> <span class='ocrx_word' id='word_1_535' title='bbox 2011 3047 2433 3117; x_wconf 87' lang='lat' dir='ltr'><strong>quadragesimo</strong></span> <span class='ocrx_word' id='word_1_536' title='bbox 2466 3058 2521 3100; x_wconf 92' lang='lat' dir='ltr'><strong>et</strong></span> <span class='ocrx_word' id='word_1_537' title='bbox 2556 3049 2732 3116; x_wconf 90' lang='lat' dir='ltr'><strong>primo</strong></span> <span class='ocrx_word' id='word_1_538' title='bbox 2759 3062 2904 3100; x_wconf 90' lang='lat' dir='ltr'><strong>anno</strong></span> <span class='ocrx_word' id='word_1_539' title='bbox 2940 3047 3152 3117; x_wconf 86' lang='lat' dir='ltr'><strong>imperii</strong></span> <span class='ocrx_word' id='word_1_540' title='bbox 3188 3050 3298 3101; x_wconf 83' lang='lat' dir='ltr'><strong>Au-</strong></span> 
     </span>
    </p>
   </div>
   <div class='ocr_carea' id='block_1_78' title="bbox 1719 3117 3298 3186">
    <p class='ocr_par' dir='ltr' id='par_1_78' title="bbox 1719 3117 3298 3186">
     <span class='ocr_line' id='line_1_78' title="bbox 1719 3117 3298 3186; baseline 0.001 -15"><span class='ocrx_word' id='word_1_541' title='bbox 1719 3117 1882 3186; x_wconf 90' lang='lat' dir='ltr'><strong>gusti,</strong></span> <span class='ocrx_word' id='word_1_542' title='bbox 1908 3132 2018 3186; x_wconf 89' lang='lat' dir='ltr'><strong>quo</strong></span> <span class='ocrx_word' id='word_1_543' title='bbox 2041 3129 2163 3185; x_wconf 91' lang='lat' dir='ltr'><strong>post</strong></span> <span class='ocrx_word' id='word_1_544' title='bbox 2193 3127 2422 3171; x_wconf 88' lang='lat' dir='ltr'><strong>mortem</strong></span> <span class='ocrx_word' id='word_1_545' title='bbox 2450 3118 2750 3184; x_wconf 71' lang='lat' dir='ltr'><strong>Cleopatrae</strong></span> <span class='ocrx_word' id='word_1_546' title='bbox 2778 3119 3080 3184; x_wconf 88' lang='lat' dir='ltr'><strong>imperavit,</strong></span> <span class='ocrx_word' id='word_1_547' title='bbox 3111 3121 3298 3172; x_wconf 59' lang='lat' dir='ltr'><strong>nasci-</strong></span> 
     </span>
    </p>
   </div>
   <div class='ocr_carea' id='block_1_79' title="bbox 1723 3187 3300 3258">
    <p class='ocr_par' dir='ltr' id='par_1_79' title="bbox 1723 3187 3300 3258">
     <span class='ocr_line' id='line_1_79' title="bbox 1723 3187 3300 3258; baseline 0.002 -17"><span class='ocrx_word' id='word_1_548' title='bbox 1723 3197 1815 3241; x_wconf 90' lang='lat' dir='ltr'><strong>tur</strong></span> <span class='ocrx_word' id='word_1_549' title='bbox 1840 3187 2114 3258; x_wconf 89' lang='lat' dir='ltr'><strong>Christus.</strong></span> <span class='ocrx_word' id='word_1_550' title='bbox 2146 3188 2213 3242; x_wconf 85' lang='lat' dir='ltr'><strong>Et</strong></span> <span class='ocrx_word' id='word_1_551' title='bbox 2247 3188 2550 3257; x_wconf 78' lang='lat' dir='ltr'><strong>supervixit</strong></span> <span class='ocrx_word' id='word_1_552' title='bbox 2582 3188 2722 3243; x_wconf 90' lang='lat' dir='ltr'><strong>idem</strong></span> <span class='ocrx_word' id='word_1_553' title='bbox 2758 3191 3054 3255; x_wconf 78' lang='lat' dir='ltr'><strong>Augustus,</strong></span> <span class='ocrx_word' id='word_1_554' title='bbox 3088 3204 3150 3242; x_wconf 78' lang='lat' dir='ltr'><strong>ex</strong></span> <span class='ocrx_word' id='word_1_555' title='bbox 3190 3205 3300 3258; x_wconf 85' lang='lat' dir='ltr'><strong>quo</strong></span> 
     </span>
    </p>
   </div>
   <div class='ocr_carea' id='block_1_80' title="bbox 52 3251 3300 3329">
    <p class='ocr_par' dir='ltr' id='par_1_80' title="bbox 52 3251 3300 3329">
     <span class='ocr_line' id='line_1_80' title="bbox 52 3251 3300 3329; baseline -0.001 -17"><span class='ocrx_word' id='word_1_556' title='bbox 52 3264 433 3318; x_wconf 83' lang='lat' dir='ltr'><strong>condonabitur</strong></span> <span class='ocrx_word' id='word_1_557' title='bbox 458 3300 472 3319; x_wconf 90' lang='lat'><strong>,</strong></span> <span class='ocrx_word' id='word_1_558' title='bbox 505 3251 637 3329; x_wconf 78' lang='lat' dir='ltr'><strong>quia</strong></span> <span class='ocrx_word' id='word_1_559' title='bbox 685 3260 869 3328; x_wconf 85' lang='lat' dir='ltr'><strong>plures</strong></span> <span class='ocrx_word' id='word_1_560' title='bbox 899 3269 1026 3312; x_wconf 89' lang='lat' dir='ltr'><strong>sunt</strong></span> <span class='ocrx_word' id='word_1_561' title='bbox 1065 3267 1120 3312; x_wconf 89' lang='lat' dir='ltr'><strong>et</strong></span> <span class='ocrx_word' id='word_1_562' title='bbox 1161 3268 1404 3329; x_wconf 82' lang='lat' dir='ltr'><strong>veterum</strong></span> <span class='ocrx_word' id='word_1_563' title='bbox 1439 3272 1494 3314; x_wconf 91' lang='lat' dir='ltr'><strong>et</strong></span> <span class='ocrx_word' id='word_1_564' title='bbox 1526 3279 1614 3316; x_wconf 85' lang='lat' dir='ltr'><strong>re-</strong></span> <span class='ocrx_word' id='word_1_565' title='bbox 1640 3251 1684 3310; x_wconf 88' lang='lat' dir='ltr'><strong>C</strong></span> <span class='ocrx_word' id='word_1_566' title='bbox 1717 3257 1965 3313; x_wconf 89' lang='lat' dir='ltr'><strong>nascitur</strong></span> <span class='ocrx_word' id='word_1_567' title='bbox 1991 3251 2452 3329; x_wconf 27' lang='lat' dir='ltr'><strong>Chriswsra&#39;nnis</strong></span> <span class='ocrx_word' id='word_1_568' title='bbox 2484 3258 2820 3329; x_wconf 83' lang='lat' dir='ltr'><strong>quindecim.</strong></span> <span class='ocrx_word' id='word_1_569' title='bbox 2850 3251 2874 3309; x_wconf 72' lang='grc' dir='ltr'><strong><em>ἱ</em></strong></span> <span class='ocrx_word' id='word_1_570' title='bbox 2918 3251 3180 3313; x_wconf 84' lang='lat' dir='ltr'><strong>Eusebius</strong></span> <span class='ocrx_word' id='word_1_571' title='bbox 3209 3251 3300 3312; x_wconf 65' lang='grc' dir='ltr'>ἰιι-</span> 
     </span>
    </p>
   </div>
   <div class='ocr_carea' id='block_1_81' title="bbox 53 3328 1609 3400">
    <p class='ocr_par' dir='ltr' id='par_1_81' title="bbox 53 3328 1609 3400">
     <span class='ocr_line' id='line_1_81' title="bbox 53 3328 1609 3400; baseline 0.005 -20"><span class='ocrx_word' id='word_1_572' title='bbox 53 3336 326 3386; x_wconf 76' lang='lat' dir='ltr'><strong>rentiorum</strong></span> <span class='ocrx_word' id='word_1_573' title='bbox 347 3333 416 3386; x_wconf 91' lang='lat' dir='ltr'><strong>de</strong></span> <span class='ocrx_word' id='word_1_574' title='bbox 440 3328 783 3384; x_wconf 75' lang='lat' dir='ltr'><strong>liisDan‘ielis</strong></span> <span class='ocrx_word' id='word_1_575' title='bbox 801 3331 1140 3399; x_wconf 80' lang='lat' dir='ltr'><strong>septuaginta</strong></span> <span class='ocrx_word' id='word_1_576' title='bbox 1161 3328 1609 3400; x_wconf 83' lang='lat' dir='ltr'><strong>hebdomadibus,</strong></span> 
     </span>
    </p>
   </div>
   <div class='ocr_carea' id='block_1_82' title="bbox 53 3398 1611 3470">
    <p class='ocr_par' dir='ltr' id='par_1_82' title="bbox 53 3398 1611 3470">
     <span class='ocr_line' id='line_1_82' title="bbox 53 3398 1611 3470; baseline 0.003 -16"><span class='ocrx_word' id='word_1_577' title='bbox 53 3416 101 3454; x_wconf 74' lang='lat' dir='ltr'><strong>ac</strong></span> <span class='ocrx_word' id='word_1_578' title='bbox 137 3407 441 3470; x_wconf 67' lang='lat' dir='ltr'><strong>praesertim</strong></span> <span class='ocrx_word' id='word_1_579' title='bbox 493 3403 562 3454; x_wconf 88' lang='lat' dir='ltr'><strong>de</strong></span> <span class='ocrx_word' id='word_1_580' title='bbox 605 3400 815 3454; x_wconf 90' lang='lat' dir='ltr'><strong>illarum</strong></span> <span class='ocrx_word' id='word_1_581' title='bbox 846 3398 1070 3454; x_wconf 81' lang='lat' dir='ltr'><strong>exordio</strong></span> <span class='ocrx_word' id='word_1_582' title='bbox 1094 3409 1149 3454; x_wconf 91' lang='lat' dir='ltr'><strong>et</strong></span> <span class='ocrx_word' id='word_1_583' title='bbox 1176 3398 1280 3453; x_wconf 79' lang='lat' dir='ltr'><strong>tiae</strong></span> <span class='ocrx_word' id='word_1_584' title='bbox 1306 3398 1611 3469; x_wconf 74' lang='lat' dir='ltr'><strong>opiniones.</strong></span> 
     </span>
    </p>
   </div>
   <div class='ocr_carea' id='block_1_83' title="bbox 53 3470 1616 3541">
    <p class='ocr_par' dir='ltr' id='par_1_83' title="bbox 53 3470 1616 3541">
     <span class='ocr_line' id='line_1_83' title="bbox 53 3470 1616 3541; baseline 0.003 -18"><span class='ocrx_word' id='word_1_585' title='bbox 53 3470 158 3526; x_wconf 74' lang='lat' dir='ltr'><strong>&#39;l&#39;ain</strong></span> <span class='ocrx_word' id='word_1_586' title='bbox 179 3473 362 3528; x_wconf 83' lang='lat' dir='ltr'><strong>varias</strong></span> <span class='ocrx_word' id='word_1_587' title='bbox 384 3471 596 3541; x_wconf 88' lang='lat' dir='ltr'><strong>quippe</strong></span> <span class='ocrx_word' id='word_1_588' title='bbox 619 3480 675 3523; x_wconf 90' lang='lat' dir='ltr'><strong>et</strong></span> <span class='ocrx_word' id='word_1_589' title='bbox 695 3471 934 3524; x_wconf 85' lang='lat' dir='ltr'><strong>diversas</strong></span> <span class='ocrx_word' id='word_1_590' title='bbox 957 3471 1009 3524; x_wconf 89' lang='lat' dir='ltr'><strong>in</strong></span> <span class='ocrx_word' id='word_1_591' title='bbox 1034 3471 1332 3524; x_wconf 83' lang='lat' dir='ltr'><strong>sententias</strong></span> <span class='ocrx_word' id='word_1_592' title='bbox 1355 3472 1436 3525; x_wconf 90' lang='lat' dir='ltr'><strong>illi</strong></span> <span class='ocrx_word' id='word_1_593' title='bbox 1463 3476 1616 3528; x_wconf 83' lang='lat' dir='ltr'><strong>abie-</strong></span> 
     </span>
    </p>
   </div>
   <div class='ocr_carea' id='block_1_84' title="bbox 53 3542 1612 3610">
    <p class='ocr_par' dir='ltr' id='par_1_84' title="bbox 53 3542 1612 3610">
     <span class='ocr_line' id='line_1_84' title="bbox 53 3542 1612 3610; baseline 0.003 -18"><span class='ocrx_word' id='word_1_594' title='bbox 53 3553 172 3608; x_wconf 88' lang='lat' dir='ltr'><strong>runt,</strong></span> <span class='ocrx_word' id='word_1_595' title='bbox 202 3556 256 3598; x_wconf 89' lang='lat' dir='ltr'><strong>ut</strong></span> <span class='ocrx_word' id='word_1_596' title='bbox 286 3554 370 3598; x_wconf 92' lang='lat' dir='ltr'><strong>tot</strong></span> <span class='ocrx_word' id='word_1_597' title='bbox 399 3559 600 3596; x_wconf 88' lang='lat' dir='ltr'><strong>eorum</strong></span> <span class='ocrx_word' id='word_1_598' title='bbox 628 3556 840 3604; x_wconf 50' lang='lat' dir='ltr'><strong>sensus,</strong></span> <span class='ocrx_word' id='word_1_599' title='bbox 871 3549 1003 3610; x_wconf 87' lang='lat' dir='ltr'><strong>quot</strong></span> <span class='ocrx_word' id='word_1_600' title='bbox 1029 3542 1209 3609; x_wconf 84' lang='lat' dir='ltr'><strong>capita</strong></span> <span class='ocrx_word' id='word_1_601' title='bbox 1235 3555 1359 3595; x_wconf 90' lang='lat' dir='ltr'><strong>esse</strong></span> <span class='ocrx_word' id='word_1_602' title='bbox 1387 3543 1612 3597; x_wconf 84' lang='lat' dir='ltr'><strong>videan-</strong></span> 
     </span>
    </p>
   </div>
   <div class='ocr_carea' id='block_1_85' title="bbox 53 3611 1615 3683">
    <p class='ocr_par' dir='ltr' id='par_1_85' title="bbox 53 3611 1615 3683">
     <span class='ocr_line' id='line_1_85' title="bbox 53 3611 1615 3683; baseline 0.005 -23"><span class='ocrx_word' id='word_1_603' title='bbox 53 3621 136 3664; x_wconf 86' lang='lat' dir='ltr'><strong>tur.</strong></span> <span class='ocrx_word' id='word_1_604' title='bbox 172 3616 277 3670; x_wconf 88' lang='lat' dir='ltr'><strong>llas</strong></span> <span class='ocrx_word' id='word_1_605' title='bbox 314 3629 490 3683; x_wconf 87' lang='lat' dir='ltr'><strong>porro</strong></span> <span class='ocrx_word' id='word_1_606' title='bbox 521 3611 840 3680; x_wconf 85' lang='lat' dir='ltr'><strong>singulatim</strong></span> <span class='ocrx_word' id='word_1_607' title='bbox 869 3626 1153 3683; x_wconf 81' lang='lat' dir='ltr'><strong>recensere</strong></span> <span class='ocrx_word' id='word_1_608' title='bbox 1185 3628 1215 3664; x_wconf 90' lang='lat' dir='ltr'><strong>a</strong></span> <span class='ocrx_word' id='word_1_609' title='bbox 1247 3624 1434 3683; x_wconf 80' lang='lat' dir='ltr'><strong>nostro</strong></span> <span class='ocrx_word' id='word_1_610' title='bbox 1461 3616 1615 3668; x_wconf 80' lang='lat' dir='ltr'><strong>iusti-</strong></span> 
     </span>
    </p>
   </div>
   <div class='ocr_carea' id='block_1_86' title="bbox 51 3682 1610 3752">
    <p class='ocr_par' dir='ltr' id='par_1_86' title="bbox 51 3682 1610 3752">
     <span class='ocr_line' id='line_1_86' title="bbox 51 3682 1610 3752; baseline 0.004 -22"><span class='ocrx_word' id='word_1_611' title='bbox 51 3692 143 3752; x_wconf 81' lang='lat' dir='ltr'><strong>tuto</strong></span> <span class='ocrx_word' id='word_1_612' title='bbox 171 3695 276 3739; x_wconf 87' lang='lat' dir='ltr'><strong>tam</strong></span> <span class='ocrx_word' id='word_1_613' title='bbox 303 3682 558 3738; x_wconf 81' lang='lat' dir='ltr'><strong>alienum</strong></span> <span class='ocrx_word' id='word_1_614' title='bbox 587 3693 693 3744; x_wconf 88' lang='lat' dir='ltr'><strong>est,</strong></span> <span class='ocrx_word' id='word_1_615' title='bbox 721 3697 882 3749; x_wconf 86' lang='lat' dir='ltr'><strong>quam</strong></span> <span class='ocrx_word' id='word_1_616' title='bbox 915 3682 966 3734; x_wconf 88' lang='lat' dir='ltr'><strong>id</strong></span> <span class='ocrx_word' id='word_1_617' title='bbox 999 3684 1285 3752; x_wconf 89' lang='lat' dir='ltr'><strong>operosius</strong></span> <span class='ocrx_word' id='word_1_618' title='bbox 1307 3699 1335 3732; x_wconf 92' lang='lat' dir='ltr'><strong>a</strong></span> <span class='ocrx_word' id='word_1_619' title='bbox 1364 3682 1610 3747; x_wconf 81' lang='lat' dir='ltr'><strong>Petavio,</strong></span> 
     </span>
    </p>
   </div>
   <div class='ocr_carea' id='block_1_87' title="bbox 51 3751 1612 3852">
    <p class='ocr_par' dir='ltr' id='par_1_87' title="bbox 51 3751 1612 3852">
     <span class='ocr_line' id='line_1_87' title="bbox 51 3751 1612 3852; baseline 0.006 -51"><span class='ocrx_word' id='word_1_620' title='bbox 51 3751 247 3819; x_wconf 77' lang='lat' dir='ltr'><strong>Baillio,</strong></span> <span class='ocrx_word' id='word_1_621' title='bbox 281 3756 678 3852; x_wconf 25' lang='lat' dir='ltr'><strong>aliisquehsed</strong></span> <span class='ocrx_word' id='word_1_622' title='bbox 717 3753 995 3852; x_wconf 48' lang='lat' dir='ltr'><strong>illdﬂllltis</strong></span> <span class='ocrx_word' id='word_1_623' title='bbox 1028 3751 1058 3806; x_wconf 92' lang='lat' dir='ltr'><strong>a</strong></span> <span class='ocrx_word' id='word_1_624' title='bbox 1107 3753 1360 3823; x_wconf 86' lang='lat' dir='ltr'><strong>syiiopsis</strong></span> <span class='ocrx_word' id='word_1_625' title='bbox 1389 3757 1612 3810; x_wconf 86' lang='lat' dir='ltr'><strong>critico-</strong></span> 
     </span>
    </p>
   </div>
   <div class='ocr_carea' id='block_1_88' title="bbox 51 3824 840 3880">
    <p class='ocr_par' dir='ltr' id='par_1_88' title="bbox 51 3824 840 3880">
     <span class='ocr_line' id='line_1_88' title="bbox 51 3824 840 3880; baseline 0.004 -7"><span class='ocrx_word' id='word_1_626' title='bbox 51 3836 144 3876; x_wconf 84' lang='lat' dir='ltr'><strong>runi</strong></span> <span class='ocrx_word' id='word_1_627' title='bbox 171 3838 398 3880; x_wconf 75' lang='lat' dir='ltr'><strong>auclore</strong></span> <span class='ocrx_word' id='word_1_628' title='bbox 431 3824 745 3878; x_wconf 78' lang='lat' dir='ltr'><strong>factitatum</strong></span> <span class='ocrx_word' id='word_1_629' title='bbox 779 3824 840 3876; x_wconf 76' lang='lat'><strong>”.</strong></span> 
     </span>
    </p>
   </div>
   <div class='ocr_carea' id='block_1_89' title="bbox 105 3893 1610 3963">
    <p class='ocr_par' dir='ltr' id='par_1_89' title="bbox 105 3893 1610 3963">
     <span class='ocr_line' id='line_1_89' title="bbox 105 3893 1610 3963; baseline 0.002 -15"><span class='ocrx_word' id='word_1_630' title='bbox 105 3896 358 3960; x_wconf 68' lang='lat' dir='ltr'><strong>Quainam</strong></span> <span class='ocrx_word' id='word_1_631' title='bbox 399 3905 590 3950; x_wconf 88' lang='lat' dir='ltr'><strong>autem</strong></span> <span class='ocrx_word' id='word_1_632' title='bbox 643 3909 708 3945; x_wconf 78' lang='lat' dir='ltr'><strong>ex</strong></span> <span class='ocrx_word' id='word_1_633' title='bbox 747 3893 815 3947; x_wconf 86' lang='lat' dir='ltr'><strong>iis</strong></span> <span class='ocrx_word' id='word_1_634' title='bbox 845 3893 1130 3948; x_wconf 86' lang='lat' dir='ltr'><strong>sententiis</strong></span> <span class='ocrx_word' id='word_1_635' title='bbox 1156 3932 1172 3958; x_wconf 92' lang='lat'><strong>,</strong></span> <span class='ocrx_word' id='word_1_636' title='bbox 1205 3909 1325 3963; x_wconf 68' lang='lat' dir='ltr'><strong>quae</strong></span> <span class='ocrx_word' id='word_1_637' title='bbox 1358 3909 1389 3948; x_wconf 91' lang='lat' dir='ltr'><strong>a</strong></span> <span class='ocrx_word' id='word_1_638' title='bbox 1435 3895 1610 3950; x_wconf 89' lang='lat' dir='ltr'><strong>soluta</strong></span> 
     </span>
    </p>
   </div>
   <div class='ocr_carea' id='block_1_90' title="bbox 48 3964 1612 4036">
    <p class='ocr_par' dir='ltr' id='par_1_90' title="bbox 48 3964 1612 4036">
     <span class='ocr_line' id='line_1_90' title="bbox 48 3964 1612 4036; baseline 0.004 -22"><span class='ocrx_word' id='word_1_639' title='bbox 48 3969 338 4036; x_wconf 73' lang='lat' dir='ltr'><strong>captivitate</strong></span> <span class='ocrx_word' id='word_1_640' title='bbox 371 3964 721 4036; x_wconf 10' lang='lat' dir='ltr'><strong>Babylonica?</strong></span> <span class='ocrx_word' id='word_1_641' title='bbox 749 3964 958 4036; x_wconf 89' lang='lat' dir='ltr'><strong>initium</strong></span> <span class='ocrx_word' id='word_1_642' title='bbox 1001 3967 1261 4019; x_wconf 85' lang='lat' dir='ltr'><strong>harumce</strong></span> <span class='ocrx_word' id='word_1_643' title='bbox 1300 3966 1612 4036; x_wconf 86' lang='lat' dir='ltr'><strong>hebdoma-</strong></span> 
     </span>
    </p>
   </div>
   <div class='ocr_carea' id='block_1_91' title="bbox 47 4034 1608 4102">
    <p class='ocr_par' dir='ltr' id='par_1_91' title="bbox 47 4034 1608 4102">
     <span class='ocr_line' id='line_1_91' title="bbox 47 4034 1608 4102; baseline 0.004 -17"><span class='ocrx_word' id='word_1_644' title='bbox 47 4034 212 4090; x_wconf 72' lang='lat' dir='ltr'><strong>clarum</strong></span> <span class='ocrx_word' id='word_1_645' title='bbox 241 4034 852 4101; x_wconf 30' lang='lat' dir='ltr'><strong>ducunt,’celebriores</strong></span> <span class='ocrx_word' id='word_1_646' title='bbox 883 4035 1126 4098; x_wconf 88' lang='lat' dir='ltr'><strong>l&#39;uernnt,</strong></span> <span class='ocrx_word' id='word_1_647' title='bbox 1160 4037 1204 4088; x_wconf 86' lang='lat' dir='ltr'><strong>si</strong></span> <span class='ocrx_word' id='word_1_648' title='bbox 1235 4035 1378 4090; x_wconf 89' lang='lat' dir='ltr'><strong>scire</strong></span> <span class='ocrx_word' id='word_1_649' title='bbox 1414 4051 1608 4102; x_wconf 89' lang='lat' dir='ltr'><strong>aveas,</strong></span> 
     </span>
    </p>
   </div>
   <div class='ocr_carea' id='block_1_92' title="bbox 48 4106 1610 4177">
    <p class='ocr_par' dir='ltr' id='par_1_92' title="bbox 48 4106 1610 4177">
     <span class='ocr_line' id='line_1_92' title="bbox 48 4106 1610 4177; baseline 0.005 -23"><span class='ocrx_word' id='word_1_650' title='bbox 48 4116 141 4177; x_wconf 74' lang='lat' dir='ltr'><strong>tres</strong></span> <span class='ocrx_word' id='word_1_651' title='bbox 179 4119 273 4161; x_wconf 85' lang='lat' dir='ltr'><strong>aut</strong></span> <span class='ocrx_word' id='word_1_652' title='bbox 314 4115 566 4177; x_wconf 89' lang='lat' dir='ltr'><strong>quatuor</strong></span> <span class='ocrx_word' id='word_1_653' title='bbox 611 4109 911 4177; x_wconf 59' lang='lat' dir='ltr'><strong>praecipuas</strong></span> <span class='ocrx_word' id='word_1_654' title='bbox 939 4106 1034 4159; x_wconf 90' lang='lat' dir='ltr'><strong>tibi</strong></span> <span class='ocrx_word' id='word_1_655' title='bbox 1079 4107 1610 4172; x_wconf 68' lang='lat' dir='ltr'><strong>t‘epiazsentabiinus.</strong></span> 
     </span>
    </p>
   </div>
   <div class='ocr_carea' id='block_1_93' title="bbox 46 4172 1612 4248">
    <p class='ocr_par' dir='ltr' id='par_1_93' title="bbox 46 4172 1612 4248">
     <span class='ocr_line' id='line_1_93' title="bbox 46 4172 1612 4248; baseline 0.004 -21"><span class='ocrx_word' id='word_1_656' title='bbox 46 4172 200 4248; x_wconf 73' lang='lat' dir='ltr'><strong>itaque</strong></span> <span class='ocrx_word' id='word_1_657' title='bbox 229 4172 437 4248; x_wconf 78' lang='lat' dir='ltr'><strong>prima,</strong></span> <span class='ocrx_word' id='word_1_658' title='bbox 469 4179 542 4230; x_wconf 87' lang='lat' dir='ltr'><strong>de</strong></span> <span class='ocrx_word' id='word_1_659' title='bbox 573 4172 682 4243; x_wconf 81' lang='lat' dir='ltr'><strong>qua</strong></span> <span class='ocrx_word' id='word_1_660' title='bbox 705 4172 967 4248; x_wconf 80' lang='lat' dir='ltr'><strong>hactenus</strong></span> <span class='ocrx_word' id='word_1_661' title='bbox 985 4177 1399 4243; x_wconf 85' lang='lat' dir='ltr'><strong>disputavimus,</strong></span> <span class='ocrx_word' id='word_1_662' title='bbox 1420 4186 1612 4247; x_wconf 69' lang='lat' dir='ltr'><strong>etquae</strong></span> 
     </span>
    </p>
   </div>
   <div class='ocr_carea' id='block_1_94' title="bbox 43 4244 1608 4314">
    <p class='ocr_par' dir='ltr' id='par_1_94' title="bbox 43 4244 1608 4314">
     <span class='ocr_line' id='line_1_94' title="bbox 43 4244 1608 4314; baseline 0.002 -17"><span class='ocrx_word' id='word_1_663' title='bbox 43 4244 280 4303; x_wconf 72' lang='lat' dir='ltr'><strong>Clementi</strong></span> <span class='ocrx_word' id='word_1_664' title='bbox 302 4259 502 4303; x_wconf 89' lang='lat' dir='ltr'><strong>nostro</strong></span> <span class='ocrx_word' id='word_1_665' title='bbox 527 4261 637 4299; x_wconf 92' lang='lat' dir='ltr'><strong>non</strong></span> <span class='ocrx_word' id='word_1_666' title='bbox 657 4260 763 4298; x_wconf 92' lang='lat' dir='ltr'><strong>uno</strong></span> <span class='ocrx_word' id='word_1_667' title='bbox 780 4247 1079 4314; x_wconf 88' lang='lat' dir='ltr'><strong>eodemque</strong></span> <span class='ocrx_word' id='word_1_668' title='bbox 1109 4263 1270 4300; x_wconf 87' lang='lat' dir='ltr'><strong>sensu</strong></span> <span class='ocrx_word' id='word_1_669' title='bbox 1294 4244 1608 4313; x_wconf 79' lang='lat' dir='ltr'><strong>ascribitur,</strong></span> 
     </span>
    </p>
   </div>
   <div class='ocr_carea' id='block_1_95' title="bbox 44 4315 1610 4387">
    <p class='ocr_par' dir='ltr' id='par_1_95' title="bbox 44 4315 1610 4387">
     <span class='ocr_line' id='line_1_95' title="bbox 44 4315 1610 4387; baseline 0.004 -21"><span class='ocrx_word' id='word_1_670' title='bbox 44 4316 231 4372; x_wconf 88' lang='lat' dir='ltr'><strong>illorum</strong></span> <span class='ocrx_word' id='word_1_671' title='bbox 261 4331 369 4383; x_wconf 83' lang='lat' dir='ltr'><strong>est,</strong></span> <span class='ocrx_word' id='word_1_672' title='bbox 403 4318 503 4387; x_wconf 89' lang='lat' dir='ltr'><strong>qui</strong></span> <span class='ocrx_word' id='word_1_673' title='bbox 534 4315 776 4370; x_wconf 86' lang='lat' dir='ltr'><strong>Danielis</strong></span> <span class='ocrx_word' id='word_1_674' title='bbox 813 4319 1180 4370; x_wconf 85' lang='lat' dir='ltr'><strong>hebdomach</strong></span> <span class='ocrx_word' id='word_1_675' title='bbox 1214 4319 1500 4387; x_wconf 75' lang='lat' dir='ltr'><strong>pritiioaut</strong></span> <span class='ocrx_word' id='word_1_676' title='bbox 1525 4334 1610 4373; x_wconf 87' lang='lat' dir='ltr'><strong>se-</strong></span> 
     </span>
    </p>
   </div>
   <div class='ocr_carea' id='block_1_96' title="bbox 43 4385 1612 4462">
    <p class='ocr_par' dir='ltr' id='par_1_96' title="bbox 43 4385 1612 4462">
     <span class='ocr_line' id='line_1_96' title="bbox 43 4385 1612 4462; baseline 0.004 -28"><span class='ocrx_word' id='word_1_677' title='bbox 43 4392 191 4443; x_wconf 68' lang='lat' dir='ltr'><strong>cundo</strong></span> <span class='ocrx_word' id='word_1_678' title='bbox 229 4391 363 4462; x_wconf 85' lang='lat' dir='ltr'><strong>Cyri</strong></span> <span class='ocrx_word' id='word_1_679' title='bbox 395 4385 554 4462; x_wconf 76' lang='lat' dir='ltr'><strong>anno</strong></span> <span class='ocrx_word' id='word_1_680' title='bbox 582 4387 935 4462; x_wconf 80' lang='lat' dir='ltr'><strong>primordium</strong></span> <span class='ocrx_word' id='word_1_681' title='bbox 972 4385 1225 4462; x_wconf 83' lang='lat' dir='ltr'><strong>habuisse</strong></span> <span class='ocrx_word' id='word_1_682' title='bbox 1243 4427 1269 4462; x_wconf 83' lang='lat'><strong>,_</strong></span> <span class='ocrx_word' id='word_1_683' title='bbox 1299 4397 1354 4440; x_wconf 90' lang='lat' dir='ltr'><strong>et</strong></span> <span class='ocrx_word' id='word_1_684' title='bbox 1389 4385 1612 4460; x_wconf 50' lang='lat' dir='ltr'><strong>Jerosog</strong></span> 
     </span>
    </p>
   </div>
   <div class='ocr_carea' id='block_1_97' title="bbox 41 4457 1605 4525">
    <p class='ocr_par' dir='ltr' id='par_1_97' title="bbox 41 4457 1605 4525">
     <span class='ocr_line' id='line_1_97' title="bbox 41 4457 1605 4525; baseline 0.002 -15"><span class='ocrx_word' id='word_1_685' title='bbox 41 4457 291 4524; x_wconf 65' lang='lat' dir='ltr'><strong>Liuiorum</strong></span> <span class='ocrx_word' id='word_1_686' title='bbox 317 4459 479 4514; x_wconf 89' lang='lat' dir='ltr'><strong>urbis</strong></span> <span class='ocrx_word' id='word_1_687' title='bbox 508 4468 567 4512; x_wconf 88' lang='lat' dir='ltr'><strong>et</strong></span> <span class='ocrx_word' id='word_1_688' title='bbox 595 4457 778 4525; x_wconf 88' lang='lat' dir='ltr'><strong>templi</strong></span> <span class='ocrx_word' id='word_1_689' title='bbox 809 4460 961 4511; x_wconf 87' lang='lat' dir='ltr'><strong>ruina</strong></span> <span class='ocrx_word' id='word_1_690' title='bbox 994 4459 1272 4512; x_wconf 88' lang='lat' dir='ltr'><strong>terminari</strong></span> <span class='ocrx_word' id='word_1_691' title='bbox 1301 4457 1605 4513; x_wconf 74' lang='lat' dir='ltr'><strong>autumant.</strong></span> 
     </span>
    </p>
   </div>
   <div class='ocr_carea' id='block_1_98' title="bbox 39 4527 1607 4585">
    <p class='ocr_par' dir='ltr' id='par_1_98' title="bbox 39 4527 1607 4585">
     <span class='ocr_line' id='line_1_98' title="bbox 39 4527 1607 4585; baseline 0.004 -8"><span class='ocrx_word' id='word_1_692' title='bbox 39 4537 193 4583; x_wconf 71' lang='lat' dir='ltr'><strong>Altera</strong></span> <span class='ocrx_word' id='word_1_693' title='bbox 243 4528 726 4585; x_wconf 87' lang='lat' dir='ltr'><strong>hebdomadarum</strong></span> <span class='ocrx_word' id='word_1_694' title='bbox 781 4527 998 4582; x_wconf 88' lang='lat' dir='ltr'><strong>initium</strong></span> <span class='ocrx_word' id='word_1_695' title='bbox 1046 4529 1236 4583; x_wconf 89' lang='lat' dir='ltr'><strong>statuit</strong></span> <span class='ocrx_word' id='word_1_696' title='bbox 1283 4530 1607 4584; x_wconf 68' lang='lat' dir='ltr'><strong>Artaxerxis</strong></span> 
     </span>
    </p>
   </div>
   <div class='ocr_carea' id='block_1_99' title="bbox 1718 3328 3302 3383">
    <p class='ocr_par' dir='ltr' id='par_1_99' title="bbox 1718 3328 3302 3383">
     <span class='ocr_line' id='line_1_99' title="bbox 1718 3328 3302 3383; baseline 0 -1"><span class='ocrx_word' id='word_1_697' title='bbox 1718 3343 1841 3383; x_wconf 87' lang='lat' dir='ltr'><strong>men</strong></span> <span class='ocrx_word' id='word_1_698' title='bbox 1865 3331 2115 3383; x_wconf 86' lang='lat' dir='ltr'><strong>eumdem</strong></span> <span class='ocrx_word' id='word_1_699' title='bbox 2143 3328 2379 3382; x_wconf 89' lang='lat' dir='ltr'><strong>natalem</strong></span> <span class='ocrx_word' id='word_1_700' title='bbox 2403 3328 2606 3383; x_wconf 87' lang='lat' dir='ltr'><strong>Christi</strong></span> <span class='ocrx_word' id='word_1_701' title='bbox 2630 3328 2771 3382; x_wconf 89' lang='lat' dir='ltr'><strong>diem</strong></span> <span class='ocrx_word' id='word_1_702' title='bbox 2802 3329 2854 3381; x_wconf 93' lang='lat' dir='ltr'><strong>iii</strong></span> <span class='ocrx_word' id='word_1_703' title='bbox 2883 3344 3086 3382; x_wconf 89' lang='lat' dir='ltr'><strong>annum</strong></span> <span class='ocrx_word' id='word_1_704' title='bbox 3112 3330 3302 3382; x_wconf 81' lang='lat' dir='ltr'><strong>subse-</strong></span> 
     </span>
    </p>
   </div>
   <div class='ocr_carea' id='block_1_100' title="bbox 1715 3398 3302 3469">
    <p class='ocr_par' dir='ltr' id='par_1_100' title="bbox 1715 3398 3302 3469">
     <span class='ocr_line' id='line_1_100' title="bbox 1715 3398 3302 3469; baseline 0 -16"><span class='ocrx_word' id='word_1_705' title='bbox 1715 3409 1976 3468; x_wconf 89' lang='lat' dir='ltr'><strong>quentem</strong></span> <span class='ocrx_word' id='word_1_706' title='bbox 2015 3400 2224 3468; x_wconf 84' lang='lat' dir='ltr'><strong>rejicit:</strong></span> <span class='ocrx_word' id='word_1_707' title='bbox 2274 3417 2292 3450; x_wconf 74' lang='grc' dir='ltr'><strong>ι</strong></span> <span class='ocrx_word' id='word_1_708' title='bbox 2321 3399 2534 3468; x_wconf 88' lang='lat' dir='ltr'><strong>Annus,</strong></span> <span class='ocrx_word' id='word_1_709' title='bbox 2565 3398 2852 3469; x_wconf 76' lang='lat' dir='ltr'><strong>inquit“,</strong></span> <span class='ocrx_word' id='word_1_710' title='bbox 2889 3399 3001 3467; x_wconf 85' lang='lat' dir='ltr'><strong>jam</strong></span> <span class='ocrx_word' id='word_1_711' title='bbox 3035 3398 3302 3469; x_wconf 81' lang='lat' dir='ltr'><strong>agebatur</strong></span> 
     </span>
    </p>
   </div>
   <div class='ocr_carea' id='block_1_101' title="bbox 1715 3468 3301 3539">
    <p class='ocr_par' dir='ltr' id='par_1_101' title="bbox 1715 3468 3301 3539">
     <span class='ocr_line' id='line_1_101' title="bbox 1715 3468 3301 3539; baseline 0 -15"><span class='ocrx_word' id='word_1_712' title='bbox 1715 3471 1986 3524; x_wconf 88' lang='lat' dir='ltr'><strong>secundus</strong></span> <span class='ocrx_word' id='word_1_713' title='bbox 2011 3481 2066 3524; x_wconf 90' lang='lat' dir='ltr'><strong>et</strong></span> <span class='ocrx_word' id='word_1_714' title='bbox 2086 3470 2543 3539; x_wconf 85' lang='lat' dir='ltr'><strong>qnadragesiinus</strong></span> <span class='ocrx_word' id='word_1_715' title='bbox 2582 3468 2792 3538; x_wconf 87' lang='lat' dir='ltr'><strong>imperii</strong></span> <span class='ocrx_word' id='word_1_716' title='bbox 2824 3468 3134 3538; x_wconf 79' lang='lat' dir='ltr'><strong>Augusti.A</strong></span> <span class='ocrx_word' id='word_1_717' title='bbox 3166 3469 3301 3524; x_wconf 86' lang='lat' dir='ltr'><strong>sub-</strong></span> 
     </span>
    </p>
   </div>
   <div class='ocr_carea' id='block_1_102' title="bbox 1717 3539 3302 3610">
    <p class='ocr_par' dir='ltr' id='par_1_102' title="bbox 1717 3539 3302 3610">
     <span class='ocr_line' id='line_1_102' title="bbox 1717 3539 3302 3610; baseline 0 -17"><span class='ocrx_word' id='word_1_718' title='bbox 1717 3550 1838 3594; x_wconf 89' lang='lat' dir='ltr'><strong>acta</strong></span> <span class='ocrx_word' id='word_1_719' title='bbox 1883 3549 2065 3595; x_wconf 85' lang='lat' dir='ltr'><strong>autem</strong></span> <span class='ocrx_word' id='word_1_720' title='bbox 2110 3539 2364 3610; x_wconf 69' lang='lat' dir='ltr'><strong>Egypto,</strong></span> <span class='ocrx_word' id='word_1_721' title='bbox 2395 3549 2450 3594; x_wconf 86' lang='lat' dir='ltr'><strong>et</strong></span> <span class='ocrx_word' id='word_1_722' title='bbox 2471 3539 2541 3592; x_wconf 91' lang='lat' dir='ltr'><strong>ab</strong></span> <span class='ocrx_word' id='word_1_723' title='bbox 2565 3540 2794 3610; x_wconf 77' lang='lat' dir='ltr'><strong>interitu</strong></span> <span class='ocrx_word' id='word_1_724' title='bbox 2817 3539 3039 3593; x_wconf 85' lang='lat' dir='ltr'><strong>Antonii</strong></span> <span class='ocrx_word' id='word_1_725' title='bbox 3066 3549 3120 3593; x_wconf 90' lang='lat' dir='ltr'><strong>et</strong></span> <span class='ocrx_word' id='word_1_726' title='bbox 3150 3540 3302 3594; x_wconf 87' lang='lat' dir='ltr'><strong>Cleo-</strong></span> 
     </span>
    </p>
   </div>
   <div class='ocr_carea' id='block_1_103' title="bbox 1714 3608 3298 3682">
    <p class='ocr_par' dir='ltr' id='par_1_103' title="bbox 1714 3608 3298 3682">
     <span class='ocr_line' id='line_1_103' title="bbox 1714 3608 3298 3682; baseline 0 -19"><span class='ocrx_word' id='word_1_727' title='bbox 1714 3621 1910 3682; x_wconf 65' lang='lat' dir='ltr'><strong>patra),</strong></span> <span class='ocrx_word' id='word_1_728' title='bbox 1951 3611 2003 3664; x_wconf 92' lang='lat' dir='ltr'><strong>iii</strong></span> <span class='ocrx_word' id='word_1_729' title='bbox 2033 3627 2138 3682; x_wconf 86' lang='lat' dir='ltr'><strong>qua</strong></span> <span class='ocrx_word' id='word_1_730' title='bbox 2188 3608 2608 3665; x_wconf 72' lang='lat' dir='ltr'><strong>Ptolemteorum</strong></span> <span class='ocrx_word' id='word_1_731' title='bbox 2639 3610 2691 3664; x_wconf 92' lang='lat' dir='ltr'><strong>in</strong></span> <span class='ocrx_word' id='word_1_732' title='bbox 2733 3608 2970 3680; x_wconf 64' lang='lat' dir='ltr'><strong>Egypto</strong></span> <span class='ocrx_word' id='word_1_733' title='bbox 3000 3610 3298 3663; x_wconf 86' lang='lat' dir='ltr'><strong>dominatio</strong></span> 
     </span>
    </p>
   </div>
   <div class='ocr_carea' id='block_1_104' title="bbox 1717 3681 3301 3750">
    <p class='ocr_par' dir='ltr' id='par_1_104' title="bbox 1717 3681 3301 3750">
     <span class='ocr_line' id='line_1_104' title="bbox 1717 3681 3301 3750; baseline -0.001 -15"><span class='ocrx_word' id='word_1_734' title='bbox 1717 3681 1903 3750; x_wconf 77' lang='lat' dir='ltr'><strong>desiit,</strong></span> <span class='ocrx_word' id='word_1_735' title='bbox 1935 3691 2163 3736; x_wconf 88' lang='lat' dir='ltr'><strong>octavus</strong></span> <span class='ocrx_word' id='word_1_736' title='bbox 2196 3696 2262 3735; x_wconf 90' lang='lat' dir='ltr'><strong>ac</strong></span> <span class='ocrx_word' id='word_1_737' title='bbox 2295 3683 2586 3750; x_wconf 85' lang='lat' dir='ltr'><strong>vigesiuius</strong></span> <span class='ocrx_word' id='word_1_738' title='bbox 2615 3697 2628 3745; x_wconf 91' lang='lat'><strong>;</strong></span> <span class='ocrx_word' id='word_1_739' title='bbox 2669 3695 2792 3735; x_wconf 85' lang='lat' dir='ltr'><strong>coni</strong></span> <span class='ocrx_word' id='word_1_740' title='bbox 2823 3684 3086 3734; x_wconf 61' lang='lat' dir='ltr'><strong>Servator</strong></span> <span class='ocrx_word' id='word_1_741' title='bbox 3114 3691 3301 3734; x_wconf 92' lang='lat' dir='ltr'><strong>noster</strong></span> 
     </span>
    </p>
   </div>
   <div class='ocr_carea' id='block_1_105' title="bbox 1715 3748 3300 3823">
    <p class='ocr_par' dir='ltr' id='par_1_105' title="bbox 1715 3748 3300 3823">
     <span class='ocr_line' id='line_1_105' title="bbox 1715 3748 3300 3823; baseline -0.001 -17"><span class='ocrx_word' id='word_1_742' title='bbox 1715 3748 1873 3823; x_wconf 70' lang='lat' dir='ltr'><strong>Jesus</strong></span> <span class='ocrx_word' id='word_1_743' title='bbox 1901 3751 2150 3823; x_wconf 84' lang='lat' dir='ltr'><strong>Chrisnis</strong></span> <span class='ocrx_word' id='word_1_744' title='bbox 2179 3748 2372 3823; x_wconf 71' lang='lat' dir='ltr'><strong>prima</strong></span> <span class='ocrx_word' id='word_1_745' title='bbox 2391 3751 2478 3803; x_wconf 88' lang='lat' dir='ltr'><strong>illa</strong></span> <span class='ocrx_word' id='word_1_746' title='bbox 2519 3752 2890 3820; x_wconf 90' lang='lat' dir='ltr'><strong>descriptione</strong></span> <span class='ocrx_word' id='word_1_747' title='bbox 2927 3765 3147 3823; x_wconf 87' lang='lat' dir='ltr'><strong>census.</strong></span> <span class='ocrx_word' id='word_1_748' title='bbox 3177 3767 3300 3819; x_wconf 68' lang='lat' dir='ltr'><strong>quae</strong></span> 
     </span>
    </p>
   </div>
   <div class='ocr_carea' id='block_1_106' title="bbox 1716 3820 3303 3892">
    <p class='ocr_par' dir='ltr' id='par_1_106' title="bbox 1716 3820 3303 3892">
     <span class='ocr_line' id='line_1_106' title="bbox 1716 3820 3303 3892; baseline 0 -18"><span class='ocrx_word' id='word_1_749' title='bbox 1716 3820 1865 3876; x_wconf 83' lang='lat' dir='ltr'><strong>facta</strong></span> <span class='ocrx_word' id='word_1_750' title='bbox 1893 3833 1976 3876; x_wconf 89' lang='lat' dir='ltr'><strong>est</strong></span> <span class='ocrx_word' id='word_1_751' title='bbox 1997 3820 2248 3888; x_wconf 81' lang='lat' dir='ltr'><strong>Quirinio</strong></span> <span class='ocrx_word' id='word_1_752' title='bbox 2272 3821 2446 3892; x_wconf 77' lang='lat' dir='ltr'><strong>Syria:</strong></span> <span class='ocrx_word' id='word_1_753' title='bbox 2472 3823 2818 3892; x_wconf 67' lang='lat' dir='ltr'><strong>praesidente,</strong></span> <span class='ocrx_word' id='word_1_754' title='bbox 2843 3822 3145 3892; x_wconf 78' lang='lat' dir='ltr'><strong>secundum</strong></span> <span class='ocrx_word' id='word_1_755' title='bbox 3177 3837 3303 3890; x_wconf 89' lang='lat' dir='ltr'><strong>pro-</strong></span> 
     </span>
    </p>
   </div>
   <div class='ocr_carea' id='block_1_107' title="bbox 1715 3889 3299 3962">
    <p class='ocr_par' dir='ltr' id='par_1_107' title="bbox 1715 3889 3299 3962">
     <span class='ocr_line' id='line_1_107' title="bbox 1715 3889 3299 3962; baseline -0.001 -17"><span class='ocrx_word' id='word_1_756' title='bbox 1715 3892 2003 3962; x_wconf 89' lang='lat' dir='ltr'><strong>phetaruni</strong></span> <span class='ocrx_word' id='word_1_757' title='bbox 2023 3892 2088 3944; x_wconf 87' lang='lat' dir='ltr'><strong>de</strong></span> <span class='ocrx_word' id='word_1_758' title='bbox 2129 3893 2219 3947; x_wconf 93' lang='lat' dir='ltr'><strong>illo</strong></span> <span class='ocrx_word' id='word_1_759' title='bbox 2235 3889 2510 3956; x_wconf 76' lang='lat' dir='ltr'><strong>vaticinia,</strong></span> <span class='ocrx_word' id='word_1_760' title='bbox 2540 3893 2592 3944; x_wconf 92' lang='lat' dir='ltr'><strong>in</strong></span> <span class='ocrx_word' id='word_1_761' title='bbox 2629 3890 2942 3962; x_wconf 85' lang='lat' dir='ltr'><strong>Bethleliem</strong></span> <span class='ocrx_word' id='word_1_762' title='bbox 2972 3889 3299 3962; x_wconf 28' lang='lat' dir='ltr'><strong>Jtidaaw’iia-g</strong></span> 
     </span>
    </p>
   </div>
   <div class='ocr_carea' id='block_1_108' title="bbox 1719 3961 3298 4030">
    <p class='ocr_par' dir='ltr' id='par_1_108' title="bbox 1719 3961 3298 4030">
     <span class='ocr_line' id='line_1_108' title="bbox 1719 3961 3298 4030; baseline 0 -14"><span class='ocrx_word' id='word_1_763' title='bbox 1719 3961 1807 4018; x_wconf 84' lang='lat' dir='ltr'><strong>tus</strong></span> <span class='ocrx_word' id='word_1_764' title='bbox 1835 3972 1940 4016; x_wconf 91' lang='lat' dir='ltr'><strong>est.</strong></span> <span class='ocrx_word' id='word_1_765' title='bbox 1967 3981 1988 4015; x_wconf 78' lang='grc' dir='ltr'><strong>ι</strong></span> <span class='ocrx_word' id='word_1_766' title='bbox 2026 3964 2392 4029; x_wconf 86' lang='lat' dir='ltr'><strong>Quamobrem</strong></span> <span class='ocrx_word' id='word_1_767' title='bbox 2424 3962 2479 4014; x_wconf 90' lang='lat' dir='ltr'><strong>in</strong></span> <span class='ocrx_word' id='word_1_768' title='bbox 2528 3977 2644 4030; x_wconf 65' lang='lat' dir='ltr'><strong>eius</strong></span> <span class='ocrx_word' id='word_1_769' title='bbox 2685 3961 2948 4017; x_wconf 78' lang='lat' dir='ltr'><strong>Chronico</strong></span> <span class='ocrx_word' id='word_1_770' title='bbox 2977 3961 3064 4015; x_wconf 89' lang='lat' dir='ltr'><strong>hic</strong></span> <span class='ocrx_word' id='word_1_771' title='bbox 3092 3961 3298 4016; x_wconf 82' lang='lat' dir='ltr'><strong>Christi</strong></span> 
     </span>
    </p>
   </div>
   <div class='ocr_carea' id='block_1_109' title="bbox 1718 4032 3300 4101">
    <p class='ocr_par' dir='ltr' id='par_1_109' title="bbox 1718 4032 3300 4101">
     <span class='ocr_line' id='line_1_109' title="bbox 1718 4032 3300 4101; baseline 0.001 -15"><span class='ocrx_word' id='word_1_772' title='bbox 1718 4033 1918 4086; x_wconf 87' lang='lat' dir='ltr'><strong>natalis</strong></span> <span class='ocrx_word' id='word_1_773' title='bbox 1942 4048 2117 4088; x_wconf 86' lang='lat' dir='ltr'><strong>annus</strong></span> <span class='ocrx_word' id='word_1_774' title='bbox 2141 4034 2260 4101; x_wconf 83' lang='lat' dir='ltr'><strong>ipso</strong></span> <span class='ocrx_word' id='word_1_775' title='bbox 2282 4032 2701 4100; x_wconf 85' lang='lat' dir='ltr'><strong>quadragesimo</strong></span> <span class='ocrx_word' id='word_1_776' title='bbox 2719 4039 2958 4085; x_wconf 88' lang='lat' dir='ltr'><strong>secundo</strong></span> <span class='ocrx_word' id='word_1_777' title='bbox 2977 4032 3300 4098; x_wconf 82' lang='lat' dir='ltr'><strong>imperantis</strong></span> 
     </span>
    </p>
   </div>
   <div class='ocr_carea' id='block_1_110' title="bbox 1712 4101 3296 4174">
    <p class='ocr_par' dir='ltr' id='par_1_110' title="bbox 1712 4101 3296 4174">
     <span class='ocr_line' id='line_1_110' title="bbox 1712 4101 3296 4174; baseline -0.002 -17"><span class='ocrx_word' id='word_1_778' title='bbox 1712 4104 1943 4174; x_wconf 76' lang='lat' dir='ltr'><strong>Augusti</strong></span> <span class='ocrx_word' id='word_1_779' title='bbox 1975 4118 2120 4174; x_wconf 89' lang='lat' dir='ltr'><strong>anno</strong></span> <span class='ocrx_word' id='word_1_780' title='bbox 2151 4105 2528 4174; x_wconf 78' lang='lat' dir='ltr'><strong>consignatur.</strong></span> <span class='ocrx_word' id='word_1_781' title='bbox 2557 4102 2794 4174; x_wconf 78' lang='lat' dir='ltr'><strong>Eusebio</strong></span> <span class='ocrx_word' id='word_1_782' title='bbox 2821 4118 2928 4155; x_wconf 92' lang='lat' dir='ltr'><strong>non</strong></span> <span class='ocrx_word' id='word_1_783' title='bbox 2965 4102 3134 4154; x_wconf 86' lang='lat' dir='ltr'><strong>semel</strong></span> <span class='ocrx_word' id='word_1_784' title='bbox 3163 4101 3296 4170; x_wconf 82' lang='lat' dir='ltr'><strong>Epi-</strong></span> 
     </span>
    </p>
   </div>
   <div class='ocr_carea' id='block_1_111' title="bbox 1713 4170 2760 4243">
    <p class='ocr_par' dir='ltr' id='par_1_111' title="bbox 1713 4170 2760 4243">
     <span class='ocr_line' id='line_1_111' title="bbox 1713 4170 2760 4243; baseline -0.004 -15"><span class='ocrx_word' id='word_1_785' title='bbox 1713 4170 1955 4243; x_wconf 67' lang='lat' dir='ltr'><strong>pha&#39;nius</strong></span> <span class='ocrx_word' id='word_1_786' title='bbox 1985 4173 2192 4243; x_wconf 18' lang='lat' dir='ltr'><strong>aliique,</strong></span> <span class='ocrx_word' id='word_1_787' title='bbox 2207 4170 2665 4243; x_wconf 81' lang='lat' dir='ltr'><strong>subscripserunt</strong></span> <span class='ocrx_word' id='word_1_788' title='bbox 2691 4170 2760 4224; x_wconf 84' lang='grc'><strong>²⁰.</strong></span> 
     </span>
    </p>
   </div>
   <div class='ocr_carea' id='block_1_112' title="bbox 1784 4239 3294 4310">
    <p class='ocr_par' dir='ltr' id='par_1_112' title="bbox 1784 4239 3294 4310">
     <span class='ocr_line' id='line_1_112' title="bbox 1784 4239 3294 4310; baseline -0.001 -14"><span class='ocrx_word' id='word_1_789' title='bbox 1784 4242 2146 4310; x_wconf 85' lang='lat' dir='ltr'><strong>Quamobrem</strong></span> <span class='ocrx_word' id='word_1_790' title='bbox 2179 4239 2468 4307; x_wconf 86' lang='lat' dir='ltr'><strong>Hervetus,</strong></span> <span class='ocrx_word' id='word_1_791' title='bbox 2489 4243 2728 4306; x_wconf 75' lang='lat' dir='ltr'><strong>Eusebii,</strong></span> <span class='ocrx_word' id='word_1_792' title='bbox 2758 4242 2831 4294; x_wconf 92' lang='lat' dir='ltr'><strong>uti</strong></span> <span class='ocrx_word' id='word_1_793' title='bbox 2854 4240 2954 4310; x_wconf 81' lang='lat' dir='ltr'><strong>ipsi</strong></span> <span class='ocrx_word' id='word_1_794' title='bbox 2981 4239 3294 4308; x_wconf 87' lang='lat' dir='ltr'><strong>videbatur,</strong></span> 
     </span>
    </p>
   </div>
   <div class='ocr_carea' id='block_1_113' title="bbox 1714 4310 3294 4381">
    <p class='ocr_par' dir='ltr' id='par_1_113' title="bbox 1714 4310 3294 4381">
     <span class='ocr_line' id='line_1_113' title="bbox 1714 4310 3294 4381; baseline -0.001 -14"><span class='ocrx_word' id='word_1_795' title='bbox 1714 4315 2039 4368; x_wconf 88' lang='lat' dir='ltr'><strong>auctoritate</strong></span> <span class='ocrx_word' id='word_1_796' title='bbox 2061 4314 2258 4378; x_wconf 84' lang='lat' dir='ltr'><strong>fretus,</strong></span> <span class='ocrx_word' id='word_1_797' title='bbox 2287 4322 2544 4381; x_wconf 89' lang='lat' dir='ltr'><strong>ratusque</strong></span> <span class='ocrx_word' id='word_1_798' title='bbox 2566 4322 2881 4381; x_wconf 84' lang='lat' dir='ltr'><strong>corruptum</strong></span> <span class='ocrx_word' id='word_1_799' title='bbox 2906 4326 3026 4366; x_wconf 86' lang='lat' dir='ltr'><strong>esse</strong></span> <span class='ocrx_word' id='word_1_800' title='bbox 3045 4310 3294 4366; x_wconf 67' lang='lat' dir='ltr'><strong>Graecum</strong></span> 
     </span>
    </p>
   </div>
   <div class='ocr_carea' id='block_1_114' title="bbox 1713 4383 3298 4454">
    <p class='ocr_par' dir='ltr' id='par_1_114' title="bbox 1713 4383 3298 4454">
     <span class='ocr_line' id='line_1_114' title="bbox 1713 4383 3298 4454; baseline -0.001 -16"><span class='ocrx_word' id='word_1_801' title='bbox 1713 4386 2012 4438; x_wconf 85' lang='lat' dir='ltr'><strong>Clementis</strong></span> <span class='ocrx_word' id='word_1_802' title='bbox 2053 4395 2286 4448; x_wconf 76' lang='lat' dir='ltr'><strong>textum,</strong></span> <span class='ocrx_word' id='word_1_803' title='bbox 2317 4399 2416 4450; x_wconf 89' lang='lat' dir='ltr'><strong>pro</strong></span> <span class='ocrx_word' id='word_1_804' title='bbox 2451 4401 2469 4433; x_wconf 79' lang='grc' dir='ltr'><strong>ι</strong></span> <span class='ocrx_word' id='word_1_805' title='bbox 2492 4383 2755 4454; x_wconf 86' lang='lat' dir='ltr'><strong>vigesimo</strong></span> <span class='ocrx_word' id='word_1_806' title='bbox 2794 4391 2988 4454; x_wconf 89' lang='lat' dir='ltr'><strong>octavo</strong></span> <span class='ocrx_word' id='word_1_807' title='bbox 3015 4397 3157 4436; x_wconf 92' lang='lat' dir='ltr'><strong>anno</strong></span> <span class='ocrx_word' id='word_1_808' title='bbox 3184 4387 3298 4436; x_wconf 76' lang='lat' dir='ltr'><strong>Au-</strong></span> 
     </span>
    </p>
   </div>
   <div class='ocr_carea' id='block_1_115' title="bbox 1713 4453 3296 4525">
    <p class='ocr_par' dir='ltr' id='par_1_115' title="bbox 1713 4453 3296 4525">
     <span class='ocr_line' id='line_1_115' title="bbox 1713 4453 3296 4525; baseline -0.001 -17"><span class='ocrx_word' id='word_1_809' title='bbox 1713 4455 1886 4522; x_wconf 89' lang='lat' dir='ltr'><strong>gusti,</strong></span> <span class='ocrx_word' id='word_1_810' title='bbox 1918 4474 1936 4508; x_wconf 81' lang='grc' dir='ltr'><strong>ι</strong></span> <span class='ocrx_word' id='word_1_811' title='bbox 1987 4453 2746 4525; x_wconf 75' lang='lat' dir='ltr'><strong>legeiiduiiiiquadragesimo</strong></span> <span class='ocrx_word' id='word_1_812' title='bbox 2789 4453 2969 4518; x_wconf 87' lang='lat' dir='ltr'><strong>primo</strong></span> <span class='ocrx_word' id='word_1_813' title='bbox 3008 4467 3150 4525; x_wconf 86' lang='lat' dir='ltr'><strong>auiio</strong></span> <span class='ocrx_word' id='word_1_814' title='bbox 3185 4454 3296 4506; x_wconf 85' lang='lat' dir='ltr'><strong>Ati-</strong></span> 
     </span>
    </p>
   </div>
   <div class='ocr_carea' id='block_1_116' title="bbox 1715 4522 3295 4595">
    <p class='ocr_par' dir='ltr' id='par_1_116' title="bbox 1715 4522 3295 4595">
     <span class='ocr_line' id='line_1_116' title="bbox 1715 4522 3295 4595; baseline -0.002 -17"><span class='ocrx_word' id='word_1_815' title='bbox 1715 4527 1880 4595; x_wconf 90' lang='lat' dir='ltr'><strong>gusti,</strong></span> <span class='ocrx_word' id='word_1_816' title='bbox 1915 4545 1934 4577; x_wconf 80' lang='grc' dir='ltr'><strong>ι</strong></span> <span class='ocrx_word' id='word_1_817' title='bbox 1968 4522 2292 4594; x_wconf 75' lang='lat' dir='ltr'><strong>persuasum</strong></span> <span class='ocrx_word' id='word_1_818' title='bbox 2327 4522 2401 4579; x_wconf 81' lang='lat' dir='ltr'><strong>ita</strong></span> <span class='ocrx_word' id='word_1_819' title='bbox 2431 4522 2642 4590; x_wconf 86' lang='lat' dir='ltr'><strong>habuit,</strong></span> <span class='ocrx_word' id='word_1_820' title='bbox 2665 4533 2729 4595; x_wconf 86' lang='lat' dir='ltr'><strong>ut</strong></span> <span class='ocrx_word' id='word_1_821' title='bbox 2755 4525 3007 4578; x_wconf 88' lang='lat' dir='ltr'><strong>eumdem</strong></span> <span class='ocrx_word' id='word_1_822' title='bbox 3039 4522 3295 4595; x_wconf 80' lang='lat' dir='ltr'><strong>Clemen-</strong></span> 
     </span>
    </p>
   </div>
   <div class='ocr_carea' id='block_1_117' title="bbox 41 4592 3297 4668">
    <p class='ocr_par' dir='ltr' id='par_1_117' title="bbox 41 4592 3297 4668">
     <span class='ocr_line' id='line_1_117' title="bbox 41 4592 3297 4668; baseline -0.002 -18"><span class='ocrx_word' id='word_1_823' title='bbox 41 4596 339 4668; x_wconf 81' lang='lat' dir='ltr'><strong>Longiniaiii</strong></span> <span class='ocrx_word' id='word_1_824' title='bbox 368 4614 522 4653; x_wconf 89' lang='lat' dir='ltr'><strong>anno</strong></span> <span class='ocrx_word' id='word_1_825' title='bbox 547 4602 799 4665; x_wconf 88' lang='lat' dir='ltr'><strong>septimo,</strong></span> <span class='ocrx_word' id='word_1_826' title='bbox 823 4613 876 4652; x_wconf 84' lang='lat' dir='ltr'><strong>et</strong></span> <span class='ocrx_word' id='word_1_827' title='bbox 903 4615 1089 4653; x_wconf 90' lang='lat' dir='ltr'><strong>earum</strong></span> <span class='ocrx_word' id='word_1_828' title='bbox 1120 4601 1173 4652; x_wconf 92' lang='lat' dir='ltr'><strong>in</strong></span> <span class='ocrx_word' id='word_1_829' title='bbox 1199 4600 1401 4654; x_wconf 86' lang='lat' dir='ltr'><strong>Christi</strong></span> <span class='ocrx_word' id='word_1_830' title='bbox 1432 4610 1608 4654; x_wconf 86' lang='lat' dir='ltr'><strong>morte</strong></span> <span class='ocrx_word' id='word_1_831' title='bbox 1639 4602 1684 4656; x_wconf 91' lang='lat' dir='ltr'><strong>D</strong></span> <span class='ocrx_word' id='word_1_832' title='bbox 1715 4592 1783 4650; x_wconf 70' lang='lat' dir='ltr'><strong>iis</strong></span> <span class='ocrx_word' id='word_1_833' title='bbox 1818 4592 2024 4649; x_wconf 77' lang='lat' dir='ltr'><strong>textum</strong></span> <span class='ocrx_word' id='word_1_834' title='bbox 2058 4611 2223 4650; x_wconf 89' lang='lat' dir='ltr'><strong>ausus</strong></span> <span class='ocrx_word' id='word_1_835' title='bbox 2246 4595 2413 4668; x_wconf 64' lang='lat' dir='ltr'><strong>fuerit</strong></span> <span class='ocrx_word' id='word_1_836' title='bbox 2441 4595 2492 4648; x_wconf 88' lang='lat' dir='ltr'><strong>in</strong></span> <span class='ocrx_word' id='word_1_837' title='bbox 2531 4610 2627 4648; x_wconf 86' lang='lat' dir='ltr'><strong>sua</strong></span> <span class='ocrx_word' id='word_1_838' title='bbox 2660 4594 3117 4668; x_wconf 76' lang='lat' dir='ltr'><strong>interpretatione</strong></span> <span class='ocrx_word' id='word_1_839' title='bbox 3146 4592 3297 4668; x_wconf 65' lang='lat' dir='ltr'><strong>Lati-</strong></span> 
     </span>
    </p>
   </div>
   <div class='ocr_carea' id='block_1_118' title="bbox 40 4670 1607 4726">
    <p class='ocr_par' dir='ltr' id='par_1_118' title="bbox 40 4670 1607 4726">
     <span class='ocr_line' id='line_1_118' title="bbox 40 4670 1607 4726; baseline 0.006 -11"><span class='ocrx_word' id='word_1_840' title='bbox 40 4679 198 4725; x_wconf 79' lang='lat' dir='ltr'><strong>iiueiu.</strong></span> <span class='ocrx_word' id='word_1_841' title='bbox 232 4672 428 4726; x_wconf 79' lang='lat' dir='ltr'><strong>Tertia</strong></span> <span class='ocrx_word' id='word_1_842' title='bbox 479 4684 580 4723; x_wconf 89' lang='lat' dir='ltr'><strong>eas</strong></span> <span class='ocrx_word' id='word_1_843' title='bbox 610 4671 804 4721; x_wconf 88' lang='lat' dir='ltr'><strong>asserit</strong></span> <span class='ocrx_word' id='word_1_844' title='bbox 852 4687 997 4723; x_wconf 89' lang='lat' dir='ltr'><strong>anno</strong></span> <span class='ocrx_word' id='word_1_845' title='bbox 1052 4670 1292 4724; x_wconf 88' lang='lat' dir='ltr'><strong>secundo</strong></span> <span class='ocrx_word' id='word_1_846' title='bbox 1329 4670 1474 4724; x_wconf 86' lang='lat' dir='ltr'><strong>Darii</strong></span> <span class='ocrx_word' id='word_1_847' title='bbox 1512 4681 1607 4724; x_wconf 88' lang='lat' dir='ltr'><strong>aut</strong></span> 
     </span>
    </p>
   </div>
   <div class='ocr_carea' id='block_1_119' title="bbox 38 4736 1607 4812">
    <p class='ocr_par' dir='ltr' id='par_1_119' title="bbox 38 4736 1607 4812">
     <span class='ocr_line' id='line_1_119' title="bbox 38 4736 1607 4812; baseline 0.004 -23"><span class='ocrx_word' id='word_1_848' title='bbox 38 4736 326 4812; x_wconf 66' lang='lat' dir='ltr'><strong>HystaSpis,</strong></span> <span class='ocrx_word' id='word_1_849' title='bbox 361 4751 464 4794; x_wconf 88' lang='lat' dir='ltr'><strong>aut</strong></span> <span class='ocrx_word' id='word_1_850' title='bbox 488 4738 656 4793; x_wconf 84' lang='lat' dir='ltr'><strong>Nothi</strong></span> <span class='ocrx_word' id='word_1_851' title='bbox 689 4739 1002 4812; x_wconf 69' lang='lat' dir='ltr'><strong>increpisse,</strong></span> <span class='ocrx_word' id='word_1_852' title='bbox 1026 4757 1090 4796; x_wconf 86' lang='lat' dir='ltr'><strong>ac</strong></span> <span class='ocrx_word' id='word_1_853' title='bbox 1117 4741 1350 4796; x_wconf 72' lang='lat' dir='ltr'><strong>Neronis</strong></span> <span class='ocrx_word' id='word_1_854' title='bbox 1378 4741 1607 4812; x_wconf 80' lang='lat' dir='ltr'><strong>desiisse</strong></span> 
     </span>
    </p>
   </div>
   <div class='ocr_carea' id='block_1_120' title="bbox 35 4809 1604 4879">
    <p class='ocr_par' dir='ltr' id='par_1_120' title="bbox 35 4809 1604 4879">
     <span class='ocr_line' id='line_1_120' title="bbox 35 4809 1604 4879; baseline 0.003 -21"><span class='ocrx_word' id='word_1_855' title='bbox 35 4826 154 4866; x_wconf 79' lang='lat' dir='ltr'><strong>anno</strong></span> <span class='ocrx_word' id='word_1_856' title='bbox 178 4809 541 4872; x_wconf 73' lang='lat' dir='ltr'><strong>duodecimo,</strong></span> <span class='ocrx_word' id='word_1_857' title='bbox 577 4824 687 4879; x_wconf 89' lang='lat' dir='ltr'><strong>quo</strong></span> <span class='ocrx_word' id='word_1_858' title='bbox 726 4809 926 4864; x_wconf 90' lang='lat' dir='ltr'><strong>bellum</strong></span> <span class='ocrx_word' id='word_1_859' title='bbox 959 4812 1393 4867; x_wconf 76' lang='lat' dir='ltr'><strong>ltomanosinter</strong></span> <span class='ocrx_word' id='word_1_860' title='bbox 1419 4823 1474 4866; x_wconf 90' lang='lat' dir='ltr'><strong>et</strong></span> <span class='ocrx_word' id='word_1_861' title='bbox 1508 4810 1604 4864; x_wconf 86' lang='lat' dir='ltr'><strong>Ju-</strong></span> 
     </span>
    </p>
   </div>
   <div class='ocr_carea' id='block_1_121' title="bbox 33 4884 1606 4953">
    <p class='ocr_par' dir='ltr' id='par_1_121' title="bbox 33 4884 1606 4953">
     <span class='ocr_line' id='line_1_121' title="bbox 33 4884 1606 4953; baseline 0.001 -19"><span class='ocrx_word' id='word_1_862' title='bbox 33 4887 154 4936; x_wconf 70' lang='lat' dir='ltr'><strong>daeos</strong></span> <span class='ocrx_word' id='word_1_863' title='bbox 184 4890 259 4938; x_wconf 83' lang='lat' dir='ltr'><strong>ita</strong></span> <span class='ocrx_word' id='word_1_864' title='bbox 287 4885 635 4953; x_wconf 80' lang='lat' dir='ltr'><strong>gerebatur,</strong></span> <span class='ocrx_word' id='word_1_865' title='bbox 665 4890 722 4934; x_wconf 90' lang='lat' dir='ltr'><strong>ut</strong></span> <span class='ocrx_word' id='word_1_866' title='bbox 756 4884 927 4953; x_wconf 85' lang='lat' dir='ltr'><strong>tribus</strong></span> <span class='ocrx_word' id='word_1_867' title='bbox 958 4894 1141 4951; x_wconf 88' lang='lat' dir='ltr'><strong>postea</strong></span> <span class='ocrx_word' id='word_1_868' title='bbox 1173 4885 1331 4936; x_wconf 90' lang='lat' dir='ltr'><strong>annis</strong></span> <span class='ocrx_word' id='word_1_869' title='bbox 1351 4925 1365 4948; x_wconf 94' lang='lat'><strong>,</strong></span> <span class='ocrx_word' id='word_1_870' title='bbox 1401 4897 1606 4948; x_wconf 71' lang='lat' dir='ltr'><strong>scitque</strong></span> 
     </span>
    </p>
   </div>
   <div class='ocr_carea' id='block_1_122' title="bbox 32 4948 1600 5022">
    <p class='ocr_par' dir='ltr' id='par_1_122' title="bbox 32 4948 1600 5022">
     <span class='ocr_line' id='line_1_122' title="bbox 32 4948 1600 5022; baseline -0.003 -14"><span class='ocrx_word' id='word_1_871' title='bbox 32 4957 208 5020; x_wconf 72' lang='lat' dir='ltr'><strong>elapsis</strong></span> <span class='ocrx_word' id='word_1_872' title='bbox 238 4948 536 5008; x_wconf 70' lang='lat' dir='ltr'><strong>meiisibus</strong></span> <span class='ocrx_word' id='word_1_873' title='bbox 566 4948 870 5006; x_wconf 80' lang='lat' dir='ltr'><strong>Jerusalem</strong></span> <span class='ocrx_word' id='word_1_874' title='bbox 910 4948 1085 5005; x_wconf 78' lang='lat' dir='ltr'><strong>diruta</strong></span> <span class='ocrx_word' id='word_1_875' title='bbox 1127 4955 1357 5022; x_wconf 88' lang='lat' dir='ltr'><strong>soloque</strong></span> <span class='ocrx_word' id='word_1_876' title='bbox 1387 4964 1600 5022; x_wconf 67' lang='lat' dir='ltr'><strong>aequata</strong></span> 
     </span>
    </p>
   </div>
   <div class='ocr_carea' id='block_1_123' title="bbox 29 5022 1603 5093">
    <p class='ocr_par' dir='ltr' id='par_1_123' title="bbox 29 5022 1603 5093">
     <span class='ocr_line' id='line_1_123' title="bbox 29 5022 1603 5093; baseline 0.001 -21"><span class='ocrx_word' id='word_1_877' title='bbox 29 5025 194 5083; x_wconf 76' lang='lat' dir='ltr'><strong>fuerit.</strong></span> <span class='ocrx_word' id='word_1_878' title='bbox 237 5028 456 5092; x_wconf 83' lang='lat' dir='ltr'><strong>Quarta</strong></span> <span class='ocrx_word' id='word_1_879' title='bbox 503 5022 1052 5093; x_wconf 65' lang='grc' dir='ltr'>ΙΙΙειιιιιιιῑοιιδὶειιειι</span> <span class='ocrx_word' id='word_1_880' title='bbox 1089 5024 1416 5093; x_wconf 84' lang='lat' dir='ltr'><strong>principium</strong></span> <span class='ocrx_word' id='word_1_881' title='bbox 1459 5039 1603 5075; x_wconf 88' lang='lat' dir='ltr'><strong>anno</strong></span> 
     </span>
    </p>
   </div>
   <div class='ocr_carea' id='block_1_124' title="bbox 30 5092 1601 5162">
    <p class='ocr_par' dir='ltr' id='par_1_124' title="bbox 30 5092 1601 5162">
     <span class='ocr_line' id='line_1_124' title="bbox 30 5092 1601 5162; baseline 0.001 -17"><span class='ocrx_word' id='word_1_882' title='bbox 30 5097 273 5162; x_wconf 65' lang='lat' dir='ltr'><strong>tigesiino</strong></span> <span class='ocrx_word' id='word_1_883' title='bbox 339 5096 682 5147; x_wconf 79' lang='lat' dir='ltr'><strong>Artaxerxis</strong></span> <span class='ocrx_word' id='word_1_884' title='bbox 735 5092 1100 5162; x_wconf 70' lang='lat' dir='ltr'><strong>Longiniaui,</strong></span> <span class='ocrx_word' id='word_1_885' title='bbox 1131 5105 1188 5147; x_wconf 89' lang='lat' dir='ltr'><strong>et</strong></span> <span class='ocrx_word' id='word_1_886' title='bbox 1244 5103 1407 5148; x_wconf 86' lang='lat' dir='ltr'><strong>tinem</strong></span> <span class='ocrx_word' id='word_1_887' title='bbox 1458 5110 1601 5146; x_wconf 89' lang='lat' dir='ltr'><strong>anno</strong></span> 
     </span>
    </p>
   </div>
   <div class='ocr_carea' id='block_1_125' title="bbox 27 5165 1603 5232">
    <p class='ocr_par' dir='ltr' id='par_1_125' title="bbox 27 5165 1603 5232">
     <span class='ocr_line' id='line_1_125' title="bbox 27 5165 1603 5232; baseline 0.001 -16"><span class='ocrx_word' id='word_1_888' title='bbox 27 5179 134 5229; x_wconf 69' lang='lat' dir='ltr'><strong>post</strong></span> <span class='ocrx_word' id='word_1_889' title='bbox 178 5167 392 5222; x_wconf 82' lang='lat' dir='ltr'><strong>Christi</strong></span> <span class='ocrx_word' id='word_1_890' title='bbox 458 5175 696 5217; x_wconf 82' lang='lat' dir='ltr'><strong>mortem</strong></span> <span class='ocrx_word' id='word_1_891' title='bbox 745 5165 1200 5232; x_wconf 83' lang='lat' dir='ltr'><strong>quadragesimo,</strong></span> <span class='ocrx_word' id='word_1_892' title='bbox 1246 5171 1351 5228; x_wconf 79' lang='lat' dir='ltr'><strong>vel,</strong></span> <span class='ocrx_word' id='word_1_893' title='bbox 1387 5174 1445 5218; x_wconf 91' lang='lat' dir='ltr'><strong>ut</strong></span> <span class='ocrx_word' id='word_1_894' title='bbox 1479 5165 1603 5218; x_wconf 91' lang='lat' dir='ltr'><strong>aliis</strong></span> 
     </span>
    </p>
   </div>
   <div class='ocr_carea' id='block_1_126' title="bbox 27 5235 1604 5304">
    <p class='ocr_par' dir='ltr' id='par_1_126' title="bbox 27 5235 1604 5304">
     <span class='ocr_line' id='line_1_126' title="bbox 27 5235 1604 5304; baseline -0.001 -16"><span class='ocrx_word' id='word_1_895' title='bbox 27 5243 201 5301; x_wconf 74' lang='lat' dir='ltr'><strong>placet,</strong></span> <span class='ocrx_word' id='word_1_896' title='bbox 233 5241 387 5291; x_wconf 87' lang='lat' dir='ltr'><strong>intra</strong></span> <span class='ocrx_word' id='word_1_897' title='bbox 421 5235 636 5288; x_wconf 71' lang='lat' dir='ltr'><strong>ultimae</strong></span> <span class='ocrx_word' id='word_1_898' title='bbox 661 5235 1017 5288; x_wconf 84' lang='lat' dir='ltr'><strong>hebdomadis</strong></span> <span class='ocrx_word' id='word_1_899' title='bbox 1042 5237 1296 5304; x_wconf 83' lang='lat' dir='ltr'><strong>spatium,</strong></span> <span class='ocrx_word' id='word_1_900' title='bbox 1325 5251 1433 5304; x_wconf 87' lang='lat' dir='ltr'><strong>quo</strong></span> <span class='ocrx_word' id='word_1_901' title='bbox 1451 5235 1604 5290; x_wconf 86' lang='lat' dir='ltr'><strong>Chri-</strong></span> 
     </span>
    </p>
   </div>
   <div class='ocr_carea' id='block_1_127' title="bbox 27 5307 1080 5374">
    <p class='ocr_par' dir='ltr' id='par_1_127' title="bbox 27 5307 1080 5374">
     <span class='ocr_line' id='line_1_127' title="bbox 27 5307 1080 5374; baseline 0 -16"><span class='ocrx_word' id='word_1_902' title='bbox 27 5321 127 5360; x_wconf 62' lang='lat' dir='ltr'><strong>atus</strong></span> <span class='ocrx_word' id='word_1_903' title='bbox 154 5313 348 5362; x_wconf 86' lang='lat' dir='ltr'><strong>crucis</strong></span> <span class='ocrx_word' id='word_1_904' title='bbox 384 5307 663 5374; x_wconf 83' lang='lat' dir='ltr'><strong>supplicio</strong></span> <span class='ocrx_word' id='word_1_905' title='bbox 693 5307 855 5358; x_wconf 86' lang='lat' dir='ltr'><strong>vitam</strong></span> <span class='ocrx_word' id='word_1_906' title='bbox 885 5307 1080 5360; x_wconf 83' lang='lat' dir='ltr'><strong>tinivit.</strong></span> 
     </span>
    </p>
   </div>
   <div class='ocr_carea' id='block_1_128' title="bbox 83 5374 1598 5448">
    <p class='ocr_par' dir='ltr' id='par_1_128' title="bbox 83 5374 1598 5448">
     <span class='ocr_line' id='line_1_128' title="bbox 83 5374 1598 5448; baseline -0.002 -18"><span class='ocrx_word' id='word_1_907' title='bbox 83 5385 207 5444; x_wconf 79' lang='lat' dir='ltr'><strong>Qua:</strong></span> <span class='ocrx_word' id='word_1_908' title='bbox 245 5391 451 5432; x_wconf 81' lang='lat' dir='ltr'><strong>autem</strong></span> <span class='ocrx_word' id='word_1_909' title='bbox 499 5380 612 5431; x_wconf 87' lang='lat' dir='ltr'><strong>sint</strong></span> <span class='ocrx_word' id='word_1_910' title='bbox 665 5379 852 5448; x_wconf 84' lang='lat' dir='ltr'><strong>harum</strong></span> <span class='ocrx_word' id='word_1_911' title='bbox 899 5378 1238 5448; x_wconf 86' lang='lat' dir='ltr'><strong>altarumque</strong></span> <span class='ocrx_word' id='word_1_912' title='bbox 1287 5374 1598 5448; x_wconf 84' lang='lat' dir='ltr'><strong>epiiiionuui</strong></span> 
     </span>
    </p>
   </div>
   <div class='ocr_carea' id='block_1_129' title="bbox 25 5445 1604 5516">
    <p class='ocr_par' dir='ltr' id='par_1_129' title="bbox 25 5445 1604 5516">
     <span class='ocr_line' id='line_1_129' title="bbox 25 5445 1604 5516; baseline -0.001 -18"><span class='ocrx_word' id='word_1_913' title='bbox 25 5453 391 5516; x_wconf 71' lang='lat' dir='ltr'><strong>lineamenta,</strong></span> <span class='ocrx_word' id='word_1_914' title='bbox 415 5459 476 5503; x_wconf 84' lang='lat' dir='ltr'><strong>et</strong></span> <span class='ocrx_word' id='word_1_915' title='bbox 494 5449 626 5516; x_wconf 82' lang='lat' dir='ltr'><strong>quid</strong></span> <span class='ocrx_word' id='word_1_916' title='bbox 658 5448 712 5500; x_wconf 85' lang='lat' dir='ltr'><strong>iii</strong></span> <span class='ocrx_word' id='word_1_917' title='bbox 747 5447 851 5502; x_wconf 84' lang='lat' dir='ltr'><strong>illis</strong></span> <span class='ocrx_word' id='word_1_918' title='bbox 871 5449 942 5502; x_wconf 80' lang='lat' dir='ltr'><strong>sit</strong></span> <span class='ocrx_word' id='word_1_919' title='bbox 970 5445 1206 5503; x_wconf 70' lang='lat' dir='ltr'><strong>validoin</strong></span> <span class='ocrx_word' id='word_1_920' title='bbox 1237 5460 1331 5500; x_wconf 88' lang='lat' dir='ltr'><strong>aut</strong></span> <span class='ocrx_word' id='word_1_921' title='bbox 1359 5445 1604 5502; x_wconf 75' lang='lat' dir='ltr'><strong>inibccd-</strong></span> 
     </span>
    </p>
   </div>
   <div class='ocr_carea' id='block_1_130' title="bbox 1713 4662 3294 4736">
    <p class='ocr_par' dir='ltr' id='par_1_130' title="bbox 1713 4662 3294 4736">
     <span class='ocr_line' id='line_1_130' title="bbox 1713 4662 3294 4736; baseline -0.003 -16"><span class='ocrx_word' id='word_1_922' title='bbox 1713 4684 1781 4720; x_wconf 90' lang='lat' dir='ltr'><strong>iia</strong></span> <span class='ocrx_word' id='word_1_923' title='bbox 1811 4668 2122 4720; x_wconf 89' lang='lat' dir='ltr'><strong>immutare.</strong></span> <span class='ocrx_word' id='word_1_924' title='bbox 2165 4667 2272 4721; x_wconf 82' lang='lat' dir='ltr'><strong>Sed</strong></span> <span class='ocrx_word' id='word_1_925' title='bbox 2318 4680 2628 4736; x_wconf 81' lang='lat' dir='ltr'><strong>perperam.</strong></span> <span class='ocrx_word' id='word_1_926' title='bbox 2659 4662 2946 4736; x_wconf 86' lang='lat' dir='ltr'><strong>Nesciebat</strong></span> <span class='ocrx_word' id='word_1_927' title='bbox 2978 4667 3122 4718; x_wconf 88' lang='lat' dir='ltr'><strong>enim</strong></span> <span class='ocrx_word' id='word_1_928' title='bbox 3157 4666 3247 4718; x_wconf 91' lang='lat' dir='ltr'><strong>ille</strong></span> <span class='ocrx_word' id='word_1_929' title='bbox 3275 4703 3294 4730; x_wconf 86' lang='lat'><strong>,</strong></span> 
     </span>
    </p>
   </div>
   <div class='ocr_carea' id='block_1_131' title="bbox 1713 4735 3290 4814">
    <p class='ocr_par' dir='ltr' id='par_1_131' title="bbox 1713 4735 3290 4814">
     <span class='ocr_line' id='line_1_131' title="bbox 1713 4735 3290 4814; baseline -0.001 -24"><span class='ocrx_word' id='word_1_930' title='bbox 1713 4747 1808 4814; x_wconf 82' lang='lat' dir='ltr'><strong>aut</strong></span> <span class='ocrx_word' id='word_1_931' title='bbox 1835 4745 1984 4814; x_wconf 79' lang='lat' dir='ltr'><strong>certe</strong></span> <span class='ocrx_word' id='word_1_932' title='bbox 2005 4738 2249 4814; x_wconf 77' lang='lat' dir='ltr'><strong>animum</strong></span> <span class='ocrx_word' id='word_1_933' title='bbox 2277 4735 2381 4792; x_wconf 83' lang='lat' dir='ltr'><strong>nun</strong></span> <span class='ocrx_word' id='word_1_934' title='bbox 2409 4737 2742 4814; x_wconf 77' lang='lat' dir='ltr'><strong>adverterat,</strong></span> <span class='ocrx_word' id='word_1_935' title='bbox 2771 4735 2914 4814; x_wconf 81' lang='lat' dir='ltr'><strong>quod</strong></span> <span class='ocrx_word' id='word_1_936' title='bbox 2939 4746 3118 4814; x_wconf 84' lang='lat' dir='ltr'><strong>tamen</strong></span> <span class='ocrx_word' id='word_1_937' title='bbox 3147 4739 3290 4814; x_wconf 81' lang='lat' dir='ltr'><strong>apud</strong></span> 
     </span>
    </p>
   </div>
   <div class='ocr_carea' id='block_1_132' title="bbox 1686 4807 3295 4888">
    <p class='ocr_par' dir='ltr' id='par_1_132' title="bbox 1686 4807 3295 4888">
     <span class='ocr_line' id='line_1_132' title="bbox 1686 4807 3295 4888; baseline -0.002 -27"><span class='ocrx_word' id='word_1_938' title='bbox 1686 4807 2083 4888; x_wconf 54' lang='lat' dir='ltr'><strong>&#39;chrouologus</strong></span> <span class='ocrx_word' id='word_1_939' title='bbox 2114 4807 2340 4888; x_wconf 67' lang='lat' dir='ltr'><strong>vulgare</strong></span> <span class='ocrx_word' id='word_1_940' title='bbox 2374 4815 2431 4888; x_wconf 74' lang='lat' dir='ltr'><strong>et</strong></span> <span class='ocrx_word' id='word_1_941' title='bbox 2459 4807 2665 4888; x_wconf 51' lang='lat' dir='ltr'><strong>tritum</strong></span> <span class='ocrx_word' id='word_1_942' title='bbox 2701 4815 2786 4860; x_wconf 89' lang='lat' dir='ltr'><strong>est</strong></span> <span class='ocrx_word' id='word_1_943' title='bbox 2814 4843 2830 4868; x_wconf 88' lang='lat'><strong>,</strong></span> <span class='ocrx_word' id='word_1_944' title='bbox 2861 4807 2971 4888; x_wconf 81' lang='lat' dir='ltr'><strong>duo</strong></span> <span class='ocrx_word' id='word_1_945' title='bbox 2998 4808 3054 4888; x_wconf 76' lang='lat' dir='ltr'><strong>in</strong></span> <span class='ocrx_word' id='word_1_946' title='bbox 3105 4807 3295 4885; x_wconf 69' lang='lat' dir='ltr'><strong>primis</strong></span> 
     </span>
    </p>
   </div>
   <div class='ocr_carea' id='block_1_133' title="bbox 1712 4875 3292 4948">
    <p class='ocr_par' dir='ltr' id='par_1_133' title="bbox 1712 4875 3292 4948">
     <span class='ocr_line' id='line_1_133' title="bbox 1712 4875 3292 4948; baseline -0.004 -15"><span class='ocrx_word' id='word_1_947' title='bbox 1712 4894 1838 4933; x_wconf 86' lang='lat' dir='ltr'><strong>esse</strong></span> <span class='ocrx_word' id='word_1_948' title='bbox 1873 4875 2153 4932; x_wconf 71' lang='lat' dir='ltr'><strong>Octaviani</strong></span> <span class='ocrx_word' id='word_1_949' title='bbox 2199 4875 2410 4948; x_wconf 78' lang='lat' dir='ltr'><strong>iiiiperii</strong></span> <span class='ocrx_word' id='word_1_950' title='bbox 2459 4878 2648 4948; x_wconf 83' lang='lat' dir='ltr'><strong>initia,</strong></span> <span class='ocrx_word' id='word_1_951' title='bbox 2689 4891 2854 4928; x_wconf 90' lang='lat' dir='ltr'><strong>unum</strong></span> <span class='ocrx_word' id='word_1_952' title='bbox 2882 4877 3098 4948; x_wconf 90' lang='lat' dir='ltr'><strong>quidem</strong></span> <span class='ocrx_word' id='word_1_953' title='bbox 3135 4875 3250 4948; x_wconf 80' lang='lat' dir='ltr'><strong>ipso</strong></span> <span class='ocrx_word' id='word_1_954' title='bbox 3273 4911 3292 4939; x_wconf 87' lang='lat'><strong>,</strong></span> 
     </span>
    </p>
   </div>
   <div class='ocr_carea' id='block_1_134' title="bbox 1713 4945 3288 5019">
    <p class='ocr_par' dir='ltr' id='par_1_134' title="bbox 1713 4945 3288 5019">
     <span class='ocr_line' id='line_1_134' title="bbox 1713 4945 3288 5019; baseline -0.003 -18"><span class='ocrx_word' id='word_1_955' title='bbox 1713 4950 1798 5003; x_wconf 87' lang='lat' dir='ltr'><strong>vel</strong></span> <span class='ocrx_word' id='word_1_956' title='bbox 1833 4951 2081 5019; x_wconf 86' lang='lat' dir='ltr'><strong>sequenti</strong></span> <span class='ocrx_word' id='word_1_957' title='bbox 2124 4945 2292 5012; x_wconf 64' lang='lat' dir='ltr'><strong>anno,</strong></span> <span class='ocrx_word' id='word_1_958' title='bbox 2332 4964 2440 5017; x_wconf 90' lang='lat' dir='ltr'><strong>quo</strong></span> <span class='ocrx_word' id='word_1_959' title='bbox 2475 4945 2650 5002; x_wconf 81' lang='lat' dir='ltr'><strong>Julius</strong></span> <span class='ocrx_word' id='word_1_960' title='bbox 2687 4947 2870 5001; x_wconf 59' lang='lat' dir='ltr'><strong>Cursar</strong></span> <span class='ocrx_word' id='word_1_961' title='bbox 2899 4947 3111 5019; x_wconf 84' lang='lat' dir='ltr'><strong>oecisus</strong></span> <span class='ocrx_word' id='word_1_962' title='bbox 3142 4945 3288 5019; x_wconf 59' lang='lat' dir='ltr'><strong>fuit;</strong></span> 
     </span>
    </p>
   </div>
   <div class='ocr_carea' id='block_1_135' title="bbox 1714 5015 3291 5083">
    <p class='ocr_par' dir='ltr' id='par_1_135' title="bbox 1714 5015 3291 5083">
     <span class='ocr_line' id='line_1_135' title="bbox 1714 5015 3291 5083; baseline -0.003 -11"><span class='ocrx_word' id='word_1_963' title='bbox 1714 5015 1945 5073; x_wconf 82' lang='lat' dir='ltr'><strong>alterum</strong></span> <span class='ocrx_word' id='word_1_964' title='bbox 1979 5034 2109 5071; x_wconf 89' lang='lat' dir='ltr'><strong>vero</strong></span> <span class='ocrx_word' id='word_1_965' title='bbox 2146 5020 2215 5070; x_wconf 88' lang='lat' dir='ltr'><strong>ab</strong></span> <span class='ocrx_word' id='word_1_966' title='bbox 2241 5015 2465 5073; x_wconf 76' lang='lat' dir='ltr'><strong>Actiaca</strong></span> <span class='ocrx_word' id='word_1_967' title='bbox 2503 5019 2754 5078; x_wconf 87' lang='lat' dir='ltr'><strong>victoria,</strong></span> <span class='ocrx_word' id='word_1_968' title='bbox 2787 5031 2880 5069; x_wconf 91' lang='lat' dir='ltr'><strong>seu</strong></span> <span class='ocrx_word' id='word_1_969' title='bbox 2912 5024 3027 5083; x_wconf 86' lang='lat' dir='ltr'><strong>post</strong></span> <span class='ocrx_word' id='word_1_970' title='bbox 3065 5015 3291 5068; x_wconf 85' lang='lat' dir='ltr'><strong>Antonii</strong></span> 
     </span>
    </p>
   </div>
   <div class='ocr_carea' id='block_1_136' title="bbox 1709 5089 3280 5158">
    <p class='ocr_par' dir='ltr' id='par_1_136' title="bbox 1709 5089 3280 5158">
     <span class='ocr_line' id='line_1_136' title="bbox 1709 5089 3280 5158; baseline -0.005 -15"><span class='ocrx_word' id='word_1_971' title='bbox 1709 5101 1763 5143; x_wconf 90' lang='lat' dir='ltr'><strong>et</strong></span> <span class='ocrx_word' id='word_1_972' title='bbox 1797 5091 2102 5158; x_wconf 77' lang='lat' dir='ltr'><strong>Cleopatra:</strong></span> <span class='ocrx_word' id='word_1_973' title='bbox 2139 5098 2392 5151; x_wconf 87' lang='lat' dir='ltr'><strong>mortem,</strong></span> <span class='ocrx_word' id='word_1_974' title='bbox 2430 5093 2650 5158; x_wconf 88' lang='lat' dir='ltr'><strong>quando</strong></span> <span class='ocrx_word' id='word_1_975' title='bbox 2680 5089 2953 5156; x_wconf 78' lang='lat' dir='ltr'><strong>Augustus</strong></span> <span class='ocrx_word' id='word_1_976' title='bbox 2983 5101 3161 5137; x_wconf 88' lang='lat' dir='ltr'><strong>rerum</strong></span> <span class='ocrx_word' id='word_1_977' title='bbox 3189 5100 3280 5158; x_wconf 85' lang='lat' dir='ltr'><strong>po-</strong></span> 
     </span>
    </p>
   </div>
   <div class='ocr_carea' id='block_1_137' title="bbox 1713 5154 3292 5222">
    <p class='ocr_par' dir='ltr' id='par_1_137' title="bbox 1713 5154 3292 5222">
     <span class='ocr_line' id='line_1_137' title="bbox 1713 5154 3292 5222; baseline -0.003 -9"><span class='ocrx_word' id='word_1_978' title='bbox 1713 5162 1846 5214; x_wconf 87' lang='lat' dir='ltr'><strong>titus</strong></span> <span class='ocrx_word' id='word_1_979' title='bbox 1877 5154 1982 5214; x_wconf 48' lang='lat' dir='ltr'><strong>es&#39;t.</strong></span> <span class='ocrx_word' id='word_1_980' title='bbox 2023 5163 2104 5213; x_wconf 84' lang='lat' dir='ltr'><strong>Ali</strong></span> <span class='ocrx_word' id='word_1_981' title='bbox 2142 5159 2247 5212; x_wconf 90' lang='lat' dir='ltr'><strong>hoc</strong></span> <span class='ocrx_word' id='word_1_982' title='bbox 2280 5154 2466 5212; x_wconf 73' lang='lat' dir='ltr'><strong>autem</strong></span> <span class='ocrx_word' id='word_1_983' title='bbox 2494 5169 2704 5212; x_wconf 87' lang='lat' dir='ltr'><strong>tantum</strong></span> <span class='ocrx_word' id='word_1_984' title='bbox 2757 5154 2999 5210; x_wconf 80' lang='lat' dir='ltr'><strong>secundo</strong></span> <span class='ocrx_word' id='word_1_985' title='bbox 3033 5154 3292 5222; x_wconf 89' lang='lat' dir='ltr'><strong>temporis</strong></span> 
     </span>
    </p>
   </div>
   <div class='ocr_carea' id='block_1_138' title="bbox 1711 5223 3288 5300">
    <p class='ocr_par' dir='ltr' id='par_1_138' title="bbox 1711 5223 3288 5300">
     <span class='ocr_line' id='line_1_138' title="bbox 1711 5223 3288 5300; baseline -0.003 -18"><span class='ocrx_word' id='word_1_986' title='bbox 1711 5242 1952 5300; x_wconf 90' lang='lat' dir='ltr'><strong>puncto,</strong></span> <span class='ocrx_word' id='word_1_987' title='bbox 1987 5229 2239 5300; x_wconf 86' lang='lat' dir='ltr'><strong>Clemens</strong></span> <span class='ocrx_word' id='word_1_988' title='bbox 2272 5238 2327 5281; x_wconf 88' lang='lat' dir='ltr'><strong>et</strong></span> <span class='ocrx_word' id='word_1_989' title='bbox 2363 5229 2652 5300; x_wconf 76' lang='lat' dir='ltr'><strong>populares</strong></span> <span class='ocrx_word' id='word_1_990' title='bbox 2698 5228 2818 5300; x_wconf 84' lang='lat' dir='ltr'><strong>ejus</strong></span> <span class='ocrx_word' id='word_1_991' title='bbox 2859 5223 3099 5300; x_wconf 64' lang='lat' dir='ltr'><strong>Aigyptii</strong></span> <span class='ocrx_word' id='word_1_992' title='bbox 3130 5263 3144 5289; x_wconf 90' lang='lat'><strong>,</strong></span> <span class='ocrx_word' id='word_1_993' title='bbox 3167 5225 3288 5300; x_wconf 68' lang='grc' dir='ltr'><strong>⁸(ιιιί</strong></span> 
     </span>
    </p>
   </div>
   <div class='ocr_carea' id='block_1_139' title="bbox 1713 5293 3289 5365">
    <p class='ocr_par' dir='ltr' id='par_1_139' title="bbox 1713 5293 3289 5365">
     <span class='ocr_line' id='line_1_139' title="bbox 1713 5293 3289 5365; baseline -0.004 -13"><span class='ocrx_word' id='word_1_994' title='bbox 1713 5293 1865 5365; x_wconf 76' lang='lat' dir='ltr'><strong>iunc,</strong></span> <span class='ocrx_word' id='word_1_995' title='bbox 1905 5312 2042 5355; x_wconf 85' lang='lat' dir='ltr'><strong>teste</strong></span> <span class='ocrx_word' id='word_1_996' title='bbox 2084 5299 2334 5363; x_wconf 75' lang='lat' dir='ltr'><strong>Eusebio,</strong></span> <span class='ocrx_word' id='word_1_997' title='bbox 2363 5293 2558 5353; x_wconf 71' lang='lat' dir='ltr'><strong>relicta</strong></span> <span class='ocrx_word' id='word_1_998' title='bbox 2598 5293 3008 5351; x_wconf 65' lang='lat' dir='ltr'><strong>Ptoleniaioriiin</strong></span> <span class='ocrx_word' id='word_1_999' title='bbox 3037 5293 3289 5365; x_wconf 88' lang='lat' dir='ltr'><strong>domina-</strong></span> 
     </span>
    </p>
   </div>
   <div class='ocr_carea' id='block_1_140' title="bbox 1712 5364 3292 5440">
    <p class='ocr_par' dir='ltr' id='par_1_140' title="bbox 1712 5364 3292 5440">
     <span class='ocr_line' id='line_1_140' title="bbox 1712 5364 3292 5440; baseline -0.004 -16"><span class='ocrx_word' id='word_1_1000' title='bbox 1712 5364 1880 5435; x_wconf 88' lang='lat' dir='ltr'><strong>tione,</strong></span> <span class='ocrx_word' id='word_1_1001' title='bbox 1912 5372 1967 5425; x_wconf 93' lang='lat' dir='ltr'><strong>in</strong></span> <span class='ocrx_word' id='word_1_1002' title='bbox 1995 5371 2221 5440; x_wconf 80' lang='lat' dir='ltr'><strong>Augusti</strong></span> <span class='ocrx_word' id='word_1_1003' title='bbox 2249 5376 2756 5440; x_wconf 77' lang='lat' dir='ltr'><strong>potestatenierant</strong></span> <span class='ocrx_word' id='word_1_1004' title='bbox 2781 5367 3010 5427; x_wconf 83' lang='lat' dir='ltr'><strong>redacti,</strong></span> <span class='ocrx_word' id='word_1_1005' title='bbox 3046 5364 3292 5440; x_wconf 80' lang='lat' dir='ltr'><strong>solebant</strong></span> 
     </span>
    </p>
   </div>
   <div class='ocr_carea' id='block_1_141' title="bbox 1711 5435 3289 5513">
    <p class='ocr_par' dir='ltr' id='par_1_141' title="bbox 1711 5435 3289 5513">
     <span class='ocr_line' id='line_1_141' title="bbox 1711 5435 3289 5513; baseline -0.005 -18"><span class='ocrx_word' id='word_1_1006' title='bbox 1711 5444 1853 5496; x_wconf 90' lang='lat' dir='ltr'><strong>illius</strong></span> <span class='ocrx_word' id='word_1_1007' title='bbox 1885 5442 2042 5513; x_wconf 78' lang='grc'><strong>172</strong></span> <span class='ocrx_word' id='word_1_1008' title='bbox 2083 5435 2303 5510; x_wconf 72' lang='lat' dir='ltr'><strong>imperii</strong></span> <span class='ocrx_word' id='word_1_1009' title='bbox 2350 5439 2647 5509; x_wconf 84' lang='lat' dir='ltr'><strong>primordia</strong></span> <span class='ocrx_word' id='word_1_1010' title='bbox 2692 5446 3026 5504; x_wconf 87' lang='lat' dir='ltr'><strong>computare.</strong></span> <span class='ocrx_word' id='word_1_1011' title='bbox 3075 5435 3140 5488; x_wconf 76' lang='lat' dir='ltr'><strong>Et</strong></span> <span class='ocrx_word' id='word_1_1012' title='bbox 3172 5435 3289 5488; x_wconf 70' lang='lat' dir='ltr'><strong>haec</strong></span> 
     </span>
    </p>
   </div>
   <div class='ocr_carea' id='block_1_142' title="bbox 81 5593 3289 5676">
    <p class='ocr_par' dir='ltr' id='par_1_142' title="bbox 81 5593 3289 5676">
     <span class='ocr_line' id='line_1_142' title="bbox 81 5593 3289 5676; baseline -0.008 -2"><span class='ocrx_word' id='word_1_1013' title='bbox 81 5619 119 5648; x_wconf 83' lang='lat'>&quot;</span> <span class='ocrx_word' id='word_1_1014' title='bbox 168 5622 224 5675; x_wconf 86' lang='lat' dir='ltr'><strong>in</strong></span> <span class='ocrx_word' id='word_1_1015' title='bbox 266 5622 414 5676; x_wconf 88' lang='lat' dir='ltr'><strong>Dan.</strong></span> <span class='ocrx_word' id='word_1_1016' title='bbox 445 5632 497 5672; x_wconf 89' lang='lat' dir='ltr'><strong>c.</strong></span> <span class='ocrx_word' id='word_1_1017' title='bbox 537 5632 613 5672; x_wconf 76' lang='lat' dir='ltr'><strong>ix.</strong></span> <span class='ocrx_word' id='word_1_1018' title='bbox 690 5616 734 5648; x_wconf 75' lang='lat'>“</span> <span class='ocrx_word' id='word_1_1019' title='bbox 762 5617 908 5674; x_wconf 81' lang='lat' dir='ltr'><strong>Hier.</strong></span> <span class='ocrx_word' id='word_1_1020' title='bbox 963 5618 1015 5672; x_wconf 87' lang='lat' dir='ltr'><strong>iii</strong></span> <span class='ocrx_word' id='word_1_1021' title='bbox 1064 5633 1116 5674; x_wconf 92' lang='lat' dir='ltr'><strong>c.</strong></span> <span class='ocrx_word' id='word_1_1022' title='bbox 1178 5633 1236 5672; x_wconf 80' lang='lat' dir='ltr'><strong>ix</strong></span> <span class='ocrx_word' id='word_1_1023' title='bbox 1267 5616 1496 5676; x_wconf 80' lang='lat' dir='ltr'><strong>.Daiiiel.</strong></span> <span class='ocrx_word' id='word_1_1024' title='bbox 1539 5615 1733 5669; x_wconf 82' lang='lat' dir='ltr'><strong>Euseb.</strong></span> <span class='ocrx_word' id='word_1_1025' title='bbox 1767 5613 1800 5667; x_wconf 93' lang='grc' dir='ltr'><strong>Ι.</strong></span> <span class='ocrx_word' id='word_1_1026' title='bbox 1845 5627 1938 5667; x_wconf 88' lang='lat' dir='ltr'><strong>vni</strong></span> <span class='ocrx_word' id='word_1_1027' title='bbox 1973 5611 2046 5665; x_wconf 85' lang='lat' dir='ltr'><strong>De</strong></span> <span class='ocrx_word' id='word_1_1028' title='bbox 2079 5611 2376 5664; x_wconf 90' lang='lat' dir='ltr'><strong>denionstr.</strong></span> <span class='ocrx_word' id='word_1_1029' title='bbox 2419 5619 2638 5674; x_wconf 82' lang='lat' dir='ltr'><strong>evang.,</strong></span> <span class='ocrx_word' id='word_1_1030' title='bbox 2671 5617 2720 5656; x_wconf 91' lang='lat' dir='ltr'><strong>c.</strong></span> <span class='ocrx_word' id='word_1_1031' title='bbox 2753 5601 2806 5653; x_wconf 74' lang='lat'><strong>2.</strong></span> <span class='ocrx_word' id='word_1_1032' title='bbox 2845 5597 2991 5654; x_wconf 86' lang='lat' dir='ltr'><strong>Scal.</strong></span> <span class='ocrx_word' id='word_1_1033' title='bbox 3035 5596 3069 5650; x_wconf 87' lang='lat' dir='ltr'><strong>l.</strong></span> <span class='ocrx_word' id='word_1_1034' title='bbox 3103 5611 3199 5676; x_wconf 41' lang='lat' dir='ltr'><strong>vi,”</strong></span> <span class='ocrx_word' id='word_1_1035' title='bbox 3215 5593 3289 5676; x_wconf 84' lang='lat' dir='ltr'><strong>De</strong></span> 
     </span>
    </p>
   </div>
   <div class='ocr_carea' id='block_1_143' title="bbox 21 5678 2932 5758">
    <p class='ocr_par' dir='ltr' id='par_1_143' title="bbox 21 5678 2932 5758">
     <span class='ocr_line' id='line_1_143' title="bbox 21 5678 2932 5758; baseline -0.006 -17"><span class='ocrx_word' id='word_1_1036' title='bbox 21 5702 223 5745; x_wconf 78' lang='lat' dir='ltr'><strong>emend.</strong></span> <span class='ocrx_word' id='word_1_1037' title='bbox 262 5704 406 5745; x_wconf 83' lang='lat' dir='ltr'><strong>teni.</strong></span> <span class='ocrx_word' id='word_1_1038' title='bbox 441 5705 498 5758; x_wconf 91' lang='lat' dir='ltr'><strong>p.</strong></span> <span class='ocrx_word' id='word_1_1039' title='bbox 530 5688 636 5758; x_wconf 72' lang='lat'><strong>526</strong></span> <span class='ocrx_word' id='word_1_1040' title='bbox 663 5698 718 5744; x_wconf 90' lang='lat' dir='ltr'><strong>et</strong></span> <span class='ocrx_word' id='word_1_1041' title='bbox 745 5704 859 5758; x_wconf 87' lang='lat' dir='ltr'><strong>seq.</strong></span> <span class='ocrx_word' id='word_1_1042' title='bbox 906 5688 1094 5744; x_wconf 83' lang='lat' dir='ltr'><strong>Petav.</strong></span> <span class='ocrx_word' id='word_1_1043' title='bbox 1132 5688 1170 5742; x_wconf 91' lang='grc' dir='ltr'><strong>Ι.</strong></span> <span class='ocrx_word' id='word_1_1044' title='bbox 1207 5703 1306 5755; x_wconf 79' lang='lat' dir='ltr'><strong>xu,</strong></span> <span class='ocrx_word' id='word_1_1045' title='bbox 1339 5689 1411 5742; x_wconf 89' lang='lat' dir='ltr'><strong>De</strong></span> <span class='ocrx_word' id='word_1_1046' title='bbox 1441 5695 1612 5741; x_wconf 87' lang='lat' dir='ltr'><strong>doctr.</strong></span> <span class='ocrx_word' id='word_1_1047' title='bbox 1651 5697 1814 5756; x_wconf 86' lang='lat' dir='ltr'><strong>temp.</strong></span> <span class='ocrx_word' id='word_1_1048' title='bbox 1861 5702 1912 5738; x_wconf 89' lang='lat' dir='ltr'><strong>c.</strong></span> <span class='ocrx_word' id='word_1_1049' title='bbox 1942 5683 2011 5735; x_wconf 83' lang='grc'><strong>50</strong></span> <span class='ocrx_word' id='word_1_1050' title='bbox 2049 5691 2107 5758; x_wconf 72' lang='lat' dir='ltr'><strong>et</strong></span> <span class='ocrx_word' id='word_1_1051' title='bbox 2141 5696 2258 5758; x_wconf 86' lang='lat' dir='ltr'><strong>seq.</strong></span> <span class='ocrx_word' id='word_1_1052' title='bbox 2318 5679 2476 5758; x_wconf 77' lang='lat' dir='ltr'><strong>liuet.</strong></span> <span class='ocrx_word' id='word_1_1053' title='bbox 2522 5678 2800 5758; x_wconf 47' lang='lat' dir='ltr'><strong>lieni-qum.</strong></span> <span class='ocrx_word' id='word_1_1054' title='bbox 2839 5685 2932 5758; x_wconf 48' lang='lat' dir='ltr'><strong>.t‘ttc.‘</strong></span> 
     </span>
    </p>
   </div>
   <div class='ocr_carea' id='block_1_144' title="bbox 20 5757 1987 5830">
    <p class='ocr_par' dir='ltr' id='par_1_144' title="bbox 20 5757 1987 5830">
     <span class='ocr_line' id='line_1_144' title="bbox 20 5757 1987 5830; baseline -0.004 -18"><span class='ocrx_word' id='word_1_1055' title='bbox 20 5773 123 5830; x_wconf 63' lang='lat' dir='ltr'><strong>aeq.</strong></span> <span class='ocrx_word' id='word_1_1056' title='bbox 155 5764 395 5816; x_wconf 68' lang='lat' dir='ltr'><strong>Bantius</strong></span> <span class='ocrx_word' id='word_1_1057' title='bbox 428 5757 467 5813; x_wconf 75' lang='grc' dir='ltr'><strong>Ι.</strong></span> <span class='ocrx_word' id='word_1_1058' title='bbox 505 5778 520 5813; x_wconf 88' lang='grc' dir='ltr'><strong>ι</strong></span> <span class='ocrx_word' id='word_1_1059' title='bbox 582 5757 1004 5828; x_wconf 75' lang='lat' dir='ltr'><strong>Operisliistor.,</strong></span> <span class='ocrx_word' id='word_1_1060' title='bbox 1036 5771 1250 5830; x_wconf 32' lang='lat' dir='ltr'><strong>quiesta</strong></span> <span class='ocrx_word' id='word_1_1061' title='bbox 1275 5757 1340 5812; x_wconf 82' lang='grc'><strong>18</strong></span> <span class='ocrx_word' id='word_1_1062' title='bbox 1369 5769 1426 5812; x_wconf 90' lang='lat' dir='ltr'><strong>et</strong></span> <span class='ocrx_word' id='word_1_1063' title='bbox 1451 5773 1566 5830; x_wconf 86' lang='lat' dir='ltr'><strong>seq.</strong></span> <span class='ocrx_word' id='word_1_1064' title='bbox 1599 5772 1653 5825; x_wconf 91' lang='lat' dir='ltr'><strong>p.</strong></span> <span class='ocrx_word' id='word_1_1065' title='bbox 1683 5758 1751 5830; x_wconf 74' lang='lat'><strong>6‘2.</strong></span> <span class='ocrx_word' id='word_1_1066' title='bbox 1786 5765 1848 5830; x_wconf 88' lang='lat' dir='ltr'><strong>et</strong></span> <span class='ocrx_word' id='word_1_1067' title='bbox 1871 5770 1987 5830; x_wconf 61' lang='lat' dir='ltr'><strong>seq.</strong></span> 
     </span>
    </p>
   </div>
   <div class='ocr_carea' id='block_1_145' title="bbox 1144 5826 2024 5887">
    <p class='ocr_par' dir='ltr' id='par_1_145' title="bbox 1144 5826 2024 5887">
     <span class='ocr_line' id='line_1_145' title="bbox 1144 5826 2024 5887; baseline 0.011 -5"><span class='ocrx_word' id='word_1_1068' title='bbox 1144 5829 1186 5860; x_wconf 82' lang='lat'>&quot;&#39;</span> <span class='ocrx_word' id='word_1_1069' title='bbox 1221 5829 1423 5884; x_wconf 81' lang='lat' dir='ltr'><strong>Tertul.</strong></span> <span class='ocrx_word' id='word_1_1070' title='bbox 1463 5829 1496 5880; x_wconf 89' lang='grc' dir='ltr'><strong>Ι.</strong></span> <span class='ocrx_word' id='word_1_1071' title='bbox 1532 5834 1658 5883; x_wconf 80' lang='lat' dir='ltr'><strong>adv.</strong></span> <span class='ocrx_word' id='word_1_1072' title='bbox 1693 5829 1845 5887; x_wconf 60' lang='lat' dir='ltr'><strong>Jlldn</strong></span> <span class='ocrx_word' id='word_1_1073' title='bbox 1878 5844 1928 5880; x_wconf 70' lang='lat' dir='ltr'><strong>Co</strong></span> <span class='ocrx_word' id='word_1_1074' title='bbox 1971 5826 2024 5878; x_wconf 79' lang='lat'><strong>8-</strong></span> 
     </span>
    </p>
   </div>
   <div class='ocr_carea' id='block_1_146' title="bbox 1341 5886 2860 5970">
    <p class='ocr_par' dir='ltr' id='par_1_146' title="bbox 1341 5886 2860 5970">
     <span class='ocr_line' id='line_1_146' title="bbox 1341 5886 2860 5970; baseline -0.012 -15"><span class='ocrx_word' id='word_1_1075' title='bbox 1341 5917 1394 5970; x_wconf 86' lang='lat' dir='ltr'><strong>p.</strong></span> <span class='ocrx_word' id='word_1_1076' title='bbox 1447 5900 1573 5964; x_wconf 67' lang='lat' dir='ltr'><strong>4H,</strong></span> <span class='ocrx_word' id='word_1_1077' title='bbox 1609 5911 1662 5952; x_wconf 83' lang='lat' dir='ltr'><strong>et</strong></span> <span class='ocrx_word' id='word_1_1078' title='bbox 1693 5899 1730 5952; x_wconf 95' lang='grc' dir='ltr'><strong>Ι.</strong></span> <span class='ocrx_word' id='word_1_1079' title='bbox 1773 5895 1847 5951; x_wconf 83' lang='lat' dir='ltr'><strong>De</strong></span> <span class='ocrx_word' id='word_1_1080' title='bbox 1889 5897 2117 5967; x_wconf 67' lang='lat' dir='ltr'><strong>pulttiel&#39;.</strong></span> <span class='ocrx_word' id='word_1_1081' title='bbox 2151 5905 2204 5946; x_wconf 86' lang='lat' dir='ltr'><strong>et</strong></span> <span class='ocrx_word' id='word_1_1082' title='bbox 2248 5908 2418 5946; x_wconf 87' lang='lat' dir='ltr'><strong>tuens.</strong></span> <span class='ocrx_word' id='word_1_1083' title='bbox 2465 5887 2492 5959; x_wconf 62' lang='grc' dir='ltr'>ᾗ</span> <span class='ocrx_word' id='word_1_1084' title='bbox 2527 5887 2609 5952; x_wconf 82' lang='lat' dir='ltr'><strong>ll,</strong></span> <span class='ocrx_word' id='word_1_1085' title='bbox 2646 5902 2698 5956; x_wconf 80' lang='grc' dir='ltr'><strong>ι).</strong></span> <span class='ocrx_word' id='word_1_1086' title='bbox 2739 5886 2860 5939; x_wconf 77' lang='grc'><strong>169.</strong></span> 
     </span>
    </p>
   </div>
   <div class='ocr_carea' id='block_1_147' title="bbox 22 5830 1047 5894">
    <p class='ocr_par' dir='ltr' id='par_1_147' title="bbox 22 5830 1047 5894">
     <span class='ocr_line' id='line_1_147' title="bbox 22 5830 1047 5894; baseline -0.004 -6"><span class='ocrx_word' id='word_1_1087' title='bbox 22 5830 55 5858; x_wconf 89' lang='lat'><strong>&quot;</strong></span> <span class='ocrx_word' id='word_1_1088' title='bbox 92 5840 232 5888; x_wconf 84' lang='lat' dir='ltr'><strong>lren.</strong></span> <span class='ocrx_word' id='word_1_1089' title='bbox 286 5836 328 5887; x_wconf 83' lang='grc' dir='ltr'>ι.</span> <span class='ocrx_word' id='word_1_1090' title='bbox 372 5847 461 5894; x_wconf 92' lang='lat' dir='ltr'><strong>iii,</strong></span> <span class='ocrx_word' id='word_1_1091' title='bbox 497 5830 624 5884; x_wconf 84' lang='lat' dir='ltr'><strong>adv.</strong></span> <span class='ocrx_word' id='word_1_1092' title='bbox 656 5832 842 5883; x_wconf 72' lang='lat' dir='ltr'><strong>haeres.</strong></span> <span class='ocrx_word' id='word_1_1093' title='bbox 875 5846 924 5884; x_wconf 87' lang='lat' dir='ltr'><strong>c.</strong></span> 
     </span>
    </p>
   </div>
   <div class='ocr_carea' id='block_1_148' title="bbox 26 5905 1234 5977">
    <p class='ocr_par' dir='ltr' id='par_1_148' title="bbox 26 5905 1234 5977">
     <span class='ocr_line' id='line_1_148' title="bbox 26 5905 1234 5977; baseline 0.003 -21"><span class='ocrx_word' id='word_1_1094' title='bbox 26 5907 215 5969; x_wconf 51' lang='lat' dir='ltr'><strong>lieres.</strong></span> <span class='ocrx_word' id='word_1_1095' title='bbox 287 5928 343 5977; x_wconf 71' lang='grc' dir='ltr'>ιι,</span> <span class='ocrx_word' id='word_1_1096' title='bbox 403 5910 474 5962; x_wconf 66' lang='grc'>48</span> <span class='ocrx_word' id='word_1_1097' title='bbox 544 5916 599 5960; x_wconf 89' lang='lat' dir='ltr'><strong>et</strong></span> <span class='ocrx_word' id='word_1_1098' title='bbox 661 5905 934 5976; x_wconf 65' lang='lat' dir='ltr'><strong>5I;A|og.</strong></span> <span class='ocrx_word' id='word_1_1099' title='bbox 1007 5905 1033 5975; x_wconf 60' lang='grc' dir='ltr'>ἓ</span> <span class='ocrx_word' id='word_1_1100' title='bbox 1108 5905 1175 5960; x_wconf 68' lang='grc'><strong>⁸22</strong></span> <span class='ocrx_word' id='word_1_1101' title='bbox 1220 5952 1234 5976; x_wconf 85' lang='lat'><strong>,</strong></span> 
     </span>
    </p>
   </div>
   <div class='ocr_carea' id='block_1_149' title="bbox 2991 5666 3290 5739">
    <p class='ocr_par' dir='ltr' id='par_1_149' title="bbox 2991 5666 3290 5739">
     <span class='ocr_line' id='line_1_149' title="bbox 2991 5666 3290 5739; baseline -0.007 -18"><span class='ocrx_word' id='word_1_1102' title='bbox 2991 5684 3046 5739; x_wconf 88' lang='lat' dir='ltr'><strong>p.</strong></span> <span class='ocrx_word' id='word_1_1103' title='bbox 3095 5666 3213 5739; x_wconf 51' lang='grc' dir='ltr'><strong>διδ-5</strong></span> <span class='ocrx_word' id='word_1_1104' title='bbox 3231 5675 3290 5720; x_wconf 86' lang='lat' dir='ltr'><strong>et</strong></span> 
     </span>
    </p>
   </div>
   <div class='ocr_carea' id='block_1_150' title="bbox 2839 5737 3286 5806">
    <p class='ocr_par' dir='ltr' id='par_1_150' title="bbox 2839 5737 3286 5806">
     <span class='ocr_line' id='line_1_150' title="bbox 2839 5737 3286 5806; baseline -0.007 -11"><span class='ocrx_word' id='word_1_1105' title='bbox 2839 5741 2881 5772; x_wconf 83' lang='grc'><strong>¹⁶</strong></span> <span class='ocrx_word' id='word_1_1106' title='bbox 2903 5737 3034 5794; x_wconf 69' lang='lat' dir='ltr'><strong>Ibid.</strong></span> <span class='ocrx_word' id='word_1_1107' title='bbox 3071 5755 3123 5806; x_wconf 92' lang='lat' dir='ltr'><strong>p.</strong></span> <span class='ocrx_word' id='word_1_1108' title='bbox 3154 5737 3286 5792; x_wconf 64' lang='lat'><strong>340.</strong></span> 
     </span>
    </p>
   </div>
   <div class='ocr_carea' id='block_1_151' title="bbox 2067 5742 3236 5880">
    <p class='ocr_par' dir='ltr' id='par_1_151' title="bbox 2067 5742 3236 5880">
     <span class='ocr_line' id='line_1_151' title="bbox 2067 5742 3236 5814; baseline -0.015 -8"><span class='ocrx_word' id='word_1_1109' title='bbox 2067 5751 2108 5782; x_wconf 80' lang='grc'>’⁵</span> <span class='ocrx_word' id='word_1_1110' title='bbox 2152 5742 2358 5804; x_wconf 69' lang='lat' dir='ltr'><strong>Strom‘.</strong></span> <span class='ocrx_word' id='word_1_1111' title='bbox 2395 5749 2429 5799; x_wconf 93' lang='lat' dir='ltr'><strong>I.</strong></span> <span class='ocrx_word' id='word_1_1112' title='bbox 2469 5763 2509 5811; x_wconf 90' lang='lat' dir='ltr'><strong>i,</strong></span> <span class='ocrx_word' id='word_1_1113' title='bbox 2548 5765 2603 5814; x_wconf 89' lang='lat' dir='ltr'><strong>p.</strong></span> <span class='ocrx_word' id='word_1_1114' title='bbox 2631 5742 2757 5797; x_wconf 76' lang='lat'><strong>559.</strong></span> <span class='ocrx_word' id='word_1_1115' title='bbox 2839 5742 3034 5794; x_wconf 77' lang='lat' dir='ltr'><strong>“Ibid.</strong></span> <span class='ocrx_word' id='word_1_1116' title='bbox 3071 5755 3123 5806; x_wconf 92' lang='lat' dir='ltr'><strong>p.</strong></span> <span class='ocrx_word' id='word_1_1117' title='bbox 3154 5742 3236 5791; x_wconf 70' lang='grc'><strong>541</strong></span> 
     </span>
     <span class='ocr_line' id='line_1_152' title="bbox 2105 5809 3236 5880; baseline -0.01 -5"><span class='ocrx_word' id='word_1_1118' title='bbox 2105 5823 2147 5853; x_wconf 82' lang='grc'><strong>¹⁹</strong></span> <span class='ocrx_word' id='word_1_1119' title='bbox 2196 5822 2388 5873; x_wconf 76' lang='lat' dir='ltr'><strong>Euseb.</strong></span> <span class='ocrx_word' id='word_1_1120' title='bbox 2422 5819 2457 5870; x_wconf 93' lang='lat' dir='ltr'><strong>I.</strong></span> <span class='ocrx_word' id='word_1_1121' title='bbox 2500 5834 2514 5870; x_wconf 92' lang='lat' dir='ltr'><strong>i</strong></span> <span class='ocrx_word' id='word_1_1122' title='bbox 2579 5815 2740 5878; x_wconf 84' lang='lat' dir='ltr'><strong>Hist.,</strong></span> <span class='ocrx_word' id='word_1_1123' title='bbox 2768 5829 2818 5868; x_wconf 90' lang='lat' dir='ltr'><strong>c.</strong></span> <span class='ocrx_word' id='word_1_1124' title='bbox 2856 5811 2911 5866; x_wconf 82' lang='grc'><strong>5.</strong></span> <span class='ocrx_word' id='word_1_1125' title='bbox 2985 5810 3032 5841; x_wconf 72' lang='grc'><strong>’⁸</strong></span> <span class='ocrx_word' id='word_1_1126' title='bbox 3065 5809 3236 5880; x_wconf 75' lang='lat' dir='ltr'><strong>Epiph</strong></span> 
     </span>
    </p>
   </div>
   <div class='ocr_carea' id='block_1_152' title="bbox 2105 5811 2911 5878">
    <p class='ocr_par' dir='ltr' id='par_1_152' title="bbox 2105 5811 2911 5878">
     <span class='ocr_line' id='line_1_153' title="bbox 2105 5811 2911 5878; baseline -0.01 -4"><span class='ocrx_word' id='word_1_1127' title='bbox 2105 5823 2147 5853; x_wconf 82' lang='grc'><strong>¹⁹</strong></span> <span class='ocrx_word' id='word_1_1128' title='bbox 2196 5822 2388 5873; x_wconf 76' lang='lat' dir='ltr'><strong>Euseb.</strong></span> <span class='ocrx_word' id='word_1_1129' title='bbox 2422 5819 2457 5870; x_wconf 93' lang='lat' dir='ltr'><strong>I.</strong></span> <span class='ocrx_word' id='word_1_1130' title='bbox 2500 5834 2514 5870; x_wconf 92' lang='lat' dir='ltr'><strong>i</strong></span> <span class='ocrx_word' id='word_1_1131' title='bbox 2549 5811 2740 5878; x_wconf 42' lang='lat' dir='ltr'><strong>&#39;Hist.,</strong></span> <span class='ocrx_word' id='word_1_1132' title='bbox 2768 5829 2818 5868; x_wconf 90' lang='lat' dir='ltr'><strong>c.</strong></span> <span class='ocrx_word' id='word_1_1133' title='bbox 2856 5811 2911 5866; x_wconf 82' lang='grc'><strong>5.</strong></span> 
     </span>
    </p>
   </div>
  </div>
