3840 6538
521 347 687 433 ιιδι

1153 373 1222 429 ΙΝ
1261 374 1686 432 CLEMENTEM
1728 373 1930 459 A’LEX.
1971 373 2035 429 D.
2074 372 2163 428 LE
2199 372 2487 431 NOUHRY
2526 371 2989 431 DISSERTATIO
3027 374 3091 430 ll.

3609 376 3722 434 H31

522 500 724 567 git-usis
751 537 766 559 ,
817 496 1016 566 aliique
1063 494 1255 552 Patres
1300 498 1577 553 dixerunt.
1616 498 1773 553 Plura
1824 499 1962 552 hanc
2023 496 2076 551 in
2107 502 2153 556 Α
2184 496 2299 562 Dei,
2330 494 2578 567 quifecit
2595 496 2802 560 omnia,
2828 510 3049 551 carnem
3076 497 3407 567 suscepisse,
3436 503 3493 552 et
3514 495 3564 549 in
3592 506 3721 551 utero

521 584 657 629 rein,
689 569 731 623 si
767 568 951 633 libeat,
985 568 1161 637 legere
1189 570 1392 635 poteris
1418 568 1790 625 animadversa
1819 584 1847 621 a
1872 568 2082 622 Cotele-

523 641 605 692 rio
646 641 696 692 in
729 639 841 709 suis
878 640 943 693 ad
974 637 1235 709 Barnabas
1255 638 1537 708 epistolam
1578 640 1736 701 notis,
1769 654 1893 709 pag.
1936 641 2000 694 l8
2029 647 2081 692 et

523 725 702 776 seqq.;
730 707 942 779 Moynio
990 706 1116 761 Var.
1151 706 1316 773 sacri,
1347 724 1472 779 pag.
1504 708 1607 765 780
1628 718 1683 763 et
1710 706 1933 778 seq.,wet
1962 723 2084 779 qua:

522 795 620 832 nos
651 779 718 833 ad
744 779 1017 833 Ambrosii
1052 780 1220 833 libros
1246 780 1678 835 subnotavimus.

1025 890 1420 948 ARTICULUS
1470 892 1581 946 VII.

522 1004 599 1059 De
649 1024 853 1060 summa
905 1006 1102 1061 Christi
1150 1006 1488 1076 perfectione,
1537 1017 1584 1060 et
1620 1015 1796 1059 utrum
1847 1003 2083 1059 Clemens

598 1080 750 1131 illum
778 1078 932 1146 fumis
952 1119 965 1141 ,
996 1079 1115 1131 sitis
1139 1118 1155 1139 ,
1185 1077 1415 1139 doloris,
1455 1077 1783 1143 aliarumque
1823 1077 2083 1127 humana-

592 1166 709 1203 rum
748 1149 1082 1217 alfectionum
1129 1157 1177 1201 et
1212 1157 1443 1201 motuum
1484 1152 1743 1214 expertem
1778 1146 2080 1201 kediderit.

593 1263 855 1329 Quamvis
882 1261 1151 1322 Clemens,
1189 1261 1265 1313 uti
1295 1270 1419 1313 ante
1450 1260 1653 1314 dictum
1683 1269 1766 1314 est
1789 1258 1858 1321 ‘°,
1887 1274 2085 1328 corpus

522 1334 727 1389 Christi
761 1333 982 1386 minime
1019 1331 1301 1396 pulchrum
1337 1345 1460 1383 esse
1495 1331 1763 1390 docuerit.
1800 1331 1972 1397 ipsum
2006 1339 2086 1384 ta-

520 1419 645 1458 men
696 1404 940 1458 eumdem
988 1401 1261 1455 Christum
1320 1400 1601 1453 Dominum
1653 1401 1870 1454 eximiis
1908 1400 2086 1466 perfe-

522 1473 893 1539 ctissimisque
932 1470 1094 1524 animi
1128 1471 1346 1525 dotibus
1394 1478 1450 1525 et
1492 1470 1785 1525 virtutibus
1832 1470 2086 1538 pulcher-

524 1545 722 1598 rimum
775 1542 942 1596 fuisse
988 1555 1241 1609 perquam
1291 1550 1676 1594 as-‘everanter
1724 1539 1958 1593 allirmat
1991 1540 2080 1592 δίε

526 1633 547 1665 σ
568 1613 719 1680 Quod
749 1613 793 1665 si
820 1611 963 1679 quis,
997 1611 1188 1679 inquit,
1222 1609 1451 1664 aﬂirmet
1481 1609 1674 1678 justos,
1707 1612 1808 1664 etsi
1842 1612 1953 1666 sint
1991 1610 2086 1663 de-

520 1684 722 1737 formes
747 1696 993 1751 corpore,
1017 1690 1283 1749 quatenus
1306 1680 1524 1751 quidem
1550 1690 1675 1751 sunt
1699 1696 1878 1736 mores
1897 1680 2085 1748 justis-

519 1754 661 1813 simi.
694 1767 814 1809 esse
847 1750 1525 1819 pulchros,pr0pemodum
1546 1750 1725 1805 nullus
1754 1751 1833 1804 sic
1859 1754 2045 1805 dicens
2064 1790 2082 1817 ,

517 1823 687 1878 videri
733 1822 903 1891 possit
947 1821 1326 1894 maledicere:
1362 1820 1427 1894 Et
1469 1820 1678 1894 species
1714 1821 1829 1891 ejus
1861 1821 2081 1894 delicie-
2111 1838 2155 1894 Β
2182 1832 2237 1878 et
2274 1821 2492 1894 reiellit.

517 1894 607 1947 hat
635 1902 833 1961 praeter
855 1906 1042 1946 omnes
1074 1890 1216 1945 tilios
1245 1891 1545 1955 hominum,
1574 1891 1707 1946 dicit
1734 1892 2071 1960 prophetia.»

515 1963 879 2030 Quamobrem
911 1963 1000 2015 ille
1031 1961 1157 2015 alibi
1195 1961 1367 2015 solum
1397 1961 1675 2015 Christum
1721 1961 1972 2016 omnibus
2007 1961 2080 2015 si-

489 2038 629 2097 ,mul
662 2033 954 2086 virtutibus
982 2032 1263 2100 praeditum
1294 2040 1350 2084 et
1391 2031 1686 2098 perfectum
1718 2031 1889 2085 fuisse
1917 2045 2080 2101 aper-

513 2106 727 2158 tissime
773 2104 932 2157 docet
961 2113 1017 2156 et
1064 2102 1356 2167 praedicat:
1396 2120 1414 2152 ι
1442 2101 1748 2163 Perﬁcitur,
1778 2100 1965 2171 inquit
2009 2100 2077 2165 ⁸³,

516 2185 570 2227 et
597 2182 1005 2229 consummatur
1033 2172 1249 2240 aliquis,
1280 2182 1335 2224 et
1368 2181 1425 2224 ut
1456 2173 1575 2238 pius
1605 2186 1669 2225 ac
1696 2170 1997 2240 religidsus,
2024 2181 2081 2228 et

516 2257 578 2299 ut
627 2244 865 2298 tolerans
888 2282 903 2307 ,
933 2250 986 2296 et
1014 2252 1072 2297 ut
1098 2243 1400 2307 continens,
1437 2250 1491 2294 et
1517 2250 1575 2295 ut
1603 2243 1907 2311 operarius,
1939 2251 1992 2295 et
2023 2252 2080 2295 ut

519 2324 758 2385 martyr,
789 2321 932 2367 etut
966 2313 1267 2385 gnosticus.
1318 2311 1374 2385 In
1409 2311 1663 2385 omnibus
1698 2320 1878 2385 autem
1917 2313 2079 2385 simul

519 2381 814 2453 perfectus,
843 2385 1024 2438 nescio
1049 2397 1115 2435 an
1142 2382 1282 2436 ullus
1304 2383 1396 2448 sit,
1428 2381 1531 2436 nisi
1563 2381 1737 2438 solum
1769 2382 1815 2435 is
1841 2383 1930 2451 qui
1953 2398 2080 2452 pro-

518 2452 638 2525 pter
677 2468 773 2507 nos
802 2453 981 2507 induit
1014 2452 1305 2525 hominem.
1334 2470 1352 2504 ι

593 2526 666 2579 Ea
697 2538 861 2592 porro
891 2523 1135 2577 eumdem
1166 2522 1448 2592 Christum
1481 2520 1721 2576 omnium
1767 2520 1926 2589 plane
1964 2537 2079 2575 ma-

520 2597 664 2650 xima
699 2590 1013 2662 butnigense
1064 2595 1281 2647 virtutis
1333 2590 1663 2662 perfectione
1716 2592 1789 2645 ita
1827 2602 2076 2659 ornatam

517 2665 893 2725 existimavit;
930 2679 1033 2732 qua
1085 2663 1176 2718 ille
1228 2662 1373 2717 solus
1401 2671 1720 2716 cunctarum
1770 2676 1874 2715 non
1906 2664 2076 2716 soium

512 2738 713 2789 animae
741 2734 1229 2803 perturbationum,
1261 2734 1353 2787 sed
1380 2747 1760 2803 corporearuui
1790 2732 1955 2803 etiam
1987 2746 2079 2803 ne-

518 2799 831 2861 cessitatum
853 2817 1045 2873 expers
1069 2819 1282 2872 semper
1298 2812 1352 2857 et
1371 2799 1622 2873 immunis
1648 2801 1828 2873 fuerit.
1862 2819 1880 2851 ι
1907 2799 2076 2866 Talis,

512 2876 694 2945 inquit
725 2872 948 2944 ipsemet
970 2884 1160 2945 auctor
1189 2884 1374 2929 noster
1398 2872 1464 2937 ",
1498 2880 1579 2926 est.
1606 2872 1906 2945 gnosticus;
1941 2880 1997 2925 ut
2024 2873 2078 2926 in

512 2943 638 3000 enin
677 2948 807 3001 sata:
839 2946 1032 2999 cadant
1067 2943 1400 3007 atfectiones,
1433 2956 1552 3011 qua:
1582 2943 1836 2996 oriuntur
1871 2952 1927 3011 ut
1967 2957 2080 2997 cor-

518 3031 618 3091 pus
651 3027 887 3078 maneat,
924 3030 1115 3091 nempe
1141 3013 1332 3075 fames,
1363 3009 1485 3069 sitis
1541 3022 1597 3066 et
1624 3010 1841 3091 similia.
1885 3009 1989 3066 Sed
2024 3012 2076 3091 in

518 3083 811 3143 Servatore
853 3083 1070 3154 quidem
1122 3099 1355 3150 corpus,
1402 3093 1460 3137 ut
1510 3083 1728 3154 corpus,
1772 3083 2079 3154 necessaria

515 3158 797 3226 postulare
814 3152 1135 3217 ministeria,
1156 3165 1212 3209 ut
1235 3162 1572 3222 permaneat,
1590 3153 1752 3207 fuerit
1771 3152 2076 3226 ridiculum.

516 3224 850 3281 Comedebat
874 3226 1017 3278 enim
1057 3241 1160 3279 non
1193 3233 1409 3294 prepter
1436 3238 1673 3294 corpus.
1702 3224 1847 3291 quod
1886 3234 2078 3278 sancta

517 3300 717 3352 virtute
754 3294 1135 3351 continebatur
1159 3293 1318 3359 {sed
1352 3309 1418 3347 ne
1444 3294 1545 3357 eis,
1586 3293 1675 3363 qui
1720 3308 1826 3346 una
1855 3308 1977 3347 cum
2018 3308 2083 3348 eo

515 3368 882 3423 versabantur
902 3394 921 3429 δ
955 3366 1006 3418 in
1037 3378 1270 3419 mentem
1298 3364 1507 3419 veniret
1534 3366 1598 3417 de
1635 3377 1699 3416 eo
1729 3364 1886 3418 aliter
1914 3364 2084 3419 senti-

513 3454 596 3501 re,
629 3439 935 3491 sicutcerte
961 3447 1143 3504 postea
1162 3436 1383 3504 quidam
1405 3435 1811 3499 existimarunt,
1836 3449 1961 3487 eum
1989 3449 2085 3504 ap-

515 3509 766 3578 paruisse
792 3508 1000 3562 visione
1025 3516 1081 3561 et
1108 3507 1504 3576 phantasmate.
1526 3505 1643 3572 lpse
1673 3514 1880 3568 autem,
1910 3514 2083 3578 utse-

517 3574 625 3632 inel
651 3578 848 3641 dicam,
879 3574 1152 3647 passionis
1193 3585 1314 3647 erat
1359 3590 1577 3645 expers,
1612 3578 1671 3647 ui
1704 3588 1866 3647 quem
1908 3574 2085 3631 nullus

516 3648 731 3704 subiret
758 3644 959 3713 motus,
999 3662 1175 3718 neque
1205 3645 1472 3714 voluptas,
1508 3659 1607 3699 nec
1636 3644 1839 3698 dolor.»

587 3720 662 3771 At
694 3718 879 3786 plures
926 3713 1261 3786 Clementem
1313 3713 1554 3786 nostrum
1582 3752 1599 3778 ,
1629 3713 2083 3786 quemadmodum

518 3790 572 3843 in
603 3783 893 3842 minuenda
930 3787 1173 3856 corporis
1215 3785 1414 3840 Christi
1463 3783 1998 3856 pulchritudine,‘ita
2030 3787 2084 3840 in

518 3859 782 3929 augendis
830 3853 1068 3929 ejusdem
1116 3857 1264 3929 illius
1310 3853 1556 3924 corporis
1599 3854 1814 3929 dotibus
1858 3853 2086 3929 nimium

519 3943 573 3983 et
593 3922 755 3983 Extra
788 3922 1032 3983 veritatis
1060 3927 1329 3982 cancellos
1356 3922 1636 3995 egressum
1668 3922 1837 3977 fuisse
1859 3925 2116 3992 opinan-_

521 3974 898 4054 maioreira."
911 3974 1649 4068 Egi-gazaseo};mea;
1666 3974 1942 4049 etiamsi
1952 3974 2088 4051 ἷέιὲο
2109 3974 2145 4032 ἶλ

519 4080 728 4125 tantum
749 4066 1067 4135 comedisse,
1089 4083 1156 4123 ne
1178 4077 1486 4136 susceptum
1500 4066 1570 4120 ab
1590 4080 1655 4122 eo
1683 4080 1903 4134 corpus,
1922 4080 2089 4136 appa-

519 4156 646 4196 rens
686 4142 1060 4196 tantummodo
1100 4148 1157 4194 et
1186 4140 1567 4192 adumbratam
1589 4176 1604 4201 ,
1644 4152 1751 4191 non
1784 4146 1966 4191 autem
1999 4151 2087 4192 ve-

520 4227 639 4264 rum
668 4222 976 4279 putaretur.
1007 4210 1395 4279 Quamobrem,
1413 4206 1587 4279 nullas
1611 4207 1772 4276 plane
1796 4207 2009 4279 videtur
2031 4207 2087 4261 in

518 4277 737 4335 Christo
777 4282 1063 4335 admittere
1101 4280 1280 4340 famis,
1309 4278 1450 4342 sitis,
1487 4277 1709 4340 doloris,
1753 4277 2007 4342 tristitiae,
2036 4284 2091 4332 et

519 4352 653 4406 alias
677 4353 841 4406 etiam
891 4353 1114 4407 minime
1145 4351 1365 4404 vitiosas
1395 4348 1731 4405 atl'ectioues.
1761 4348 1927 4416 Atqui
1964 4362 2089 4403 eum

521 4436 710 4476 revera
738 4421 1013 4486 esuriisse,
1048 4421 1284 4475 sitivisse
1303 4428 1359 4473 et
1390 4419 1647 4483 doluisse,
1666 4419 1895 4488 aliisque
1921 4419 2090 4473 animi

521 4497 877 4561 corporisque
909 4492 1147 4545 motibus
1189 4490 1437 4556 atl‘ectum
1485 4490 1657 4561 fuisse
1684 4488 1921 4542 Matthtei
1953 4489 2087 4544 alio-

520 4560 750 4631 rumque
772 4562 1228 4630 evangelistarum
1271 4560 1581 4613 testimonio
1613 4561 1687 4613 ita
1723 4570 1937 4631 certum
1965 4569 2082 4624 est,

520 4642 583 4685 ut
604 4629 814 4687 .id‘sine
832 4629 1028 4687 errore
1053 4633 1120 4685 ab
1152 4631 1264 4683 ullo
1301 4643 1539 4698 unquam
1570 4629 1751 4698 negari
1782 4630 1970 4699 possit.

595 4702 792 4756 Verum
822 4704 866 4755 si
902 4718 1055 4756 mens
1078 4714 1133 4755 et
1161 4704 1432 4756 sententia
1465 4700 1759 4754 Clementis
1789 4701 1982 4765 nostri,
2018 4714 2084 4755 ac

522 4787 587 4826 ea
612 4789 731 4840 qua:
752 4774 881 4828 alibi
914 4774 980 4827 de
1008 4773 1225 4827 Christo
1252 4772 1490 4840 scripsit,
1520 4780 1728 4824 attente
1754 4783 1819 4823 ac
1848 4769 2081 4838 diligen-

524 4856 606 4897 ter
631 4846 1030 4911 examinentur,
1054 4843 1231 4913 quivis
1263 4842 1419 4895 facile
1440 4841 1732 4913 perspiciet
1749 4847 1968 4913 tantum
1982 4845 2083 4913 Aab-

523 4930 668 4980 esse,
690 4926 748 4969 ut
778 4917 867 4969 ille
891 4911 1085 4970 omnes
1102 4914 1306 4970 doloris
1324 4921 1418 4965 aut
1439 4912 1675 4966 tristitiae
1686 4925 1901 4975 sensus,
1924 4911 2085 4965 alias-

525 4999 630 5053 que
657 4990 903 5039 hnmanze
929 4994 1135 5039 natura:
1165 4983 1502 5046 affectiones,
1532 4996 1597 5036 ac
1621 4982 1668 5035 si
1699 4981 1828 5035 velis
1852 4980 2081 5053 inﬁrmi-

528 5051 687 5119 tates,
716 5074 745 5109 a
770 5057 990 5110 Christo
1020 5056 1247 5109 Domino
1278 5068 1557 5108 removere
1584 5053 1797 5120 penitus
1827 5051 2077 5117 voluerit,

526 5126 658 5194 quin
687 5128 867 5195 potius
894 5136 1078 5195 aperte
1107 5126 1425 5194 pronuntiet
1452 5138 1580 5177 vere
1609 5122 1886 5188 patibilem
1912 5122 2081 5179 fuisse

526 5197 728 5249 Christi
756 5211 996 5261 carnem,
1030 5204 1213 5265 utpote
1234 5209 1384 5263 quae,
1419 5195 1561 5247 sicut
1589 5208 1715 5248 vere
1747 5200 1954 5247 mortua
1977 5204 2079 5256 est,

526 5266 603 5318 ita
634 5278 758 5320 ante
798 5278 1067 5331 mortem,
1092 5264 1314 5319 dolores
1350 5276 1404 5317 et
1448 5264 1718 5319 cruciatus
1758 5278 1885 5318 vere
1924 5278 2082 5333 passa

526 5336 711 5390 fuerit.
733 5338 957 5391 Praestat
983 5349 1163 5389 autem
1182 5337 1791 5404 ipsummetioquentem
1809 5335 1997 5388 audtre
2012 5335 2080 5387 M*:

533 5405 693 5461 dam
720 5422 851 5462 vero
890 5408 1137 5460 universa
1175 5418 1387 5474 quoque
1422 5407 1756 5469 teconomia,
1788 5419 1908 5473 quae
1940 5418 2082 5473 pra:-

527 5476 672 5546 dicta
701 5488 787 5532 est
811 5495 839 5531 a
866 5479 1141 5546 prophetis
1165 5482 1230 5529 de
1260 5474 1509 5538 Domino,
1540 5476 1749 5528 videtur
1774 5489 2082 5546 verepara-

529 5545 649 5603 bula
703 5549 769 5602 iis
803 5545 896 5617 qui
930 5545 1212 5603 veritatem
1249 5561 1355 5600 non
1397 5552 1612 5609 norunt,
1642 5546 1853 5613 quando
1883 5545 2078 5597 Filium

599 5776 644 5807 “
676 5777 897 5831 Dissert.
929 5793 1130 5845 sttper.,
1166 5794 1284 5846 cap.
1324 5778 1374 5842 ιν
1407 5776 1499 5831 alt.
1533 5777 1585 5830 5.

2117 4532 2163 4588 Β

1660 5777 1705 5807 ’⁵⁸
1733 5776 1944 5830 Strom.
1977 5776 2012 5828 I.
2055 5789 2122 5839 ιι,
2151 5790 2205 5843 p.
2242 5773 2378 5827 568.

2194 566 2422 636 virginis
2455 574 2774 634 conceptum
2806 580 2947 636 esse,
2980 566 3248 635 quatenus
3291 567 3393 618 fuit
3422 568 3595 636 genita
3620 582 3720 620 scn-

2187 634 2304 708 silis
2325 635 2444 704 ejus
2465 636 2785 708 caruiicula,
2802 634 2923 689 καθ’
2940 636 3272 708 ὃγεγένηται
3287 636 3346 689 τὸ
3371 634 3617 708 aream»;
3642 639 3724 690 αὑ-

2184 704 2279 760 τοῦ
2309 707 2556 777 σαρκίον.
2594 704 3090 777 Eticonsequente‘r
3117 704 3394 777 quatenus
3422 704 3530 777 fuit
3552 709 3721 775 genita,

2184 775 2398 846 passam
2429 792 2569 841 esse,
2595 776 2757 831 τοῦτο
2787 776 3111 843 πεπονθότα,
3136 775 3203 832 ⁷θι
3228 775 3590 846 resurrexisse
3611 792 3725 829 unus

2184 845 2404 916 quidem
2453 848 2620 909 dicit,
2658 847 2754 899 alii
2803 860 2931 900 vero
2965 849 3243 912 audiunt,
3278 845 3484 901 Judmis
3533 848 3722 916 quidem

2185 914 2525 979 scandalum,
2558 916 2766 972 Graecis
2795 924 2976 971 autem
3007 917 3320 979 stultitiam,
3356 927 3425 968 ut
3453 916 3582 969 dicit
3604 914 3724 982 Αροο

2185 986 2376 1040 st-olus.
2422 987 2622 1053 Aperte
2668 996 2854 1041 autem
2904 986 3201 1056 Scriptura:
3232 995 3289 1041 et
3342 986 3432 1051 iis,
3467 988 3555 1054 qui
3591 1000 3725 1040 aures

2187 1056 2412 1117 habent,
2439 1071 2624 1111 verum
2653 1057 3027 1122 ostendentes,
3057 1058 3186 1112 illud
3216 1058 3393 1126 ipsum
3422 1058 3567 1126 quod
3591 1071 3720 1126 passi

2185 1136 2266 1197 est
2299 1141 2427 1197 caro
2453 1165 2469 1188 .
2519 1142 2680 1197 (Illam
2721 1127 2960 1197 suscepit
2994 1124 3292 1197 Dominus,
3341 1125 3371 1178 ὃ
3412 1124 3723 1197 πέπονθενὴ

2187 1194 2342 1276 capti,
2361 1195 2428 1266 ἣν
2452 1195 2740 1276 ἀνεζληφεν
2765 1196 2793 1248 ὁ
2816 1195 3041 1269 Κύριος,
3062 1196 3157 1251 Dei
3185 1197 3445 1251 virtutem
3471 1206 3525 1250 et
3543 1194 3723 1264 sapisti;

2189 1267 2314 1319 tiam
2350 1267 2693 1319 annuntiant.
2720 1285 2740 1316 ι

2254 1337 2344 1399 Αι,
2366 1336 2597 1403 inquies,
2633 1349 2812 1391 nonne
2834 1335 3087 1393 Clemens
3108 1352 3227 1392 eam
3260 1336 3437 1391 solam
3470 1350 3567 1391 cur
3591 1334 3727 1391 (Ἀπία

2186 1413 2303 1459 stus
2334 1405 2629 1460 comederit
2669 1406 2936 1460 rationem
2987 1405 3144 1461 ali‘ert
3166 1447 3180 1468 ,
3221 1422 3292 1461 ne
3324 1408 3448 1460 [icta
3484 1415 3539 1460 et
3566 1408 3725 1462 adum-

2185 1474 2336 1544 brata
2372 1490 2500 1544 caro
2542 1475 2610 1528 ab
2643 1490 2708 1529 eo
2742 1482 2997 1544 suscepta
3041 1476 3403 1531 crederetur?
3436 1475 3621 1529 Verum
3648 1483 3722 1544 qui

2186 1542 2301 1597 hmo
2325 1543 2481 1598 nobis
2501 1544 2802 1609 obiectant,
2829 1542 3069 1599 animum
3099 1562 3204 1599 non
3238 1548 3377 1601 satis
3404 1542 3726 1601 adverterunt

2186 1612 2325 1667 hanc
2375 1615 2638 1685 rationem
2694 1615 2768 1669 ibi
2826 1631 2855 1668 a
2906 1615 3182 1670 Clemente
3231 1614 3443 1681 aﬂ'erri,
3496 1618 3612 1685 quia
3654 1620 3721 1670 sui

2187 1684 2445 1751 temporis
2476 1684 2785 1751 haereticos,
2817 1684 2908 1753 qui
2945 1700 3127 1739 veram
3162 1685 3370 1741 Christi
3399 1701 3615 1741 carnem
3642 1704 3723 1742 ne-

2184 1754 2411 1824 gabant,
2451 1754 2687 1824 strictim
2719 1765 2775 1808 et
2804 1769 2903 1824 pro
2935 1770 3084 1809 more
3112 1770 3212 1809 suo
3244 1756 3488 1810 breviter
3512 1755 3724 1811 confutat

2524 1823 2788 1892 Quamvis
2809 1823 2988 1894 igitur
3021 1841 3140 1880 eam
3172 1825 3343 1879 solam
3378 1825 3633 1879 rationem
3665 1829 3723 1881 ibi

2181 1893 2448 1957 attulerit,
2477 1908 2601 1963 quia
2634 1894 2701 1947 ad
2730 1893 3236 1950 illos’confutandos
3264 1910 3389 1948 eam
3434 1896 3598 1950 solam
3628 1900 3723 1950 sut-

2183 1964 2348 2019 liccre
2374 1967 2616 2033 putabat;
2646 1964 2770 2018 inde
2801 1975 2976 2019 tamen
3004 1966 3140 2019 alias
3163 1966 3232 2018 ab
3260 1965 3355 2019 illo
3377 1967 3616 2021 exclusos
3634 1967 3726 2020 nuL

2181 2033 2266 2104 lus
2291 2034 2414 2104 jure
2456 2034 2651 2089 merito
2697 2034 2898 2088 inferre
2936 2046 3137 2102 potest.
3192 2034 3261 2088 Et
3311 2050 3443 2090 vero
3474 2037 3624 2089 aliam
3652 2037 3724 2090 illo

2180 2103 2302 2173 ipse
2342 2104 2559 2185 ibidem
2591 2106 2861 2185 suggerit.
2905 2104 3187 2185 Ait_en_im
3218 2104 3265 2137 “
3294 2106 3502 2161 Christi
3531 2121 3725 2176 corpus,

2186 2191 2206 2224 ι
2237 2174 2380 2244 quod
2409 2184 2598 2230 sancta
2637 2174 2836 2245 virtute
2883 2176 3289 2241 centinebatur,
3335 2185 3396 2228 ut
3426 2174 3723 2245 corpus—ue?

2180 2245 2423 2314 cessaria
2457 2259 2561 2298 non
2594 2244 2867 2314 postulare
2897 2246 3224 2309 ministeria,
3265 2255 3323 2298 ut
3352 2244 3670 2314 permaneat.
3699 2266 3717 2300 ο

2181 2313 2322 2380 Quid
2352 2314 2522 2386 enim,
2554 2313 2759 2384 quaeso,
2791 2315 2934 2386 aliud
2968 2315 3053 2368 his
3078 2316 3263 2370 verbis
3295 2313 3399 2386 sibi
3435 2316 3557 2386 vult.
3584 2332 3721 2386 quam

2180 2386 2461 2439 Christum
2491 2385 2620 2438 l'atni
2659 2394 2715 2439 et
2737 2385 2850 2449 siti,
2869 2386 3095 2454 aliisque
3120 2385 3577 2440 commotionibus
3601 2385 3723 2441 nulla

2181 2458 2505 2510 necessitate
2546 2454 2712 2509 fuisse
2763 2455 3103 2510 obnoxium?
3132 2456 3570 2526 quandoquidem
3620 2458 3722 2526 ejus

2181 2539 2379 2597 corpus
2407 2542 2426 2572 ι
2454 2536 2645 2597 sancta
2673 2526 2871 2597 virtute
2900 2527 3303 2597 continebatur,
3328 2544 3347 2577 ι
3367 2525 3587 2597 δυνάμει
3613 2525 3724 2581 σὺν·

2178 2593 2438 2665 εχόμενον
2480 2594 2633 2667 ἁγίᾳ,
2677 2596 2780 2667 hoc
2807 2605 2892 2650 est
2936 2595 3245 2659 divinitate,
3280 2610 3403 2664 qum
3434 2593 3597 2666 ipsum
3625 2599 3724 2666 eius

2180 2678 2378 2733 corpus
2416 2665 2629 2734 poterat
2660 2665 2778 2719 sine
2814 2677 2943 2732 potu
2982 2673 3038 2719 et
3080 2666 3202 2720 cibo
3229 2704 3245 2727 ,
3278 2665 3475 2734 quibus
3526 2667 3607 2720 alii
3644 2665 3724 2720 ho-

2179 2736 2354 2789 mines
2409 2736 2651 2805 indigent
2679 2775 2694 2797 ,
2727 2745 3067 2806 sustentare,
3093 2735 3254 2803 eique
3286 2739 3527 2806 praebere
3568 2739 3722 2789 incre-

2181 2816 2388 2859 menta.
2426 2807 2506 2858 Ad
2561 2820 2744 2859 veram
2797 2805 2979 2873 itaque
3009 2845 3024 2869 ,
3067 2820 3258 2859 sanam
3292 2805 3350 2859 et
3384 2806 3720 2861 orthodoxam

2179 2890 2369 2929 eorum
2418 2874 2728 2944 opinionem
2774 2873 3023 2930 Clemens
3075 2876 3335 2937 accedit,
3385 2877 3479 2943 qui
3522 2882 3722 2929 censent

2179 2944 2458 2999 Christum
2489 2945 2574 2999 his
2595 2944 2670 2998 ita
2700 2959 2878 3010 usum,
2900 2957 2958 2999 ut
2980 2952 3159 2999 tamen
3181 2959 3288 2998 non
3318 2945 3617 3014 indiguerit,
3640 2958 3721 3011 po-

2183 3016 2457 3084 tuet-itque
2482 3029 2680 3085 corpus
2701 3029 2852 3068 suum
2883 3018 3000 3070 sine
3037 3014 3254 3085 illorum
3279 3015 3596 3069 adminiculo
3621 3027 3726 3067 sus—

2185 3083 2430 3154 tentare,
2480 3083 2644 3154 atque
2674 3099 2863 3140 omnes
2900 3085 3079 3150 l'amis,
3115 3083 3260 3147 sitis,
3291 3085 3493 3139 doloris
3522 3085 3723 3152 aliaeque

2183 3153 2502 3225 affectiones
2532 3153 2583 3208 in
2613 3169 2736 3209 eum
2769 3170 2875 3209 non
2905 3156 3219 3211 necessario
3247 3154 3408 3225 175
3435 3156 3722 3225 ceciderint,

2185 3226 2276 3278 sed
2305 3227 2356 3278 in
2385 3223 2557 3279 libero
2585 3226 2875 3280 voluntatis
2903 3226 3019 3293 ejus
3045 3223 3279 3279 arbitrio
3306 3223 3522 3293 semper
3546 3224 3725 3278 fuerint

2185 3295 2397 3363 positae.
2445 3295 2509 3348 Et
2549 3295 2663 3349 hate
2710 3297 2929 3362 quidem
2974 3295 3158 3350 Basilii
3193 3294 3556 3365 Magni“,.ut
3604 3296 3726 3348 alios

2187 3375 2489 3429 taceamus,
2524 3376 2643 3419 erat
2667 3366 2958 3432 sententia,
2993 3380 3154 3435 quam
3187 3366 3302 3435 ipse
3332 3365 3419 3419 his
3447 3365 3616 3420 verbis
3638 3378 3724 3419 ex-

2184 3435 2406 3503 primit:
2445 3437 2694 3490 Christus
2737 3452 2755 3485 t
2780 3436 2892 3488 edit
2921 3446 2979 3491 et
3009 3435 3179 3499 bibit,
3224 3450 3333 3490 non
3369 3436 3438 3489 iis
3470 3435 3725 3504 indigens,

2186 3506 2281 3559 sed
2310 3505 2408 3558 tibi
2438 3520 2682 3559 normam
2711 3515 2874 3573 atque
2901 3509 3118 3560 modum
3146 3521 3360 3568 eorum,
3394 3519 3511 3572 quae.
3533 3503 3727 3572 corpori

2184 3583 2241 3629 et
2275 3576 2526 3629 humana:
2555 3575 2678 3629 vitae
2711 3577 3016 3630 necessaria
3050 3576 3404 3638 conveniunt,
3437 3577 3724 3628 ostendens.

2188 3644 2280 3699 Sic
2305 3647 2488 3713 itaque
2514 3642 2683 3710 ﬂevit,
2714 3648 2960 3700 modeste
2990 3647 3271 3715 querendo
3297 3656 3353 3715 et
3386 3645 3727 3703 lamentando,

2188 3716 2522 3784 nimiumque
2540 3715 2773 3769 dolorem
2792 3723 2846 3769 et
2868 3714 3243 3770 vehementem
3264 3714 3729 3784 atllictionemom-

2188 3788 2317 3838 nino
2347 3780 2668 3854 corrigendo
2686 3826 2701 3841 .
2729 3825 2745 3841 .
2772 3823 2787 3839 .
2812 3822 2829 3837 .
2858 3822 2873 3838 .
2909 3785 3375 3852 Quemadmodum
3406 3786 3540 3839 enim
3565 3780 3728 3841 cibus,

2187 3869 2350 3922 quem
2388 3855 2507 3924 ipse
2542 3854 2878 3925 degustavit,
2917 3872 3021 3910 non
3051 3865 3137 3909 est
3169 3856 3495 3925 voluptatis,
3523 3855 3608 3925 sed
3638 3868 3729 3919 po-

2190 3927 2296 3979 tius
2325 3924 2668 3979 abstinentia:
2695 3926 2940 3994 quazdam
2974 3926 3212 3995 occasio,
3243 3936 3298 3977 et
3328 3934 3387 3977 ut
3411 3924 3586 3995 paucis
3612 3935 3732 3995 cou-

2180 3994 2324 4049 tenti
2358 3996 2565 4058 simus,
2590 3990 2923 4067 frugalitatis
2946 3990 3296 4067 exemplum;
3321 3990 3489 4067 Asieet
3521 3992 3631 4067 ejus
3656 3990 3732 4067 la:

2188 4079 2391 4135 crymae
2426 4079 2532 4119 non
2582 4060 2740 4120 ﬂendi
2780 4068 2939 4121 nobis
2992 4060 3124 4130 lex,
3176 4060 3288 4120 sed
3318 4060 3733 4135 Itoneste‘tlcndi

2189 4134 2381 4206 regula
2413 4135 2683 4205 quaedam,
2714 4139 3005 4191 secundum
3032 4149 3194 4205 quam
3222 4135 3481 4208 convenit
3523 4134 3734 4208 honeste

2189 4204 2680 4271 et'cum’decoro,
2709 4208 2940 4261 servatis
2974 4204 3182 4261 natura:
3228 4204 3437 4275 legibus
3459 4241 3475 4267 ο
3502 4217 3613 4275 quae
3641 4204 3732 4275 EF“

2190 4276 2292 4348 stia
2332 4287 2474 4348 sunt
2520 4270 2799 4348 perterre.
2824 4296 2843 4328 ι
2872 4276 3174 4342 Contende,
3197 4270 3447 4336 obsecro,
3469 4274 3615 4348 hujus

2191 4347 2297 4419 silii
2329 4340 2941 4416 Magni-Clementisque
2972 4348 3145 4401 nostri
3160 4340 3167 4342 ἡ
3183 4347 3361 4419 verba
3375 4353 3439 4419 et
3466 4340 3738 4419 dictaalile

2191 4417 2325 4471 dicit
2346 4412 2629 4473 Christum
2652 4412 2952 4472 comedisse
2982 4418 3201 4485 quidem
3230 4425 3285 4488 et
3317 4417 3530 4488 bibisse,
3554 4412 3646 4465 sed
3674 4412 3739 4488 iis

2193 4503 2297 4553 non
2325 4489 2693 4558 indigentem;
2730 4488 2818 4541 hic
2849 4502 2972 4542 vero
3001 4502 3202 4554 corpus
3224 4485 3425 4558 Christi
3443 4485 3742 4558 necessaria

2194 4559 2282 4630 iila
2321 4573 2430 4613 non
2448 4554 2796 4627 postulasse,
2834 4566 2891 4611 ut
2926 4566 3292 4630 permaneret.
3336 4556 3558 4630 Basilius
3583 4554 3743 4630 docet

2190 4621 2477 4682 Christum
2495 4631 2792 4683 comedisse
2820 4638 2876 4683 et
2907 4621 3128 4691 bibisse,
3156 4636 3215 4680 ut
3250 4626 3306 4680 in
3336 4641 3403 4679 eo
3432 4621 3745 4691 frugalitatis

2189 4699 2516 4753 haberemus
2545 4699 2870 4768 exetnplum;
2905 4698 3386 4768 Clemeusauteut,
3417 4694 3747 4768 nenChristus

2188 4770 2500 4822 simulatum
2523 4764 2723 4837 corpus
2745 4769 3102 4840 assumpsisse
3138 4767 3439 4840 diceretur.
3463 4764 3593 4840 Quid
3620 4774 3745 4826 ergo

2188 4841 2242 4893 in
2280 4842 2365 4893 his
2402 4835 2697 4893 Clementis
2728 4839 2898 4906 magis
2930 4835 3090 4907 quam
3140 4842 3194 4891 in
3230 4836 3417 4890 Basilii
3456 4835 3631 4907 verbis
3665 4846 3748 4904 re-

2189 4909 2551 4978 prehensione
2567 4910 2616 4962 di
2624 4926 2785 4978 gnum
2803 4902 3115 4977 't'Qni‘plura
3130 4910 3207 4979 de
3231 4906 3479 4979 bisscire
3500 4902 3748 4979 voluerit,

2189 4977 2235 5032 is
2264 4981 2539 5047 theologos
2572 4977 2888 5032 scolasticus
2917 4987 3092 5040 adeat,
3127 4978 3180 5030 in
3216 4993 3275 5031 ιιι
3308 4977 3479 5047 Sena,
3507 4977 3746 5047 distrbct.

2190 5049 2275 5111 15,
2304 5059 2360 5103 et
2395 5042 2543 5101 ιηύ.
2569 5048 2856 5112 Thomam,
2881 5062 2943 5100 ιιι
2970 5058 3134 5115 part.,
3165 5057 3365 5115 quaest.
3396 5045 3481 5108 i5,
3505 5052 3615 5095 art.
3644 5042 3678 5092 5
3702 5050 3752 5090 et

2187 5134 2367 5189 δεψιά
2400 5118 2817 5173 Thomassiuum
2842 5120 2938 5189 lib.
2976 5132 3027 5171 iv
3063 5115 3316 5186 Theolog.
3343 5117 3596 5189 dogmatz,
3630 5124 3750 5189 cap.

2189 5181 2407 5254 Ηξῖὲ,
2447 5190 2545 5254 15;.
2571 5199 2628 5243 et
2663 5188 3008 5242 Coutantiutn
3044 5181 3310 5254 nostrum,
3344 5181 3650 5254 itt'prwfat.
3688 5184 3753 5229 ad

2188 5259 2382 5313 Hilarii
2414 5259 2609 5330 Opera,
2642 5259 2669 5329 ς
2708 5259 2801 5311 151
2837 5271 2890 5311 et
2916 5273 3035 5326 seq.

3031 5768 3075 5798 ⁸³
3113 5768 3318 5824 Strom.
3357 5767 3392 5821 ι.
3425 5778 3496 5833 Vt,
3529 5779 3596 5835 ιι.
3638 5762 3763 5822 649.

2488 5772 2533 5803 ⁸³
2576 5775 2610 5827 ι.
2643 5788 2697 5836 v,
2733 5787 2787 5841 p.
2816 5770 2942 5825 525.

530 5846 576 5878 “
605 5846 809 5903 Strom.
845 5853 880 5902 ι.
911 5841 1067 5917 νι,ἰ›.
1098 5841 1247 5902 δ’Πξ
1298 5841 1515 5904 “ibid.
1547 5862 1669 5919 pag.
1702 5847 1826 5903 649.
1904 5847 1951 5878 ⁸⁸
1973 5846 2036 5904 Τ.
2065 5849 2105 5915 l,
2140 5841 2330 5900 houul.
2369 5850 2593 5914 degrat.
2624 5843 2848 5913 agenda
2870 5857 2925 5913 p.
2955 5841 3085 5898 562.
