3840 6532
120 378 237 434 “5‘5

604 500 996 560 ARTICULUS
1039 503 1171 560 Vlll.

122 612 211 667 Cur
251 611 518 688 Christus
562 615 792 671 cwlibem
849 619 1005 671 vitam
1059 621 1267 675 duxerit
1292 624 1317 675 ξ’
1347 618 1529 688 Ipsum
1571 640 1680 676 esse

177 683 548 755 inexplicabile
594 688 910 755 sacriﬁcium
961 699 1010 742 et
1059 692 1178 743 vim
1209 683 1417 744 (elei-nte
1462 693 1680 754 ostium,

179 767 326 829 atque
354 753 551 829 solum
615 753 874 829 omnium;
905 759 1171 812 hominum
1216 762 1527 829 magistrum
1556 778 1574 823 ;
1633 753 1679 815 et

173 825 290 892 quid
328 825 398 905 de
422 823 575 878 illius
615 828 755 895 apud
789 827 986 898 inferos
1028 823 1403 899 prwdicatione
1437 830 1678 886 Clemens

175 904 411 948 senserit.

175 986 278 1042 Cur
298 986 563 1042 Christus
592 988 835 1044 carlibem
870 991 923 1045 in
960 993 1061 1047 hoc
1090 992 1291 1047 mundo
1317 992 1482 1045 vitam
1514 992 1682 1047 duxe-

119 1058 208 1131 rit,
258 1058 587 1131 tres__plane
617 1097 632 1124 ,
687 1076 807 1129 qum
859 1061 1240 1117 observatione
1290 1064 1464 1131 digna:
1509 1075 1677 1126 sunt,

120 1129 338 1201 rationes
360 1127 623 1201 Clemens
646 1127 854 1185 reddit:
888 1150 907 1183 ‹
944 1132 1182 1186 Primum
1221 1127 1460 1201 quidem,
1488 1134 1558 1187 ita
1593 1135 1681 1190 ille

117 1198 337 1272 loquitur
370 1197 444 1260 ",
489 1202 762 1272 propriam
806 1217 1057 1269 sponsam
1106 1197 1296 1257 habuit
1346 1203 1677 1272 Ecclesium;

120 1269 293 1342 deinde
328 1282 464 1342 vero
499 1284 600 1342 nec
625 1271 785 1324 homo
822 1281 939 1325 erat
970 1273 1296 1337 communis,
1333 1282 1394 1327 ut
1422 1288 1558 1342 opus
1584 1269 1682 1328 hai-

121 1340 260 1394 beret
287 1339 459 1393 etiam
493 1340 744 1408 adiutore
771 1341 955 1409 aliquo
971 1342 1265 1397 secundum
1292 1339 1512 1397 carnem
1538 1360 1553 1407 ;
1588 1359 1682 1399 ne-

119 1424 212 1478 que
236 1417 354 1462 erat
386 1409 444 1466 ei
478 1424 712 1466 necesse
760 1426 1046 1479 procreare
1079 1411 1241 1472 ﬁlios,
1277 1413 1369 1481 qui
1412 1424 1595 1469 manet
1625 1415 1681 1469 in

119 1490 366 1534 aeternum
393 1518 411 1541 ,
462 1487 522 1534 et
557 1491 717 1535 natus
754 1491 837 1535 est
869 1482 1018 1537 solus
1063 1482 1156 1535 Dei
1195 1482 1389 1537 Filius.
1417 1501 1436 1535 ι
1472 1485 1682 1550 Quibus

118 1565 235 1607 sane
263 1550 450 1621 verbis
474 1564 584 1604 non
615 1551 773 1605 modo
800 1566 1051 1621 suprema
1074 1552 1279 1608 Christi
1309 1553 1585 1620 divinitas,
1613 1558 1681 1611 de

118 1635 209 1685 qua
247 1620 503 1688 superius
534 1620 877 1690 disputatum
904 1634 989 1677 est
1013 1664 1029 1686 ,
1071 1623 1430 1677 disertissime
1476 1626 1682 1680 asseri-

120 1700 234 1754 tur;
266 1692 360 1744 sed
395 1691 508 1743 tria
537 1692 705 1762 etiam
742 1707 848 1746 non
897 1693 1103 1746 minimi
1134 1708 1268 1747 sane
1298 1694 1551 1762 ponderis
1582 1711 1680 1749 auo

119 1771 223 1833 etor
238 1770 425 1833 noster
442 1759 659 1833 profert
680 1770 1020 1832 argumenta,
1040 1763 1235 1833 quibus
1259 1759 1480 1833 pulchre
1501 1776 1680 1820 osten-

121 1831 183 1884 dit
221 1846 312 1920 cur
352 1831 875 1920 ipsemet'CIiriSttts
918 1847 1014 1910 per
1059 1831 1229 1920 totum
1262 1831 1524 1920 Vmortalis
1556 1837 1679 1890 vitae
1712 1864 1753 1920 Β

121 1915 220 1954 suae
253 1910 474 1970 tempus
515 1901 713 1956 (333'ch
746 1901 1064 1970 permanere
1095 1903 1346 1957 voluerit.

174 1971 336 2025 Docet
365 1980 638 2039 praeterea
690 1972 938 2027 Clemens
981 1973 1131 2026 illum
1177 1987 1299 2027 esse
1336 1988 1441 2029 non
1469 1982 1676 2029 tantum

126 2041 565 2114 tinexplicabile,
585 2051 644 2114 ut
667 2042 784 2111 ipse
807 2044 1054 2113 loquitur
1074 2042 1142 2105 ⁸³,
1164 2043 1517 2108 sacriﬁcium,
1536 2048 1679 2114 quod

119 2127 201 2181 pro
228 2112 382 2166 nobis
412 2111 824 2183 sanctiﬁcatur,
851 2111 964 2167 {et
991 2114 1189 2167 ostium
1217 2128 1311 2177 per
1337 2116 1481 2183 quod
1504 2111 1679 2170 solum

119 2198 287 2253 omnes
306 2181 590 2244 homines,
606 2184 766 2236 etiam
792 2183 1114 2252 philosoiihi,
1137 2184 1180 2239 si
1196 2184 1324 2239 salvi
1350 2181 1469 2240 esse
1486 2186 1680 2253 velint,

120 2253 165 2306 in
186 2252 462 2327 cmlestem
487 2253 722 2320 patriam
750 2254 959 2327 ingredi
983 2264 1207 2327 possunt
1231 2269 1247 2320 ;
1278 2256 1371 2311 sed
1395 2270 1518 2327 eum
1547 2273 1682 2327 quo-

120 2337 210 2391 que
247 2322 424 2377 solum
468 2337 604 2378 esse
630 2324 899 2396 pluuium
948 2322 1224 2396 hominum
1274 2322 1595 2396 magistrum
1626 2338 1683 2382 et

119 2402 497 2467 prazceptorern
520 2409 547 2467 :_
582 2411 603 2442 ι
620 2391 1215 2467 βοιιιεξὶηιιμὶικνκθει
1249 2391 1506 2467 magister
1527 2435 1544 2461 ,
1587 2399 1680 2467 qui

120 2471 189 2534 est
200 2464 339 2518 solus
356 2463 633 2517 altissimi
651 2465 786 2517 casti
808 2462 1014 2526 Patris,
1031 2465 1123 2534 qui
1149 2465 1328 2518 erudit
1346 2462 1640 2521 hominem.
1656 2488 1675 2521 ι

116 2532 347 2599 Quiuimo
372 2534 518 2588 alibi
547 2535 760 2588 addidit
779 2534 847 2589 "z
883 2551 902 2584 ι
932 2534 982 2588 ls
1006 2532 1091 2589 θέε
1119 2536 1381 2603 magister
1433 2538 1677 2592 omnium

117 2618 222 2671 qua:
248 2616 366 2659 orta
395 2613 537 2658 sunt
556 2643 573 2668 ,
594 2603 700 2674 Dei
728 2604 1098 2668 consiliarius,
1131 2609 1223 2674 qui
1252 2606 1525 2672 praeScivit
1558 2621 1680 2660 om-

117 2674 214 2726 nia.
249 2674 294 2728 ls
319 2684 520 2729 autem
550 2673 623 2727 ab
655 2674 784 2738 alto,
813 2690 844 2728 a
870 2676 1043 2743 prima
1073 2675 1254 2728 mundi
1286 2676 1681 2732 constitutione

118 2744 454 2814 multifariam
484 2744 785 2814 multisque
814 2746 988 2800 modis
1015 2757 1070 2798 et
1097 2744 1281 2798 docuit
1312 2752 1369 2798 et
1392 2746 1624 2814 perlicit.
1655 2767 1676 2801 ›

181 2812 277 2868 Sed
313 2817 369 2869 in
400 2816 513 2869 hoc
538 2812 806 2885 Clemens
832 2815 1036 2869 erroris
1064 2812 1488 2881 condemnatur,
1538 2820 1681 2885 quod

122 2885 387 2939 tradiderit
409 2884 721 2951 Christum,
738 2886 977 2938 divinum
1000 2895 1391 2953 prteceptorem
1414 2884 1676 2949 nostrum,

118 2953 192 3008 his
219 2956 312 3022 qui
342 2956 399 3009 in
448 2954 675 3009 inferno
714 2952 1136 3019 detinebantur,
1175 2955 1288 3009 sive
1311 2952 1534 3018 Judmis,
1565 2958 1681 3012 sive

117 3027 418 3091 gentilibus,
450 3026 815 3080 annuntiasse
853 3025 1226 3094 Evangeliutn,
1257 3024 1329 3077 ita
1366 3033 1425 3078 ut
1459 3026 1495 3080 ii
1541 3044 1558 3077 ι
1587 3030 1678 3095 qui

116 3109 212 3164 pne
232 3098 446 3150 caeteris
462 3097 688 3164 egregie
716 3098 980 3161 vixerant,
1010 3106 1067 3149 et
1096 3108 1287 3149 eorum
1339 3109 1458 3163 qua:
1486 3111 1681 3164 pecca-

116 3172 226 3217 runt
263 3166 412 3220 ducti
454 3176 591 3219 sunt
631 3167 968 3234 pmoiteutia.
995 3202 1012 3219 .
1037 3204 1053 3219 .
1076 3203 1090 3217 .
1116 3201 1133 3218 .
1172 3164 1307 3235 salvi
1337 3166 1531 3219 ﬁerent
1583 3180 1683 3235 per

114 3212 1318 3307 passia'sga'g;umquam{lassata}
1337 3212 1679 3307 biiii'éut'eu}
1711 3212 1752 3268 ο

118 3304 346 3376 hebraeis
373 3316 474 3360 aut
500 3304 833 3376 gentilibus;
866 3304 1060 3361 dubius
1085 3307 1228 3376 enim
1254 3305 1429 3370 haesit,
1456 3321 1521 3360 an
1551 3308 1683 3362 solis

116 3374 349 3430 llebrzeis
376 3374 735 3446 Evangeliunt
769 3393 797 3431 a
823 3376 1044 3431 Christo
1091 3375 1252 3429 fuerit
1281 3377 1677 3446 annuntiatum.

112 3446 474 3518 Quamobrem
498 3444 629 3501 cuin
668 3462 906 3518 paganos
933 3446 1182 3518 homines
1210 3485 1226 3509 ,
1260 3444 1352 3514 qui
1395 3446 1480 3514 pie
1506 3448 1674 3518 vitam

111 3526 349 3588 egerant,
382 3517 637 3585 ejusdem
670 3516 856 3588 gratia:
883 3526 937 3571 et
969 3517 1355 3588 inmisericordiai
1393 3516 1683 3588 participes

112 3585 266 3641 tactos
287 3598 541 3656 putaret,
561 3585 903 3642 luec'idcirco
925 3587 1120 3655 adjecit
1139 3585 1185 3617 ⁸³
1202 3605 1217 3642 :
1237 3604 1256 3636 ε
1276 3586 1369 3640 Siti
1392 3600 1457 3656 an
1468 3595 1569 3641 tem
1589 3587 1685 3641 Ju-

113 3657 232 3711 daais
259 3655 442 3713 solum
473 3658 830 3711 annuntiavit
876 3656 1258 3727 Evangelium,
1289 3655 1487 3724 quibus
1510 3658 1682 3712 deluit

109 3740 162 3778 ea
190 3742 313 3797 qua;
347 3738 439 3783 est
478 3742 580 3798 per
616 3728 892 3782 Christum
931 3726 1134 3798 agnitio
1175 3737 1232 3781 et
1262 3726 1430 3792 ﬁdes,
1472 3727 1679 3782 clarum

111 3804 185 3849 est
223 3798 420 3869 utique
451 3797 605 3868 quod
631 3811 760 3852 cum
789 3799 932 3867 apud
958 3797 1125 3852 Deum
1167 3797 1349 3851 nullus
1379 3798 1453 3869 sit
1488 3812 1680 3866 perso—

108 3881 285 3938 narum
319 3867 651 3938 respectus,
681 3869 909 3937 apostoli
941 3882 1176 3937 quoque,
1210 3869 1351 3922 sicut
1379 3867 1488 3930 hic,
1520 3869 1594 3920 ita
1627 3878 1681 3923 et

107 3936 203 3992 illic
240 3936 657 3993 annuntiarunt
707 3936 1164 4009 Evangelium’iis
1194 3939 1290 4008 qui
1330 3951 1397 3991 ex
1427 3939 1679 4007 gentibus

106 4019 250 4080 erant
274 4011 392 4080 apti
424 4013 494 4063 ad
526 4010 961 4064 conversionem.
994 4027 1014 4060 ι

167 4077 355 4151 Neque
384 4094 556 4151 porro
587 4080 729 4133 hanc
758 4080 1081 4151 sententiam
1109 4078 1286 4151 obiter
1310 4078 1673 4149 strictimque,

106 4156 156 4200 ut
179 4150 385 4219 saepius
416 4150 577 4216 alibi,
602 4150 863 4219 proponit
889 4158 944 4204 et
972 4150 1331 4220 perstringit;
1367 4151 1461 4205 sed
1484 4165 1678 4206 omnes

103 4223 380 4275 contendit
398 4222 575 4274 animi
608 4234 805 4275 nervos
827 4228 887 4274 ut
909 4235 1029 4274 eam
1053 4221 1266 4290 probet,
1294 4222 1675 4290 omnibusque,

102 4291 143 4341 si
164 4292 279 4344 ﬁeri
306 4294 512 4360 possit,
539 4291 704 4357 plane
728 4291 1078 4361 persuadeat.
1113 4291 1563 4361 Variasiquidem
1589 4307 1680 4344 ar-

101 4359 355 4427 gumenta
392 4373 510 4414 tum
539 4376 611 4417 ex
637 4375 809 4415 saera:
836 4359 1133 4430 Scriptura:
1163 4370 1216 4415 et
1240 4359 1453 4415 Hermae
1485 4359 1679 4415 Pasto-

99 4431 163 4482 ris
191 4432 561 4495 auctoritate,
599 4439 716 4485 tum
744 4445 813 4485 ex
850 4434 1081 4501 ipsamet
1109 4433 1322 4486 ratione
1348 4431 1514 4501 petita
1547 4446 1680 4487 con-

97 4504 245 4569 gerit,
280 4505 495 4571 quibus
524 4514 675 4565 eam,
709 4512 971 4570 quantum
1003 4502 1057 4556 in
1080 4517 1139 4556 se
1168 4511 1274 4565 est,
1307 4505 1678 4557 demonstrare

1313 381 1400 438 DE
1440 384 1665 441 LIBRIS
1707 385 2160 444 STROMATUM.

1707 516 1755 568 Α
1786 510 1961 578 primo
1989 509 2209 580 quidem
2238 506 2397 563 lsaize
2423 549 2438 571 ,
2470 504 2560 578 qui
2606 509 2761 565 bovis
2792 518 2844 564 et
2874 525 3018 566 ursa:
3061 511 3231 580 ﬁgura
3264 513 3363 569 ιιι-

3222 389 3364 448 “5‘

1784 581 1935 651 datos
1959 595 2023 635 ac
2050 580 2280 651 gentiles
2301 580 2459 634 simul
2493 582 2723 651 futuros,
2748 587 2804 634 et
2831 582 2998 635 Deum
3025 582 3094 637 ab
3122 584 3238 651 agri
3269 586 3363 639 be-

1778 650 1906 723 stiis
1918 649 2347 723 benedicendum
2367 651 2612 723 praedixit
2635 650 2703 707 ⁵³⁵.
2727 650 3008 723 Postremo
3037 649 3360 723 subragium

1783 719 2004 774 adhibet
2031 719 2354 787 Psalmistae,
2388 721 2477 788 qui
2523 720 2758 774 futuram
2805 722 3088 790 gentilium
3126 719 3359 779 salutem

1785 791 2086 913 iqugpuorbgs
2120 790 2351 858 psalmis
2390 792 2534 844 haud
2567 790 2854 845 obscurius
2898 791 3213 863 designasse
3244 793 3354 864 ipsi

1782 860 1996 913 videtur
2020 862 2087 913 ⁵⁵.

1852 930 2092 983 Aliorum
2121 943 2303 998 porro,
2336 945 2456 999 quae
2484 931 2600 1000 ipse
2645 945 2710 984 ex
2744 929 2956 985 ratione
2987 931 3244 993 desumit.
3267 948 3362 988 ar-

1782 1010 2155 1068 gumentorum
2187 1001 2292 1055 hoc
2320 1001 2371 1054 in
2412 1001 2600 1069 primis
2645 1000 3055 1055 fundamentum
3084 1015 3187 1057 cst.
3219 1003 3358 1059 Cum

1782 1072 1850 1123 de
1884 1069 2012 1123 solis
2035 1069 2125 1139 qni
2163 1071 2249 1140 pie
2279 1082 2335 1125 et
2362 1072 2540 1140 juste.
2574 1070 2790 1126 etiamsi
2829 1086 2933 1123 non
2966 1072 3206 1140 perfecte
3230 1114 3246 1139 ,
3277 1076 3361 1129 vi-

1783 1146 1892 1191 tam
1918 1151 2182 1211 egerunt,
2211 1141 2437 1211 paganis
2471 1141 2746 1210 loquatur,
2776 1154 2951 1209 neque
2980 1156 3194 1209 aequum
3214 1183 3229 1205 ,
3259 1160 3362 1198 ne-

1782 1224 1890 1278 que
1916 1210 2179 1282 credibile
2196 1210 2399 1282 censet
2416 1211 2604 1265 eodem
2633 1222 2795 1279 atque
2814 1212 3020 1282 impios
3044 1222 3100 1266 et
3128 1212 3361 1282 injustas

1782 1278 2047 1352 supplicio
2071 1279 2228 1335 allici.
2279 1298 2298 1332 ι
2325 1280 2458 1334 Nam
2492 1283 2634 1349 quis,
2676 1278 2850 1352 inquit
2872 1280 2941 1347 ⁸⁸,
2974 1296 3121 1337 same
3159 1278 3362 1341 mentis

1780 1359 1838 1403 et
1859 1349 2124 1416 justorum
2156 1359 2210 1405 et
2241 1362 2586 1419 peccatorum
2620 1349 2831 1404 animas
2856 1366 2977 1407 esse
3002 1354 3361 1409 existimave-

1782 1421 1855 1472 rit
1888 1420 1941 1472 in
1964 1435 2077 1489 una
2110 1420 2596 1485 condemnatione,
2637 1420 2916 1489 iniustitia:
2959 1422 3225 1477 maculam
3274 1425 3362 1477 in-

1766 1497 1947 1542 .urens
1962 1488 2397 1544 Providentiae?)
2432 1492 2522 1546 Dei
2551 1488 2752 1559 itaque,
2787 1491 2959 1560 pergit
2981 1491 3088 1555 ille,
3109 1493 3200 1561 qui
3234 1508 3361 1560 per-

1782 1574 2038 1613 sonarum
2062 1575 2172 1614 non
2189 1571 2271 1615 est
2297 1570 2571 1629 acceptor,
2593 1560 2900 1623 consilium,
2928 1560 3357 1629 providentiam,

1782 1629 2124 1700 bonitatem,
2184 1632 2635 1700 omnipotentiam
2685 1630 2911 1700 decebat
2975 1641 3030 1684 ut
3084 1632 3354 1698 gentiles,

1784 1699 1944 1754 sicuti
1961 1700 2222 1771 diximus,
2242 1698 2390 1767 iusti,
2418 1716 2525 1756 non
2543 1715 2698 1771 secus
2720 1715 2783 1755 ac
2802 1698 3001 1771 Judaei,
3027 1715 3357 1771 quocunque

1782 1772 1998 1823 tandem
2029 1771 2081 1823 in
2112 1770 2232 1825 loco
2258 1780 2471 1833 essent,
2501 1785 2529 1822 a
2565 1770 2785 1825 Christo
2812 1770 2894 1824 vel
2933 1772 3195 1839 apostolis
3223 1770 3357 1827 edo-

1784 1840 1856 1892 cti
1881 1850 1935 1894 et
1964 1854 2090 1894 vera
2112 1841 2420 1909 cognitione
2444 1840 2752 1904 informati,
2784 1849 2907 1907 post
2930 1847 3107 1894 actam
3161 1854 3352 1896 eorum

1782 1924 1903 1978 qua:
1929 1910 2267 1965 admiserant
2324 1922 2669 1979 peccatorum
2698 1910 3073 1979 pmnitentiam
3096 1948 3114 1976 ,
3147 1921 3354 1966 aeterna

1782 1980 1957 2033 salute
1987 1981 2343 2034 donarentur.

1853 2050 1979 2103 Haec
2004 2064 2135 2104 sane
2165 2049 2271 2104 fuit
2301 2050 2595 2120 Clementis
2619 2048 2801 2119 opinio
2835 2064 2902 2104 ex
2934 2049 3150 2105 Hermae
3178 2051 3353 2120 potis-

1780 2119 1982 2173 simum
2016 2119 2251 2174 delibata
2289 2118 2511 2174 Paslare
2541 2160 2556 2181 ,
2608 2118 2763 2188 cujus
2802 2134 2909 2173 non
2942 2120 3114 2174 solum
3168 2118 3269 2175 hoc
3299 2124 3352 2177 in

1782 2189 1922 2251 loco,
1956 2190 2047 2241 sed
2078 2190 2185 2244 alio
2211 2189 2379 2243 etiam
2420 2191 2472 2243 in
2506 2190 2647 2243 libro
2690 2190 2958 2258 ipsissima
2992 2192 3157 2246 verba
3208 2201 3356 2246 tran-

1781 2258 2189 2330 scripsit".‘An
2216 2269 2396 2315 autem
2424 2260 2569 2313 illius
2587 2267 2822 2330 mentem
2843 2266 2899 2330 et
2921 2273 3138 2314 sensum
3168 2261 3240 2316 sit
3266 2277 3354 2316 as-

1781 2328 2019 2394 secutus,
2054 2332 2196 2386 haud
2220 2331 2413 2399 exgiua
2443 2328 2881 2387 sancduhitandi
2917 2330 3059 2399 ratio
3088 2339 3192 2385 est.
3224 2331 3356 2397 Qum

1780 2399 2177 2472 enint‘llermas
2201 2402 2269 2456 de
2297 2398 2388 2455 illa
2418 2399 2953 2471 apostolomnapud
2983 2398 3187 2455 inferos
3212 2417 3357 2472 pra:-

1782 2469 2052 2541 dicatione
2074 2473 2325 2541 scripsit,
2347 2486 2409 2527 ea
2440 2469 2730 2541 allegorice
2756 2469 2921 2525 sensu
2946 2471 3178 2540 intelligi
3197 2469 3357 2541 posse

1783 2539 1913 2594 alibi
1938 2539 2277 2596 ostendimus
2299 2542 2366 2597 ⁵⁸.
2391 2539 2592 2598 Contra
2616 2556 2744 2597 vero
2769 2541 3022 2596 Clemens
3047 2539 3155 2596 non
3181 2539 3354 2598 solum

1787 2610 1881 2664 illa
1913 2610 2136 2666 litterali
2187 2625 2351 2667 sensu
2387 2613 2620 2681 accepit,
2649 2625 2840 2665 verum
2867 2612 3033 2665 etiam
3068 2612 3196 2666 nulli
3227 2627 3356 2681 par-

1788 2681 1868 2737 cit
1886 2695 2073 2753 ppera:
2092 2691 2153 2753 et
2177 2681 2372 2753 labori,
2398 2683 2655 2751 omnique
2679 2693 3128 2753 argumentorum
3158 2698 3357 2753 genere

1783 2749 2019 2821 probare
2052 2752 2242 2806 nititur
2269 2750 2470 2806 Christi
2501 2749 2982 2821 apostolorumque
3014 2749 3356 2820 praedicatio-

1781 2820 1851 2875 ne
1878 2826 2144 2891 paganos,
2168 2835 2278 2875 non
2305 2836 2465 2876 secus
2491 2832 2655 2889 atque
2673 2820 2912 2883 Judaaos,
2931 2825 3024 2890 qui
3052 2822 3139 2891 pie
3169 2825 3220 2876 in
3254 2827 3358 2878 hac

1781 2892 1917 2949 vita.
1949 2890 2051 2946 etsi
2081 2905 2186 2945 non
2214 2891 2474 2959 perfecte,
2500 2891 2772 2953 vixerant,
2798 2890 3065 2946 adductos
3087 2892 3259 2947 fuisse
3286 2895 3357 2948 ad

1786 2960 1947 3031 176
1976 2961 2378 3030 pmnitentiam,
2425 2976 2532 3031 qua
2567 2961 2760 3015 deinde
2806 2969 3069 3014 aeternam
3121 2963 3356 3018 salutem

1783 3032 1961 3088 attenti
2001 3039 2149 3088 sunt.
3076 3080 3077 3083 η

1855 3049 2300 3169 ἓῗέίιθιῗιὲιξῖηἰοηί
2320 3101 2638 3169 subscripsit
2652 3099 2869 3164 Jobius,
2888 3099 3041 3169 cujus
3063 3080 3202 3171 apud
3220 3101 3359 3158 Pho-

1788 3170 1921 3247 tium
1953 3171 2065 3247 haec
2094 3179 2220 3225 sunt
2249 3174 2409 3227 verba
2432 3171 2507 3224 "z
2536 3188 2555 3221 ι
2594 3171 2854 3247 Princeps
2878 3170 3241 3247 apostolmutn
3259 3189 3359 3247 cur

1792 3241 1859 3295 iis
1910 3243 2007 3310 qui
2040 3242 2093 3294 in
2124 3256 2349 3297 carcere
2374 3248 2531 3297 erant
2562 3240 2842 3307 spiritibus
2877 3242 3103 3298 veniens
3153 3245 3356 3310 praedi-

1788 3310 1955 3364 cavit.
1988 3350 2003 3365 .
2033 3352 2048 3368 .
2075 3349 2090 3364 .
2117 3350 2132 3366 .
2159 3349 2176 3365 .
2209 3312 2312 3367 hoc
2341 3321 2424 3368 est
2450 3310 2717 3376 inﬁdeles,
2749 3310 2842 3378 qui
2875 3322 3097 3380 propter
3120 3312 3357 3367 inﬁdeli-

1790 3388 1954 3435 tatem
1988 3395 2141 3435 suam
2171 3391 2489 3451 peccatores
2534 3391 2955 3451 remanserunt,
2995 3383 3355 3447 damnantur,

1791 3452 1949 3519 quasi
1987 3452 2146 3539 plane
2174 3449 2309 3534 cauo
2349 3454 2473 3507 facti
2514 3462 2567 3539 et
2609 3449 2805 3539 divPlsi
2858 3464 2889 3503 a
2933 3452 3158 3539 spiritu;
3197 3466 3359 3536 quot:

1787 3531 1921 3590 quot
1971 3519 2149 3575 autem
2209 3523 2377 3577 etiam
2422 3523 2577 3592 apud
2630 3519 2839 3575 inferos
2871 3558 2888 3584 ,
2943 3519 3230 3587 Christo,‘
3260 3526 3356 3592 qui

1786 3601 1905 3662 erat
1936 3592 2051 3662 ipsa
2095 3594 2304 3662 jnstitia
2331 3632 2348 3658 ,
2396 3590 2783 3656 crediderunt,
2840 3591 3110 3661 spirituali
3163 3590 3353 3648 laetitia

1786 3660 2158 3730 perfruuntur.
2189 3681 2209 3713 ι

1857 3733 1962 3786 Alii
2006 3733 2184 3804 adhuc
2216 3732 2426 3802 longius
2465 3732 2741 3804 progressi
2766 3742 2935 3804 sunt,
2971 3734 3161 3804 quales
3204 3733 3358 3791 luero

1789 3812 2042 3859 auctores
2072 3803 2238 3857 libelli
2267 3801 2383 3858 sive
2412 3801 2681 3858 sermonis
2705 3801 2784 3857 De
2816 3801 3098 3871 Pass/inte,
3127 3814 3183 3859 et
3209 3821 3360 3861 com-

1787 3873 2179 3927 mentariorum
2202 3872 2430 3945 inAPauli
2460 3874 2729 3942 Epistolas
2752 3874 2895 3945 apud
2915 3874 3261 3945 Ambrosium
3286 3876 3355 3942 ⁸⁸,

1786 3957 1888 4016 nec
1919 3957 2026 3997 non
2079 3944 2218 4016 appd
2248 3943 2583 4016 Gregorium
2626 3958 2820 4016 papa_m
2844 3942 2887 3974 δ’
2927 3942 3193 4016 Georgius
3233 3961 3358 4014 pre-

1785 4014 1975 4084 sbyter
1993 4051 2010 4076 ,
2040 4024 2096 4067 et
2125 4011 2441 4068 Theodorus
2461 4011 2719 4084 Ecclesiae
2741 4011 3357 4084 Constantinopolitanae

1785 4082 2052 4137 diaconus
2073 4123 2089 4150 ,
2119 4092 2313 4138 contra
2349 4098 2489 4152 quos
2531 4083 2621 4139 ille
2653 4085 2733 4138 sic
2766 4084 3049 4150 disputat:
3092 4082 3119 4135 ἱ
3144 4084 3254 4141 Sed
3287 4102 3357 4140 ne

1786 4152 2132 4206 dilectionem
2163 4163 2403 4222 vestram
2437 4153 2488 4206 in
2522 4168 2641 4208 mea
2670 4153 3044 4222 disputatione
3073 4154 3356 4222 immorer,

1784 4223 1912 4290 quid
1943 4223 2008 4276 de
2032 4223 2135 4277 hac
2163 4222 2352 4277 ltzeresi
2380 4221 2653 4277 Philaster
2705 4221 2926 4279 in’libro
2957 4239 3119 4292 quem
3147 4224 3224 4279 De
3252 4228 3360 4279 ha:-

1784 4292 1985 4363 resibus
2012 4294 2252 4362 scripsit,
2285 4294 2510 4359 dixerit,
2547 4302 2862 4363 cognoscat,
2893 4294 3050 4361 cuius
3081 4295 3195 4349 haec
3229 4306 3359 4351 sunt

1785 4362 1982 4416 verba:
2023 4380 2043 4414 ε
2083 4363 2223 4417 Sunt
2248 4363 2509 4428 haeretici,
2542 4362 2633 4432 qut
2657 4364 2846 4418 dicunt
2877 4364 3162 4419 Dominum
3191 4365 3244 4420 in
3273 4365 3360 4419 in—

1789 4448 1809 4481 c
1833 4433 2043 4487 l'ernum
2064 4435 2502 4497 descendisse,ct
2520 4434 2771 4489 omnibus
2798 4443 2919 4502 post
2935 4442 3162 4488 mortem
3188 4436 3357 4492 etiam

1790 4517 1808 4551 ι
1835 4502 2032 4557 ibidem
2076 4518 2136 4559 se
2164 4503 2467 4569 nuntiasse,
2499 4514 2559 4557 ut
2583 4505 2906 4558 conﬁtentes
2931 4504 3298 4560 salvarentnr.
3330 4526 3353 4559 ι

94 4570 348 4625 conatur.
386 4570 644 4625 Primum
696 4580 878 4643 autem
928 4572 1224 4640 Scriptum
1262 4573 1630 4628 testimonium
1660 4610 1677 4635 ,
1711 4575 1757 4632 D
1782 4571 1927 4626 Inter
1966 4575 2202 4629 haireses
2234 4588 2453 4643 quoque
2495 4576 2742 4628 eamdem
2777 4574 3087 4641 Opinionem
3137 4577 3211 4630 ita
3267 4594 3357 4632 re-

90 4643 245 4762 paulo
266 4643 443 4697 aliter
456 4656 628 4711 quam
652 4656 720 4695 ex
744 4642 1095 4710 Septuaginta
1121 4643 1585 4712 interpretatione,
1609 4656 1677 4696 ex

120 4713 204 4762 obi
232 4713 384 4762 libro
409 4713 769 4762 desntnntnnt
795 4724 881 4762 est
899 4712 968 4762 ⁵³.
998 4725 1107 4762 auo
1142 4713 1407 4762 infernus.
1441 4717 1540 4762 hoc
1573 4722 1677 4762 est.

120 4713 204 4766 obi
232 4713 384 4768 libro
409 4713 769 4781 desumptum
795 4712 968 4777 est”,
998 4725 1107 4781 quo
1142 4713 1408 4779 infernus,
1440 4717 1540 4768 hoc
1573 4722 1677 4775 est,

92 4790 143 4835 ut
167 4794 327 4853 putat
358 4780 631 4838 Clemens
654 4822 671 4847 ,
705 4798 809 4836 non
838 4782 1012 4846 locus,
1043 4785 1138 4839 sed
1170 4785 1207 4838 ii
1241 4786 1334 4853 qui
1377 4787 1432 4838 in
1462 4780 1678 4837 inferno

90 4864 258 4923 erant,
291 4867 502 4908 vocem
548 4855 921 4922 virtutemque
948 4854 1153 4909 Christi
1192 4854 1463 4910 audivisse
1492 4854 1681 4923 perhi-

88 4922 300 4995 bentur.
333 4924 468 4977 Alia
501 4938 635 4995 vero
664 4923 973 4995 testimonia
1007 4924 1095 4995 ille
1132 4925 1402 4995 depromit
1447 4922 1680 4995 praeser-

89 4992 178 5047 tim
215 5009 285 5047 ex
318 4994 640 5061 Evangelia
663 5032 678 5056 ,
728 4994 815 5046 ubi
850 5004 970 5060 post
999 4992 1218 5049 Christi
1236 4992 1466 5051 mortem
1510 4997 1681 5048 multa

87 5076 441 5120 mortuorum
487 5066 773 5118 hominum
806 5077 1031 5131 corpora
1055 5102 1073 5128 ,
1122 5082 1141 5115 ι
1173 5074 1234 5118 ut
1263 5066 1330 5119 ad
1372 5065 1674 5126 meliorem,

86 5130 286 5201 inquit,
334 5135 531 5188 locum
562 5152 586 5187 ι
628 5130 1060 5190 transferrentur
1086 5175 1102 5202 ,
1135 5137 1509 5191 resurrexisse
1542 5135 1676 5204 legi-

84 5218 219 5260 nius.

145 5275 285 5333 Tum
331 5277 546 5332 deinde
588 5275 733 5329 hanc
783 5273 1092 5343 opinionem
1128 5290 1283 5330 suam
1335 5274 1443 5331 alio
1474 5274 1675 5346 duplici

82 5347 408 5403 testimonio
456 5346 766 5403 connititur
795 5346 1039 5400 stabilire
1072 5356 1126 5401 et
1169 5346 1525 5402 corroborare
1555 5363 1574 5413 ;
1609 5362 1676 5400 ac

1780 4653 1972 4714 cepset
1993 4645 2330 4714 Augustinus
2353 4646 2396 4676 ⁸⁵
2422 4663 2435 4699 :
2460 4661 2481 4695 ε
2508 4644 2652 4707 Alia,
2676 4644 2876 4710 inquit,
2897 4646 3257 4701 descendente
3290 4650 3358 4703 ad

1781 4710 1990 4773 inferos
2030 4710 2291 4779 ChriSto,
2343 4716 2641 4770 credidisse
2690 4714 3033 4782 incredulos,
3078 4726 3135 4770 et
3162 4732 3355 4772 omnes

1782 4784 1981 4856 exinde
2005 4785 2287 4856 existimat
2324 4785 2603 4840 liberatos.
2634 4801 2653 4835 ι
2696 4783 3038 4855 Quapropter
3070 4800 3354 4856 postquam

1785 4853 1877 4907 ille
1906 4855 2080 4919 hanc,
2116 4854 2258 4909 sicut
2285 4864 2338 4909 et
2364 4856 2712 4924 superiorem
2746 4853 3358 4921 Clenrentis,’aliorum-

1783 4938 1890 4993 que
1916 4928 2241 4996 sententiam
2270 4926 2323 4978 in
2354 4941 2455 4982 sua
2484 4926 2551 4980 ad
2580 4925 2842 4979 Evodium
2865 4924 2912 4965 ⁸³
2941 4925 3173 4996 epistola
3200 4940 3358 4996 egre-

1786 4996 1874 5061 gie
1925 4994 2262 5057 c0nfutavit,
2320 5013 2341 5047 ι
2392 5010 2789 5064 erroneatnque
2843 5014 2864 5046 ι
2908 4994 3028 5048 εεέθ
3072 4994 3354 5060 convicit,

1782 5065 1910 5133 quid
1935 5064 2205 5118 catholica
2233 5066 2365 5119 ﬁdes
2398 5066 2817 5134 praescripserit,
2854 5065 2940 5119 his
2964 5064 3200 5134 explicat
3227 5081 3355 5119 ver-

1784 5135 1868 5189 bis
1901 5151 1915 5189 :
1957 5153 1977 5185 ι
2013 5134 2375 5200 Quamobrem
2407 5147 2690 5189 teneamus
2722 5136 3032 5189 ﬁrmissime
3057 5137 3200 5203 quod
3223 5135 3360 5190 ﬁdes

1785 5205 1952 5259 habet
1980 5205 2363 5259 fundatissima
2392 5206 2725 5259 auctoritate
2744 5205 2982 5274 ﬁrmata.
3014 5242 3028 5257 .
3062 5243 3076 5274 ._
3102 5243 3118 5260 .
3152 5205 3207 5258 In
3236 5208 3360 5274 qui-

1785 5275 1887 5346 bus
1916 5276 2080 5330 etiam
2109 5275 2209 5329 hoc
2238 5284 2341 5337 est,
2366 5274 2514 5346 quod
2537 5276 2679 5342 apud
2713 5271 2914 5328 inferos
2932 5272 3032 5328 luit
3057 5271 3354 5346 (Christus)

1786 5345 2088 5416 solutisque
2120 5358 2308 5399 eorum
2346 5343 2657 5410 doloribus,
2697 5346 2897 5414 quibus
2943 5343 3075 5399 eum
3100 5354 3220 5399 erat
3250 5343 3356 5399 int-

144 5619 188 5655 "
213 5621 444 5674 Strom.
480 5616 517 5671 l.
554 5630 651 5688 nt,
692 5627 746 5681 p.
767 5613 898 5688 μβ.
973 5615 1019 5688 ξε
1047 5615 1141 5688 lib.
1166 5631 1199 5667 v
1224 5613 1426 5672 Strom.
1457 5614 1720 5688 pag._580
1749 5628 1802 5671 et
1841 5616 1975 5673 590.
2052 5616 2096 5667 ⁸2
2130 5616 2168 5670 l.
2200 5631 2275 5676 tv.
2305 5630 2358 5685 p.
2389 5615 2516 5674 539.
2572 5616 2641 5688 7“
2675 5615 2714 5671 l.
2752 5633 2831 5680 vt,
2862 5632 2916 5687 p.
2942 5586 3070 5670 6M.
3149 5614 3191 5646 ⁸¹
3220 5612 3357 5688 ibid.

80 5701 128 5789 ρ.
156 5691 255 5747 ϐὃι
294 5700 357 5744 et.
393 5703 521 5773 seq;
598 5685 647 5717 "
679 5686 881 5766 p.658.
954 5685 1001 5718 ⁸³
1040 5686 1140 5741 Job
1187 5702 1378 5751 xxvnt,
1406 5685 1497 5740 ‘22.

106 5759 251 5789 s:t.;.l
341 5778 376 5789 ,ι
452 5757 561 5789 cur
649 5755 691 5784 ⁸⁸1
723 5758 900 5789 stu-nm
960 5756 970 5789 Ι
1033 5772 1066 5789 η
1128 5772 1159 5789 η
1233 5758 1338 5789 ’κἰο
1461 5759 1497 5789 tit

106 5759 304 5823 ‘ihid.,
341 5778 401 5830 p.
452 5755 593 5830 6ἷᾷξίζ
649 5755 924 5830 "uStrom.
960 5756 994 5810 Ι.
1032 5772 1092 5818 ιι,
1128 5772 1181 5825 p.
1233 5758 1361 5813 379.

1461 5759 1510 5791 ⁵⁸
1541 5773 1660 5826 sup.
1700 5760 1735 5810 l.
1778 5775 1793 5811 ι
1829 5757 2033 5826 Appar.
2064 5757 2278 5812 dissert.
2314 5758 2369 5820 ι.
2402 5770 2505 5813 art.
2544 5758 2637 5813 18.

1575 5685 1619 5718 ⁸⁵
1647 5688 1679 5739 1ε

1816 5703 1893 5750 xi,
1926 5691 1990 5753 7;
2041 5704 2196 5754 xuii,
2221 5689 2316 5758 20.
2392 5690 2438 5720 ³⁵
2469 5687 2606 5756 psal.
2655 5703 2733 5753 1x,
2785 5685 2878 5749 ως
2910 5689 3103 5758 ίϋλει
3135 5701 3227 5750 xv,
3264 5686 3355 5739 11.

2733 5760 2779 5791 αθ
2813 5761 2993 5822 ΙἾιωιη
3030 5757 3195 5823 Bibl.,
3231 5759 3353 5808 cod.

80 5844 279 5906 ccxxii,
314 5823 453 5898 pag.
476 5823 740 5906 Δ6Ξ8.“⁶³ξ
774 5823 1220 5906 Αιιιιξνιλτψ-ριέιιη
1245 5828 1535 5906 ευςιιχζλὸΰ,
1570 5823 1773 5906 11:437.
1814 5823 1951 5906 ine.
1985 5845 2016 5882 v
2048 5829 2218 5906 Epist.
2247 5833 2319 5906 ad
2345 5833 2535 5897 ιίυιιιο,
2566 5846 2617 5885 v.
2661 5830 2746 5886 15;
2824 5831 2865 5861 ⁶¹
2888 5829 3118 5906 Cregor.
3148 5828 3354 5896 Magn.»

80 5900 115 5950 ι.
145 5915 220 5967 vt,
240 5895 425 5972 ψὶδιῖ
468 5904 554 5952 to.
634 5895 683 5927 ”
703 5897 863 5964 Aug.,
889 5897 927 5953 l.
960 5896 1032 5953 De
1061 5902 1276 5965 naues,
1306 5900 1334 5970 ᾗ
1366 5899 1454 5953 ῑ9.

1569 5900 1613 5931 ⁸⁸
1642 5903 1805 5969 epist.
1846 5899 1970 5966 ibi,
2009 5903 2074 5955 ad
2113 5901 2279 5962 Fvod.
