3840 6542
523 387 657 444 “39

1152 380 1223 436 ΙΝ
1259 379 1686 439 CLEMENTEM
1728 378 1934 434 ALEX.
1968 378 2033 435 D.
2069 377 2157 432 LE
2194 375 2484 434 NOURBY
2523 373 2982 433 DlSSERTATlO
3019 376 3084 434 ll.

3597 378 3712 434 tuo

521 517 714 578 aperta
749 513 897 578 sunt,
919 511 977 560 ut
1005 504 1046 559 ii
1073 503 1244 560 etiam
1293 505 1386 578 qui
1439 517 1568 578 erga
1605 503 1952 578 Clementem.
1991 515 2095 578 no:
2124 505 2170 562 Α
2201 498 2578 578 nostrumsibi
2611 512 2832 578 semper
2861 512 2968 552 non
2997 495 3306 578 constitisse
3325 504 3430 578 ,ει¹
3447 494 3608 577 libero
3629 498 3712 552 lio-

521 569 696 632 sirum
729 569 953 630 minime
986 589 1262 644 propenso
1288 569 1469 630 allecti
1494 569 1621 630 sunt
1673 576 1879 644 animo,
1929 569 2088 644 {alteri

521 656 792 718 cogantur
839 645 912 700 ibi
951 642 1021 718 ab
1050 642 1169 714 ipso
1199 645 1631 718 vere‘agnitam_
1655 643 1853 702 divina:
1901 642 2092 718 gratiae

523 711 774 772 ad'bene
817 711 1087 785 agendum
1140 711 1546 770 necessitatem.
1589 712 1660 769 Et
1705 721 1858 785 certe
1912 711 2092 785 nullus

521 786 776 855 profecto
803 781 889 840 es't
919 795 1030 839 tam
1063 785 1233 855 hebes
1257 795 1314 839 et
1337 785 1538 855 tardus
1563 821 1580 848 ,
1621 781 1715 855 qui
1767 796 1876 836 non
1910 781 2090 855 videat

523 851 691 923 quam
725 854 875 910 clare
903 863 958 908 et
987 853 1276 924 perspicue
1316 854 1512 924 divinae
1557 851 1762 924 gratias
1788 851 2092 924 necessitas

523 921 591 980 ac
617 926 786 980 libera
816 921 1054 980 hominis
1082 921 1204 994 cum
1229 939 1290 980 ea
1325 923 1534 994 agentis
1558 921 1804 994 operatio
1825 921 2026 981 ibidem
2059 935 2091 975 a

523 994 804 1050 Clemente
832 1004 1018 1051 nostro
1042 993 1362 1062 explicetur.

596 1065 739 1132 Quid
804 1075 1077 1136 praeterea
1115 1060 1267 1136 quod,
1327 1065 1479 1119 πᾶσα
1528 1062 1768 1136 ὠφέλειᾳ
1818 1060 2089 1136 βιωτική)

527 1152 551 1190 ι
587 1136 770 1190 omnis
788 1133 820 1199 ,⁷
846 1134 1106 1204 inquit".
1138 1133 1382 1199 utilitas,
1433 1149 1558 1202 quae
1589 1135 1656 1187 ad
1706 1133 1874 1185 vitam
1923 1133 2092 1204 perti-

525 1213 641 1269 net,
674 1223 694 1257 ι
729 1205 832 1259 Ιιοε
877 1203 963 1258 est
993 1204 1243 1273 quzrlibet
1273 1205 1507 1259 hominis
1535 1205 1700 1268 actio,
1741 1217 1862 1270 qua:
1899 1203 1968 1256 ad
2003 1203 2090 1257 vi-

526 1288 638 1329 tam
684 1284 942 1329 aeternam
996 1275 1414 1343 promerendam
1465 1273 1616 1328 utilis
1641 1281 1746 1337 est,
1783 1287 2090 1343 «suprema

525 1346 745 1414 quidem
777 1341 1011 1414 ratione
1041 1360 1070 1397 a
1119 1343 1232 1414 Deo
1281 1345 1684 1414 omnipotente,
1735 1341 1828 1412 qui
1880 1351 2092 1414 praeest

526 1411 818 1481 omnibus,
844 1413 1039 1476 Patre,
1073 1413 1356 1484 perﬁcitur
1388 1411 1484 1480 per
1527 1413 1724 1484 Filium
1750 1453 1767 1477 ,
1799 1412 1892 1480 qui
1925 1411 2091 1484 etiam

524 1493 817 1554 propterea
855 1492 939 1538 est
965 1481 1214 1540 servator
1240 1485 1504 1554 omnium,
1550 1483 1724 1549 inquit
1759 1481 2088 1554 Apostolus,

525 1553 762 1608 maxime
799 1561 979 1610 autem
1009 1554 1271 1608 ﬁdelium.
1319 1573 1339 1605 ι
1379 1553 1662 1620 Quomodo
1697 1561 1878 1604 autem
1911 1553 2094 1606 omnis

450 1637 460 1648 λ
527 1623 620 1677 illa
655 1622 885 1688 utilitas,
915 1638 1012 1678 seu
1038 1625 1174 1678 bona
1202 1625 1346 1678 actio
1370 1639 1400 1676 a
1427 1625 1538 1678 Deo
1577 1623 1740 1677 Patre
1765 1635 1862 1688 per
1893 1621 2091 1676 Filium

527 1691 829 1764 perﬁcitur,
881 1693 987 1748 nisi
1043 1693 1304 1749 interiore
1357 1701 1412 1748 et
1464 1694 1646 1764 divina
1705 1691 1850 1746 illius
1890 1692 2090 1760 gratia,

525 1763 657 1832 sine
683 1778 788 1832 qua
813 1764 975 1819 homo
999 1764 1131 1818 nihil
1163 1764 1289 1817 boni
1337 1772 1392 1818 et
1441 1763 1508 1818 ad
1555 1772 1817 1818 aeternam
1859 1764 2089 1818 salutem

525 1831 883 1902 conducentis
907 1833 1084 1888 facere
1115 1848 1353 1902 unquam
1380 1833 1593 1902 potest?

595 1901 759 1974 Plura
788 1901 832 1957 si
865 1903 1044 1974 adhuc
1065 1901 1394 1974 desideres,
1416 1919 1480 1958 ea
1500 1943 1516 1968 ,
1549 1916 1767 1974 quaso,
1795 1901 2085 1974 diligenter

525 1971 765 2041 attende,
799 1987 919 2041 qua:
941 1973 1009 2027 ab
1035 1987 1100 2028 eo
1129 1972 1257 2027 alibi
1311 1974 1532 2041 scriptis
1568 1971 1779 2028 tradita
1831 1971 1962 2028 sunt
1987 1973 2035 2004 ὀ
2065 1990 2082 2028 :

529 2057 553 2094 ι
579 2039 942 2108 Clarttmest,
973 2043 1188 2106 aiebat,
1229 2044 1372 2110 quod
1424 2039 1620 2097 bonam
1656 2042 1895 2111 ipsorum
1929 2051 2087 2096 natu-

529 2127 644 2164 ram
667 2123 724 2166 et
755 2121 1005 2168 sanctum
1035 2113 1342 2168 institutum
1371 2113 1645 2168 honoratis
1664 2151 1680 2177 ,
1716 2112 1784 2167 iis
1827 2113 1916 2180 qui
1949 2113 2086 2167 bene

527 2182 718 2237 vivere
764 2183 1200 2247 constituerunt,
1237 2183 1384 2236 vires
1437 2183 1669 2250 inspirat
1717 2187 1784 2237 ad
1815 2183 2084 2250 reliquam

528 2251 783 2322 salutem,
816 2253 956 2308 alios
982 2252 1197 2322 quidem
1225 2253 1400 2308 solum
1423 2253 1742 2319 adhortans,
1779 2253 1902 2307 aliis
1930 2267 2082 2320 vero,

527 2321 622 2392 qui
647 2336 713 2376 ex
754 2337 816 2376 se
839 2322 985 2391 digni
1008 2321 1340 2390 evaserunt,
1366 2337 1524 2392 opem
1562 2322 1855 2377 [ει-θυεμ...
1880 2322 2084 2388 Quem-

451 2452 461 2463 η
529 2391 820 2463 admodum
843 2403 1024 2446 autem
1052 2393 1294 2463 medicus
1319 2391 1523 2463 praebet
1569 2393 1856 2463 sanitatem
1894 2392 1962 2447 iis
1993 2393 2084 2461 qui

526 2476 688 2530 opem
711 2461 762 2516 ei
799 2461 977 2516 ferunt
1007 2462 1075 2516 ad
1108 2463 1394 2517 sanitatem
1415 2503 1432 2530 ,
1461 2461 1537 2516 ita
1565 2463 1726 2516 etiam
1763 2462 1903 2518 Deus
1926 2473 2088 2517 nitere

527 2547 656 2586 natn
710 2531 940 2587 salutem
983 2533 1064 2586 eis
1097 2533 1190 2601 qui
1236 2547 1392 2602 opem
1432 2533 1508 2586 illi
1550 2533 1756 2596 ferunt,
1785 2543 1988 2587 etcum
2021 2547 2087 2586 eo

528 2612 896 2670 cooperantur
918 2607 982 2655 ad
1003 2603 1369 2672 cognitionem
1395 2612 1451 2658 et
1471 2605 1536 2658 ad
1562 2605 1733 2658 bonas
1754 2605 2019 2657 actiones.
2061 2622 2080 2655 ι

526 2673 600 2726 At
645 2673 901 2728 observes
942 2671 1105 2726 velim
1158 2675 1350 2728 horum
1399 2673 1690 2728 Clementis
1737 2673 2027 2727 verborum
2064 2689 2082 2730 :

533 2758 556 2794 ι
597 2739 701 2808 Qui
731 2755 796 2796 ex
833 2741 1082 2812 se‘digni
1129 2753 1440 2812 evaserunt,
1476 2763 1496 2797 ι
1529 2758 1651 2797 ειιιιι
1675 2758 1782 2798 non
1809 2756 1932 2797 esse
1961 2757 2088 2796 sen-

527 2825 648 2882 sum
671 2851 687 2876 ,
719 2812 788 2866 iis
816 2827 846 2866 a
896 2809 1017 2866 Deo
1034 2826 1193 2881 opem
1242 2811 1400 2879 l‘erri,
1436 2813 1528 2882 qui
1559 2831 1579 2864 ι
1618 2827 1685 2868 ex
1717 2827 1798 2878 se,
1835 2830 1855 2864 ι
1893 2827 1989 2868 seu
2019 2829 2088 2869 ex

528 2881 663 2953 solis
693 2889 902 2936 natura:
935 2895 1047 2953 suae
1074 2882 1299 2953 viribus,
1339 2883 1434 2938 sed
1456 2881 1560 2953 qui
1597 2900 1616 2935 ι
1650 2897 1720 2938 ex
1759 2897 1819 2938 se
1840 2921 1857 2946 ,
1893 2901 1914 2936 ι
1963 2898 2086 2937 cum

528 2950 713 3024 divina
738 2953 932 3022 gratia,
949 2951 1036 3024 uti
1055 2951 1258 3024 dictum
1285 2950 1650 3024 est,agéntes,
1673 2963 1734 3024 et
1755 2953 1893 3024 bona
1919 2966 2088 3022 opera

528 3019 828 3078 eﬂicienies
862 3040 882 3073 ι
928 3021 1076 3090 digni
1120 3019 1492 3077 evaseruntfi
1529 3023 1604 3077 lbi
1638 3019 1788 3078 enim
1835 3019 2088 3078 Clemens

528 3093 652 3162 deft
684 3094 958 3162 gnostico,
992 3109 1015 3162 ι
1051 3105 1147 3146 seu
1185 3092 1422 3162 perfecto
1477 3093 1784 3148 Christiano
1825 3093 2087 3162 loquitur,

529 3161 623 3229 qui
657 3161 762 3216 non
793 3163 966 3216 solum
990 3161 1164 3230 justus
1190 3173 1276 3217 est
1304 3163 1570 3217 habituali
1595 3203 1612 3226 ,
1639 3173 1699 3216 nt
1734 3161 2090 3230 aiunt,justi-

527 3231 628 3296 tia,
657 3235 752 3286 sed
785 3233 876 3300 qui
917 3233 1080 3286 etiam
1129 3233 1395 3288 maximos
1427 3234 1483 3288 iu
1528 3233 1838 3288 Christiana
1886 3235 2088 3287 virtute

529 3299 658 3373 fecit
709 3299 1050 3373 progressus.
1105 3301 1444 3372 QuaprOpter
1516 3305 1713 3358 ibidem
1764 3300 2030 3373 adjecit”
2070 3317 2090 3361 :

533 3389 553 3422 ι
588 3369 744 3425 Hunc
769 3369 990 3441 quoque
1029 3372 1174 3444 Deus
1216 3369 1436 3439 adjuvat
1484 3369 1866 3444 propinquiore
1907 3373 2091 3431 hono-

528 3455 660 3495 rans
685 3445 989 3499 curatione.
1045 3461 1065 3496 ι
1115 3443 1319 3510 Aperte
1365 3444 1530 3509 igitur
1573 3443 1731 3498 docet
1777 3443 2024 3498 Clemens
2041 3448 2090 3481 θ’

529 3511 873 3582 hominesnt
908 3513 1044 3582 bene
1067 3521 1232 3578 agant
1255 3527 1284 3564 a
1332 3510 1444 3568 Deo
1480 3513 1720 3582 adjuvari
1765 3528 1873 3567 nou
1911 3517 2086 3568 solum

528 3581 1032 3646 adhortationibus,
1053 3596 1150 3636 seu
1183 3591 1409 3636 externa
1443 3581 1620 3650 aliqua
1643 3623 1659 3648 ,
1689 3597 1882 3637 verum
1915 3584 2090 3638 etiam

528 3649 792 3705 interiore
816 3651 993 3720 gratia
1018 3691 1034 3718 ,
1081 3664 1238 3720 opem
1281 3653 1388 3707 illis
1434 3649 1680 3717 ferendo,
1709 3653 1780 3706 ita
1808 3663 1986 3709 tamen
2029 3663 2090 3708 ut

529 3734 654 3794 cum
681 3721 801 3794 illo,
822 3723 1293 3794 tanquamia-groti
1345 3737 1466 3776 cum
1507 3724 1737 3787 medico,
1764 3721 2088 3794 συνεργοῦσι

529 3788 900 3864 πρὸςγγνῶσίν
923 3788 984 3843 τε
1020 3793 1119 3864 καὶ
1157 3788 1487 3864 ἒύπραγίαν,
1539 3810 1558 3845 t
1611 3788 1971 3864 conpetenter
2018 3797 2086 3850 ad

529 3863 900 3919 connitionent
930 3871 986 3916 et
1015 3863 1185 3918 bonas
1213 3863 1476 3919 actiones.
1517 3882 1537 3915 ι

650 3931 848 4004 enique
891 3932 1224 4004 paulorante
1257 3933 1473 3988 dixerat
1520 3932 1770 4004 eumdem
1805 3950 1825 3984 ι
1874 3934 2084 4004 ειιοειίο

527 4015 676 4063 cum,
717 4021 738 4054 ι
767 4001 981 4057 etiamsi
1013 4003 1079 4058 ad
1108 4019 1377 4057 summum
1409 4003 1788 4058 conscenderit
1816 4001 2083 4072 cognitio-

525 4071 615 4126 nis
643 4073 852 4142 apicem
877 4112 893 4136 ,
935 4088 965 4128 a
995 4072 1101 4128 Deo
1149 4083 1328 4128 tamen
1375 4073 1650 4142 postulare
1676 4113 1692 4138 ,
1731 4085 1792 4128 ut
1841 4071 2085 4129 content-

524 4141 696 4212 platio
727 4153 1013 4212 augeatur,
1043 4152 1099 4198 et
1122 4143 1176 4197 in
1203 4141 1410 4216 virtute
1429 4153 1482 4199 et
1502 4143 1712 4216 justitia
1736 4159 2084 4216 semperma-

528 4221 658 4266 neat
682 4222 738 4267 et
755 4223 1064 4280 perseveret
1094 4231 1109 4267 :
1142 4232 1161 4265 ι
1189 4213 1291 4280 Qui
1334 4213 1516 4270 autem
1555 4215 1620 4267 ad
1657 4213 1927 4268 summum
1969 4213 2082 4281 jam

527 4283 778 4355 pervenit
805 4283 1134 4352 cognitionis
1160 4285 1387 4354 gradum
1407 4325 1422 4350 ,
1447 4293 1701 4355 precatur
1733 4295 1790 4338 ut
1836 4293 2082 4338 contem-

525 4351 702 4424 platio
721 4351 985 4424 augeatur
1012 4363 1069 4408 et
1097 4351 1416 4423 permaneat
1435 4351 1464 4419 ;”
1496 4356 1640 4424 sicut
1669 4356 1764 4424 qui
1796 4363 1880 4408 est
1918 4355 2082 4409 homo

527 4423 796 4494 vulgaris,
828 4431 886 4476 ut
914 4422 1000 4494 sit
1037 4422 1298 4494 perpetuo
1347 4439 1532 4480 sanus.
1590 4422 1712 4480 Jam
1759 4438 1890 4478 vero
1933 4434 2084 4493 petet

526 4492 694 4546 etiam
722 4501 840 4564 uta
875 4493 1072 4547 virtute
1097 4492 1371 4564 nunquam
1394 4494 1631 4560 excidat,
1667 4495 1903 4549 maxime
1930 4492 2084 4562 adju-

2198 569 2364 624 minis
2391 568 2616 623 arbitrio
2644 565 2764 637 plus
2802 582 2964 636 quam
3019 583 3120 636 par
3163 576 3283 622 erat
3343 565 3604 632 tribuisse,
3642 579 3712 618 at-

2191 654 2298 706 que
2343 639 2479 693 adeo
2519 637 2669 692 illum
2729 637 2928 692 divina:
2981 638 3172 708 gratia:
3221 637 3588 692 necessitatem
3611 637 3712 708 ali-

2190 705 2410 777 quando
2440 707 2723 770 minuisse,
2747 722 2812 762 ac
2839 723 2871 762 e
2893 705 3070 762 medio
3091 717 3302 777 tantum
3329 722 3436 761 non
3465 705 3712 777 sustulisse

2189 775 2456 833 audacter
2490 786 2772 832 accusant.
2812 777 3004 834 Utrum
3044 787 3225 832 autem
3251 775 3402 844 iusta
3432 775 3514 830 vel
3543 775 3710 844 iniusta

2190 848 2259 903 sit
2289 848 2404 903 hzec
2439 847 2737 918 accusatio,
2767 863 2916 902 nunc
2945 847 3379 918 investigandum
3410 855 3511 918 est.

2259 918 2318 972 ln
2347 933 2456 988 quo
2503 916 2693 988 itaque
2722 918 2904 988 situm
2948 919 3018 972 sit
3059 914 3288 988 liberum
3328 915 3558 988 hominis
3585 914 3708 988 arbi-

2193 984 2382 1054 trium,
2411 1001 2505 1043 seu
2529 984 2766 1041 hominis
2797 987 3044 1052 libertas,
3077 987 3158 1042 sic
3181 985 3434 1041 Clemens
3455 984 3710 1040 deﬁnit”:

2197 1076 2218 1110 ι
2257 1057 2312 1112 ld
2337 1065 2424 1112 est
2451 1059 2506 1112 in
2527 1066 2712 1111 nostra
2743 1067 3017 1125 potestate
3037 1101 3052 1124 ,
3082 1057 3236 1125 cujus
3277 1070 3344 1110 ex
3385 1070 3532 1124 aequo
3555 1071 3712 1110 sumus

2191 1127 2420 1189 domini,
2469 1142 2590 1181 cum
2630 1141 2696 1182 eo
2748 1128 2891 1195 quod
2933 1127 2980 1182 ei
3012 1134 3360 1191 adversatur,
3401 1135 3460 1178 nt
3502 1126 3710 1195 philoso-

2192 1197 2373 1266 phari,
2401 1196 2490 1252 vel
2518 1210 2623 1250 non
2647 1213 2664 1262 ;
2695 1207 2750 1251 et
2768 1193 3022 1260 credere,
3040 1207 3095 1252 et
3119 1210 3225 1250 non
3251 1196 3494 1251 credere.
3519 1193 3612 1251 Per
3629 1197 3712 1251 hoc

2193 1281 2360 1338 ergo,
2397 1267 2538 1338 quod
2573 1281 2763 1322 sumus
2801 1281 2961 1338 teque
3005 1266 3614 1338 participesutriusqne
3633 1282 3710 1320 eo-

2195 1335 2336 1400 rum,
2361 1335 2644 1404 quaeinter
2663 1351 2721 1391 se
2747 1335 3128 1402 adversantur,
3153 1335 3426 1390 invenitur
3449 1335 3554 1390 lieri
3584 1350 3712 1404 posse

2193 1407 2246 1461 id
2277 1409 2419 1476 quod
2446 1415 2530 1461 est
2565 1405 2620 1460 in
2647 1417 2832 1460 nostra
2874 1416 3166 1476 potestate.
3205 1406 3511 1472 Quinetiam
3539 1421 3712 1474 praece-

2191 1485 2285 1546 pta
2298 1475 2567 1546 ejusmodi
2591 1491 2620 1530 a
2645 1477 2800 1532 nobis
2826 1475 3052 1546 possunt
3075 1477 3216 1541 ﬁeri,
3245 1485 3301 1532 et
3327 1491 3433 1530 non
3466 1475 3592 1540 ﬁeri,
3615 1491 3713 1544 quae

2193 1557 2615 1602 consentaneum
2641 1556 2725 1600 est
2762 1556 2822 1600 ut
2869 1557 3242 1616 consequatur
3279 1547 3399 1601 laus
3441 1556 3494 1600 et
3529 1547 3710 1614 vitupe-

2194 1618 2370 1687 ratio;
2399 1625 2454 1671 et
2486 1616 2580 1687 qui
2613 1631 2802 1672 rursus
2831 1617 3125 1686 puniuntur
3161 1627 3385 1686 propter
3411 1630 3500 1680 ea,
3526 1631 3632 1687 quae
3653 1617 3712 1672 ab

2193 1686 2330 1758 ipsis
2358 1685 2597 1758 admissa
2633 1698 2761 1742 sunt
2805 1685 3051 1758 peccata,
3084 1685 3310 1758 propter
3338 1687 3454 1758 ipsa
3500 1685 3600 1740 sola
3633 1701 3714 1758 pu-

2195 1757 2438 1810 niuntur.
2473 1775 2492 1808 ι
2526 1756 2602 1810 lbi
2641 1756 3060 1812 certe'hominis
3089 1757 3394 1811 libertatem
3436 1757 3487 1811 in
3516 1771 3575 1810 eo
3593 1756 3714 1826 posi-

2197 1835 2308 1881 tam
2341 1840 2462 1882 esse
2481 1827 2632 1891 dicit,
2667 1838 2724 1880 ut
2756 1830 2928 1896 possit
2957 1828 3160 1896 aliquid
3186 1828 3372 1882 facere
3412 1827 3492 1881 vel
3526 1842 3618 1880 nou
3644 1826 3710 1878 la-

2191 1911 2339 1960 cere,
2369 1904 2424 1950 et
2450 1906 2510 1950 ut
2529 1897 2658 1967 ipse
2677 1896 2928 1953 Clemens
2953 1898 3193 1967 loquitur
3217 1937 3235 1962 ,
3265 1897 3488 1952 credere
3514 1905 3598 1950 aut
3620 1911 3712 1967 non

2187 1967 2454 2037 credere,
2491 1981 2556 2022 ac
2612 1966 2985 2037 philosophari
3025 1966 3130 2022 aut
3180 1983 3290 2022 non
3356 1966 3712 2037 philosophari.

2186 2035 2343 2108 Quod
2360 2036 2586 2108 quidem
2609 2035 2740 2090 illud
2765 2035 2942 2107 ipsum
2968 2051 3052 2093 est
3073 2079 3088 2101 ,
3115 2039 3260 2108 quod
3283 2035 3606 2108 scholastici
3631 2050 3713 2090 tto-

2187 2107 2289 2178 stri
2316 2107 2628 2178 libertatem
2663 2106 3114 2164 contradictionis
3132 2106 3434 2178 appellant.

2257 2176 2394 2249 Quid
2412 2177 2665 2249 sitetiam
2688 2178 3072 2244 voluntarium,
3096 2176 3454 2249 ipsequoqne
3489 2177 3563 2231 sic
3581 2190 3714 2249 enar-

2188 2247 2340 2318 rat“
2370 2264 2393 2318 :7
2428 2267 2446 2298 ι
2491 2247 2862 2318 Yoluntarium
2894 2261 2998 2314 est,
3028 2247 3275 2318 vel‘quod
3311 2259 3396 2318 est
3442 2264 3508 2306 ex
3534 2247 3711 2318 appetig

2187 2317 2356 2381 tione,
2381 2317 2543 2388 179
2570 2319 2651 2372 vel
2679 2320 2823 2383 quod
2844 2333 2912 2374 ex
2949 2315 3202 2372 instituto
3230 2333 3295 2372 ac
3329 2315 3712 2388 electione,_vel

2187 2389 2329 2460 quod
2349 2386 2422 2441 ex
2442 2386 2770 2460 cogitatione
2793 2405 2815 2443 ε
2857 2408 2877 2442 ι
2910 2388 2974 2460 τὸ
3003 2389 3059 2442 δὲ
3078 2388 3325 2460 ἐκούσιᾳν
3352 2387 3385 2460 ἦ
3410 2388 3470 2460 eo
3493 2387 3599 2460 nos”
3619 2386 3717 2458 δρε-

2187 2455 2270 2521 ξιν
2290 2459 2476 2532 ἐστιν,
2558 2458 2624 2532 τε
2643 2457 3130 2532 κατὰπροαίρεσιν
3152 2499 3166 2525 ,
3191 2461 3229 2531 ἢ
3248 2459 3314 2532 τὸ
3337 2455 3478 2512 κὰτὰ
3493 2455 3710 2532 mea,

2186 2531 2257 2600 At
2280 2526 2545 2600 Clemens
2575 2531 2659 2584 his
2692 2526 2873 2600 verbis
2919 2526 3098 2600 potius
3147 2526 3293 2586 unde
3327 2539 3382 2584 et
3409 2545 3504 2584 cur
3533 2529 3712 2600 aliquid

2187 2597 2259 2652 sit
2281 2599 2648 2671 voluntarium
2683 2597 2954 2671 explicat}
2979 2615 3143 2671 quam
3193 2611 3507 2656 accuratam
3547 2597 3712 2653 volun-

2191 2667 2314 2721 tarii
2337 2667 2712 2724 deﬁnitionem
2739 2669 2976 2726 exhibet.

2259 2738 2315 2792 In
2344 2737 2449 2793 hac
2470 2747 2649 2794 autem
2680 2741 2928 2794 humanae
2957 2742 3253 2805 libertatis,
3285 2755 3380 2795 seu
3413 2736 3560 2793 liberi
3586 2735 3712 2790 arbi-

2190 2809 2282 2862 trii
2310 2823 2374 2862 ac
2409 2809 2705 2864 voluntarii
2736 2809 3136 2879 explicatione,
3194 2812 3334 2865 nihil
3364 2810 3523 2880 plane
3547 2817 3620 2880 est
3639 2813 3716 2880 aut

2189 2893 2296 2934 non
2335 2893 2528 2933 sanum
2555 2889 2647 2932 aut
2666 2894 2774 2933 non
2807 2877 3193 2936 orthodoxnm.
3215 2877 3619 2948 Quid—igiturgiu
3642 2877 3715 2930 his

2189 2950 2522 3020 exponendis
2548 2948 2800 3004 Clemens
2831 2951 3118 3020 peccavit?
3167 2945 3311 3006 Nihil
3343 2945 3508 3006 certe.
3545 2945 3716 3020 Quarti:

2188 3015 2380 3074 ubi-ent
2421 3019 2712 3087 diligenter
2757 3015 3032 3088 expendas
3055 3023 3254 3088 velim,
3300 3021 3392 3076 ubi
3429 3018 3611 3072 morosi
3648 3015 3714 3069 illi

2191 3088 2440 3142 homines
2468 3104 2592 3142 eum
2615 3097 2788 3144 statos
2811 3105 2953 3144 vene
2981 3091 3246 3146 doctrina:
3291 3090 3494 3145 limites
3526 3096 3714 3156 praster-

2190 3173 2433 3224 gressum
2460 3173 2581 3213 esse
2609 3158 2990 3214 criminantur.
3038 3161 3209 3216 Nobis
3265 3171 3449 3215 autem
3486 3158 3713 3226 objiciunt

2195 3228 2370 3284 tribus
2401 3231 2452 3282 in
2485 3228 2634 3298 locis,
2651 3227 2854 3298 aliquid
2878 3231 3097 3285 humani
3124 3229 3278 3287 liberi
3303 3230 3514 3285 arbitrii
3541 3226 3713 3280 viribus

2193 3298 2313 3368 plus
2338 3300 2590 3368 aequoab
2623 3297 2757 3368 ipso
2777 3301 3003 3355 concedi
3038 3311 3093 3355 et
3125 3303 3378 3356 attribui.
3419 3299 3715 3368 Priinuspe-

2196 3367 2329 3437 titur
2352 3383 2422 3423 ex
2450 3367 2600 3424 illius
2628 3367 2695 3421 ad
2723 3380 2912 3437 gentes
2939 3370 3334 3434 Admonitione,
3363 3371 3454 3424 ubi
3484 3377 3592 3437 post
3619 3367 3715 3418 hac

2189 3435 2392 3514 Christi
2419 3439 2618 3514 veuba:
2657 3455 2678 3489 ι
2711 3435 2962 3514 Vestrum
3002 3449 3103 3514 est
3133 3456 3363 3514 regnum
3402 3435 3712 3514 ctelortim,t_

2192 3507 2449 3563 centinuo
2483 3507 2734 3564 Clemens
2775 3510 3104 3564 subnectit"
3137 3529 3152 3566 :
3186 3507 3222 3563 ι’
3241 3511 3488 3568 Vestrum
3523 3517 3598 3562 est
3619 3546 3633 3568 .
3675 3507 3714 3557 si

2191 3578 2391 3645 velitis,
2435 3578 2660 3633 liberam
2703 3579 2872 3634 animi
2911 3580 3246 3636 voluntatem
3303 3583 3373 3636 ad
3420 3581 3576 3634 Deum
3601 3577 3712 3630 diri-

2191 3650 2404 3717 gendo;
2433 3648 2480 3703 si
2505 3658 2715 3704 tantum
2745 3649 2941 3714 velitis,
2978 3651 3218 3719 inquam.
3253 3652 3501 3713 credere,
3522 3658 3571 3702 et
3590 3661 3716 3719 eoin-

2192 3719 2445 3786 pendium
2479 3719 2636 3788 sequi
2667 3717 3084 3788 praedicationis.
3123 3741 3144 3774 ι
3191 3721 3480 3776 Secundus
3521 3719 3570 3772 in
3599 3717 3713 3769 libro

2190 3790 2427 3861 secundo
2480 3785 2810 3861 summm
2870 3791 2944 3844 ita
2993 3792 3195 3861 legitur
3227 3792 3274 3824 “
3325 3805 3342 3844 :
3381 3808 3400 3842 ι
3437 3789 3712 3861 Nosautem

2189 3859 2280 3933 qui
2309 3858 2558 3933 liberaet
2579 3858 2824 3933 absoluta
2860 3858 3132 3933 potestate
3177 3862 3386 3929 eligere
3421 3872 3478 3933 et
3517 3859 3713 3933 vitarea

2189 3929 2420 3982 Domino
2436 3927 2642 4002 _datum
2667 3943 2798 4002 esse
2812 3931 3124 3986 hominibus
3151 3927 3510 4002 aisiiripturis
3529 3927 3716 4002 accepi-

2191 4012 2330 4070 mus.
2377 4016 2399 4049 ι
2436 3997 2655 4070 Tertius
2678 3999 2912 4070 denique
2935 4015 3002 4055 ex
3037 4003 3124 4055 his
3156 3997 3405 4070 ejusdem
3423 4001 3540 4054 libri
3565 3997 3716 4050 verbis

2190 4067 2474 4138 decerptus
2513 4068 2582 4122 ab
2605 4069 2686 4124 eis
2706 4066 2870 4122 fuit”
2905 4087 2920 4124 :
2952 4090 2971 4121 ‹
3001 4066 3248 4126 Deiectio
3271 4113 3289 4138 ,
3313 4083 3370 4125 et
3398 4081 3644 4128 recessus,
3667 4070 3714 4114 et

2191 4137 2556 4210 inobedientia
2578 4148 2708 4193 sunt
2749 4140 2800 4192 in
2840 4151 3026 4194 nostra
3061 4150 3358 4210 putestate,
3402 4141 3540 4210 sicut
3580 4145 3715 4210 etiam

2187 4216 2270 4260 est
2293 4208 2345 4260 in
2368 4218 2555 4262 nostra
2581 4216 2846 4276 potestate
2866 4208 3193 4266 obedieittia.
3218 4211 3484 4278 Quocirca
3504 4209 3718 4279 judican-

2189 4285 2290 4352 tur_
2308 4279 2476 4352 etiam
2503 4293 2635 4352 qua:
2661 4288 2789 4352 sunt
2811 4281 3132 4352 voluntaria.
3169 4300 3189 4333 ι
3305 4350 3317 4352 _
3400 4351 3405 4352 ί
3654 4341 3664 4352 ,

2259 4347 2367 4422 sed
2385 4347 2541 4416 quid,
2567 4350 2764 4422 amabo
2784 4357 2861 4422 te,
2889 4350 2973 4404 his
3005 4351 3180 4406 tribus
3211 4353 3268 4405 in
3305 4350 3458 4422 locis,
3479 4347 3716 4422 occurri}.

2187 4419 2333 4486 quod
2365 4432 2510 4472 vera:
2535 4426 2590 4472 et
2617 4419 2901 4474 catholicae
2943 4422 3007 4474 de
3042 4422 3217 4477 libero
3253 4421 3494 4476 hominis
3525 4417 3718 4486 arbitrio

2189 4485 2806 4558 doctrinmistatutisque
2832 4491 2902 4544 de
2925 4490 3017 4544 illo
3035 4491 3273 4546 decretis
3309 4500 3366 4546 et
3387 4485 3721 4544 sanctimiibus

525 4573 670 4635 Vens
689 4571 745 4616 et
771 4561 908 4614 dans
941 4577 1186 4635 operam,
1227 4557 1300 4617 ἰιι
1349 4557 1626 4635 perpetuo
1671 4573 1885 4635 maneat
1936 4557 2081 4635 ejus-
2115 4558 2160 4613 D
2189 4572 2294 4612 non
2319 4557 2403 4635 sit.
2418 4557 2578 4635 plane
2601 4557 3064 4635 conSentaueum?
3093 4559 3350 4635 Nunquid
3383 4561 3716 4635 Clemensnno-

527 4631 698 4694 modi,
725 4641 794 4701 ut
832 4644 940 4701 non
987 4634 1160 4701 possit
1185 4631 1466 4690 excidere.
1504 4653 1526 4687 ι
1578 4633 1682 4700 Qui
1721 4645 1902 4688 autem
1949 4633 2083 4687 dicit

527 4699 1004 4768 contemplationis
1030 4700 1369 4758 incrementa
1397 4720 1464 4760 ac
1501 4699 1751 4758 ultimam
1779 4704 1833 4757 in
1861 4705 2002 4758 bono
2029 4714 2086 4758 et

527 4771 734 4844 virtute
773 4772 1232 4844 perseverantiam
1277 4790 1307 4827 a
1339 4775 1446 4829 Deo
1479 4776 1590 4844 peti
1621 4784 1678 4828 et
1722 4773 1988 4844 ﬂagitari,
2037 4775 2084 4830 is

527 4849 681 4912 certe
719 4841 822 4894 hoc
849 4856 954 4894 non
991 4843 1044 4896 in
1083 4858 1181 4899 sua
1219 4841 1492 4912 potestate
1521 4845 1707 4911 situm,
1739 4841 1840 4900 sed
1872 4859 2085 4900 merum

528 4909 623 4966 Dei
651 4910 854 4966 donum
883 4921 940 4966 et
970 4913 1202 4982 gratiam
1219 4909 1351 4970 esse
1379 4917 1676 4970 existimat.

1052 5005 1448 5064 ARTICULUS
1488 5007 1549 5061 ll.

524 5093 604 5152 De
622 5095 789 5152 libero
811 5096 1038 5152 hominis
1072 5097 1323 5161 arbitrio,
1351 5109 1401 5152 et
1429 5109 1606 5152 utrum
1633 5097 1871 5154 Clemens
1903 5098 1953 5153 ei
1968 5096 2090 5168 plus

1087 5185 1238 5239 (equo
1261 5169 1520 5224 tribuerit.

593 5258 844 5316 Vidimus
899 5261 1163 5316 hactenus
1219 5277 1380 5328 quam
1437 5262 1594 5332 plene
1665 5270 2088 5331 constanterque

511 5329 803 5396 ,Clemens,
863 5331 930 5401 iis
984 5333 1150 5387 etiam
1190 5333 1283 5401 qui
1311 5332 1411 5400 ipsi
1438 5329 1668 5387 minime
1707 5332 1892 5385 favent
1943 5329 2088 5387 ultro

521 5401 861 5468 latentibus,
898 5397 1178 5472 summam
1207 5397 1405 5472 gratiae
1440 5402 2085 5472 Christiﬁnecessitatetn

524 5472 796 5538 docuerit,
824 5471 1112 5540 palamque
1133 5471 1408 5541 professus
1431 5471 1616 5526 fuerit.
1649 5471 1846 5526 Verum
1878 5471 1951 5524 illi
1986 5471 2086 5538 ipsi

524 5555 715 5662 parum
745 5542 888 5610 aequi
914 5541 1237 5596 orthodoxa:
1273 5541 1621 5610 antiquorum
1668 5541 1999 5607 scriptorum
2029 5550 2088 5596 et

569 5618 750 5662 atrum
779 5610 1045 5662 doctrina:
1069 5613 1434 5662 aestimatores
1459 5613 1708 5662 eumdem
1751 5611 2088 5662 Clementem

569 5618 750 5664 atrum
779 5610 1045 5666 doctrina:
1069 5613 1434 5667 aestimatores
1459 5613 1708 5667 eumdem
1751 5611 2088 5665 Clementem

597 5769 644 5803 ⁸⁹
669 5769 868 5826 Strom.
899 5771 936 5827 Ι.
964 5787 1038 5838 vt,
1067 5789 1120 5842 p.
1152 5771 1280 5828 695.
1353 5773 1400 5804 ⁹⁰
1422 5773 1460 5827 l.
1494 5787 1589 5836 vn,
1615 5787 1666 5840 p.
1703 5769 1830 5825 727.
1866 5791 1873 5800 -
1902 5771 1948 5804 “
1980 5770 2087 5827 ibid

610 5840 737 5896 δεῖ.
815 5842 860 5874 ⁸⁸
883 5842 1112 5904 Admon.
1144 5849 1210 5900 ad
1244 5851 1417 5912 gent,
1449 5858 1504 5913 p.
1529 5843 1616 5898 62.
1695 5841 1962 5900 "Suom.
1996 5842 2036 5898 ι.
2069 5857 2087 5900 ι

2196 5771 2235 5802 η
2267 5769 2422 5838 ibid.,
2464 5787 2516 5840 ι).
2549 5771 2674 5828 726.
2767 5775 2812 5807 σε
2840 5776 2919 5829 δι.

2201 5841 2374 5897 .365.
2446 5841 2491 5875 οτ
2527 5843 2687 5917 Ιὺιά.,
2718 5862 2768 5914 ιι.
2795 5847 2919 5903 586.

525 5853 584 5912 p.
610 5840 737 5896 δεῖ.
815 5842 860 5874 ⁸⁸
883 5840 1112 5904 Admon.
1144 5849 1210 5900 ad
1244 5851 1417 5912 gent,
1449 5858 1504 5913 p.
1529 5843 1616 5898 62.

2189 4637 2306 4683 ster
2333 4623 2555 4700 ibi'ullo
2587 4643 2813 4700 prorsus
2845 4632 3005 4684 modo
3033 4647 3133 4686 nos
3164 4623 3375 4700 absque
3407 4631 3580 4686 divina
3606 4623 3719 4700 Ser-

2187 4698 2395 4774 vatoris
2418 4695 2603 4774 gratia
2622 4699 2707 4774 vel
2732 4701 3012 4754 minimum
3046 4704 3178 4774 quid
3203 4695 3352 4774 recte
3377 4711 3434 4756 et
3450 4695 3721 4774 Christiane

2191 4767 2560 4842 creder_e,_ati_t
2586 4769 2676 4842 pie
2704 4780 2760 4823 et
2795 4784 2982 4826 sancte
3007 4767 3143 4826 velle
3167 4773 3256 4826 vel
3279 4787 3467 4842 agere,
3496 4767 3616 4842 dixit
3639 4769 3720 4842 aut

2192 4837 2466 4908 asseruit?
2494 4837 2719 4901 Minium
2747 4843 2988 4908 quidem.
3023 4842 3087 4896 Et
3111 4857 3242 4897 vero
3277 4837 3485 4897 tantum
3514 4838 3641 4891 abest
3667 4839 3722 4883 ιιι

2196 4908 2250 4961 id
2265 4907 2499 4982 dixerit,
2529 4907 2804 4982 autetiam
2821 4913 3162 4978 cogitaverit,
3192 4913 3323 4982 quin
3349 4914 3525 4982 potius
3545 4913 3718 4982 apale.

2202 4977 2278 5031 uti
2311 4977 2564 5043 vidimus,
2611 4977 2981 5035 Christianam
3034 4977 3367 5038 ﬁdem—esse
3413 4979 3506 5035 Dei
3549 4977 3722 5047 deuti!!!

2199 5049 2476 5121 praedicet.
2513 5048 2653 5116 Quid
2687 5065 2840 5118 vero,
2867 5053 3012 5121 quod
3050 5053 3140 5107 ille
3164 5094 3180 5120 ,
3218 5054 3298 5106 uti
3341 5053 3506 5106 etiam
3536 5062 3560 5098 a
3589 5042 3724 5121 nobis

2200 5109 2560 5172 observatum
2579 5128 2682 5186 est,
2711 5109 3083 5178 disertissiittis
3115 5109 3302 5177 verbis
3329 5125 3592 5176 asseverat
3607 5109 3725 5164 libe-

2203 5202 2346 5253 rum,
2388 5192 2533 5257 quod
2589 5190 2645 5244 in
2695 5193 2852 5246 nobis
2895 5203 3012 5258 est,
3043 5193 3348 5256 arbitrium,
3403 5205 3506 5245 non
3547 5187 3724 5258 abs“?

2197 5247 2520 5314 exiniia'Dei
2549 5261 2726 5330 gratia
2748 5263 2816 5316 ad
2844 5264 2968 5317 boni
2997 5247 3192 5318 venire
3213 5247 3564 5332 agnitionem,
3588 5247 3723 5332 eis“!

2193 5343 2258 5382 ea
2281 5343 2402 5400 quae
2437 5321 2845 5400 supEreminent
2867 5333 3099 5388 extolli?
3130 5321 3279 5400 Quid
3322 5321 3720 5400 denique,un

2193 5397 2315 5472 non
2332 5397 2522 5454 minus
2536 5403 2820 5472 perspicue
2846 5403 3023 5470 docet,
3047 5397 3506 5472 quemadmodum
3529 5397 3727 5472 adnota-

2193 5468 2388 5542 vimus,
2422 5486 2441 5519 ι
2479 5468 2795 5542 universum
2831 5490 2850 5523 ι
2880 5488 2984 5526 non
3011 5468 3136 5528 esse
3162 5476 3218 5528 in
3241 5483 3432 5528 nostra
3458 5471 3726 5542 potestates

2194 5540 2634 5612 quandoquidem
2668 5543 2766 5596 Dei
2791 5543 2972 5608 gratia
3005 5544 3332 5598 servamur?
3459 5540 3474 5542 ⁷

2267 5603 2456 5664 Plures
2481 5624 2614 5664 sane
2640 5613 2735 5667 alii
2777 5603 2835 5668 in
2871 5613 3172 5670 Clementis
3211 5613 3556 5670 Sta-ornatibus
3591 5603 3730 5657 aliis-

2187 5769 2422 5850 ’Ἕρμον
2446 5771 2674 5850 ,ρκ’ἷῖβ.
2767 5775 2823 5850 "_
2840 5776 3042 5850 Stroux.
3073 5777 3111 5834 l.
3140 5793 3224 5847 tv,
3266 5793 3324 5850 p.
3353 5775 3471 5832 536.
3537 5773 3576 5804 “
3601 5771 3634 5828 l.
3667 5783 3728 5836 tt,
