3840 6538
528 369 670 426 1145

1159 366 1230 423 ΙΝ
1267 365 1692 424 CLEMENTEM
1731 365 1936 424 ALEX.
1976 365 2038 421 D.
2076 364 2164 420 LE
2200 364 2488 422 NOURRY
2521 363 2977 423 DlSSERTATlO
3014 363 3080 426 ﬂ.

3597 366 3698 422 illi

528 485 675 540 riora
701 486 863 560 verba
889 485 1224 560 Clementem
1249 487 1316 560 de
1341 489 1518 544 sacris
1547 490 1746 545 nostris
1772 489 2047 560 mysteriis
2073 528 2089 554 ,
2117 489 2165 547 Α
2195 503 2291 558 pro
2311 486 2487 543 ofﬁcio
2513 488 2794 544 incumbit.
2825 487 2988 542 Aiunt
3022 487 3205 555 itaque
3233 484 3401 560 Illum
3415 484 3480 538 de
3499 485 3697 560 originali

528 556 974 629 paganohomini
1005 573 1110 610 non
1143 558 1554 626 patefaciendis,
1575 560 1720 629 loqui
1750 556 2083 625 pertinacius

530 625 852 688 contendat,
881 625 1027 680 illius
1051 625 1198 682 certe
1230 630 1472 696 Opinioni
1503 646 1608 685 non
1647 625 1952 684 'admodum
1999 645 2085 682 re-

531 696 888 768 fragabimur,
921 699 1084 751 modo
1117 709 1294 752 tamen
1332 700 1419 752 ille
1447 716 1548 752 non
1587 699 1758 768 magis
1789 701 1854 754 de
1891 703 2088 754 eucha-

530 767 682 842 ristia
706 782 868 842 quam
893 769 960 820 de
989 769 1095 822 alio
1118 770 1358 842 quolibet
1396 767 1697 837 religionis
1723 778 1920 824 nostrae
1967 786 2084 842 my-

530 837 698 905 sterio
741 837 1076 892 Clementem
1121 837 1530 905 intelligendum
1567 855 1687 894 esse
1726 837 2081 896 concesserit.

530 904 605 958 Ex
629 917 862 976 utraque
886 909 1164 964 enimvero
1197 904 1550 977 explicatione.
1571 950 1584 971 ,
1618 912 1668 964 id
1701 911 1842 979 quod
1871 913 1936 964 ad
1973 927 2083 964 rem

529 987 777 1031 nostram
811 979 960 1041 facit,
995 994 1146 1047 :eque
1177 981 1397 1034 omnino
1417 980 1721 1044 coniicitur,
1754 997 1781 1032 a
1808 979 2086 1035 Clemente

527 1047 743 1114 aliquod
775 1049 994 1112 agnosci
1041 1059 1338 1117 peccatum,
1393 1050 1559 1118 quod,
1614 1050 1739 1105 licet
1790 1051 2088 1104 involnnta-

529 1118 668 1170 rium
701 1118 793 1180 sit,
811 1119 956 1186 justo
981 1128 1153 1172 tamen
1173 1121 1432 1186 supplicio
1451 1119 1771 1174 vindicatur.
1791 1121 1922 1173 llltttl
1937 1123 2087 1190 quip—

527 1199 595 1258 pe
627 1191 857 1251 tametsi,
885 1205 1004 1241 cunt
1032 1191 1350 1253 admittitur,
1379 1198 1597 1256 propter
1621 1191 1783 1243 animi
1810 1193 2086 1258 perturba-

528 1257 729 1310 tionem
758 1261 828 1312 sit
861 1259 1296 1323 invohtntarium,
1316 1262 1437 1326 quia
1472 1257 1820 1314 nihilominus
1842 1261 2086 1315 volunta-

526 1327 608 1400 ria
629 1327 725 1400 fuit
747 1331 858 1382 hzec
879 1330 1040 1382 animi
1064 1329 1414 1396 perturbatio,
1436 1329 1635 1384 idcirco
1659 1331 1784 1384 illud
1805 1341 2081 1400 peccatum

526 1397 782 1467 primitus
807 1409 862 1453 et
882 1400 932 1453 in
955 1415 1048 1452 sua
1075 1414 1235 1452 causa
1259 1414 1448 1467 reapse
1468 1397 1826 1454 voluntarium
1854 1402 1975 1460 fuit.

600 1465 654 1520 In
687 1471 876 1522 horum
907 1483 1068 1537 porro
1089 1465 1487 1522 [irritamentum
1514 1470 1643 1524 illttd
1678 1471 1819 1525 hattd
1851 1473 2083 1528 absurde

526 1536 733 1593 adduci.
765 1536 962 1608 potest,
996 1540 1138 1605 quod
1173 1538 1425 1592 Clemens
1453 1541 1648 1593 ibidem
1680 1541 1816 1595 dixit
1839 1543 1900 1596 ll:
1933 1561 1952 1594 ι
1996 1545 2082 1596 ln-

527 1616 610 1680 t_er
642 1622 700 1662 se
730 1624 896 1678 prope
928 1610 1028 1680 sita
1064 1608 1313 1680 (esse,let
1345 1609 1626 1679 distingui)
1659 1622 1962 1679 peceatum,
1998 1613 2084 1667 in-

524 1675 843 1754 fortunium,
874 1675 1083 1743 scelus,
1111 1694 1206 1754 seu
1242 1678 1437 1747 injuste
1476 1675 1677 1754 factum
1700 1675 2008 1754 ,λᾴδίκημζι
2053 1701 2074 1736 ι

524 1745 656 1818 Nam
683 1749 807 1815 quid
833 1751 1251 1816 unumquodque
1271 1745 1457 1803 eorum
1481 1749 1570 1814 sit,
1597 1750 1670 1802 ita
1698 1751 1785 1804 ille
1807 1745 2075 1818 explicat:

2200 555 2422 626 peccato
2468 569 2562 614 aut
2605 575 2710 613 non
2765 560 2900 613 satis
2933 567 3060 627 apte
3086 569 3144 611 et
3168 555 3698 627 convenienterloqui,

2194 639 2286 683 aut
2318 631 2386 683 de
2440 645 2508 685 eo
2547 645 2652 682 non
2697 630 2925 683 omnino
2971 626 3301 695 persuasum
3357 626 3621 692 scripsisse
3642 629 3696 684 “:

2197 717 2218 752 ι
2257 700 2449 771 Dicant
2478 715 2605 771 ergo
2633 699 2792 771 nobis
2831 699 2920 752 ubi
2953 697 3252 771 fornicatus
3297 707 3386 751 est
3430 697 3593 771 infans
3631 714 3698 749 na-

2193 769 2319 824 tus?
2345 769 2427 822 vel
2458 768 2725 837 quomodo
2752 771 2854 824 sub
2882 771 3010 823 Adae
3056 769 3248 822 cecidit
3291 768 3698 836 exsecrationem,

2191 839 2440 929 qui'nihil
2469 851 2553 894 est
2581 839 2874 929 operatus?
2915 838 3105 929 Restat
3134 854 3265 929 ergo
3291 841 3396 929 eis,
3424 846 3481 889 ut
3510 838 3697 929 vitietur,

2189 909 2266 974 ὡς
2290 911 2483 974 ἔοικεν,
2515 921 2914 974 consequenter
2952 921 3007 963 ut
3041 910 3224 963 dicant
3265 909 3464 960 malam
3505 922 3609 960 esse
3634 924 3698 974 ge-

2190 982 2554 1044 nerationem,
2588 997 2694 1034 non
2724 983 2900 1032 solum
2932 995 3050 1033 eam
3082 996 3200 1046 qua:
3235 989 3318 1032 est
3345 977 3610 1044 corporis.
3636 981 3698 1032 sed

2189 1051 2350 1120 etiam
2377 1066 2496 1120 qua:
2520 1061 2603 1104 est
2637 1051 2830 1103 anima:
2850 1090 2865 1109 .
2899 1059 3116 1120 propter
3145 1064 3305 1118 quam
3338 1050 3499 1120 etiam
3528 1064 3696 1114 corpus.

2189 1119 2257 1174 Et
2289 1119 2504 1187 quando
2539 1122 2678 1172 dixit
2709 1120 2874 1172 David
2893 1121 2934 1154 ⁸⁵
2968 1138 2982 1174 :
3029 1139 3048 1171 ι
3088 1119 3142 1174 Ιιι
3176 1119 3418 1185 peccatis
3456 1131 3698 1184 conceptus

2192 1207 2210 1238 ι
2233 1203 2352 1241 sutn
2376 1197 2427 1241 et
2451 1189 2502 1240 iit
2544 1190 2920 1258 iniquitatibus
2949 1193 3199 1256 concepit
3239 1204 3328 1242 me
3355 1199 3526 1241 mater
3549 1203 3695 1247 nimi,»

2189 1260 2324 1330 dicit
2355 1261 2671 1330 prophetico
2699 1261 2918 1329 quidem
2968 1271 3196 1314 matrem
3249 1259 3457 1330 Evam,
3483 1260 3588 1330 sed
3621 1259 3696 1313 Eva

2189 1329 2292 1384 fuit
2317 1328 2490 1384 mater
2516 1328 2849 1396 viventium;
2897 1331 3000 1386 etsi
3048 1331 3098 1382 in
3127 1333 3369 1398 peccatis
3419 1328 3515 1381 fuit
3545 1343 3698 1383 conce-

2187 1411 2332 1464 ptus,
2369 1402 2462 1471 sed
2487 1416 2592 1454 non
2622 1401 2737 1471 ipse
2767 1401 2820 1453 in
2853 1411 3094 1470 peccato.
3128 1415 3303 1467 neque
3329 1415 3458 1453 vero
3486 1400 3589 1466 ipse
3608 1414 3699 1471 pec-

2188 1481 2391 1524 eatum.
2422 1469 2480 1524 Si
2511 1469 2690 1524 autem
2720 1469 3029 1539 quicunque
3061 1471 3223 1524 etiam
3263 1485 3292 1522 a
3325 1481 3551 1537 peccato
3578 1472 3632 1521 ad
3661 1469 3700 1521 li-

2188 1541 2309 1594 dem
2365 1541 2727 1604 convertitur,
2764 1559 2792 1594 a
2827 1540 3129 1609 peccatoris
3178 1540 3572 1594 consuetudine
3613 1549 3700 1592 tau-

2187 1625 2352 1678 quam
2390 1626 2417 1662 a
2445 1620 2616 1664 matre
2646 1612 2982 1666 convertitur
3003 1611 3067 1663 ad
3103 1610 3294 1672 vitam,
3327 1609 3468 1663 feret
3505 1610 3618 1662 mihi
3644 1619 3700 1662 te-

2185 1680 2500 1750 Stimonium
2539 1697 2674 1734 unus
2700 1697 2766 1736 ex
2798 1680 3078 1736 duodecim
3109 1681 3412 1750 prophetis,
3441 1679 3528 1748 qui
3567 1681 3699 1734 dixit:

2192 1768 2212 1800 ι
2250 1749 2475 1820 Videam
2511 1751 2867 1818 primogenita
2895 1766 2993 1820 pro
3017 1751 3315 1818 impietate,
3354 1749 3586 1803 fructum
3613 1765 3703 1803 ven-

527 1835 546 1867 t
575 1817 858 1899 Peccatum
882 1827 988 1905 est:
1018 1819 1166 1905 verbi
1193 1821 1389 1900 gratia,
1425 1819 1700 1873 luxuriose.
1728 1831 1782 1873 et
1809 1817 2075 1905 intempe-
2107 1849 2150 1905 Β
2184 1819 2321 1874 ttris
2346 1821 2448 1874 mei
2471 1817 2570 1903 pro
2608 1817 3248 1905 _peceatislanim.:emeae
3273 1821 3340 1905 ι’..
3361 1820 3553 1905 )“Non
3579 1835 3702 1902 aecu-

523 1897 708 1960 ranter
731 1889 935 1942 vivere.
971 1889 1326 1943 lnl'ortunium
1363 1900 1543 1944 autem
1590 1901 1843 1960 tanquam
1884 1889 2070 1948 inimi-

521 1973 641 2031 i-um
684 1958 982 2031 inscienter
1010 1961 1282 2031 occidere.
1325 1960 1513 2016 Scelus
1560 1971 1640 2015 εει
1694 1958 2068 2031 sepulcrorum

518 2026 733 2098 eii‘ossio
760 2038 852 2082 aut
879 2029 1244 2098 sacrilegium.
1276 2050 1296 2082 ι

590 2097 861 2172 Praeterea
881 2097 1134 2172 Clemens
1163 2101 1288 2172 alibi
1321 2099 1480 2155 docet
1523 2101 1627 2156 duo
1657 2117 1777 2156 esse
1821 2114 2071 2172 peccato-

519 2184 640 2222 rutn
682 2170 979 2242 principia,
1011 2171 1367 2242 ignorantiam
1409 2180 1464 2225 et
1497 2170 1895 2239 inllrmilatein,
1931 2190 2067 2242 qua-

521 2240 871 2312 rum_priore
906 2241 986 2306 ﬁt,
1029 2251 1087 2294 ut
1138 2242 1272 2312 bene
1328 2241 1394 2295 de
1430 2243 1495 2297 iis
1540 2257 1658 2311 qua:
1687 2246 1891 2312 agenda
1944 2240 2071 2298 sunt

518 2326 627 2363 non
655 2309 965 2381 judicetnr;
996 2310 1299 2381 posteriore
1330 2321 1530 2376 autem,
1557 2309 1627 2366 ἰιι
1657 2309 1822 2366 ετῖιιθ
1868 2315 2064 2380 quibus

518 2389 664 2451 recte
689 2379 960 2448 judicatur
990 2379 1093 2435 non
1124 2383 1272 2434 liant.
1309 2401 1328 2432 ‹
1366 2383 1504 2437 Sunt
1527 2383 1654 2447 duo,
1685 2384 1857 2451 inquit
1889 2379 1934 2444 ⁵.
1967 2400 2068 2438 cu-

517 2449 682 2521 jusvis
721 2451 922 2517 peccati
966 2453 1262 2521 principia,
1305 2452 1571 2519 ignoratio
1604 2463 1658 2507 et
1697 2449 2064 2508 imbecillitas.

562 2529 610 2574 st
637 2531 817 2574 autem
851 2531 1140 2589 utrumque
1162 2523 1214 2575 in
1247 2537 1432 2576 nostra
1461 2532 1759 2591 potestate,
1811 2539 1933 2577 cum
1967 2540 2067 2580 nee

513 2591 744 2645 velimus
767 2591 999 2662 discere,
1032 2608 1130 2646 nec
1167 2593 1516 2662 cupiditatem
1545 2596 1846 2648 continere.
1876 2594 1953 2648 Ex
1983 2595 2067 2650 his

513 2669 692 2714 autem
728 2661 1130 2730 tntum'qnidetn
1169 2661 1273 2724 est,
1296 2679 1391 2731 per
1419 2663 1562 2731 quod
1606 2681 1710 2718 non
1742 2674 1888 2719 recte
1919 2665 2067 2732 judi-

512 2741 667 2795 cant;
699 2732 928 2786 alterum
953 2748 1102 2805 vero,
1134 2747 1228 2802 per
1252 2733 1394 2802 quod
1428 2748 1532 2787 non
1583 2743 1808 2804 possunt
1841 2735 2066 2805 exsequi

509 2816 634 2870 qua:
667 2813 811 2856 recte
841 2811 964 2858 sunt
987 2802 1246 2871 judicata.
1284 2822 1303 2854 ι

580 2871 656 2925 lbi
685 2882 864 2927 autem
893 2874 1297 2927 animadvertas
1319 2873 1500 2936 velim,
1526 2875 1798 2942 quomodo
1818 2875 2068 2933 Clemens

510 2943 976 3014 dicatutrumquc
1004 2954 1284 3013 peccatmn
1315 2953 1368 2997 et
1391 2945 1712 3014 ignorantia:
1745 2955 1800 3000 et
1838 2949 2067 3002 inlirmi-

511 3012 636 3067 tatis
659 3013 710 3065 in
740 3024 922 3086 nostra
950 3012 1070 3068 esse
1099 3022 1386 3082 potestate,
1412 3012 1467 3070 et
1508 3029 1636 3070 vere
1675 3016 2064 3086 voluntarium,

511 3092 675 3154 atque
701 3085 836 3138 adeo
859 3081 982 3150 jure
1010 3081 1205 3137 merito
1231 3087 1432 3154 pttniri.

609 3099 675 3135 ne
701 3099 836 3138 aueo
859 3099 982 3150 jure
1010 3099 1205 3137 merito
1231 3101 1432 3154 pllllll‘l.

570 3099 873 3228 iitrittsque
895 3155 1186 3228 remedium
1221 3156 1416 3228 ibidem
1443 3157 1704 3225 assignat,
1729 3169 1780 3213 et
1808 3161 2067 3228 ignoran-

510 3222 596 3304 tia:
625 3210 842 3304 quidein
884 3225 1248 3304 cognitionem
1270 3210 1783 3304 evitlcnteni'que'
2091 3210 2134 3268 ο

509 3294 588 3348 ris
622 3294 1176 3370 demonstrationem;
1205 3296 1542 3370 inﬁrmitatis
1575 3294 1703 3353 vero
1733 3300 1871 3354 κατὰ
1913 3294 2069 3370 λόγον

506 3364 984 3441 exercitationetn,
1027 3380 1148 3433 qua:
1207 3383 1243 3441 a_
1292 3366 1392 3418 lide
1429 3377 1484 3420 et
1540 3370 1756 3441 timore,
1791 3364 2069 3441 παιδαίω-

503 3433 744 3504 γουμὲνη
779 3435 1082 3488 instituitur
1111 3443 1167 3488 et
1213 3436 1457 3490 docetur.
1512 3438 1636 3491 Alio
1680 3433 1860 3495 autem
1899 3433 2066 3496 in'li-

505 3502 670 3557 bro"
733 3502 816 3558 his
873 3505 1081 3558 duobus
1147 3504 1250 3557 alia
1303 3507 1479 3561 adhuc
1527 3509 1734 3562 addidit
1777 3513 2064 3566 remedia:

510 3590 542 3650 ¢_
568 3573 975 3650 Eleemosynis,‘
1000 3574 1198 3650 inquit,
1225 3577 1427 3650 et__lide
1466 3589 1765 3650 purgantur
1805 3594 2023 3650 peccata
2051 3600 2064 3648 ;

509 3643 702 3713 timore
731 3643 910 3698 autem
945 3645 1154 3698 Domini
1208 3646 1436 3713 quilibet
1469 3643 1512 3700 7a
1559 3643 1701 3704 malo
1746 3643 2002 3704 declinat.
2042 3643 2061 3705 ὁ

507 3712 612 3766 Sed
644 3714 712 3766 de
735 3713 846 3786 iide
876 3723 931 3768 et
964 3715 1182 3780 timore,
1209 3712 1264 3769 et
1291 3715 1410 3769 aliis
1431 3728 1776 3786 peccatorum
1810 3723 2066 3778 remediis

505 3794 689 3852 postea
716 3784 1130 3852 disputabimus.

573 3851 738 3906 Juvat
771 3851 990 3907 interim
1020 3869 1140 3908 cum
1183 3854 1372 3908 eodem
1403 3855 1682 3912 Clemente
1721 3871 1904 3914 nostro
1953 3865 2066 3919 ani-

504 3924 842 4004 madvertere
867 3926 1292 4004 [neccatltttt,ftsi
1310 3941 1338 3978 ιι
1360 3927 1508 4004 vitio,
1523 3929 1975 4004 κακιᾳεριοιιυιιι,
1997 3935 2064 3989 ab

501 3991 806 4074 illud-amen
838 3991 1110 4074 sicutuab‘
1133 3994 1325 4074 elfcctu
1364 3991 1644 4074 distingui.
1665 3991 1676 4002 ’
1697 3991 1874 4074 itaan
1921 3991 2020 4074 μὲν
2044 4044 2060 4068 ,

498 4061 574 4142 ita
602 4063 688 4142 ille
717 4062 1050 4142 loqgiturf‘,
1082 4065 1150 4142 8t_’
1179 4066 1399 4142 ᾅγνοιαγ
1419 4108 1432 4131 ,
1460 4061 1660 4142 οὐ’μὴν
1695 4061 2064 4140 ἄγνοιαοόὑδὲ

537 4131 607 4208 ὰρ
633 4133 700 4188 τὰ
735 4131 902 4208 πάθη,
935 4134 1057 4208 οὔτε
1087 4137 1156 4189 τὰ
1186 4131 1567 4208 ἁμᾳρτήματαῖ
1589 4131 1808 4208 inicit,
1842 4144 1936 4198 καί
1977 4163 2061 4199 τοι

501 4205 607 4284 ᾲπὸ
632 4205 830 4285 nata;
856 4207 1147 4277 φερόμενα.
1183 4226 1201 4259 ι
1231 4205 1445 4285 ‘Vi'ti-n'm
1477 4211 1695 4285 quidem
1722 4205 1806 4267 est
1834 4225 2063 4284 propter

499 4279 932 4353 ignorationem,
983 4294 1088 4331 non
1143 4289 1321 4332 tamen
1356 4279 1663 4353 ignoratio;
1707 4279 1882 4353 neque
1909 4279 2056 4340 enim

497 4343 750 4447 ﬂagitiis:
775 4361 950 4416 neque
975 4359 1196 4416 peccata
1227 4357 1352 4403 sunt
1377 4343 1523 4404 'vitia
1548 4390 1563 4416 ,
1597 4343 1701 4410 etsi
1758 4343 2060 4425 procedant

495 4427 529 4468 8
558 4427 690 4470 νιιιο
709 4427 773 4470 ³³.
811 4439 829 4468 ρ

567 4483 812 4554 Denique
841 4487 1029 4541 vitium
1059 4503 1089 4542 a
1119 4487 1402 4545 Clemente
1433 4501 1624 4546 nostro
1653 4493 1854 4548 dicitur
1878 4511 1974 4550 usu
2003 4505 2056 4552 et

2177 1900 2262 1944 sat
2289 1905 2441 1952 eum,
2469 1893 2560 1960 qui
2591 1891 2726 1945 dixit
2758 1908 2771 1944 :
2811 1909 2829 1942 ι
2865 1892 3108 1946 Crescite
3139 1901 3193 1945 et
3217 1891 3641 1959 multiplicamini
3666 1905 3700 1942 τι

2179 1960 2274 2016 sed
2303 1962 2508 2029 primas
2549 1961 2903 2031 impulsiones
2947 1972 3000 2016 et
3043 1972 3221 2015 motus
3247 1978 3312 2015 ex
3367 1963 3702 2031 generatione,
3791 2017 3795 2022 ,

2176 2046 2275 2099 per
2300 2046 2438 2098 quos
2470 2031 2635 2085 Deum
2671 2047 2779 2086 non
2808 2033 3185 2101 cognoscimus
3211 2071 3224 2092 .
3255 2033 3390 2085 dicit
3414 2031 3701 2098 impietates.

2180 2102 2234 2154 Si
2255 2101 2379 2170 quis
2403 2111 2579 2154 autem
2603 2116 2665 2153 ea
2698 2104 2904 2156 ratione
2925 2103 3055 2156 dicit
3089 2101 3285 2154 malam
3307 2103 3702 2171 generationem,

2177 2171 2470 2242 illaetiam
2510 2172 2724 2225 ratione
2754 2173 2900 2226 dicat
2940 2174 3138 2227 bonam
3168 2213 3182 2237 ,
3214 2184 3492 2242 quatenus
3535 2173 3580 2223 in
3615 2172 3703 2240 ipso

2175 2240 2465 2295 veritatem
2495 2244 2899 2309 cognoscimus.
2936 2261 2954 2293 ι
2993 2243 3068 2296 Ex
3102 2243 3203 2296 hoc
3232 2240 3550 2296 Clementis
3593 2243 3702 2304 luco,

2175 2326 2362 2380 quem,
2387 2325 2455 2364 ne
2476 2313 2604 2379 quid
2623 2313 2995 2367 dissimulasse
3017 2314 3324 2375 videamur,
3361 2314 3615 2380 integrum
3639 2327 3704 2365 re-

2176 2385 2620 2462 przcsentavimus
2648 2423 2664 2450 ,
2691 2453 2702 2462 _
2735 2382 2954 2462 quidam
3021 2393 3282 2462 arguunt.
3311 2384 3702 2462 er_t_tditi_ssitnnnt

2177 2452 2328 2523 illttm
2363 2453 2535 2506 virum
2566 2464 2657 2507 aut
2690 2453 2862 2506 labem
2895 2452 3106 2523 peccati
3147 2453 3436 2521 originalis
3469 2454 3612 2519 plane
3632 2470 3702 2504 ne-

2174 2522 2408 2589 gavisse,
2447 2533 2541 2576 aut
2592 2523 2784 2578 saltem
2835 2522 2906 2576 ait
2960 2525 3128 2589 illam,
3184 2525 3273 2577 ubi
3326 2525 3558 2575 tnaxime
3597 2540 3705 2588 opus

2173 2601 2314 2663 erat,
2350 2607 2689 2661 nequaquam
2724 2593 3208 2654 animadvertisse.
3257 2595 3562 2663 nullamque
3591 2595 3704 2648 illius

2175 2662 2375 2716 fecisse
2403 2666 2750 2717 mentionem.
2775 2663 2963 2718 Nonne
2983 2667 3126 2718 enim
3155 2707 3169 2730 ,
3197 2665 3454 2731 inquiunt
3472 2662 3494 2727 ,ί
3517 2681 3701 2733 puerum

2175 2747 2366 2786 recens
2397 2743 2578 2787 natum
2611 2737 2679 2788 ab
2701 2733 2786 2787 illa
2819 2735 3032 2804 penitus
3053 2735 3268 2796 eximit,
3292 2751 3416 2788 eutn
3443 2738 3516 2788 ait
3546 2753 3558 2788 :
3585 2753 3601 2784 ι
3633 2736 3706 2787 Di-

2174 2814 2301 2857 eant
2328 2819 2456 2872 ergo
2503 2804 2678 2868 nobis,
2713 2804 2800 2857 ubi
2837 2805 3138 2859 fornicatus
3185 2817 3268 2860 est
3312 2805 3495 2858 infans
3541 2806 3705 2859 natus?

2173 2872 2255 2924 vel
2279 2875 2549 2941 quomodo
2579 2875 2678 2927 sub
2714 2877 2842 2929 Adae
2881 2877 3075 2930 cecidit
3124 2877 3584 2937 exsecrationem,
3629 2876 3705 2941 qui

2173 2944 2310 2997 nihil
2365 2954 2445 2998 est
2477 2946 2780 3012 operatus?
2820 2965 2838 2998 ι
2876 2944 3109 2999 Putabat
3156 2946 3325 3014 igitur
3353 2947 3598 3000 Clemens
3619 2945 3703 2999 sub

2172 3014 2609 3069 exsecrationem
2639 3016 2768 3069 Adae
2799 3016 3059 3070 cecidisse
3091 3016 3367 3070 neminem
3396 3056 3412 3078 ,
3449 3017 3547 3069 nisi
3579 3027 3703 3084 post-

2172 3097 2336 3153 quam
2369 3085 2596 3154 aliquitl,
2651 3086 2908 3139 videlicet
2954 3086 3104 3145 mali.
3153 3097 3419 3154 Operatus
3460 3097 3554 3140 est.
3585 3085 3701 3152 Quid

2175 3152 2326 3216 vero,
2361 3154 2502 3222 quod
2541 3152 2789 3209 Jeremia:
2812 3157 2972 3208 verba
3005 3156 3046 3186 ¹⁷
3084 3177 3095 3210 :
3141 3175 3158 3206 ι
3194 3152 3545 3210 Exsecrauda
3573 3162 3694 3221 dies,

2170 3225 2221 3276 iit
2245 3240 2349 3292 qua
2375 3234 2530 3278 natus
2561 3240 2712 3291 sum;
2743 3244 2761 3277 ι
2785 3225 3069 3280 etDavidis
3088 3227 3187 3280 “'z
3214 3245 3233 3279 ι
3263 3228 3324 3280 lu
3351 3228 3578 3294 peccatis
3597 3241 3700 3280 cono

2171 3305 2361 3362 ceptus
2394 3310 2534 3365 sum,
2569 3313 2588 3346 ι
2619 3296 2851 3349 mirabili
2879 3297 3034 3364 plane
3064 3311 3226 3350 sensu
3259 3298 3595 3365 interpretari
3627 3297 3697 3347 vi-

2171 3365 2361 3437 detur;
2396 3364 2469 3417 ita
2497 3373 2555 3417 ut
2602 3367 2652 3418 in
2701 3368 2938 3433 peccatis
2968 3368 3203 3437 concipi,
3237 3384 3348 3421 non
3393 3364 3464 3420 sit
3511 3365 3697 3433 concipi

2173 3435 2223 3487 in
2254 3445 2534 3502 parentum
2562 3444 2802 3503 peccato,
2825 3439 2964 3503 quod
2997 3436 3049 3489 iit
3070 3435 3270 3490 liberos
3300 3437 3698 3499 transfundatur,

2169 3507 2261 3558 sed
2295 3504 2348 3557 in
2381 3506 2510 3571 ipsis
2540 3505 2814 3560 hominum
2851 3508 3190 3574 peecantimn
3226 3508 3389 3560 factis
3414 3518 3466 3561 et
3495 3509 3699 3559 actibus.

2168 3577 2344 3644 Atque
2367 3578 2504 3629 hanc
2533 3591 2636 3628 non
2654 3577 2810 3629 modo
2841 3579 3177 3638 heterodoxi.
3201 3580 3294 3631 sed
3320 3579 3536 3645 quidam
3562 3577 3700 3628 etiarn

2168 3646 2423 3700 catholici
2463 3647 2711 3700 homines
2739 3648 3078 3700 contendunt
3113 3663 3235 3701 esse
3262 3663 3448 3701 veram
3487 3647 3696 3714 quidem,

2167 3717 2258 3768 sed
2295 3719 2472 3768 minus
2500 3717 2858 3769 orthodoxam
2883 3717 3181 3771 Clementis
3213 3719 3384 3772 nostri
3421 3718 3486 3770 de
3519 3715 3698 3785 peccati

2165 3787 2450 3854 originalis
2479 3787 2597 3840 labe
2623 3789 2956 3854 opinionem.
2982 3787 3180 3840 Eorum
3215 3801 3380 3855 porro
3410 3788 3629 3840 rationes
3655 3795 3700 3837 et

2167 3866 2484 3923 argumenta
2515 3858 2586 3910 ita
2611 3871 2824 3910 sincere
2855 3860 2910 3910 et
2941 3860 3172 3924 candide
3201 3872 3232 3910 a
3257 3857 3418 3910 nobis
3450 3856 3694 3924 proposita

2164 3935 2324 3990 sunt,
2375 3936 2432 3978 ut
2473 3942 2659 3978 curutn
2696 3928 2903 3980 viribus
2957 3928 3163 3995 aliquid
3218 3929 3401 3994 potius
3446 3930 3716 3989 additum,”

2163 4011 2324 4064 quam
2355 3997 2648 4064 quidquam
2685 3998 2841 4064 plane
2863 3999 3202 4052 subtractum
3233 3999 3416 4052 fuerit.

2233 4069 2302 4117 At
2328 4068 2646 4136 ptiusquam
2669 4068 2795 4135 quid
2827 4069 2876 4121 in
2914 4069 2979 4121 iis
3004 4068 3117 4122 veri
3141 4068 3210 4120 sit
3233 4079 3327 4120 aut
3361 4067 3480 4122 falsi
3506 4066 3702 4120 demon-

2162 4144 2397 4191 stremus
2418 4176 2432 4200 ,
2477 4146 2640 4204 atque
2685 4146 2740 4191 ut
2767 4140 3010 4192 auctoris
3043 4138 3211 4191 nostri
3275 4153 3430 4192 mens
3455 4149 3509 4191 et
3536 4148 3700 4188 sensus

2161 4204 2376 4260 facilius
2425 4207 2652 4276 intelligi
2709 4211 2916 4276 possit,
2963 4209 3150 4262 sedulo
3178 4209 3697 4261 animadvertcmlutu

2161 4285 2246 4330 est
2277 4277 2423 4330 illum
2454 4279 2526 4350 ibi
2561 4281 2842 4350 disputare
2888 4290 3080 4332 contra
3113 4281 3380 4346 quosdam
3416 4279 3699 4350 haereticos,

2161 4358 2325 4418 atque
2354 4350 2404 4401 in
2432 4349 2626 4418 primis
2649 4344 2982 4402 'Cassianum
3009 4388 3025 4413 ,
3064 4344 3152 4418 qui
3187 4361 3244 4402 et
3278 4350 3495 4415 nuptias
3523 4344 3698 4418 diaboli

2161 4417 2462 4486 inventum,
2491 4429 2547 4472 et
2567 4421 2995 4488 generationem,
3025 4417 3138 4474 sive
3159 4420 3461 4487 quemlibet
3482 4417 3576 4468 viri
3596 4427 3700 4467 cum

2166 4488 2369 4542 femina
2396 4490 2746 4542 concubitum
2778 4490 2975 4542 malum
2997 4530 3014 4556 ,
3056 4490 3330 4543 nefarium
3355 4499 3408 4541 et
3435 4488 3700 4540 scelestum

495 4548 898 4634 consuetudine
922 4561 1735 4635 propemodumingenerari",
1772 4582 1837 4619 ac
1875 4584 1894 4616 ‹
1917 4548 2063 4635 igno-
2092 4548 2137 4602 Ῑ)
2165 4572 2288 4635 esse
2318 4548 3011 4635 ἰιιιρίερνειξιιίοειὺθιιιτ,1ιῖ
3031 4562 3293 4635 allium)"
3326 4559 3541 4635 νεξδὶιιιί
3569 4567 3703 4635 βξτοῗ

493 4625 693 4702 sticttm
731 4642 751 4676 ι
798 4642 895 4702 seu
923 4625 1228 4702 perlectum
1279 4625 1652 4702 Christianum
1702 4625 1870 4702 probe
1920 4625 2061 4692 scire

500 4710 528 4766 ι
554 4694 730 4766 solum
764 4694 951 4750 vitium
985 4713 1107 4753 esse
1139 4701 1452 4766 inimicum,
1488 4713 1542 4754 et
1588 4694 1813 4760 exitium
1862 4705 2061 4762 aﬂ'errc

492 4763 563 4820 iis
591 4765 685 4834 qui
713 4767 1005 4836 proficiunt
1029 4768 1094 4822 ad
1121 4763 1504 4839 cognitionem.
1548 4791 1568 4826 ι

1017 4863 1414 4922 ARTICULUS
1476 4863 1563 4920 IV.

634 4952 716 5010 De
746 4968 961 5024 peccato
991 4961 1275 5030 originali,
1319 4963 1407 5084 ξιὺί
1436 4963 1606 5018 obiter
1628 4965 1693 5020 de
1725 4966 1916 5020 Adami

1162 5047 1312 5084 oecro
1343 5049 1392 5084 ο.

1161 5047 1392 5100 peccata.

551 5119 704 5191 181
724 5119 904 5195 Quam
921 5131 1066 5175 recte
1084 5121 1335 5195 Clemens
1351 5125 1416 5177 dc
1431 5124 1760 5195 singulorum
1779 5129 2056 5183 hominum

490 5196 738 5264 peccatis
767 5191 932 5245 sentit
962 5200 1017 5245 et
1047 5193 1306 5264 diSputat,
1335 5204 1439 5247 tam
1477 5191 1665 5264 parum
1701 5211 1959 5252 accurate
1989 5201 2057 5254 de

489 5261 1024 5335 originalipeccato,
1077 5263 1329 5335 omnibus
1379 5261 1690 5321 hominibus
1737 5271 2053 5335 communi,

489 5333 729 5386 sensisse
758 5332 1122 5386 insimulatur.
1171 5331 1425 5398 Quinimo
1483 5351 1588 5388 non
1630 5341 1826 5392 desunt
1870 5331 2047 5394 adhuc

489 5401 723 5476 quidam
752 5401 975 5476 hujusce
1007 5403 1183 5476 attatis
1233 5405 1557 5476 scriptores,
1591 5409 1682 5475 qni
1719 5409 1865 5461 illum
1900 5409 2048 5476 ejus-

419 5485 424 5492 ‘
487 5471 613 5523 dem
644 5471 932 5536 originalis
960 5474 1170 5539 peccati
1206 5473 1313 5526 vim
1344 5471 1565 5530 minimc
1591 5471 2044 5532 iittellexisse'ac-

487 5550 702 5596 cnsent.
731 5540 920 5611 Utrum
957 5553 1136 5596 autem
1177 5540 1301 5608 jure
1331 5544 1413 5597 vel
1451 5544 1644 5611 injuria
1685 5548 1801 5602 hinc
1843 5550 2049 5604 erroris

489 5611 702 5663 macula
734 5610 837 5680 ipsi
882 5612 1152 5676 inuratur,
1181 5614 1292 5680 jam
1328 5615 1396 5666 ad
1439 5610 1835 5684 explorandum
1889 5620 2044 5673 nobis

555 5702 640 5780 "__l-
668 5719 723 5767 ιι,
764 5719 826 5780 p._
846 5705 971 5759 337.
1045 5706 1077 5780 ’7
1097 5707 1143 5780 l.
1171 5723 1354 5780 Vlup:
1377 5709 1499 5762 761.
1595 5711 1636 5742 ¹⁰
1661 5710 1696 5765 l.
1733 5729 1788 5774 ιι,
1825 5729 1875 5780 p.
1905 5713 2029 5770 591,

480 5772 530 5896 ει
569 5774 772 5896 ἓένοιιι.
813 5775 848 5828 Ι.
881 5791 954 5843 ιν,
983 5791 1035 5846 p.
1055 5779 1178 5832 468.
1257 5772 1468 5835 ¹⁸Ῥεα1.
1494 5796 1543 5844 ι,
1567 5780 1617 5834 7.

2124 5717 2165 5749 “
2202 5716 2237 5768 Ι.
2269 5731 2360 5780 vn,
2397 5730 2448 5782 p.
2478 5711 2604 5767 758.

1697 5783 1740 5812 ⁸⁶
1763 5782 1926 5840 Mich.
1960 5801 2035 5854 vr,
2057 5787 2110 5841 7.

2168 4630 2244 4682 ris
2272 4630 2355 4682 sui
2393 4623 2777 4684 ἀρῐέιιδίοιιειιι
2826 4631 3000 4685 tribus
3045 4629 3150 4684 illis
3199 4623 3469 4691 Jereiniaa,
3502 4623 3614 4680 Johi
3655 4631 3699 4674 et

2167 4697 2389 4754 Davidis
2420 4700 2745 4754 testimoniis
2774 4702 3088 4766 abutentes,
3130 4710 3387 4766 quartum
3427 4699 3697 4766 addebant,

2165 4785 2232 4824 ex
2294 4769 2380 4822 his
2427 4769 2608 4838 quarti
2660 4770 2782 4824 libri
2834 4770 3015 4825 Esdra:
3062 4763 3381 4838 decerptum
3426 4763 3698 4822 verbis“:

2170 4858 2189 4892 ι
2219 4841 2330 4895 Cur
2358 4843 2501 4893 enim
2531 4856 2634 4894 non
2671 4841 2767 4895 fuit
2794 4853 2975 4910 uterus
3009 4841 3200 4894 matris
3233 4856 3366 4893 meae
3395 4840 3699 4910 sepulcrum,

2164 4925 2232 4968 ne
2263 4911 2501 4964 viderem
2527 4911 2867 4965 alllictionem
2895 4909 3062 4966 Jacob
3107 4923 3163 4965 et
3216 4910 3456 4964 laborem
3505 4916 3700 4979 generis

2164 4981 2363 5039 Israel?
2397 5001 2415 5034 ι
2455 4982 2820 5046 Quamobrem
2849 4981 3118 5045 Clemens,
3145 4991 3203 5034 ut
3237 4996 3304 5034 ex
3349 4974 3535 5032 iisdem
3569 4974 3700 5028 Scri~

2164 5056 2338 5136 pluris
2382 5053 2641 5106 intortum
2685 5054 2754 5105 ab
2784 5051 2864 5105 eis
2880 5052 3066 5136 ntelum
3101 5051 3388 5136 retundat,
3419 5050 3697 5136 sic-copti:

2167 5119 2313 5193 ipsos
2339 5131 2788 5193 argumentatur:
2820 5141 2838 5173 ι
2878 5121 3068 5193 Dicant
3102 5137 3235 5191 ergo
3266 5123 3421 5173 nobis
3461 5119 3549 5193 ubi
3594 5119 3696 5193 lot-

2163 5185 2377 5249 tiicatus
2408 5185 2494 5245 Est
2544 5191 2721 5245 infans
2755 5193 2954 5246 natus?
2980 5192 3062 5245 Vel
3119 5185 3390 5259 qtiotttodu
3441 5190 3556 5259 sub

2161 5264 2592 5320 exsecrationem
2624 5264 2844 5326 cecidit,
2871 5263 2962 5332 qui
2993 5254 3241 5316 nihil'est
3275 5257 3562 5328 operatus?
3612 5254 3697 5306 lte-

2155 5345 2262 5397 stat
2291 5348 2425 5399 ergo
2441 5335 2550 5395 eis,
2580 5344 2637 5384 ut
2661 5333 2894 5398 videtur,
2921 5347 3260 5401 consequens
3301 5344 3358 5383 ut
3388 5332 3566 5383 dicant
3597 5339 3695 5374 tua-

2157 5413 2263 5468 lam
2293 5418 2412 5458 esse
2436 5403 2873 5471 generationem,
2927 5418 3032 5455 non
3084 5403 3260 5455 solum
3296 5417 3412 5453 eam
3465 5401 3695 5471 quaeest

2153 5467 2550 5545 corporisfsed
2579 5475 2741 5525 etiam
2771 5489 2890 5542 qua:
2921 5483 3006 5526 est
3029 5475 3246 5545 attitn:c_.
3285 5490 3309 5545 ι
3341 5473 3452 5545 Qua
3488 5467 3693 5545 quidem

2163 5534 2632 5616 arg'tttnen'tatiOne
2681 5534 3024 5616 manifestum
3061 5546 3175 5616 ipse
3211 5542 3340 5616 facit
3367 5534 3449 5594 his
3471 5534 3698 5616 ⁸ιῖξιιιιῆιι·

2151 5611 2252 5676 ιιιιὲ
2281 5625 2336 5671 et
2359 5614 2651 5683 Scriptura:
2673 5615 3000 5669 testimoniis
3021 5654 3036 5678 ,
3060 5615 3258 5682 quibus
3303 5611 3535 5665 haeretici
3578 5616 3692 5672 pro-

3248 5711 3291 5742 ιι
3318 5709 3464 5774 ibid,
3497 5723 3545 5776 p.
3573 5704 3688 5758 2.37.

2690 5711 2730 5744 ¹³
2762 5712 2916 5778 ibid.,
2943 5729 2995 5781 p.
3023 5710 3143 5766 709.
3248 5711 3291 5742 ³³
3318 5710 3464 5774 ihid.,
3497 5723 3545 5776 p.
3573 5710 3688 5758 157.

2694 5783 2737 5814 ⁷’
2765 5781 2912 5841 Psal.
2935 5800 2988 5845 ι..
3015 5781 3070 5838 6.
3149 5782 3192 5815 ⁸⁸
3209 5781 3368 5838 Esdr.
3396 5780 3432 5835 l.
3467 5794 3534 5845 tv,
3565 5791 3614 5830 ο.
3635 5776 3690 5837 ὃν

2190 5787 2231 5820 "
2253 5786 2362 5844 Jer.
2381 5781 2471 5850 xx,
2505 5783 2593 5838 14.
2670 5783 2737 5817 "'
2765 5781 2912 5841 Psal.
2935 5800 2988 5851 ι,
3015 5781 3070 5838 6.
