3840 6536
111 393 219 452 itis

1276 393 1365 451 DE
1402 394 1628 452 LIBRlS
1669 392 2125 451 STROMATUM.

3193 398 3332 453 ΗΑΒ

107 517 212 569 hare
235 513 492 569 volebant
519 515 928 585 generationem
959 515 1212 586 corporis
1246 516 1444 570 malam
1477 531 1600 571 esse
1625 559 1640 577 .
1673 518 1721 574 Α
1747 530 1910 586 quam
1960 512 2158 568 malam
2191 526 2296 567 non
2326 526 2448 567 esse
2485 513 2783 579 contendit,
2830 513 3183 583 generatione
3227 517 3330 569 im-

108 586 264 640 iisdem
297 600 520 654 quoque
549 587 741 642 conﬁci
767 596 819 641 et
844 586 1098 654 probari.
1152 587 1294 653 quod
1351 586 1511 640 iidem
1559 588 1635 640 illi

110 665 226 709 recte
253 665 307 708 et
339 665 662 709 constanter
706 659 997 724 negabant,
1050 655 1246 710 malam
1301 666 1357 711 et
1388 659 1640 711 vitiosam

107 742 201 778 esse
222 726 414 779 animm
448 727 880 794 generationem.
907 724 1138 779 Tantum
1171 737 1352 781 autem
1383 727 1559 793 abest,
1583 737 1644 782 ut

107 795 388 858 Cassianus,
437 797 687 864 ejusque,
740 809 931 851 contra
992 811 1126 863 quos
1172 797 1422 851 Clemens
1464 798 1644 866 tliSptt-

107 867 237 928 tat",
264 875 576 919 sectatores
607 868 952 934 depravatum
1001 868 1195 919 animae
1235 868 1640 934 generationem

107 936 390 995 crederent,
425 937 562 1002 quin
591 939 768 1001 potius
798 936 834 988 ii
868 935 988 1004 ipsi,
1022 945 1080 987 ιιι
1103 937 1232 989 alibi
1265 939 1641 1000 Ostendimus,

108 1005 864 1060 etudeutlehautsubstantiam
902 1009 1202 1059 animarum
1247 1023 1365 1061 esse
1413 1006 1502 1060 Dei
1547 1024 1642 1060 na-

110 1086 272 1128 turam.
294 1076 432 1140 Quis
475 1087 654 1128 autem
705 1091 848 1130 saurc
887 1078 1080 1130 tuentis
1126 1077 1288 1130 homo
1317 1077 1529 1130 inﬁcias
1566 1082 1645 1132 ire

108 1145 306 1198 voluerit
335 1144 442 1199 ltoc
476 1148 698 1199 unicum
751 1150 814 1198 ad
849 1146 1154 1211 hominem,
1191 1158 1246 1199 ιιι
1282 1148 1454 1209 aiunt,
1482 1162 1645 1214 argu-

107 1225 333 1274 mentum,
393 1221 461 1267 atl
519 1215 808 1268 absurdam
871 1217 1252 1270 luet-eticorum
1311 1219 1525 1272 illorum
1579 1221 1644 1272 de

108 1285 216 1337 mala
251 1287 504 1352 corporis
529 1288 880 1353 generatione
906 1289 1218 1353 opinionem
1243 1289 1458 1353 penitus
1484 1303 1644 1344 ever-

106 1358 287 1408 tendam
323 1355 572 1423 potuisse
601 1356 863 1410 Clementi
901 1367 1083 1410 nostro
1109 1359 1392 1412 sul'licere?

160 1424 410 1490 Quamvis
455 1441 591 1494 ergo
638 1427 725 1479 ille
753 1427 820 1478 de
849 1437 1070 1495 peccato
1109 1428 1361 1496 originali
1407 1427 1538 1481 nihil
1571 1428 1643 1482 ibi

105 1508 296 1561 prorsus
329 1495 605 1558 dixisset,
640 1511 702 1548 ex
737 1495 852 1560 ejus
901 1506 1076 1550 tamen
1131 1495 1344 1552 silentio
1397 1498 1643 1552 concludi

105 1565 262 1634 nequit
290 1565 442 1637 abeo
471 1577 560 1618 attl
593 1567 810 1637 minime
835 1568 1203 1632 aguitam,aut
1227 1579 1475 1637 negatam
1501 1568 1643 1621 illius

105 1634 356 1701 originalis
383 1639 598 1702 peccati
629 1636 826 1689 labent.
853 1638 990 1701 Quid
1021 1639 1205 1699 enim,
1239 1634 1434 1694 amabo
1472 1647 1523 1690 te.
1550 1677 1563 1701 ,
1597 1638 1644 1693 si

104 1706 423 1759 doctissimus
455 1706 546 1759 ille
575 1707 658 1758 vir
689 1721 1007 1773 persuasum
1057 1708 1245 1762 habuit
1284 1709 1350 1762 ad
1396 1707 1648 1763 refellen-

103 1776 181 1828 dos
202 1778 360 1829 hosce
397 1776 688 1829 btereticos
727 1776 857 1828 nihil
882 1777 982 1830 sibi
1009 1793 1142 1846 opus
1172 1792 1313 1836 esse.
1346 1787 1404 1830 ttt
1431 1780 1498 1832 atl
1532 1779 1644 1832 ori-

104 1847 268 1936 ginalis
288 1847 498 1927 peccati
533 1847 930 1936 expositiolnem
956 1848 1309 1936 conl'tltgerelt?
1328 1847 1464 1915 Quid
1494 1864 1644 1931 vero,
1678 1881 1721 1936 Β

101 1918 137 1968 ιιι
158 1917 430 1986 Ita-.reticos
461 1917 854 1982 interrogando
875 1957 890 1980 ,
913 1931 1008 1970 eos
1035 1918 1101 1970 ad
1131 1918 1401 1986 publicam
1433 1919 1637 1986 peccati

101 1986 162 2037 ori
203 1984 354 2038 inalis
369 1987 768 2041 confessionem
783 1988 945 2039 etiam
963 1984 1158 2040 invitos
1179 2003 1373 2055 cogere
1389 1984 1643 2043 valuerit?

159 2001 377 2108 arcebis
411 2066 594 2108 tamen
634 2055 884 2108 Jeremize
921 2056 1108 2108 verba
1137 2058 1206 2108 ab
1258 2059 1372 2108 ipso
1416 2073 1523 2108 non
1573 2059 1640 2108 de

205 2057 377 2122 rgehis
411 2066 594 2109 tamen
634 2055 884 2110 Jeremize
921 2056 1108 2110 verba
1137 2058 1206 2112 ab
1258 2059 1372 2125 ipso
1415 2073 1523 2112 non
1573 2059 1640 2113 de

102 2137 300 2195 peccatu
325 2126 612 2193 originali,
646 2129 740 2195 sed
771 2128 837 2179 de
873 2129 1048 2195 populi
1082 2131 1315 2192 peccatis
1352 2139 1405 2182 et
1449 2129 1635 2183 inube-

100 2194 276 2247 dieutia
321 2197 609 2267 explicari.
658 2194 924 2267 Jerentias
971 2198 1208 2264 quippe,
1240 2200 1411 2267 inquit
1450 2208 1640 2252 auctor

101 2275 281 2324 noster.
321 2280 380 2318 ea
423 2266 694 2333 protulit:
731 2285 750 2316 t
780 2266 898 2318 Non
952 2268 1198 2320 absolute
1247 2266 1637 2323 exsecraudatn

99 2333 266 2388 dicens
292 2338 742 2404 generationem,
782 2337 875 2390 sed
906 2337 1082 2406 pepuli
1119 2348 1338 2405 peccata
1387 2353 1530 2406 :rgre
1563 2340 1642 2392 leo

101 2413 310 2478 retis,_et
341 2407 790 2478 iuobedientiam.
832 2426 850 2459 ι
886 2407 1084 2461 Verum
1119 2410 1359 2478 nunquid
1391 2411 1642 2463 Clemens

98 2474 219 2526 dixit
243 2476 376 2530 banc
415 2476 589 2529 solam
620 2493 741 2529 esse
776 2478 1106 2546 objectortttu
1140 2474 1340 2532 sihi'ab
1373 2479 1640 2533 lucreticis

97 2546 360 2597 verborum
395 2547 939 2613 iuterprelatiOnetn,
975 2563 1070 2600 nec
1108 2548 1267 2600 ullam
1300 2551 1460 2602 aliam
1487 2565 1640 2616 teque

99 2627 255 2688 veram
287 2632 316 2667 a
351 2629 628 2684 quoquam
659 2617 840 2669 alfet'ri
876 2618 1070 2685 posse?
1103 2616 1250 2672 llanc
1281 2619 1462 2688 itaque
1483 2659 1497 2682 ,
1533 2618 1638 2674 alia

100 2683 297 2755 minime
325 2683 578 2755 excepta,
617 2688 828 2752 attulit;
867 2683 989 2754 quia
1021 2688 1133 2740 sola
1164 2691 1228 2741 :ttl
1254 2683 1636 2743 destruendum

99 2752 478 2809 hereticorttttr
496 2771 743 2810 errorem
773 2752 930 2826 plane
954 2757 1272 2812 subiciebat.

150 2825 222 2876 Ad
278 2826 490 2891 objecta
549 2837 733 2880 autent
774 2825 862 2881 fab
911 2827 1181 2881 ltazt'eticis
1239 2831 1353 2883 haec
1419 2826 1640 2884 Davitlis

97 2897 234 2947 verba
265 2917 277 2949 :
313 2913 332 2946 ι
382 2897 437 2949 Ιιι
471 2897 720 2963 peceatis
768 2909 1067 2967 conceptus
1118 2914 1256 2960 sunt,
1313 2916 1332 2950 ι
1385 2915 1506 2951 cum
1563 2915 1642 2951 re-

97 2967 304 3042 spondet
331 2983 400 3042 :_t
435 2967 501 3019 Et
542 2967 585 3018 si
623 2967 676 3020 itt
721 2971 956 3036 peccatis
1002 2967 1110 3042 fuit
1151 2978 1448 3037 conceptus
1473 3008 1488 3033 ,
1545 2970 1638 3022 Sed

98 3050 182 3086 non
207 3039 321 3094 inse
352 3038 406 3090 iu
441 3048 673 3104 peccato
694 3077 710 3100 ,
741 3054 916 3106 neque
943 3053 1070 3090 vero
1102 3038 1216 3107 ipse
1251 3047 1568 3105 peccatum;
1613 3056 1631 3089 ι

97 3109 314 3173 tutuquitl
343 3109 469 3174 jure
501 3107 698 3159 merito
731 3109 880 3176 argui
933 3117 1111 3177 potest
1175 3108 1373 3161 uttllam
1418 3123 1640 3176 prorsus

95 3179 278 3241 peccati
305 3177 598 3246 originalis
634 3177 832 3230 fecisse
859 3179 1228 3230 mentionem?
1270 3178 1345 3231 lbi
1376 3179 1520 3230 enim
1551 3180 1639 3232 ille

98 3261 240 3298 unum
273 3263 372 3315 pro
405 3262 530 3308 sua,
575 3261 668 3299 seu
699 3249 876 3314 potius
909 3249 1192 3300 catholicae
1220 3248 1475 3302 Ecclesia:
1508 3264 1636 3302 seu-

97 3317 276 3382 tentia;
329 3318 567 3371 alterum
603 3327 794 3370 contra
835 3316 1054 3386 impium
1084 3317 1330 3371 Cassiani
1375 3319 1634 3385 aliorum-

94 3399 179 3451 que
200 3389 586 3442 lttereticorum
613 3399 980 3440 commentum
1021 3389 1412 3456 pronuntiavit.
1447 3387 1510 3441 Et
1540 3405 1636 3455 pro

93 3468 172 3506 sua
200 3459 416 3526 quidem
457 3457 876 3526 ortltotloxaque
918 3458 1187 3511 sententia
1221 3459 1358 3512 dixit
1389 3476 1402 3512 :
1444 3459 1553 3512 Καὶ
1588 3461 1635 3513 εἰ

92 3525 138 3577 ὲν
159 3525 451 3600 ἁμαρτίαις
485 3525 818 3600 συνελήφθη,
849 3544 869 3577 ς
897 3539 944 3580 et
979 3529 1023 3582 si
1053 3529 1103 3581 itt
1128 3527 1482 3600 peccatisl'ttit
1503 3545 1637 3600 cou-

91 3597 278 3663 eeptus.
313 3617 334 3650 ι
388 3600 597 3652 Contra
640 3599 924 3650 lueretieos
958 3613 1117 3651 vero:
1157 3597 1297 3650 Ἀλλ’
1333 3599 1432 3651 οὐκ
1474 3599 1635 3663 αὐτὸς

90 3665 136 3740 ἐν
157 3668 416 3740 ἁμαρτίᾳ,
451 3666 579 3719 οὐδὲ
610 3666 706 3736 μὲν
731 3667 973 3738 ἁμαρτία
1005 3669 1186 3732 αὐτὸς,
1215 3686 1233 3719 t
1265 3671 1356 3722 sed
1388 3684 1490 3721 non
1525 3670 1636 3735 ipse

91 3736 135 3789 in
181 3736 422 3805 peccato,
477 3754 660 3802 neque
709 3736 981 3807 vero—ipse
1024 3750 1325 3804 peccatum.
1374 3758 1392 3791 ι
1424 3740 1632 3804 Quibus

91 3812 308 3875 proiecto
338 3811 521 3862 verbis
544 3808 798 3861 Clemens
825 3821 1009 3862 noster
1029 3809 1167 3862 haud
1202 3811 1433 3863 obscure
1459 3810 1636 3862 deela—

91 3889 178 3949 rat,
212 3880 368 3949 182
401 3882 623 3949 etiamsi
666 3879 851 3944 David,
883 3889 938 3929 ιιι
966 3881 1230 3949 catholica
1265 3884 1422 3932 docet
1451 3879 1636 3933 Eccle-

89 3948 170 4018 sia,
211 3947 559 4018 iii—peceatis,
587 3947 640 4000 id
671 3958 753 4000 est
788 3948 1034 4016 originali
1067 3958 1313 4017 peccalo.
1341 3959 1635 4018 conecpttts

87 4016 266 4088 fuerit;
293 4016 418 4072 ιιοιι
451 4021 582 4071 inde
609 4030 790 4072 tamen
826 4023 892 4072 ab
932 4016 1202 4073 btet'eticis
1249 4035 1408 4088 posse
1436 4016 1626 4074 inferri

86 4087 212 4142 illum
245 4093 298 4144 iit
324 4102 579 4158 peccato,
612 4091 694 4141 vel
733 4091 908 4154 politis
939 4099 1219 4158 peceatum
1254 4091 1440 4154 luisse,
1470 4089 1637 4143 eoui-

85 4160 257 4211 mirum
293 4177 485 4220 sensu,
509 4173 626 4226 quo
649 4159 724 4211 illi
755 4159 1178 4229 stulteomuiuo
1207 4161 1520 4229 garriebant
1555 4159 1636 4210 vi-

85 4229 255 4284 tio~ant
295 4241 353 4284 et
396 4237 722 4297 corruptam
772 4244 893 4283 esse
927 4228 1174 4295 Daviilis,
1209 4228 1636 4299 ceterorumque

85 4299 346 4371 hominum
395 4300 811 4371 generationem
840 4339 856 4362 ,
912 4299 1140 4370 ejusque
1187 4312 1466 4355 auctorem
1527 4315 1632 4354 non

84 4367 228 4424 Deum
254 4367 421 4434 esse;
439 4369 539 4424 sed
571 4370 867 4422 diabolum.

138 4439 374 4509 Denique
401 4458 510 4495 non
535 4441 934 4493 tuiuttsattenla
961 4439 1394 4495 consideratione
1410 4439 1634 4510 dignum

78 4511 274 4566 videtur
299 4513 610 4567 Clementis
635 4511 700 4562 ad
723 4510 954 4564 Michaae
982 4515 1142 4564 verba
1164 4525 1500 4579 responsum.
1516 4512 1636 4565 Cla-

1752 584 2026 654 pulsiones
2059 593 2129 654 et,
2168 593 2350 638 motus
2397 597 2519 637 esse
2569 598 2757 639 revera
2819 586 3161 654 impietates,
3223 587 3328 640 nisi

1753 669 2067 723 persuasum
2119 653 2234 722 ipse
2282 657 2505 707 omnino
2536 654 2788 708 habuerit
2837 653 3116 709 hominem
3170 655 3326 710 nasci

1749 725 1996 794 originali
2029 723 2436 792 coinquinatum
2458 732 2703 792 peccato,
2736 737 2802 776 ex
2834 739 2942 790 quo
2971 735 3227 794 tanquam
3255 741 3328 780 ex

1754 793 1902 848 fonte
1935 805 1991 848 et
2023 796 2195 863 prima
2227 793 2438 860 origine
2467 793 2786 848 exoriuntur
2819 794 2894 847 illi
2937 793 3093 862 pravi
3121 804 3322 860 motus,

1750 879 2126 934 perversa-que
2154 865 2564 934 impulsiones,
2628 882 2648 916 ‹
2694 879 2790 933 per
2835 879 2971 934 quas
3004 865 3170 919 Deum
3217 881 3326 920 non

1751 933 2167 1003 ceguoscimus?
2203 952 2222 984 ι

1822 999 1898 1058 Ne
1935 1015 2110 1057 tamen
2139 1004 2316 1057 adhuc
2339 1005 2604 1058 instarent
2629 1002 2893 1061 hrrretici.
2930 1012 3100 1073 atque
3125 1004 3324 1060 frustra

1753 1084 2009 1143 putarent
2035 1089 2093 1128 se
2123 1075 2246 1128 inde
2273 1089 2429 1139 posse
2452 1075 2776 1128 concludere
2798 1073 2996 1127 malam
3022 1075 3244 1128 omnino
3272 1085 3328 1129 et

1753 1162 1780 1214 a
1835 1145 2052 1198 dialmlo
2105 1159 2227 1214 esse
2261 1145 2499 1199 hominis
2529 1145 2978 1214 generationem,
3036 1156 3329 1212 eapropter

1751 1213 2004 1268 Clemens
2033 1212 2236 1267 addidit
2260 1230 2380 1268 eam
2404 1212 2631 1268 eatenus
2655 1229 2777 1268 esse
2799 1217 3018 1276 bonam,
3055 1225 3327 1282 quatenus

1750 1300 1848 1353 per
1878 1285 2043 1351 ipsam
2082 1284 2248 1336 Deum
2282 1286 2681 1352 cognoscimus.
2704 1283 2818 1336 Nisi
2843 1287 2989 1336 enim
3032 1285 3142 1339 nati
3175 1300 3328 1340 esse-

1751 1370 1890 1414 mus,
1918 1355 2082 1408 Deum
2097 1353 2282 1422 utique
2297 1371 2570 1422 nunquam
2594 1357 2959 1422 potuissemus
2973 1370 3325 1422 cognoscere.

1823 1423 1987 1478 Vides
2028 1425 2189 1492 igitur
2209 1427 2482 1490 quomodo
2512 1426 2763 1479 Clemens
2792 1440 3020 1490 pravmn
3047 1427 3327 1480 haeretico-

1755 1510 1872 1548 rum
1922 1495 1989 1549 de
2023 1494 2159 1547 tuala
2217 1494 2452 1548 hominis
2507 1497 2861 1565 generatione
2912 1509 3158 1549 errorem
3227 1498 3324 1548 de-

1752 1565 2032 1622 struendo.
2067 1572 2121 1616 et
2149 1566 2327 1616 varias
2355 1579 2545 1617 eorum
2580 1565 2819 1618 rationes
2855 1580 2922 1617 ex
2962 1581 3116 1618 sacra
3166 1565 3323 1618 Scri-

1750 1644 1904 1705 ptura
1942 1634 2451 1705 petitasrdiluentlo.
2484 1636 2577 1705 de
2609 1635 2888 1702 originalis
2932 1637 3143 1702 peccati
3197 1634 3320 1690 labe

1755 1701 2045 1774 pravisque
2103 1703 2248 1756 illius
2295 1701 2577 1758 ell'ectibus
2627 1701 2841 1773 penitus
2893 1701 3000 1758 neu
3055 1707 3320 1770 tacuerit,

1752 1773 2032 1839 ll’llliloqlle
2068 1775 2250 1826 minus
2278 1773 2407 1826 illttd
2439 1775 2600 1827 fuerit
2635 1773 2925 1828 inliciatus.
2961 1775 3202 1843 Denique
3238 1784 3319 1827 la-

1754 1845 1910 1898 tuetsi
1939 1843 2069 1896 illttd
2100 1844 2325 1896 omnino
2355 1845 2552 1899 tacitus
2584 1844 2656 1897 ibi
2702 1845 3160 1913 prmterttiisisset,
3188 1845 3319 1913 quia

1748 1915 1910 1966 etiam
1938 1914 2056 1967 sine
2089 1913 2231 1966 illius
2266 1914 2786 1967 comntetuoratimte
2809 1930 2999 1967 munes
3030 1916 3318 1968 ltazretico-

1747 1999 1865 2036 rum
1898 1983 2276 2054 cavillationes
2303 1983 2512 2037 solvere
2541 1997 2593 2037 et
2624 1997 2874 2038 evertere
2922 1983 3176 2038 facillime
3224 2000 3323 2054 po-

1746 2062 1907 2123 terat,
1925 2068 2004 2123 rex
2037 2053 2153 2120 ejus
2179 2054 2363 2118 utique
2382 2054 2624 2116 silentio,
2659 2061 3006 2123 quantumvis
3029 2053 3314 2119 altissimo,

1741 2122 1933 2175 coulici
1951 2139 2223 2188 nunquam
2241 2123 2437 2188 poterit
2454 2136 2644 2187 negato
2659 2122 2701 2175 ,ιι
2725 2124 2792 2176 ab
2810 2125 2922 2192 ipso
2942 2125 3106 2179 fuisse
3127 2140 3321 2192 pecca-

1745 2200 1854 2244 tum
1870 2192 2153 2261 originale,
2169 2203 2262 2245 aut
2276 2207 2378 2244 non
2396 2194 2630 2260 agnitam
2649 2195 2763 2259 ejus
2777 2194 2947 2246 labent
2961 2205 3012 2249 et
3031 2194 3317 2248 maculam.

1817 2262 2016 2332 Contra
2049 2273 2229 2316 tamen
2268 2264 2507 2330 insurget
2535 2266 2766 2316 fortasse
2795 2264 3016 2331 aliquis,
3051 2265 3317 2332 uobisque

1742 2330 1964 2396 objiciet
1988 2332 2322 2386 Cletuentetn
2353 2344 2596 2386 nostrum
2622 2345 2840 2401 putasse
2874 2330 3186 2387 Sanctorum
3221 2330 3322 2386 sal-

1743 2412 1849 2472 tem
1883 2403 2160 2455 hominum
2189 2404 2333 2456 lilios
2359 2405 2506 2457 nasci
2540 2404 2822 2472 originalis
2852 2405 3060 2471 peccati
3095 2409 3316 2472 penitus

1744 2471 2013 2526 inuuttues
2051 2486 2062 2520 :
2119 2490 2138 2524 ι
2194 2473 2394 2525 Eorum
2429 2474 2722 2542 siquidem,
2772 2474 2948 2542 inquit
3003 2471 3105 2528 ille
3143 2475 3190 2506 ⁸ο
3222 2474 3316 2541 qui

1743 2550 1870 2594 sunt
1903 2541 2246 2602 sattctilicati.
2286 2541 2530 2596 sanctum
2571 2558 2808 2612 quoque,
2845 2541 2903 2599 ut
2942 2554 3094 2612 pulo,
3125 2559 3310 2598 semen

1743 2622 1848 2666 est.
1894 2630 1912 2662 ι
1945 2612 2050 2665 Sed
2081 2627 2240 2666 verus
2269 2611 2463 2666 horum
2494 2611 2782 2667 verborum
2819 2611 3013 2667 sensus
3050 2621 3108 2667 ut
3141 2615 3320 2681 perci-

1742 2683 1940 2750 piatur,
1970 2692 2116 2735 totus
2144 2683 2296 2736 locus
2325 2684 2712 2736 describendas
2733 2693 2814 2736 est
2843 2701 2855 2736 :
2886 2703 2905 2734 ι
2942 2684 3302 2748 Sceleratum,

1741 2754 1818 2803 ait
1869 2751 2143 2813 Clemens,
2204 2754 2450 2806 dicentes
2506 2754 2590 2806 isti
2639 2770 2761 2807 esse
2791 2755 3030 2816 coitum,
3089 2755 3179 2822 qui
3215 2752 3318 2821 ipsi

1741 2835 1953 2892 quoque
1982 2823 2437 2892 uteousistereut,
2461 2839 2527 2875 ex
2551 2823 2696 2876 coitu
2727 2839 3010 2891 accepere,
3037 2825 3314 2892 quomodo

1743 2905 1852 2962 non
1893 2891 2096 2944 fuerint
2126 2892 2419 2946 scelerati?
2451 2891 2648 2945 Eorum
2680 2904 2860 2945 autem
2897 2893 2991 2962 qui
3021 2891 3148 2945 sunt
3189 2908 3317 2946 sau-

1743 2961 1990 3018 ctilicati.
2036 2973 2284 3014 sanctum
2326 2978 2566 3032 quoque,
2595 2972 2651 3015 ιιι
2680 2976 2829 3032 puto.
2866 2978 3051 3017 semen
3097 2973 3201 3016 est.
3237 2966 3314 3018 Ac

1742 3031 1900 3084 nobis
1931 3032 2147 3098 quidem
2200 3031 2359 3086 debet
2390 3046 2511 3086 esse
2560 3031 2936 3088 sanctilicatus
2987 3049 3096 3086 ttntt
3134 3032 3309 3086 solum

1743 3101 1982 3168 spiritus,
2010 3102 2100 3154 sed
2135 3110 2190 3154 et
2213 3116 2413 3164 mores,
2442 3114 2498 3156 et
2525 3104 2652 3165 vita,
2678 3115 2732 3155 et
2759 3119 2982 3170 corpus.
3019 3105 3151 3155 Nam
3177 3119 3314 3168 qua-

1744 3186 1872 3223 nam
1913 3171 2121 3225 ratione
2151 3173 2285 3225 dicit
2316 3170 2514 3224 l’aulus
2543 3174 2818 3240 apostolus
2851 3188 2973 3227 esse
2999 3175 3312 3227 sanctilica-

1746 3251 1854 3294 tam
1906 3239 2184 3294 mulierem
2241 3256 2270 3293 a
2317 3242 2472 3305 viro,
2531 3239 2622 3294 aut
2664 3245 2836 3296 virmu
2885 3260 2915 3296 a
2970 3242 3240 3296 muliere?
3284 3262 3305 3295 ο

1744 3311 1972 3383 Eosdem
1997 3312 2068 3362 ibi
2093 3312 2342 3383 Clemens
2369 3328 2432 3365 ac
2455 3313 2708 3379 superius
2733 3315 2973 3383 exagitat
3001 3315 3310 3378 haereticos,

1743 3382 1848 3452 qui
1882 3380 2194 3442 συνουσίαν.
2248 3382 2488 3446 coitum,
2526 3387 2640 3435 sive
2692 3380 2986 3452 queuilibet
3027 3384 3126 3435 viri
3182 3399 3308 3435 cum

1744 3450 1968 3523 muliere
2000 3453 2372 3523 concubitum,
2406 3454 2585 3506 scelus
2615 3463 2668 3504 et
2690 3450 2951 3523 llagitium
3001 3468 3129 3508 esse
3161 3467 3314 3506 som-

1744 3521 1988 3574 niabant.
2017 3521 2322 3576 l’titliculum
2373 3532 2552 3576 autem
2579 3523 2706 3574 illud
2733 3521 3010 3591 opinionis
3032 3538 3314 3576 commen-

1745 3601 1855 3662 tum
1882 3591 2002 3644 ideo
2029 3607 2170 3645 nunc
2202 3591 2448 3644 confutat
2477 3594 2745 3654 Clemens,
2773 3596 2897 3662 quia
2931 3597 3143 3661 ipsimet
3169 3593 3314 3647 illius

1743 3659 1990 3716 fautores
2043 3663 2346 3716 sceleratos
2398 3677 2457 3716 se
2498 3677 2620 3717 esse
2654 3659 2990 3717 fatebantur.
3039 3665 3310 3717 Praeterea

1749 3747 1768 3782 ι
1796 3732 2279 3797 sanetilicatorum,
2305 3751 2326 3784 ι
2365 3740 2537 3802 pergit
2573 3735 2846 3799 Clemens,
2885 3752 2903 3783 ι
2933 3745 3204 3800 sanetum,
3254 3743 3318 3785 ut

1742 3811 1893 3871 puto,
1944 3817 2130 3855 semen
2178 3811 2282 3866 est,
2311 3820 2330 3854 ι
2361 3818 2466 3856 ιιοιι
2515 3819 2577 3857 ea
2607 3805 2822 3871 quidem
2853 3807 3168 3867 sanctitate,
3197 3819 3304 3872 qua

1742 3873 1860 3926 sine
1907 3872 2175 3941 baptismo
2209 3873 2379 3940 possit
2402 3875 2524 3942 quis
2553 3886 2646 3927 attt
2675 3886 2936 3928 aeternam
2989 3876 3306 3928 felicitatem

1742 3942 2006 4009 adipisci,
2041 3951 2135 3993 aut
2188 3943 2558 3996 remissionem
2609 3946 2858 4012 accipere
2902 3957 3250 4012 peccatorum
3289 3958 3305 3996 :

1741 4014 1835 4066 sed
1867 4013 1954 4063 tali
1983 4012 2292 4075 sanctitate,
2321 4015 2465 4082 quali
2488 4015 2784 4082 Apostolus
2806 4016 2997 4067 scrtbit
3018 4017 3193 4066 virum
3213 4023 3312 4065 aut

1741 4083 2020 4136 mulierem
2056 4081 2388 4135 iulideletn’a
2423 4081 2561 4136 lideli
2616 4100 2635 4134 ι
2679 4085 3026 4138 sanctilieari.
3059 4102 3078 4136 ι
3106 4084 3313 4149 Quatu-

1741 4153 1928 4206 obrem
1995 4150 2364 4204 'l’ertullianus
2409 4154 2472 4206 ad
2519 4154 2815 4207 Clementis
2863 4155 3033 4207 nostri
3066 4168 3307 4207 mentem

1741 4223 1875 4276 satis
1915 4221 2158 4288 apposite
2186 4222 2326 4275 dixit
2349 4223 2391 4252 “
2431 4241 2446 4275 :
2482 4241 2500 4274 t
2543 4224 2835 4292 Apostolus
2871 4238 2936 4276 ex
2969 4224 3313 4276 sanctilicato

1743 4292 2165 4363 alterutrosexu
2195 4301 2418 4346 sanatos
2450 4294 2726 4363 pr0creari
2751 4294 2824 4346 ait
2853 4305 2961 4348 tam
2988 4307 3053 4347 ex
3078 4293 3310 4348 seminis

1743 4362 2125 4428 praerogativa,
2151 4376 2313 4430 quam
2343 4379 2407 4415 ex
2437 4362 2790 4418 institutionis
2824 4363 3139 4433 disciplina.
3188 4363 3307 4418 Cae-

1743 4441 1939 4494 terum,
1973 4433 2166 4500 inquit,
2193 4434 2454 4486 immundi
2477 4442 2848 4501 nascerentur,
2875 4435 3028 4502 quasi
3055 4433 3314 4502 designa-

1745 4512 1828 4556 tos
1863 4511 2039 4565 tamen
2065 4503 2365 4567 sanctitati,
2401 4518 2464 4555 ac
2488 4520 2587 4573 per
2614 4507 2718 4559 hoc
2742 4507 2907 4559 etiam
2932 4505 3114 4566 saluti,
3147 4503 3310 4557 intel-

79 4586 280 4652 tuabaul
305 4581 518 4637 etenim
549 4581 791 4652 lucretici
819 4582 964 4634 illum
991 4581 1044 4635 in
1083 4573 1380 4650 prophetiae
1409 4596 1522 4636 sua:
1573 4581 1637 4633 li-
1672 4589 1716 4642 ι)
1746 4573 1836 4642 ligi
1869 4574 2328 4652 voiettsdidelium
2379 4574 2557 4652 tilias;
2607 4587 2666 4627 ιιι
2709 4576 2870 4642 hujus
2916 4575 3030 4643 spei
3079 4577 3308 4652 pignore

75 4650 158 4724 luo
186 4654 516 4724 scripsisse:
543 4669 564 4701 ι
594 4649 813 4724 Videam
843 4649 1199 4724 primogenita
1234 4668 1330 4719 pro
1364 4652 1642 4724 impietate

75 4720 544 4776 lructum’veutris
581 4722 684 4773 mei
706 4737 803 4788 pro
838 4727 1076 4788 peccatis
1106 4722 1300 4775 anima:
1329 4737 1512 4775 tuear.»
1533 4722 1637 4774 Sed

72 4791 130 4862 ad
174 4794 310 4858 lucc,
344 4792 810 4862 quemadmodum
839 4794 908 4862 ad
937 4794 1214 4860 superiora
1263 4791 1475 4862 Davidts
1516 4805 1636 4844 ver-

73 4861 148 4927 ba,
183 4860 440 4917 Clemens
473 4867 589 4914 duo
613 4861 841 4928 reponit.
881 4860 1063 4915 Primo
1095 4862 1316 4930 quidem
1361 4861 1634 4923 hlicltmas,

74 4936 138 4984 uti
162 4935 397 5000 ipsemet
428 4933 694 4987 Clemens
721 4931 957 4998 loquitur
989 4952 1000 4986 :
1049 4949 1068 4983 ι
1110 4933 1224 4985 Non
1249 4941 1468 4986 accusat
1488 4947 1634 4994 eum,

71 5005 148 5071 qui
179 5007 365 5058 dixit:
404 5003 662 5058 Crescite
702 5010 756 5054 et
781 5003 1266 5071 multiplicamini,
1318 5020 1338 5053 ι
1383 5003 1486 5056 hoc
1531 5013 1635 5064 εει,

69 5070 270 5127 divinus
313 5074 413 5127 ille
457 5072 725 5142 propheta
775 5070 1084 5125 Deututtott
1113 5081 1356 5137 accusat,
1385 5072 1475 5142 qtti
1511 5087 1633 5126 cum

69 5144 252 5198 dixerit
282 5160 299 5196 :
343 5165 363 5195 ι
396 5143 653 5198 Crescite
679 5151 734 5194 et
763 5142 1214 5209 tuultiplicmuiui,
1249 5162 1268 5194 ι
1304 5159 1408 5195 ιιοιι
1436 5143 1629 5194 utalatu

68 5217 529 5270 stcotCassiauos
563 5226 791 5279 ejusque
817 5210 1080 5274 fautores,
1118 5213 1211 5264 sed
1238 5214 1434 5265 bonam
1466 5227 1631 5284 gene-

69 5289 318 5339 rationem
338 5299 468 5338 esse
500 5293 693 5351 aperte
710 5284 1055 5350 signiﬁcavit.
1085 5284 1332 5335 Secundo
1354 5283 1628 5342 Michteas,

65 5366 110 5404 et
143 5358 209 5407 ita
241 5358 470 5424 quidem
510 5363 711 5404 auctor
741 5364 925 5404 noster
947 5353 1330 5422 prosequitur:
1368 5371 1385 5403 t
1421 5353 1633 5406 Prunas

65 5424 409 5490 llilplllblUNCS
433 5435 491 5478 et
525 5433 708 5476 tttottts
723 5439 786 5475 ex
811 5426 1175 5491 generatione,
1192 5439 1288 5491 per
1310 5439 1444 5490 quos
1470 5425 1632 5475 Deum

64 5510 154 5546 non
189 5497 628 5564 t'ogttost'ittitts,
670 5496 798 5564 dicit
826 5495 1142 5564 tittpictatcs
1171 5513 1182 5546 :
1218 5511 1239 5564 ι
1278 5493 1388 5556 Τὰς
1414 5491 1636 5564 πρώτας

63 5565 117 5617 ὲκ
142 5567 416 5636 γενέσεως
444 5561 648 5634 ὁρμὰς,
673 5562 790 5614 καθ’
813 5562 876 5626 ἃς
893 5563 1023 5616 Θεὸν
1041 5563 1100 5614 οὐ
1124 5561 1478 5633 γινώσκομεκί,
1507 5565 1636 5636 ἀσε-

63 5634 197 5702 6ειάς
220 5640 404 5706 λέγει..
441 5637 923 5706 Quomodoautem
953 5649 1019 5686 ex
1042 5637 1294 5706 raltcba-a:
1324 5637 1500 5688 verbis
1522 5634 1636 5687 colo

63 5706 213 5777 ltgere
235 5705 506 5764 Clemens
531 5706 708 5772 po.uit
742 5705 914 5773 ipsum
943 5705 1146 5758 dixisse
1172 5707 1377 5772 primas
1397 5721 1464 5758 ex
1496 5707 1634 5773 ipsa,

123 5805 162 5837 "
189 5806 283 5863 lib.
317 5821 361 5861 ιι
421 5804 546 5874 App

62 5876 239 5941 auiut..
269 5893 324 5933 c.
347 5874 448 5931 59.
477 5869 490 5874 ”
514 5869 576 5904 ’θ’
607 5869 808 5925 Strom.
835 5872 870 5924 Ι.
897 5886 980 5938 ιιι,
1005 5886 1058 5943 p.
1091 5869 1215 5925 453.

551 5814 661 5862 ar.,
694 5815 745 5852 c.
772 5799 822 5865 7,
854 5813 959 5854 art.
993 5800 1060 5864 ὃς
1093 5807 1153 5870 et
1171 5815 1291 5870 sup.
1325 5802 1427 5858 hoc
1453 5801 1570 5869 lib.,
1599 5816 1647 5856 c.
1675 5799 1765 5866 l3,
1793 5806 1897 5853 art.
1919 5799 1974 5853 5.

1747 4643 2128 4708 matrimoniis,
2161 4659 2282 4714 qua:
2313 4645 2594 4698 retinenda
2629 4654 2940 4709 censuerat,
2992 4643 3306 4714 patrocina-

1746 4725 1922 4768 retur.
1955 4713 2214 4780 Alioquin
2247 4717 2568 4768 meminerat
2598 4714 2894 4769 Dominica:
2922 4713 3250 4769 delimtionis
3287 4731 3302 4767 :

1735 4782 1848 4837 Nisi
1881 4785 2011 4856 quis
2049 4793 2362 4856 nasceretur
2385 4800 2452 4839 ex
2477 4801 2614 4855 aqua
2643 4795 2698 4840 et
2724 4789 2941 4856 spiritu,
2978 4800 3088 4856 nou
3113 4785 3210 4838 ibit
3247 4785 3301 4836 in

1738 4870 1962 4922 regnum
1999 4855 2114 4917 Dei,
2149 4853 2200 4906 id
2227 4864 2310 4907 est
2371 4871 2477 4908 non
2512 4853 2617 4910 erit
2647 4853 2892 4910 sanctus.
2935 4877 2954 4908 ι
2989 4855 3093 4909 Sed
3128 4859 3194 4906 de
3221 4857 3306 4907 his

1735 4925 2261 4995 pluragAugustinus
2293 4925 2389 4978 lib.
2417 4941 2458 4980 tt
2495 4926 2572 4980 De
2603 4938 2804 4995 peccat.
2835 4943 2965 4980 mer.
2995 4937 3040 4976 et
3068 4924 3303 4995 remisi”

1737 4993 1856 5063 cap.
1889 4993 1980 5055 Q6,
2021 5008 2142 5062 pag.
2177 4996 2279 5057 62,
2317 5003 2372 5047 et
2401 4997 2496 5051 lib.
2536 4993 2616 5062 tu,
2643 5014 2692 5050 c.
2725 4998 2814 5060 12,
2849 5013 2901 5066 p.
2936 4996 3027 5059 82,
3052 5004 3105 5048 et
3128 4993 3298 5066 alibi;

1739 5081 1837 5118 nec
1869 5081 1974 5119 nou
1999 5075 2054 5118 et
2081 5066 2228 5117 llier.
2259 5067 2418 5133 epist.
2450 5067 2552 5121 155
2579 5068 2648 5121 ad
2682 5064 2915 5132 Paulina
2947 5069 3034 5120 ubi
3065 5073 3120 5117 et
3152 5064 3297 5116 hunc

1739 5134 2054 5189 Tertulliani
2088 5137 2266 5187 locum
2301 5138 2551 5190 laudasse
2583 5139 2816 5200 videtur,
2847 5135 3094 5203 quamvis
3113 5147 3302 5203 errore

1740 5206 1944 5276 aliquo,
1985 5205 2068 5256 vel
2108 5206 2382 5258 memoria:
2417 5206 2572 5276 lapsu
2602 5209 2740 5262 liber
2769 5208 2846 5260 De
2869 5202 3212 5273 monogamia
3245 5202 3300 5255 itt

1739 5275 1854 5343 ejus
1888 5285 2035 5328 textu
2063 5276 2259 5328 citatus
2287 5275 2516 5343 legatur.

1812 5347 1919 5399 Sed
1943 5349 2194 5413 agedum,
2218 5342 2436 5412 jamque
2461 5347 2737 5401 videamus
2762 5343 3031 5415 quomodo
3050 5342 3304 5397 Clemens

1744 5429 1934 5472 noster
1963 5416 2082 5469 altis
2121 5417 2172 5467 ιιι
2207 5417 2358 5468 ltbris
2400 5419 2574 5484 ipsuttt
2620 5417 2879 5484 originale
2906 5423 3180 5484 peccatum
3211 5428 3303 5465 re-

1747 5490 1858 5555 ipsa
1887 5490 2168 5552 agnoverit
2193 5486 2258 5538 ³³.
2287 5486 2605 5538 Eorututlent
2629 5485 2813 5553 igitur,
2837 5500 2973 5555 quos
3010 5499 3171 5551 supra
3204 5497 3302 5536 uo-

1748 5560 2002 5619 tavitnus,
2038 5557 2446 5618 luereticorum,
2481 5557 2692 5624 nuptias
2722 5558 2773 5607 iu
2801 5569 2986 5609 ootutn
3022 5557 3300 5607 Creatoris

1745 5633 2244 5693 coudetnuautmtu,
2271 5628 2359 5680 ubi
2394 5629 2603 5693 objecta
2638 5628 2818 5692 diluit,
2859 5634 3140 5694 peccatum
3176 5637 3300 5677 esse

1748 5703 1944 5754 auium:
1983 5707 2213 5752 mortem
2241 5700 2594 5751 demonstrat.
2636 5696 2744 5750 Sed
2777 5714 2906 5768 quo,
2936 5707 3112 5763 putas,
3140 5709 3302 5761 argu-

2087 5796 2132 5829 ¹⁰
2171 5797 2374 5853 Strata.
2399 5796 2432 5850 l.
2465 5810 2548 5862 ιιι,
2576 5813 2630 5869 p.
2671 5793 2798 5850 H5.
2893 5795 2937 5825 ⁸¹
2979 5792 3187 5850 Tertul.
3227 5796 3302 5850 De
