3840 6534
128 406 236 463 lll9

1266 394 1269 397 ’
1298 398 1388 457 DE
1418 399 1639 458 LIBRIS
1677 398 2126 458 STROMATUM.

3196 398 3360 458 1151..

131 524 393 593 interiecto
431 520 1027 591 temporisinterVailo,
1054 520 1277 593 fuisses
1314 523 1424 578 Deo
1455 522 1670 578 condita
1700 531 1745 586 Α
1851 522 2090 589 Denique
2117 518 2368 575 Clemens
2401 518 2504 593 hoc
2532 518 2813 593 Ceneser
2845 518 3068 573 verbum
3105 538 3125 571 ι
3162 517 3270 584 die,
3308 541 3333 574 ι

129 607 173 650 et
196 591 368 648 creata
409 610 425 647 :
462 607 655 647 verum
686 594 847 646 etiam
882 605 979 645 cur
1003 606 1065 644 ea
1096 591 1383 646 subcisivis
1403 594 1674 648 nihilomi-

129 679 215 718 nus
263 663 605 732 temporibus
647 671 850 732 creata
897 661 1173 732 dicantur.
1221 661 1424 732 diserte
1454 664 1534 717 sic
1573 678 1669 717 ex-

129 735 316 803 plicat:
354 730 392 783 ί
434 733 569 798 Qua:
606 730 859 803 diversis,
906 731 1083 799 inquit
1116 731 1184 794 ³³,
1217 731 1409 786 diebus
1452 731 1671 787 fuerunt

130 801 439 865 creationes,
498 801 739 855 maxima
782 810 1021 869 accepta:
1069 810 1193 853 sunt
1243 803 1667 869 consequentia;

131 882 291 941 utpote
320 872 470 941 quod
520 873 727 931 omnia,
778 885 899 937 qua:
954 870 1090 941 facta
1144 877 1288 937 sunt,
1344 887 1465 939 qua:
1510 873 1670 927 simul

129 951 288 997 creata
320 940 450 995 sunt
476 956 600 995 cum
629 941 979 1008 cogitatione,
1001 940 1258 992 honorem
1284 942 1390 995 sint
1415 941 1599 995 habitu
1612 956 1668 994 ra

127 1028 178 1065 ex
222 1025 283 1063 eo
322 1012 470 1080 quod
527 1009 961 1080 antiquius,'_nec
1007 1009 1079 1062 sit
1108 1010 1304 1080 futura
1350 1024 1447 1078 par
1479 1025 1666 1064 eorum

125 1078 412 1135 aestimatio.
450 1079 638 1147 Neque
670 1093 803 1133 voce
851 1078 1044 1133 fuisset
1089 1078 1394 1133 declaratus
1422 1081 1670 1133 uniuscu-

126 1150 291 1220 iusque
333 1160 514 1213 ortus,
550 1150 611 1220 si
640 1150 932 1220 acervatim
978 1157 1031 1200 et
1064 1148 1434 1220 sitituliomnia
1470 1149 1667 1204 fecisse

126 1217 242 1273 dicta
267 1228 416 1273 esset
442 1217 997 1288 creatio._0portebat
1025 1217 1166 1270 enim
1198 1218 1399 1287 aliquid
1435 1219 1664 1288 primum

124 1304 309 1357 quoque
337 1285 976 1358 nominasse.PrOpterea
1001 1300 1131 1358 ergo
1154 1285 1323 1355 prima
1355 1285 1667 1358 prophetice

124 1356 239 1411 dicta
271 1368 422 1419 sunt,
458 1373 526 1412 ex
571 1357 768 1424 quibus
813 1356 1071 1419 secunda,
1108 1370 1230 1410 cum
1277 1356 1469 1412 omnia
1503 1358 1664 1412 simul

123 1437 365 1495 potestate
396 1429 537 1481 facta
573 1427 767 1482 sintex
802 1442 905 1479 una
937 1425 1196 1479 essentia.
1227 1427 1321 1480 Est
1346 1429 1489 1481 enim
1530 1443 1660 1493 una,

124 1506 168 1550 ut
190 1498 400 1564 Opinor,
430 1497 526 1550 Dei
560 1497 808 1551 voluntas
836 1497 888 1564 in
915 1511 1019 1548 una
1050 1496 1354 1551 identitate.
1381 1498 1666 1562 Quomodo

122 1563 274 1619 autem
307 1568 362 1620 in
392 1575 639 1635 tempore
664 1566 807 1619 facta
845 1563 1008 1635 fuerit
1046 1566 1276 1629 creatio,
1304 1567 1350 1619 si
1379 1583 1485 1621 una
1541 1583 1662 1620 eum

123 1636 173 1689 iis
189 1652 301 1705 quae
337 1647 469 1705 sunt
500 1634 711 1703 tempus
743 1650 958 1704 quoque
988 1634 1189 1688 factum
1217 1634 1415 1690 fuerit?
1442 1655 1460 1686 ι
1498 1637 1664 1692 Vides

121 1704 365 1773 quomodo
388 1704 480 1760 ille
512 1720 619 1776 non
659 1714 864 1776 tantum
912 1714 1221 1772 asseveret,
1262 1707 1357 1761 sed
1387 1716 1441 1761 et
1470 1706 1663 1776 probet

121 1790 199 1829 cur
223 1778 399 1830 omnia
429 1774 595 1829 simul
616 1784 795 1829 creata
828 1774 1055 1837 fuerint,
1089 1777 1335 1842 quamvis
1381 1778 1435 1830 in
1473 1774 1660 1831 sacris

120 1845 385 1914 Scriptura:
412 1844 572 1926 libris
602 1845 844 1927 legamus
873 1858 936 1898 ea
964 1846 1290 1927 non-simul,
1323 1850 1416 1901 sed
1444 1847 1658 1901 diverso
1694 1873 1733 1927 Β

122 1913 359 1981 tempore,
393 1915 673 1983 variisque
701 1914 889 1968 diebus
916 1913 1155 1971 condita.

172 1984 349 2053 Neque
386 1984 438 2038 id
465 1983 720 2038 Clemens
746 1983 910 2053 semel
939 1983 1143 2038 dixisse
1170 1993 1482 2050 contentus,
1512 1985 1654 2040 idem

122 2052 271 2119 paulo
293 2064 417 2122 post
439 2053 702 2123 repetit”
735 2070 750 2107 ε
790 2070 809 2105 ι
853 2052 919 2107 Ut
940 2068 1068 2123 ergo
1096 2055 1371 2110 discamus
1396 2056 1654 2109 mundum

119 2139 220 2178 esse
246 2124 509 2193 genitum,
550 2139 663 2178 non
685 2123 739 2176 in
776 2132 1018 2192 tempore
1058 2134 1239 2178 autem
1273 2124 1452 2179 facere
1487 2125 1654 2179 Deum

119 2195 487 2258 existimemus,
523 2193 807 2263 subiunxit
852 2194 1135 2262 prophetia
1157 2194 1243 2248 δίε
1278 2194 1375 2248 llic
1412 2204 1494 2249 est
1521 2195 1659 2249 liber

147 2263 483 2329 encrationis,
529 2272 587 2317 et
619 2277 807 2334 eorum
835 2277 957 2334 qum
984 2271 1112 2334 sunt
1158 2263 1211 2317 in
1260 2264 1413 2331 ipsis,
1442 2265 1658 2334 quando

137 2334 242 2385 acta
272 2344 414 2393 sunt,
439 2347 551 2401 quo
582 2333 667 2386 die
689 2332 815 2385 fecit
844 2333 986 2387 Deus
1011 2332 1505 2388 cmlumetterram.
1526 2335 1659 2388 Illud

117 2402 255 2476 enim
278 2423 307 2476 :g
326 2405 545 2471 quando
583 2402 726 2456 facta
752 2410 898 2465 sunt,
930 2404 1359 2476 enuntiationem
1388 2405 1662 2476 significat

118 2470 425 2543 [indefinitum
472 2485 529 2526 et
552 2480 828 2543 expertem
852 2475 1130 2541 temporis.
1159 2473 1269 2528 Hoc
1307 2470 1487 2528 autem
1513 2489 1527 2525 :
1554 2489 1661 2543 quo
1714 2520 1723 2525 .

120 2540 265 2613 184
291 2541 538 2613 diefecit
568 2540 729 2606 Deus,
763 2540 978 2613 hocest
1034 2545 1087 2597 in
1113 2559 1241 2612 quo,
1274 2554 1329 2598 et
1355 2559 1450 2612 per
1499 2540 1660 2613 quem

116 2612 459 2676 iecit'omnia,
487 2622 544 2666 et
573 2614 693 2665 sine
727 2625 833 2680 quo
864 2612 1063 2666 factum
1091 2624 1175 2667 est
1198 2613 1359 2680 nihil,
1391 2615 1664 2681 signiﬁcat

115 2694 228 2754 eam
252 2696 387 2754 qua;
415 2697 514 2751 per
557 2681 757 2754 Filium
803 2682 864 2735 lit
896 2684 1286 2754 operationem,
1337 2699 1495 2754 quem
1530 2684 1663 2737 dicit

116 2748 301 2805 David?
330 2748 429 2805 me
454 2760 545 2807 est
581 2752 719 2816 dies,
754 2765 913 2820 quem
936 2748 1071 2806 fecit
1097 2748 1375 2817 Dominus,
1419 2754 1662 2807 exsulte-

118 2833 241 2892 tnus,
265 2832 321 2876 et
357 2822 609 2875 laetemur
643 2821 695 2874 in
729 2835 794 2875 eo
822 2861 863 2892 ,ν
903 2823 1004 2876 hoc
1035 2832 1119 2877 est
1148 2838 1245 2892 per
1270 2837 1388 2876 eam
1421 2838 1543 2891 quae.
1565 2837 1662 2892 per

116 2891 271 2960 ipsum
321 2892 518 2945 tradita
573 2901 663 2946 est
713 2891 1113 2959 cognitionem,
1158 2891 1366 2948 divinis
1417 2891 1660 2946 fruamur

116 2962 289 3031 epulis.
319 2961 443 3015 Dies
467 2961 617 3014 enim
651 2960 854 3015 dictum
887 2971 972 3015 est
1001 2960 1255 3028 Verbum,
1279 2964 1422 3031 quod
1452 2963 1662 3016 occulta

116 3031 381 3097 illuminat,
411 3040 467 3085 et
499 3047 602 3101 per
628 3032 773 3100 quod
802 3032 855 3085 in
886 3031 1058 3086 lucem
1089 3041 1143 3085 et
1167 3034 1232 3087 ad
1262 3033 1664 3102 generationem

116 3102 325 3156 accessit
369 3115 713 3172 unaqumque
750 3113 1022 3172 creatura.
1056 3121 1076 3154 ι
1107 3101 1285 3156 Aliam
1316 3103 1388 3156 ibi
1417 3101 1668 3158 Clemens

118 3173 310 3239 profert
338 3171 611 3226 rationem
662 3185 761 3224 cur
797 3171 941 3225 Deus
985 3174 1241 3227 mundum
1289 3188 1396 3225 non
1437 3174 1490 3227 in
1525 3181 1664 3227 tem-

112 3228 249 3309 pore,
297 3242 387 3295 sed
436 3241 603 3295 simul
639 3250 812 3294 totum
864 3242 1160 3297 creaverit.
1212 3242 1318 3297 Sed
1352 3242 1468 3296 haec
1518 3244 1661 3297 ratio
1689 3228 1731 3284 ο

115 3315 323 3381 quodam
342 3310 648 3381 Scriptum
671 3311 868 3365 divina:
895 3314 1203 3367 testimonio
1219 3313 1485 3377 ﬁrmatur,
1513 3315 1661 3381 quod

115 3380 160 3452 in
185 3396 333 3436 sacro
368 3380 518 3435 illius
551 3391 726 3447 textu,
757 3397 864 3435 non
892 3382 1083 3436 iisdem
1120 3382 1280 3452 plane
1309 3384 1490 3437 verbis
1513 3380 1577 3436 ac
1604 3383 1658 3438 in

114 3450 384 3506 Clementis
434 3453 614 3506 nostri
670 3461 960 3516 contextu,
1018 3450 1262 3508 fortassis
1310 3453 1657 3508 librariorum

114 3519 305 3643 incurila
332 3523 596 3577 habetur.
641 3520 750 3575 Sed
781 3523 848 3577 de
874 3522 961 3576 his
983 3520 1204 3589 Nobilii,
1236 3524 1282 3578 si
1308 3522 1466 3590 velis,
1501 3535 1660 3580 notas

115 3605 261 3643 cousu
286 3606 331 3643 e.

115 3605 261 3645 CODSU
270 3605 331 3644 l8.

116 3663 248 3739 mAd
296 3662 445 3717 illius
496 3676 667 3739 porro
707 3661 776 3717 de
812 3662 1015 3716 mundo
1047 3671 1105 3739 et
1150 3662 1403 3739 omnibus
1441 3678 1566 3739 quae
1605 3663 1658 3718 in

114 3729 191 3785 illo
212 3742 382 3796 erant,
428 3729 539 3787 non
570 3735 626 3785 in
665 3740 932 3801 tempore,
976 3733 1070 3787 sed
1117 3735 1309 3787 eodem
1345 3729 1571 3787 instanti
1608 3745 1664 3787 et

114 3801 304 3874 simula
335 3804 449 3857 Deo
480 3804 688 3874 creatis
710 3804 1031 3874 opinionem
1079 3807 1223 3872 quod
1257 3814 1483 3872 spectat,
1525 3819 1663 3874 pra:-

57 3871 242 3941 v’vium
273 3874 425 3941 sequi
461 3873 685 3926 videtur
710 3871 1014 3935 Philonem,
1054 3871 1212 3941 cujus
1244 3871 1357 3927 haec
1382 3871 1661 3928 suntver-

112 3941 166 3991 ba
183 3940 280 3996 ³¹⁹ε
309 3940 502 3996 «Tum
538 3943 707 4011 igitur
736 3945 920 3996 omnia
962 3943 1125 3997 simul
1167 3952 1294 3997 sunt
1315 3945 1556 3998 condita.
1602 3944 1660 3997 In

112 4025 203 4077 quo
231 4015 446 4080 quidem
475 4014 776 4067 universali
803 4012 1020 4077 Opificio
1047 4027 1267 4067 necesse
1293 4023 1413 4067 erat
1452 4016 1661 4069 servari

108 4082 371 4145 ordinem,
416 4096 644 4152 pr0pter
671 4151 674 4152 ν
700 4084 937 4136 futuram
977 4086 1378 4152 generationem
1433 4086 1660 4137 aliarum

108 4164 273 4205 rerum
306 4169 374 4206 ex
419 4151 578 4205 aliis.
614 4172 634 4203 ι
662 4151 728 4205 Ει
764 4169 952 4206 rursus
986 4154 1111 4207 alibi
1146 4153 1189 4185 ³⁸
1218 4170 1231 4206 :
1274 4171 1293 4204 ι
1330 4152 1661 4220 Rusticanw,

107 4220 192 4282 ait,
222 4223 598 4291 simplicitatis
632 4233 716 4277 est
747 4233 935 4291 putare
959 4238 1055 4275 sex
1103 4225 1314 4287 diebus,
1343 4232 1436 4277 aut
1475 4225 1663 4291 utique

106 4302 239 4362 certo
273 4304 523 4362 tenuiore
545 4295 806 4347 mundum
833 4294 1142 4356 conditum;
1177 4297 1303 4362 quia
1323 4303 1471 4349 totus
1503 4310 1664 4347 inun-

105 4359 193 4413 dus
228 4359 559 4417 vicissitudo
587 4374 670 4416 est
698 4366 906 4417 dierum
947 4378 1012 4415 ac
1041 4359 1303 4429 noctium,
1339 4379 1498 4433 quam
1535 4364 1665 4419 solis

103 4443 271 4488 motus
314 4448 482 4503 super
527 4443 728 4486 terram
774 4435 873 4487 sub
914 4445 1164 4501 terraque
1191 4435 1424 4489 meantis
1467 4450 1661 4489 neces-

102 4502 233 4555 sario
260 4502 510 4559 conficit.
546 4504 639 4557 Sol
666 4514 847 4557 autem
873 4518 999 4572 pars
1025 4505 1145 4558 caeli
1173 4514 1458 4566 censetur;
1493 4516 1549 4558 ut
1580 4507 1663 4556 fa-

1814 608 1882 645 uo
1912 588 2051 645 Deus
2090 598 2418 643 memoratur
2454 589 2651 644 fecisse
2682 588 2884 643 caelum
2921 599 2975 642 et
3015 598 3237 655 terram,
3268 594 3337 646 de

1822 662 1912 715 illo
1931 663 2048 729 ejus
2075 659 2480 729 intelligendum
2507 673 2627 713 esse
2649 659 2927 729 opinatur.
2956 658 3065 712 Sed
3093 659 3337 729 plerique

1773 728 1968 786 Patres
1993 747 2101 786 non
2144 728 2296 791 illud,
2338 729 2432 782 sed
2475 729 2659 799 prima
2694 728 2975 799 Gergeseos
3025 728 3198 799 verba
3225 728 3337 795 riu

1778 802 2065 869 principio,
2100 818 2120 852 ι
2154 800 2220 852 de
2257 799 2446 869 eodem
2477 796 2588 869 Dei
2620 796 2761 869 Filio
2784 797 3138 869 interpretati
3183 811 3332 856 sunt.

1776 865 1988 923 Videsis
2020 870 2328 935 Origenem,
2374 868 2560 925 homil.
2601 870 2627 921 1
2674 868 2727 920 in
2772 865 3330 936 Genes.;Eusebium,

1771 939 1972 1009 libLVIt
2001 938 2240 1009 Prwpar.
2277 952 2634 1009 evang.,cap.
2666 936 2735 990 12
2757 954 2772 1001 ;
2797 938 3153 1009 Ambrosium
3180 939 3273 994 lib.
3305 955 3320 992 ι

1770 1010 1821 1061 in
1862 1006 2142 1072 Hexaem.,
2167 1023 2286 1078 cap.
2314 1009 2369 1071 4,
2403 1006 2553 1078 §15;
2581 1007 2942 1078 Augustinum
2980 1021 3146 1059 serm.
3180 1015 3231 1072 1,
3267 1011 3335 1063 de

1769 1077 1972 1146 Script.
2019 1087 2075 1132 et
2123 1077 2273 1141 alibi;
2328 1075 2667 1145 Cassianum,
2720 1075 2906 1146 collat.
2952 1092 3074 1139 vin,
3103 1092 3220 1146 cap.
3263 1079 3331 1143 7;

1767 1145 2119 1217 Methodiunt,
2159 1148 2253 1200 lib.
2298 1147 2372 1217 De
2410 1155 2573 1217 creat.
2602 1147 2743 1217 apud
2772 1145 3063 1217 (ΖοιῃρΜά
3095 1145 3335 1202 Eucher.

1769 1217 1972 1279 Quwst.
1995 1218 2050 1271 in
2068 1215 2278 1281 Cenem,
2295 1216 2456 1283 Greg.
2477 1214 2704 1278 'l'uron.,
2727 1216 2821 1271 lib.
2840 1231 2859 1269 ι
2878 1214 3111 1279 Ηὶδῑον..
3132 1231 3250 1284 cap.
3270 1219 3294 1271 1
3315 1232 3335 1284 ;

1770 1285 1930 1340 Zach.
1960 1287 2324 1341 Christianum
2355 1286 2493 1341 libro
2519 1285 2840 1349 ttConsult.,
2869 1301 2992 1354 cap.
3024 1285 3082 1349 5,
3110 1294 3242 1339 ιοιιι.
3289 1287 3337 1342 Χ.

1766 1354 1951 1423 Spicil.
1976 1358 2221 1419 Dacher.;
2244 1355 2532 1421 Aponium,
2555 1356 2649 1411 lib.
2671 1372 2722 1408 v1
2744 1355 2797 1408 in
2816 1355 3001 1421 Cant.;
3024 1356 3335 1423 Alcuinunt,

1767 1425 2028 1495 interrog.
2060 1425 2131 1495 26
2176 1426 2231 1479 in
2261 1425 2456 1480 Cenes.
2497 1436 2549 1481 et
2592 1426 2683 1479 lib.
2723 1440 2761 1479 ιι
2796 1424 2872 1478 De
2892 1426 2999 1494 ﬁde
3028 1424 3087 1479 S.
3118 1423 3336 1491 Trinit.,

1766 1510 1887 1562 cap.
1921 1494 2008 1560 Hi;
2059 1494 2310 1564 Rupert.,
2331 1496 2470 1549 libro
2501 1512 2573 1549 vn
2613 1495 2691 1549 De
2723 1496 2892 1549 divin.
2932 1496 3103 1562 οῙΙὶε..
3133 1512 3253 1564 cap.
3277 1497 3334 1557 5.

1763 1573 1817 1618 et
1845 1566 1936 1620 lib.
1964 1580 2028 1629 ιι,
2049 1581 2171 1633 cap.
2204 1565 2303 1632 l5;
2332 1566 2475 1620 Petr.
2500 1565 2831 1628 Blesenseru,
2863 1567 2955 1619 lib.
2976 1568 3164 1634 Contr.
3193 1566 3334 1634 per].

1763 1634 1919 1706 Jud.,
1944 1651 2065 1706 cap.
2089 1635 2153 1706 5;
2179 1635 2486 1690 Brunonem
2511 1637 2651 1705 Sig.,
2676 1636 2727 1688 in
2757 1636 2850 1690 lib.
2882 1650 2932 1689 iv
2956 1633 3105 1706 Sent.
3132 1649 3253 1703 cap.
3279 1633 3332 1700 1,

1763 1716 1820 1758 et
1843 1705 1978 1759 alios
2013 1704 2054 1758 'a
2090 1704 2313 1759 Petavio
2353 1706 2529 1760 adhuc
2570 1704 2770 1759 citatos
2814 1706 2908 1760 lib.
2956 1721 2971 1758 ι
3014 1704 3092 1759 De
3123 1707 3333 1773 opilic.,

1764 1790 1883 1845 cap.
1917 1774 1971 1840 1,
2005 1791 2127 1846 pag.
2162 1775 2289 1841 229,
2316 1787 2447 1829 tom.
2477 1775 2542 1828 lll
2569 1774 2819 1844 Theolog.
2851 1778 3030 1844 dogm.

2284 1866 2680 1923 ARTICULUS
2720 1866 2787 1920 ll.

1764 1955 1842 2012 De
1876 1957 2181 2027 angelorum
2226 1959 2514 2021 creatione,
2543 1968 2697 2025 atque
2744 1971 2924 2008 eorum
2959 1965 3334 2027 ’ωιτη-ωριτε»-

1833 2024 2064 2092 stantia,
2101 2037 2151 2081 et
2190 2028 2375 2097 gratia:
2413 2030 2480 2078 ad
2518 2024 2951 2097 peraevernndum
2986 2024 3290 2097 necessitate
3312 2038 3334 2089 ;

1837 2098 1973 2151 alios
2002 2099 2123 2151 aliis
2152 2094 2263 2151 esse
2294 2098 2630 2165 superiores;
2662 2100 2725 2148 de
2752 2095 2968 2147 illorum
3012 2110 3133 2165 ergo
3163 2094 3336 2145 [torni-

1837 2185 1927 2221 ηαδ
1957 2167 2151 2236 ofﬁciis
2178 2178 2225 2220 et
2252 2164 2477 2230 muniis;
2514 2169 2578 2218 de
2603 2165 2805 2232 angelis
2845 2164 3146 2236 custodibus
3178 2176 3333 2236 atque

1834 2234 2365 2307 prwvaricatoribus,
2417 2246 2467 2289 et
2518 2252 2621 2305 qua
2679 2237 2732 2286 Iti
2785 2234 3027 2307 doctrina
3088 2235 3336 2307 mulieres

1837 2305 2144 2374 imbuerint,
2176 2322 2237 2360 ac
2257 2306 2322 2360 de
2352 2306 2461 2362 illis
2497 2308 2624 2376 quid
2652 2305 2845 2374 pagani
2867 2305 3145 2372 scriptores
3166 2305 3338 2356 tradi-

1835 2380 2032 2431 derint.

1839 2468 2096 2523 Mundum
2126 2476 2180 2524 et
2220 2468 2402 2523 omnia
2426 2483 2546 2537 quae
2570 2467 2624 2521 in
2652 2480 2718 2537 eo
2744 2474 2891 2530 sunt,
2933 2464 3097 2537 simul
3118 2463 3339 2537 eodem-

1767 2555 1872 2609 que
1895 2548 2167 2593 momento
2191 2550 2374 2594 creata
2405 2535 2573 2592 fuisse
2602 2537 2648 2591 si
2674 2536 2925 2609 Clemens
2957 2535 3209 2609 credidit,
3238 2550 3337 2609 cur

1767 2604 1922 2679 ergo,
1960 2609 2194 2676 inquies,
2226 2610 2500 2663 hominem
2529 2608 2736 2676 angelis
2766 2626 2786 2657 ι
2819 2616 3062 2679 tempore
3102 2612 3157 2679 et
3187 2604 3341 2657 indu-

1772 2674 1957 2734 mento
1992 2698 2012 2730 ι
2038 2674 2367 2734 interiorem
2396 2693 2519 2733 esse
2538 2674 2865 2732 asseverat?
2885 2674 3081 2735 Nonne
3106 2674 3191 2728 his
3214 2689 3334 2728 ver-

1772 2750 1857 2804 bis
1902 2749 2107 2803 indicat
2159 2750 2380 2818 angelos
2444 2758 2572 2803 ante
2630 2748 2904 2802 hominem
2961 2754 3218 2818 creatos,
3274 2759 3340 2798 ac

1770 2816 2281 2886 proinde-mundum
2303 2834 2409 2873 non
2444 2818 2631 2881 simul,
2659 2819 2755 2870 sed
2776 2816 3003 2870 diversis
3030 2824 3335 2883 temporum

1772 2887 2074 2943 intervallis
2121 2904 2148 2941 a
2194 2889 2303 2942 Deo
2352 2886 2738 2957 procreatum?
2779 2886 2887 2940 Sed
2933 2886 3080 2950 audi,
3124 2898 3338 2952 quaeso,

1810 2960 2041 3013 uomodo
2064 2958 2313 3013 Clemens
2337 2969 2520 3013 noster
2541 2957 2608 3011 de
2633 2958 2698 3011 iis
2720 2957 2993 3024 loquatur,
3024 2970 3121 3007 nee
3142 2968 3340 3022 magno

1810 2976 2041 3013 uomouo
2064 2976 2313 3013 Clemens
2337 2976 2520 3013 nosrer
2541 2976 2608 3011 oe
2633 2976 2698 3011 ns
2720 2976 2993 3024 loquatur,
3024 2976 3121 3007 nee
3142 2976 3339 3022 magno

1770 2976 2002 3084 ?orsitan
2026 3029 2211 3083 labore
2241 3029 2391 3082 illum
2427 3028 2528 3082 sibi
2554 3028 2654 3095 ipsi
2684 3029 2908 3080 minime
2935 3025 3339 3095 contradixisse

1774 3098 2063 3168 intelliges.
2092 3097 2231 3152 Nam
2253 3099 2369 3153 haec
2395 3098 2538 3152 illius
2562 3094 2688 3151 sunt
2729 3098 2894 3168 verba
2920 3095 2964 3126 ³⁵
2994 3111 3007 3147 :
3036 3112 3056 3144 ι
3090 3094 3159 3147 Ει
3180 3094 3341 3160 quid—

1777 3185 1901 3222 nam
1934 3167 2036 3232 e’st,
2063 3170 2113 3221 in
2140 3184 2248 3237 quo
2287 3168 2470 3222 dilfert
2501 3168 2660 3221 homo
2683 3182 2712 3220 a
2738 3167 2945 3229 bestiis,
2971 3174 3027 3218 et
3055 3178 3342 3237 eogrursus

1765 3238 1859 3294 Dei
1911 3239 2091 3308 angeli
2121 3234 2521 3307 sapientiores?
2560 3238 2634 3308 Et
2668 3237 2909 3308 milmisti
2952 3234 3327 3308 eum,_inquit,

1763 3309 1923 3379 paulo
1980 3306 2159 3363 minus
2190 3306 2270 3362 ab
2324 3308 2553 3377 angelis.
2615 3307 2687 3361 De
2744 3306 2974 3379 Domino
3029 3306 3176 3358 enim
3226 3317 3337 3356 non

1765 3375 2043 3447 accipiunt
2081 3375 2454 3447 Scripturani,
2500 3392 2810 3446 quanquam
2840 3375 2928 3447 ille
2956 3389 3176 3445 quoque
3213 3388 3340 3447 car-

1764 3445 2151 3513 nem—ferebat,
2189 3445 2284 3503 sed
2309 3450 2375 3503 de
2399 3463 2466 3503 eo
2514 3445 2609 3517 qui
2638 3457 2721 3502 est
2745 3446 3022 3516 perfectus
3051 3455 3107 3499 et
3133 3445 3342 3517 gnosti-

1761 3534 1878 3583 cus,
1904 3521 1997 3588 qui
2028 3528 2082 3573 et
2106 3530 2351 3589 tempore
2381 3529 2436 3589 et
2479 3514 2795 3572 indumenio
2825 3517 3141 3589 diminutus
3154 3523 3241 3568 est
3270 3514 3341 3567 ab

1761 3585 2397 3658 angelisaQuorumdam
2424 3588 2607 3657 itaque
2633 3588 2957 3642 sententiam
2987 3586 3058 3658 ibi
3084 3585 3340 3658 Cletnens

1762 3652 1951 3725 refert,
1984 3652 2076 3730 qui
2118 3660 2286 3713 citata
2322 3652 2652 3730 .Psalnfistte
2682 3661 2848 3730 verba
2889 3657 3088 3730 nonde
3115 3652 3339 3708 Christo

1764 3727 2017 3796 Domino,
2043 3732 2256 3784 tametsi
2284 3730 2351 3784 de
2373 3746 2438 3784 eo
2468 3727 2695 3795 intelligi
2735 3736 2984 3796 possent,
3004 3727 3340 3796 interpreta;

1762 3793 2105 3865 bantur,'sed
2136 3818 2154 3849 ι
2180 3800 2246 3853 de
2266 3802 2517 3868 gnostico
2543 3808 2596 3852 et
2617 3793 2857 3868 perfecto
2881 3793 3218 3868 Christiano.
3243 3793 3341 3846 ἐπὶ

1759 3869 1857 3923 τοῦ
1894 3869 2126 3934 τελείου,
2155 3869 2248 3923 καὶ
2270 3863 2713 3938 ἱίνιιιιστικοῖι,ἰιε‹ῖί›
2736 3867 2914 3939 χρόνῳ
2949 3868 3045 3939 καὶ
3082 3863 3343 3934 ἐνδύματι

1762 3940 2156 4010 ἐλαττουμένου
2203 3939 2355 4010 παρὰ
2390 3941 2518 4003 τοὺς
2556 3938 2842 4007 ἁγγέλούς,
2874 3938 2966 4006 qui
3002 3948 3256 4010 tempore
3288 3945 3346 4010 et

1766 4007 2087 4083 indumento
2122 4007 2424 4083 diminutus
2449 4021 2534 4083 est
2572 4016 2640 4083 ab
2673 4010 2901 4083 angelis.
2936 4026 2955 4058 ι
2985 4007 3057 4059 At
3091 4007 3343 4083 quamvis

1762 4080 2016 4135 Clemens
2046 4080 2239 4133 huicce
2271 4081 2511 4152 opinioni
2542 4075 2979 4152 subscripsisset,
3011 4077 3142 4152 quid
3190 4075 3340 4152 inde,

1764 4152 1961 4205 amabo
1986 4160 2057 4213 te,
2084 4160 2274 4203 contra
2298 4143 2441 4203 illius
2460 4151 2527 4203 de
2552 4159 2665 4202 toto
2690 4143 2894 4201 mundo
2927 4143 3087 4199 simul
3116 4143 3336 4198 condito

1748 4218 2112 4288 .opinioncm?
2136 4218 2254 4272 Non
2283 4220 2428 4274 enim
2469 4221 2542 4274 ibi
2572 4220 2660 4273 ille
2704 4221 2772 4273 de
2808 4218 3062 4288 quolibet
3095 4215 3338 4288 hou‘gilw.

1764 4285 1942 4362 neque
1969 4290 2035 4362 de
2060 4290 2295 4362 Adamo,
2323 4293 2416 4345 sed
2434 4293 2500 4343 de
2531 4291 2773 4362 perfecto
2803 4285 2857 4341 et
2888 4285 3137 4362 gnostico
3181 4286 3342 4362 Chri-

1764 4354 1946 4415 stiano
1974 4360 2237 4428 disputat.
2258 4361 2412 4415 llunc
2437 4354 2620 4413 autem
2646 4360 2779 4414 dicit
2797 4354 2919 4428 esse
2944 4355 3153 4423 angelis
3180 4354 3342 4428 ἐλατ-

1766 4427 2358 4500 τούμενονίιιιιιιοιειιι,
2399 4439 2455 4484 et.
2481 4430 2801 4484 inferiorem
2829 4427 3113 4498 ὲνδύματι,
3142 4443 3161 4475 ι
3185 4427 3344 4478 indu-

1768 4512 1975 4564 mento,
2002 4520 2022 4552 ι
2053 4501 2156 4573 hoc
2172 4512 2257 4556 est
2288 4514 2554 4573 corpore,
2572 4501 2667 4553 καὶ
2692 4501 2920 4570 χρόνῳ,‹
2948 4510 3002 4551 et
3029 4509 3336 4573 tempore,»

104 4575 312 4626 tendum
354 4577 430 4628 sit
475 4585 690 4644 tempus
737 4566 1004 4644 posterius
1049 4577 1249 4629 mundo
1288 4589 1429 4641 esse,
1464 4576 1664 4644 quippe
1698 4584 1742 4639 ι)
1769 4574 1910 4644 haud
1942 4571 2105 4626 dubie
2135 4574 2264 4640 quia
2288 4566 2472 4644 homo,
2493 4573 2647 4644 ut_ad
2681 4566 3345 4644 suinmumperfectionis

100 4647 230 4706 quod
257 4645 450 4698 mundi
480 4653 567 4696 est
599 4642 841 4699 effectus.
881 4642 1009 4697 Nam
1045 4646 1171 4699 coeli
1196 4654 1375 4700 motus
1407 4642 1668 4700 indicavit

100 4723 339 4786 naturam
376 4714 685 4786 temporis.
733 4734 753 4786 ι
803 4714 1015 4786 Philoni
1062 4730 1279 4786 quoque
1316 4717 1667 4783 'Subscripsit

99 4775 349 4855 Origenes
369 4784 438 4849 ³³,
480 4775 646 4855 atque
682 4785 843 4838 etiam
881 4775 1212 4839 Athanasius
1230 4786 1298 4851 ³⁵,
1325 4797 1377 4841 et
1410 4786 1499 4839 alii
1543 4775 1667 4855 qut-

97 4852 206 4904 dam
236 4854 506 4909 Ecclesia:
532 4853 746 4909 Patres.
774 4856 844 4908 At
871 4856 922 4907 in
953 4857 1142 4922 primis
1167 4857 1429 4913 videndus
1453 4852 1665 4913 estAn-

94 4923 339 4995 gustinus
366 4925 510 4978 libro
534 4922 614 4977 De
642 4922 827 4978 Genesi
861 4926 929 4977 ad
957 4924 1063 4979 litt.

153 4992 358 5049 Contra
384 5009 521 5048 vero
546 4996 706 5065 longe
732 4998 913 5064 plures
953 4998 1210 5051 mundum
1240 4997 1513 5053 distinctis
1547 4999 1661 5053 die-

92 5059 215 5134 bus,
266 5059 747 5132 quemadmodum
792 5066 845 5119 in
897 5066 1125 5121 Genesis
1173 5068 1314 5122 libro
1370 5079 1662 5134 narratur,

92 5129 442 5206 factum—esse
477 5137 815 5190 existimant.
847 5135 962 5201 Qua
992 5138 1056 5190 de
1084 5139 1376 5202 sententia,
1400 5139 1513 5206 jam
1546 5129 1661 5194 fere

88 5204 325 5275 omnium
369 5208 656 5259 communi
686 5207 911 5275 probata
947 5222 1238 5273 consensu,
1278 5204 1510 5264 adeundi
1538 5220 1665 5264 sunt

91 5272 319 5345 theologi
349 5272 755 5330 scholastici'in
775 5276 867 5329 lib.
896 5291 932 5329 ιι
963 5272 1228 5343 Sentent.,
1248 5279 1376 5334 dist.
1405 5281 1495 5345 12,
1526 5290 1583 5335 et
1609 5282 1663 5333 in

88 5336 146 5414 ll.
171 5336 383 5400 Thom.
412 5360 429 5397 ι
456 5354 628 5414 part.,
654 5356 850 5413 quwst.
881 5346 968 5413 74,
1004 5359 1106 5400 art.
1133 5336 1493 5412 “Ia-Petavius,
1515 5351 1612 5406 lib.
1647 5364 1664 5403 ι

88 5410 156 5495 ρο
178 5417 367 5495 opilio.
395 5410 621 5480 mundi,
640 5410 763 5487 cap.
797 5417 851 5484 5,
885 5428 939 5472 et
955 5410 1129 5473 Sacra:
1159 5410 1455 5490 Scriptura:
1476 5421 1530 5476 in
1556 5420 1666 5487 Ge-

87 5488 254 5539 nesim
281 5488 648 5556 interpretes.

146 5693 192 5723 ”
220 5695 440 5748 Strom.
480 5691 517 5747 l.
553 5707 632 5758 vr,
662 5709 716 5761 p.
749 5692 872 5750 684.

86 5759 330 5833 ῥηθείη-η
378 5781 432 5833 p.
470 5765 531 5819 ιι
547 5799 565 5815 .

85 5831 126 5862 ⁸⁸
163 5831 447 5891 5ιτυιιι.Ἰ.
481 5847 559 5896 ιν,
586 5847 642 5904 p.
677 5832 799 5891 477.

949 5697 995 5729 ³⁸
1028 5699 1182 5764 ibid.,

662 5709 716 5761 ρ.
749 5698 872 5750 684.
949 5698 995 5729 ³ο
1028 5699 1182 5764 ibid,
1213 5716 1269 5770 p.
1305 5699 1431 5757 686.
1500 5700 1544 5733 ιι
1573 5698 1774 5755 Cenes.
1805 5715 1866 5764 ιι,
1895 5699 1951 5757 4.

661 5763 915 5840 ³ξ-ρτὶεολ
940 5767 975 5840 I.
1004 5785 1071 5840 vri
1084 5781 1260 5840 contr.
1294 5774 1467 5839 (1615.,
1504 5787 1560 5840 p.
1588 5772 1713 5826 502.
1807 5770 1854 5801 "
1884 5777 1947 5824 At

875 5838 920 5870 ³⁸
950 5838 1015 5895 D.
1049 5839 1245 5897 Thom.
1274 5858 1289 5897 ι
1315 5838 1485 5904 nart.,
1508 5838 1708 5899 quaest.
1746 5840 1837 5907 6i,
1870 5854 1979 5902 art.
2009 5843 2063 5897 5.

1771 4642 1979 4712 apicem
2024 4645 2307 4707 ascendat,
2350 4642 2578 4710 longiori
2615 4656 2781 4709 quam
2829 4640 3055 4712 angelus
3101 4648 3345 4712 tempore

1772 4708 2006 4781 indiget.
2039 4712 2191 4778 Quod
2224 4708 2538 4781 quidenfex
2575 4708 2701 4766 mox
2730 4712 2975 4765 dicendis
3012 4708 3215 4781 clarius
3244 4722 3344 4775 pa-

1774 4780 1930 4836 tebit.
1977 4783 2201 4836 interim
2242 4780 2437 4836 ’obiter
2478 4782 2896 4837 observabimus
2945 4780 3342 4846 theologorum,

1772 4853 1864 4919 qui
1903 4853 2166 4907 mundum
2200 4854 2431 4907 diversis
2477 4853 2670 4907 diebus
2715 4861 2959 4906 creatum
3005 4851 3340 4911 existimant,

1772 4936 2114 4977 Communem
2147 4938 2269 4976 cum
2299 4924 2360 4977 D.
2395 4922 2601 4978 Thema
2625 4924 2670 4954 ³⁸
2698 4938 2842 4976 nunc
2866 4935 2988 4975 esse
3015 4927 3344 4973 sententiam

1773 4991 1995 5061 angelos
2041 4994 2207 5047 simul
2257 5010 2382 5046 cum
2432 5007 2693 5062 corporea
2746 5002 3001 5062 creatura
3056 4988 3341 5062 conditos,

1772 5059 2021 5130 quamvis
2064 5078 2131 5114 ex
2183 5059 2585 5131 antiquissimis
2632 5063 2889 5119 Ecclesiae
2931 5059 3188 5114 Patribus
3235 5071 3343 5109 non

1776 5133 1946 5187 intimi
1981 5133 2217 5187 nominis
2263 5134 2480 5206 plurimi
2533 5149 2630 5206 eo_s
2685 5142 2809 5186 ante
2832 5144 3154 5206 corporeum
3186 5142 3343 5206 mun-

1771 5206 1898 5257 dum
1946 5214 2163 5258 creatos
2210 5200 2546 5272 putaverint.
2582 5202 2784 5258 Eorum
2830 5203 3048 5255 nomina
3100 5200 3148 5253 si
3193 5200 3344 5251 scire

1773 5287 1958 5337 aveas,
1990 5274 2131 5342 apud
2163 5272 2372 5327 Estium
2402 5273 2444 5304 ³⁷
2463 5275 2645 5343 legere
2670 5272 2893 5344 poteris.

1845 5341 2080 5417 Angelos
2116 5354 2298 5417 autem
2348 5359 2456 5397 non
2512 5341 3026 5417 solumtgnostico
3058 5358 3078 5390 ι
3124 5349 3179 5394 et
3213 5352 3344 5417 per-

1776 5415 1918 5468 fecto
1944 5413 2291 5487 Christiano
2310 5428 2645 5487 superiores,
2673 5415 2770 5487 sed
2810 5423 2865 5466 et
2908 5413 3053 5465 sicut
3083 5429 3103 5459 ι
3133 5413 3345 5487 guosti-

1779 5501 1902 5540 cum
1935 5504 1955 5538 ι
1990 5485 2047 5539 in
2080 5494 2250 5552 terra,
2282 5485 2356 5539 ita
2385 5485 2508 5539 illos
2534 5500 2589 5537 ιιι
2625 5485 2765 5539 οωιυ
2804 5499 2920 5537 rem
2950 5485 3344 5551 praestantissi-

1807 5715 1866 5801 ξι,
1889 5699 1986 5805 ﬁ.“
2027 5701 2095 5733 ⁸¹⁴
2120 5699 2291 5805 Philp,
2315 5698 2356 5805 ‘1').
2387 5698 2462 5754 De
2485 5700 2679 5805 Itnuri‘di
2710 5698 2867 5768 epif.,
2900 5697 3080 5805 péqio.
3154 5698 3201 5730 ³¹
