3840 6528
125 378 234 435 ll”

1283 381 1373 439 DE
1409 383 1630 442 LIBRIS
1671 382 2122 458 STBOMATUM.
2136 379 2148 392 ’

3198 397 3335 452 tisi
3419 368 3422 371 ’

171 493 524 580 forteavero
555 496 808 580 Clemens
827 500 958 580 “Ilo
999 499 1242 580 ejusdem
1279 505 1348 559 de
1379 503 1528 580 hisee
1553 520 1659 580 _a_n-
1685 510 1735 568 Α
1764 507 1887 562 inde
1920 508 2035 578 ipse
2072 506 2296 580 colligit
2342 507 2409 562 ad
2455 509 2704 567 homines
2757 512 3083 580 proﬂuxisse
3125 516 3336 571 doctri-

115 565 221 641 gelis
253 568 543 641 sententia:
593 565 1060 626 conﬁrmationem
1112 575 1248 637 haec,
1281 589 1402 641 qua:
1440 575 1508 627 ab
1553 576 1660 629 Eii-

113 634 234 714 seliio
255 636 436 692 adhuc
465 641 795 710 transcripta
820 641 1036 708 sunt“,
1066 634 1276 714 profert
1299 634 1504 714 Orphei
1533 659 1658 700 car-

114 706 228 759 mina
254 721 269 759 :

194 796 375 872 astant
397 799 670 872 angelicas
689 800 931 868 populus,
959 803 1104 872 queis
1129 807 1362 857 maxime
1389 820 1519 859 cura

194 865 447 922 Mandata
471 865 547 922 est
577 865 916 928 hominum...

163 957 217 1013 Et
248 975 441 1015 rursus
474 962 562 1016 illa
592 961 871 1018 Menandri
891 966 935 998 ⁸⁸
967 981 984 1019 :

87 1055 99 1127 >
193 1054 544 1135 ιεϐβάεει
575 1057 686 1135 viro
709 1056 921 1111 cuilibet
948 1059 1155 1135 damon
1181 1060 1370 1122 bonus,

234 1127 515 1190 tpi'imum
551 1127 770 1196 quisque
816 1129 1071 1189 nascitur,
1106 1131 1226 1182 vitae
1255 1144 1406 1183 sacer

189 1194 395 1268 framea
428 1194 705 1268 regendie;
733 1198 923 1266 quippe
952 1199 1242 1268 dmonem
1280 1201 1478 1254 malum

187 1263 309 1389 {Italae
335 1263 502 1319 haud
523 1263 754 1336 fatebor,
778 1263 870 1338 qui
903 1269 1024 1323 boni
1061 1267 1221 1324 laedat
1256 1271 1357 1326 viri

233 1352 436 1388 iam...

233 1345 436 1388 itam...

157 1425 219 1500 De
246 1426 331 1480 liis
363 1426 533 1500 porro
559 1437 758 1496 praster
789 1427 1086 1497 Scriptura:
1115 1444 1289 1485 sacra:
1322 1429 1649 1500 interpretes

106 1497 144 1552 in
185 1495 459 1568 Geneséos
500 1495 623 1565 cap.
681 1514 873 1562 vani.
915 1495 1003 1562 l6;
1051 1503 1244 1567 psalin.
1273 1517 1362 1565 ιιι,
1392 1495 1648 1568 11ξΜιιιο

105 1567 201 1642 tliiei
234 1581 354 1642 viti.
390 1566 480 1632 10,
517 1568 900 1642 legendisnnt
945 1566 1178 1642 thetilogi
1227 1566 1538 1627 scholastici
1588 1574 1642 1628 in

104 1636 174 1692 lib.
196 1651 230 1690 ιι
275 1637 544 1711 Septena,
577 1638 705 1711 dist.
741 1640 830 1703 ll,
875 1650 931 1711 et
962 1642 1014 1693 in
1052 1636 1378 1705 D.'Thom.,
1414 1657 1431 1696 t
1472 1654 1640 1711 part.,

102 1716 259 1782 quast.
283 1708 423 1782 115)
450 1708 706 1762 Petavius
729 1719 858 1782 toni.
879 1709 948 1765 111
973 1711 1221 1782 Tlieolog.
1247 1714 1444 1781 dogm.,
1468 1708 1559 1767 lib.
1578 1708 1639 1782 ii,

104 1792 196 1846 cap.
225 1778 278 1840 6.
309 1779 400 1832 ubi
437 1794 545 1833 non
582 1781 740 1832 modo
781 1781 1040 1836 Ecclesia:
1075 1778 1332 1843 Patrum,—
1353 1785 1444 1836 sed
1473 1778 1638 1839 etiam

103 1850 425 1928 ethnicorum
469 1851 810 1928 scriptorum
851 1853 1177 1928 auctoritate
1223 1853 1355 1907 illud
1399 1853 1538 1928 idem
1573 1855 1640 1910 de
1673 1867 1720 1928 Β

101 1920 279 1992 angelis
307 1919 636 1992 custodibus
681 1917 1053 1992 Christianum
1108 1925 1298 1992 dogma
1347 1925 1544 1990 probat
1583 1933 1639 1980 et

101 1989 476 2062 defendit.__Sed
507 1991 594 2062 bis
623 1990 978 2058 scriptoribus
1006 1991 1164 2062 plane
1182 1989 1389 2048 Excidit
1417 1993 1637 2050 allatum

101 2073 122 2109 ι
149 2059 289 2113 nobis
320 2057 822 2124 ClementisnOSIri
853 2077 962 2115 non
982 2057 1188 2116 minimi
1217 2074 1363 2117 certe
1381 2065 1639 2130 ponderis

98 2131 472 2201 testiinonium,
492 2139 658 2201 atque
676 2133 839 2184 etiam
858 2130 1107 2201 Origenis
1126 2134 1219 2187 111).
1248 2147 1308 2187 ιιι
1340 2131 1638 2198 Periure/2.,

99 2198 360 2274 pag._458,
386 2199 476 2253 ubi
522 2199 776 2253 llermain
818 2212 872 2255 et
899 2198 1205 2258 Bariiabam
1244 2203 1484 2272 ejusdem
1517 2207 1636 2274 opi-

101 2271 245 2324 nionis
295 2279 707 2343 assertoreset
755 2280 922 2326 testes
973 2273 1129 2328 citat.
1177 2271 1387 2340 Quibus
1431 2271 1640 2343 adjiinn

97 2343 273 2458 gradus
312 2351 399 2393 est
447 2339 826 2422 Theodoretns
885 2357 1049 2424 scrin.
1103 2346 1157 2409 3,
1200 2339 1343 2424 icui.-
1378 2341 1467 2424 lV,
1506 2339 1636 2416 'pag.

123 2409 197 2458 57.
224 2420 279 2458 el
329 2410 656 2458 Plutarchus
709 2410 801 2458 lth-
853 2411 927 2458 De
968 2415 1112 2458 [sub
1151 2425 1198 2458 nt
1251 2412 1480 2458 "unde-
1513 2431 1635 2458 una-

123 2409 197 2485 ξι.
224 2420 279 2464 et
329 2410 677 2485 Plutarchus
709 2410 802 2468 lib.
849 2411 927 2466 De
965 2414 1112 2468 Iside
1151 2425 1198 2468 et
1251 2412 1482 2477 Osiride,
1513 2409 1636 2485 pag.

95 2477 178 2533 560
203 2490 253 2533 et
280 2495 401 2553 seq.
431 2479 632 2553 Verum
663 2481 834 2553 hocce
855 2485 921 2537 de
946 2494 1265 2552 argumento
1291 2485 1404 2552 jam
1437 2477 1640 2553 aliquid

99 2552 500 2676 EE{Slirin::|l‘I;S
539 2551 636 2606 lib.
666 2567 684 2605 ι
726 2551 952 2622 Appar.,
992 2551 1378 2610 dissertatione
1415 2553 1468 2620 5,
1501 2551 1638 2611 arti-

165 2637 192 2672 ο
475 2659 490 2673 .

96 2631 192 2672 culo
216 2631 276 2674 16
311 2631 368 2674 81.
401 2631 490 2674 19.

149 2689 322 2758 Neque
373 2705 543 2760 porro
587 2691 761 2745 bonos
815 2700 1048 2758 tantum,
1097 2691 1192 2748 sed
1245 2692 1410 2748 etiam
1463 2693 1641 2750 malus

94 2763 284 2832 angelos
318 2763 552 2830 paganis
582 2762 945 2830 scriptoribus
979 2777 1086 2816 non
1123 2765 1426 2832 incognitus
1470 2764 1640 2820 fuisse

94 2831 319 2884 Clemens
349 2832 584 2900 putavit.
619 2831 723 2900 Ipsi
753 2835 1031 2902 enimvero
1078 2831 1356 2901 probatur.
1389 2835 1530 2902 quod
1573 2836 1640 2888 ile

92 2902 310 2969 utrisque
339 2902 668 2973 l’liocylides
692 2905 922 2973 cecinit:
960 2921 977 2954 i
1012 2901 1352 2973 Pliocylides.
1379 2901 1634 2972 inquit“,

92 2974 280 3039 angelos
305 2973 611 3045 dicitiones,
646 2972 911 3042 ἀγγέλους
939 2972 1216 3045 δαίμονας,
1247 2989 1467 3045 vocans,
1501 2973 1640 3027 alios

91 3047 278 3109 quidem
317 3058 387 3095 ex
444 3044 530 3096 liis
575 3057 699 3098 esse
743 3049 936 3109 bonos,
981 3043 1116 3097 alios
1163 3059 1292 3097 vero
1339 3043 1508 3097 malos
1554 3046 1638 3098 bis

88 3115 297 3233 astrendit
330 3129 344 3164 :
381 3127 507 3165 nam
544 3128 645 3168 uos
679 3129 898 3184 quoque
935 3113 1248 3183 accepimus
1279 3114 1509 3184 aliquos,
1544 3116 1637 3185 qui

119 3202 140 3233 e
159 3194 401 3233 ecertml.

119 3194 401 3238 eiecerunt.

139 3275 480 3330 Dwmonibus
513 3291 620 3330 non
655 3292 760 3330 una
788 3277 912 3330 viris
952 3285 1144 3329 natura
1172 3275 1393 3330 nocendi
1414 3285 1491 3329 est
1516 3291 1536 3330 :

141 3347 268 3401 Sunt
292 3349 496 3400 etenim
528 3349 679 3416 longe
706 3348 966 3401 venientia
994 3350 1079 3417 qui
1107 3348 1248 3400 mala
1276 3356 1514 3414 possunt.
1548 3365 1568 3399 ι

140 3439 198 3494 Ει
221 3455 350 3494 vero
381 3438 642 3493 Clemens
671 3438 797 3491 alibi
821 3439 892 3505 ⁵⁷,
926 3448 984 3492 ιιι
1007 3439 1118 3508 jam
1141 3438 1644 3506 animadvertimus,

83 3511 254 3564 scribit
299 3512 582 3579 quosdam
633 3508 868 3581 angelos
904 3509 1011 3563 ὑπὸ
1052 3508 1346 3581 ῥᾳθυμίας,
1376 3529 1396 3561 ι
1429 3523 1646 3581 propter

81 3581 368 3635 socordiam
411 3600 433 3633 ι
470 3581 761 3634 cecidisse.
790 3580 912 3634 Alio
942 3594 1122 3634 autem
1156 3580 1208 3634 in
1245 3580 1384 3634 libro
1425 3580 1546 3648 quae
1574 3585 1648 3637 sit

81 3664 131 3704 ea
152 3654 404 3706 socordia
443 3659 500 3720 et
531 3660 816 3720 peccatum
855 3651 1170 3719 angelorum
1204 3650 1365 3720 paulo
1395 3653 1643 3706 enuclea-

84 3723 170 3775 tius
197 3723 428 3792 exponit
450 3719 497 3752 ⁵⁸
523 3734 539 3772 :
575 3737 594 3770 ι
623 3717 744 3792 Jain
775 3735 906 3775 vero
935 3717 1116 3788 angeli
1159 3717 1376 3790 quoque
1420 3723 1644 3790 quidam

80 3805 184 3844 cum
211 3791 456 3848 fuissent
491 3791 920 3854 incontinentes,
957 3792 1084 3845 victi
1126 3795 1448 3858 cupiditate,
1485 3793 1588 3846 liuc
1612 3807 1644 3846 θ

77 3863 199 3916 ctelo
235 3864 676 3917 descenderunt.
713 3877 734 3911 ι
770 3860 843 3915 De
875 3863 976 3916 lioc
1025 3860 1341 3930 angelorum
1389 3861 1538 3928 lapsu
1589 3872 1645 3916 et

79 3943 274 3997 peccato
295 3936 420 4001 jam
455 3932 608 4001 plura
637 3946 666 3984 a
690 3933 844 3985 nobis
866 3933 1138 4001 disputata
1167 3939 1312 4001 sunt,
1341 3931 1642 3998 praesertim

76 4002 157 4056 lib.
187 3998 823 4076 it_A'pparat_.,_di_sset't.
862 4000 920 4067 2,
955 3998 1095 4070 ἀει).
1137 3998 1252 4076 7,§
1294 4001 1382 4067 l7,
1433 4012 1488 4055 et
1531 4003 1643 4076 dis-

74 4087 188 4128 sert.
221 4070 466 4142 3,133,).
494 4072 554 4132 5,
586 4070 616 4142 §
649 4070 704 4136 5,
737 4079 901 4141 atque
931 4086 1116 4140 super.
1152 4070 1399 4137 dissert”
1428 4085 1551 4140 cap.
1583 4070 1640 4138 6,

74 4155 163 4197 art.
201 4146 245 4203 1.
283 4146 381 4200 ubi
418 4145 488 4197 de
513 4144 821 4212 egi-egoris.

125 4219 187 4266 At
209 4217 342 4270 illud
371 4208 867 4284 inagis'singulare
895 4210 1156 4284 est,quod
1178 4225 1365 4266 rursus
1394 4208 1644 4284 Clemens

69 4283 125 4337 de
149 4287 341 4340 iisdem
406 4282 628 4353 angelis
651 4284 828 4337 obiter
883 4285 1101 4335 tradidit
1128 4283 1174 4315 ⁵³
1203 4297 1219 4334 :
1266 4299 1286 4333 ι
1317 4283 1504 4347 Angeli
1537 4282 1636 4353 illi,

73 4353 255 4421 inquit,
281 4352 502 4424 quibus
533 4367 774 4420 superna
833 4366 955 4406 sors
1005 4354 1295 4420 obtigerat,
1331 4353 1534 4420 delapsi
1567 4352 1634 4406 ad

69 4423 388 4496 Voluptates,
416 4432 782 4480 enuntiarunt
805 4438 1002 4476 arcana
1032 4423 1372 4488 mulieribus,
1407 4433 1464 4476 et
1493 4437 1641 4496 quae:

69 4492 264 4564 cunque
295 4501 368 4551 ad
401 4511 603 4550 eorum
655 4503 916 4547 venerant
958 4497 1344 4561 cegnitionein,
1390 4508 1513 4547 cum
1545 4492 1636 4545 alii

1769 593 1896 653 na_r_n
1931 578 2286 653 providentia:
2305 586 2361 633 et
2391 580 2700 653 sublimium
2732 578 2912 637 rerum
2941 585 3333 653 cognitionem.

1838 647 2036 721 verum
2068 648 2154 721 cui
2198 649 2314 702 litec
2342 650 2618 721 credibilia
2661 652 2826 706 fient?
2884 647 3336 721 Nani'qnomodo

1768 718 1926 794 pravi
1953 717 2126 794 angeli
2147 733 2268 771 cum
2293 720 2609 774 mulieribus
2626 724 2988 794 concumbere
3011 717 3330 794 potuerunt,

1766 788 1870 841 nisi
1895 788 1928 840 ii
1955 787 2054 855 ipsi
2081 798 2286 842 natura:
2309 802 2584 856 corporeae
2609 791 2785 855 luisse
2809 787 3095 848 dicantur?
3127 787 3332 850 Deinde

1763 869 1896 910 vero
1944 858 2216 926 quomodo
2265 858 2339 911 illi
2391 875 2420 910 a
2471 859 2748 916 Clemente
2792 864 2935 917 veris
2981 865 3330 920 documentis

1763 928 2022 1002 mulieres
2057 928 2317 1002 imbuisse
2349 929 2723 1002 perhibentur,
2758 934 3197 1002 quandoquidem
3235 935 3326 990 alii

1761 998 2056 1065 scriptores
2083 997 2244 1066 longe
2271 999 2606 1065 probabilius
2643 997 2962 1056 existimant
2991 997 3086 1057 eas
3115 1007 3182 1058 ab
3227 1005 3326 1059 iis-

1762 1065 1884 1142 dem
1915 1067 2068 1142 malis
2096 1065 2302 1142 angelis
2328 1068 2391 1142 in
2423 1083 2664 1124 errorem
2693 1082 2859 1142 atque
2894 1073 2946 1124 in
2990 1075 3183 1142 primis
3210 1074 3327 1129 ido-

1761 1133 1991 1206 lolatrite
2033 1145 2088 1191 et
2131 1133 2374 1191 libidinis
2412 1150 2629 1206 peccata
2669 1133 2894 1196 allectos
2932 1133 3004 1197 et'
3033 1142 3330 1200 inductas?

1760 1203 1868 1278 Sed
1897 1208 1964 1261 de
1993 1207 2078 1278 bis
2117 1222 2216 1262 nos
2245 1207 2356 1278 jam
2386 1203 2540 1276 satis,
2574 1211 2648 1265 uti
2681 1213 3032 1267 observatum
3059 1224 3164 1276 est,
3193 1213 3326 1272 alibi

1757 1276 2169 1344 disputavimus.

1829 1347 2070 1414 Denique.
2113 1347 2202 1400 ubi
2251 1345 2502 1403 Clemens
2552 1349 2720 1406 multa
2773 1360 2928 1405 extra
2973 1367 3321 1410 communem

1755 1418 2162 1490 naturalemque
2198 1433 2377 1471 rerum
2408 1419 2651 1474 ordinem
2688 1421 2757 1476 ab
2782 1423 2972 1477 iisdem
3006 1423 3190 1490 pravis
3221 1438 3324 1478 an-

1754 1488 1910 1558 gelis,
1943 1488 2023 1560 vel
2058 1503 2246 1560 eorum
2274 1502 2462 1556 Opera,
2495 1493 2738 1557 qnmdain
2766 1501 2982 1560 patrata
3009 1488 3176 1546 tuisse
3203 1508 3322 1548 me-

1755 1566 1952 1620 morat,
1991 1557 2104 1612 liaec
2141 1557 2337 1629 ibidem
2369 1562 2600 1629 seriptis
2636 1557 2979 1616 mandavit“o
3011 1579 3026 1615 :
3057 1581 3076 1612 ι
3112 1563 3321 1616 Existi-

1753 1636 1908 1702 mant
1933 1637 2114 1682 autem
2138 1626 2505 1702 niliilreferre
2536 1645 2604 1702 an
2635 1631 2730 1685 bas
2753 1632 2979 1698 animas,
2997 1631 3096 1694 τὰς
3115 1630 3316 1702 ψυχάς,

1749 1699 1877 1770 deos
1910 1713 1977 1770 an
2005 1697 2226 1770 angelos
2248 1698 2510 1770 dicamus.
2538 1699 2657 1755 Jain
2687 1717 2816 1754 vero
2845 1702 2936 1770 qui
2966 1713 3095 1756 sunt
3117 1697 3306 1756 eorum

1747 1769 2007 1824 doctrina:
2033 1767 2216 1836 periti,
2247 1767 2300 1840 in
2331 1768 2511 1823 multis
2535 1770 2766 1840 templis,
2797 1767 3052 1839 tanquam
3083 1772 3312 1824 deorum

1747 1848 1980 1904 statuas,
2023 1853 2219 1910 omnes
2271 1837 2383 1891 li-re
2431 1837 2764 1894 mortuorum
2802 1837 3010 1896 loculos
3050 1856 3304 1910 posuere,

1746 1910 2018 1963 daemones
2044 1908 2259 1975 quidem
2287 1920 2540 1963 vocantes
2555 1927 2740 1966 eorum
2762 1912 2992 1973 animas.
3017 1908 3110 1966 eas
3127 1919 3312 1965 autem

1745 1981 1848 2033 coli
1888 1979 1956 2033 ab
1987 1976 2296 2032 hominibus
2341 1979 2614 2044 docentes,
2654 1990 2713 2033 ιιι
2746 1996 2866 2050 qua:
2899 1983 3080 2034 divina
3128 1980 3315 2048 provi-

1746 2050 1924 2103 dentia
1963 2059 2184 2119 propter
2220 2050 2347 2101 vitae
2380 2051 2668 2116 puritaiem
2709 2063 3028 2118 potestatein
3077 2065 3307 2120 accepe-

1746 2121 1880 2184 rint,
1916 2129 1975 2171 iit
2020 2122 2086 2172 ad
2131 2119 2408 2172 hominum
2440 2121 2799 2174 ministerium
2851 2123 3059 2186 locum,
3095 2119 3313 2188 quiest

1746 2193 1890 2244 circa
1936 2200 2162 2249 terrain,
2199 2189 2440 2243 obirent.
2483 2190 2741 2244 Sciebant
2773 2193 2916 2244 enim
2953 2191 3164 2259 aliquas
3193 2191 3313 2243 ani-

1747 2273 1864 2314 mas
1887 2275 1951 2314 ex
1980 2271 2171 2312 natura
2200 2273 2429 2326 corpore
2470 2261 2660 2314 teneri.
2689 2261 2794 2316 Sed
2827 2264 2895 2314 de
2926 2263 3013 2314 liis
3034 2277 3158 2314 cum
3189 2277 3316 2326 age-

1751 2340 1838 2384 tur
1861 2332 1926 2384 de
1953 2328 2184 2397 angelis,
2221 2343 2343 2380 mox
2370 2344 2468 2382 suo
2497 2338 2738 2398 tempore
2776 2332 3126 2385 disseremus.
3157 2349 3176 2382 ι
3206 2329 3311 2384 lia-

1747 2415 1852 2469 qne
1892 2400 2029 2454 lianc
2057 2398 2305 2452 Clemens
2342 2409 2494 2454 notat
2535 2398 2702 2455 fuisse
2738 2417 3067 2471 paganorum
3097 2403 3312 2468 opinio-

1749 2485 1872 2524 nem
1907 2473 2183 2524 da‘niones
2219 2483 2341 2523 esse
2371 2479 2710 2524 mortuorum
2746 2474 3045 2534 hominum,
3078 2474 3168 2525 sed
3198 2472 3315 2537 pio-

1747 2555 1866 2594 rum
1924 2538 2159 2602 animas,
2213 2553 2334 2606 qua:
2385 2551 2443 2593 ut
2489 2540 2612 2594 aliis
2656 2541 2968 2596 hominibus
3011 2542 3215 2595 auxilio
3257 2550 3316 2595 et

1745 2610 1990 2665 subsidio
2022 2617 2224 2671 essent,
2252 2625 2270 2657 ι
2304 2609 2479 2664 locum
2510 2611 2601 2677 qui
2639 2623 2722 2665 est
2767 2613 2912 2666 circa
2964 2621 3188 2674 terrain,
3218 2610 3317 2661 ob-

1748 2679 1920 2734 ibant.
1953 2697 1972 2732 ι
2005 2677 2110 2732 Sed
2137 2679 2400 2732 'l‘atiaiius
2436 2681 2578 2734 liunc
2616 2695 2884 2746 errorem,
2909 2683 2984 2736 uti
3009 2683 3137 2737 alibi
3167 2683 3308 2735 dixi-

1746 2765 1868 2804 mus
1884 2750 1951 2812 “,
1977 2749 2146 2802 refert
2169 2764 2235 2802 ac
2268 2749 2485 2804 refellit.

1815 2821 2019 2874 Auctor
2043 2833 2168 2872 vero
2195 2830 2398 2890 noster,
2429 2820 2557 2886 quid
2589 2821 2653 2875 de
2682 2821 2784 2875 liae
2811 2819 3064 2890 opinione
3081 2818 3310 2890 sentiat,

1745 2902 1867 2942 cum
1907 2889 1973 2943 ad
1995 2904 2106 2942 rem
2133 2903 2282 2941 suam
2327 2888 2377 2941 id
2424 2891 2556 2943 niliil
2595 2891 2824 2953 faceret,
2849 2888 2934 2944 'ad
2971 2891 3134 2943 alium
3163 2889 3300 2942 scri-

1745 2968 1958 3026 ptorum
2001 2972 2220 3011 suorum
2268 2959 2442 3013 locum
2481 2976 2579 3014 nos
2626 2963 2842 3014 misisse
2886 2971 3197 3021 contentus,
3233 2961 3311 3010 si-

1743 3027 1910 3098 lentio
1945 3028 2328 3098 praetermittit.
2365 3027 2442 3080 lta
2491 3031 2633 3082 enim
2682 3031 2812 3085 ille:
2858 3031 3016 3084 Ἀλλ-ἂι
3048 3029 3178 3098 περὶ
3206 3027 3308 3098 μὲν

1741 3096 1947 3171 τούτῳν
1985 3099 2043 3151 ὲν
2085 3096 2163 3171 τῷ
2204 3098 2343 3171 Περὶ
2383 3099 2656 3171 ᾀγγέλῳν
2696 3100 2836 3170 λόγῳ
2873 3096 3168 3171 προῖούσής
3209 3096 3312 3169 τῆς

1744 3167 1964 3240 γραφῆς
1989 3167 2131 3240 κατὰ
2173 3169 2361 3239 καιρὸν
2389 3167 2777 3240 διαλεξόμεθα.
2802 3167 2882 3225 An
2920 3167 3308 3225 'auteni'lideni

1669 3230 1711 3289 C
1748 3230 2626 3310 suani'aliquando'liberaver'it,
2675 3252 2765 3295 aut
2813 3257 2910 3310 per
2957 3242 3125 3294 Otium
3179 3255 3306 3307 pro-

1749 3309 1929 3362 missis
1957 3318 2125 3374 stare,
2159 3319 2214 3362 et
2249 3308 2391 3363 hunc
2433 3320 2718 3365 tractatum
2753 3308 2824 3364 ἰιιή
2861 3313 3030 3364 lucem
3060 3311 3310 3363 emittere

1747 3379 1848 3448 ipsi
1881 3378 2250 3450 noulicuerit,
2285 3394 2465 3442 nemo,
2497 3381 2572 3433 uti
2613 3384 2918 3450 opinamur,
2960 3380 3124 3434 facile
3160 3380 3312 3450 dixe-

1746 3449 1934 3502 rit.At
1966 3449 2009 3502 si
2055 3448 2232 3503 adhuc
2280 3459 2518 3505 exstaret
2555 3448 2684 3504 illud
2728 3452 2969 3504 auctoris
3013 3451 3183 3503 nostri
3236 3449 3312 3501 De

1744 3520 1947 3589 angelis
1989 3517 2272 3586 scriptum,
2297 3535 2362 3574 ex
2407 3534 2471 3574 eo
2515 3522 2698 3589 procul
2728 3521 2888 3574 dubio
2929 3523 3057 3589 quid
3097 3521 3161 3573 de
3205 3520 3310 3572 illis

1744 3602 2040 3658 eorumque
2063 3601 2272 3652 natura,
2305 3590 2521 3645 dotibus
2541 3600 2596 3645 et
2627 3591 2820 3645 oliiciis
2838 3591 3131 3650 censuerit,
3154 3589 3311 3656 longe

1744 3661 1914 3727 magis
1937 3659 2274 3726 exploratum
2323 3660 2667 3716 haberemus.
2696 3662 2827 3729 Quae
2870 3669 3049 3716 autem
3103 3661 3311 3713 fuerint

1743 3743 2080 3800 paganorum
2108 3729 2411 3800 deangelis
2449 3731 2736 3798 Opiniones
2765 3732 2950 3798 paucis
2990 3729 3308 3800 perstriiixit

1741 3797 1900 3852 Joan.
1929 3802 2130 3852 Anton.
2167 3797 2432 3854 Venerius
2463 3797 2557 3854 lib.
2590 3801 2667 3855 De
2700 3797 2930 3856 oraculis
2957 3797 3004 3855 ei
3026 3799 3310 3854 divinatio-

1743 3869 1898 3923 nilms
1926 3869 2284 3939 antiquorum,
2329 3885 2448 3938 cap.
2480 3871 2514 3923 5
2543 3882 2596 3924 et
2623 3872 2679 3925 4.

2165 3960 2326 4029 187
2369 3959 2768 4018 ARTICULUS
2801 3960 2887 4016 111.

1743 4047 1915 4116 Quam
1953 4050 2215 4120 perfectus
2247 4052 2420 4105 Adam
2456 4071 2486 4106 a
2522 4053 2632 4106 Deo
2671 4063 2880 4107 creatus
2907 4053 3108 4123 fuerit;
3139 4057 3303 4104 hami.

1812 4136 1926 4174 nem
1971 4133 2212 4193 constare
2259 4134 2566 4193 corporeet
2613 4125 2792 4176 anima
2842 4121 2997 4193 plane
3047 4121 3312 4191 spirituali

1811 4201 1858 4244 ct
1891 4191 2216 4256 immortali;
2242 4204 2418 4244 utrum
2453 4192 2690 4246 Clemens
2726 4191 2864 4247 inter
2891 4208 3078 4259 corpus
3109 4204 3155 4243 et
3193 4195 3312 4242 ani-

1811 4277 1950 4314 mum
1986 4262 2183 4330 aliquid
2215 4263 2445 4314 medium
2477 4266 2765 4332 agnoverit,
2788 4264 2874 4317 ubi
2903 4266 2970 4314 de
2997 4261 3310 4314 animalium

1811 4333 2021 4402 ratione
2041 4333 2335 4383 carentium
2367 4334 2684 4397 animabus;
2717 4350 2832 4402 quin
2878 4333 2946 4386 sit
2981 4334 3173 4384 anima:
3213 4332 3312 4382 Im-

1813 4417 1983 4455 mana:
2009 4401 2065 4454 in
2093 4417 2305 4469 corpore
2321 4406 2489 4466 sedes,
2514 4419 2574 4454 ac
2603 4419 2705 4472 qua
2729 4401 2932 4456 ratione
2959 4404 3112 4455 homo
3139 4403 3314 4470 [attito

1813 4472 1879 4525 sit
1908 4474 1976 4524 ad
2008 4471 2102 4524 Dei
2140 4471 2414 4540 imaginem
2456 4484 2500 4525 et
2533 4471 2958 4528 siniilitudinem.

68 4561 295 4638 celarent
323 4568 540 4638 angeli,
569 4564 660 4638 vel
688 4565 864 4638 petius
886 4573 1231 4638 reservat-ent
1261 4565 1316 4638 in
1341 4565 1634 4638 adventum
1668 4572 1712 4628 ι)
1809 4564 1892 4620 Ab
1923 4563 2132 4633 angelis
2171 4563 2238 4616 ad
2281 4562 2619 4638 liominesgiit
2657 4561 3313 4638 desceiidaiiius,_auctori

67 4634 285 4694 Domini.
323 4633 491 4691 Illinc
521 4633 782 4704 pi'ollnxit
811 4636 1056 4704 doctrina
1083 4635 1434 4703 providentia:
1467 4643 1520 4685 et
1548 4647 1640 4704 su-

67 4706 296 4760 blimium
337 4703 534 4763 rerum
580 4705 865 4759 revelatio.
897 4722 916 4753 i
945 4703 1138 4758 Paucis
1163 4706 1235 4758 ibi
1263 4705 1442 4758 verbis
1473 4703 1646 4756 multa

67 4778 122 4849 de
142 4781 329 4845 pravis
360 4775 996 4849 praivaricatoribusque
1014 4776 1222 4843 angelis
1242 4772 1494 4849 Clemens
1517 4786 1642 4839 pro-

63 4848 202 4912 didit,
233 4847 372 4915 quo!
409 4849 684 4902 falsitatis
711 4847 1024 4912 errorisque
1045 4859 1241 4915 notam
1264 4847 1499 4912 effugere
1529 4858 1638 4915 non

64 4930 208 4983 posse
239 4913 391 4974 liand
435 4921 609 4988 plane
646 4916 920 4988 immerito
946 4913 1131 4988 inultis
1164 4917 1509 4988 videbuntur.
1547 4914 1637 4967 Ait

62 4989 188 5060 enim
222 4983 544 5060 antequam
575 5005 594 5038 ι
629 4984 1140 5060 ριρμιιθιιεινβιῳςὶε
1166 4985 1331 5038 fuerit
1355 4983 1575 5060 tradita,
1595 5001 1632 5060 _i

61 5057 151 5111 hoc
179 5072 265 5114 est
323 5055 666 5129 priusquam
689 5055 861 5108 Graeci
889 5055 1091 5129 aliquid
1115 5072 1181 5109 ex
1225 5055 1398 5129 sacris
1437 5055 1638 5129 nostris

60 5123 422 5198 scriptoribus
443 5123 817 5196 accepissent,
839 5127 1056 5198 angelos
1073 5129 1138 5178 ad
1169 5126 1474 5192 voluptates
1496 5123 1639 5177 baud

61 5196 206 5255 dubie
236 5216 563 5271 corporeus
620 5200 892 5265 delapsos,
936 5196 1279 5271 mulieribus,
1321 5197 1638 5271 quibuscum

57 5265 513 5334 concubueraiit,
561 5283 797 5331 arcana,
846 5279 902 5321 et
948 5279 1014 5320 ea
1064 5269 1250 5320 omnia
1298 5265 1639 5334 patefecisse,

57 5353 164 5404 (tua:
185 5346 254 5395 ad
287 5333 507 5397 eorum
549 5338 918 5407 cognitionem
964 5346 1250 5399 venerant,
1278 5333 1331 5389 et
1364 5351 1485 5400 qua:
1515 5333 1640 5387 boni

55 5414 219 5480 angeli
262 5429 368 5468 eas
423 5412 774 5474 celaverant,
832 5407 914 5460 vel
954 5407 1132 5476 potius
1181 5423 1200 5457 ι
1252 5408 1639 5480 ιιιλιιιινιξιιιιιιιι

57 5473 256 5538 υοῖιιιιιί
315 5501 342 5537 ι
398 5480 772 5538 crediderant
847 5473 973 5532 esse
1039 5476 1394 5533 reservanda.
1463 5473 1643 5542 Atque

1746 4645 1954 4698 nostro,
1982 4649 2142 4701 quam
2176 4633 2446 4702 perl’ecms
2467 4635 2648 4686 anima
2679 4645 2734 4688 et
2757 4649 2988 4702 corpore
3016 4635 3254 4688 Adainns
3283 4649 3314 4686 a

1747 4707 1854 4761 Deo
1877 4716 2094 4760 creatus
2132 4707 2222 4762 sit.
2251 4703 2541 4769 explicauit
2569 4705 2706 4758 libet
2746 4705 3078 4758 auscultare.
3115 4721 3134 4754 ι
3171 4704 3317 4755 Ada-

1746 4790 1921 4837 inuin,
1945 4775 2121 4842 inquit
2155 4774 2245 4828 ille
2265 4773 2334 4838 θ’,
2367 4773 2598 4827 dicimus
2628 4773 2794 4844 fuisse
2822 4775 3146 4844 perfectum,
3168 4772 3314 4844 quod

1747 4849 1946 4900 attinet
1974 4848 2038 4898 ad
2066 4844 2483 4910 formationem;
2513 4843 2645 4896 nihil
2670 4843 2892 4898 eniin’ei
2935 4844 3104 4898 defuit
3131 4857 3194 4895 ex
3251 4843 3319 4894 iis

1747 4932 1866 4983 quae
1901 4916 2106 4968 liomiiii
2133 4915 2317 4967 formae
2341 4921 2394 4967 et
2415 4915 2618 4982 Speciei
2647 4915 3016 4968 characterem
3049 4912 3312 4966 tribuunt.

1742 4986 2036 5040 llleantein
2060 4987 2186 5038 dum
2231 4985 2405 5047 fieret,
2438 4985 2649 5051 accepit
2672 4983 3079 5054 perfectionem,
3123 4991 3188 5054 et
3221 4996 3314 5044 in-

1746 5057 2011 5111 Stiticatus
2031 5064 2111 5109 est
2132 5068 2228 5123 per
2241 5057 2625 5107 obedientiam.
2649 5052 2760 5110 lloc
2782 5064 2898 5109 erat
2915 5054 3055 5120 quod
3072 5053 3122 5103 in
3143 5052 3314 5104 virum

1746 5127 2048 5191 cresrebat,
2094 5139 2288 5192 nempe
2331 5123 2384 5176 id
2435 5129 2578 5192 quod
2614 5125 2669 5179 in
2721 5124 2837 5190 ejus
2894 5131 3161 5192 potestate
3197 5128 3318 5172 erat

1747 5197 1931 5256 situm,
1957 5210 2050 5249 seu
2085 5191 2314 5248 liberum
2345 5191 2651 5247 arbitrium.
2678 5197 2827 5259 Quod
2856 5204 3036 5245 autem
3070 5191 3317 5258 elegerit,

1747 5277 1912 5334 atque
1940 5267 2074 5318 adeo
2112 5265 2162 5317 id
2203 5262 2348 5334 quod
2395 5274 2514 5318 erat
2555 5267 2781 5319 vetitum
2809 5262 3056 5330 elegerit,
3083 5277 3190 5314 non
3236 5268 3323 5312 est

1747 5333 1904 5404 culpa
1931 5335 1982 5387 in
2016 5337 2183 5390 Deum
2211 5333 2560 5406 conferenda.
2596 5353 2616 5386 ι
2793 5402 2802 5406 _
3273 5399 3278 5406 ι

1817 5402 2014 5458 Contra
2050 5408 2188 5458 lianc
2227 5402 2524 5457 Clementis
2571 5402 2918 5468 sententiam,
2965 5402 3321 5469 quantumvis

1749 5490 1933 5530 veram
1961 5487 2016 5528 et
2045 5477 2430 5540 certissmiam,
2473 5474 2690 5542 quidam
2726 5473 2964 5528 haeretici
2988 5470 3324 5538 obiiciebaut

34 5637 36 5639 b
115 5695 159 5727 ⁵³
183 5697 403 5750 Strom.
438 5693 482 5746 1.
522 5705 574 5749 v.
603 5702 657 5756 p.
687 5683 811 5741 608.
885 5684 934 5716 “
956 5683 1175 5752 Euseb.,
1202 5685 1331 5740 ibid.
1361 5701 1414 5756 ι).
1440 5683 1564 5756 986.
1637 5681 1684 5756 ’ξ
1705 5679 2094 5756 ibid.,Slrom._
2115 5696 2168 5750 p.
2195 5679 2318 5756 6ft}.
2350 5677 2549 5756 Euseb.
2578 5678 2732 5756 ibid.,
2755 5673 2958 5756 p.u6u8_9.
2988 5633 3000 5647 I
3111 5671 3319 5756 §trom.

57 5765 160 5828 LV,
189 5782 239 5837 p.
273 5769 412 5821 600.
482 5757 861 5837 Δξἰδιιριιιπι.
903 5770 998 5837 νιι.
1033 5772 1084 5822 p.
1128 5758 1253 5837 uti.

58 5837 87 5891 L
111 5832 261 5906 vtfp.
292 5839 434 5905 511,
471 5832 608 5888 651.

1350 5755 1396 5786 ⁸⁸
1433 5753 1636 5808 Stroin.
1671 5752 1710 5807 I.
1744 5766 1830 5818 iii,

685 5825 729 5857 ⁸⁸
760 5828 854 5884 lib.
885 5841 923 5881 ιι
951 5821 1179 5896 lippam,
1209 5826 1430 5880 dissert.
1456 5826 1510 5890 5,
1539 5839 1588 5880 α.
1611 5822 1670 5891 ‘2,
1701 5821 1805 5893 εὖ.

1878 5766 1997 5820 pag.
2026 5746 2154 5806 45G.
2250 5750 2297 5781 "
2333 5750 2614 5820 Stroiii.__l.
2649 5765 2703 5816 v,
2729 5746 2782 5820 p'.
2808 5746 2936 5801 550.

3030 5744 3076 5777 ⁸ο
3110 5745 3323 5798 Strom.

1884 5817 1927 5853 δ’
1952 5817 2169 5879 Βιωιιι.
2206 5823 2241 5875 l.
2273 5836 2349 5890 iv,
2375 5837 2428 5892 p.
2463 5817 2589 5872 555.
2729 5817 2745 5820 ’
3323 5847 3325 5850 ‹
