3840 6550
541 363 682 422 H59

1177 365 1247 422 IN
1285 366 1711 425 CLEMENTEM
1743 367 1948 424 ALEX.
1992 364 2057 428 D.
2099 366 2187 424 LE
2223 369 2512 429 NOURRY
2545 371 3008 432 DISSERTATIO
3040 375 3104 432 Π.

3626 386 3729 439 illi!)

609 492 860 570 At._ce_rte_
886 488 1158 570 Clemens,
1190 490 1332 546 sicut
1365 491 1416 543 in
1453 490 1822 570 {dmonitienc
1846 489 1916 543 ad
1938 498 2116 570 gentes
2145 503 2192 558 Α
2219 507 2315 570 eos
2351 495 2743 570 haereticorum
2775 511 3004 550 numero
3047 498 3372 570 ascripsere.
3412 503 3499 570 qui
3522 503 3568 555 in
3598 505 3729 559 homi-

540 560 736 629 asserit
765 559 818 629 in
848 560 1085 613 hominis
1117 569 1295 614 mente
1325 575 1445 614 esse
1473 559 1568 614 Dei
1605 562 1913 629 imaginem.
1955 569 2029 612 ita
2054 569 2110 615 et

541 627 595 682 in
629 630 712 683 bis
746 628 1072 700 Strumatum
1099 630 1251 684 libris
1282 641 1428 685 recte
1455 640 1612 700 negat
1637 627 1752 683 eam
1791 628 1853 700 in
1871 629 2109 683 humano

539 713 771 766 corpore
809 713 932 753 esse
971 699 1312 767 impressam.
1372 701 1444 754 lie
1477 699 1543 754 ea
1614 710 1792 752 autem
1843 699 2106 766 imagine,

579 783 699 819 nam
748 769 1024 823 creatione
1067 785 1162 823 sua
1215 769 1375 823 homo
1411 769 1642 837 accepit,
1674 783 1704 821 a
1737 768 2016 822 Clemente
2053 769 2106 822 id

537 782 740 889 ﬂictum
796 839 962 889 fuisse
1005 854 1074 889 ex
1106 839 1189 889 his
1231 855 1352 889 ulla:
1399 841 1669 889 disoutata
1711 848 1857 889 ειιιιι.
1903 837 2106 889 liuuido

577 837 740 890 ictum
796 839 962 893 fuisse
1005 854 1074 893 ex
1106 839 1189 893 his
1231 855 1352 906 qua:
1399 841 1669 906 disputata
1711 848 1857 902 sunt,
1903 837 2107 906 liquido

539 907 833 979 colligitur.
861 911 1204 979 Augustinus
1247 911 1292 942 ³⁸
1339 924 1504 980 porro
1547 919 1604 964 et
1649 907 2031 963 Theodoretus
2059 909 2106 939 ⁸⁸

2102 1047 2177 1079 0⁸⁸

2221 564 2321 639 n_is_
2336 580 2565 639 corpore
2591 565 2863 639 dicebant
2911 581 3033 639 esse
3069 569 3159 639 Dei
3193 564 3508 639 imagine-ni.
3544 570 3727 637 Videsis.

2215 634 2261 709 si
2308 633 2476 698 lubet,
2511 635 2866 709 Epiplianinm
2903 636 2984 709 A“,
3021 638 3113 707 qui
3161 633 3443 709 plerasque
3485 657 3648 699 omnes
3681 633 3729 702 de

2215 703 2317 756 hac
2350 703 2649 772 qnmstione
2679 706 2982 761 sententias
3027 703 3271 763 recenset
3301 703 3611 768 el'discutit.
3653 714 3726 770 Deo

2215 773 2669 856 hique-Petavius
2695 775 2742 806 ⁹¹
2775 777 2929 846 plura
2962 781 3027 856 de
3066 793 3131 856 ea
3179 779 3434 851 disputat,
3477 782 3540 838 de
3565 800 3651 856 qua
3684 796 3725 841 et

2215 856 2315 898 nos
2342 844 2469 898 alibi
2493 846 2741 914 quaedam
2768 844 3224 916 praestrinximus.

1850 1160 2229 1252 CAPUT
2300 1143 2476 1246 IX.

1080 1547 1474 1616 Auricu'Lus
1506 1559 1547 1614 ι.

530 1673 610 1730 De
635 1690 788 1728 sacro
827 1673 1159 1740 baptismate,
1192 1691 1293 1742 quo
1326 1674 1495 1727 abluti
1529 1673 1821 1728 Christiani
1850 1690 1962 1729 sese
2008 1680 2100 1730 in-

1661 1310 1756 1372 De
1790 1326 1972 1373 norm
2011 1308 2173 1390 legis
2221 1309 2660 1375 sacramentis.

2212 1555 2442 1608 siusmet
2482 1551 2736 1607 Ecclesiae
2773 1551 3117 1606 incunabulis
3163 1562 3377 1618 exorta,
3407 1570 3526 1610 cum
3554 1572 3606 1611 ea
3634 1575 3727 1615 cre-

2210 1626 2290 1677 vit
2317 1635 2370 1675 et
2403 1623 2657 1676 adolevit.
2703 1622 2776 1674 De
2802 1638 2865 1676 ea
2896 1632 3074 1675 autem
3105 1623 3463 1678 Tcrtnllianns
3487 1628 3527 1659 "
3558 1647 3569 1681 :
3601 1647 3618 1681 ι
3645 1629 3725 1685 Sed

2210 1705 2262 1747 et
2297 1695 2436 1762 quod
2486 1692 2737 1754 fratrum,
2785 1693 2884 1755 ait,
2909 1693 3271 1760 appellatione
3317 1710 3602 1764 Censemur,
3638 1717 3722 1756 nou

607 1746 768 1836 υίεεξη
811 1744 1285 1836 Ῑναινυηιιηιζηιξηε
1329 1743 1749 1836 cognpeilaliqﬂs
1785 1743 2102 1836 31.455115!“
2135 1777 2178 1830 Β
2666 1743 2995 1836 Πίίιῑιιιιιῖιιιξί
3039 1779 3201 1836 quam
3251 1768 3396 1833 quod
3444 1743 3724 1836 apud’ip'siii

600 1815 740 1887 apud
768 1830 999 1882 paganos
1025 1814 1328 1887 etluda’os
1366 1815 1554 1884 ﬁguris
1593 1824 1641 1866 et
1683 1815 2020 1887 imaginibus,
2043 1838 2106 1875 ac

598 1885 662 1938 de
683 1883 1044 1937 ha'reticorum
1077 1885 1354 1952 baptismo.

599 1975 835 2029 Tametsi
860 1976 1097 2028 Adamns
1128 1977 1292 2029 tantis
1319 1988 1372 2029 et
1406 1986 1511 2029 tam
1541 1976 1778 2042 eximiis,
1808 1985 1866 2030 ut
1895 1977 2100 2036 dictum

525 2055 631 2117 est.
669 2058 875 2098 natura:
929 2061 1077 2117 sana:
1127 2056 1180 2100 et
1228 2047 1448 2113 integra:
1498 2048 1716 2102 dotibus
1761 2061 2009 2117 ornatus,
2069 2068 2100 2106 a

527 2116 637 2190 Deo
683 2125 897 2190 creatus
944 2114 1136 2190 fuerit;
1182 2131 1311 2190 eum
1356 2127 1560 2190 tamen.
1622 2132 1827 2186 nosque
1878 2119 1931 2172 in
1985 2114 2102 2190 ipso

526 2187 770 2238 divinum
803 2185 1044 2253 ejusdem
1066 2184 1345 2239 Creatoris
1368 2189 1536 2240 nostri
1566 2184 1888 2256 praeceptum
1923 2184 2101 2245 trans-

526 2257 820 2328 gradiendo
841 2257 1173 2328 peccavisse,
1198 2257 1474 2328 etgabiillo
1506 2257 1645 2311 felici
1674 2267 1816 2310 statu
1857 2259 2098 2328 dejecws

526 2326 693 2379 fuisse
729 2341 889 2392 supra
917 2326 1216 2381 docuimus.
1249 2326 1326 2379 Ex
1361 2327 1462 2380 hoc
1491 2339 1674 2380 autem
1703 2326 1943 2380 ninnium
1983 2347 2097 2385 ma-

523 2395 700 2452 lorum
737 2405 1048 2448 nostrormn
1099 2393 1247 2465 fonte
1295 2405 1352 2448 et
1386 2397 1596 2465 origine
1641 2412 1744 2450 non
1776 2398 1947 2451 solum
1978 2417 2098 2455 sca-

523 2466 716 2519 turivit
751 2479 1004 2532 perversa
1032 2474 1087 2518 et
1123 2463 1383 2518 etii-enata
1428 2463 1719 2534 cupiditas,
1759 2483 1822 2521 ae
1846 2484 2007 2534 prava
2041 2473 2094 2526 in

527 2535 813 2602 quodlibet
844 2547 1124 2602 peccatum
1176 2536 1496 2602 propensio;
1539 2538 1632 2590 sed
1669 2537 1791 2590 inde
1821 2539 1982 2593 etiam
2015 2541 2096 2595 in-

522 2605 669 2679 flicta
702 2615 827 2658 sinit
854 2605 1644 2679 heminibnsvulnera.quibus
1671 2607 1903 2662 sauciati
1933 2619 2095 2679 atque

520 2678 684 2728 etiam
714 2687 936 2743 peccato
981 2674 1178 2728 mortui
1215 2674 1507 2742 nascimur,
1537 2687 1593 2731 et
1643 2674 2090 2744 pustmodnm'in

520 2746 670 2798 varia
718 2745 946 2798 crimina
992 2745 1338 2798 incurrimus.
1389 2747 1469 2798 Ad
1514 2762 1576 2800 ea
1631 2757 1814 2800 autem
1865 2751 2086 2804 vulnera

522 2816 760 2869 sananda
788 2814 1129 2880 delendaque
1160 2826 1380 2882 peccata
1417 2817 1678 2870 Servatur
1711 2830 1898 2873 noster
1927 2821 2089 2873 Cbri-

519 2896 637 2938 stus
666 2884 926 2956 Dominus
961 2883 1110 2953 plura
1155 2887 1410 2951 remedia,
1442 2901 1506 2940 ac
1547 2887 1889 2956 potissimum
1939 2905 2090 2944 novae

521 2969 633 3009 Suae
683 2954 815 3019 legis
860 2964 1197 3008 sacramenta
1241 2957 1476 3010 instituit
1520 2954 1584 3010 ac
1631 2958 2084 3014 subministravit.

517 3024 653 3088 Quia
704 3040 830 3078 vero
881 3025 1134 3078 nonmtlla
1191 3027 1256 3080 de
1318 3027 1381 3080 iis
1424 3027 1674 3080 Clemens
1721 3039 1905 3082 noster
1937 3029 2086 3084 hisce

517 3092 840 3149 Stromutnm
874 3095 1024 3148 libris
1063 3106 1246 3148 notato
1293 3097 1451 3166 digna
1489 3099 1738 3160 inseruit,
1782 3099 1895 3152 bare
1937 3112 2085 3155 certe

2205 1850 2370 1888 omne
2395 1834 2674 1903 sanguinis
2700 1846 2892 1886 nomen
2919 1833 2986 1903 de
3013 1833 3302 1888 aliectioiie
3325 1837 3610 1891 simulatum
3628 1833 3722 1894 est.

2206 1903 2429 1958 Fratres
2447 1902 2624 1957 autem
2643 1905 2803 1956 etiam
2824 1902 2986 1956 vestri
3009 1919 3198 1957 smnus
3215 1905 3341 1970 jure
3363 1917 3553 1959 natura:
3571 1913 3725 1964 matris

2207 1975 2389 2032 unius.
2409 1974 2510 2026 etsi
2537 1988 2631 2026 vos
2651 1988 2836 2040 parum
2858 1973 3268 2041 bonnnes.quia
3315 1977 3437 2028 mali
3469 1975 3726 2033 fratreth

2201 2044 2658 2117 quantqdignins
2681 2046 2880 2097 lratres
2901 2053 2954 2096 et
2994 2044 3247 2096 dicuntur
3278 2054 3333 2117 et
3368 2046 3626 2108 habentur,
3653 2049 3724 2117 qui

2203 2113 2368 2168 tinum
2394 2113 2608 2167 Patrem
2631 2115 2798 2184 Deum
2819 2123 3177 2184 agnoverunt,
3209 2113 3302 2182 qui
3337 2131 3496 2168 lllllllll
3519 2113 3723 2184 Spiritum

2201 2185 2458 2240 biberunt
2477 2182 2899 2254 sanctitatis.qoi
2923 2183 3108 2236 deuno
3127 2193 3280 2238 utero
3304 2182 3725 2254 ignorantimejus-

2200 2255 2322 2308 dem
2365 2255 2432 2305 ad
2468 2270 2627 2305 unam
2677 2253 2852 2306 lucem
2899 2265 3241 2320 expaverunt
3292 2253 3549 2311 veritatis.
3587 2276 3604 2308 ι
3636 2258 3722 2312 Nec

2200 2322 2473 2378 absimilia
2501 2323 2706 2376 videbis
2727 2322 2865 2389 apud
2895 2322 3178 2376 Minatium
3194 2322 3428 2378 Felicem
3453 2326 3502 2380 in
3521 2326 3720 2390 Oclario,

2197 2394 2500 2464 Arnobium
2552 2403 2609 2448 et
2667 2392 2833 2464 alios.
2863 2395 3114 2464 Attamen
3176 2395 3337 2448 docet
3389 2410 3588 2464 queque
3635 2400 3727 2451 Cle-

2195 2477 2349 2518 mens
2377 2463 2423 2494 ⁸⁸
2457 2478 2645 2517 omnes
2692 2463 2938 2516 homines
2979 2463 3084 2517 alio
3135 2465 3317 2531 lilnlo,
3356 2463 3598 2520 nimirum
3631 2484 3724 2522 iuo-

2195 2547 2340 2598 rum,
2391 2532 2514 2587 fidei
2567 2543 2624 2586 et
2669 2548 2892 2600 operum
2933 2534 3314 2595 consensione.
3365 2550 3485 2590 esse
3528 2536 3722 2601 fratres;

2193 2612 2358 2672 atque
2405 2605 2454 2655 id
2507 2603 2787 2670 ipsiusmet
2816 2603 3059 2658 l‘latonis
3104 2607 3413 2658 testimonio
3456 2606 3721 2662 ceniirmat.

2192 2670 2347 2738 Quod
2383 2674 2598 2742 quidem
2625 2675 2800 2728 obiter
2829 2675 3118 2728 adnotasse
3144 2675 3277 2726 satis
3311 2690 3433 2728 esse
3455 2677 3619 2731 debet.

2264 2743 2442 2797 Nostri
2472 2759 2634 2812 porro
2667 2743 2810 2798 sacri
2847 2744 3187 2811 baptismatis
3218 2747 3506 2812 imaginem
3532 2763 3623 2799 non
3649 2760 3724 2800 so-

2189 2810 2303 2866 lum
2338 2810 2481 2883 apud
2529 2811 2760 2875 Judaeos,
2805 2810 3108 2868 sed’etiam
3164 2810 3396 2883 gentiles
3438 2818 3587 2871 fuisse
3621 2818 3724 2870 Cle-

2189 2897 2346 2956 mens
2392 2893 2596 2956 uoster
2622 2884 2863 2956 ostendit
2893 2884 2962 2941 ³⁸.
2996 2884 3244 2956 Et_‘apud
3275 2887 3502 2955 gentiles
3531 2889 3716 2956 quidem

2188 2951 2244 3006 in
2276 2969 2364 3014 eo,
2396 2954 2540 3019 quod
2566 2953 2632 3007 de
2667 2953 2932 3022 Penelope
2961 2964 3016 3006 et
3052 2951 3383 3009 Telemacho
3417 2951 3602 3010 cecinit
3629 2956 3722 3010 ﬂo-

2188 3037 2373 3077 merns
2406 3023 2598 3093 Odyss.
2632 3025 2689 3076 A'
2721 3035 2775 3078 et
2803 3027 2876 3076 A'.
2921 3025 3075 3092 Apud
3104 3022 3344 3096 νΙιιιιίιεοε
3390 3036 3581 3089 autem,
3619 3029 3721 3096 quia

2187 3106 2308 3165 mos
2343 3107 2528 3146 eorum
2573 3105 2691 3148 erat
2720 3104 2779 3148 ut
2810 3110 2952 3162 saepe
2999 3098 3051 3147 in
3101 3095 3241 3149 lecto
3270 3098 3608 3165 tingerentur.
3638 3097 3722 3150 Sed

518 3180 548 3236 ει
583 3168 736 3219 nobis
764 3167 881 3220 sine
902 3166 1082 3235 aliqua
1105 3161 1573 3223 animadvei’sione
1603 3169 1938 3236 praetermitti
1973 3186 2082 3226 non

2191 3163 2337 3236 scite
2354 3165 2602 3218 Clemens
2645 3172 2826 3218 monet
2868 3161 2982 3218 inec
3028 3165 3186 3236 plane
3235 3161 3540 3233 imperfecta
3582 3168 3722 3221 fuisse

515 3234 734 3290 debent.

589 3305 918 3374 Baptismale
941 3303 1130 3369 igitur,
1155 3309 1296 3373 quod
1325 3318 1790 3362 sacramentorum
1823 3309 2086 3376 omnium,

513 3376 595 3430 uti
647 3378 915 3428 neminem
964 3375 1122 3444 fugit,
1180 3381 1410 3444 primum
1461 3388 1562 3440 est,
1613 3378 1811 3432 asserit
1863 3379 1952 3432 ille
1990 3375 2088 3437 nos

515 3456 742 3514 peccato
769 3457 1008 3498 mortuos
1037 3447 1345 3515 regenerari
1370 3464 1384 3500 :
1415 3465 1434 3498 ι
1473 3448 1541 3503 Ut
1572 3449 1687 3516 qui,
1714 3451 1792 3500 ait
1818 3448 1887 3514 ”,
1916 3451 2087 3506 simus

515 3516 824 3584 regenerati
878 3531 974 3584 per
1027 3531 1259 3583 aquam,
1322 3534 1342 3568 ι
1411 3518 1670 3571 nimirum
1721 3517 2084 3587 baptismatis.

515 3587 866 3654 Quapropter
921 3587 1060 3638 bane
1114 3587 1358 3638 eamdem
1391 3587 1580 3640 divini
1635 3588 1838 3640 lavacri
1888 3594 2083 3646 undam

518 3658 802 3730 matricem
847 3663 902 3707 et
932 3655 1146 3730 vulvam
1195 3671 1373 3730 aquas,
1417 3658 1629 3729 μήτραν
1661 3656 1871 3724 ὓδατος,
1902 3662 2088 3730 appel-

516 3725 592 3777 lat
622 3723 692 3789 “,
723 3740 790 3778 ex
821 3739 926 3791 qua
960 3726 1078 3792 puri
1108 3729 1390 3793 sanctique
1419 3723 1708 3795 gignimur.

587 3794 865 3867 Quomodo
918 3795 1388 3867 autenrquzelibet
1416 3794 1540 3850 vitae
1569 3805 1836 3851 anteacta:
1863 3809 2082 3867 peccata

514 3881 580 3918 eo
611 3864 825 3918 facilius
854 3875 907 3918 et
939 3864 1211 3935 liberalius
1259 3868 1431 3922 sacris
1478 3867 1699 3935 hujusce
1739 3864 1937 3923 lavacri
1972 3887 2076 3924 un-

515 3937 620 3995 dis,
654 3949 760 4001 quo
792 3935 895 3987 alia
929 3934 1265 4003 postmodum
1307 3947 1518 4004 patrata
1550 3934 1829 3991 idillicilius
1857 3940 2084 3994 abluan—

519 4016 606 4058 tur
636 4016 688 4056 et
713 4007 1014 4068 deleantur,
1045 4006 1126 4058 bis
1154 4005 1241 4057 ille
1270 4008 1453 4062 verbis
1485 4010 1736 4062 edisserit
1760 4009 1841 4060 ”:
1887 4010 2083 4065 ’ἰστέον

516 4075 720 4150 μέντοι,
773 4075 900 4138 τοὺς
933 4073 1072 4150 μετὰ
1102 4074 1164 4127 τὸ
1196 4074 1415 4150 λουτρὸν
1447 4081 1558 4142 τοῖς
1597 4079 1954 4150 ἁμαρτήμασι
1985 4099 2083 4134 πε-

514 4145 886 4219 ριπίπτοντας,
935 4142 1155 4219 seuseu;
1180 4142 1480 4219 εἶναι’τοίις
1519 4142 1942 4219 παιδευόμένους
1966 4167 1979 4180 ·
2011 4151 2082 4204 τὰ

557 4217 614 4268 ὲν
644 4217 752 4291 γὰρ
780 4215 1263 4291 προενεργηϐέντα,
1295 4218 1512 4291 ἀφείθη,
1555 4221 1622 4273 τὰ
1647 4220 1704 4274 δὲ
1733 4215 2082 4291 ἐπιγινόμενα

513 4233 614 4339 ἴεν
644 4233 752 4286 γαρ
780 4233 1263 4287 προενεργηυεντα,
1295 4233 1512 4291 αφειυη,
1555 4233 1622 4273 τα
1647 4233 1704 4274 σε
1733 4233 2080 4291 επιγινομενα

516 4287 919 4359 -κκαθαίρεταμ
957 4305 976 4338 ι
1017 4288 1308 4340 Sciendum
1354 4300 1433 4342 est
1468 4301 1648 4343 autem
1677 4306 1794 4351 eos.
1833 4294 1923 4357 qui
1957 4303 2080 4359 post

513 4355 806 4429 lavacrum
835 4360 885 4408 in
935 4370 1158 4429 peccata
1182 4428 1188 4429 ί
1208 4359 1473 4429 incidunt,
1501 4376 1597 4414 eos
1625 4375 1745 4414 esse
1775 4355 1867 4429 qui
1914 4355 2080 4416 casti-

513 4438 728 4493 gantnr.
773 4427 904 4491 Quae
934 4428 1079 4480 enim
1113 4428 1262 4494 prius
1295 4427 1431 4481 facta
1461 4440 1608 4493 sunt,
1639 4427 1863 4483 dimissa
1908 4442 2070 4495 sunt;

2189 3233 2540 3300 baptismata,
2575 3236 3007 3303 quandoquidem
3029 3233 3143 3287 non
3173 3234 3415 3299 lavacro,
3451 3240 3538 3290 sed
3570 3239 3723 3290 animo

2189 3306 2374 3357 mundi
2409 3303 2570 3374 190
2597 3306 2821 3374 parique
2845 3320 2965 3358 esse
3000 3305 3282 3360 debemus.
3317 3306 3552 3376 Legesis,
3583 3311 3621 3360 si
3650 3323 3723 3358 ra-

2191 3382 2283 3448 cat
2306 3384 2379 3448 Aet
2414 3381 2578 3436 lubet,
2607 3376 2956 3448 illustrissimi
2989 3376 3349 3448 Abrinccnsis
3395 3379 3613 3448 episcopi
3641 3377 3718 3430 lib.

2189 3443 2724 3516 ltAluetau.qua’st.,
2758 3460 2878 3512 cap.
2907 3446 2996 3509 20,
3028 3460 3147 3514 pag.
3181 3446 3287 3499 ‘268
3318 3457 3371 3500 et
3400 3443 3510 3516 seq.

2257 3515 2340 3566 Ad
2372 3515 2769 3586 _ha:reticornm
2813 3526 2993 3568 autem
3047 3518 3315 3583 baptisma
3345 3515 3489 3586 quod
3532 3516 3720 3580 attinet,

2188 3581 2329 3637 idem
2362 3583 2612 3639 Clemens
2657 3594 2840 3638 noster
2878 3601 2945 3639 ex
2974 3581 3159 3640 citatis
3189 3581 3592 3641 l’rovei-bioruln
3623 3601 3726 3638 ver-

2187 3655 2271 3707 bis
2299 3654 2504 3724 colligit
2533 3657 2675 3708 illius
2711 3669 2904 3722 aquam
2935 3656 3002 3708 ab
3031 3657 3200 3720 ipsius
3240 3673 3462 3712 anetore
3492 3674 3586 3710 non
3608 3673 3721 3709 con-

2189 3724 2490 3778 venientem
2536 3737 2590 3778 et
2632 3740 2946 3793 germanam
2996 3728 3255 3793 reputari.
3290 3730 3390 3781 Sic
3431 3737 3596 3780 autem
3624 3727 3728 3779 Cle-

2186 3808 2340 3874 mens
2371 3794 2604 3874 loquitur
2635 3791 2658 3826 ί
2687 3813 2699 3848 :
2733 3791 3183 3874 Eirgﬁmzprbvei:
3209 3796 3372 3874 Οὖςτω
3398 3798 3500 3874 γὰρ
3524 3795 3726 3874 διαϐήσῃ

2187 3815 2340 3848 1116118
2371 3815 2604 3874 ιιισιιιιιυι·
2635 3815 2651 3826 ⁸
2687 3815 2699 3848 ζ
2733 3815 2866 3848 ιιτα
2899 3815 3178 3862 επιφωνει·
3209 3815 3372 3851 υυτυ)
3398 3815 3500 3921 γαὲ
3524 3815 3726 3868 οιαῡησῃ

2186 3861 2330 3940 ὓδευρ
2374 3863 2678 3940 ἀλλότριον·
2714 3865 2778 3940 3e
2829 3866 3108 3940 βάπτισμα
3135 3867 3198 3940 τὸ
3243 3870 3458 3940 αἱρετικ
3492 3887 3516 3920 ν
3546 3867 3635 3920 οὐκ
3659 3869 3726 3940 ὀὶ-

2183 3934 2328 3986 κείον
2357 3936 2449 4008 καὶ
2479 3934 2697 4006 γνήσιον
2723 3934 2866 4008 ὕδωρ
2902 3934 3245 4008 λογιζομένη.
3287 3934 3320 3989 ς’
3350 3940 3545 3993 Deinde
3571 3936 3726 3989 aeelao

2184 4015 2295 4075 tnat
2324 4021 2339 4057 :
2376 4007 2452 4059 lta
2491 4021 2635 4061 enim
2684 4007 2925 4075 trajicies
2951 4023 3146 4075 aquam
3179 4007 3455 4075 alienam;
3489 4010 3724 4075 baptisma

2182 4073 2496 4128 ιιιιοτειὶειιιιι
2529 4092 2640 4146 non
2662 4073 3077 4131 convcrrientem
3113 4089 3169 4132 et
3199 4073 3511 4146 germanam
3553 4073 3725 4142 aquam

2183 4155 2442 4213 reputans
2470 4146 2512 4198 '.
2551 4166 2571 4199 ι
2606 4145 2794 4201 Graeca
2827 4159 3005 4200 autem
3039 4164 3142 4202 vox
3171 4145 3374 4212 οἰκεῖος
3432 4150 3562 4202 idem
3589 4154 3730 4200 sonat

2180 4228 2246 4268 ac
2282 4215 2612 4270 domesticus
2652 4229 2706 4270 et
2737 4217 3040 4282 familiaris,
3084 4221 3167 4271 cui
3207 4237 3237 4271 a
3287 4223 3558 4274 Clemente
3595 4213 3731 4270 ἁλλό-

2180 4300 2351 4355 τριος,
2385 4287 2614 4351 alienus,
2647 4289 2956 4355 opponitur.
3012 4291 3380 4354 Quamobrem
3432 4289 3559 4343 nihil
3600 4285 3729 4340 aliud

2162 4354 2254 4408 -ibi
2287 4359 2377 4408 ille
2401 4360 2599 4412 docere
2627 4354 2861 4427 videtur,
2884 4374 3045 4426 quam
3073 4361 3454 4414 haereticorum
3488 4361 3727 4427 baptisma

2181 4439 2287 4478 non
2327 4440 2448 4479 esse
2494 4443 2637 4481 vera:
2679 4428 3112 4482 Christianorum
3157 4431 3383 4484 familia:
3431 4445 3496 4484 ac
3537 4442 3730 4486 nonius.

513 4509 843 4569 quaeautem
884 4508 1070 4565 postea
1092 4501 1257 4562 (lunt,
1298 4510 1686 4568 expurgantur.
1726 4519 1744 4551 ι
1787 4501 1924 4564 Quid
1970 4516 2069 4554 an-
2101 4497 2150 4557 D
2175 4497 2271 4548 sed
2306 4496 2514 4559 alienae,
2557 4507 2725 4566 atque
2765 4499 2965 4552 idcirco
2995 4514 3102 4569 nec
3143 4504 3464 4569 genuinum,
3495 4513 3586 4552 nec
3622 4511 3734 4566 ger-

513 4575 620 4618 tem
657 4566 758 4618 hoc
781 4567 1030 4635 loquendi
1063 4571 1222 4622 modo
1258 4566 1406 4623 aliud
1439 4566 1628 4623 auctor
1665 4581 1850 4623 nostcr
1876 4572 2072 4634 innuit,

511 4635 616 4707 nisi
663 4649 908 4702 peccata,
941 4652 1060 4705 qua:
1109 4648 1235 4691 ante
1271 4639 1596 4707 baptismum
1644 4641 1877 4692 admissa
1924 4651 2070 4704 sunt,

509 4706 626 4758 sola
656 4707 913 4774 spiritalis
936 4710 1132 4760 lavacri
1157 4723 1295 4776 aqua
1334 4706 1490 4763 facile
1519 4710 1786 4777 abstergi;
1820 4725 1941 4777 qua:
1970 4726 2069 4763 au-

509 4783 615 4849 tem
645 4785 827 4849 postea
859 4786 1259 4846 perpetrantur,
1306 4779 1421 4832 hare
1453 4780 1610 4849 longe
1645 4780 1934 4841 dillieilms,
1969 4795 2069 4834 nec

507 4846 626 4897 sine
666 4847 1026 4914 castigatione
1066 4849 1364 4902 condonari
1397 4861 1452 4903 et
1482 4846 1808 4918 expurgari‘!
1859 4851 2069 4904 Videsis

503 4929 568 4966 ea
601 4920 666 4968 de
692 4932 771 4982 re,
806 4920 856 4989 si
891 4918 1102 4989 animus
1127 4927 1230 4982 est,
1272 4921 1535 4974 Morinum
1583 4922 1679 4975 lib.
1710 4936 1766 4973 ιιι
1798 4919 1874 4972 De
1901 4924 2069 4989 pwni-

502 4993 656 5056 tent.,
683 5002 801 5054 cap.
831 4986 886 5050 4,
917 4987 951 5040 5
981 4998 1034 5041 et
1072 5001 1189 5056 seq.

573 5054 701 5109 Post
751 5070 1060 5127 susceptum
1104 5054 1280 5111 autem
1326 5058 1577 5127 baptismi
1631 5068 2060 5124 sacramentum,

501 5123 797 5180 Christiani
875 5123 996 5183 sese
1067 5127 1293 5181 fratrum
1362 5123 1579 5182 tioinine
1643 5123 2060 5196 cunipellabant.

505 5211 526 5244 ι
593 5197 720 5260 Eos,
787 5199 962 5268 inquit
1017 5199 1267 5253 Clemens
1318 5199 1394 5264 ’⁵,
1455 5200 1650 5253 fratres
1706 5200 2062 5266 appellamus,

500 5268 590 5340 qni
646 5278 773 5340 sinit
828 5279 1024 5340 eodem
1096 5273 1258 5340 verbo
1316 5281 1670 5340 regenerati:
1725 5287 1742 5319 ι
1801 5268 2063 5340 ἀδελφοὺς

497 5335 624 5398 τοὺς
659 5337 737 5409 τῷ
781 5339 928 5412 αὐτῷ
977 5340 1120 5410 λόγῳ
1143 5335 1633 5411 ἀναγεννῇθέντας,
1663 5335 2066 5411 προσαγορὲύο-

498 5423 616 5478 μεν.
656 5413 820 5476 Cujus
873 5429 1004 5465 sane
1043 5412 1422 5480 appellationis
1471 5415 1827 5474 consuetudo,
1874 5427 1943 5464 an
1980 5428 2064 5478 ip-

563 5609 610 5645 ⁸⁸
643 5612 896 5682 August.,
924 5613 1059 5668 hmr.
1092 5613 1180 5668 76.
1288 5613 1335 5644 '°
1367 5612 1402 5666 I.
1439 5627 1492 5669 tv
1525 5610 1839 5685 μεθῇ-(ξιιμ,
1884 5612 1912 5685 §
1955 5613 2042 5668 l0.

495 5681 682 5754 begin.
711 5681 900 5750 tneol.,
933 5685 968 5737 Ι.
1002 5701 1040 5738 ιι
1085 5686 1161 5739 De
1185 5685 1390 5754 opilic.,
1437 5701 1487 5754 c7.
1521 5683 1577 5737 9..

493 5752 539 5825 ξς
570 5761 774 5825 :strom.
801 5754 836 5825 l_.
871 5771 930 5816 ll,
962 5772 1016 5825 p.
1046 5756 1171 5809 578.
1223 5751 1236 5754 ⁷
1257 5754 1303 5786 ³⁷
1340 5753 1500 5824 Apol.
1535 5768 1584 5825 e.
1614 5751 1705 5807 59.

492 5818 539 5852 "
571 5823 777 5880 διιοιιι.
809 5823 845 5879 ι.
875 5818 1030 5896 iv,'p.
1061 5827 1188 5884 451.
1265 5825 1281 5855 ¹
1319 5818 1520 5881 suum.
1547 5821 1586 5877 l.
1616 5839 1658 5889 ι,
1696 5837 1752 5893 p.
1781 5821 1908 5883 317.

2143 5613 2186 5645 ’ί
2225 5612 2363 5667 llaer.
2392 5612 2487 5688 _70_,
2529 5614 2790 5688 Audiam,
2830 5624 2887 5669 et
2919 5616 2970 5670 in
2999 5616 3236 5679 Ancon,
3267 5617 3296 5688 ᾗ

1686 5681 1731 5713 ’³
1774 5683 1866 5738 lib.
1889 5681 1969 5738 ἰιι
2009 5685 2241 5745 Strom..
2284 5702 2337 5753 p.
2378 5685 2502 5737 465.
2611 5686 2659 5718 ⁸⁵

1688 5787 1705 5805 .
1797 5753 1842 5784 ’⁸
1875 5755 2077 5808 Strom.
2113 5755 2149 5807 Ι.
2187 5769 2249 5811 ιι.
2274 5771 2325 5811 u.
2356 5757 2499 5811 573:
2535 5754 2569 5808 l.
2600 5771 2672 5811 vn

2017 5772 2077 5806 1n.
2113 5771 2149 5807 ι.
2187 5771 2249 5818 ιι,
2274 5771 2325 5822 p.
2356 5771 2499 5821 ato;
2535 5771 2569 5808 ι.
2600 5771 2698 5818 vn.
2733 5775 2785 5826 p.
2820 5771 3114 5823 140,151;
3147 5771 3184 5812 ι.
3221 5775 3273 5821 v,
3313 5777 3368 5827 p.
3391 5771 3530 5813 595i

2017 5823 2038 5857 '
2071 5824 2231 5880 Prov.
2264 5839 2340 5890 lx,
2377 5827 2462 5891 l8,
2486 5828 2642 5896 juxta
2668 5826 2834 5886 LAX.
2915 5829 3009 5884 'c.
3042 5830 3098 5895 4,
3128 5829 3157 5901 §
3188 5831 3292 5893 25,
3319 5848 3372 5900 ρ.
3410 5829 3530 5883 3:9.

2182 4581 2424 4620 manum.
2457 4569 2596 4632 Quid
2639 4578 2842 4629 autem.
2867 4568 3060 4622 amabo
3093 4568 3166 4634 te,
3214 4570 3332 4624 hanc
3359 4571 3504 4625 aliud
3529 4577 3730 4626 sonant,

2179 4636 2290 4689 nisi
2322 4637 2450 4689 illud
2488 4653 2704 4706 semper
2730 4654 2850 4692 esse
2887 4641 3086 4693 malum
3116 4651 3171 4694 et
3207 4641 3477 4706 illicitum,
3503 4650 3735 4708 quantivis

2177 4719 2283 4780 non
2331 4719 2652 4780 seinper_sut
2701 4709 3014 4772 invalidum,
3049 4720 3108 4761 ut
3155 4711 3393 4780 theologi
3441 4709 3732 4780 scholastici

2175 4773 2510 4849 loquuntur?
2549 4777 2746 4831 Verum
2774 4785 2838 4833 de
2865 4782 2964 4834 bac
2993 4783 3295 4849 quaestione
3325 4773 3481 4836 aiias.
3525 4779 3733 4849 Interim

2179 4848 2381 4922 yidesis
2419 4863 2539 4915 quae
2571 4849 2638 4902 de
2669 4849 2758 4901 illa
2799 4851 2853 4904 in
2884 4848 3156 4904 Ambrosii
3206 4852 3284 4904 De
3340 4852 3594 4922 mysteriis
3620 4848 3636 4877 ³
3666 4850 3736 4900 lt-

2173 4913 2331 4968 brum
2357 4913 2789 4973 subnotavinius.

2703 5009 3097 5068 ARTICULUS
3147 5010 3212 5067 ll.

2171 5098 2250 5156 De
2277 5103 2614 5158 euclraristiat
2651 5117 3004 5168 sacramento,
3040 5123 3102 5159 ac
3137 5107 3460 5174 paenitentia,
3494 5115 3540 5159 et
3567 5112 3740 5157 atrurn

2688 5178 2800 5230 haec
2833 5178 3014 5229 iterari
3046 5180 3230 5246 pessit.

2243 5264 2504 5333 Quamvis
2552 5266 2808 5324 Clemens
2852 5269 2921 5324 de
2977 5269 3328 5323 eucharistim
3388 5273 3743 5324 sacramento.

2170 5339 2316 5407 quod
2353 5344 2602 5409 maxime
2653 5339 2879 5409 paganis
2929 5340 3319 5393 occoltandnm
3369 5349 3520 5400 erat,
3568 5350 3740 5402 pauca

2171 5413 2325 5463 hisce
2352 5407 2404 5459 in
2437 5407 2761 5462 Str-omniurn
2792 5410 2946 5464 libris
2971 5410 3314 5474 delibaverit,
3345 5420 3528 5478 aperte
3559 5419 3744 5461 tamen

3335 5618 3423 5673 55.
3520 5614 3564 5647 ⁵¹
3599 5627 3643 5666 ι.
3683 5612 3748 5668 ιιι

2611 5686 2659 5718 ⁸⁵
2702 5689 2742 5740 ι.
2788 5703 2861 5752 tv,
2905 5703 2956 5754 p.
2996 5688 3120 5742 558.
3230 5686 3288 5722 ’ί
3326 5691 3478 5754 ibid.,
3519 5703 3572 5755 p.
3611 5686 3745 5738 356.

2284 5702 2337 5753 p.
2378 5685 2502 5737 465.

2733 5757 2943 5827 p.745,
2975 5759 3114 5823 75l;
3147 5759 3184 5812 l.
3221 5775 3273 5821 ν,
3313 5777 3368 5827 p.
3391 5761 3492 5813 595
3520 5768 3572 5812 et
3613 5759 3748 5815 6H.
