3840 6524
191 392 294 448 Ηϐι

1332 389 1418 442 DE
1460 388 1682 444 LlBBlS
1716 389 2174 445 STllOMATUM.

3259 404 3400 456 “6'2

187 518 310 569 docet
348 509 395 563 in
414 507 604 562 oblato
631 523 662 580 _a
709 507 1102 580 Melchisedech
1134 524 1272 579 pane
1298 519 1355 565 et
1385 510 1512 565 vino
1537 511 1706 567 fuisse
1735 518 1781 574 Α
1813 511 1966 565 tiam.
2005 509 2120 580 Ipsa
2154 510 2437 567 enimvero
2465 526 2572 566 non
2611 514 2807 576 solum,
2851 526 2904 570 ut
2945 515 3033 570 ille
3060 516 3137 571 ait
3165 514 3228 580 ".
3262 534 3398 577 sciet

185 586 297 640 illius
328 590 494 703 Irpum
532 587 588 632 et
619 578 843 647 ﬁgurant
878 597 893 630 :
937 596 956 630 ε
1005 578 1425 644 Melchisedech,
1459 583 1632 651 inquit
1657 583 1698 648 ⁸,

185 669 258 703 rex
280 650 339 703 Sa
363 665 460 703 em.
484 651 738 702 sacerdos
767 649 858 703 Dei
885 651 1152 703 altissimi.
1185 651 1276 703 oui
1305 651 1489 703 vinum
1526 664 1580 703 et
1603 668 1698 703 na-

185 669 259 710 rex
280 649 738 722 Salein,_s_acerdos
767 649 858 722 Dei
885 651 1152 711 altissimi,
1185 651 1276 719 qui
1305 651 1489 705 vinum
1526 649 1580 705 et
1603 668 1702 722 pa-

182 739 280 779 nem
324 719 721 793 sanctiﬁcatum
763 721 910 793 dedit
969 723 1467 793 nutrimentumin
1513 719 1697 793 typum

181 789 474 862 eucharistite
499 806 586 862 ελ
617 790 954 862 Μελχισεδὲκ
1005 791 1258 862 βασιλεὺς
1303 791 1514 862 Σαλὴμ,
1538 789 1589 847 ⁷6
1627 795 1701 846 is-

184 866 282 937 ρεὺς
301 861 384 937 τοῦ
412 858 540 937 ΘΞ.οῇ
568 858 810 937 setosae.
846 864 886 937 ὁΔ
907 858 1274 937 τὸνρἷονριαὶ
1289 862 1382 937 τὸν
1411 858 1574 934 ἄρτον
1599 865 1700 937 τὴν

177 931 465 1007 ἧγιασμένην
512 931 686 995 διδοὺς
732 933 958 1057 τροφὲν,
1004 935 1084 996 εἰς
1124 933 1292 986 τύπον
1329 931 1694 1005 εὐχαριστίαξ.

179 1006 446 1057 Nobiscum.
479 1016 683 1057 attteso.
723 1004 836 1057 haec
912 1004 1164 1057 lementis
1200 1004 1363 1057 verba
1406 1020 1694 1057 uarumner

179 1004 446 1063 NobisCum,
479 1016 683 1070 quaeso,
723 1004 836 1057 haec
866 1004 1164 1059 Clementis
1200 1004 1363 1058 verba
1406 1004 1699 1073 parumper

179 1076 402 1144 expende.
434 1073 577 1127 Dixit
622 1075 804 1126 vinum
851 1084 902 1126 et
959 1090 1173 1144 panem,
1219 1089 1247 1127 a
1300 1073 1695 1130 Melchisedech

174 1149 372 1203 oblatum
404 1144 582 1209 fuisse,
621 1144 960 1198 eucharistia:
1000 1144 1261 1215 ﬁguram;
1294 1154 1349 1199 et
1375 1146 1486 1213 ipse
1517 1155 1696 1200 tamen

176 1219 289 1288 idem
326 1215 445 1288 illud
501 1215 682 1268 vinum
725 1224 779 1268 et
811 1229 1052 1288 panem,
1101 1215 1308 1288 τροφὴν
1329 1215 1692 1288 ἡγιασμένην,

172 1287 291 1342 baud
321 1285 622 1340 dubitanter
663 1285 920 1352 appellat.
955 1287 1116 1354 Atqui
1138 1285 1146 1287 “
1168 1288 1212 1340 si
1249 1285 1475 1355 simplex
1509 1285 1697 1341 nuda-

170 1374 252 1426 que
287 1356 615 1410 eucharistize
653 1356 819 1424 ﬁgura
858 1356 976 1419 fuit,
1029 1367 1168 1410 teste
1210 1357 1508 1421 Clemente,
1539 1376 1558 1408 ‹
1597 1373 1696 1409 nu-

172 1430 440 1481 trimentum
466 1427 892 1491 sanctiﬁcatum,
920 1445 939 1476 ι
970 1441 1288 1495 persuasum
1314 1429 1501 1495 procul
1532 1428 1695 1481 dubio

168 1499 245 1564 ipsi
299 1512 410 1551 esse
472 1496 662 1550 debuit
728 1497 1076 1552 eucharistiae
1135 1508 1536 1551 sacramentum
1591 1499 1696 1553 hoc

167 1583 283 1639 typo.
327 1581 428 1635 quo
475 1567 832 1639 ﬁgurabatur,
879 1582 1002 1622 esse
1054 1568 1212 1635 longe
1246 1570 1594 1639 praestantius
1637 1577 1695 1622 et

166 1636 490 1694 excellentius.
527 1636 587 1690 In
621 1654 727 1706 quo
759 1649 967 1701 autem,
1001 1640 1230 1692 obsecro
1273 1649 1344 1697 te,
1377 1638 1546 1707 posita
1589 1641 1692 1694 erit

163 1713 252 1764 lucc
289 1708 630 1772 excellentia,
677 1709 775 1763 nisi
832 1709 882 1763 in
928 1723 994 1761 eo
1039 1711 1182 1776 quod
1215 1709 1560 1762 eucharistize
1598 1725 1690 1763 sa-

162 1789 456 1834 cramentum
503 1793 650 1831 mera
684 1795 788 1833 non
817 1780 888 1833 sit
921 1778 1150 1846 amplius
1183 1778 1377 1845 ﬁgura,
1410 1779 1502 1832 sed
1537 1779 1692 1849 longe

160 1851 469 1904 sacratiorem
504 1849 710 1913 cibum,
758 1865 956 1915 corpus
987 1849 1196 1902 scilicet
1231 1849 1431 1902 Christi
1479 1858 1536 1902 et
1563 1865 1690 1902 san—

158 1921 337 1989 guinem
365 1933 552 1973 revera
579 1919 1016 1988 complectatur?
1051 1919 1118 1972 Et
1151 1921 1291 1973 hanc
1321 1919 1540 1987 quidem
1567 1919 1688 1973 Cle-

159 1992 323 2045 mentis
367 1989 533 2044 nostri
583 2000 818 2046 mentem
852 2005 991 2055 esse,
1041 1989 1255 2044 etiamsi
1291 1989 1447 2056 paulo
1491 1991 1688 2048 obscu-

156 2063 244 2115 rius
287 2061 628 2128 explicatam,
677 2077 742 2115 ex
791 2062 874 2115 his
917 2075 1037 2130 quae
1091 2059 1341 2128 superius
1389 2061 1688 2130 disputavi-

154 2146 248 2186 mus
267 2133 309 2196 ⁸,
336 2132 475 2186 haud
509 2131 670 2199 plane
713 2132 984 2186 immerito
1025 2130 1202 2200 colligi
1252 2140 1449 2200 potest.
1494 2130 1688 2184 Nonne

154 2203 285 2255 etiam
312 2203 380 2256 ita
416 2217 637 2272 quoque
678 2211 1088 2271 argumentatus
1131 2213 1214 2254 est
1253 2202 1578 2256 Ambrosius
1626 2201 1686 2255 ‘i‘

155 2272 481 2342 «Cognovisti
542 2277 952 2343 praestantiora;
1006 2273 1186 2339 potior
1233 2281 1318 2326 est
1371 2273 1517 2326 enim
1568 2274 1683 2335 lux,

150 2357 280 2414 quam
307 2346 525 2408 umbra;
558 2343 782 2407 veritas,
814 2359 976 2414 quam
1016 2344 1218 2412 ﬁgura;
1266 2357 1467 2411 corpus
1493 2353 1682 2397 aucto—

152 2413 225 2477 ris,
261 2429 409 2482 quant
443 2429 644 2466 manna
694 2417 760 2468 de
810 2413 969 2478 ccelo,
1003 2433 1022 2465 ›
1055 2414 1200 2482 quod
1240 2414 1454 2482 quidem
1485 2428 1683 2467 tnauna

148 2485 450 2554 eucharistite
479 2495 644 2554 typus
668 2494 724 2538 et
753 2483 921 2554 ﬁgura
955 2495 1091 2537 crat.

201 2552 423 2624 Denique
461 2552 716 2609 Clemens
763 2552 1165 2608 sacramentum
1199 2552 1527 2624 corporiset
1564 2567 1687 2606 san-

145 2625 291 2692 guinis
335 2622 564 2690 Christi,
615 2627 730 2680 solo
785 2624 1129 2694 simplicique
1182 2622 1535 2694 εὐχαριστίας
1586 2638 1685 2678 no-

146 2695 280 2759 mine,
312 2706 366 2750 et
397 2697 485 2750 hic
536 2706 597 2751 et
628 2696 749 2751 loco
789 2711 912 2750 mox
948 2695 1168 2749 citando
1194 2704 1485 2760 nuncupat.
1524 2695 1686 2752 Prius

143 2775 290 2819 autem
325 2767 392 2820 ab
419 2767 639 2836 lgnatio
683 2768 1022 2822 Antiocheno
1049 2765 1304 2834 episcopo
1329 2764 1349 2795 ⁷
1376 2763 1558 2820 fuerat
1605 2767 1682 2823 ita

141 2838 567 2905 cognominatum.

194 2904 533 2962 Eucharistite
563 2921 728 2977 porro
762 2907 1103 2963 institutione
1135 2904 1384 2959 Clemens
1412 2916 1680 2975 pracepta

139 2973 316 3032 Domini
352 2980 506 3047 prius
553 2973 928 3047 cognoscenda
961 2990 1281 3042 esse'quatn
1317 2973 1678 3042 observanda,

137 3047 253 3102 hunc
297 3065 447 3114 sane,
480 3051 580 3117 qui
620 3050 793 3102 notari
826 3048 1006 3109 debet.
1051 3050 1245 3115 probat
1291 3047 1344 3098 in
1383 3047 1600 3117 modum
1635 3048 1675 3101 ⁸.

141 3135 154 3166 i
184 3118 457 3188 Pr0pterea
494 3116 784 3185 Servatur,
819 3134 944 3173 cum
980 3133 1174 3188 panem
1207 3116 1533 3188 accepisset,
1572 3119 1682 3188 pri-

135 3201 254 3260 mum
278 3184 490 3244 locutus
523 3200 633 3250 est,
659 3200 712 3242 et
738 3184 936 3258 gratias
957 3184 1067 3258 egit
1085 3187 1286 3260 τᾲᾶρτον
1315 3184 1515 3249 λαϐὼν,
1538 3187 1683 3260 πρῶ-

128 3259 492 3332 1ςθνᾷλάληειίεν,
530 3259 631 3314 καὶ
660 3257 1072 3332 εὐχαρίστησεν.
1106 3257 1310 3312 Deinde
1339 3271 1459 3332 cuin
1490 3257 1682 3332 panem

131 3328 369 3401 licgisset,
407 3333 692 3401 apposuit,
726 3328 811 3384 ω’
835 3328 1182 3384 comedamus
1224 3343 1291 3380 ex
1327 3328 1558 3401 ratione,
1595 3328 1683 3380 ἵνα

128 3394 178 3467 δὴ
201 3394 455 3475 adruisz
481 3394 764 3475 'loyoct‘bg,
818 3421 838 3453 ι
892 3402 942 3454 id
993 3410 1099 3475 est,
1135 3409 1283 3475 recte
1317 3399 1685 3475 dignoscendo

126 3479 169 3520 et
201 3470 430 3527 attitttutn
467 3477 540 3526 ad
593 3473 722 3527 illud
758 3472 1085 3525 atlvertendo
1131 3470 1275 3538 quod
1321 3470 1678 3538 cottteditttus.

181 3539 414 3598 Testatur
445 3546 680 3612 insuper
713 3556 901 3598 auctor
950 3537 1184 3595 noster“
1243 3552 1340 3592 suo
1375 3537 1488 3612 jam
1519 3550 1684 3612 Ateiu-

125 3622 232 3676 pore
261 3629 466 3669 morem
524 3610 845 3679 iti'valuisse,
883 3624 940 3666 ut
992 3621 1278 3681 postquam
1332 3625 1350 3659 ε
1401 3610 1616 3681 quidam
1657 3629 1677 3662 ο

123 3681 404 3740 divisissent
430 3686 851 3749 eucharistiam,
890 3679 1184 3750 unicuique
1226 3695 1293 3734 ex
1328 3679 1527 3748 populo
1557 3695 1684 3748 par-

123 3758 208 3824 tem
246 3766 357 3824 eius
399 3770 635 3810 sumere
687 3758 1081 3824 permitterent
1111 3770 1140 3824 :_
1174 3750 1285 3824 Τὴν
1326 3750 1682 3824 ξύχαριστίαν

117 3820 800 3898 ςινξςμδιανείμαντεςξὼς
842 3823 984 3898 580;,
1027 3822 1189 3877 αὑτὸν
1230 3820 1680 3898 ⁵ἓκςιφὲφνςοῦ

117 3890 220 3946 λαοῦ
237 3893 416 3951 λαϐεῖν
436 3890 544 3969 ’ἰὴν
572 3890 769 3970 μοῖραν
798 3895 1212 3970 ἐπιτρέψωσιν..
1234 3911 1250 3942 t
1283 3890 1461 3945 Euclia
1473 3892 1679 3970 risliant

119 3977 217 4017 cuin
262 3964 514 4035 quidam,
573 3964 637 4022 iit
675 3964 806 4022 'mos
854 3964 958 4030 est,
989 3964 1302 4026 diviserint,
1358 3965 1680 4035 permittunt

116 4031 376 4108 iuuenique
412 4031 730 4108 expopulo
755 4039 870 4106 ejus
895 4046 1101 4107 partem
1142 4047 1376 4108 sumere.
1425 4051 1443 4083 ι
1476 4031 1678 4108 υιοιιγτ

115 4105 206 4178 sius
261 4104 481 4178 quoque
518 4104 964 4164 ’A'lexandrin'us
1019 4110 1102 4178 ide
1152 4104 1340 4178 eodem
1396 4115 1559 4178 inore
1585 4104 1677 4178 _ad

116 4171 296 4249 Xislutti
327 4171 619 4235 summum
657 4179 968 4249 pontilicem
1016 4177 1130 4230 haec
1175 4174 1366 4228 scribit
1394 4173 1480 4249 “f:
1520 4189 1538 4222 t
1574 4173 1676 4249 Qui

112 4245 164 4296 ad
199 4262 404 4304 sacram
462 4243 722 4306 mensa'm
771 4248 1008 4303 astiterit
1046 4257 1101 4300 et
1143 4259 1334 4297 tuanus
1371 4243 1436 4296 ad
1493 4245 1673 4297 susci-

111 4314 336 4380 piendum
365 4336 605 4376 sacrum
636 4321 818 4374 cibum
854 4317 1180 4387 porrexerit,
1213 4316 1303 4387 qui
1336 4314 1483 4366 illum
1513 4329 1675 4387 esce-

106 4387 224 4462 Qerit
253 4401 305 4445 et
333 4393 603 4462 corporis
634 4406 702 4445 ac
747 4383 1028 4462 sanguinis
1073 4385 1300 4462 Domini
1333 4387 1504 4437 nostri
1545 4383 1673 4440 Jesu

104 4452 282 4532 Christi
316 4452 612 4532 particeps
655 4452 895 4515 fueritis
933 4459 1091 4512 l’lura
1126 4471 1245 4511 eam
1288 4455 1512 4532 in_rem,
1553 4470 1675 4524 quae

104 4525 379 4586 innumeris
411 4525 651 4587 Patrum
690 4547 812 4586 cum
859 4532 1172 4586 Graecorum
1211 4535 1323 4579 tum
1355 4525 1672 4590 Latinorum

1817 600 1834 632 ε
1866 596 2144 647 generare,
2158 581 2428 646 veniam,»
2454 583 2546 638 sed
2567 584 2688 638 tDei
2718 586 2966 640 voluntas
2989 599 3096 651 est,
3128 597 3188 643 ut
3212 604 3390 645 serve-

1812 654 2003 724 turis,
2035 653 2124 721 qui
2171 662 2325 720 paret
2370 655 2676 721 praeceptis,
2711 665 2763 707 et
2790 671 3016 709 suorum
3046 668 3396 724 peccatorum

1809 723 2032 792 ducitur
2063 724 2403 792 paenitentia.
2444 742 2464 776 ι
2487 723 2846 778 Additautem
2867 723 3195 792 ipseihidem
3221 729 3301 783 “2
3332 732 3396 784 Ἦ

1810 791 2104 864 συγγνώμη
2137 792 2298 864 δὲὴοὺ
2346 793 2466 847 κατ’
2497 792 2712 862 ἄφεσιν.
2755 791 2894 849 ἀλλὰ
2935 800 3055 850 κατ’
3092 798 3237 853 ἴασιν
3266 818 3396 856 συν-

1812 861 2042 916 ίσταταιζ
2093 861 2118 914 ἰ
2181 863 2442 918 Consistit
2491 861 2670 918 autem
2720 865 2873 920 venia
2928 883 3034 920 non
3081 884 3148 924 ex
3195 873 3395 926 remis-

1808 934 1980 993 sione,
2018 936 2109 989 sed
2146 950 2210 988 ex
2261 935 2646 989 medicatione.
2685 955 2706 986 ι
2742 936 2880 1002 Quid
2922 939 3008 991 his
3051 949 3230 994 autem
3265 957 3392 996 ver-

1806 1003 1890 1057 bis
1922 1005 2021 1058 sibi
2059 1005 2170 1057 vult
2218 1004 2492 1068 Clemens,
2534 1005 2639 1058 nisi
2689 1007 2897 1072 peccati
2944 1008 3158 1062 veniam
3203 1026 3232 1062 a
3283 1012 3392 1067 Deo

1807 1074 1945 1136 dari,
1983 1091 2088 1128 non
2129 1075 2286 1130 modo
2320 1085 2380 1129 ut
2406 1075 2536 1129 illud
2581 1076 2894 1130 remittatur
2935 1077 3096 1145 eique
3124 1080 3388 1135 adhibea-

1809 1154 1896 1266 tiltr
1941 1145 2226 1252 medicina,
2258 1160 2445 1200 verum
2474 1145 2640 1200 etiam
2678 1156 2735 1200 ut
2771 1161 2876 1200 non
2903 1158 3248 1217 perpetretur
3273 1167 3393 1206 am-

1809 1230 1837 1266 n
1865 1230 1974 1266 IIIS.

1805 1230 1974 1282 ptiust

1878 1285 2218 1339 l'teuitentiae
2258 1301 2389 1341 vero
2412 1302 2530 1354 quae
2575 1286 2678 1340 alia
2723 1287 2933 1342 utilitas
2957 1297 3013 1341 et
3049 1288 3258 1344 fructus
3288 1291 3382 1354 sit.

1806 1355 1877 1407 ita
1925 1370 1990 1409 ex
2045 1355 2325 1424 Scriptura
2361 1356 2451 1411 ille
2502 1358 2662 1410 nobis
2705 1360 2946 1412 ostendit
2994 1359 3038 1390 ”'
3078 1376 3093 1411 :
3143 1378 3162 1410 σ
3217 1361 3390 1416 Recte

1802 1424 2004 1497 dictum
2045 1435 2126 1480 est
2167 1429 2232 1479 de
2261 1427 2651 1494 ptenitentibus
2685 1428 2815 1482 illud
2848 1429 3124 1497 eloquium
3159 1447 3174 1484 :
3215 1431 3386 1486 Deum

1803 1496 2010 1564 elegisti
2061 1497 2240 1556 hodie,
2278 1507 2334 1550 ιιι
2361 1509 2506 1552 esset
2538 1499 2680 1554 Deus
2708 1511 2852 1562 tuus,
2889 1496 3238 1555 et’Domiuus
3273 1502 3388 1556 ele'

1803 1567 1882 1632 git
1916 1575 1968 1638 te
2005 1567 2206 1638 hodie,
2233 1578 2289 1620 ut
2321 1583 2471 1623 esses
2496 1569 2614 1638 ejus
2639 1567 2886 1638 populus.
2924 1587 2942 1621 ι
2985 1568 3150 1623 Multa
3180 1571 3287 1624 alia
3317 1572 3386 1627 de

1807 1637 2122 1704 paenitentia
2158 1637 2414 1707 illiusque
2449 1637 2773 1693 acoessita’te
2821 1649 2876 1691 et
2912 1638 3146 1694 utilitate
3190 1641 3382 1708 dispu—

1804 1715 1904 1769 tat,
1938 1723 2056 1775 quae
2088 1723 2209 1761 cum
2241 1709 2445 1776 passim
2477 1709 2632 1762 obvia
2661 1721 2712 1763 et
2740 1709 2998 1763 omnibus
3023 1708 3206 1764 facilia
3243 1713 3382 1775 sint,

1799 1776 1868 1830 ad
1904 1793 1966 1831 ea
2014 1779 2373 1849 examinanda
2424 1793 2798 1849 properemus.
2830 1793 2951 1847 quae
3001 1779 3248 1848 pluribus
3276 1779 3381 1834 ob-

1798 1861 1955 1900 scura
1985 1859 2036 1902 ct
2074 1847 2333 1911 diliicilia,
2367 1863 2467 1903 nec
2488 1847 2718 1902 omnino
2766 1850 2976 1902 erroris
3003 1847 3269 1904 iinmunia
3298 1852 3384 1903 vi-

1797 1918 2010 1972 dentur.
2044 1917 2255 1972 Hermas
2283 1917 2449 1989 igitur
2469 1920 2786 1989 testinmuio
2813 1920 3005 1980 fretus,
3035 1919 3166 1973 dicit
3190 1920 3236 1951 ¹⁶
3268 1934 3381 1989 pte-

1796 1989 2104 2058 niteutiam,
2134 2004 2294 2057 quam
2346 1988 2433 2042 ille
2469 1987 2726 2042 'Pastort’s
2778 1990 2828 2042 in
2877 1989 3015 2044 libro
3058 2007 3078 2040 t
3125 1987 3376 2058 magnam

1796 2056 2208 2130 intelligentiam
2261 2077 2278 2107 ›
2333 2061 2572 2130 vocavit,
2604 2059 2767 2130 iniis
2791 2059 3023 2130 primum
3064 2056 3378 2130 essc,'quos

1794 2143 1954 2183 sacro
1985 2128 2333 2197 baptismate
2378 2128 2610 2190 tinctos,
2666 2129 2988 2200 idololatria:
3027 2128 3369 2200 aliorumque

1794 2201 2087 2267 prmteritaa
2115 2200 2236 2252 vitae
2266 2210 2609 2267 peccatorum
2647 2200 2891 2268 ptenitet.
2935 2199 2991 2253 ln
3033 2199 3136 2253 alia
3182 2199 3363 2254 autem

1793 2268 1840 2324 si
1875 2269 2130 2337 deinceps
2163 2279 2281 2338 post
2309 2270 2634 2336 baptismum
2661 2269 2972 2333 inciderint,
3010 2269 3150 2324 Deus
3179 2285 3374 2324 eorum

1795 2339 2072 2404 misertus,
2115 2340 2264 2393 dedit
2304 2339 2434 2407 ipsis
2480 2358 2499 2391 ι
2553 2353 2714 2392 uuam
2758 2338 2936 2408 adhuc
2967 2355 3071 2392 non
3103 2340 3377 2408 paeniten-

1793 2408 1920 2461 datn
1954 2410 2333 2477 ptenitentiam
2365 2410 2430 2463 ιτ.
2465 2428 2484 2462 ι
2514 2410 2581 2462 At
2608 2423 2712 2462 non
2737 2407 3052 2474 defuerunt,
3078 2407 3170 2478 qui
3201 2412 3256 2463 in
3288 2411 3374 2464 his

1793 2479 1977 2534 verbis
2010 2480 2214 2549 aliquid
2259 2479 2904 2534 Novatianaa'ltaareseos
2945 2479 3140 2533 veneni
3185 2494 3216 2533 a
3261 2479 3378 2535 Cle-

1793 2559 1976 2620 mente
2005 2563 2193 2604 nostro
2218 2550 2598 2620 imprudenter
2617 2549 2888 2618 pr0pinati
2916 2557 3231 2604 causentur.

1863 2619 1971 2672 Sed
2023 2621 2056 2673 ii
2089 2619 2362 2675 immerito
2417 2634 2550 2674 sane
2590 2619 2730 2673 hanc
2777 2620 3074 2673 severioris
3127 2633 3376 2675 censurae

1797 2699 1982 2742 notam
2007 2690 2323 2746 doctissimo
2359 2691 2565 2743 auctori
2613 2700 2806 2744 nostro
2857 2691 3100 2744 inurunt.
3127 2690 3202 2742 Ibi
3225 2691 3372 2744 enim

1797 2758 1890 2813 ille
1917 2760 2180 2829 praevium
2219 2771 2441 2815 secutus
2473 2759 2751 2824 Hermam,
2789 2761 2856 2814 de
2883 2759 3095 2828 publica
3129 2761 3372 2829 loquitur

1790 2828 2134 2899 paenitentia,
2157 2846 2278 2900 quae
2304 2832 2493 2899 primis
2522 2829 2777 2884 Ecclesia:
2802 2830 3036 2889 saeculis,
3065 2828 3141 2882 uti
3166 2831 3371 2900 nullus,

1790 2895 1894 2954 nisi
1927 2895 2595 2971 liistoriie'eccicsiasticze
2639 2900 2862 2971 omnino
2911 2899 3158 2971 ignarus,
3211 2895 3367 2971 191

1790 2970 1988 3043 nescit,
2019 2985 2226 3043 nosque
2263 2973 2319 3043 in
2353 2971 2556 3043 nostris
2597 2980 2658 3043 u_t_
2681 2969 2747 3022 ad
2777 2970 3028 3043 eumdem
3057 2969 3374 3043 Ἀρι-ωειςίᾷ

1787 3041 2060 3095 Ambrosii
2086 3039 2252 3096 libros
2273 3040 2743 3096 observationibus
2774 3039 3274 3094 demonstravimus
3300 3039 3370 3106 “,

1789 3110 1959 3165 semel
1995 3122 2203 3166 tantum
2233 3114 2518 3178 agebatur.

1863 3179 2029 3251 Urget
2057 3190 2234 3236 tamen
2263 3182 2531 3235 Iiervetus
2559 3181 2612 3236 in
2643 3179 2744 3233 hoc
2773 3193 2896 3234 esse
2927 3192 3195 3251 errorem,
3219 3178 3366 3248 quod

1712 3240 1755 3296 C
1790 3240 2040 3316 Herni'as,
2070 3252 2155 3306 cui
2195 3251 2450 3306 Clemens
2499 3251 2814 3313 assentitur,
2863 3251 3008 3302 baud
3052 3240 3372 3304 haesito-nter

1789 3319 2024 3376 aﬂirmet
2063 3322 2393 3385 hominibus,
2430 3332 2549 3390 post
2580 3335 2802 3376 sacrum
2841 3319 3184 3388 baptismatis
3214 3317 3371 3390 lava-

1787 3407 1941 3445 crum
1995 3393 2046 3444 in
2096 3403 2377 3461 peccaturo
2415 3387 2601 3460 lapsis,
2653 3405 2811 3444 unam
2857 3387 3064 3461 tantum
3098 3387 3371 3461 poeniten-

1789 3461 1919 3515 tiam
1967 3459 2133 3516 semel
2187 3464 2434 3524 concedi,
2470 3459 2649 3517 aliam
2707 3475 2838 3514 vero
2885 3459 2954 3514 iis
3001 3459 3366 3530 nequidquam

1786 3534 2065 3600 prodesse.
2107 3531 2301 3586 Veron:
2344 3531 2573 3588 Hermas
2613 3546 2678 3587 eo
2717 3545 2880 3585 sensu
2927 3530 3070 3584 hanc
3097 3545 3202 3585 non
3242 3544 3370 3600 pro-

1786 3599 1943 3656 desse
1967 3615 2022 3658 et
2065 3603 2312 3658 inutilem
2342 3614 2563 3669 censet;
2601 3603 2730 3672 quia
2760 3599 3366 3672 adisecundanipteni-

1788 3676 2011 3727 tentiam
2042 3674 2314 3742 publicam
2351 3676 2532 3729 nullus
2560 3671 2691 3727 tunc
2721 3672 2788 3725 ab
2831 3671 3075 3725 Ecclesia
3103 3671 3368 3724 admitte-

1785 3742 1962 3796 batur.
1998 3746 2200 3800 Deinde
2227 3746 2281 3798 iu
2310 3758 2375 3797 eo
2403 3746 2626 3812 praecise
2648 3743 3078 3797 Novatianorum
3116 3755 3366 3812 errorem

1783 3816 1989 3868 versari
2039 3811 2416 3877 ostendimus,
2449 3818 2594 3883 quod
2627 3826 2968 3883 quaecunque
2997 3826 3043 3883 a_
3073 3811 3364 3883 criminum

1783 3886 1894 3955 reis
1923 3886 2241 3953 ptenitenlia
2276 3881 2554 3955 ageretur,
2587 3881 2682 3939 eos
2729 3881 3046 3937 absolvendi
3094 3881 3364 3955 ministris

1783 3951 2045 4009 Ecclesiae
2073 3958 2252 4010 datam
2295 3951 2419 4010 esse
2466 3965 2789 4024 potestatem
2821 3960 3106 4024 negarent.
3143 3952 3214 4024 At
3261 3951 3365 4004 hoc

1780 4025 1850 4078 ab
1885 4023 2081 4080 Herma
2128 4038 2223 4079 aut
2270 4044 2298 4078 a
2351 4021 2630 4080 Clemente
2679 4033 2869 4078 nostro
2900 4021 3060 4075 iullibi
3097 4021 3362 4088 scriptum

1781 4105 1874 4148 aut
1903 4099 2158 4150 traditum
2202 4111 2361 4150 nemo
2393 4110 2632 4164 unquam
2670 4094 2945 4164 protrahit.
2972 4091 3216 4158 Denique
3238 4088 3364 4164 Cle-

1781 4181 1936 4239 mens
1961 4182 2045 4232 ca,
2079 4182 2197 4234 qua:
2218 4181 2287 4239 ex
2323 4161 2520 4220 Henna
2541 4161 2906 4239 objiciuntur,
2937 4163 3039 4239 hoc
3064 4169 3271 4239 tantum
3306 4161 3359 4212 in

1780 4237 1919 4307 loco,
1977 4231 2152 4307 neque
2203 4237 2330 4290 aiibi
2377 4231 2683 4307 descripsit.
2722 4233 2810 4307 Ex
2860 4233 3061 4301 quibus
3104 4231 3360 4307 omnibus

1778 4306 1936 4375 plane
1969 4300 2259 4361 coniicitur
2282 4307 2414 4362 nihil
2445 4300 2592 4359 aliud
2622 4307 2691 4359 ab
2721 4305 2835 4367 illo,
2873 4300 3036 4370 Quam
3065 4303 3134 4375 ab
3159 4300 3359 4354 Herma

1777 4373 1832 4429 et
1858 4379 1980 4432 aliis
2012 4378 2271 4432 Ecclesia:
2298 4377 2550 4431 Patribus
2583 4386 2876 4438 assertum,
2903 4389 3066 4426 unatn
3092 4373 3359 4428 duntaxat

1776 4462 1898 4501 esse
1926 4460 2047 4516 post
2075 4447 2701 4518 baptistnumpublicain
2732 4443 3134 4518 penitentiam.

1849 4507 2079 4573 ltistabit
2108 4507 2345 4574 fortasse
2374 4507 2571 4587 aliquis
2603 4535 2618 4572 :
2655 4507 2848 4569 Nonne
2880 4513 3130 4587 ltiteresim
3157 4507 3360 4587 __N_o_va-

103 4581 661 4659 testimoiiiis—ﬁﬂr‘rnari
697 4581 1042 4670 posseiliuc
1071 4610 1366 4665 congerere
1398 4584 1537 4670 nihil
1571 4611 1670 4670 ue-
1704 4601 1748 4656 ι)
1779 4589 1982 4670 tianam
2021 4593 2148 4670 haec
2181 4591 2404 4670 otiinino
2434 4581 2700 4670 redolent,
2734 4600 2857 4653 qua:
2883 4584 3134 4670 Clemens
3155 4581 3358 4670 ibidem

100 4680 358 4743 cesserest.
390 4677 453 4730 Si
505 4675 641 4743 quis
674 4668 852 4726 tamen
893 4686 1082 4743 eorum
1131 4669 1442 4743 testimonia
1473 4668 1669 4743 curio-

99 4737 196 4793 sius
237 4742 422 4815 legere
485 4736 667 4810 velit,
726 4745 887 4798 adeat
938 4740 1229 4815 cardi‘nalis
1282 4736 1430 4790 Bona
1471 4737 1667 4815 librum

95 4806 363 4932 ἓῗςὶιιιύιῖιρ
393 4815 530 4870 Rer.
567 4806 831 4884 liturgic.,
868 4812 1043 4882 capite
1068 4810 1282 4864 decimo
1316 4820 1532 4870 oetavo,
1579 4806 1606 4878 §
1636 4808 1672 4862 5

145 4947 307 5013 Porro
338 4966 536 5012 autem
587 4955 844 5011 Clemens
885 4955 924 4986 ¹¹
960 4967 1054 5007 eos
1101 4951 1484 5005 hrerettcorum
1518 4949 1668 5018 gregi

89 5031 411 5099 inprimeret,
442 5047 463 5080 ι
503 5029 610 5099 qui
634 5027 750 5080 sola
775 5041 911 5094 aqua
939 5032 1164 5099 utuntur
1189 5021 1242 5074 itt
1267 5019 1620 5099 eucharistia:
1643 5038 1664 5071 ι

88 5086 151 5141 De
180 5093 260 5149 bis
301 5086 497 5153 autem
521 5086 958 5165 'disputavi'mus
1010 5093 1108 5147 lib.
1164 5107 1204 5146 tt
1246 5096 1524 5160 Appurat.,
1563 5090 1674 5144 dis-

83 5172 193 5239 sert.
227 5168 280 5233 1,
312 5186 444 5239 cap.
486 5170 550 5234 6,
590 5179 700 5221 art.
734 5172 787 5222 1.

139 5235 263 5290 Cum
315 5234 403 5293 ea‘
434 5255 619 5306 porro
662 5240 734 5291 sit
765 5240 1014 5290 humanae
1046 5247 1253 5291 natura:
1283 5234 1572 5304 fragilitas,
1611 5244 1670 5306 ut

82 5297 124 5352 ἱη
153 5297 448 5374 ρθαεειιιιιῖ
470 5324 633 5378 saepe
661 5310 857 5377 saepius
894 5307 1120 5373 incidat,
1149 5311 1312 5363 docet
1343 5297 1592 5360 Clemens
1619 5302 1663 5332 ¹²

77 5386 244 5451 eorum
302 5384 573 5435 omnium
629 5381 814 5440 etiam,
864 5393 982 5448 qua:
1029 5390 1151 5454 post
1203 5379 1469 5445 tmpus.“
1514 5389 1666 5454 ςυιη..

79 5455 223 5501 missa
275 5461 436 5518 sunt,
491 5460 858 5521 peceatorutn
907 5452 1178 5516 agendam
1224 5464 1346 5503 esse
1393 5452 1665 5516 poeniten-

634 5611 686 5666 ρ.
718 5596 844 5651 539.
931 5596 952 5625 '
983 5596 1212 5649 Dissert.
1246 5607 1380 5662 sape

688 5667 938 5720 'Strom.
973 5667 1008 5719 Ι.
1062 5681 1102 5732 t,
1155 5681 1207 5733 p.
1256 5664 1383 5717 292.

881 5735 923 5766 “
956 5738 992 5788 l.
1025 5752 1100 5800 vr,
1133 5753 1186 5806 p.
1213 5734 1337 5788 668.

131 5592 150 5622 δ
178 5593 381 5651 Strom.
413 5597 452 5650 l.
506 5612 596 5660 tv,

73 5662 370 5742 ‘a‘d‘Smym.
385 5707 401 5732 ,
438 5669 471 5740 δ
510 5668 570 5722 7.

130 5733 328 5808 _5lroin.
358 5742 398 5794 l.
431 5733 498 5800 ἦ,
539 5754 603 5808 Ρ.
655 5737 780 5792 51³1.

73 5801 108 5830 ’³
135 5804 165 5858 Ι.
196 5823 266 5871 tt,
299 5827 354 5879 p.
394 5801 558 5866 555.-
660 5808 699 5839 ¹⁷
740 5807 870 5861 ibid.

71 5880 217 5944 c.10,
254 5881 406 5952 με.
496 5882 544 5913 v-
577 5897 640 5949 ν.
671 5880 795 5933 586.

371 5979 656 6036 Parnm.
721 5975 838 6034 Gtt.
879 5973 992 6032 IX.

931 5595 952 5625 ⁸
983 5593 1212 5649 Dissert.
1246 5607 1456 5668 stipem,
1479 5603 1599 5668 cap.
1627 5585 1690 5668 _5,
1724 5583 1917 5668 art.n2_.

1479 5660 1500 5689 ’
1533 5653 1684 5721 ibid.,
1739 5672 1794 5726 p.
1840 5653 1966 5726 271.

1448 5731 1489 5763 ’³
1519 5731 1554 5782 l.
1589 5743 1646 5788 ll,
1671 5713 1757 5795 ’ρ.’
1780 5725 1908 5783 402.
1949 5741 2001 5792 p.
2051 5721 2156 5777 590
2181 5730 2320 5786 etp.
2352 5713 2479 5768 591.

975 5807 1018 5839 ¹³
1051 5803 1145 5864 lib.
1181 5821 1257 5859 vn
1289 5809 1488 5874 Appar.
1521 5803 1736 5854 dissert.

1782 4661 2059 4714 subtexuit
2087 4661 2128 4692 ι’
2158 4679 2170 4712 :
2225 4679 2243 4710 ι
2294 4658 2390 4713 Hic
2419 4668 2596 4712 autem
2624 4660 2789 4712 etiam
2824 4670 2914 4723 qui
2941 4668 3126 4722 pOStea
3167 4667 3361 4720 pecca-

1777 4732 1876 4793 vit,
1905 4733 2103 4785 deinde
2143 4731 2461 4801 pteniteutia
2488 4729 2730 4791 ducitur,
2760 4725 2976 4802 etiamsi
3015 4725 3229 4778 veniam
3255 4739 3362 4802 ⁸ςιιείιι

1777 4811 2066 4869 sequatur,
2111 4793 2273 4856 debet
2317 4802 2679 4862 erubescere;
2731 4807 2792 4851 ut
2827 4797 2918 4865 qui
2939 4809 3072 4869 __non
3121 4793 3358 4859 amplius

1777 4863 1987 4924 lavetur
2009 4863 2060 4924 in
2088 4872 2463 4926 remissionem
2493 4863 2861 4934 peccatoruan
2895 4885 2912 4916 ι
2939 4863 3135 4918 Verum
3165 4875 3359 4914 auctor

1781 4951 1968 4996 noster
2001 4944 2074 4996 ibi
2104 4957 2208 4996 non
2237 4943 2303 4995 de
2329 4941 2590 5002 secunda,
2619 4940 2718 5013 sed
2759 4937 3030 5013 deprime
3064 4943 3184 5013 posnt
3213 4935 3357 4984 Salu-

1785 5024 1901 5066 tare
1928 5013 2207 5066 lavacrum
2240 5013 2450 5081 publica
2488 5000 2806 5078 pteiritentia
2839 5000 3118 5081 loquitur.__
3145 5000 3354 5055 Sensus

1780 5083 1965 5155 itaque
2010 5083 2158 5136 illius
2191 5072 2276 5136 est
2325 5072 2579 5152 gentilem
2629 5072 2926 5155 hominem,
2952 5082 3012 5155 et
3055 5072 3221 5125 alium
3265 5087 3351 5155 en-

1773 5141 2000 5222 jusiibct
2029 5156 2238 5223 peccati
2279 5141 2454 5215 reitm,
2485 5147 3015 5223 sacrabaptisniatis
3047 5157 3203 5222 aqua.
3230 5141 3352 5220 ullis

1781 5218 1984 5291 absque
2005 5218 2127 5277 aliis
2158 5224 2492 5293 paenitentiae
2514 5221 2742 5293 publica:
2761 5218 2946 5293 pugnis
2990 5218 3042 5267 in
3062 5218 3353 5293 remissio-

1781 5283 2284 5365 nem-peccatorum
2316 5294 2463 5346 ablui
2507 5283 2564 5346 et
2605 5283 2805 5365 lavari}
2843 5283 3208 5364 Quamobrem
3240 5283 3357 5365 ipse

1774 5352 1977 5422 ibidein
2023 5367 2275 5419 addidit:
2310 5381 2328 5415 ι
2367 5365 2508 5433 Ergo
2544 5377 2608 5415 ex
2645 5359 2894 5433 gentibus
2935 5364 2991 5408 ct
3035 5355 3216 5422 priore
3261 5352 3353 5405 illa

1773 5443 1882 5494 vita
1930 5438 1998 5491 ad
2031 5437 2194 5490 ﬁdem
2241 5430 2522 5498 incitatus,
2574 5430 2948 5485 remissionem
3000 5434 3350 5494 peccatorum

2019 5580 2040 5612 ⁸
2072 5579 2125 5664 '.-.
2145 5582 2222 5664 τες
2248 5583 2436 5664 ’πῖθι-υ
2461 5587 2520 5664 .ο·
2546 5569 2612 5664 ,ἓξ
2639 5566 2792 5664 δὲέν.
2819 5580 2872 5633 ν·
2903 5562 3036 5664 ἓδὲς
3117 5555 3351 5664 ζΕείἓὲ·

2081 5627 2498 5708 {Vbios—Juno.
2546 5627 2867 5701 vii'tiis'tj,
2902 5651 2950 5686 c.
2997 5633 3063 5693 9.
3117 5644 3171 5698 p.
3219 5627 3350 5682 255.

2081 5721 2156 5770 .90
2181 5730 2236 5770 et
2267 5735 2320 5770 υ.
2352 5713 2479 5768 591.
2591 5709 2636 5740 λδ
2661 5709 2792 5761 ibid.
2903 5704 2946 5734 ¹⁸
2980 5702 3016 5755 l.
3041 5717 3101 5765 tl,
3130 5716 3184 5770 p.
3221 5697 3350 5770 402.

2180 5769 2240 5846 iii
2261 5769 2317 5846 et
2344 5800 2462 5853 seq.
2494 5781 2551 5836 lu
2577 5781 2859 5840 Ambros,
2887 5775 2924 5828 l.
2955 5790 2993 5829 tt
3033 5775 3106 5828 De
3133 5769 3351 5842 puniit”

2953 5939 3029 5999 3'7
