3840 6536
458 414 593 474 1165

1123 407 1189 463 IN
1222 405 1643 462 CLEMENTEM
1675 403 1879 460 ALEX.
1917 405 1978 458 D.
2016 403 2103 460 LE
2139 402 2426 460 NOURRY
2461 401 2920 462 DISSERTATIO
2952 406 3020 463 11.

3553 409 3672 466 Ηϐι

455 529 627 588 sumpt
656 532 738 580 ρει
775 529 1124 584 consecutus,
1166 511 1440 588 i'genitali
1471 517 1677 572 scilicet
1710 517 1944 580 lavacro,
1977 523 2031 569 et
2061 519 2108 575 Α
2140 525 2227 569 ιιιι·
2263 515 2595 572 Clementem
2627 525 2942 572 autumasse
2968 515 3308 588 Christianos
3355 518 3679 588 impositione

455 599 716 676 gravibus
747 594 952 676 absque
970 671 981 676 Α
999 591 1346 676 pot-nitentia
1367 588 1924 676 plleI‘iCEES‘IAle-bgr-illlls
1938 597 2027 676 ft

454 656 650 744 ὖωιιὶε.
689 683 710 718 ι
749 656 1176 744 llic'autem,'_i
1231 656 1530 744 subiungit
1567 656 2025 744 ClemensLs-Aqui

454 730 622 797 etiam
671 741 856 805 postea
900 730 1335 805 peceavitLetsi
1382 730 1598 805 veniam
1641 739 2025 796 consequatur.

408 845 427 878 λ
454 813 617 867 debet
640 799 1061 878 erubescere”
1100 799 1380 878 publicani
1401 799 1655 878 nimirum
1699 810 1870 878 agetis
1913 810 2029 876 pm-

419 869 768 937 i'nitentiam,
811 893 830 926 ι
867 881 926 926 ιιι
955 872 1046 941 qui
1079 868 1188 924 non
1224 869 1454 941 amplius
1497 868 1712 941 lavetur
1746 868 1798 919 itt
1839 869 2029 920 remis-

375 948 382 970 '
424 952 667 1006 ’sionem
699 939 1072 1016 peccatorum,
1111 958 1128 990 ι
1159 953 1350 1006 nempe
1372 939 2023 1016 baptismisacraniento;

453 1022 657 1090 quippe
692 1007 837 1090 quod
868 1013 1380 1090 iterari_nunquatn_
1391 1009 1588 1090 possit.
1628 1007 1870 1090 Denique
1903 1021 2026 1090 cum

452 1074 520 1146 de
555 1074 664 1144 'h'oc
692 1074 908 1141 liomine
935 1074 1310 1152 paenitentiam
1343 1074 1493 1152 illam
1513 1087 1713 1152 agente
1737 1074 1894 1138 dicit,
1923 1074 2026 1130 κᾶν

453 1156 786 1229 συγγνώμης
836 1149 1116 1229 “inﬂavit,
1168 1168 1189 1202 ι
1252 1149 2030 1229 etsi_veniam_conseqtiatur

452 1241 508 1284 et
535 1217 828 1299 'i'mpétret,
886 1217 1228 1278 i'i'iis'eerte
1280 1218 1460 1273 verbis
1507 1219 1649 1299 sicut
1697 1217 2026 1299 catholicum

453 1289 649 1372 dogma
681 1298 882 1352 diserte
915 1301 1234 1372 propugnat,
1265 1300 1325 1372 et
1357 1299 1569 1372 tuetur;
1607 1289 2024 1372 itahhtereticam

452 1359 885 1426 Novvatianorum
915 1359 1225 1434 opinionem
1261 1360 1502 1434 funditus
1529 1359 1742 1434 evertit.

530 1439 643 1495 Nec
687 1438 864 1490 minus
891 1429 1162 1490 catholico
1189 1447 1347 1487 sensu
1379 1429 1447 1484 ab
1487 1431 1604 1498 ipso
1634 1429 1894 1484 scribitur
1925 1429 1972 1460 ’°
2008 1447 2020 1482 :

457 1529 479 1562 ι
534 1513 774 1580 Apparet
816 1521 966 1580 ergo,
997 1509 1092 1558 sed
1121 1519 1225 1558 non
1257 1513 1342 1556 est
1384 1502 1724 1570 poenitentia,
1759 1515 1902 1580 saepe
1932 1514 2028 1567 pe-

454 1573 810 1636 tere'v'eniam
842 1573 906 1630 de
931 1575 998 1628 iis
1023 1589 1142 1642 quae
1174 1587 1315 1640 saepe
1363 1586 1672 1642 peccamus,
1714 1590 1733 1624 ι
1782 1573 1884 1623 hoc
1917 1580 2024 1633 est,

455 1667 556 1706 nec
580 1663 709 1704 vera
743 1661 842 1701 nec
889 1641 1099 1698 sincera
1127 1644 1357 1698 habetur
1383 1641 1528 1695 illius
1559 1643 1898 1710 paenitentia.
1935 1642 2025 1708 qui

455 1724 508 1774 ιιι
561 1719 752 1773 eadem
793 1726 1042 1786 peccata,
1073 1727 1320 1786 quorth
1373 1727 1525 1786 sagpe
1548 1714 1766 1786 veniam
1815 1712 2023 1786 petivit,

452 1790 674 1845 labitur.
709 1781 913 1841 At'ltoc
955 1781 1152 1838 celebri
1200 1781 1362 1838 eﬂ'ato
1394 1782 1529 1836 nihil
1562 1783 1614 1836 in
1649 1793 1890 1836 veterum
1931 1781 2028 1837 Ec-

452 1860 634 1916 clesia:
666 1857 886 1913 Patrum
917 1855 1135 1924 scriptis
1165 1855 1336 1923 magis
1368 1853 1558 1906 tritum
1587 1862 1643 1906 et
1670 1854 1915 1922 vulgare.

971 1943 1368 2000 Αιιτιουιυδ
1418 1941 1504 1998 lll.

452 2043 528 2098 De
561 2041 728 2097 sacris
763 2037 1036 2095 ordinibus
1075 2037 1322 2106 episwpi,
1363 2035 1650 2105 presbyteri
1689 2047 1736 2088 et
1777 2036 2021 2101 diaconi,

664 2121 711 2164 et
728 2126 886 2180 quam
911 2117 1046 2162 recte
1069 2125 1099 2160 a
1116 2107 1376 2162 Clemente
1393 2107 1810 2176 distinguantur.

521 2201 659 2257 Tres
689 2203 742 2255 iii
779 2200 1024 2255 Ecclesia
1054 2213 1174 2253 esse
1209 2213 1401 2252 sacros
1428 2197 1806 2266 episcoporum
1833 2237 1849 2261 ,
1900 2211 2025 2266 pre-

453 2274 892 2344 sbyterorumet
922 2271 1274 2344 diaconorum
1307 2268 1525 2344 ord_i_iie_s
1557 2282 1661 2344 non
1691 2267 1861 2321 solum
1890 2283 1920 2321 a
1963 2281 2024 2320 se

451 2337 709 2409 iniicem,
740 2342 832 2396 sed
883 2357 912 2393 a
944 2350 1142 2394 ca‘tero
1184 2339 1344 2392 etiam
1375 2337 1812 2409 Christianorum
1861 2353 2025 2407 grege

451 2407 742 2468 distinctos
776 2413 848 2464 ita
880 2419 1066 2480 aperte
1097 2409 1355 2480 Clemens
1381 2407 1647 2480 declarat,
1696 2415 1756 2460 ut
1799 2407 1853 2461 id
1882 2409 2024 2462 Cen-

453 2483 749 2538 turiatores
777 2484 845 2547 ²¹,
881 2479 1099 2535 tametsi
1146 2481 1318 2546 magis
1346 2479 1533 2546 iniquo
1558 2492 1721 2546 quam
1754 2493 2023 2547 propenso

453 2555 507 2606 in
540 2553 691 2606 illum
721 2552 904 2606 animo
941 2550 1108 2606 fuisse
1135 2558 1370 2612 constet,
1395 2549 1570 2617 palam
1609 2548 1858 2617 ultroque
1887 2564 2023 2603 con-

449 2624 596 2678 titeri
637 2633 928 2693 cogantur.
977 2621 1044 2693 Et
1078 2637 1135 2675 re
1162 2619 1550 2693 quidcm_vera
1578 2619 1671 2674 ille
1707 2621 2021 2674 eorumdem

449 2689 1145 2760 ordinum'comparatione
1176 2689 1368 2759 probat
1401 2689 1696 2760 beatorum
1715 2698 1772 2760 et
1818 2698 2020 2760 aeterna

449 2764 715 2819 felicitate
748 2757 1041 2816 [ruentium
1086 2757 1267 2815 varios
1296 2773 1419 2814 esse
1448 2759 1650 2829 gradus
1684 2758 1731 2788 "
1761 2777 1774 2811 :
1813 2777 1833 2810 ι
1886 2757 2019 2814 Nam

449 2835 540 2889 liic
575 2847 791 2902 quoque
821 2833 874 2886 in
909 2831 1154 2886 Ecclesia
1182 2829 2019 2902 progressiones-episcoporum,

447 2898 914 2975 presbyterorum,
946 2898 1306 2975 diaconoruni
1331 2911 1480 2975 sunt,
1513 2909 1574 2952 ut
1601 2898 1864 2975 arbitror,
1900 2898 2023 2954 imi;-

449 2970 682 3028 iationes
729 2974 918 3043 gloria:
966 2973 1244 3042 angelicae,
1299 2980 1355 3043 et
1399 2970 1544 3043 illius
1590 2973 1912 3043 (ecornomite
1959 2987 2024 3028 ac

455 3040 902 3114 dispensationis,
935 3040 1096 3112 quain
1125 3043 1313 3114 dicunt
1337 3041 1635 3114 Scriptura:
1663 3040 1785 3096 illos
1809 3113 1814 3114 γ
1837 3057 2023 3112 exspe-

451 3112 727 3184 ctare,qiii
764 3119 1077 3184 insistentes
1108 3113 1350 3182 vestigiis
1374 3112 1740 3184 apostolorum
1772 3113 2024 3169 vixerunt

448 3185 503 3239 in
567 3181 899 3254 periectione
949 3183 1208 3252 justitize,
1257 3181 1673 3254 convenienter
1703 3181 2014 3252 Evangelio.

447 3251 832 3311 Hos'sublatos
867 3259 922 3309 iti
954 3251 1193 3308 nubibus
1230 3254 1422 3307 scribit
1449 3251 1742 3321 Apostolus
1783 3251 2018 3321 primum

443 3328 663 3396 quidem
711 3328 974 3380 diaconos
1019 3325 1254 3396 futuros,
1292 3324 1858 3396 deitideicooptandos
1897 3339 2020 3380 esse

447 3393 522 3466 iii,
553 3399 986 3466 presliyterattim
1040 3395 1338 3463 perfectum
1380 3393 1602 3460 glorias;
1655 3393 1825 3466 gloria
1872 3396 2017 3449 enim

446 3463 628 3520 diliert
671 3463 942 3535 a'gloria,
980 3466 1151 3518 donec
1197 3467 1471 3519 creverint
1528 3466 1580 3518 iii
1621 3463 1792 3535 virum
1839 3467 2020 3533 perfe-

447 3547 620 3592 ctum.
660 3556 678 3588 ι
718 3533 852 3592 Tres
895 3538 1075 3603 itaque
1116 3535 1235 3589 illos
1265 3535 1654 3588 ecclesiasticae
1699 3533 2020 3588 liierarcbize

445 3609 649 3676 gradus
685 3625 711 3658 ιι
749 3623 809 3660 se
841 3608 1069 3659 invicem
1099 3608 1405 3676 distinguit,
1433 3607 1702 3673 docetque
1729 3606 1865 3658 alios
1896 3608 2020 3662 aliis

444 3693 566 3730 esse
595 3679 922 3746 superiores.

518 3744 786 3800 Prazterea
821 3762 928 3799 non
961 3747 1140 3800 minus
1170 3745 1453 3815 perspicue
1495 3744 1754 3799 diaconos
1792 3753 1846 3797 et
1895 3760 2018 3814 pre-

445 3817 699 3888 sbyteros
727 3817 794 3869 ab
820 3817 942 3870 aliis
1000 3818 1326 3888 Christianis
1377 3815 2018 3888 ﬁdelibusdiscriminat.

445 3886 613 3941 Paulo
664 3889 813 3941 enim
865 3891 1116 3955 superius
1163 3887 1356 3940 scribit
1395 3905 1413 3938 ι
1464 3886 1769 3956 gnoslicum
1826 3905 1844 3936 i
1898 3901 2019 3942 esse

443 3960 666 4027 quidem
722 3958 1100 4027 presbyterum
1133 3967 1189 4011 et
1232 3955 1545 4020 diaconum,
1593 3958 1686 4010 sed
1726 3955 2020 4026 improprie

446 4037 656 4080 tantum
706 4039 761 4081 et
806 4030 1201 4096 nietapliorice,
1234 4031 1434 4096 pietate
1480 4028 1757 4090 nimirum,
1797 4042 1862 4080 ac
1898 4030 2019 4084 vitae

445 4099 759 4168 integritate
793 4110 847 4152 et
875 4101 1263 4162 sanctimonia,
1299 4113 1402 4151 non
1437 4107 1618 4152 autem
1650 4097 2014 4168 ordinatione,

446 4166 631 4236 utpote
655 4170 743 4238 qui
792 4188 810 4219 ι
849 4169 917 4222 ab
953 4171 1260 4223 hominibus
1301 4186 1406 4224 non
1431 4170 1718 4222 ordinetur
1747 4166 1816 4222 ⁸³.
1855 4188 1874 4222 ι
1908 4171 2017 4224 Sed

441 4248 667 4305 praestat
694 4240 1029 4294 Clementem
1061 4243 1174 4294 suis
1204 4241 1380 4294 verbis
1431 4243 1738 4309 loquentem
1785 4241 1973 4294 audire
2001 4259 2014 4294 :

449 4326 469 4357 ι
534 4309 634 4363 Hic
683 4321 788 4375 est,
842 4313 1037 4378 inquit,
1077 4325 1266 4364 revera
1314 4313 1604 4379 presbyter
1646 4310 1925 4374 Ecclesiae,
1963 4323 2018 4365 et

444 4393 608 4434 verus
644 4381 924 4446 diaconus,
960 4381 1012 4433 id
1050 4391 1156 4444 est,
1183 4383 1435 4435 minister
1459 4382 1552 4433 Dei
1592 4383 1903 4445 voluntatis,
1923 4384 2017 4436 καὶ

442 4447 687 4509 διάκονος
724 4450 928 4520 ἀληθὴς
975 4451 1067 4504 τοῦ
1105 4450 1236 4504 Θεοῦ
1273 4450 1600 4523 βουλήσεως,
1653 4452 1698 4504 si
1735 4450 1920 4515 faciat,
1964 4462 2018 4507 et

445 4525 793 4610 puceathtia:
823 4534 947 4574 sunt
998 4525 1232 4610 Domitii,
1266 4539 1372 4576 non
1404 4535 1462 4576 ut
1492 4540 1581 4592 qui
1612 4525 1898 4610 ordinetur
1942 4527 2010 4578 ab
2044 4555 2088 4610 υ

447 4589 770 4655 hominibus,
801 4608 977 4660 neque
1004 4594 1145 4660 quod
1171 4595 1348 4662 justus
1381 4589 1674 4648 censeatur
1702 4595 2005 4662 presbyter,

445 4661 540 4735 sed
567 4665 709 4735 quod
733 4663 912 4730 justus
945 4661 1182 4717 relet'tur
1204 4665 1256 4717 in
1290 4667 1750 4735 presbyteratum.
1793 4661 2012 4718 Et’licet

446 4732 534 4803 iiie
564 4733 616 4782 iii
642 4735 813 4803 terris
861 4748 967 4785 non
1004 4735 1166 4786 fuerit
1200 4737 1372 4803 prima
1414 4732 1542 4788 séde
1573 4736 1897 4798 honoratus,

445 4802 594 4854 debit
638 4802 692 4854 in
729 4814 964 4874 quatuor
1006 4813 1064 4857 et
1107 4802 1295 4872 viginti
1346 4808 1558 4862 tlironis
1584 4804 1838 4874 pupulum
1863 4806 2010 4874 judi-

445 4886 600 4934 cans,
635 4881 696 4924 ut
726 4874 854 4925 dicit
884 4872 1121 4928 Joannes
1150 4880 1200 4928 iii
1245 4877 1593 4945 Apocalypsi.
1635 4895 1652 4926 ι
1684 4872 1802 4928 Non
1839 4872 2014 4945 potest

444 4956 578 4994 sane
619 4957 777 4996 sacer
807 4946 1104 5014 presbyteri
1133 4955 1186 4998 et
1224 4947 1438 5001 diaconi
1486 4947 1620 4999 ordo
1657 4961 1684 4997 a
1723 4947 1932 5014 plebeio
1961 4957 2016 5001 et

444 5022 642 5066 cancro
689 5015 1120 5068 Christianorum
1175 5026 1320 5070 statu
1375 5019 1573 5070 clarius
1615 5017 2017 5084 dilucidiusque

443 5085 678 5137 secerni.
734 5084 1137 5150 Quantumlibet
1176 5087 1348 5150 enim,
1381 5098 1517 5140 teste
1564 5085 1864 5150 Clemente,
1897 5101 2019 5155 per-

443 5155 618 5228 lectus
654 5157 817 5207 fuerit
850 5155 1016 5207 laicus
1039 5166 1093 5209 et
1125 5158 1422 5222 saecularis,
1460 5167 1518 5210 ut
1547 5157 1636 5210 ille
1678 5159 1775 5219 ait,
1820 5176 1836 5208 t
1887 5171 2020 5228 gno-

442 5225 650 5288 sticus;
694 5245 712 5277 ι
749 5241 778 5276 a
815 5228 1135 5295 presbytero
1162 5239 1344 5281 tamen
1389 5240 1443 5282 et
1471 5231 1696 5280 diacono
1729 5225 2020 5298 distingui-

446 5305 551 5357 tur,
606 5314 622 5346 t
686 5310 784 5349 nec
818 5300 990 5365 prima
1042 5301 1170 5350 sede
1219 5301 1546 5361 honoratur;
1604 5318 1622 5347 ι
1667 5304 1871 5367 quippe
1925 5300 2019 5366 qui

447 5383 480 5422 ι,
510 5381 616 5417 non
645 5368 927 5440 ordinetur
957 5371 1022 5440 ab
1054 5369 1377 5432 hominibus,
1419 5388 1437 5419 ι
1473 5369 1570 5436 οὺχ
1605 5369 1696 5420 ὑπ’
1718 5368 2020 5440 ἀνθρώπων

441 5435 933 5507 χειροτονούμενος,
982 5438 1081 5489 ltoc
1132 5447 1235 5502 est,
1285 5435 2016 5504 manuum"impositiotiem,

441 5522 545 5577 qua
578 5510 864 5575 presbyter
896 5508 977 5560 vel
1012 5511 1272 5561 diaconus
1320 5513 1754 5577 inauguraretur,
1807 5514 1876 5563 ab
1925 5512 2020 5562 lio-

442 5576 683 5628 tiiiiiibus
741 5593 845 5630 non
889 5581 1181 5634 acceperit.
1221 5579 1298 5632 Ex
1351 5576 1552 5648 quibus
1601 5581 1776 5633 adhuc
1813 5581 2020 5649 colligi-

2138 602 2390 658 uianuum
2422 602 2578 642 sacro
2606 589 2820 642 diaconi
2855 598 2905 640 et
2932 587 3229 658 presbyteri
3261 583 3458 643 ordine
3486 583 3678 644 initiari-

2201 657 2555 710 Diaeonatum
2596 672 2762 729 porro
2814 671 2843 729 a
2894 657 3298 729 presbyteratu,
3356 663 3684 727 quemadmo-

2127 726 2251 778 dum
2305 735 2597 798 utrumque
2646 726 3074 798 abrepiscopatu'
3120 739 3229 782 tam
3269 726 3557 798 perspicue
3584 730 3687 784 Cle-

2129 811 2282 868 mens
2305 805 2486 849 noster
2508 795 2797 863 discernit,
2828 806 2885 851 ut
2910 795 2962 851 id
2991 795 3513 868 presbyteranorum
3546 813 3688 856 secta

2140 867 2388 919 homines
2416 881 2540 920 cum
2570 881 2771 937 negare
2797 881 2901 937 non
2934 867 3166 936 possent
3182 868 3498 925 Blondellus
3522 869 3567 902 "
3591 871 3690 926 illo-

2130 952 2249 1006 rum
2301 936 2739 1006 coryphteus’ad
2769 936 3083 992 elevandam
3133 939 3494 994 eruditissimi
3538 941 3687 996 nostri

2125 1005 2830 1080 scriptorisauetoritatem
2876 1007 3075 1080 mirum
3122 1009 3569 1080 planereﬂ‘ugium
3611 1027 3691 1066 ex-

2129 1077 2474 1145 cogitaverit.
2529 1075 2752 1130 Fatetur
2816 1076 2961 1130 enim
3023 1075 3166 1133 lianc
3231 1079 3400 1134 trium
3427 1075 3689 1136 'ordinutn

2127 1146 2531 1200 distinctionem
2585 1161 2649 1201 es
2683 1147 3047 1202 Ecclesiarum
3098 1164 3196 1202 usit
3253 1159 3443 1204 natam
3495 1151 3562 1204 ab
3610 1151 3688 1206 illo

2127 1215 2379 1281 admitti;
2432 1230 2596 1284 quam
2632 1225 2816 1270 tamen
2863 1217 2951 1271 ille
3000 1218 3115 1286 ipse
3157 1219 3416 1274 Clemens
3447 1221 3687 1277 divinitas

2127 1287 2528 1357 periapostolos
2553 1286 2859 1357 institutam
2888 1287 3048 1357 pleno
3081 1303 3178 1344 ore
3210 1289 3493 1344 inﬁciatns
3526 1303 3624 1348 est.

2197 1356 2398 1411 Verum
2446 1356 2558 1419 tibi,
2609 1356 2804 1410 amabo
2853 1356 2924 1419 te,
2985 1359 3150 1412 ullum
3199 1369 3386 1414 exstat
3413 1360 3688 1418 Clementis

2129 1426 2269 1502 lianc
2292 1427 2730 1502 distributionem
2764 1427 2833 1480 ab
2859 1429 3126 1502 apostolis
3162 1429 3477 1502 institutam,
3507 1447 3686 1502 negan~

2129 1498 2218 1560 tis,
2256 1499 2340 1550 vel
2382 1499 2449 1568 de
2494 1511 2555 1550 ea
2605 1497 2922 1568 dubitantis,
2955 1499 3227 1554 verbum?
3269 1499 3375 1556 Ubi
3427 1501 3536 1555 ulla
3577 1497 3686 1568 iox,

2129 1568 2238 1622 imo
2269 1568 2362 1642 ubi
2388 1567 2548 1642 illuni
2564 1567 2712 1621 vocis
2761 1568 3099 1642 sermonisve
3128 1569 3464 1642 vestigium?
3497 1567 3684 1626 Nullum

2128 1647 2278 1712 certe
2303 1636 2627 1712 B_l_ondellus
2647 1636 2893 1712 protulit,
2928 1653 3029 1712 nec
3053 1636 3556 1712 poterit'unqttant
3584 1658 3687 1712 pro-

2129 1707 2297 1778 ferre.
2333 1709 2401 1762 Et
2438 1723 2570 1762 vero
2597 1708 2669 1762 ibi
2701 1709 2891 1776 procul
2935 1707 3102 1764 dubio
3130 1710 3374 1777 ejusdem
3412 1707 3684 1778 ‘Blond'elli,

2129 1777 2238 1850 viri,
2268 1779 2432 1850 inter
2466 1793 2596 1850 suos
2649 1778 2985 1850 acutissimi,
3035 1780 3302 1850 judicium
3337 1781 3466 1849 jure
3512 1777 3685 1839 merito

2056 1870 2098 1926 Β
2129 1847 2488 1926 desiderabis.
2520 1846 2665 1926 Quas
2690 1848 2862 1926 enim,
2897 1846 3080 1926 putas,
3116 1852 3181 1904 ad
3212 1846 3532 1918 Opinionem
3552 1868 3682 1926 suam

2127 1919 2462 1992 probandam
2496 1918 2655 1992 aglfert
2688 1917 2966 1992 rationes?
3013 1919 3119 1974 Eas
3166 1917 3319 1975 certe
3352 1938 3476 1992 qua:
3511 1923 3686 1978 nullius

2128 1989 2287 2058 plane
2310 1997 2440 2043 sunt
2461 1989 2691 2051 roboris,
2717 1987 2800 2042 vel
2824 1989 3020 2058 quibus
3044 2005 3148 2044 non
3178 2000 3288 2045 tam
3317 1987 3519 2058 pfobat
3539 2010 3564 2046 ιι
3589 1993 3686 2048 Cle-

2129 2068 2309 2114 mente
2337 2060 2523 2129 negari
2557 2059 2854 2114 institutam
2885 2059 2954 2114 ab
2979 2060 3238 2129 apostolis
3285 2063 3452 2116 trium
3489 2065 3680 2118 illorum

2126 2130 2376 2184 ordinum
2423 2130 2866 2198 distinctionem,
2891 2144 3052 2198 quam
3083 2131 3150 2184 ab
3188 2132 3280 2184 illo
3317 2147 3427 2186 non
3471 2136 3682 2187 admitti.

2130 2199 2316 2254 Primo
2343 2199 2490 2253 enim
2518 2201 2676 2254 nobis
2702 2199 2793 2253 ille
2821 2197 3006 2268 objicit
3029 2200 3367 2255 Clementem
3396 2204 3554 2257 binos
3580 2213 3682 2256 taiio

2129 2278 2241 2323 tum
2302 2269 2459 2341 192
2510 2269 2908 2342 ecclesiasticos
2954 2269 3197 2342 ordines,
3252 2287 3358 2326 nec
3408 2273 3586 2342 plures
3612 2289 3685 2327 sa-

2128 2355 2252 2395 cras
2300 2343 2608 2412 functiones
2651 2341 2956 2412 agnovisse.
2991 2341 3144 2412 Ergo
3179 2343 3225 2412 si
3269 2345 3345 2396 ita
3389 2341 3497 2409 est,
3527 2343 3683 2412 inqui-

2128 2425 2272 2482 mus,
2303 2421 2454 2465 certe
2493 2408 2802 2482 isipseinet
2834 2408 3142 2482 Blondellus
3189 2411 3330 2467 falso
3356 2408 3496 2468 dixit
3529 2408 3680 2482 tripli-

2127 2481 2208 2534 cis
2263 2485 2408 2535 sacri
2463 2481 2670 2536 ordinis
2729 2481 3024 2535 admissam
3090 2498 3121 2536 a
3172 2482 3462 2540 Clemente
3521 2481 3682 2541 nostro

2127 2551 2591 2605 distributionem.

2201 2620 2370 2691 Urget
2413 2629 2593 2675 tamen
2647 2619 2779 2685 ille,
2819 2619 3030 2690 aliaque
3085 2624 3139 2677 in
3196 2623 3440 2678 medium
3492 2627 3684 2682 adducit

2125 2690 2421 2767 Clementis
2459 2691 2646 2767 verba,
2670 2693 2871 2767 quibus
2896 2698 2960 2747 de
2982 2694 3679 2767 presbyteris_diac0iiisque

2127 2764 2199 2816 ita
2235 2761 2538 2830 disputat"I
2569 2778 2584 2816 :
2621 2779 2642 2813 ι
2666 2761 2932 2816 Similiter
2976 2761 3163 2818 auteni
3200 2767 3254 2818 in
3302 2765 3549 2821 Ecclesia
3577 2761 3678 2822 eam

2125 2833 2370 2902 quidem,
2426 2847 2548 2902 qum
2606 2830 2737 2886 facit
2791 2831 3062 2897 meliores,
3123 2837 3435 2903 presbyteri
3487 2847 3680 2892 servant

2124 2904 2449 2970 imaginem;
2481 2917 2601 2956 eam
2629 2914 2830 2965 autem,
2856 2917 2976 2970 qua:
3003 2907 3199 2968 servit,
3229 2905 3473 2961 diaconi.
3505 2909 3678 2961 Ambo-

2127 2975 2229 3046 bus
2263 2975 2346 3027 liis
2376 2973 2697 3027 ministeriis
2721 2973 2892 3040 angeli
2917 2972 3030 3027 Deo
3062 2977 3312 3027 serviunt
3345 2979 3396 3029 in
3428 2978 3679 3046 dispensa-

2129 3045 2278 3097 tione
2312 3059 2491 3114 rerum
2525 3051 2892 3114 terrenarum,
2946 3052 3002 3096 et
3041 3045 3155 3114 ipse
3191 3045 3539 3114 gnosticusJ
3573 3048 3680 3100 Inde

2125 3124 2306 3167 autem
2335 3112 2646 3168 Blondellus
2673 3111 2940 3166 coniicere
2970 3128 3028 3169 se
3060 3111 3221 3183 posse
3251 3127 3405 3183 putat
3454 3119 3675 3173 Cleiiien-

2127 3197 2233 3238 tem
2268 3200 2374 3238 non
2404 3184 2590 3253 plures
2621 3186 2945 3253 quamduas
2973 3200 3257 3237 sacrorum
3296 3188 3548 3241 ordinum
3574 3187 3676 3240 luti-

2122 3255 2332 3326 ctiones
2379 3249 2684 3326 agnovisse,
2736 3249 3090 3326 βελτιωτικήν
3146 3260 3604 3326 presbyterorum,
3633 3268 3676 3311 et

2121 3324 2472 3380 diaconorum
2501 3323 2859 3399 ὑπηρετικὴν.
2896 3326 3003 3378 Sed
3046 3323 3150 3399 hac
3189 3323 3335 3399 illius
3361 3338 3675 3399 argumenta-

2122 3404 2272 3450 tione
2299 3408 2486 3448 rursus
2516 3405 2708 3448 contra
2753 3395 2928 3462 ipsum
2969 3397 3318 3452 concluditur
3365 3395 3673 3454 distributio-

2126 3481 2247 3518 nent
2303 3465 2529 3533 triplicis
2571 3462 2782 3517 ordinis
2829 3478 2894 3517 ex
2949 3479 3048 3520 usu
3102 3465 3386 3527 Ecclesiae,
3440 3471 3510 3523 uti
3554 3469 3673 3523 idem

2121 3535 2456 3598 Blottdellus,
2487 3544 2692 3598 natam,
2719 3541 2775 3586 et
2801 3548 2830 3586 a
2857 3534 3132 3590 Clemente
3158 3550 3353 3593 nostro
3381 3541 3669 3601 adtiiissani,

2121 3608 2295 3659 eidem
2319 3604 2584 3677 Clementi
2617 3617 2803 3658 revera
2823 3619 2927 3656 non
2945 3603 3129 3677 fuisse
3159 3618 3521 3677 compertam.
3548 3609 3674 3662 Nun-

2125 3677 2274 3746 quid,
2303 3691 2435 3745 ergo
2466 3675 2716 3746 Clemens
2758 3684 2864 3746 tam
2909 3669 3144 3729 absurde
3197 3669 3364 3746 quam
3401 3679 3673 3733 Blondellus

2121 3743 2222 3800 sibi
2265 3743 2778 3814 ipsi'contradixit?
2806 3746 2960 3798 Absit
3011 3762 3164 3800 sane.
3214 3743 3282 3802 Et
3328 3761 3476 3804 certe
3521 3752 3560 3804 si
3599 3749 3673 3802 ille

2121 3823 2255 3872 duas
2303 3823 2509 3869 tantum
2546 3814 2618 3869 ibi
2656 3826 2925 3884 memorat
2953 3818 3183 3884 duplicis
3209 3821 3423 3875 ordinis
3467 3819 3672 3874 functio-

2123 3905 2240 3952 nes,
2292 3902 2398 3940 tion
2435 3886 2540 3938 alia
2576 3883 2828 3958 profecto
2851 3900 3011 3958 causa
3030 3883 3168 3954 luit,
3210 3905 3379 3958 quam
3418 3894 3535 3958 quia
3563 3904 3672 3957 pro.

2120 3958 2355 4011 batidum
2424 3963 2739 4022 susceperat
2798 3955 3069 4024 duplicent
3130 3955 3513 4015 taniuziiinodo
3565 3955 3673 4013 esse

2119 4030 2348 4090 cultum,
2385 4030 2474 4095 qui
2507 4027 2652 4080 circa
2686 4039 2774 4078 res
2814 4026 3081 4079 humanas
3107 4041 3384 4082 versatur.

2191 4098 2298 4153 Sed
2337 4113 2456 4167 age,
2483 4106 2554 4167 iet
2583 4105 2772 4167 contra
2807 4095 3172 4167 Bloudellum,
3214 4102 3263 4153 si
3312 4100 3482 4166 lubet,
3517 4097 3670 4152 acrius

2121 4166 2421 4241 instemus.
2458 4166 2710 4241 Clemens
2747 4166 2945 4220 ibidem
2976 4168 3220 4241 duplices
3246 4169 3370 4224 illas
3401 4168 3672 4241 presbyteri

2119 4250 2176 4294 et
2201 4238 2425 4293 diaconi
2452 4237 2778 4308 functiones
2825 4251 2948 4308 cum
2982 4239 3252 4293 medicina
3280 4251 3336 4293 et
3365 4237 3673 4308 philosophia

2119 4309 2418 4379 componit.
2450 4305 2703 4373 Nunquid
2753 4320 2884 4379 ergo
2937 4306 3062 4360 inde
3092 4305 3427 4378 Blondellus,
3457 4320 3545 4363 aut
3569 4305 3673 4376 qui-

2120 4377 2261 4435 libet
2285 4380 2422 4432 alius
2461 4393 2606 4449 sanae
2647 4380 2842 4430 mentis
2871 4377 3052 4440 homo,
3099 4381 3306 4433 inferre
3339 4377 3533 4449 poterit
3560 4381 3676 4449 alias

2120 4451 2462 4518 disciplinas,
2498 4447 2773 4515 aliamque
2809 4457 3003 4518 prwter
3033 4449 3152 4518 illas
3192 4447 3476 4505 scientiam
3515 4468 3541 4503 a
3574 4447 3678 4518 (ὲιιέτ

2123 4516 2305 4574 mente
2338 4530 2522 4572 nostro
2570 4533 2676 4570 non
2725 4516 2986 4585 agnosci?
3016 4517 3150 4583 Quis
3203 4536 3312 4574 non
3361 4525 3535 4575 Videat
3565 4517 3678 4571 nihil

2121 4606 2346 4659 prorsus
2394 4591 2500 4659 hac
2545 4587 3332 4659 Bloiidelti_argumentatione
3365 4607 3485 4646 esse
3527 4602 3678 4657 magis

2121 4656 2279 4715 i‘utile
2319 4670 2374 4712 et
2413 4656 2891 4732 iit-.becilltiiii?_l)e
2935 4658 3229 4730 episcopali
3280 4665 3460 4732 itaque
3503 4656 3679 4714 ordine

2123 4736 2224 4787 hoc
2256 4736 2308 4783 in
2339 4733 2468 4801 loco
2506 4730 2758 4801 Clemens
2797 4728 2918 4801 ideo
2962 4728 3154 4796 tacuit,
3209 4733 3338 4801 quia
3373 4728 3430 4786 id
3466 4735 3530 4786 ad
3574 4742 3675 4801 rem

2121 4817 2282 4856 suam
2339 4798 2473 4854 nihil
2523 4798 2776 4851 faciebat.
2819 4799 2916 4852 Ubi
2959 4810 3141 4856 autem
3183 4798 3516 4858 mentionem
3555 4799 3681 4853 illius

2123 4873 2308 4928 facere
2339 4883 2559 4924 necesse
2589 4869 2842 4931 credidit,
2880 4879 3006 4922 tunc
3052 4884 3226 4935 certe,
3261 4876 3338 4927 ιιιί
3367 4874 3562 4929 dictum
3591 4877 3680 4927 esu

2124 4945 2376 4998 eumdem
2401 4941 2668 5002 ordinem,
2701 4937 2904 5014 fatente
2936 4939 3234 5014 Blondello,
3266 4959 3297 4997 a
3324 4948 3678 5014 presbyteratu

2123 5024 2180 5068 et
2207 5015 2498 5067 diacoualu
2531 5018 2720 5078 aperte
2750 5007 3022 5065 distinxit.

2193 5086 2261 5135 At
2286 5122 2300 5145 ,
2365 5080 2542 5147 inquit
2566 5077 2577 5078 ί
2595 5077 2924 5153 Blottdellus,
2981 5097 2999 5130 ι
3025 5083 3368 5153 presbyterio
3391 5101 3409 5135 ι
3469 5082 3673 5153 dignuS.

2129 5174 2147 5206 t
2177 5153 2476 5224 apostolico
2502 5166 2520 5199 ι
2548 5149 2739 5224 gradui
2773 5164 2804 5200 a
2838 5149 3119 5224 Clemente
3143 5149 3460 5208 ascribitttr.
3485 5149 3679 5224 Optime

2125 5217 2363 5294 quidem.
2399 5219 2534 5273 Nam
2555 5217 2656 5300 ibi
2680 5217 2936 5300 Clemens
2961 5221 3030 5274 de
3056 5222 3282 5300 hiattIiia
3317 5217 3574 5293 loquitur,
3597 5217 3673 5286 qui

2125 5292 2248 5347 vita:
2281 5305 2603 5356 morumque
2646 5292 2962 5356 integritate
2993 5302 3047 5344 et
3081 5295 3393 5348 innocentia
3429 5313 3445 5346 t
3473 5309 3527 5347 se
3560 5303 3680 5358 prx-

2126 5370 2244 5419 butt
2289 5365 2515 5433 dignum
2544 5368 2621 5433 _ut
2669 5360 2831 5433 ﬁeret
2875 5366 3156 5431 apostolus
3177 5364 3244 5418 ’⁸.
3273 5384 3292 5418 ι
3334 5367 3470 5431 Quid
3514 5370 3681 5433 autent

2129 5439 2250 5490 inde
2292 5431 2481 5487 contra
2539 5431 2735 5504 iactam
2787 5431 2854 5504 ab
2903 5436 3093 5504 eodem
3131 5436 3410 5491 Clemente
3460 5431 3682 5504 episcot’i

2129 5504 2545 5576 presbyterique
2572 5500 3012 5576 distinctionem?

2198 5571 2400 5631 Contra
2429 5583 2610 5625 tamen
2635 5571 2814 5626 adhuc
2834 5573 3031 5627 clamat
3052 5575 3366 5631 Blondellus
3385 5573 3683 5644 presbyleto

595 5789 724 5843 ibid.
750 5861 762 5875 ‘
804 5791 846 5821 "
883 5792 1192 5875 cent.}:nc.
1224 5792 1396 5875 ᾕρει).
1433 5791 1563 5875 H9.
1632 5791 1964 5875 “StroinLl.
1998 5813 2017 5851 ι

2139 5833 2154 5849 .
2184 5793 2307 5850 667.
2387 5790 2581 5846 "ibid.
2634 5789 2705 5875 ,³⁵
2734 5793 2808 5848 De
2831 5790 3002 5858 episc.
3033 5801 3090 5845 et
3118 5792 3382 5861 presbyt.,
3402 5790 3428 5862 ᾗ
3448 5789 3498 5854 2,
3523 5801 3575 5855 ρ.
3600 5774 3683 5830 55-

440 5861 486 5892 ⁸³
513 5861 717 5915 Strotn.
750 5861 786 5918 l.
821 5877 916 5927 vn,
951 5881 1004 5931 p.
1038 5862 1160 5918 700.
1237 5863 1282 5893 "
1314 5865 1520 5918 Strotn.
1553 5863 1590 5917 ι.
1621 5877 1692 5930 vt,
1727 5880 1778 5934 p.
1813 5864 1938 5921 667.
