3840 6538
577 381 710 438 1187

572 498 772 572 ille_ait
810 495 896 572 ",_
916 493 1037 548 ﬁdei
1067 494 1422 572 meditatione
1451 494 1510 547 ﬁt
1531 493 1786 572 scientia,
1810 509 1932 564 qua:
1965 491 2146 572 stabili

571 567 816 621 ac-ﬁrmo
849 568 970 619 nixa
1022 573 1107 620 est
1141 566 1513 618 fundamento.
1555 563 1738 632 Neque
1788 563 1968 617 tamen
2020 563 2151 616 sinit

571 638 701 692 inde
724 639 792 690 ab
829 637 1016 705 aliquo
1039 633 1243 705 inferri
1289 635 1494 702 aliquid
1534 634 1586 687 in
1625 635 1886 705 “deesse
1927 633 2149 705 dubium

569 717 664 760 aut
692 703 979 760 incertum.
1009 703 1168 764 Nam,
1191 721 1210 754 ι
1230 706 1318 773 (ιιιί
1342 705 1539 758 divinis
1566 704 1798 758 credidit
1830 703 2149 772 Scripturis,

570 777 840 846 inquit“,
867 778 1081 829 firmqu
1130 776 1342 830 habens
1379 775 1664 846 judicium,
1697 775 1800 846 _cui
1843 773 2150 829 contradici

569 843 781 916 nequit,
811 845 1328 916 demonstrationem
1381 843 1522 911 ejus,
1563 843 2008 916 quiScriptnras
2057 846 2150 898 de-

570 914 670 980 dit,
704 933 889 972 vocem
927 917 1141 985 accipit.
1191 935 1211 968 ι
1266 915 1606 985 Quapropter
1661 915 1804 970 haud
1837 914 2150 969 dubitanter

569 997 852 1044 asseverat
885 987 929 1020 ⁸⁷
969 987 1128 1040 ﬁdem
1157 987 1382 1056 scientia
1425 1001 1544 1040 esse
1592 987 2046 1056 praestantiorem,
2092 994 2148 1040 et

568 1057 718 1114 illius
775 1056 1209 1130 xpttﬁptov.__Et
1264 1055 1316 1111 id
1371 1053 1606 1125 quidem
1654 1053 2025 1111 Theodoretus
2078 1073 2145 1112 ex

567 1127 859 1184 Aristotele
887 1127 1067 1182 retulit
1093 1127 1160 1180 ⁸⁸.

641 1200 847 1265 Quanta
901 1207 1079 1252 autem
1112 1199 1180 1250 sit
1219 1196 1338 1250 ﬁdei
1374 1197 1454 1248 vis
1486 1205 1539 1251 et
1582 1195 1822 1264 potentia
1879 1197 1964 1250 his
2018 1197 2144 1252 Cle-

568 1285 726 1324 mens
784 1270 962 1323 verbis
1002 1269 1287 1336 perspicue
1333 1267 1573 1321 ostendit
1621 1267 1666 1297 ⁸⁹
1709 1284 1722 1320 :
1775 1285 1793 1316 ι
1851 1268 2142 1334 Disciplina

565 1355 698 1407 ergo
727 1349 806 1393 est
839 1354 1032 1408 parere
1080 1337 1384 1405 praaceptis,
1421 1337 1564 1406 quod
1608 1348 1692 1389 est
1723 1336 1834 1408 Deo
1889 1341 2142 1405 credere,

565 1421 620 1462 et
647 1411 776 1463 lides
801 1407 890 1462 Dei
927 1410 1194 1476 potentia,
1225 1423 1342 1474 qme
1387 1419 1470 1461 est
1507 1409 1589 1460 vis
1621 1407 1897 1472 veritatis,
1954 1411 2140 1464 statim

567 1491 749 1533 autem
779 1481 912 1534 dicit
945 1501 954 1533 :
986 1477 1041 1532 Si
1075 1479 1323 1532 habeatis
1347 1479 1531 1540 ﬁdem,
1563 1488 1620 1531 ut
1651 1492 1878 1545 granum
1910 1480 2138 1548 sinapis,

567 1560 782 1603 montes
837 1550 1195 1604 trausferetis.
1245 1548 1310 1602 Et
1363 1563 1550 1602 rursus
1585 1566 1597 1600 :
1630 1548 1937 1602 Secundum
1981 1550 2139 1605 ﬁdem

566 1628 716 1672 tuam
749 1620 978 1673 ﬁattibi.
1035 1619 1100 1672 Et
1146 1635 1284 1672 unus
1335 1619 1550 1687 quidem
1595 1628 1842 1679 curatur.
1885 1631 2138 1689 suscepta

565 1705 661 1758 per
695 1691 849 1760 ﬁdem
905 1691 1232 1752 curatione;
1273 1699 1519 1742 mortuus
1552 1699 1730 1741 autem
1769 1692 2004 1757 resurgit
2044 1707 2141 1760 per

562 1762 672 1812 vim
705 1759 862 1829 ejus,
905 1761 998 1830 qui
1033 1760 1374 1822 crediderat,
1424 1760 1566 1827 quod
1611 1769 1759 1813 esset
1793 1759 2137 1816 resurrectu-

561 1844 676 1885 rus.
705 1850 723 1880 ι

637 1901 876 1968 Denique
899 1916 1023 1954 cum
1054 1900 1323 1961 Clemens.
1349 1911 1410 1956 ut
1427 1900 1682 1966 diximus,
1710 1901 1953 1954 docuerit
1977 1900 2138 1958 ﬁdem

559 1984 681 2026 esse
708 1973 954 2026 veritatis
979 1972 1149 2025 basim
1180 1973 1226 2003 ⁹⁰
1257 1989 1271 2036 ;
1309 1973 1432 2025 hinc
1465 1973 1686 2040 planum
1731 1971 1819 2042 ille
1853 1973 1982 2026 facit
2016 1975 2139 2042 qui-

561 2042 664 2095 bus
702 2042 955 2112 gradibus
982 2043 1047 2095 ab
1077 2057 1141 2095 ea
1168 2043 1234 2095 ad
1263 2043 1588 2096 charitatem
1621 2051 1675 2112 et
1716 2041 1919 2112 γνῶσιν
1949 2041 2141 2097 ascen-

563 2112 756 2166 damus
788 2130 804 2166 :
843 2131 864 2164 ι
903 2111 1078 2164 Prima
1103 2113 1170 2164 ad
1204 2112 1454 2177 salutem,
1496 2131 1514 2164 ι
1552 2111 1897 2167 νειὺειίιιιιιε
1919 2123 2045 2166 sunt
2069 2113 2138 2179 ",

565 2199 588 2234 ι
629 2183 906 2235 inclinatio
936 2182 1092 2236 nobis
1127 2181 1259 2235 fides
1309 2193 1553 2252 apparet,
1617 2193 1900 2251 postquam
1954 2185 2138 2249 timor,

565 2263 626 2306 et
660 2266 810 2321 spes,
846 2262 901 2306 et
927 2253 1275 2321 poenitentia.
1307 2268 1430 2306 cum
1455 2252 1789 2306 continentia
1812 2264 1867 2306 et
1898 2253 2140 2308 toleran-

563 2323 638 2376 tia
681 2323 1046 2389 proﬁcientes.
1095 2339 1194 2376 nos
1227 2324 1432 2376 ducunt
1474 2323 1538 2376 ad
1578 2323 1899 2378 cbaritatem
1945 2335 2001 2378 et
2049 2340 2141 2380 co-

563 2393 882 2465 ﬁnitionem.
927 2411 946 2446 ι

624 2461 896 2517 Caeterum
931 2479 1050 2532 quze
1065 2463 1330 2518 hactenus
1364 2462 1430 2515 de
1469 2462 1574 2518 ﬁde
1608 2477 1673 2518 ex
1724 2462 2000 2518 Clemente
2031 2465 2141 2519 dis-

561 2542 749 2598 putata
783 2536 1069 2604 snut,li:ec
1103 2544 1154 2586 te
1187 2549 1289 2586 non
1325 2534 1507 2603 pigeat
1539 2550 1662 2588 cum
1691 2535 1755 2587 iis
1783 2538 2136 2604 contendere,

556 2614 682 2670 qua:
711 2604 782 2674 de
819 2604 906 2656 illa
942 2603 1316 2658 Tlieodoretus
1342 2605 1538 2658 litteris
1574 2605 1849 2657 mandavit
1877 2607 1944 2667 θ’,
1976 2603 2140 2674 atque

558 2674 608 2743 si,
641 2673 792 2738 velis,
827 2689 947 2743 qnze
984 2675 1216 2743 theologi
1253 2675 1305 2727 iu
1340 2675 1457 2728 suis
1483 2675 1549 2729 de
1582 2675 1684 2728 lide
1721 2673 2140 2730 commentatio-

555 2742 737 2805 nibus,
797 2742 938 2798 etin
978 2744 1077 2798 lib.
1136 2742 1195 2798 tu
1249 2743 1519 2809 Seutent.,
1577 2745 1816 2798 distinct.
1859 2746 1952 2811 25,
1987 2758 2043 2801 et
2083 2748 2137 2802 in

556 2811 624 2868 D.
661 2811 855 2868 Thom.
883 2813 998 2878 2-2,
1038 2825 1230 2884 quaest.
1263 2815 1287 2867 1
1328 2824 1383 2868 et
1421 2819 1479 2881 '2,
1525 2816 1804 2884 copiosius
1832 2827 2140 2886 pertracta-

556 2892 703 2938 runt.

1079 2973 1478 3031 ARTICULUS
1518 2973 1608 3031 Ill.

554 3065 634 3121 De
671 3065 1010 3136 inﬁdelitate,
1051 3075 1101 3121 et
1141 3079 1317 3148 utrum
1354 3084 1530 3122 omnes
1573 3069 1868 3138 inﬁdelium
1904 3072 2137 3128 actiones

1159 3148 1263 3191 sint
1303 3149 1538 3206 peccata.

634 3226 952 3301 Oppositum
973 3227 1314 3301 ﬁdei_v_itium
1347 3239 1431 3301 est
1460 3229 1773 3291 inﬁdelitas,
1803 3246 1923 3301 quae
1962 3247 1990 3286 a
2017 3233 2138 3289 Cle—

553 3309 743 3377 mente.
789 3299 836 3377 ’ξ
891 3299 1202 3377 p_er_lidei_
1235 3300 1632 3377 oppositioucm
1669 3299 1942 3377 _djcit_ur,_
1994 3305 2027 3377 ἡ
2077 3306 2137 3360 δὲ

553 3369 782 3446 ἀπιστίᾳ
815 3368 1082 3446 ὑπόληψις
1111 3369 1205 3422 ταῦ
1227 3369 1622 3446 ,ἀντικειμένῳ
1652 3371 1890 3446 Δᾁσθιξνὴς
1919 3368 2137 3446 ἀπόφα-

551 3442 704 3511 τική.
742 3442 872 3507 Qua:
908 3443 1126 3512 quidem
1172 3443 1237 3494 ad
1293 3442 1517 3494 verbum
1552 3442 1686 3496 nihil
1713 3442 1860 3497 aliud
1915 3442 2134 3512 sonant,

554 3526 716 3579 quam
759 3529 777 3562 ι
820 3511 1114 3565 inﬁdelitas
1155 3521 1240 3565 est
1282 3513 1466 3578 opinio
1495 3513 1754 3566 contrarii
1798 3514 2010 3569 inﬁrma
2044 3511 2138 3571 ne?-

554 3583 757 3650 gativa.
816 3600 836 3634 ι
901 3580 1098 3634 Verum
1153 3581 1418 3635 llervetus
1463 3598 1586 3636 cum
1642 3582 1695 3636 in
1747 3582 1939 3638 Graeco
1984 3595 2135 3641 textu

554 3665 668 3725 pro
689 3652 1005 3725 ἀπᾳφατική
1040 3651 1560 3725 forsitanlegisset
1595 3652 1937 3725 ἁνποφαντική
1959 3694 1975 3718 ,
2024 3657 2138 3725 hare

556 3724 725 3795 verba
773 3722 962 3795 Latine
1007 3723 1085 3776 sic
1115 3723 1419 3795 reddidit:
1471 3739 1491 3773 ι
1547 3723 1846 3795 lulidelitus
1885 3722 1970 3779 est
2015 3724 2136 3795 ejus

554 3792 712 3862 quod
756 3792 1063 3860 Oppositum
1111 3792 1377 3845 imbecilla
1429 3793 1763 3846 enuntiativa
1809 3797 1995 3862 Opinio
2039 3792 2134 3850 seu

553 3863 912 3935 existimatio.
977 3881 996 3914 ι
1055 3862 1162 3917 Sed
1209 3877 1318 3916 non
1373 3864 1497 3916 inde
1531 3863 1702 3933 magis
1730 3875 1874 3935 patet
1907 3868 2028 3935 quis
2066 3871 2138 3922 sit

551 3931 749 3986 horum
790 3933 1087 3988 Clementis
1137 3935 1424 3987 verborum
1471 3931 1680 3987 sensus.
1732 3931 2133 3992 Nobis-autem

553 4002 698 4056 idem
755 4005 984 4058 omnino
1037 4005 1087 4056 in
1138 4005 1506 4071 manuscripto
1563 4002 1990 4059 Claromoutano
2038 4026 2132 4060 cu-

550 4073 674 4126 dice
711 4073 783 4140 “,
816 4083 981 4142 atque
1025 4076 1076 4126 in
1122 4071 1308 4127 Graeca
1365 4074 1608 4127 editione
1655 4074 1975 4145 legentibus,
2016 4078 2132 4132 lucc

548 4145 767 4197 videtur
797 4159 919 4199 esse
945 4145 1189 4198 auctoris
1215 4146 1384 4197 nostri
1419 4158 1571 4198 meus
1604 4155 1659 4198 et
1702 4148 1970 4199 sententia
1997 4164 2012 4212 ;
2047 4151 2132 4201 in-

549 4213 794 4290 ﬁdelitas
841 4224 926 4270 est
965 4216 1153 4290 debilis
1195 4226 1247 4290 et
1295 4214 1519 4290 inﬁrma
1558 4217 1768 4290 opinio,
1815 4231 1935 4290 qua:
1969 4217 2133 4290 205

549 4286 914 4350 contrarium,
943 4287 1059 4340 sive
1087 4286 1216 4338 illud
1244 4287 1389 4353 quod
1419 4299 1448 4337 a
1488 4286 1597 4338 Deo
1633 4286 1684 4337 in
1719 4288 2018 4355 Scripturis
2043 4286 2133 4341 Sal

551 4355 664 4407 cris
694 4358 952 4428 traditum
977 4367 1081 4418 est,
1127 4358 1380 4424 quodque
1424 4370 1535 4424 prae
1566 4356 1886 4428 inﬁrmitate
1926 4359 2134 4428 perspi-

551 4437 681 4476 cere
710 4427 914 4494 nequit,
939 4441 1129 4480 verum
1161 4439 1284 4478 esse
1333 4434 1514 4492 negat.
1545 4427 1696 4490 Quod
1740 4425 1785 4480 si
1837 4425 2128 4494 legendum

551 4502 709 4562 putes
738 4496 1103 4567 ἀποφαντική,
1153 4495 1199 4549 is
1237 4510 1454 4567 quoque
1485 4500 1590 4548 erit
1623 4497 1788 4567 idem
1834 4496 2128 4554 Clementis

550 4576 743 4636 sensus
779 4584 794 4620 :
830 4566 1121 4619 luﬁdelitas
1160 4567 1242 4618 est
1282 4566 1496 4618 inﬁrma
1547 4566 1752 4634 opinio,
1793 4581 1912 4636 quae
1955 4583 2126 4621 enun-

551 4633 680 4698 tiat,
707 4645 762 4689 et
788 4651 896 4705 pra:
922 4636 1234 4689 inﬁrmitate
1264 4636 1459 4688 asserit
1511 4633 1595 4701 id,
1636 4635 1781 4702 quod
1811 4633 2126 4706 ’Scriptut'is

553 4707 732 4776 sacris
759 4719 816 4758 et
849 4707 1063 4760 veritati
1108 4706 1440 4760 contrarium
1481 4717 1584 4761 est.
1629 4707 1698 4760 Et
1755 4708 1869 4760 lucc
1902 4710 2124 4776 quidem

553 4773 842 4842 esplicatio
881 4791 947 4830 ex
996 4776 1062 4830 iis
1107 4777 1248 4832 baud
1287 4777 1523 4830 absurde
1565 4777 1880 4845 conﬁrmari
1919 4773 2124 4845 potest,

554 4859 674 4920 quae
741 4846 1087 4920 continenter
1155 4845 1556 4920 subjunguntur
1599 4845 1704 4900 ":
1765 4844 2033 4920 Καθάπερ
2090 4850 2125 4920 ἡ

551 4913 843 4970 δυσπιστία
871 4915 985 4983 ἕξις
1014 4913 1456 4986 δυσπαράόειῐτος
1495 4915 1750 4980 πίστεως.
1793 4935 1813 4968 ι
1854 4913 2128 4983 ρυθιίιειιιέ

552 4987 773 5058 modum
800 4987 1096 5042 dillicultas
1116 4989 1372 5042 credendi
1415 4997 1504 5042 est
1550 4989 1786 5054 habitus,
1821 4991 1914 5058 qui
1963 4989 2126 5044 ﬁdem

553 5053 844 5111 dilliciliter
863 5058 1118 5112 admittit.
1163 5075 1183 5108 ι

630 5127 910 5196 Duplicem
943 5137 1122 5183 autem
1155 5125 1403 5182 Clemens
1435 5129 1513 5183 ait
1571 5142 1695 5184 esse
1749 5129 2127 5186 inﬁdelitatem

553 5211 648 5270 seu
688 5198 1153 5270 incredulitatem,
1191 5203 1385 5252 bonam
1419 5202 1638 5270 quidem
1675 5217 1860 5264 unam,
1895 5204 2125 5255 alteram

561 5283 687 5322 vero
724 5268 943 5339 malam.
980 5268 1055 5322 De
1088 5277 1326 5339 utraque,
1349 5268 1528 5324 autem
1555 5275 1632 5326 ait
1665 5272 1818 5326 ille“
1848 5289 1863 5326 :
1900 5291 1918 5322 ι
1961 5270 2126 5325 Multa

554 5337 912 5393 incredulitas
947 5339 1074 5393 fecit
1107 5337 1268 5401 bona,
1305 5338 1437 5395 ﬁdes
1471 5342 1682 5396 mala...
1715 5341 1834 5397 Jam
1863 5357 1973 5396 non
2007 5357 2129 5398 cre-

554 5411 682 5460 dere
715 5409 934 5477 quidem
971 5411 1180 5462 veritati
1217 5409 1378 5464 all'ert
1412 5422 1664 5474 mortem,
1727 5414 1870 5466 sicut
1902 5414 2128 5466 credere

553 5481 740 5533 vitam.
772 5478 974 5534 Contra
1007 5490 1183 5533 autem
1229 5481 1515 5535 mendacio
1581 5482 1828 5548 credere,
1862 5498 1969 5537 non
2001 5499 2128 5536 cre-

1212 376 1278 432 ΙΝ
1319 373 1740 431 CLEMENTEM
1785 373 1980 427 ALEX.
2027 374 2085 428 D.
2132 372 2136 425 l

2255 369 2537 426 NOURR!
2591 366 3046 428 DlSSERTATlO
3081 372 3146 432 ll.

2165 3199 2206 3257 C

3670 379 3770 433 “88

2178 497 2224 553 Α
2253 490 2384 564 dere
2411 499 2593 564 autem
2627 491 2898 564 __verita_t_i,
2947 493 3120 547 trahit
3155 493 3206 546 in
3241 493 3494 551 exilium.
3533 513 3550 548 ι
3585 496 3670 551 Sed
3687 497 3768 564 jam

2255 560 2322 636 de
2354 575 2417 636 ea
2459 561 2784 636 inﬁdelitate
2806 562 3324 636 disputamus,7quaa
3357 567 3484 635 quia
3511 560 3770 636 primae've-

2257 630 2432 705 ritati,
2467 646 2568 705 seu
2594 629 2821 705 _Deo,_in
2854 633 3028 705 sacris
3071 629 3392 703 Scripturis'
3416 629 3649 705 loquenti,
3688 655 3766 693 non

2253 702 2462 764 credit;
2499 701 2709 756 idcirco
2741 701 2882 756 hanc
2909 703 3034 772 jure
3068 701 3264 758 merito
3325 701 3572 762 Clemens
3614 706 3768 762 inferre

2255 779 2482 843 mortem
2521 781 2578 826 et
2611 772 2927 843 inexitium
2975 774 3193 830 trahere
3216 774 3471 832 afﬁrmat.
3507 777 3652 843 Quam
3675 794 3770 834 sane

2250 841 2320 912 ob
2353 857 2577 897 causam
2630 841 2720 896 ille
2768 858 2958 897 rursus
2991 854 3172 911 postea
3197 845 3240 876 "'
3282 863 3296 899 :
3339 865 3357 897 ι
3407 849 3482 902 De
3524 841 3776 912 incredulis,

2252 910 2453 980 inquit,
2485 912 2907 986 rrsptdtrtia‘rwv,
2945 910 3148 968 dictum
3175 925 3259 968 est
3280 930 3377 971 eos
3406 933 3526 972 esse
3549 910 3769 986 reputatos

2252 989 2513 1051 tanquam
2548 983 2854 1051 pulverem,
2889 999 3052 1053 quam
3107 987 3323 1055 projicit
3381 1000 3570 1042 ventus
3601 983 3638 1041 ἰι
3669 988 3770 1044 facie

2250 1059 2433 1128 terrae.
2461 1063 2519 1106 et
2548 1062 2753 1128 guttam
2787 1068 2908 1128 qua:
2937 1069 3003 1108 ex
3038 1059 3436 1128 cadoexcidit.
3477 1077 3496 1109 ›
3529 1057 3768 1128 (ΣυῙιιειιυίο

2249 1122 2372 1194 dem
2406 1122 2683 1194 barnc'ipse
2708 1125 2945 1178 insinuat
2978 1127 3330 1194 suggeritque
3349 1122 3768 1184 rationein“:iln

2250 1191 2427 1268 ipsum
2461 1193 2710 1268 (verbum
2744 1194 2955 1268 scilicet
2983 1191 3256 1268 div-iouini
3285 1207 3342 1252 et
3377 1214 3476 1268 per
3508 1200 3656 1268 ipsum
3685 1216 3770 1255 cre-

2246 1261 2398 1336 dere,
2439 1261 2740 1336 μοναδικόν
2775 1265 2893 1336 ἐστι
2931 1261 3238 1336 γενέσθαιί
3279 1261 3612 1323 est-unicum
3653 1270 3768 1336 ﬁeri;

2245 1333 2458 1388 scilicet
2493 1336 2543 1387 in
2577 1335 2692 1402 ipso
2733 1333 3008 1392 indivulSe
3044 1339 3294 1403 unitum;
3344 1355 3450 1392 non
3486 1339 3683 1395 credere
3702 1333 3770 1394 an;

2247 1405 2776 1528 tergessoubitare,
2813 1408 3102 1478 spatioque
3154 1423 3218 1462 ac
3255 1407 3544 1464 intervallo
3584 1410 3764 1481 disjungi

2247 1489 2275 1528 e
2365 1489 2435 1527 lVl
2481 1491 2514 1527 ι.
2559 1493 2578 1526 ι

2244 1482 2300 1528 et
2322 1475 2514 1528 dividi.
2559 1493 2578 1526 ι

2316 1546 2453 1609 Quia
2491 1560 2616 1598 vero
2643 1544 2918 1609 Clemens,
2957 1546 3032 1599 uti
3091 1547 3293 1602 dictum
3349 1558 3457 1612 est,
3516 1561 3769 1605 constanter

2245 1616 2484 1669 asseruit
2511 1615 2669 1669 ﬁdem
2699 1631 2821 1670 esse
2851 1615 3260 1671 fundamentum
3303 1619 3465 1674 home
3498 1623 3697 1674 actionis
3731 1634 3770 1676 et

2242 1686 2531 1760 prudentis
2560 1687 2885 1760 electionis,
2954 1687 3078 1740 sine
3119 1704 3223 1758 qua
3277 1690 3447 1742 vitam
3492 1692 3769 1760 spiritualem

2243 1757 2432 1826 vivere
2486 1755 2660 1812 nullus
2706 1767 2901 1826 potest,
2956 1766 3120 1825 atque
3140 1755 3469 1816 econtrario
3513 1755 3771 1816 inﬁdelitate

2171 1842 2216 1898 Β
2243 1824 2541 1898 quemlibet
2570 1824 2722 1898 trahi
2759 1827 2814 1881 in
2862 1824 3112 1891 exitium,
3149 1837 3206 1882 et
3243 1833 3292 1884 ei
3326 1843 3558 1884 mortem
3590 1829 3764 1894 aﬁerri;

2244 1895 2372 1970 inde
2395 1897 2531 1970 scite
2552 1897 2759 1970 colligit
2781 1898 3042 1970 cujusvis
3071 1899 3289 1964 gentilis
3322 1906 3607 1966 actionem,
3639 1917 3768 1970 quan-

2240 1965 2536 2036 doquidem
2563 1965 2739 2039 bonus
2765 1965 2878 2039 non
2903 1975 2985 2022 est
3010 1967 3156 2022 illius
3187 1970 3333 2034 ﬁnis,
3363 1986 3548 2025 revera
3573 1965 3768 2039 peccare,

2241 2047 2298 2091 et
2329 2052 2452 2092 esse
2499 2037 2720 2092 malam.
2775 2037 2882 2093 Sed
2939 2047 3162 2107 praestat
3221 2041 3520 2104 ipsummet
3550 2037 3639 2095 hac
3660 2044 3770 2096 dere

2242 2108 2594 2179 apertissime
2641 2109 2966 2179 loquentem
3013 2111 3206 2164 audire
3222 2109 3268 2142 ”
3305 2127 3320 2164 :
3358 2127 3377 2160 ι
3413 2111 3677 2177 Quomodo
3698 2113 3768 2165 ab-

2241 2177 2423 2252 solute
2451 2178 2666 2248 quidem
2697 2177 2904 2233 salvum
2945 2177 3128 2252 facere
3159 2189 3247 2234 est
3289 2196 3362 2235 ex
3405 2183 3496 2252 iis,
3543 2197 3652 2252 quae
3677 2193 3771 2236 sunt

2243 2248 2450 2320 media,
2488 2259 2634 2320 recte
2653 2260 2871 2320 autem,
2894 2258 2967 2310 et,
2994 2251 3254 2315 utdecet,
3290 2248 3592 2320 perfectum
3628 2263 3694 2306 est
3712 2252 3771 2305 ol-

2242 2319 2449 2382 ﬁcium,
2474 2318 2828 2390 κατόρθωμα.
2861 2320 2913 2374 id
2937 2329 3040 2382 est,
3062 2338 3084 2371 ι
3104 2331 3161 2390 ut
3183 2318 3380 2374 Cicero
3409 2324 3766 2390 interpretatur,

2243 2399 2453 2444 rectum
2479 2399 2572 2443 aut
2608 2389 2757 2444 recte
2782 2392 2987 2444 factum
3023 2407 3037 2442 :
3079 2409 3098 2441 ι
3147 2389 3225 2444 Ita
3263 2394 3436 2444 etiam
3487 2389 3647 2447 omnis
3668 2395 3771 2446 actio

2241 2461 2478 2531 gnostici
2512 2471 2716 2515 rectum
2742 2470 2797 2531 et
2822 2460 3124 2531 perfectum
3148 2471 3233 2516 est
3261 2461 3325 2515 of
3328 2462 3536 2527 licium,
3560 2463 3644 2517 καὶ
3662 2465 3772 2515 πᾶσι

2241 2529 2441 2602 ⁴Ξτριῖξις
2470 2530 2768 2602 γνωστικοῦ
2818 2529 3176 2601 κατόρθωμα*
3219 2532 3354 2601 Ejus
3405 2543 3579 2587 autem
3611 2535 3686 2600 qui
3713 2542 3773 2586 est

2243 2601 2620 2672 tantummodo
2645 2601 2853 2672 ﬁdelis,
2873 2602 3046 2655 media
3076 2603 3182 2656 dici
3217 2605 3395 2672 possit
3426 2604 3584 2670 actio,
3612 2612 3659 2657 ut
3683 2618 3772 2672 quae

2240 2670 2382 2724 κατὰ
2415 2669 2593 2738 λόγον,
2629 2686 2694 2726 ex
2755 2671 2966 2725 ratione
3021 2669 3264 2742 nondum
3317 2674 3605 2739 efﬁciatur,
3634 2669 3772 2742 nedue

2241 2751 2392 2794 recte
2424 2743 2634 2812 geritur
2661 2756 2728 2794 ex
2781 2742 3031 2796 scientia.
3090 2741 3297 2812 Contra
3358 2755 3540 2797 autem
3581 2741 3770 2810 cujusvis

2240 2812 2463 2885 gentilis
2495 2815 2904 2885 peccat_actio,
2945 2811 3145 2876 παντὸς
3175 2813 3234 2866 δὲ
3265 2814 3504 2885 ἔμπαλιν
3542 2813 3624 2867 τοῦ
3664 2813 3771 2866 ἐθνι-

2238 2881 2336 2934 κοῦ
2373 2880 2735 2953 ἀμαρτητική.
2778 2884 2892 2937 Non
2940 2885 3083 2936 enim
3142 2880 3396 2939 absolute
3450 2890 3578 2938 bene
3626 2899 3771 2953 agere,

2139 3005 2151 3014 ,
2239 2953 2334 3005 sed
2359 2967 2582 3032 Scopum
2605 2955 2890 3022 quemdam
2915 2956 3213 3032 spectando
3234 2957 3486 3010 actiones
3499 2954 3769 3032 producere,

2237 3033 2293 3075 et
2343 3039 2412 3077 ex
2465 3023 2670 3075 ratione
2733 3025 2945 3091 Operari
3000 3034 3252 3090 oportere
3323 3027 3613 3080 ostendunt
3661 3024 3771 3077 Scri-

2240 3100 2436 3161 plura}.
2483 3109 2502 3141 ι
2537 3093 2728 3146 Nescio
2777 3108 2908 3146 sane
2939 3103 3131 3164 rutrum
3167 3095 3234 3148 ad
3273 3096 3418 3150 hanc
3471 3097 3770 3164 qurestionein

2241 3163 2614 3229 explicandam
2665 3164 2864 3217 clarius
2901 3163 3106 3232 aliquid
3153 3175 3208 3217 et
3243 3163 3536 3220 enodatius
3586 3164 3772 3232 proferri

2241 3244 2425 3301 queat.
2454 3232 2636 3303 Neque
2661 3235 2807 3289 enim
2841 3237 3215 3288 tantummodo
3257 3239 3512 3291 Clemens
3568 3239 3770 3291 disertis-

2238 3311 2376 3359 sime
2404 3313 2678 3358 asseverat
2710 3319 2927 3376 omnem
2954 3304 3188 3360 inﬁdelis
3219 3307 3468 3362 hominis
3497 3319 3711 3376 peccare,
3731 3313 3774 3356 et

2240 3376 2438 3428 malam
2465 3389 2585 3430 esse
2614 3375 2881 3428 actionem
2906 3390 2922 3439 ;
2951 3389 3139 3428 verum
3171 3377 3338 3431 etiam
3365 3375 3567 3432 certam
3594 3392 3650 3428 ac
3678 3389 3772 3442 per-

2238 3445 2480 3516 spicuam
2511 3445 2654 3516 illius
2687 3444 2866 3516 reddit
2893 3445 3199 3516 rationem;
3235 3450 3364 3516 quia
3390 3449 3636 3502 nimirum
3656 3461 3775 3513 qua--

2239 3514 2373 3569 libet
2417 3516 2501 3568 illa
2539 3515 2771 3569 inﬁdelis
2815 3514 3054 3571 hominis
3097 3514 3354 3573 actio—ad
3411 3520 3602 3572 bonum
3647 3519 3774 3568 ﬁnem

2238 3601 2346 3640 non
2389 3587 2642 3641 refertur.
2682 3609 2684 3612 ν

2307 3656 2500 3734 Obiter
2533 3655 2760 3734 observa
2795 3655 2914 3734 haec
2948 3653 3137 3734 (ξιξερο
3159 3659 3383 3734 verba,
3415 3662 3535 3716 οὐδὲ
3567 3661 3662 3734 μὴν
3689 3661 3776 3720 ταῖς

2235 3723 2492 3801 ᾁπείρᾳις-
2537 3724 2630 3777 τοῦ
2672 3726 2878 3801 αὐλεῖν,
2919 3725 3118 3794 αὐλῶν,
3157 3729 3209 3781 in
3247 3723 3444 3801 Latina
3500 3723 3776 3801 int'ei'preta-

2239 3797 2387 3851 tione
2423 3798 2587 3870 l'uisse
2607 3800 2829 3870 omnino
2859 3801 3261 3870 praetermissa;
3300 3800 3533 3857 fortasse
3574 3797 3682 3870 quia
3708 3816 3777 3854 su-

2236 3881 2502 3936 pervacua
2537 3867 2881 3921 videbantur.
2925 3868 3019 3920 Sic
3069 3879 3253 3923 autem
3316 3870 3512 3927 Latine
3554 3867 3723 3928 sonant
3759 3885 3770 3922 :

2242 3953 2262 3986 ι
2301 3937 2368 3990 Et
2399 3937 2528 3991 tibia
2555 3951 2751 3991 canere
2777 3939 3062 4005 imperitis,
3105 3942 3238 3994 tibia
3279 3957 3388 3996 n0n
3421 3945 3716 3997 canendum.
3755 3957 3769 3989 ι

2311 4008 2418 4062 Sed
2451 4009 2517 4061 iis
2547 4008 2886 4076 perstrictis,
2937 4023 3117 4062 nonne
3165 4013 3384 4075 eodem,
3439 4015 3514 4066 uti
3566 4014 3775 4073 vidimus,

2237 4079 2404 4151 modo
2434 4079 2500 4133 de
2524 4078 2826 4151 inﬁdelium
2851 4079 3156 4151 actionibus
3179 4081 3360 4136 adhuc
3416 4093 3778 4151 argumentatur

2235 4150 2509 4214 Clemens,
2534 4150 2629 4221 ubi
2673 4150 2788 4202 haec
2815 4149 3019 4202 babet‘
3056 4167 3071 4203 :
3112 4169 3131 4202 ι
3165 4148 3524 4220 Quaecunque
3587 4165 3697 4221 ergo
3733 4148 3778 4200 ﬁt

2237 4222 2382 4274 actio
2409 4235 2439 4273 a
2462 4219 2698 4292 sciente,
2731 4233 2796 4272 ea
2823 4227 2908 4292 est
2945 4231 3095 4275 recta
3135 4224 3304 4277 actio.
3340 4219 3676 4292 Quaecunque
3699 4236 3778 4271 auo

2238 4298 2344 4342 tetu
2370 4293 2438 4343 ab
2461 4290 2744 4352 insciente,
2773 4288 2911 4342 mala
2945 4303 3058 4356 est;
3093 4293 3314 4347 etiamsi
3371 4288 3612 4347 maxime
3636 4293 3777 4359 persi-

2233 4367 2365 4433 stat,
2394 4368 2451 4414 et
2474 4359 2527 4411 in
2559 4359 2688 4433 hoc
2710 4359 2994 4429 proposito
3051 4374 3309 4428 inaneat;
3345 4366 3597 4433 quoniam
3622 4358 3711 4416 non
3732 4358 3779 4433 ﬁt

2233 4429 2400 4504 fortis
2417 4445 2482 4504 ex
2505 4427 2964 4504 consideratione,
3001 4446 3181 4500 neque
3213 4427 3402 4504 dirigit
3455 4436 3703 4488 actionem
3727 4427 3780 4482 ad

2233 4499 2439 4574 aliquid
2471 4500 2602 4553 utile
2648 4515 2718 4574 ex
2749 4499 2836 4564 iis,
2872 4515 3000 4574 qua:
3027 4499 3107 4555 ad,
3129 4499 3392 4557 virtutem
3457 4507 3699 4574 dirigunt,
3730 4508 3780 4574 et

2233 4572 2536 4640 procedunt
2561 4584 2592 4622 a
2617 4571 2837 4624 virtute.
2871 4571 3070 4626 Eadem
3093 4582 3178 4627 est
3209 4585 3403 4629 autem
3433 4571 3582 4630 ratio
3596 4577 3658 4627 de
3681 4572 3779 4626 aliis

2239 4640 2558 4713 virtutibus.
2587 4658 2611 4713 ρ
2647 4641 2839 4695 Omnis
2869 4643 3050 4710 itaque
3072 4645 3216 4698 ratio
3237 4660 3360 4713 quze
3394 4645 3453 4699 lit
3481 4649 3545 4699 ab
3577 4645 3782 4697 inscien-

2235 4718 2307 4774 te,
2339 4709 2427 4783 διᾲ
2456 4708 2548 4764 τοῦ
2575 4708 3026 4783 ἀνεπιστήμονός,
3081 4708 3302 4770 ειὶειιιιὲἰ
3352 4732 3422 4770 ex
3468 4715 3776 4770 fortitudine.

2232 4789 2330 4834 aut
2359 4781 2465 4834 alia
2485 4783 2742 4855 qualibet
2767 4781 2972 4855 virtute
3017 4785 3443 4855 proﬁciscatur;
3480 4787 3675 4839 idcirco
3719 4790 3783 4855 t3.

2234 4864 2361 4905 men
2390 4851 2533 4929 mala
2567 4861 2676 4929 est,
2707 4854 2836 4922 quia
2866 4869 2971 4908 non
3022 4851 3406 4929 proﬁciscitur
3428 4851 3502 4911 ex
3531 4851 3777 4929 λογισμῷ.

2232 4935 2302 4976 ex
2333 4922 2800 4988 consrderatione,
2835 4939 2928 4978 seu
2961 4926 3140 4991 ponus
3169 4928 3417 4993 ratione;
3451 4922 3625 4993 neque
3646 4923 3784 4977 refer-

2235 5001 2326 5048 tur
2365 4993 2434 5048 ad
2463 4993 2672 5070 aliquid
2697 5008 2766 5049 ex
2808 4993 2876 5049 iis
2904 4996 3056 5070 utile,
3086 5010 3210 5070 quae
3235 4998 3482 5070 dirigunt
3527 4997 3594 5050 ad
3639 4993 3784 5070 virtu-

2237 5073 2366 5129 tein,
2397 5073 2454 5118 et
2482 5057 2774 5136 ex'virtute
2817 5057 3142 5134 proceduni.
3168 5057 3499 5136 Alquiiales
3526 5078 3645 5121 esse
3685 5057 3781 5114 inli-

2234 5136 2437 5208 delium
2482 5135 2726 5190 actiones
2777 5136 2954 5191 nullus
3001 5136 3163 5208 plane
3225 5135 3479 5208 ainbigit.
3519 5137 3623 5189 Eas
3669 5141 3776 5197 ergo

2233 5205 2485 5278 Clemens
2511 5215 2565 5260 et
2594 5219 2663 5278 ex
2724 5219 2914 5278 causa,
2967 5207 3180 5278 scilicet
3241 5205 3781 5278 ignoratione;atqn6

2233 5289 2302 5329 ex
2349 5275 2478 5342 ﬁne,
2514 5275 2645 5344 quia
2674 5276 2742 5328 ad
2770 5289 2952 5329 veram
3006 5275 3422 5334 virtutem'non
3477 5276 3780 5332 referuntur,

2235 5344 2408 5400 malas
2429 5360 2552 5401 esse
2579 5345 2882 5400 arbitratus
2910 5356 3015 5401 est.

2307 5415 2457 5470 Hanc
2481 5430 2644 5484 porro
2667 5430 2789 5490 esse
2812 5417 3137 5490 ipsissimam
3164 5413 3784 5490 Augustiniseutenﬁam.

2235 5501 2403 5556 quam
2428 5491 2692 5543 adversus
2736 5485 3078 5558 Pelagianos,
3117 5485 3280 5558 atque
3314 5495 3369 5545 in
3402 5491 3593 5560 prinus
3618 5498 3785 5541 contra

625 5708 864 5783 {ibid.,
883 5723 935 5783 ρ,
957 5709 1114 5783 362:
1127 5779 1146 5783 _
1165 5709 1214 5783 _"
1240 5709 1391 5783 ibid._
1448 5709 1493 5742 ⁸’¹
1519 5709 1673 5777 ibid.,
1710 5728 1764 5783 p.
1795 5713 1924 5767 365.
1997 5715 2042 5748 ⁸³
2065 5715 2358 5782 Tbeodor.,
2383 5723 2425 5770 t.
2449 5713 2542 5781 IV,
2570 5714 2647 5771 De
2666 5713 2843 5772 Graec.
2869 5712 3050 5769 all'ect.
3085 5722 3285 5777 curat.,
3311 5727 3473 5767 serm.
3497 5709 3556 5783 3,
3594 5709 3656 5761 de
3677 5706 3781 5783 εειίλ

557 5788 612 5843 ι).
629 5777 754 5832 479.
825 5779 870 5810 ιν
888 5777 1052 5844 ibid.,
1085 5779 1208 5834 581.

556 5856 613 5900 et
637 5863 754 5917 seq.
827 5849 874 5880 ”
909 5852 1110 5904 Str-om.
1150 5857 1185 5902 l.
1229 5867 1289 5914 ιι,

559 5919 604 5947 ’⁸
646 5928 851 5972 btrom.
891 5920 926 5973 Ι.
960 5936 1030 5986 \i,
1063 5936 1116 5990 p.
1155 5921 1280 5976 669.

1285 5781 1332 5811 '°
1360 5781 1564 5835 Strom.
1612 5783 1646 5834 l.
1691 5781 1750 5845 ii.

1285 5869 1372 5902 .u.
1401 5851 1530 5902 571.
1603 5853 1648 5883 ’⁵
1679 5855 1749 5902 ibi

1319 5869 1372 5922 p.
1401 5851 1530 5904 571.
1603 5853 1648 5883 ’⁵
1679 5851 1814 5906 ibid.

1363 5925 1376 5954 ‘
1413 5924 1453 5978 ι.
1487 5934 1585 5989 vn,
1625 5939 1678 5993 p.
1713 5923 1834 5977 754.

1885 5856 1930 5887 ³⁸
1959 5858 2088 5913 ibid.

1800 5799 1853 5853 p.
1891 5784 2021 5841 575.
2101 5789 2136 5819 ⁹¹

2243 5771 2310 5842 id.
2344 5771 2357 5782 '
2387 5786 2432 5818 ἰ
2456 5771 2727 5842 Tlieoilor.
2761 5787 2797 5839 l.
2835 5788 2958 5850 cit.,
3001 5785 3076 5839 De
3109 5784 3234 5850 ﬁde,
3272 5771 3567 5853 praesertim
3622 5771 3782 5853 p._i_7_7

2199 5858 2248 5890 οι
2278 5859 2316 5914 ι.
2342 5872 2418 5925 ιν,
2443 5873 2494 5930 p.
2524 5857 2651 5913 ιη.
2762 5857 2806 5889 οτ
2839 5842 2970 5912 ibid.
2995 5869 3052 5927 p.
3087 5842 3232 5911 556.’
3274 5842 3367 5929 Ϊοι
3397 5851 3548 5914 ibid.,
3587 5842 3643 5918 p'.
3677 5842 3782 5901 557.
