3840 6570
97 399 201 456 1189

1245 397 1334 453 DE
1371 398 1593 455 IJBRIS
1631 396 2088 456 STBOMATUM.

3159 406 3300 460 H30

95 515 336 595 Julianunm.
372 511 651 595 acerrime“
667 511 1240 595 ‘constantissimeque
1284 523 1611 595 propugnat,
1640 518 1686 574 Α
1715 512 2144 595 cessitatis_esse
2173 512 2500 595 crediderit;
2534 525 2730 584 pratter
2755 517 2902 595 illam
2930 526 3125 595 tamen.
3153 517 3295 570 bona

96 585 188 657 quis
209 581 402 636 inﬁcias
423 581 605 657 iverit
627 581 858 657 Dionae
891 583 1126 657 enimut
1152 581 1402 652 plurima
1419 581 1610 657 mitta-

106 651 203 712 itus.
221 659 391 706 contra
423 651 524 706 hos
548 654 733 721 gratia:
763 653 856 709 Dei
905 651 1169 706 inimicos
1187 654 1612 720 expressissimis

96 724 232 779 verbis
265 721 348 774 ille
378 721 548 776 dixit'
583 740 598 777 :
637 742 656 774 ι
690 722 1095 791 Quantumlibet
1116 738 1279 793 opera
1312 722 1610 778 inlidelimn

95 794 430 866 praedicentur,
452 794 693 860 Apostoli
721 795 1042 848 sententiam
1065 808 1254 866 veram
1283 794 1535 847 novimus
1557 801 1613 848 et

98 860 302 933 invictam
334 877 346 913 :
378 860 551 933 Omne
592 866 731 933 quod
760 880 864 920 non
910 872 993 917 est
1029 878 1094 918 ex
1155 865 1294 926 ﬁde.
1329 872 1610 932 peccatum

95 945 170 990 est.
200 954 217 985 ι
247 932 440 1004 Contra
475 931 752 988 lulianum
814 947 944 989 vero
972 943 1256 1001 postquam
1305 931 1408 988 hoc
1451 949 1614 1004 argu-

96 1014 294 1074 mentum
321 999 436 1074 fuse
468 1006 838 1074 pertractavit,
878 1020 942 1057 ex
972 999 1056 1067 iis,
1079 999 1198 1072 qum
1220 999 1608 1074 disputaverat,

98 1078 204 1130 hanc
255 1072 392 1126 elicit
442 1073 925 1145 conclusionem’:
967 1092 986 1125 ‹
1035 1075 1109 1128 Ex
1170 1089 1278 1142 quo
1307 1072 1614 1145 Vcolligitur

95 1147 218 1199 etiam
244 1145 349 1210 ipsa
379 1155 572 1210 Opera,
607 1160 726 1212 qtta'
766 1144 972 1197 faciunt
1028 1145 1295 1208 inﬁdeles,
1329 1162 1433 1198 nou
1471 1144 1613 1214 ipso-

95 1231 182 1268 rum
204 1228 332 1278 esse,
358 1215 449 1266 sed
485 1214 632 1268 illius
666 1214 758 1284 qui
787 1216 922 1269 bene
959 1215 1129 1267 alitur
1163 1216 1339 1268 malis.
1370 1215 1610 1284 Ipsorum

95 1295 233 1338 autem
261 1296 378 1336 esse
421 1294 672 1355 peccata,
721 1286 914 1352 quibus
943 1295 996 1337 et
1021 1284 1160 1338 bona
1194 1285 1333 1339 male
1367 1287 1609 1355 faciunt;

93 1357 185 1422 quia
212 1366 266 1406 ea
299 1368 399 1404 non
433 1353 605 1413 ﬁdeli.
650 1356 741 1409 sed
798 1355 1015 1412 inﬁdeli.
1057 1357 1157 1409 hoc
1189 1365 1290 1420 est,
1347 1357 1507 1410 stulta
1559 1353 1613 1412 et

95 1426 216 1478 noxia
266 1422 466 1476 faciunt
516 1425 794 1478 voluntate
840 1441 856 1477 :
897 1426 1072 1493 qualis
1136 1426 1405 1487 voluntas,
1465 1429 1612 1482 nullo

93 1497 263 1548 Christo
298 1495 601 1553 dubitante.
640 1498 798 1548 arbor
822 1505 904 1550 est
940 1496 1099 1558 mala,
1135 1511 1253 1564 qua:
1288 1495 1466 1550 facere
1499 1515 1604 1552 non

94 1575 245 1631 potest,
304 1565 403 1617 nisi
463 1565 678 1620 fructus
712 1567 914 1627 malos.
951 1566 1000 1618 id
1032 1575 1137 1630 est,
1189 1567 1303 1619 sola
1369 1579 1609 1634 peccata.

93 1636 219 1688 Omne
249 1635 410 1706 enim,
443 1635 585 1706 velis
618 1637 777 1700 nolis,
804 1637 944 1705 quod
976 1651 1080 1688 non
1109 1647 1282 1690 estex
1314 1635 1437 1697 ﬁde,
1490 1654 1611 1706 pec-

91 1716 226 1758 catum
249 1715 343 1756 est.
375 1705 437 1757 Et
463 1705 588 1758 ideo
615 1706 746 1760 istas
771 1707 996 1760 arbores
1028 1722 1132 1761 non
1159 1717 1334 1775 potest
1364 1707 1607 1775 diligere,

93 1788 129 1826 et
149 1777 182 1826 si
208 1776 335 1847 tales
382 1779 820 1847 permanserint,
851 1777 1084 1846 disponit
1130 1778 1416 1840 excidere;
1481 1782 1608 1847 quia

1713 598 1874 650 opera
1900 584 1967 636 ab
2000 583 2330 655 hominibus,
2355 595 2411 638 ttt
2436 583 2694 640 aeternam
2719 588 2944 641 salutem
2977 587 3302 655 adipiscan-

1715 663 1824 715 tur,
1852 667 1972 726 esse
2005 653 2334 726 necessaria.
2370 666 2424 710 et
2456 657 2565 710 Deo
2596 658 2666 709 ita
2699 657 2917 722 iubente
2957 653 3124 726 exigi,
3160 674 3294 726 pas-

1713 728 1814 797 sim
1851 724 1940 776 ille
1966 725 2252 797 constituit
2280 736 2332 778 et
2362 728 2642 794 praedii-at.
2682 727 2752 782 Ex
2775 729 2839 782 iis
2872 724 3062 794 itaque
3118 724 3292 797 pauca

1714 794 2005 867 seligatnus
2031 810 2046 846 :
2077 811 2094 844 ι
2129 795 2411 867 Debemus,
2439 796 2742 867 ὀφείλομεν,
2783 800 2860 850 ait
2885 799 2972 852 ille
2999 798 3041 857 '.
3091 794 3295 852 habere

1715 878 1876 932 opera
1902 863 2218 928 clamantia,
2262 863 2515 932 tanquam
2550 870 2601 920 in
2627 863 2726 922 'dae
2751 867 3112 921 ambulantes.
3177 867 3290 922 Ln-

1714 944 1871 1006 ceaut
1893 934 2040 1006 enim
2071 949 2232 1006 opera
2255 952 2270 1002 ;
2296 948 2381 989 et:
2403 937 2540 990 Ecce
2564 938 2725 991 homo
2751 949 2806 990 et
2835 953 2998 1004 opera
3031 939 3294 1006 ejnSante

1714 1002 1907 1056 faciem
1936 1004 2073 1071 ejus.
2114 1005 2251 1058 Ecce
2280 1006 2422 1058 enim
2457 1008 2612 1067 Deus,
2651 1018 2704 1058 et
2733 1002 2893 1072 opera
2926 1002 3074 1072 eius:
3119 1010 3285 1062 Deum

1712 1082 1928 1144 Oportet
1957 1075 2180 1139 intitari,
2213 1076 2352 1142 quod
2387 1078 2504 1142 ejus
2537 1078 2651 1130 ﬁeri
2681 1087 2877 1144 potest,
2911 1079 3237 1142 gnosticutn.
3268 1097 3288 1130 ι

1712 1143 1952 1214 Andisne
1983 1145 2181 1212 quibus
2236 1146 2326 1200 ille
2376 1161 2544 1200 sacra:
2602 1143 2903 1214 Scriptura:
2964 1149 3293 1203 testimoniis

1714 1212 1905 1281 probet
1935 1214 2074 1268 bona
2102 1230 2287 1283 opera.
2316 1232 2420 1271 non
2452 1228 2655 1272 tantum
2690 1212 3075 1271 aitiltristianis
3105 1221 3290 1274 minus

1716 1283 1992 1355 perfectis.
2020 1286 2114 1338 sed
2133 1286 2296 1339 etiam
2315 1301 2342 1338 a
2373 1307 2390 1337 ι
2416 1289 2680 1355 gnostico,
2713 1307 2730 1337 ι
2768 1289 2870 1341 hoc
2897 1298 2980 1340 est
3007 1287 3297 1354 perfectis-

1715 1354 1854 1426 simo
1882 1355 2214 1426 Christiano,
2253 1358 2328 1410 uti
2360 1354 2580 1411 omnino
2617 1360 2924 1412 necessaria
2957 1360 3203 1426 requiri?

1787 1424 1892 1478 Sed
1925 1425 2021 1486 illi,
2050 1438 2254 1491 qua-so,
2275 1427 2382 1482 alio
2407 1429 2457 1480 in
2487 1428 2623 1481 ηιμ-ι.
2651 1439 2885 1480 mentem
2913 1424 3067 1481 suam
3102 1445 3295 1485 rursus

1713 1493 1999 1568 tsx_plicanti
2030 1510 2323 1568 parumper
2357 1498 2598 1552 ausculta
2618 1499 2638 1530 ⁸
2670 1515 2684 1550 :
2716 1516 2734 1547 ι
2773 1499 2997 1565 Oportet
3028 1513 3160 1568 ergo
3187 1502 3296 1554 Deo

1713 1564 1906 1617 offerre
1933 1565 2202 1618 sacriﬁcia
2256 1582 2357 1619 non
2407 1580 2722 1634 sumptuosa
2749 1564 3138 1633 ac’splenilida,
3197 1573 3293 1625 sed

1713 1650 1832 1700 qua:
1866 1644 1990 1688 sunt
2037 1635 2119 1702 pia
2172 1645 2225 1689 et
2277 1637 2327 1690 ei
2386 1650 2626 1705 accepta,
2660 1648 2715 1692 et
2744 1637 2987 1692 sttflitutn
3040 1639 3188 1692 illum
3233 1642 3286 1693 itt

1714 1705 2238 1778 legecomposittttn,
2277 1707 2366 1775 qui
2411 1718 2626 1761 coitstat
2654 1723 2720 1762 ex
2768 1709 2950 1760 multis
3010 1709 3210 1778 linguis
3235 1719 3288 1765 et

1713 1776 1937 1848 vocibus
1960 1776 2012 1828 itt
2047 1776 2313 1848 oratione,
2349 1778 2431 1848 vei
2458 1779 2634 1846 potius
2659 1779 2748 1846 qui
2776 1794 2840 1832 ex
2876 1776 3113 1832 diversis
3154 1796 3292 1848 geu-

93 1848 178 1898 sine
203 1845 294 1898 ﬁde
322 1844 672 1916 impossibile
696 1855 779 1901 est
825 1844 1042 1916 placere
1075 1849 1206 1903 Deo.
1245 1848 1348 1902 Sed
1394 1851 1464 1900 ita
1499 1844 1608 1904 _ltic
1640 1858 1685 1914 Β
1715 1845 1858 1898 tibus
1886 1855 1939 1898 et
1972 1845 2192 1899 sexibus
2238 1862 2334 1914 per
2399 1844 2598 1900 donum
2655 1844 3101 1902 testamentomm
3154 1844 3295 1904 con-

91 1916 319 1978 immoror,
345 1915 507 1985 quasi
553 1916 684 1969 istas
711 1915 935 1973 arbores
963 1931 1065 1970 non
1087 1916 1198 1984 jam
1235 1928 1287 1970 tu
1323 1919 1434 1986 ipse
1456 1921 1614 1975 steri-

92 1986 146 2057 les
171 1987 614 2057 pronuntiaveris.
642 1987 926 2053 Quomodo
959 1987 1120 2052 igitur
1153 2002 1258 2040 non
1287 1998 1381 2041 aut
1406 1989 1612 2057 jocaris

94 2055 129 2107 in
171 2057 242 2108 his
278 2055 762 2126 disputationibus,
814 2067 906 2110 aut
953 2056 1177 2121 deliras,
1217 2059 1308 2126 qui
1347 2055 1610 2116 sterilium

90 2128 250 2197 fructus
279 2125 540 2197 arborum
575 2126 804 2197 laudas?
838 2129 938 2196 Qui
974 2130 1158 2195 utique
1187 2140 1279 2182 aut
1303 2130 1427 2181 ttnlli
1467 2142 1609 2197 Sunt,

90 2209 156 2248 aut
176 2196 211 2248 si
249 2194 366 2246 mali
399 2205 554 2262 sunt,
594 2196 846 2253 laudandi
864 2194 986 2252 non
1017 2209 1182 2251 sunt:
1212 2209 1306 2250 aut
1329 2200 1374 2252 si
1407 2194 1614 2256 fructus

89 2264 179 2318 boni
209 2266 327 2329 sint,
360 2267 614 2333 profecto
644 2270 856 2323 steriles
897 2270 1119 2322 arbores
1151 2284 1256 2321 non
1288 2279 1452 2332 sunt;
1507 2271 1614 2326 imo

87 2345 125 2405 et
147 2337 276 2389 home
304 2345 448 2400 sunt,
477 2352 711 2405 quarum
754 2339 961 2393 fructus
1000 2339 1128 2392 boni
1156 2352 1304 2400 sunt,
1334 2352 1388 2393 et
1417 2340 1614 2395 debent

91 2404 168 2458 Deo
210 2407 432 2477 placere,
471 2404 562 2461 cui
605 2408 760 2462 bona}
798 2411 1022 2464 arbores
1068 2423 1173 2461 non
1235 2421 1456 2477 possunt
1512 2413 1613 2466 nisi

87 2477 275 2549 placere,
323 2476 635 2549 falsumque
660 2480 761 2532 erit
789 2481 928 2549 quod
967 2476 1240 2548 scriptum
1261 2490 1344 2535 est
1375 2503 1385 2534 :
1431 2499 1448 2532 ι
1482 2479 1612 2536 Sine

89 2545 165 2599 title
194 2547 516 2615 impossibile
544 2545 630 2603 est
659 2545 871 2616 placere
898 2552 1024 2604 Deo.
1061 2568 1079 2600 ι

139 2617 322 2690 Scimus
353 2619 578 2686 quidem
607 2620 866 2689 plurimos
891 2627 1012 2690 post
1034 2629 1284 2675 sanctum
1320 2619 1613 2674 Thomatn‘

88 2686 314 2759 theologos
353 2686 621 2743 censere—
649 2686 906 2744 inﬁdeles
944 2709 962 2742 ‹
1023 2706 1126 2743 non
1191 2705 1348 2759 posse
1394 2696 1610 2758 operari

88 2756 188 2828 bona
213 2773 383 2827 Opera,
419 2774 547 2828 qua:
571 2767 702 2813 sunt
726 2773 792 2814 ex
819 2762 1016 2828 gratia,
1049 2756 1258 2814 scilicet
1287 2756 1451 2828 opera
1500 2777 1614 2815 me-

90 2825 271 2894 ritoria;
304 2825 485 2883 tamen
523 2830 684 2893 bona,
713 2832 779 2884 ad
809 2825 926 2897 (inte
961 2831 1163 2884 suflicit
1216 2825 1416 2883 bonum
1456 2844 1613 2884 natu-

89 2911 153 2960 ra,
187 2900 456 2966 aequaliter
493 2902 717 2968 operari
746 2916 923 2968 posse.
963 2920 981 2952 ι
1024 2903 1385 2966 Quamobrem
1421 2917 1524 2955 non
1557 2906 1608 2955 in

87 2969 216 3028 ortuti.
244 2971 513 3037 inquiunt,
546 2972 760 3024 actione
783 2987 877 3023 sua
904 2979 1154 3039 peccant,
1187 2971 1281 3026 sed
1312 2972 1376 3025 iis
1404 2981 1612 3026 tantum

87 3051 172 3104 quie
188 3053 245 3095 ex
268 3041 594 3093 iutidelitate
621 3048 937 3107 operantur.

139 3107 299 3164 Utrum
326 3121 515 3182 autem
538 3121 592 3164 et
620 3112 734 3182 haec
767 3111 930 3164 fuerit
965 3112 1135 3165 nostri
1171 3111 1466 3166 Clementis
1494 3114 1611 3182 opi-

88 3177 243 3252 nio,ex
268 3183 328 3234 iis
360 3181 605 3235 forsitan
643 3181 763 3248 quis
786 3183 986 3250 percipi
1021 3197 1175 3250 posse
1205 3183 1456 3250 putabit,
1491 3177 1610 3252 qiti-

85 3251 260 3304 busille
304 3253 408 3304 duo
441 3252 734 3320 distinguit
781 3254 1060 3305 hominum
1110 3267 1332 3320 genera,
1381 3251 1608 3321 quorum

86 3320 150 3372 alii
171 3322 482 3392 nescientes,
517 3322 612 3373 alii
645 3336 772 3375 vero
823 3323 1058 3376 scientes
1097 3333 1152 3376 et
1201 3323 1357 3392 gnari
1398 3320 1611 3392 aliquid

87 3391 186 3441 bene
214 3391 409 3444 iaciunt
438 3401 497 3445 et
531 3403 676 3444 recte
726 3394 931 3446 vivunt.
967 3391 1224 3461 Utrisque
1266 3402 1447 3446 autem
1477 3391 1613 3462 quo-

83 3475 248 3533 cunque
276 3465 434 3533 modo
467 3463 708 3529 egerint,
739 3472 901 3532 negat
926 3462 1060 3533 illud
1083 3474 1201 3530 post
1225 3473 1454 3516 mOrlettt
1489 3481 1613 3533 pro-

82 3528 219 3595 desse,
250 3533 346 3596 njsi
381 3528 552 3585 ﬁdem
591 3528 914 3587 habueri'nt‘
943 3549 956 3588 :
989 3552 1009 3585 ε
1037 3528 1152 3586 .Iam
1181 3548 1306 3586 vero
1331 3534 1456 3586 illud
1485 3528 1615 3603 quo-

83 3613 172 3663 que,
210 3604 295 3663 ait,
345 3603 786 3673 consideremus,
845 3619 911 3656 an
944 3606 1162 3673 quando
1212 3614 1357 3657 recte
1401 3605 1610 3669 vivunt,

82 3673 147 3735 qui
170 3675 399 3725 nesciunt
442 3671 805 3737 benefacere;
853 3671 1054 3727 accidit
1105 3674 1251 3727 enim
1287 3683 1346 3727 ut
1393 3674 1613 3727 benefa-

82 3743 191 3792 ciant
219 3760 231 3795 :
271 3743 522 3795 nonnulli
541 3754 722 3795 autem
751 3757 846 3811 per
873 3745 1283 3812 intelligentiam
1314 3744 1380 3796 ad
1407 3746 1612 3797 verita-

84 3812 131 3861 tis
157 3813 352 3864 verhum
374 3813 655 3877 feruntur,
686 3823 938 3881 tanquam
974 3816 1039 3866 ad
1069 3829 1311 3882 scopum.
1340 3815 1611 3868 Abraham

82 3883 404 3953 autetn205
427 3899 543 3936 non
570 3898 636 3936 ex
658 3885 913 3950 operibus
939 3883 1265 3952 justilicatus
1290 3892 1392 3946 est,
1431 3888 1526 3938 sed
1547 3899 1613 3938 ex

82 3947 174 4023 ﬁde.
201 3947 338 4006 smn
355 3947 493 4020 Ergo
527 3954 607 4007 eis
640 3947 760 4022 post
785 3965 908 4006 Vttae
935 3947 1092 4006 ﬁnem
1124 3955 1385 4023 proderit,
1415 3957 1610 4008 etiam-

79 4019 111 4072 si
133 4038 250 4078 nunc
284 4035 433 4078 recte
464 4019 792 4090 operentur,
829 4025 928 4076 nisi
965 4019 1135 4076 ﬁdem
1161 4027 1419 4081 habeant.
1465 4044 1484 4076 ι

131 4092 303 4147 Deinde
328 4111 458 4149 vero
493 4105 784 4161 postquam
819 4094 906 4146 ille
937 4109 1034 4148 nos
1059 4095 1183 4147 alibi
1208 4096 1612 4148 admonuitnon

81 4170 244 4215 tantum
273 4174 534 4234 utroque,
564 4181 688 4216 cum
716 4164 898 4234 "veteri
931 4175 1040 4216 tttttt
1067 4164 1215 4216 Novo
1239 4163 1608 4228 Testamento,

79 4235 148 4306 sed
177 4239 378 4288 statutis
405 4233 583 4290 etiam
610 4237 748 4302 apud
775 4233 993 4288 Graecos
1018 4245 1069 4306 et
1101 4235 1448 4304 phil050phos
1483 4236 1615 4306 legi-

82 4303 189 4354 ilUSt
217 4321 403 4370 genus,
440 4307 686 4358 actionis
708 4320 829 4358 esse
859 4303 1391 4370 manifestissimum,
1429 4323 1448 4355 ι
1485 4303 1614 4360 con-

81 4373 270 4443 tinenter
291 4377 496 4443 adjecit
518 4376 540 4405 ⁶
569 4389 584 4426 :
621 4394 638 4426 σ
669 4375 734 4428 Ει
765 4383 822 4427 ut
845 4377 1012 4428 semel
1052 4377 1248 4442 dicam,
1283 4377 1462 4429 nantis
1509 4379 1614 4430 uti-

79 4440 318 4517 litas,qua:
352 4440 420 4499 ad
455 4453 630 4499 vitam
670 4447 921 4514 pertinet,
962 4461 1214 4515 suprema
1236 4440 1466 4517 quidem
1510 4461 1612 4517 pra-

79 4514 188 4567 tione
211 4535 236 4568 a
268 4517 372 4569 Deo
403 4518 805 4586 omnipotente,
834 4517 924 4584 qui
965 4514 1160 4586 prieest
1188 4514 1472 4578 omnibus,
1504 4514 1610 4569 Pa—

79 4589 137 4634 tre
161 4589 422 4653 perﬁcitur
459 4602 563 4656 per
600 4585 833 4651 Filium,
863 4585 1157 4654 quietiam
1221 4598 1500 4657 propterea
1533 4601 1614 4640 est

75 4665 273 4726 servator
297 4661 574 4720 omnium,
604 4657 776 4726 inquit
811 4657 1116 4723 Apostolus,
1149 4663 1386 4712 maxime
1432 4666 1613 4711 autem

78 4721 291 4779 ﬁdelium.
326 4747 346 4779 ι
391 4731 480 4781 Au
535 4721 698 4792 porro
724 4743 791 4783 ex
820 4721 906 4781 his
945 4729 1197 4798 concludi
1255 4728 1426 4798 possit
1481 4727 1610 4798 Cle-

75 4804 268 4868 tuentem
289 4799 648 4853 existimasse
683 4799 927 4868 quaedam
960 4797 1265 4853 inﬁdelium
1303 4801 1443 4852 bona
1494 4797 1614 4866 qui-

74 4860 172 4937 dem
189 4881 297 4922 esse
341 4883 540 4937 opera,
575 4869 671 4922 sed
695 4860 756 4923 ea
787 4869 852 4921 ad
878 4869 1045 4922 vitam
1088 4880 1354 4923 aeternam
1391 4860 1614 4936 compa-

74 4936 591 5008 fattdamnec’utilia,
649 4955 751 4994 nec
797 4941 1157 5007 pertinentia,
1216 4940 1442 4993 aliorum
1489 4947 1609 4992 esto

69 5004 308 5079 judicium.
345 5011 404 5062 Si
433 5016 625 5062 autem
670 5026 782 5064 rem
797 5004 880 5062 ita
910 5024 969 5063 se
1007 5009 1207 5065 habere
1237 5008 1607 5079 pronuntient,

74 5073 549 5148 Itpbisedisserant,
581 5081 852 5146 quomodo
883 5080 984 5132 sibi
1014 5080 1114 5147 ipsi
1149 5073 1456 5134 constiterit
1486 5094 1617 5133 eru-

71 5138 336 5220 ditissimus
368 5138 569 5203 auctor
598 5138 800 5214 itoster,
830 5150 922 5218 qui
965 5138 1209 5220 cujusvis
1241 5148 1462 5220 gentilis
1517 5163 1610 5203 ac-

72 5218 234 5286 tionem
265 5231 500 5283 peccare
542 5220 684 5273 haud
727 5235 951 5289 prorsus
977 5218 1044 5274 se
1073 5218 1354 5290 ambigere
1375 5220 1611 5288 apertis-

69 5291 176 5336 sime
209 5290 335 5352 proli
345 5299 517 5343 tetur.

566 5357 959 5415 ARTICULUS
997 5359 1086 5417 IV.

69 5415 236 5478 Praeter
273 5429 436 5495 ﬁdem
476 5429 613 5482 bona
665 5446 820 5494 opera
853 5435 920 5483 ad
948 5415 1171 5488 salutem
1191 5428 1612 5503 consequendam

601 5516 708 5553 εδδε
727 5517 932 5554 ηεσεδδιι
941 5519 1041 5556 rm.

117 5561 356 5627 Quamvis
382 5569 643 5625 Clemens
681 5574 836 5623 ﬁdem
886 5583 1070 5640 tantae,
1110 5574 1188 5628 uti
1227 5574 1484 5639 vidimus,
1518 5585 1616 5625 ne-

121 5735 498 5820 ξηᾼμιειιξινξ.
543 5743 608 5804 Χ.
654 5745 935 5820 Ποίεοειίε
989 5746 1214 5820 Pelag,
1250 5765 1301 5802 c.
1357 5747 1865 5820 16,-ἑόι,ρ.,211-

1281 5837 1385 5874 out.
1421 5822 1456 5872 Ι.
1482 5817 1528 5883 ἶ,
1560 5835 1612 5888 p.
1675 5817 1800 5872 828.

1281 5892 1322 5923 ³⁸
1357 5891 1397 5944 1.
1429 5906 1502 5959 Vl,
1535 5909 1585 5960 p.
1620 5888 1745 5944 668.

64 5819 102 5883 p.
131 5812 240 5864 60!.
315 5813 339 5844 δ
368 5815 703 5881 2-‘2,qu:est.
742 5817 825 5881 10,
857 5830 958 5870 art.
994 5822 1046 5872 4.
1122 5812 1144 5852 ⁸
1184 5819 1385 5874 Strout.
1421 5822 1456 5872 Ι.
1479 5812 1528 5883 ἶ,

64 5875 77 5900 ¹
105 5885 281 5935 διτοιιι.
318 5884 356 5937 l.
391 5899 494 5950 vri,
599 5885 719 5940 719.
797 5875 822 5921 θ’
849 5889 884 5944 l.
917 5904 968 5955 v,
994 5907 1046 5960 p.
1075 5890 1201 5945 668.

1719 1916 1955 1967 struitur
1989 1916 2041 1967 in
2078 1917 2363 1970 veritatem
2393 1917 2600 1981 ﬁdei,et
2627 1919 2677 1971 in
2706 1919 2958 1972 laudibus
2991 1934 3294 1987 congrega—

1723 1995 1827 2047 tur,
1863 1997 2043 2038 mente
2070 1988 2284 2054 quidem
2319 2003 2471 2053 pura,
2502 1988 2644 2050 justa
2679 2001 2857 2040 autem
2894 1999 2948 2040 et
2977 2001 3124 2041 recta
3159 1995 3285 2044 vine

1724 2055 2064 2108 institutione
2091 2070 2156 2108 ex
2189 2062 2388 2110 sanctis
2437 2059 2713 2124 operibus,
2743 2069 2798 2112 et
2827 2057 2980 2124 justa
3020 2060 3291 2114 oratione.

1720 2124 1778 2190 ἐξ
1805 2123 1963 2198 ὁσίων
2009 2125 2203 2196 ἔργων,
2248 2128 2422 2198 ἀρχῆς
2453 2123 2511 2181 ca
2551 2126 2783 2191 δικαίας.
2819 2123 2840 2179 .
2887 2128 3088 2181 l’rteter
3136 2130 3292 2185 iidem

1724 2212 1851 2262 ergo
1875 2197 2124 2268 Ueniens
2153 2197 2444 2264 quemlibet
2481 2202 2544 2251 ad
2576 2201 2711 2250 bona
2743 2213 2906 2265 opera
2948 2201 3156 2268 agenda
3183 2201 3289 2255 0b-

1720 2267 1967 2336 strictum
1992 2267 2396 2336 obligatumque
2435 2284 2556 2320 esse
2588 2269 2840 2321 credidit.

1792 2335 1931 2401 Quid
1967 2352 2116 2398 vero,
2148 2337 2290 2404 quod
2313 2335 2634 2406 ipsantmet,
2671 2340 2740 2392 de
2767 2353 2874 2405 qua
2899 2337 3104 2406 agitur,
3131 2338 3290 2397 ﬁdem

1721 2404 1809 2456 ille
1838 2409 2099 2460 honorum
2142 2404 2365 2473 uperuni
2399 2407 2723 2461 eﬁ'ectricern
2772 2404 2892 2461 esse
2923 2404 3006 2463 his
3051 2410 3296 2465 declarat

1719 2476 1942 2530 verbis“
1980 2494 1994 2530 :
2031 2495 2058 2550 «_
2085 2475 2202 2530 Jam
2240 2493 2367 2530 vero
2398 2479 2549 2538 ﬁdes,
2587 2490 2639 2531 et
2667 2480 2709 2530 si
2735 2488 2818 2530 cst
2843 2479 3144 2531 voluntaria
3173 2482 3294 2535 ani-
3377 2548 3384 2550 ἒ

1723 2561 1821 2599 nnc
1849 2547 2119 2620 assensio,
2149 2556 2232 2600 est
2287 2559 2483 2620 tamen
2503 2550 2768 2620 honorum
2796 2551 3094 2616 operatrix,
3122 2561 3174 2604 et
3201 2552 3291 2620 ju-

1721 2625 1818 2669 sta:
1843 2618 2252 2671 fundamentum
2288 2618 2557 2671 actionis?
2595 2637 2614 2669 ι

1791 2685 1899 2739 Nec
1930 2694 2015 2740 est
2045 2687 2288 2756 profecto
2317 2688 2457 2756 quod
2491 2688 2858 2742 heterodoxus
2901 2687 3023 2756 quis
3060 2703 3292 2757 respon-

1719 2755 1849 2808 deat"
1869 2757 1999 2809 nihil
2033 2755 2087 2810 itt
2123 2755 2420 2812 Clementis
2453 2760 2622 2812 nostri
2682 2755 3290 2827 scriptis,frequentius

1718 2841 2031 2892 occurrere,
2085 2843 2245 2895 quam
2275 2827 2413 2880 bona
2444 2843 2608 2896 opera
2655 2829 2706 2880 itt
2742 2828 3039 2896 Scripturis
3091 2832 3296 2885 sanctis

1721 2898 2014 2967 uon_tttodo
2044 2899 2268 2962 cmtsuli,
2302 2913 2485 2967 verum
2522 2899 2687 2950 etiam
2726 2901 2978 2967 prtectpi;
3011 2898 3104 2952 scd
3132 2899 3294 2952 nulli-

1720 2966 1766 3015 hi
1807 2965 1951 3019 illuni
1998 2968 2202 3021 dixisse
2254 2966 2420 3019 ulluttt
2489 2965 2739 3036 unquam'
2774 2971 3046 3021 hominem
3103 2969 3292 3023 iisdem

1707 3036 1970 3101 operibus
2006 3038 2142 3097 suis,
2168 3037 2444 3090 autetiam
2474 3038 2578 3091 ﬁde
2612 3037 2695 3090 vel
2731 3050 3078 3106 peccatorum
3105 3042 3296 3092 remis-

1716 3107 1948 3172 sionem,
1987 3107 2069 3158 vel
2105 3109 2348 3161 divinam
2384 3107 2758 3175 adoptionem,
2790 3109 2871 3163 vel
2927 3110 3093 3162 vitam
3151 3109 3296 3162 salu-

1720 3186 1936 3244 temque
1961 3186 2217 3230 aeternam
2248 3179 2567 3244 promereri.
2625 3177 2781 3232 Hunc
2813 3181 3014 3231 etenim
3049 3194 3294 3234 errorem

1639 3223 1683 3282 Ο
1716 3223 2183 3301 (ίιῄέ-ιῦεἷιεῖοειθτ
2223 3223 2462 3300 funditus
2489 3223 2766 3303 evertit”.
2814 3247 2996 3317 Neque
3031 3249 3176 3304 cuitu
3206 3266 3299 3302 so-

1716 3317 1826 3388 lum
1859 3319 2144 3388 perspicue
2178 3319 2336 3371 docet
2367 3335 2386 3367 (
2425 3331 2519 3370 nos
2568 3320 2834 3372 bonorum
2883 3335 3109 3388 operum
3155 3321 3296 3388 reﬂe-

1714 3386 2297 3459 ctiotte,_dyaﬁoepviqt,
2341 3402 2406 3442 ac
2447 3388 2626 3459 divina
2678 3386 3093 3454 assimilatione,
3144 3387 3297 3454 θείας

1713 3455 2120 3527 ἐξομοιώσεως,
2151 3455 2229 3512 'ad
2254 3455 2539 3510 'a'tcrnam
2579 3457 2893 3512 felicitatem
2949 3461 3175 3513 subvehi
3202 3479 3216 3524 ;
3268 3480 3287 3514 ι

1715 3539 1808 3581 sed
1843 3530 2040 3581 ibidem
2069 3531 2263 3583 addit:
2302 3547 2318 3578 ι
2356 3529 2492 3581 Sunt
2541 3530 2660 3582 alia:
2689 3545 2854 3595 oves,
2904 3531 3081 3598 inquit
3113 3533 3298 3584 Domi-

1716 3613 1841 3660 nus,
1875 3614 1996 3666 qua:
2037 3615 2139 3653 non
2175 3612 2298 3652 sunt
2330 3615 2396 3650 ex
2428 3606 2527 3652 hoc
2561 3599 2712 3664 ovrli,
2750 3616 2871 3668 quae
2917 3603 3022 3654 alio
3053 3602 3182 3655 ovili
3239 3613 3298 3656 et

1719 3670 2000 3721 mansione
2027 3685 2122 3736 pro
2148 3671 2493 3739 proportione
2526 3671 2646 3722 lidei
2678 3684 2806 3723 sunt
2860 3671 3117 3737 dignate.
3165 3673 3296 3727 Mea:

1718 3749 1894 3791 autem
1923 3754 2058 3793 oves
2085 3756 2255 3792 meam
2286 3754 2468 3809 vocem
2498 3742 2748 3806 audiunt,
2779 3757 2808 3792 a
2840 3743 3146 3809 cognitione
3176 3759 3296 3797 mea

1718 3809 1976 3860 tnandata
2013 3810 2393 3880 intelligentes.
2421 3807 2535 3864 Hoc
2565 3821 2747 3865 autem
2806 3807 2932 3864 licet
2977 3812 3293 3880 magniﬁce,

1718 3889 1772 3930 et
1805 3894 1900 3947 pro
1933 3880 2195 3945 dignitate
2231 3882 2546 3948 meritisque
2600 3886 2849 3948 accipere
2882 3897 3003 3935 cum
3062 3898 3284 3950 'ipet‘um

1719 3953 2154 4004 remuneratione
2175 3962 2230 4004 et
2257 3959 2438 4020 mutua
2463 3953 2873 4018 consequentia.
2908 3963 3087 4018 Quare
3117 3968 3294 4020 Quatt-

1717 4021 1787 4072 do
1819 4019 2150 4074 audierimus
2182 4037 2196 4073 :
2238 4038 2256 4070 ι
2298 4019 2460 4075 Fides
2492 4033 2582 4075 tua
2611 4035 2662 4074 te
2690 4025 2895 4074 salvam
2947 4023 3096 4081 fecit.
3132 4019 3152 4074 ὁ
3191 4041 3297 4077 non

1719 4089 2016 4156 accipimus
2063 4103 2188 4144 eum
2243 4091 2425 4145 dicere
2456 4093 2701 4144 absolute
2732 4106 2827 4145 eos
2856 4091 3035 4146 salvos
3061 4093 3292 4159 futuros,

1718 4162 1808 4234 qui
1834 4161 2322 4226 quomodocunque
2355 4162 2710 4234 crediderint,
2744 4164 2847 4214 nisi
2884 4176 3048 4227 Opera
3081 4178 3297 4234 quoque

1718 4232 1922 4282 fuerint
1946 4241 2259 4284 consecuta.
2308 4249 2329 4282 ι
2373 4232 2509 4296 Quid
2535 4232 2599 4283 ad
2635 4232 3012 4285 haereticormu
3045 4232 3287 4287 errorem

1717 4302 2083 4353 damnandum
2118 4303 2200 4353 his
2230 4301 2526 4354 Clementis
2575 4302 2746 4354 nostri
2792 4301 2970 4354 verbis
3001 4304 3204 4358 clarius
3230 4314 3288 4358 et

1719 4369 2084 4424 luculentins?
2112 4369 2186 4424 lbi
2230 4373 2511 4424 enimvero
2559 4372 2916 4426 disertissime
2971 4375 3293 4439 pronuntiat

1716 4443 1923 4512 salvum
1967 4443 2081 4494 ﬁeri
2121 4441 2392 4512 hominem
2427 4441 2550 4506 lide,
2590 4453 2645 4495 et
2693 4441 2846 4494 bonis
2889 4442 3055 4494 etiam
3115 4447 3300 4512 operi-

1719 4511 1839 4576 hus,
1883 4525 2006 4578 qua).
2060 4512 2110 4565 in
2167 4511 2338 4565 altera
2397 4514 2505 4564 vita
2562 4513 2722 4565 simul
2779 4511 3295 4573 reuumerabuntur.

1648 4559 1690 4612 n
1720 4559 2240 4648 Qiaipr'tiptcrmalibi
2269 4597 2336 4636 ex
2370 4583 2617 4650 ipsismet
2668 4581 2943 4649 Evangelii
2992 4586 3176 4639 verbis
3200 4559 3297 4640 os:

1721 4655 1892 4704 tendit
1913 4652 1947 4681 ’⁸
1980 4654 2118 4719 apud
2149 4653 2435 4706 Dominum
2464 4665 2587 4706 esse
2627 4653 2942 4719 complures
2981 4658 3295 4712 mansiones

1717 4733 1774 4775 ct
1803 4721 2090 4794 praeclaras
2121 4725 2594 4777 rentunerationes
2622 4739 2720 4792 pro
2744 4723 3123 4794 cujuscunque
3139 4742 3288 4780 .me-

1717 4796 1926 4861 Πιιδνθι
1953 4793 2074 4845 vita:
2106 4795 2480 4861 proportione.

1785 4860 1867 4916 Ad
1899 4863 2012 4917 haec
2046 4860 2172 4916 vero
2203 4864 2538 4918 Clementem
2571 4863 2877 4918 audivimus
2927 4863 3086 4933 plane
3117 4875 3172 4918 et
3207 4865 3295 4918 di-

1712 4934 1890 4988 lucide
1927 4944 2336 4987 asscverantem
2378 4935 2518 4988 bona
2575 4950 2739 5002 opera
2787 4944 2909 5002 post
2973 4933 3131 5001 hujus
3169 4939 3294 4990 vita:

1717 5009 1878 5058 linem
1912 5003 2040 5056 nulli
2079 5006 2360 5072 prodesse,
2389 5005 2492 5058 uisi
2525 5006 2684 5058 ﬁdem
2715 5005 3051 5058 habuerit”.
3103 5003 3296 5059 Nonne

1716 5089 1896 5130 autem
1926 5074 2052 5127 inde
2085 5083 2238 5127 recte
2273 5075 2509 5128 infertur
2544 5077 2684 5128 bona
2722 5088 2888 5142 opera
2949 5076 3016 5129 iis
3062 5075 3296 5127 hornini-

1715 5148 1818 5201 bus
1845 5153 1968 5213 υο›ι
1999 5145 2156 5212 hujus
2180 5146 2302 5199 vita:
2336 5148 2497 5198 liuent
2527 5145 2826 5213 profutura,
2856 5144 2944 5212 qui
2979 5145 3141 5198 simul
3166 5159 3292 5198 cum

1715 5216 1873 5272 bonis
1909 5227 2163 5280 operibus
2193 5229 2318 5268 vera
2355 5217 2456 5269 ﬁde
2491 5225 2653 5269 erunt
2675 5217 2849 5268 ornati
2878 5231 2941 5268 ac
2971 5215 3226 5282 praediti?

1789 5284 1885 5338 llis
1917 5285 2143 5353 insuper
2188 5286 2445 5354 adjunge,
2475 5289 2520 5340 si
2557 5285 2713 5349 velis,
2750 5287 2891 5350 quod
2920 5287 2988 5337 ab
3017 5285 3131 5350 ipso
3163 5300 3301 5338 scri-

1715 5368 1868 5427 ptum
1912 5356 2151 5424 legitur:
2199 5372 2217 5405 ι
2256 5358 2373 5410 Urti
2427 5370 2640 5427 sumus,
2687 5363 2744 5406 ut
2791 5355 3114 5427 eligeremus
3173 5360 3306 5427 obe-

1720 5423 1837 5481 itire
1882 5423 2176 5490 mandatis,
2212 5428 2277 5479 ad
2307 5427 2410 5478 ltoc
2434 5438 2490 5478 ut
2525 5425 2785 5478 vellemus
2826 5439 2948 5477 esse
2974 5424 3180 5478 salvi...
3208 5423 3308 5476 Est

1718 5513 1850 5564 ergo
1880 5495 2116 5548 cilicium
2148 5498 2383 5549 hominis
2415 5496 2523 5548 Deo
2547 5508 2762 5564 parere,
2790 5496 2879 5561 qui
2901 5495 3047 5547 varia
3076 5509 3303 5548 annun-

1723 5562 1878 5621 tiaVit
1909 5582 2004 5634 per
2039 5567 2264 5621 salutem
2329 5579 2666 5634 praecepta...
2699 5562 2801 5628 Qui
2858 5579 2979 5618 cum
3037 5566 3126 5630 iis,
3160 5579 3304 5634 quas

1978 5747 1998 5778 ³
2032 5746 2127 5802 lib.
2161 5761 2238 5809 ιν,
2273 5746 2473 5801 contra
2507 5737 2714 5809 Julian.
2747 5733 2956 5809 Pelag.,
2986 5749 3033 5788 c.
3061 5734 3116 5801 5,
3148 5733 3297 5809 ᾗῌῗρὲ,

1891 5817 1912 5848 ⁸
1945 5815 2148 5870 Strom.
2178 5805 2318 5881 Ιίνι,
2352 5832 2404 5884 p.
2431 5809 2556 5864 695.
2633 5807 2652 5838 ⁷
2685 5807 2890 5884 Strotu.
2922 5808 2956 5862 l.
2993 5821 3068 5875 tv,
3099 5805 3298 5876 p.75“).

1825 5888 1866 5920 “
1893 5888 1930 5943 l.
1960 5903 2032 5951 tv,
2067 5903 2123 5955 p.
2157 5878 2313 5942 488(
2352 5878 2406 5916 ἰε
2441 5884 2478 5935 l.
2510 5895 2605 5945 Vit,
2635 5893 2691 5948 ρ.
2723 5878 2848 5931 ⁸110.
