3880 6536
515 436 659 496 ἱεὶοό

1185 444 1254 500 lN
1285 446 1703 505 CLEMENTEM
1734 450 1938 506 ALEX.
1979 440 2042 507 D.
2082 450 2169 505 LE
2206 452 2489 510 NOURRY
2524 456 2980 514 DlSSEBTATlO
3018 455 3081 516 ll.

3628 467 3754 523 1311c

514 559 1421 653 53931?ngasﬁefif‘jvﬁigiv
1454 569 1886 653 illamnonmiiibus
1931 571 2087 626 disci-
2124 572 2168 628 Α
2197 588 2316 640 quae
2344 576 2802 653 magisuniverse
2826 588 2886 653 et
2912 580 3197 653 magniﬁce
3229 595 3259 634 a
3294 581 3528 638 Domino
3549 623 3570 646 ,
3599 600 3753 653 qum

514 629 680 713 piinis
699 642 991 713 praesum,
1006 632 1111 713 sed
1138 629 1405 713 acquisita
1437 654 1556 694 esse
1579 640 1971 713 difﬁcillimam,
1997 657 2095 695 nec

518 700 636 776 sine
666 700 854 776 labore
881 703 1054 757 multo
1085 700 1392 776 comparari
1442 724 1622 776 posse.
1658 712 1764 765 Sed
1797 712 1910 764 haec
1937 700 1969 762 a
2001 728 2096 765 no-

519 772 601 825 bis
647 770 868 849 uberius
903 782 960 826 et
1000 770 1355 849 enucieatius
1390 770 1728 843 discutienda
1762 793 1909 844 sunt,
1939 791 2092 849 post-

515 855 695 920 quam_
721 841 900 920 obiter
935 843 1490 920 animadverterimus
1519 842 1706 904 vocem
1738 841 1954 920 γνῶσὶξ
1997 851 2093 904 ali-

515 912 732 987 quando
761 926 788 963 a
808 911 1084 987 Clemente
1110 914 1273 968 etiam
1299 931 1394 984 pro
1422 918 1510 973 Dei
1537 911 1808 987 intuitiva,
1833 933 1891 975 ut
1916 911 2088 986 aiunt,

516 981 728 1035 visione
753 988 807 1034 et
837 979 1100 1037 felicitate
1127 979 1328 1038 aeterna
1380 990 1551 1058 accipi
1583 990 1651 1045 θ’.

940 1081 1103 1151 212
1154 1078 1548 1135 ARTICULUS
1588 1081 1649 1134 ll.

588 1170 721 1235 ρυω
760 1175 828 1227 sit
864 1178 1088 1245 gnoslici
1130 1177 1199 1230 ad
1235 1192 1539 1259 supremum
1570 1174 1778 1229 virtutis
1818 1176 2016 1245 apicem

1134 1263 1454 1318 progressio.

584 1335 846 1409 Oiiamgis
874 1335 1127 1409 Clemens
1155 1337 1386 1409 gnostiei
1418 1347 1471 1409 et
1499 1338 1688 1409 gnosis
1721 1337 1937 1409 nomine
1969 1352 2088 1405 per.

514 1406 713 1459 fectum
755 1404 1126 1462 Christianum
1158 1404 1232 1462 'ac
1274 1409 1399 1462 vita:
1437 1404 1761 1462 Christianae
1791 1404 2085 1475 perfectio-

516 1490 638 1547 nem
690 1476 989 1547 signiﬁcari
1047 1480 1284 1547 saepius,
1331 1479 1409 1532 uti
1464 1478 1746 1537 vidimus,
1800 1478 2082 1542 docuerit,

512 1546 697 1599 varios
733 1546 1082 1607 nihilominus
1114 1546 1355 1603 Ostendit
1386 1563 1506 1603 esse
1533 1547 1762 1616 gnostici
1799 1548 1850 1600 iii
1882 1547 2085 1603 virtute

513 1630 830 1687 progressus
855 1621 1117 1687 variaque
1146 1617 1495 1686 Perfectionis
1529 1632 1749 1686 genera.
1789 1617 1893 1672 Sed
1921 1618 2045 1684 quia
2066 1659 2081 1679 ,

516 1696 574 1739 ιιι
608 1688 723 1755 ipse
752 1685 991 1755 loquitur
1020 1685 1087 1753 ",
1120 1685 1322 1742 «nobis
1348 1685 1564 1756 quidem
1591 1726 1607 1749 ,
1637 1703 1800 1755 quam
1836 1688 1951 1740 ﬁeri
1980 1702 2080 1754 po-

514 1766 621 1827 test
656 1758 927 1827 maxime,
958 1760 1116 1827 prius
1144 1759 1295 1812 varie
1321 1756 1623 1811 exercenda
1651 1768 1734 1811 est
1764 1757 1947 1811 anima
1969 1796 1985 1815 .
2022 1768 2080 1811 ut

510 1826 582 1898 ad
621 1826 1024 1898 suscipiendam
1065 1829 1431 1898 cognitionem
1471 1830 1542 1881 sit
1577 1828 1828 1895 expedita
1861 1837 1915 1886 et
1940 1827 2080 1898 faei-

509 1894 915 1978 “8:1.ldCiTCO
965 1894 1159 1979 monet
1205 1900 1450 1979 quaedam
1498 1894 2077 1979 esseOZexercilaliouis
2106 1925 2148 1979 Β

508 1967 775 2041 gnosticae
792 1963 1884 2041 irpoyopvdapaca”,prmexereitainenta
1908 2006 1922 2029 ,
1941 1981 2073 2029 qua-

507 2035 582 2091 lia
622 2035 850 2091 suntea'
878 2035 1032 2107 quae,
1090 2035 1226 2094 teste
1255 2035 1549 2107 Apostolo,
1599 2037 1652 2091 in
1701 2037 1918 2107 homine
1960 2051 2075 2106 pte-

509 2108 801 2161 iiitentiam
832 2106 1210 2176 peCcatorum,
1240 2106 1481 2163 studium
1502 2150 1517 2170 ,
1545 2106 1914 2161 defensionem
1935 2148 1953 2174 ,
1993 2109 2074 2160 iii-

507 2176 880 2247 dignationem
901 2221 916 2243 ,
952 2178 1200 2233 timorem
1227 2218 1242 2241 ,
1272 2177 1638 2247 desiderium,
1670 2177 2070 2232 aemulationem

507 2255 564 2301 et
594 2247 887 2317 vindictam
921 2256 1215 2317 procreant
1244 2259 1296 2303 et
1325 2246 1583 2302 efﬁciunt.

581 2316 754 2384 Quam
794 2316 933 2374 varii
973 2327 1152 2374 autem
1195 2318 1308 2373 sint
1343 2318 1573 2388 gnostici
1608 2332 1962 2388 progressus.
1998 2318 2070 2375 ita

506 2386 626 2456 ipse
664 2388 917 2445 Clemens
959 2400 1144 2444 noster
1178 2389 1329 2443 nobis
1354 2386 1621 2457 explicat.
1658 2386 1810 2443 Basis
1847 2404 2069 2453 eorum,

505 2460 663 2512 sicuti
704 2457 795 2513 ille
836 2462 912 2515 ait
950 2458 1018 2524 ",
1058 2467 1141 2515 est
1180 2475 1209 2512 a
1252 2457 1407 2511 malis
1454 2457 1809 2512 abstinentia.
1871 2458 2073 2514 Deinde

506 2531 787 2597 guostieus
834 2530 966 2585 nihil
1011 2531 1137 2585 boni
1171 2528 1333 2590 facit,
1369 2541 1546 2598 neque
1581 2538 1801 2598 propter
1828 2539 2027 2582 metum
2056 2568 2070 2593 ,

508 2612 684 2670 neque
714 2611 944 2670 propter
975 2601 1200 2655 honoris
1235 2614 1382 2670 spem
1414 2615 1429 2662 ;
1463 2597 1821 2670 snlaiautemi,
1857 2615 1977 2669 quae
2002 2600 2074 2654 ob

486 2667 835 2725 charitaiem—
853 2671 912 2725 ﬁt
934 2669 1311 2733 beneﬁcentia,
1338 2674 1561 2737 propter
1581 2669 1757 2737 ipsum
1783 2667 2071 2725 honestum

503 2737 573 2793 ab
586 2740 699 2811 _illo
730 2744 1035 2811 expetenda
1067 2751 1169 2796 est.

574 2809 717 2884 Cave
745 2809 925 2866 autem
959 2826 1027 2884 ne
1059 2821 1219 2884 putes
1253 2809 1685 2884 ista._C!emen_tis
1716 2809 1878 2864 verba
1900 2851 1914 2868 .
1937 2829 1956 2862 ι
1977 2825 2073 2881 spe

501 2883 758 2950 promissi
791 2881 1086 2945 bonoris,i
1118 2886 1186 2938 de
1212 2881 1402 2936 aeterni
1438 2882 1682 2950 honoris,
1715 2894 1811 2934 seu
1854 2889 2072 2937 auertite

502 2948 776 3007 lelieitatis
807 2967 904 3022 spe
932 2966 1058 3008 esse
1093 2952 1474 3020 intelligenda.
1514 2948 1649 3022 l‘tam
1686 2950 1885 3004 ibidem
1919 2952 2073 3005 addi-

500 3024 581 3076 dit
603 3021 933 3091 gnosticum,
967 3034 1255 3092 postquam
1284 3024 1350 3075 ad
1380 3021 1724 3078 charitatem.
1761 3037 1866 3089 qua
1901 3022 2071 3093 ipsius

503 3104 729 3161 propter
758 3108 816 3148 se
842 3093 967 3148 boni
995 3095 1268 3150 desiderio
1291 3098 1520 3161 tenetu_r,
1552 3093 1880 3159 pervenerit,
1908 3102 2072 3146 aeter-

503 3158 628 3234 nam
656 3163 1034 3234 litereditatem
1055 3163 1333 3234 postulare
1355 3183 1389 3234 7:4
1410 3181 1429 3213 ι
1455 3158 1573 3234 1am
1600 3176 1732 3234 vero
1753 3175 1819 3234 ex
1841 3176 2071 3230 persona

503 3230 601 3323 Rei
621 3274 637 3297 ,
663 3251 684 3286 ι
703 3231 1001 3323 Clementis.
1016 3230 1330 3323 verba-sunt
1348 3232 1419 3300 θ’,
1444 3250 1471 3323 GL
1491 3230 1720 3323 Domino
1741 3230 1942 3323 dictum
1966 3243 2067 3323 est:
2098 3263 2142 3323 ο

506 3299 631 3375 fere
649 3321 687 3375 κη
713 3321 812 3369 me,
834 3312 884 3357 et
911 3304 1049 3359 dabo
1105 3306 1196 3358 tibi
1223 3314 1397 3375 gentes
1440 3301 1801 3375 Itwreditritem
1848 3310 1992 3375 tuum
2024 3304 2063 3359 ³.

500 3370 697 3446 l’etilio
727 3377 960 3429 maxime
986 3374 1164 3446 regia,
1195 3370 1315 3444 qua:
1343 3373 1503 3446 docet
1534 3372 1808 3446 hominem
1837 3371 2063 3428 salutem

501 3444 608 3510 peti
646 3444 765 3498 sine
804 3442 1094 3511 mercede‘,
1133 3456 1192 3500 ut
1215 3442 1324 3498 nos
1358 3444 1528 3498 simus
1567 3442 1811 3496 hzeredes
1845 3451 1903 3498 et
1934 3458 2065 3512 pos-

496 3514 776 3569 sideamus
810 3513 1121 3570 Dominum.
1149 3536 1169 3570 ι

569 3583 799 3640 Eosdem
834 3585 1067 3652 gnostici
1093 3602 1187 3641 seu
1218 3583 1446 3655 perfecti
1477 3581 1773 3655 Christiani
1807 3596 2064 3653 progres-

495 3669 588 3725 sus
630 3655 795 3722 paulo
837 3651 960 3724 post
992 3655 1108 3725 ipse
1141 3651 1329 3711 rursus
1361 3657 1583 3707 enarrat
1612 3654 1657 3725 '.
1689 3651 1873 3707 Primo
1910 3651 2057 3709 enim

494 3724 611 3777 vult
660 3725 880 3790 quidem
928 3724 1343 3783 beneﬁcentiam
1401 3724 1655 3793 praemitti
1684 3725 1853 3788 ,.sed
1888 3743 1907 3775 i
1943 3739 2053 3778 non

494 3794 999 3864 pi'opterjliquem
1046 3813 1201 3851 usum
1250 3810 1471 3855 eorum,
1516 3808 1636 3862 quae
1683 3797 1747 3848 ad
1793 3808 1853 3846 se
1899 3797 2065 3862 perti-

496 3873 653 3937 nent.
682 3882 705 3919 ι
726 3863 871 3935 ‘Tum
902 3881 1031 3920 vero
1064 3867 1369 3937 gnosticus,
1396 3866 1473 3919 ait
1500 3866 1775 3937 Clemens,
1795 3864 1922 3932 quid
1947 3866 2065 3932 pul~

493 3935 687 3989 chrum
747 3935 1146 4004 honestumque
1196 3940 1266 3992 sit
1318 3936 1561 4004 judicat,
1620 3935 1784 4002 idque
1843 3948 2063 4003 semper

491 4005 635 4081 agit,
669 4021 845 4071 neque
874 4006 961 4059 διὰ
991 4007 1176 4081 δόξᾳὶν,
1197 4007 1344 4081 ἠ,ὠς
1368 4006 1530 4076 φασὶν
1555 4005 1908 4081 9ἱῃφιλόσοςρᾳξ
1927 4046 1942 4069 ,
1968 4006 2065 4077 τὴν

492 4075 765 4143 εὔκλειαν,
786 4095 806 4130 i
817 4085 1036 4147 propter
1051 4075 1301 4148 gloriam,
1318 4075 1431 4144 aut,
1447 4076 1829 4148 utphilosoplii
1851 4077 2011 4130 dicun
2023 4075 2061 4137 l,

489 4147 652 4202 fama:
689 4160 782 4202 aut
820 4146 1471 4205 iiomitiiscelebritateiii
1500 4146 1544 4212 ³,
1570 4167 1589 4200 ι
1619 4163 1796 4218 neque
1844 4156 2065 4216 propter

492 4220 830 4285 mercedem,
882 4228 978 4273 aut
1024 4221 1095 4275 ab
1135 4221 1483 4286 hominibus,
1531 4228 1627 4272 aut
1668 4235 1698 4271 a
1746 4220 1889 4280 Deo,
1945 4219 2060 4271 εἴτε

491 4286 645 4361 παρὰ
676 4288 1015 4361 ἀνθρώπων,
1047 4290 1157 4344 εἴτε
1198 4291 1263 4344 ὲκ
1304 4288 1452 4355 θεοῦ,
1487 4289 1856 4361 accipiendam
1872 4326 1898 4361 ,Α
1934 4297 2061 4357 puta

494 4358 548 4410 in
586 4359 691 4412 hoc
726 4358 930 4414 mundo
958 4374 973 4423 ;
1006 4371 1263 4415 aeternam
1300 4361 1603 4426 siquidem,
1657 4362 1734 4412 uti
1792 4358 2061 4422 diximus,

492 4442 522 4479 a
555 4426 667 4481 Deo
695 4442 912 4497 semper
942 4429 1174 4498 ﬂagitat.
1209 4425 1448 4497 Denique
1475 4430 1518 4482 si
1548 4428 1746 4497 injuria
1774 4425 2063 4493 afﬁciatur,

491 4511 598 4550 non
631 4512 728 4569 par
750 4499 869 4569 pari
911 4500 1100 4564 refert,
1132 4501 1224 4555 sed
1253 4501 1389 4553 citra
1402 4498 1565 4551 ullam
1590 4507 1823 4569 accepta:
1851 4500 2064 4566 injuria:

494 4568 1311 4665 recordationiein.,ergajustos
1334 4579 1389 4624 et
1421 4569 1652 4637 injustos
1676 4568 1854 4636 justus
1886 4579 1940 4623 et
1967 4570 2061 4624 bo-
2094 4610 2140 4665 Β

491 4651 594 4691 nus
620 4651 838 4707 semper
870 4647 945 4692 est
958 4677 973 4693 .

566 4706 689 4761 Alio
721 4708 901 4761 adhuc
937 4709 988 4761 in
1023 4707 1164 4762 libro
1198 4719 1392 4762 auctor
1424 4715 1607 4761 noster
1633 4707 1946 4776 singillatim
1981 4724 2064 4763 re—

489 4788 676 4831 censet
706 4776 728 4808 ι
754 4779 1024 4845 quomodo
1043 4779 1319 4847 guostieus
1349 4777 1674 4847 pedetentim
1706 4789 1759 4831 et
1790 4781 2059 4847 gradatim

491 4847 778 4913 proﬁciat,
808 4858 863 4900 et
894 4848 960 4903 ad
1006 4864 1278 4902 summum
1343 4848 1606 4902 ascendat
1652 4862 1822 4916 usque
1874 4849 2057 4915 perfe-

492 4917 698 4988 ctionis
727 4918 1067 4988 apicein.Ab
1101 4934 1284 4973 rerum
1317 4928 1620 4988 creataruin
1657 4919 1951 4986 agnitione,
1973 4920 2054 4972 in-

489 4988 606 5055 quit
648 4986 939 5058 Clemens,
984 4989 1262 5058 gnosticus
1300 4988 1389 5042 ille
1430 4987 1637 5055 incipit.
1689 4988 1786 5041 Ubi
1824 5003 1953 5043 vero
1987 4992 2054 5044 de

490 5058 602 5112 Deo
631 5057 854 5127 ejusque
880 5057 1220 5128 providentia
1252 5057 1452 5127 aliquid
1478 5060 1667 5112 audire
1695 5061 1861 5128 cmpit
1884 5099 1898 5122 ,
1926 5068 2053 5115 tunc

486 5141 554 5198 ea
589 5142 717 5184 vera
749 5144 871 5184 esse
904 5130 1117 5194 credit,
1154 5143 1276 5198 qua:
1310 5129 1461 5198 prius
1490 5130 1786 5183 admiratus
1814 5138 1918 5183 est.
1952 5130 2049 5184 De-

489 5197 618 5253 hinc
650 5200 777 5255 totis
809 5199 1017 5255 viribus
1033 5197 1281 5264 enititur,
1312 5197 1373 5253 ut
1400 5214 1627 5267 quorum
1662 5200 1936 5254 desiderio
1952 5198 2054 5251 ﬂa-

486 5276 641 5347 grat,
689 5282 881 5325 eorum
923 5271 1098 5347 possit
1137 5271 1419 5347 percipere
1439 5270 1855 5347 fogiiitionem,
1888 5281 2053 5347 atque

490 5336 564 5408 ita
596 5336 657 5392 ﬁt
686 5336 1153 5408 contemplatione
1185 5336 1402 5408 dignus.
1438 5336 1575 5393 Tum
1610 5339 1803 5394 deinde
1833 5336 2053 5408 cognita

488 5405 584 5461 Dei
617 5405 925 5475 voluntate,
956 5422 1148 5463 omnes
1172 5405 1457 5464 contendit
1482 5410 1683 5478 ingenii
1708 5410 1792 5463 sui
1822 5405 2052 5472 nervos,

489 5487 642 5549 utea
677 5493 798 5549 quia
824 5480 1125 5547 Scripturae
1153 5493 1326 5533 saera:
1353 5480 1537 5532 verbis
1562 5479 1941 5547 signiﬁcantur
1971 5481 2055 5532 iii-

489 5547 718 5617 telligat'.
746 5548 987 5603 Subinde
1011 5564 1141 5603 vero
1165 5549 1357 5603 scienti
1370 5550 1466 5601 ﬁca
1490 5550 1801 5618 cognitione
1825 5564 1884 5603 se
1905 5564 2057 5603 exer-

485 5627 615 5684 cet,
646 5634 752 5689 qua
787 5634 849 5674 ea
888 5629 1170 5691 perspecta
1201 5628 1257 5672 et
1287 5621 1568 5688 explorata
1605 5620 1806 5672 habere
1837 5621 2011 5689 possit
2036 5658 2055 5687 ,

557 5777 604 5811 "
635 5776 839 5833 Strom.
872 5779 909 5833 1.
940 5795 1015 5845 vi,
1044 5794 1098 5847 p.
1128 5778 1268 5847 665;
1299 5778 1334 5833 Ι.
1365 5793 1442 5843 tv,
1475 5795 1526 5848 p.
1556 5778 1686 5846 529;
1718 5781 1755 5834 l.
1784 5797 1879 5849 vn,
1922 5800 1971 5852 p.
2004 5785 2068 5839 70

561 5849 666 5903 528
761 5850 978 5923 f'hibid.
1058 5852 1074 5881 ί
1103 5849 1263 5923 _l’s_al.
1304 5866 1339 5923 ii
1365 5888 1381 5914 ,
1414 5853 1467 5905 8.
1521 5851 1541 5881 '
1583 5853 1678 5904 lib.
1712 5867 1763 5904 iv
1789 5892 1805 5919 ,
1835 5870 1886 5922 ι».
1918 5856 2043 5909 5‘29.

2229 5784 2275 5817 ’⁸
2318 5783 2415 5839 lib.
2449 5799 2527 5838 vn
2554 5824 2570 5849 ,
2603 5800 2657 5854 p.
2694 5778 2820 5836 740.
2897 5781 2942 5815 ⁸⁷
2983 5780 3078 5836 lib.
3113 5797 3123 5834 ι

2181 5852 2327 5910 ibid.‘
2392 5855 2415 5887 ⁵
2450 5855 2543 5909 lib.
2580 5871 2651 5910 vn
2674 5893 2689 5919 ,
2724 5867 2774 5921 ρ.
2811 5852 2914 5907 754
2942 5863 2995 5908 et
3024 5867 3123 5923 seq

485 5860 539 5919 p.
561 5849 666 5903 528

484 5932 541 5976 et
568 5934 684 5989 seq.

763 5850 978 5922 f'hibid.
1058 5852 1074 5881 ί
1104 5849 1263 5922 γΡδᾼεΙ.
1304 5866 1339 5922 ti
1365 5888 1381 5914 ,
1414 5853 1467 5905 8.
1521 5851 1541 5881 ’
1583 5853 1678 5904 lib.
1712 5867 1763 5904 iv
1789 5892 1805 5919 ,
1835 5870 1886 5922 ρ.
1918 5849 2043 5909 5'29.

757 5919 779 5952 ⁸
819 5919 975 5986 ibid.,
1007 5937 1061 5991 p.
1101 5920 1226 5975 732.
1304 5920 1323 5951 ⁷
1364 5923 1400 5974 l.
1432 5938 1501 5987 ii,
1535 5935 1591 5991 p:
1620 5923 1746 5977 382.

2196 658 2415 717 car_nem
2448 647 2685 701 induisse
2716 651 2899 717 novit,
2935 647 3078 706 dicta
3110 660 3255 705 sunt.

2193 781 2208 796 υ
2266 714 2415 796 Tunc
2465 728 2661 796 autem_
2694 720 2782 773 ubi
2825 714 2943 796 hanc
2983 732 3267 796 assecutus
3285 729 3428 796 est,
3482 738 3752 793 nunquam

2188 785 2486 867 jucundum
2520 788 2736 867 praefert
2770 790 2886 867 utili
2915 803 2932 843 :
2964 791 3057 867 sed
3089 792 3134 845 si
3166 792 3423 850 morbus.
3451 802 3553 867 aut
3583 785 3753 867 casus.

2193 864 2293 929 aut
2337 858 2450 925 ipsa
2482 858 2648 929 etiam
2673 873 2831 929 mors
2864 860 3181 923 immineat,
3216 870 3395 913 manet
3450 862 3753 929 impavidus

2191 932 2247 1003 et
2280 924 2558 1003 immotus.
2587 925 2768 1003 Rebus
2795 944 2958 1003 porro
2971 931 3182 1003 creatis
3202 970 3218 994 ,
3247 941 3409 1003 prout
3437 924 3596 1003 recta
3628 937 3753 988 ratio

2191 994 2512 1069 dictaverit,
2556 994 2807 1069 utendop
2838 1000 2904 1053 de
2948 1000 3015 1054 iis
3058 994 3304 1055 Creatori
3362 1002 3583 1068 gratias
3613 1006 3747 1069 agit,

2190 1073 2353 1143 atque
2391 1065 2498 1143 illis
2542 1068 2938 1143 utendi_plane
2974 1069 3240 1143 dominus
3280 1065 3387 1143 est.
3437 1070 3546 1143 _Ab_
3578 1065 3753 1139 aliquo

2184 1134 2403 1189 etiamsi
2439 1136 2712 1190 immerito
2745 1136 2900 1192 laesus
2923 1179 2938 1202 ,
2974 1139 3132 1192 illata:
3167 1149 3345 1193 tamen
3376 1140 3603 1207 injuria:
3629 1134 3751 1194 nitn-

2189 1216 2354 1270 quatn
2387 1220 2619 1278 memor,
2648 1207 2780 1260 colit
2808 1208 3163 1275 Creatorem,
3196 1211 3516 1278 proximum
3552 1212 3748 1276 diligit,

2188 1286 2382 1344 aerpro
2417 1274 2508 1328 illo
2544 1276 2708 1329 Deuni
2747 1288 3019 1344 precatur.
3080 1274 3155 1332 In
3185 1274 3592 1333 afﬂictionibus
3632 1274 3751 1334 vero

2188 1341 2421 1422 aliisque
2448 1341 2942 1422 adversiscasibus
2965 1386 2982 1409 ,
3012 1358 3175 1417 atque
3206 1349 3538 1422 anitniisive
3568 1350 3747 1404 volun-

2188 1413 2376 1492 tariis,
2415 1414 2532 1492 sive
2578 1417 2960 1470 involuutariis
3005 1427 3060 1492 et
3088 1413 3432 1492 necessariis
3473 1422 3748 1492 perturba.

2188 1483 2424 1558 iionihus
2447 1524 2461 1545 .
2494 1483 2567 1537 ita
2596 1501 2813 1558 semper
2838 1501 2896 1558 se
2921 1488 3076 1558 gerit
3096 1527 3109 1545 .
3157 1496 3237 1558 uti
3260 1483 3510 1542 animam
3546 1491 3751 1558 penitus

2185 1550 2407 1605 illtesam
2441 1550 2748 1626 conservet.
2787 1556 2843 1608 In
2879 1550 2963 1610 liii
3003 1557 3406 1626 itaqueﬁrmus
3452 1570 3515 1611 et
3546 1550 3747 1615 stabilis

2182 1634 2574 1695 perseverans,
2610 1624 2746 1679 bona
2790 1634 2842 1679 et
2878 1624 3106 1680 honesta
3146 1643 3251 1680 non
3295 1629 3488 1681 solum
3539 1628 3747 1695 laudat,

2183 1691 2275 1766 sed
2312 1692 2427 1766 ipse
2457 1694 2633 1766 etiam
2656 1695 2827 1749 bonus
2880 1707 2934 1749 et
2983 1697 3240 1750 honestus
3270 1713 3337 1750 ex
3369 1713 3543 1752 servo
3577 1698 3633 1750 lit
3662 1691 3747 1766 per

2181 1761 2505 1835 cliaritatem
2542 1763 2637 1817 Dei
2671 1767 2901 1819 amicus.
2938 1767 3030 1821 Sic
3062 1766 3151 1819 ille
3182 1768 3250 1820 ad
3271 1783 3560 1821 summum
3582 1761 3746 1835 perfe-

2179 1830 2384 1904 ctionis
2410 1832 2616 1904 apicem
2647 1835 2924 1900 evehitur,
2955 1852 3020 1889 ac
3049 1837 3150 1890 sibi
3180 1838 3376 1904 positis
3406 1848 3546 1891 ante
3572 1830 3747 1890 oculos

2179 1901 2614 1976 patriarcharum
2634 1945 2651 1969 ,
2680 1904 3101 1976 prophetarum,
3129 1901 3447 1976 angelorum
3479 1918 3542 1961 et
3570 1909 3747 1976 ipsiusv

2177 1980 2289 2024 met
2313 1971 2530 2026 Domini
2559 1971 2819 2041 exemplis
2837 2015 2853 2039 ,
2878 1975 3062 2029 omnia
3088 1971 3274 2029 mundi
3307 1978 3457 2029 bona
3480 2018 3498 2040 ,
3532 1971 3738 2033 tametsi

2181 2041 2285 2108 ipsi
2331 2042 2440 2095 sint
2470 2045 2536 2096 ad
2573 2060 2787 2098 manum
2811 2084 2827 2108 ,
2864 2061 2967 2099 non
3001 2043 3209 2115 diligit,
3242 2050 3339 2101 sed
3382 2063 3449 2100 ea
3502 2063 3626 2115 quae
3667 2049 3742 2098 fu-

2179 2120 2296 2185 tura
2336 2116 2786 2185 essecoguovit,
2821 2127 3020 2169 aterna
3071 2125 3273 2185 sperat.
3324 2117 3583 2179 Denique
3624 2119 3743 2171 lunt

2177 2181 2245 2234 ob
2278 2197 2427 2250 spem
2463 2181 2708 2250 labores,
2753 2199 3064 2248 aerumnas,
3101 2181 3384 2254 'supplicia
3431 2199 3743 2241 constanter

2177 2254 2433 2324 sustinet,
2466 2263 2520 2306 et
2551 2269 2615 2308 ea
2650 2258 2997 2323 quantumvis
3032 2256 3213 2324 gravia
3252 2268 3305 2309 et
3331 2258 3598 2321 molesta,
3617 2260 3744 2311 sicut

2176 2330 2230 2374 et
2259 2322 2362 2394 alia
2387 2365 2402 2389 ,
2437 2339 2558 2392 qua:
2590 2322 2744 2393 grata
2793 2335 2846 2379 et
2884 2322 3121 2394 jucunda
3169 2336 3317 2393 sunt,
3352 2330 3599 2382 omnino
3627 2344 3742 2381 con-

2162 2392 2370 2447 itemnit
2403 2404 2458 2448 et
2488 2392 2830 2463 aspernatur.

2135 2407 2176 2527 ἑ
2248 2460 2517 2517 Cancrum
2537 2505 2553 2527 ,
2583 2465 2795 2518 etiamsi

2248 2460 2795 2537 Caztcruiu,"etiains_i
2832 2464 3084 2537 Clemens
3136 2464 3446 2537 gnosticiim
3502 2466 3577 2519 ad
3624 2465 3740 2518 illud

2176 2546 2404 2604 summa:
2451 2533 2807 2604 perfectionis
2857 2533 3487 2604 fastigiiim'ascendere
3536 2538 3737 2601 dixerit,

2185 2602 2310 2671 ipse
2330 2603 2686 2658 nihilominus
2725 2605 2930 2660 diserte
2969 2602 3286 2674 pronuntiat
3318 2606 3477 2660 illius
3514 2608 3739 2659 animata

2175 2687 2270 2741 per
2303 2682 2475 2727 totum
2504 2674 2750 2729 mortalis
2779 2675 2937 2743 hujus
2967 2677 3087 2731 vita:
3115 2676 3452 2731 curriculum
3487 2679 3738 2745 quosdam

2174 2757 2391 2816 semper
2449 2760 2772 2816 progressus
2824 2747 3004 2801 facere
3056 2746 3468 2816 virtutibusque
3523 2748 3736 2813 augeri,

2175 2811 2349 2867 donec
2391 2811 2656 2868 aeternam
2704 2815 2759 2868 in
2801 2816 2971 2871 altera
3014 2818 3126 2871 vita
3167 2811 3495 2871 felicitatem
3554 2811 3736 2870 conse-

2172 2891 2407 2956 quatur;
2439 2901 2458 2935 ι
2487 2886 2682 2939 Anima
2707 2926 2723 2951 ,
2760 2888 2935 2956 inquit
2960 2887 3005 2952 ⁸,
3038 2903 3160 2956 qua:
3189 2887 3410 2941 assidue
3437 2886 3503 2956 fit
3540 2886 3736 2946 melior,

2174 2955 2242 3007 ad
2273 2956 2660 3026 acquirendam
2688 2953 2979 3020 virtutem,
3003 2953 3381 3026 et'paraudam
3410 2953 3736 3024 augendam.

2173 3036 2279 3090 que
2304 3023 2574 3094 justitiam
2595 3066 2614 3093 ,
2646 3027 2922 3081 meliorem
2956 3023 3130 3082 locum
3162 3028 3401 3095 accipiet
3435 3023 3510 3079 in,
3533 3028 3734 3080 univer-

2175 3107 2234 3146 so
2261 3109 2275 3147 :
2312 3105 2370 3148 ut
2399 3111 2518 3164 qum
2544 3112 2640 3164 per
2671 3111 3107 3166 unumquemque
3136 3096 3440 3166 profectum
3471 3110 3545 3150 ex
3558 3096 3732 3152 tenda-

2175 3172 2266 3236 tur
2306 3167 2381 3236 ad
2432 3167 2675 3220 habitum
2720 3168 3176 3236 iitipatibilitalis,
3220 3168 3402 3221 donec
3446 3166 3735 3236 profecerit

2173 3233 2447 3306 adivirum
2484 3233 2825 3304 perfectum,
2867 3252 3060 3306 nempe
3101 3241 3167 3291 ad
3211 3233 3555 3305 cognitioiiis
3592 3235 3734 3289 siiuul

2174 3310 2229 3357 et
2258 3305 2593 3360 hereditatis
2621 3305 3024 3362 excellentiam.
3055 3307 3337 3362 Salutares
3378 3308 3466 3362 liae
3510 3321 3728 3361 conver-

2171 3372 2356 3429 siones
2386 3391 2483 3445 pro
2508 3376 2698 3432 ordine
2731 3377 3054 3433 mutationis
3088 3378 3409 3445 dividuntur
3442 3387 3504 3431 et
3540 3389 3732 3444 tenipo-

2172 3444 2354 3515 ribus,
2382 3433 2435 3500 et
2466 3445 2600 3501 locis
2621 3487 2636 3511 ,
2679 3460 2734 3504 et
2762 3449 3088 3511 honoribus,
3118 3458 3170 3500 et
3195 3433 3660 3515 'cOgnitiouibus,
3687 3454 3735 3499 et

2171 3513 2615 3586 litereditatibus,
2653 3527 2709 3571 et
2756 3519 3078 3573 ministeriis
3123 3513 3301 3586 usque
3337 3519 3410 3570 ad
3465 3528 3731 3571 transcen-

2169 3584 2386 3639 dentem
2418 3590 2846 3658 continuamque
2876 3591 2928 3643 in
2967 3584 3269 3641 aeternitate
3314 3587 3731 3658 contemplatio-

2170 3667 2290 3726 nem
2341 3658 2574 3710 Domini.
2601 3676 2624 3709 ιν
2644 3657 2828 3726 Neque
2885 3660 2934 3712 id
2990 3658 3062 3711 illi
3116 3658 3284 3712 semel
3314 3657 3553 3726 dixisse
3604 3667 3725 3710 satis

2168 3722 2307 3797 fuit.
2370 3730 2462 3781 sed
2512 3739 2699 3797 postea
2741 3722 2814 3782 in
2870 3731 3118 3784 eumdem
3169 3724 3364 3783 scribit
3420 3728 3729 3783 sensum‘:

2173 3810 2190 3843 ι
2222 3795 2314 3869 Est
2341 3812 2471 3867 ergo
2496 3795 2755 3869 cognitio,
2781 3799 3000 3868 γνῶσις,
3034 3800 3186 3852 velox
3234 3801 3303 3852 ad
3335 3800 3730 3868 purgationem,

2167 3865 2469 3939 κάθαρσιῦ,
2506 3865 2720 3939 θιέιριᾳ
2754 3865 2821 3922 ad
2854 3870 3209 3939 mutationem
3241 3865 3409 3922 facile
3444 3865 3730 3939 suscipien-

2168 3943 2288 3993 dam
2318 3936 2376 3991 in
2410 3936 2643 3993 nielius.'
2668 3938 2820 3993 Unde
2859 3940 3022 3993 etiam
3059 3936 3219 3992 facile
3250 3940 3503 3992 traducit
3545 3936 3611 3990 ad
3649 3937 3726 3997 id,

2167 4009 2310 4078 quod
2356 4018 2441 4063 est
2474 4011 2671 4063 anima:
2720 4017 3050 4079 cognatum,
3092 4018 3149 4079 et
3188 4009 3477 4073 divinum,
3522 4020 3576 4060 ei
3619 4022 3728 4079 san-

2167 4091 2312 4149 ctum
2339 4118 2355 4138 .
2393 4087 2447 4133 et
2480 4093 2579 4146 per
2623 4078 2902 4146 cujusdam
2948 4078 3153 4148 proprii
3196 4079 3427 4132 luminis
3477 4078 3721 4149 mysticus

2167 4145 2440 4219 profectus
2473 4145 2794 4204 transmittit
2839 4145 3391 4217 hominem,donecin
3423 4145 3722 4218 supremum

2166 4219 2366 4287 quietis
2397 4221 2574 4272 locum
2610 4221 2912 4274 restituerit
2940 4234 3094 4281 eum,
3130 4219 3222 4288 qui
3255 4230 3343 4272 est
3377 4224 3586 4273 mundo
3615 4233 3727 4270 «ξομ

2166 4297 2232 4343 de
2251 4329 2266 4348 ,
2292 4289 2489 4343 docens
2519 4289 2688 4344 Deum
2717 4291 2952 4344 scienter
2977 4300 3034 4342 et
3059 4304 3155 4357 per
3186 4291 3719 4357 comprehensionem

2165 4359 2525 4427 contemplari
2558 4359 2696 4413 facie
2722 4363 2786 4414 ad
2813 4361 3030 4414 faciem.
3057 4356 3075 4410 i
3102 4356 3354 4413 Judicent
3378 4361 3525 4429 aequi
3555 4373 3721 4429 reruni

2164 4429 2523 4483 aiStiinatores
2552 4439 2814 4499 quantum
2858 4434 2971 4484 haec
3010 4444 3143 4484 sana
3176 4439 3231 4482 et
3261 4428 3579 4484 orthodoxa
3609 4428 3721 4482 Cle-

2166 4500 2365 4554 mentis
2413 4500 2664 4553 doctrina
2713 4500 2783 4555 ab
2828 4515 3016 4553 eorum
3064 4500 3335 4569 discrepet
3374 4500 3638 4568 opinione
3672 4504 3721 4550 et

2170 4584 2355 4624 errore
2376 4609 2393 4635 ,
2417 4570 2508 4638 qui
2545 4585 2853 4638 supremam
2880 4570 3173 4624 Christiani
3198 4571 3305 4623 viri
3337 4569 3717 4639 perfectionem

2173 4642 2225 4692 in
2262 4640 2452 4697 lictitia
2487 4645 2719 4707 quadam
2749 4655 2811 4695 ac
2842 4641 3000 4708 plane
3028 4642 3204 4694 otiosa
3232 4642 3453 4709 quiete,
3487 4654 3551 4693 ac
3575 4640 3719 4691 bona-

2172 4726 2290 4763 rum
2324 4711 2600 4763 actionum
2626 4720 2681 4764 et
2713 4712 2971 4764 virtutum
2997 4711 3237 4764 omnium
3267 4713 3577 4764 cessatione
3599 4722 3715 4760 con-

2171 4782 2416 4833 stitutam
2451 4794 2570 4834 esse
2602 4794 2889 4849 perperam
2920 4783 3169 4850 garriunt
3194 4788 3249 4834 et
3275 4782 3597 4850 pnedieant.
3623 4775 3715 4830 Sed

2169 4850 2236 4902 ad
2269 4852 2374 4902 alia
2407 4853 2728 4919 quamplura
2748 4890 2763 4916 ,
2790 4866 2910 4918 quae
2937 4860 3128 4905 auctor
3158 4860 3351 4904 noster
3379 4853 3450 4904 de
3487 4850 3714 4917 gnostioo

2164 4920 2386 4988 scriptis
2417 4921 2622 4986 passim
2658 4922 2919 4985 tradidit,
2954 4929 3011 4974 et
3041 4922 3240 4989 quibus
3274 4922 3389 4974 haec
3429 4922 3564 4975 falsa
3602 4919 3712 4989 opi-

2163 4991 2254 5042 nio
2284 4990 2529 5044 funditus
2560 4993 2845 5057 evertitur,
2879 4994 3102 5059 gradum
3138 4991 3431 5046 faciamus.

2574 5081 2736 5152 213
2791 5080 3185 5137 ARTICULUS
3222 5083 3305 5136 lll.

2239 5175 2375 5241 Qua:
2405 5175 2644 5231 Clemens
2674 5178 2728 5228 in
2756 5175 2991 5243 gnostico
3017 5176 3155 5227 bona
3181 5189 3342 5243 opera
3375 5175 3645 5227 desideret.

2236 5273 2367 5340 Quae
2404 5270 2655 5328 Clemens
2685 5272 2740 5324 in
2774 5270 3018 5342 gnostico
3048 5270 3189 5342 bona
3222 5282 3389 5342 opera
3409 5309 3434 5342 ,Α
3460 5279 3707 5342 quasque

2164 5345 2219 5397 in
2256 5339 2322 5399 eo
2355 5348 2587 5397 virtutes
2619 5339 2920 5406 desideret,
2956 5348 3014 5393 ut
3043 5340 3221 5409 palam
3256 5341 3351 5391 tiat
3374 5379 3391 5405 ,
3420 5339 3473 5392 id
3504 5357 3534 5392 a
3566 5339 3707 5409 nobis

2166 5414 2302 5469 nihil
2342 5427 2569 5469 necesse
2605 5421 2689 5467 est
2729 5403 3060 5474 memorari,
3113 5410 3255 5478 quod
3297 5403 3412 5478 ipse
3452 5409 3659 5462 tradidit
3686 5403 3705 5434 '

2165 5485 2470 5553 gnosticum
2514 5499 2619 5537 non
2660 5482 2833 5553 solum
2870 5481 2946 5553 ah
2990 5482 3137 5535 omni
3183 5479 3559 5553 prorsus_sive
3596 5491 3702 5553 scr:

2168 5544 2343 5609 munis
2368 5561 2424 5608 et
2450 5552 2817 5622 cogitationis,
2838 5552 2954 5603 sive
2977 5544 3260 5622 sensus'et
3284 5549 3464 5622 aperis
3488 5544 3702 5617 graviori

2166 5625 2447 5679 abstinere
2483 5620 2750 5693 peccato;
2797 5623 2890 5676 sed
2939 5621 3007 5674 ab
3038 5621 3156 5690 ipso
3193 5620 3449 5690 cognosci
3474 5636 3493 5669 ε
3523 5631 3699 5685 pecca-

2897 5781 2942 5815 οτ
2983 5780 3078 5836 lib.
3113 5795 3188 5849 IV,
3221 5778 3432 5852 p.527.
3502 5771 3698 5852 “ibid...

2229 5784 2275 5817 ’⁸
2318 5783 2415 5839 lib.
2449 5799 2527 5838 vn
2554 5824 2570 5849 ,
2603 5800 2657 5854 p.
2694 5778 2820 5836 740.
2897 5781 2942 5815 ⁸⁷
2983 5780 3078 5836 lib.
3113 5795 3188 5849 iv,
3221 5796 3277 5852 p.
3306 5778 3432 5834 527.
3502 5778 3694 5831 "ibid.

2229 5852 2327 5910 vid.‘
2392 5855 2415 5887 ⁵
2450 5855 2543 5909 lib.
2580 5871 2651 5910 vn
2674 5893 2689 5916 ,
2724 5867 2774 5916 p.
2811 5852 2914 5907 75$
2942 5863 2995 5908 et
3024 5867 3140 5916 seq.
3242 5849 3380 5906 'lib.
3409 5864 3501 5916 vn,
3528 5862 3578 5915 p.
3608 5841 3694 5897 ἴω
