3840 6536
511 437 638 493 1211

1173 437 1240 491 ΙΝ
1279 435 1698 493 CLEMENTEM
1736 433 1938 490 ALEX.
1976 432 2037 489 D.
2080 432 2166 488 LE
2198 432 2483 490 NOURBY
2519 432 2971 491 DISSERTATIO
3003 433 3069 490 ll.

3594 429 3698 484 HI!

579 558 685 612 Sed
728 556 878 628 Imm;
904 557 1062 619 Mane
1102 554 1438 619 dubitamus.
1469 560 1598 628 quin
1640 556 1948 628 Hieronymi
1978 561 2075 628 de-
2103 554 2152 610 Α
2178 567 2243 607 ac
2270 552 2835 628 ips_iusrnet__gnostici_
2854 552 3180 628 perfectione
3221 551 3418 628 tradita
3456 548 3613 604 fuisse
3642 549 3697 602 vel

510 629 753 683 feusores
793 625 1051 681 inllictam
1104 628 1204 697 ipsi
1250 629 1456 684 erroris
1488 625 1593 682 aut
1631 625 2077 681 contradictionis

512 699 776 754 maculam
815 698 1070 752 facillime
1111 702 1322 769 possint
1375 701 1575 755 eluere.
1631 698 1888 765 Quamvis
1931 698 2076 769 enim

512 770 910 824 eruditissimus
949 769 1040 823 ille
1074 766 1308 840 scriptor
1342 770 1540 825 dixerit
1581 769 1827 824 homines
1873 766 2078 840 angeli-

511 853 628 910 cam
667 841 833 894 vitam
864 840 1088 901 imitari,
1132 838 1235 895 non
1265 841 1475 910 putavit
1520 848 1698 910 tamen
1730 853 1832 910 eos
1869 838 1952 910 vel
1981 852 2078 910 an-

548 908 750 965 elorum
800 912 990 975 instar,
1027 910 1185 965 nullis
1232 907 1478 965 humana:
1520 908 1701 962 carnis
1744 907 2080 961 infirmitati-

555 995 615 1034 us
648 980 883 1049 amplius
911 996 1030 1036 esse
1060 981 1343 1045 obnoxios,
1365 980 1447 1035 vel
1474 981 1540 1033 ad
1566 992 1685 1032 eam
1720 978 1905 1033 venire
1931 992 2079 1031 sum-

513 1051 760 1107 mitatem
791 1053 1082 1118 virtutum,
1115 1060 1171 1103 ut
1217 1051 1270 1104 iu
1305 1061 1465 1105 nocte
1506 1063 1779 1117 nunquam
1827 1049 2079 1115 deinceps

512 1132 577 1176 ea
606 1136 728 1189 quae
763 1122 997 1176 hominis
1023 1131 1140 1174 sunt
1175 1124 1466 1190 patiantur.
1498 1122 1681 1187 Neque
1711 1118 1919 1190 Plinius
1946 1132 2079 1187 quo-

514 1202 623 1259 que
648 1192 866 1260 scripsit
895 1193 1125 1260 aliquam
1163 1189 1282 1247 esse
1317 1192 1562 1253 herbam,
1600 1205 1707 1257 qua
1752 1189 1913 1242 homo
1952 1201 2080 1260 pos-

515 1260 589 1315 sit
618 1259 770 1325 eam,
808 1259 1224 1331 quam’dirunt,
1275 1261 1562 1331 maximam
1599 1260 1856 1331 consequi
1898 1259 2078 1312 carnis

515 1329 851 1386 munditiem.
897 1334 963 1388 Et
1001 1347 1131 1386 sane
1183 1331 1393 1386 tametsi
1448 1331 1498 1383 id
1535 1329 1886 1401 jurejurando
1932 1342 2082 1384 asso-

514 1402 739 1477 ruisset.
767 1403 888 1471 quis
925 1403 974 1457 ei
1001 1401 1161 1456 vellet
1197 1401 1354 1455 (idem
1390 1400 1630 1456 habere?

586 1496 667 1550 Ad
698 1495 1013 1550 Cassianum
1043 1508 1168 1547 vero
1210 1494 1351 1562 quod
1388 1501 1615 1559 spectat,
1656 1492 1866 1545 etiamsi
1896 1490 2078 1547 citatis

515 1567 573 1621 in
612 1566 743 1620 locis
774 1567 825 1618 in
853 1566 1083 1634 aliquem
1110 1563 1385 1628 Pelagiani
1417 1563 1621 1616 erroris
1646 1563 1925 1634 incidisset
1957 1577 2078 1615 sco-

516 1637 731 1705 pulum,
784 1635 838 1689 id
898 1633 1026 1689 nulli
1082 1634 1524 1705 admirationem
1568 1648 1783 1705 movere
1837 1633 2075 1688 deberet.

517 1702 706 1761 Sciunt
726 1706 869 1758 enim
903 1719 1090 1758 omnes
1119 1719 1240 1758 eum
1274 1704 1343 1756 ab
1384 1704 1483 1757 hac
1514 1702 1631 1756 labe
1657 1718 1762 1756 non
1808 1718 1929 1756 esse
1955 1716 2076 1759 om-

514 1776 645 1829 nino
675 1790 885 1843 purum.
918 1774 1170 1843 illiusque
1211 1774 1367 1841 plane
1400 1780 1698 1841 expertem.
1732 1771 1846 1827 Non
1885 1773 2079 1825 desunt

518 1842 717 1909 tamen,
751 1844 1049 1918 qui_ipsuiin
1088 1842 1318 1918 iisdem,
1349 1844 1449 1918 qui
1473 1845 1749 1918 citantur,‘
1772 1845 1822 1896 in
1869 1842 2076 1896 locis/a

516 1929 645 1969 sana
680 1912 1090 1983 orthodoxaque
1120 1913 1399 1967 catholica:
1423 1912 1545 1966 lidei
1578 1913 1822 1966 doctrina
1853 1928 1957 1966 non
1987 1927 2075 1965 re-

516 1987 747 2039 cessisse
775 1982 1091 2038 existiment
1118 1982 1187 2037 ”.
1213 1983 1378 2041 Aiunt
1415 1984 1678 2052 siquidem
1720 1983 1788 2036 ab
1826 1983 1937 2042 illo,
1970 1997 2075 2035 non

517 2070 674 2123 secus
708 2062 868 2121 atque
913 2055 980 2108 ab
1009 2052 1288 2123 Apostolo,
1339 2053 1465 2107 alibi
1511 2055 1747 2122 agnitam
1785 2062 2080 2123 assertum-

513 2138 621 2195 que
651 2120 1026 2195 fuissecarnis
1053 2120 1108 2176 et
1138 2125 1359 2195 spiritus
1395 2124 1448 2176 in
1487 2120 1738 2195 omnibus
1766 2120 2078 2177 hominibus

518 2193 952 2263 repugnantiam.
985 2195 1244 2263 Cassiano
1300 2193 1479 2260 itaque
1520 2210 1624 2246 non
1671 2194 1799 2256 alia,
1850 2198 2082 2262 pergunt

519 2263 613 2326 illi,
654 2278 804 2318 meus
834 2271 886 2317 et
917 2264 1186 2318 sententia
1227 2262 1345 2324 fuit,
1382 2264 1483 2316 nisi
1517 2263 1774 2330 quosdam
1810 2278 1929 2318 esse
1956 2276 2082 2330 per-

520 2330 848 2387 fectissimus
890 2334 1160 2395 homines.
1200 2333 1373 2399 qualis
1414 2332 1480 2385 ab
1522 2347 1587 2383 eo
1625 2333 1950 2386 describitur
1980 2330 2079 2385 Se-

520 2417 682 2456 renus
713 2402 883 2458 abbas
924 2403 994 2469 “,
1034 2404 1087 2456 in
1123 2404 1317 2472 quibus
1351 2402 1545 2472 divina:
1586 2403 1776 2472 gratiae
1815 2400 2080 2457 beneﬁcio

520 2473 679 2541 plane
708 2473 967 2542 singulari
1001 2488 1064 2527 ac
1094 2470 1372 2527 rarissimo
1412 2470 1655 2526 funestus
1701 2487 1964 2536 perversae
1993 2487 2083 2526 cu-

519 2542 761 2613 piditatis
796 2543 931 2612 ignis
954 2542 1332 2613 refrigeratus,
1357 2542 1563 2613 sopitus
1605 2552 1767 2612 atque
1797 2544 1959 2613 etiam
1986 2557 2082 2596 ex-

518 2612 752 2667 stinctus
779 2615 1079 2668 videbatur.
1100 2612 1353 2681 Denique
1388 2612 1438 2665 in
1469 2627 1533 2666 ea
1576 2615 1714 2681 ipsa,
1750 2627 1869 2680 qua:
1898 2612 2083 2666 lauda-

519 2693 628 2743 tur,
660 2681 800 2736 illius
846 2684 1133 2737 collatione
1172 2683 1315 2737 haud
1362 2696 1503 2749 :cgre
1550 2682 1799 2736 concedit
1830 2682 2079 2737 homines

517 2751 785 2820 perfectos
826 2753 1159 2808 dormientes
1202 2753 1385 2808 carnis
1430 2752 1663 2806 motibus
1705 2752 1833 2806 cieri
1878 2760 1932 2806 et
1966 2752 2082 2819 agi-

519 2822 655 2891 tari,
697 2824 791 2876 sed
834 2823 958 2877 inde
999 2823 1296 2891 quidquam
1339 2824 1406 2877 de
1444 2824 1712 2877 castitatis
1748 2821 2082 2890 perfectione

519 2890 686 2944 minui
720 2901 815 2948 aut
846 2892 1055 2946 detrahi
1088 2890 1284 2947 ibidem
1315 2891 1605 2947 inficiatur.
1646 2892 1808 2947 Suam
1835 2893 1980 2946 enim
2014 2892 2082 2947 de

515 2962 764 3016 castitate
811 2961 1223 3032 disputationem
1268 2965 1347 3017 sic
1392 2961 1482 3017 ille
1524 2963 1756 3017 absolvit
1788 2962 1870 3015 “z
1899 2981 1917 3013 α
1956 2961 2082 3017 llzec

515 3039 601 3085 est
648 3034 1046 3086 consummatio
1087 3033 1374 3093 castitatis,
1422 3040 1481 3085 ut
1530 3032 1841 3100 vigilantem
1890 3048 2081 3087 mona-

514 3101 676 3155 chum
701 3103 989 3157 oblectatio
1014 3102 1255 3157 libidinis
1284 3102 1430 3156 nulla
1467 3104 1817 3172 perstringat,
1847 3112 1904 3156 ut
1934 3103 2082 3169 quie-

516 3180 753 3225 scentem
786 3174 1116 3227 somniorum
1159 3187 1264 3226 non
1319 3172 1467 3226 fallat
1517 3173 1695 3227 illusio
1746 3191 1761 3227 :
1816 3172 1911 3228 sed
1957 3187 2078 3227 cum

517 3240 802 3313 dormienti
824 3252 1035 3297 tantum
1066 3257 1160 3312 per
1191 3243 1377 3313 sopitae
1407 3243 1605 3297 mentis
1632 3244 1894 3298 incuriam
1928 3256 2079 3296 com-

519 3310 688 3381 motio
722 3313 902 3366 carnis
939 3310 1270 3380 obre’pserit,‘
1308 3314 1760 3381 qnqtmadmodum
1800 3313 1917 3366 sine
1970 3313 2076 3367 ulla

520 3379 829 3460 titillatione
852 3379 1143 3460 voluptatis
1171 3379 1405 3437 excitata
1437 3393 1538 3447 est,
1572 3383 1645 3437 ita
1670 3385 1790 3439 sine
1814 3382 1922 3437 ullo
1951 3398 2079 3453 pru-

520 3453 626 3503 ritu
654 3453 897 3522 corporis
933 3454 1301 3521 conquiescat.
1331 3470 1351 3505 ι

588 3544 644 3596 In
665 3544 912 3603 eumdem
939 3559 1156 3599 sensum
1176 3544 1445 3599 Climacus
1471 3552 1588 3611 post
1610 3543 1723 3608 illa,
1747 3558 1868 3610 qua:
1894 3543 2078 3597 retuli-

519 3629 660 3683 mus,
690 3614 858 3683 ipsius
881 3617 1063 3674 verba,
1094 3614 1351 3667 continuo
1375 3614 1489 3666 hrec
1519 3613 1718 3679 adjecit
1746 3614 1830 3666 ":
1863 3631 1879 3664 i
1914 3612 2077 3669 Nemo

516 3696 579 3753 ex
611 3682 695 3753 his
716 3682 809 3753 qui
851 3700 911 3738 se
947 3685 1126 3753 studio
1172 3684 1441 3753 castitatis
1481 3693 1760 3745 exercent,
1792 3684 1904 3737 suis
1940 3685 2079 3739 hanc

518 3750 795 3822 laboribus
837 3764 929 3807 aut
977 3768 1073 3808 sua
1116 3752 1376 3806 industria
1425 3766 1482 3806 se
1534 3754 1854 3822 acquisiisse
1908 3761 2075 3821 putet.

518 3820 651 3875 Nam
687 3824 942 3890 possibile
970 3831 1204 3886 nonest,
1245 3832 1301 3876 ut
1349 3820 1631 3890 quispiam
1651 3820 2075 3877 naturamsnam

519 3892 730 3959 vincat;
760 3894 848 3948 tibi
884 3893 1117 3961 denique
1141 3902 1333 3946 natura
1362 3903 1613 3961 superata
1640 3903 1740 3959 est,
1769 3893 1880 3948 illic
1912 3893 1959 3947 is
1984 3895 2076 3960 qui

515 3975 675 4028 supra
731 3972 979 4017 naturam
1019 3973 1134 4027 est,
1182 3962 1464 4017 advenisse
1518 3964 1882 4026 cognoscitur.
1933 3983 1952 4013 ι
2001 3966 2076 4019 lbi

518 4041 666 4102 certe
696 4042 752 4088 et
777 4033 1034 4102 deinceps
1059 4033 1147 4086 ille
1178 4042 1378 4102 quanta
1414 4033 1484 4087 sit
1512 4043 1717 4088 natura:
1747 4044 1944 4088 nostra:
1968 4035 2080 4088 fra-

515 4100 695 4174 gilitas
743 4100 1087 4172 apertissime
1132 4100 1398 4174 declarat;
1452 4105 1644 4157 tacitus
1688 4118 1815 4157 vero
1863 4116 2079 4174 practer—

518 4173 682 4226 mittit
706 4190 773 4227 an
798 4189 938 4243 saepe
964 4182 1057 4228 aut
1083 4189 1209 4227 raro
1235 4171 1433 4243 aliquis
1476 4175 1801 4235 inveniatur,
1831 4171 1988 4243 quem
2025 4175 2076 4227 in

514 4256 703 4297 somno
749 4244 833 4296 vel
875 4241 1032 4299 nulla
1082 4245 1256 4312 turpis
1301 4241 1505 4312 imago,
1545 4243 1625 4295 vel
1667 4241 1860 4297 nullus
1899 4246 2078 4299 carnis

517 4324 693 4383 [notus
717 4315 951 4382 auiplins
997 4324 1209 4368 moveat
1255 4324 1310 4368 et
1355 4313 1555 4367 titillet.
1603 4314 1706 4367 Sed
1747 4315 1812 4367 de
1850 4325 2077 4383 utroque

518 4380 609 4436 illo
640 4380 860 4437 auctore
896 4384 1035 4439 alius
1060 4385 1166 4439 erit
1196 4385 1350 4452 plura
1383 4383 1599 4438 dicendi
1629 4384 1802 4437 locus.

585 4475 665 4529 Ad
699 4475 1028 4532 Clementem
1060 4477 1222 4546 igitur
1248 4482 1512 4546 nostrum,
1544 4474 1611 4529 de
1648 4488 1755 4543 quo
1777 4490 1919 4546 nunc
1952 4484 2070 4527 tan~

2178 626 2426 691 superius
2462 623 2715 687 vidimus,
2753 623 2836 678 vel
2866 623 3024 691 paulo
3053 634 3173 691 post
3203 624 3565 677 ostendemus.

2294 710 2361 749 on
2393 709 2487 748 eos
2513 694 2699 763 itaque
2726 694 2956 762 amplius
2976 693 3271 747 audiendos
3292 704 3697 763 essecensemus.

2179 766 2270 833 qui
2294 766 2359 819 ad
2395 762 2624 833 gentiles
2660 763 3029 833 philosophos,
3062 763 3246 833 inanis
3294 762 3489 833 gloria:
3522 769 3703 833 venato-

2181 831 2288 901 res,
2314 831 2610 902 provocare
2627 831 2727 888 nos
2744 831 3031 888 voluerint.
3054 831 3266 887 Scimus
3284 831 3426 886 enim
3455 831 3699 902 Epicurum

2178 920 2236 959 Se
2257 905 2622 967 venditasseu
2649 907 2701 956 in
2731 905 2933 958 somnis
2965 903 3065 957 sibi
3111 903 3341 957 similem
3371 902 3605 955 futurum
3621 901 3698 952 “.i

2177 973 2355 1029 Nescii
2400 988 2614 1042 quoque
2659 989 2765 1028 non
2820 989 3007 1027 sumus
3049 972 3325 1027 Platonem
3370 971 3613 1027 docuisse
3634 969 3700 1023 ’δε

2183 1062 2203 1096 r
2240 1046 2374 1099 Cum
2414 1044 2608 1109 aliquis
2642 1044 2842 1098 salubri
2883 1053 2937 1098 et
2981 1044 3119 1098 bene
3167 1050 3470 1111 temperato
3501 1042 3703 1108 corporis

2180 1115 2369 1169 habitu
2406 1128 2598 1168 somno
2631 1129 2691 1169 se
2726 1114 2907 1178 tradit,
2939 1123 2994 1167 et
3038 1129 3102 1167 ea
3158 1128 3287 1180 pars
3328 1113 3517 1175 animi,
3549 1113 3597 1163 in
3630 1127 3703 1177 qna

2178 1185 2320 1238 ratio
2350 1184 2680 1245 dominatur,
2709 1200 2736 1237 a
2772 1184 2947 1253 seipsa
2977 1184 3206 1238 excitata
3235 1192 3340 1243 est,
3374 1185 3706 1248 bonarumque

2178 1254 2565 1323 cogitationum
2614 1255 2764 1323 quasi
2808 1255 3015 1323 epulas,
3056 1253 3535 1321 contemplationis
3576 1264 3705 1323 atque

2180 1322 2549 1392 intelligentia:
2594 1322 2712 1379 aeie
2761 1325 2813 1377 in
2846 1322 3103 1389 iseipsam
3158 1334 3446 1385 revocata,
3500 1322 3707 1389 apposuit

2177 1394 2279 1449 sibi
2308 1414 2323 1448 :
2352 1409 2415 1447 ea
2446 1403 2629 1448 autem
2663 1394 2829 1448 animi
2861 1409 3004 1464 pars,
3041 1396 3092 1447 in
3122 1410 3225 1461 qua
3263 1397 3450 1447 insunt
3480 1393 3707 1459 cupidita-

2180 1473 2280 1526 tes,
2318 1479 2493 1531 neque
2547 1465 2721 1531 inopia
2767 1480 2972 1533 pressa,
3019 1478 3193 1532 neque
3238 1464 3488 1516 ubertate
3528 1472 3707 1520 exsatu-

2180 1544 2319 1599 rata,
2358 1534 2591 1603 quiescit
2633 1535 2889 1595 maxime,
2938 1547 3109 1603 neque
3159 1535 3442 1600 perturbat
3489 1534 3705 1603 optimam

2179 1604 2327 1657 illam
2382 1602 2588 1671 partem
2633 1612 2728 1659 aut
2772 1605 2990 1674 gaudio,
3026 1602 3120 1657 aut
3171 1618 3429 1663 maerore.
3477 1605 3571 1674 sed
3614 1602 3709 1656 sinit

2178 1689 2297 1729 eam
2338 1688 2433 1742 per
2467 1676 2700 1743 seipsam
2748 1673 2917 1730 selam
2968 1683 3021 1727 et
3069 1688 3257 1743 puram
3299 1673 3653 1733 considerare,
3675 1681 3710 1725 et

2178 1741 2451 1812 appetere,
2480 1756 2533 1800 et
2553 1741 2768 1799 sentire
2808 1744 3068 1813 quidquid
3115 1741 3197 1796 vel
3229 1744 3624 1811 praeteritorum
3652 1742 3707 1793 vel

2180 1816 2524 1882 praesentium
2566 1814 3001 1881 vel.futurorum
3050 1822 3208 1866 norat
3239 1830 3259 1884 7:
3295 1814 3491 1867 eodem
3536 1830 3710 1884 quoque

2105 1888 2150 1944 Β
2180 1885 2339 1938 modo
2371 1900 2493 1938 cum
2530 1900 2658 1953 pars
2688 1885 2773 1939 illa
2799 1884 2987 1947 animi,
3017 1884 3067 1937 in
3099 1898 3205 1953 qua
3237 1883 3314 1935 ira
3343 1884 3528 1937 sedem
3555 1883 3711 1945 habet,

2178 1953 2313 2007 adeo
2368 1967 2555 2022 pacata
2613 1964 2668 2009 et
2723 1957 2981 2009 restincta
3036 1962 3141 2012 est.
3186 1961 3246 2008 ut
3287 1954 3495 2008 nemini
3543 1955 3710 2008 infensa

2180 2025 2564 2094 conquiescat;
2621 2039 2683 2078 ac
2731 2025 2955 2093 proinde
3011 2023 3218 2094 duabus
3282 2024 3454 2078 animi
3511 2025 3713 2094 partibus

2179 2092 2339 2177 hunc
2366 2095 2422 2176 in.
2461 2092 2953 2177 modumHSedatis,
2988 2103 3051 2177 et
3094 2093 3251 2177 tertia
3286 2094 3341 2147 in
3388 2092 3526 2177 qua‘
3550 2095 3713 2177 intelli-

2179 2164 2339 2231 gendi
2373 2166 2456 2219 vis
2489 2164 2627 2218 inest
2658 2164 2882 2220 liberius
2914 2165 3173 2225 excitata,
3208 2164 3282 2217 ita
3322 2164 3451 2233 quis
3486 2166 3643 2234 quieti
3674 2179 3713 2218 se

2179 2234 2309 2298 dat;
2369 2243 2497 2290 tunc
2547 2234 2763 2289 demum
2814 2235 3065 2288 videlicet
3128 2234 3174 2287 is
3230 2235 3415 2287 animo
3477 2236 3714 2290 moderate

2179 2305 2498 2375 composito,
2536 2307 2818 2359 veritatem
2860 2308 3095 2359 maxime
3141 2304 3542 2371 complectitur,
3575 2319 3715 2375 neque

2169 2373 2386 2427 .nefaria
2434 2375 2821 2444 insomniorum
2866 2375 2980 2428 visa
3027 2376 3208 2429 animo
3253 2375 3400 2427 illius
3453 2373 3713 2444 repraesen-

2180 2452 2383 2498 tantur.
2427 2463 2447 2497 ι
2480 2443 2643 2499 Nobis
2675 2445 2836 2499 etiam
2888 2446 3280 2514 incompertum
3319 2445 3451 2499 illud
3497 2443 3596 2500 non
3637 2455 3713 2507 est,

2178 2514 2320 2581 quod
2348 2514 2665 2569 Aristoteles
2688 2516 2912 2569 tradidit
2941 2514 2985 2547 ⁸⁵
3011 2533 3025 2568 :
3053 2535 3072 2566 ς
3103 2516 3204 2582 Qui
3235 2517 3497 2571 insrructi
3533 2518 3714 2571 virtuti-

2179 2584 2281 2655 lius
2310 2593 2457 2650 sunt,
2489 2586 2710 2640 meliora
2742 2587 2948 2641 somnia
2978 2588 3183 2649 vident,
3225 2586 3373 2655 quod
3415 2589 3579 2642 etiam
3613 2587 3717 2655 vigi~

2180 2651 2353 2708 lantes
2416 2655 2639 2709 meliora
2697 2656 3153 2710 animadvertunt.
3206 2651 3406 2710 {Haec
3454 2658 3642 2713 etenim
3662 2651 3717 2709 ἐι

2181 2724 2308 2785 alia.
2354 2724 2569 2796 siqua:
2622 2725 2986 2793 proferantur.
3028 2726 3257 2780 aliorum
3309 2727 3716 2796 philosophorum

2181 2796 2326 2850 dicta
2355 2795 2489 2848 nihil
2515 2796 2659 2849 aliud
2691 2797 2942 2864 probant,
2976 2797 3075 2850 nisi
3101 2811 3228 2850 eum
3267 2795 3364 2862 qui
3394 2798 3574 2851 animo
3602 2806 3718 2851 recte

2182 2867 2500 2933 composito,
2540 2866 2934 2934 virtutibusque
2974 2867 3177 2934 optime
3214 2868 3485 2920 instructo
3513 2866 3578 2921 ad
3601 2883 3718 2919 sont-

2183 2950 2309 3016 num
2343 2936 2571 2999 accedit,
2601 2937 2768 3016 ipsius
2816 2937 2979 2990 menti
3028 2938 3080 2989 in
3126 2939 3318 3016 eodem
3366 2952 3557 3016 somno
3589 2938 3720 3016 longe

2220 3006 2429 3059 uriores
2460 3006 2870 3075 sanctioresque
2913 3021 3132 3062 versare
3173 3007 3551 3075 cogitationes.
3576 3008 3639 3059 At
3668 3008 3720 3061 il-

2203 3089 2291 3127 um
2316 3086 2508 3146 sancta
2535 3084 2592 3131 et
2622 3085 2770 3130 casta
2804 3077 3059 3144 deinceps
3101 3090 3321 3144 semper
3365 3079 3606 3146 cogitare
3643 3091 3720 3129 ue-

2180 3157 2286 3212 que
2313 3145 2421 3206 hic.
2450 3156 2542 3200 aut
2565 3147 2790 3215 quilibet
2819 3146 2958 3200 alius
2986 3146 3340 3214 philosophus
3369 3145 3619 3210 asseruit,
3648 3161 3722 3198 ne-

2106 3220 2149 3279 c
2182 3226 2285 3280 que
2315 3216 2407 3269 ulli
2443 3215 2599 3285 plane
2632 3216 2972 3285 philosopho,
3009 3217 3051 3270 si
3094 3217 3144 3269 id
3181 3231 3422 3282 unquam
3457 3215 3721 3270 afﬁrmasse

2183 3285 2458 3352 probetur,
2498 3286 2607 3357 ullo
2649 3286 2806 3340 modo
2837 3286 3186 3340 credendum.
3214 3286 3383 3341 Certa
3410 3287 3660 3357 siquidem
3679 3292 3731 3338 et‘

2179 3358 2448 3424 communi
2493 3355 2728 3409 virorum
2767 3357 2931 3410 etiam
2971 3357 3442 3412 sanctissimorum
3474 3355 3722 3424 experien-

2180 3422 2253 3477 tia
2302 3434 2535 3488 constat,
2575 3427 2777 3480 nullum
2827 3426 2926 3479 nisi
2968 3425 3235 3493 singulari
3286 3443 3516 3495 prorsus
3543 3422 3722 3480 divinat

2178 3495 2672 3565 omnipotentisque
2710 3497 2896 3565 gratiae
2948 3496 3235 3560 beneticio,
3268 3494 3417 3563 quod
3451 3499 3627 3559 Paulo,
3657 3494 3722 3547 uti

2179 3561 2429 3634 vidimus.
2456 3580 2559 3620 non
2583 3561 2694 3619 Tuit
2713 3561 3068 3627 concessum,
3103 3566 3173 3620 ab
3201 3561 3354 3621 omni
3392 3569 3568 3623 carnis
3597 3574 3722 3618 motu

2178 3632 2352 3704 217⁷
2371 3645 2427 3689 et
2448 3635 2780 3698 titillatione,
2812 3637 2926 3689 sive
2948 3635 3244 3704 vigilando.
3267 3636 3386 3692 sive
3414 3640 3721 3694 dormienda,

2178 3719 2277 3786 pet:
2301 3704 2517 3773 longum
2542 3706 2665 3760 vita:
2688 3721 2801 3760 suae
2830 3716 3042 3774 tempus
3073 3704 3246 3760 fuisse
3277 3709 3502 3762 omnino
3524 3709 3721 3761 liberum

2178 3785 2230 3827 et
2265 3785 2583 3830 Immunem.

2700 3868 3097 3926 ARTICULUS
3133 3868 3220 3926 Vl.

2251 3960 2326 4014 De
2365 3959 2665 4030 theologicis
2709 3963 2931 4085 gnou’ici
2965 3965 3279 4044 _virtulibus,
3331 3965 3460 4028 ﬁde,
3506 3980 3589 4031 spe
3623 3972 3664 4014 et

2825 4043 3105 4085 ctaritate.

2825 4043 3105 4087 charttate.

2247 4124 2328 4178 Ad
2374 4123 2700 4193 theologicas
2739 4125 2968 4197 virtutes
3021 4128 3165 4196 quod
3208 4137 3444 4197 spectat,
3476 4128 3575 4181 iide
3611 4140 3719 4194 gno-

2176 4194 2370 4270 sticum
2405 4197 2699 4270 consistere
2729 4194 2979 4270 Clemens
3002 4194 3259 4270 perhibet
3301 4199 3369 4261 “,
3409 4199 3720 4270 πέπηγεντῇ

2177 4265 2356 4337 πίστει
2407 4266 2453 4337 όν
2480 4265 2818 4337 γνωστικός,
2846 4265 2921 4319 Ex
2962 4265 3047 4321 his
3100 4277 3285 4322 autem
3343 4284 3469 4337 quae
3517 4265 3554 4321 a'
3594 4270 3722 4321 nobis

2177 4336 2243 4389 de
2281 4334 2382 4389 hac
2410 4336 2607 4389 virtute
2642 4335 2890 4406 superius
2912 4337 3182 4406 disputata
3228 4334 3380 4404 sunt,
3416 4340 3609 4394 nemini
3642 4338 3724 4389 oh-

2176 4419 2393 4457 scurum
2440 4419 2563 4459 esse
2614 4414 2790 4472 potest
2826 4405 3157 4461 Clementem
3203 4410 3555 4463 existimasse
3602 4409 3724 4461 illam

2178 4490 2286 4528 non
2327 4475 2499 4528 solum
2530 4475 2815 4542 gnosticis,
2845 4478 2987 4531 sicut
3014 4487 3069 4531 et
3093 4478 3216 4532 aliis
3244 4478 3595 4541 Christianis,
3625 4492 3726 4531 esse

519 4547 798 4632 tummodo
823 4544 1208 4632 eiunctio—est...
1238 4554 1297 4598 ut
1319 4545 1620 4632 veniamus,
1648 4544 1789 4613 quod
1823 4545 1913 4598 ille
1936 4546 2079 4626 dixit
2108 4554 2152 4608 ι)
2180 4544 2401 4597 omnino
2427 4546 2830 4632 'necessariam‘,
2881 4548 2976 4632 sed
3030 4547 3083 4600 in
3131 4548 3240 4602 illis
3270 4564 3513 4632 “quoque
3555 4551 3726 4629 debere

520 4614 684 4668 Deum
707 4616 1031 4672 Christianis
1046 4617 1297 4669 omnibus
1321 4626 1377 4668 ut
1402 4616 1701 4685 vigilarent,
1722 4616 2041 4683 pt'mcepisse
2056 4656 2072 4680 ,

518 4700 587 4738 ne
613 4686 792 4740 anima
822 4686 946 4739 ullis
970 4686 1483 4755 perturbationibus,
1514 4700 1579 4737 ne
1608 4686 1822 4752 quidem
1860 4687 1910 4737 in
1939 4699 2079 4739 εοιιιο

516 4755 625 4808 niis
669 4767 965 4821 moveatur,
1000 4758 1100 4809 hoc
1146 4756 1373 4822 benigna
1418 4755 1861 4823 interpretatione
1906 4769 2070 4823 expo-

516 4826 750 4879 nendum
783 4835 883 4887 est,
909 4826 1083 4893 quoad
1118 4824 1327 4879 scilicet
1366 4825 1482 4878 ﬁeri
1508 4834 1707 4893 potest,
1733 4834 1787 4879 et
1828 4824 2076 4879 humana!

518 4904 723 4950 natura:
760 4895 1037 4965 fragilitati
1076 4904 1158 4948 est
1190 4894 1393 4949 datum.
1427 4894 1550 4947 Pari
1582 4909 1796 4965 quoque
1830 4895 2077 4964 benigni-

516 4972 627 5019 tate
653 4965 784 5020 illud
816 4964 1213 5035 accipiendum,
1236 4966 1376 5033 quod
1410 4967 1478 5019 ab
1519 4965 1633 5035 ipso
1669 4964 1915 5030 docetur,
1943 4980 2076 5034 gno-

514 5035 738 5101 sticum,
775 5034 1104 5091 abstinentia
1143 5043 1197 5090 et
1245 5036 1422 5090 inedia
1467 5034 1798 5099 confectum,
1838 5035 1889 5087 iu
1932 5049 2077 5089 som-

516 5105 638 5168 niis,
673 5122 778 5159 non
809 5106 1026 5175 quidem
1057 5120 1292 5173 semper,
1320 5116 1375 5158 et
1403 5120 1498 5174 per
1524 5104 1794 5175 reliquum
1820 5105 1942 5158 vitae
1967 5118 2077 5158 suae

516 5183 748 5240 tempus,
782 5177 874 5232 sed
909 5191 1051 5246 saepe
1089 5177 1304 5246 Stirpius,
1340 5186 1501 5243 atque
1536 5185 1591 5227 ut
1631 5175 2077 5246 plurimum‘sau-

513 5255 598 5299 cta
628 5255 684 5299 et
713 5263 877 5313 agere
907 5257 960 5301 et
987 5244 1245 5313 cogitare.
1288 5245 1496 5299 Nostra:
1535 5244 1809 5298 enimvero
1853 5244 2078 5297 inlirmi-

515 5318 647 5370 tatis
672 5319 876 5385 optime
900 5317 1150 5370 c'uuscius
1175 5316 1445 5377 Clemens,
1482 5330 1587 5367 non
1621 5316 1829 5367 \idetur
1858 5316 2074 5385 quidem

513 5382 828 5441 asseverare
850 5386 1192 5440 Christianos
1232 5390 1370 5438 hanc
1414 5385 1589 5451 reipsa
1624 5386 1867 5453 attigisse
1902 5382 2079 5454 perfe-

512 5457 748 5510 ctionem
772 5497 788 5521 ,
817 5458 911 5509 sed
956 5458 1159 5523 potius,
1187 5464 1245 5510 ut
1275 5454 1341 5506 ad
1387 5470 1505 5507 eam
1545 5452 2078 5517 contendant,’exci-

513 5535 633 5580 tare
659 5536 715 5579 et
743 5522 1043 5581 adhortari.
1075 5526 1141 5579 Et
1175 5527 1225 5579 id
1255 5523 1499 5594 profecto
1544 5522 1609 5575 iis
1639 5525 1850 5590 probari
1878 5532 2101 5591 potest.,

513 5610 635 5664 qua:
658 5594 726 5648 ab
755 5596 844 5650 illo
873 5597 942 5650 de
974 5611 1185 5651 summa
1213 5594 1418 5650 Christi
1455 5593 1690 5660 Domini,
1712 5596 2073 5662 apostolorum

2179 4615 2720 4687 esseperfectiorem.
2771 4615 2848 4669 De
2896 4616 2999 4687 hoc
3043 4628 3222 4671 autem
3269 4615 3394 4673 lidei
3425 4615 3478 4674 in
3508 4620 3726 4687 postia)

2179 4694 2231 4737 et
2257 4685 2582 4755 Christianis
2624 4688 2795 4753 magis
2826 4685 3084 4755 perfectis
3118 4688 3458 4743 incremento
3494 4685 3547 4743 et
3570 4687 3726 4743 excel-

2181 4753 2350 4827 lentia
2386 4756 2500 4808 luec
2532 4755 2601 4808 ab
2631 4754 2719 4827 illo
2747 4753 2944 4810 dictata
2980 4758 3205 4825 legimus
3232 4758 3317 4812 ‘7:
3357 4778 3376 4810 ι
3413 4761 3540 4827 Quae
3570 4769 3725 4813 autem

2179 4823 2376 4878 eximie
2406 4826 2889 4891 siiperwdilicatur,
2922 4823 3063 4879 tideli
3090 4823 3528 4890 consummatur,
3550 4842 3601 4883 et
3628 4842 3729 4880 rur-

2182 4909 2273 4946 sus
2300 4895 2581 4961 perlicitnr
2616 4910 2709 4963 per
2730 4909 2873 4960 eam,
2901 4911 3017 4964 qua:
3059 4900 3273 4952 accedit
3314 4914 3382 4953 ex
3422 4902 3658 4955 doctrina
3684 4905 3727 4949 et

2182 4964 2395 5039 ratione
2428 4965 2716 5039 peragendi
2768 4967 3039 5039 mandata,
3075 4968 3265 5035 quales
3293 4982 3451 5024 erant
3497 4967 3726 5039 apostoli.

2182 5035 2248 5086 de
2285 5034 2482 5102 quibus
2519 5034 2721 5088 dictum
2766 5049 2848 5090 est
2898 5035 3055 5089 iidem
3094 5034 3338 5092 dimittes
3383 5034 3728 5094 transiuovere

2182 5112 2237 5156 et
2268 5102 2493 5157 arbores
2524 5104 2940 5173 transplantare.
2974 5104 3129 5161 Unde
3155 5123 3279 5161 cum
3310 5112 3604 5166 sensissent
3630 5120 3727 5160 nia-

2182 5173 2525 5294 gnitudinem
2565 5176 2883 5243 potestatis,
2919 5177 3177 5245 rogabant
3228 5188 3289 5231 ut
3334 5181 3623 5234 adderetur
3662 5176 3727 5228 eis

2185 5243 2340 5294 Ides.
2384 5257 2504 5294 qua:
2565 5252 2625 5294 ul
2677 5258 2909 5294 tlranum
2963 5249 3170 5294 smauis
3226 5251 3502 5294 Insul-deret
3547 5248 3726 5294 milile

2185 5243 2340 5315 tides,
2384 5257 2504 5311 quae
2565 5252 2625 5298 ttt
2677 5258 2909 5313 granum
2963 5243 3170 5315 sinapis
3226 5251 3502 5303 morderet
3547 5248 3726 5301 utiliter

2183 5314 2443 5387 animam,
2473 5322 2531 5367 et
2565 5314 2617 5366 in
2662 5315 2776 5387 ipsa
2816 5314 3275 5387 adeocrescerel,
3313 5330 3374 5373 ut
3408 5321 3459 5372 in
3508 5321 3615 5387 ipsa
3657 5330 3722 5367 tr:-

2180 5382 2524 5450 quiescerent
2564 5386 2629 5436 de
2661 5382 2820 5439 rebus
2847 5386 3170 5441 sublimibus
3198 5391 3462 5443 rationes.
3499 5410 3517 5439 ι

2251 5451 2357 5532 Sed
2391 5453 2533 5532 hanc
2566 5452 2736 5532 fidem
2756 5471 2879 5532 cum
2908 5473 3000 5525 spe
3028 5459 3311 5532 guosticus
3352 5462 3421 5512 ad
3460 5455 3619 5532 futuri
3650 5465 3725 5504 ex-

2180 5526 2591 5594 spectationem
2616 5526 2899 5594 coniungit
2937 5537 2991 5581 et
3039 5528 3371 5594 permiscet:
3403 5548 3424 5581 ι
3465 5531 3723 5593 Serpcuw.

2180 5596 2257 5645 ait
2282 5593 2532 5647 Clemens
2555 5592 2617 5655 ⁸⁸,
2645 5592 2843 5661 juncto
2863 5612 2985 5651 cum
3009 5592 3284 5662 columba,
3321 5599 3483 5653 simul
3513 5592 3724 5666 perfecto

593 5738 641 5771 "
665 5737 839 5802 ϐεδε..
863 5741 1041 5797 nollet.
1067 5757 1119 5795 tv
1143 5736 1374 5797 clxxtn.
1448 5744 1492 5776 ‘°
1516 5742 1637 5795 coll.
1671 5758 1765 5805 vn,
1785 5735 1842 5795 ἐ.
1877 5742 1928 5797 1.
2003 5742 2044 5774 ⁶¹
2073 5723 2225 5805 ibid.,
2260 5760 2307 5797 c.
2337 5745 2432 5797 nlt.
2509 5744 2553 5775 δ’
2578 5743 2680 5800 loc.
2711 5747 2806 5799 cit.
2878 5747 2922 5778 ”
2963 5747 3137 5803 Lacrl.
3159 5746 3197 5798 l.
3226 5762 3256 5799 χ
3292 5747 3343 5799 in
3374 5745 3489 5799 Vita
3508 5740 3721 5806 Epicuri.

519 5806 699 5886 μω.
774 5812 960 5886 “bis
986 5812 1555 5886 Deurepubl.,init.__t.
1616 5813 1677 5878 ιι,
1734 5827 1788 5881 p.
1836 5808 1935 5868 5H
1990 5823 2042 5868 et

2185 5851 2198 5864 .
2268 5814 2339 5886 ,ω
2398 5812 2530 5885 550
2553 5816 2932 5883 problem.ult.

519 5878 561 5911 ’τ
585 5882 642 5935 ι.λ
673 5896 722 5941 ν,
756 5895 805 5949 p.
858 5881 983 5937 565.
1057 5880 1101 5911 ⁸⁸
1133 5878 1166 5934 l.
1205 5899 1296 5949 vn,
1338 5899 1392 5951 p.
1425 5884 1547 5939 749.

3047 5817 3091 5849 “
3121 5819 3329 5873 Strom.
3368 5820 3401 5870 l.
3452 5832 3507 5880 tt,
3531 5831 3581 5881 p.
3614 5810 3721 5864 3‘52.
