3840 6542
134 434 244 488 r213

129 561 258 621 vivit,
288 566 342 638 e_t
377 573 502 612 cum
541 563 682 638 bona
721 567 1046 623 conscientia
1081 586 1228 638 spem
1264 571 1370 629 ﬁde
1415 577 1669 632 commis-

129 645 238 686 cr-ns
263 631 327 712 ad
354 637 816 712 exspectationem
856 638 1039 694 futuri.
1067 662 1085 712 ρ
1112 631 1334 698 Certum
1361 654 1444 700 est
1471 631 1667 711 autem,

128 713 249 780 etes
273 708 340 780 ii_s
394 715 518 768 quae
548 708 874 780 antecedunt
910 720 964 762 et
1005 710 1429 780 subsequuntur,
1463 708 1672 773 constat

131 775 185 844 de
205 770 435 838 perfecto
460 777 710 842 gnostico
738 779 807 830 ibi
843 794 1147 836 sermonem
1169 770 1198 836 ἐ
1223 770 1500 840 Clemente
1531 770 1670 844 fieri.

129 842 430 919 Persuasum
475 859 610 919 ergo
643 847 873 919 ipsil'nit
907 850 1048 904 hunc
1086 854 1388 919 gnosticum
1423 872 1527 909 non
1569 842 1673 914 fide

128 913 298 995 solum,
327 913 421 966 sed
455 914 623 995 etiam
647 918 711 970 ad
729 917 900 995 futuri
925 913 1380 995 exspectationem
1407 939 1500 994 spe
1535 913 1673 995 prae;

127 985 273 1068 {litum
311 997 434 1068 esse
464 985 684 1068 debere.
715 985 1078 1068 Quamobrem
1120 993 1245 1046 alibi
1294 994 1360 1047 de
1409 985 1669 1068 martyre,

128 1056 210 1107 hoc
253 1062 336 1108 est
380 1053 919 1136 deuperfectissimo,
949 1070 1006 1113 ut
1047 1063 1162 1131 ipse
1211 1073 1386 1136 putat,
1427 1053 1671 1136 gnos'tieo

126 1138 316 1198 rursum
353 1124 544 1198 scribit
579 1127 664 1180 '9:
699 1145 721 1179 ‹
761 1129 951 1198 Annon
991 1124 1079 1185 est
1112 1124 1241 1198 ergo
1270 1134 1352 1188 eis
1374 1124 1667 1190 manifesta

125 1194 368 1282 spesﬁdej
401 1204 522 1263 post
559 1208 814 1285 mprtem,
840 1196 928 1285 ip"
953 1201 1016 1285 φὶ
1043 1194 1397 1285 πρόδήλοςῇν
1425 1207 1473 1285 ἡ.
1491 1206 1670 1285 πίει-τις

125 1265 280 1328 αὐτοῖς
307 1264 410 1334 τῆς
443 1265 586 1335 μετὰ
613 1267 851 1344 “vero!
867 1264 1098 1336 ἔλπίδοςξ
1123 1264 1214 1342 qui
1252 1264 1413 1328 etiam
1447 1264 1511 1329 'in
1551 1264 1670 1344 ipso

125 1347 341 1402 tempore
375 1347 778 1412 tormentorum
823 1341 943 1412 Deo
974 1341 1390 1412 aguntgratias.
1432 1341 1669 1401 Firmani

122 1414 544 1484 etconstantem,
578 1416 636 1461 ut
665 1409 878 1484 Opinor,
917 1410 1074 1466 fidem
1109 1409 1476 1483 possidebant,
1507 1431 1667 1484 quam

124 1476 282 1529 fideles
311 1489 532 1552 quoque
563 1476 1043 1552 consequebantur
1078 1476 1436 1551 operationes.
1465 1476 1492 1536 ἰ
1525 1476 1666 1552 ἰξυῙά

121 1561 246 1619 vero,
273 1547 415 1619 quod
456 1548 730 1612 perfectus
757 1547 1032 1619 gnosticus
1067 1547 1132 1606 ab
1174 1554 1362 1608 eodem
1393 1547 1668 1612 Clem'ente

122 1616 292 1688 dicitur
321 1616 368 1647 ⁷⁰
391 1637 408 1666 ι
431 1633 554 1672 esse
584 1636 612 1669 a
639 1634 733 1687 spe
762 1616 785 1669 3
820 1623 1269 1688 quemadmodum
1292 1642 1310 1674 ι
1331 1641 1360 1677 a
1393 1625 1483 1678 Dei
1516 1642 1668 1679 man—

119 1685 682 1766 datouinsfparaltilis,
718 1685 1136 1766 ἀχώριστος-ὣν
1175 1695 1273 1765 τῆς
1315 1695 1529 1766 ἐντολῆς
1572 1698 1668 1750 καὶ

119 1756 479 1834 τῆςηέλπίᾷος)-
498 1756 860 1834 Βεοεειιίρεἱ-
909 1764 1116 1832 gratias
1149 1756 1334 1834 agens,
1362 1756 1520 1820 sicut
1546 1769 1664 1820 ani-

120 1827 252 1905 inalia
307 1828 706 1905 glorificantia',
758 1827 878 1898 quae
911 1827 1219 1900 allegorice
1270 1836 1522 1889 dicuntur
1573 1852 1667 1905 per

1302 453 1390 509 DE
1429 454 1652 513 LIBRIS
1693 455 2146 523 STROMATUM.

3203 475 3340 537 12M

1700 582 1745 640 Λ
1776 584 1947 658 denda
1979 595 2060 640 est
2090 586 2230 641 illius
2268 587 2331 640 de
2377 604 2531 658 puro,
2564 601 2617 643 ιιι
2660 589 2830 654 aiunt,
2870 593 2958 645 Dei
3004 607 3188 646 amore
3213 608 3342 648 Sett-

1777 656 1968 709 tentia.

2287 746 2678 801 ARTICULUS
2721 748 2826 800 VII.

1886 831 1960 887 De
1991 851 2120 902 puro
2147 837 2368 904 gnostici
2398 839 2450 890 in
2483 838 2643 891 Deum
2679 856 2854 892 antore
2881 850 2928 892 et
2958 843 3229 894 clmritate.

1843 928 2027 982 Visum
2061 929 2382 997 quibusdam
2422 946 2541 986 esse
2582 932 2781 985 scimus
2827 934 2966 985 hanc
3007 933 3178 986 fuisse
3215 934 3337 989 Cle-

1772 999 1971 1050 mentis
2020 999 2187 1071 nostri
2233 1000 2564 1067 opinionem,
2593 1004 2892 1071 perl'ectum
2943 1002 3332 1070 ChriStianum,

1772 1082 1865 1139 seu
1908 1069 2248 1139 Agnosticum,
2299 1071 2365 1122 ad
2414 1086 2536 1124 eum
2585 1069 2872 1139 aliquando
2929 1069 3334 1139 perfectissima:

1771 1137 2050 1191 cbaritatis
2083 1153 2187 1191 non
2217 1142 2374 1193 modo
2401 1150 2602 1205 actum,
2638 1137 2728 1193 sed
2766 1137 3119 1204 habitualem,
3152 1152 3210 1194 ut
3238 1157 3333 1196 vo-

1771 1217 1916 1271 cant,
1965 1217 2185 1280 sta-ttth
2215 1212 2514 1280 pervenire,
2558 1227 2665 1280 quo
2706 1210 2892 1278 Deum,
2935 1212 3075 1264 nulla
3127 1212 3330 1277 habita,

1771 1291 1944 1345 neque
1979 1277 2266 1343 cujuslibet
2301 1279 2520 1334 alterius
2560 1277 2706 1342 boni.
2750 1283 2859 1334 imo
2897 1297 3069 1348 neque
3117 1291 3334 1335 aeternae

1771 1349 2269 1419 sua:_beatitudinis
2294 1353 2501 1404 ratione
2532 1352 2975 1404 constantissime
3003 1352 3209 1419 diligat.
3238 1353 3335 1404 At-

1770 1431 1874 1490 que
1902 1416 2194 1490 huuc_pnri
2227 1421 2425 1490 amoris
2458 1421 2699 1490 habitum
2746 1431 2795 1474 et
2844 1431 3044 1474 statum
3089 1416 3208 1474 ideo
3241 1437 3334 1490 ap-

1770 1486 1974 1558 pellare
2000 1487 2201 1558 solent,
2240 1489 2364 1558 quia
2397 1490 2534 1543 Dens
2561 1489 2676 1558 ipse
2715 1491 2885 1556 solus,
2926 1506 2989 1543 ac
3031 1507 3254 1546 summm
3277 1486 3335 1545 et

1771 1555 1996 1629 infinitae
2039 1556 2184 1610 illius
2237 1555 2600 1625 perfectiones
2658 1555 2878 1629 hujusce
2935 1562 3133 1614 amoris
3184 1569 3332 1626 sunt,

1771 1628 1846 1679 uti
1879 1627 2194 1694 loquuntur,
2226 1629 2507 1696 utotivum,
2533 1646 2638 1696 ,seu
2668 1627 2853 1693 causa,
2895 1632 3035 1683 ratio
3069 1641 3122 1683 et
3165 1645 3332 1697 argu-

1770 1706 2028 1749 mentum.

1839 1766 2100 1837 Quamvis
2129 1767 2270 1821 enim
2313 1767 2478 1822 Deum
2525 1781 2714 1823 natura
2755 1784 2848 1822 sua
2879 1771 3047 1837 ipsam
3090 1779 3327 1822 nostram

1769 1836 2182 1908 beatitudinem,
2213 1852 2329 1903 seu,
2353 1840 2430 1892 uti
2463 1842 2730 1908 inquiunt,
2763 1836 3104 1894 beatitudinis
3135 1851 3329 1893 nostra:

117 1895 366 1978 lsaiamfi
398 1897 590 1978 Neque
617 1895 1065 1978 vero_jzt'tostictt§
1092 1915 1296 1978 tantum
1337 1917 1538 1978 sperat,
1571 1895 1662 1961 sed
1695 1923 1736 1978 Β
1767 1906 2036 1973 objectum
2087 1895 2209 1961 esse
2246 1895 2634 1976 profiteantur,
2677 1895 2924 1962 einndem
2979 1909 3328 1962 nihilominus

116 1968 247 2019 etiam
271 1976 427 2034 optat
451 1984 608 2023 suam
633 1979 687 2024 et
713 1970 938 2025 aliorum
959 1984 1214 2029 aeternam
1241 1968 1621 2030 beatitudinem
1644 1996 1658 2032 :

121 2037 390 2113 «ideoque
405 2038 665 2113 (ipsamet
695 2043 932 2113 auctoris
966 2045 1133 2100 nostri
1177 2045 1338 2098 verba
1380 2048 1527 2113 sunt)
1556 2062 1660 2101 non

115 2105 300 2168 quidem
335 2105 579 2185 ebﬁstat,
615 2112 823 2185 optabit
866 2113 980 2183 (seu
1033 2116 1361 2185 precabitur)
1405 2105 1660 2185 consequi

113 2192 160 2229 ea
187 2191 298 2245 qua:
343 2179 435 2233 hic
465 2190 613 2242 sunt,
642 2181 728 2234 cui
771 2179 1090 2248 perSuasnm
1125 2194 1205 2240 est
1243 2179 1355 2240 fore
1390 2179 1663 2241 utconée-

113 2257 279 2314 quatur
312 2264 376 2304 ea
419 2266 543 2319 qua:
577 2252 715 2304 bona
755 2263 917 2316 sunt;
963 2255 1056 2308 sed
1093 2270 1305 2324 semper
1345 2259 1552 2323 optabit
1578 2271 1663 2310 re-

110 2327 228 2368 ctum
273 2329 329 2394 et
374 2335 441 2394 se.
489 2331 768 2394 gerentem
824 2331 1006 2394 tenere
1052 2326 1248 2388 fidem;
1293 2335 1354 2380 et
1401 2338 1659 2394 praeterea

110 2389 513 2454 quamplurimas
561 2391 679 2444 fieri
726 2393 828 2444 sibi
868 2393 1072 2449 similes
1117 2399 1183 2449 ad
1239 2395 1334 2449 Dei
1401 2389 1657 2463 igloriam,

110 2473 207 2521 qua:
236 2472 658 2536 consummatur
711 2477 805 2530 per
841 2465 1242 2534 cognitionem,
1290 2465 1326 2536 ἢ
1373 2467 1493 2520 κατ’
1543 2467 1666 2520 ὲπί-

107 2545 280 2595 γνωσιν
314 2530 644 2586 τελειοῦται.
687 2550 707 2582 ι

157 2599 480 2673 Degnostici
522 2616 688 2670 porro
720 2602 992 2659 charitate
1025 2603 1158 2658 nihil
1183 2620 1403 2661 necesse
1431 2616 1536 2673 est,
1563 2623 1663 2663 cur

107 2681 142 2746 ε.
161 2671 308 2725 nobis
343 2671 570 2746 longum
601 2681 658 2725 et
692 2673 914 2727 uberius
945 2676 1206 2731 orationis
1234 2677 1376 2730 filum
1407 2671 1656 2734 ducatur.

107 2736 356 2793 Noverunt
394 2736 545 2795 enim
578 2757 789 2805 omnes,
822 2746 910 2810 qui
947 2746 1028 2798 vel
1070 2746 1343 2800 levissime
1379 2747 1480 2802 hos
1504 2749 1656 2803 Stro-

107 2822 278 2864 malum
311 2811 482 2865 libros
512 2813 854 2878 evolverunt,
886 2816 1019 2870 nihil
1065 2815 1118 2868 in
1167 2817 1271 2870 illis
1297 2818 1594 2872 studiosius
1627 2827 1665 2874 a'

104 2879 356 2954 Clemente
384 2883 777 2943 commendari.
819 2885 1056 2954 nihilque
1087 2885 1196 2941 fere
1234 2889 1286 2940 in
1318 2885 1506 2942 iisdem
1542 2887 1654 2943 fre-

104 2951 336 3028 quentius
363 2967 678 3028 occurrere,
710 2969 867 3028 quam
890 3026 899 3028 _
919 2951 1238 3024 multiplices
1268 2957 1553 3028 variasque
1589 2960 1659 3014 il-

104 3018 191 3073 lius
234 3023 646 3095 cohortationes
692 3018 745 3076 et
797 3018 1184 3092 incitamenta,
1229 3028 1426 3095 quibus
1467 3018 1658 3084 omnes

101 3092 711 3164 prorsus_Cliristiattos,
754 3096 918 3148 etiam
957 3092 1347 3164 sanctissimos,
1393 3100 1460 3152 ad
1503 3114 1656 3154 sum-

102 3174 224 3238 mam
271 3161 416 3215 illius
461 3163 752 3238 cbaritatis
805 3165 1185 3238 perfectionem
1232 3161 1652 3238 comparandam

1765 1978 1930 2030 Deum
1953 1988 2169 2046 propter
2194 1978 2425 2045 seipsum
2451 1980 2644 2044 solum,
2669 1980 2782 2032 sive
2808 1979 2922 2033 solo
2944 1979 3325 2047 perfectionum

1763 2062 1984 2100 suartnu
2031 2048 2232 2100 motivo
2273 2049 2345 2100 ita
2385 2063 2526 2118 smpe
2565 2066 2592 2102 a
2635 2050 2881 2117 gnostico
2918 2050 3060 2114 diligi
3107 2059 3330 2100 conten-

1763 2119 1920 2178 dunt,
1953 2127 2012 2172 ut
2045 2119 2146 2172 hoc
2191 2118 2355 2172 etiam
2410 2119 2532 2186 puri
2580 2120 2778 2173 amoris
2836 2129 2957 2171 actu
3005 2120 3116 2172 sive
3143 2119 3325 2172 habitu

1761 2195 2017 2240 aaternam
2063 2203 2214 2239 suam
2270 2187 2582 2242 felicitatem
2630 2191 2698 2242 ab
2735 2203 2798 2242 eo
2831 2189 3120 2256 aliquando
3163 2188 3326 2239 Velim.

1761 2271 1885 2310 esse
1917 2257 2094 2324 reipsa
2125 2257 2404 2330 litamlam.
2435 2259 2636 2312 Durum
2671 2258 2840 2330 plane
2863 2259 3209 2321 sacrificium,
3233 2256 3327 2310 sed

1762 2342 1870 2394 quo
1899 2334 2078 2381 tamen
2119 2327 2250 2380 nihil
2285 2329 2522 2394 penitus,
2555 2327 2846 2396 nisi‘quod
2895 2341 3201 2380 nostrarum
3246 2343 3330 2380 re-

1762 2411 1881 2448 rum
1910 2397 2152 2458 interest,
2187 2397 2294 2450 Deo
2332 2397 2475 2451 litari
2523 2401 2878 2452 arbitrantur.
2929 2398 3094 2451 Porro
3149 2407 3326 2450 autem

1762 2466 1866 2520 hac
1895 2467 1961 2518 de
2009 2483 2166 2534 puro,
2199 2476 2256 2520 ut
2299 2483 2420 2521 cum
2469 2469 2534 2523 iis
2581 2469 2757 2522 adlmc
2805 2468 3104 2536 loquamur,
3148 2482 3332 2520 amore

1761 2537 2054 2596 sententia,
2085 2547 2247 2606 atque
2288 2537 2390 2591 ista
2428 2538 2568 2592 inter
2601 2537 2869 2605 objectum
2907 2538 3050 2592 illius
3080 2545 3132 2589 et
3168 2538 3328 2590 moti-

1761 2621 1886 2678 vum
1914 2607 2262 2678 distinctione
2284 2609 2607 2662 existimant
2631 2619 2798 2661 totum
2827 2608 3062 2678 mysticae
3083 2609 3332 2678 Spirituaf

1761 2675 1956 2744 lisque,
2013 2677 2088 2730 uti
2141 2691 2260 2731 eam
2316 2677 2604 2747 appellant,
2650 2678 2730 2729 vel
2783 2687 2839 2729 ut
2882 2675 3139 2730 Clemens
3187 2677 3328 2747 loqui

1758 2747 2206 2816 amat,gnostic:e
2229 2745 2652 2803 vita’tediticium
2693 2748 2904 2801 fundari
2957 2757 3012 2800 et
3063 2745 3327 2801 construi.

1832 2815 1994 2870 Plura
2029 2826 2210 2870 autem
2247 2818 2300 2871 in
2336 2816 2561 2886 hujusce
2592 2818 2863 2886 Opinionis
2907 2832 3016 2870 suae
3057 2817 3332 2869 defensio-

1760 2902 1880 2941 nem
1936 2886 2218 2955 proferunt
2267 2887 2559 2941 Clementis
2615 2887 2786 2940 nostri
2839 2887 3170 2947 testimooia,
3209 2900 3328 2953 qute

1758 2958 1995 3026 quidem,
2030 2972 2096 3010 ne
2129 2957 2256 3024 quid
2301 2957 2641 3012 dissimulare
2686 2957 2989 3020 videamur,
3037 2955 3245 3023 integra
3280 2969 3324 3026 _a

1759 3024 1914 3080 nobis
1965 3026 2377 3081 transcribenda
2439 3037 2600 3095 atque
2653 3037 2908 3080 accurate
2964 3024 3327 3095 exatninanda

1757 3108 1902 3151 sunt.
1947 3096 2182 3150 Primum
2234 3097 2418 3165 itaque
2468 3094 2534 3150 ei
2585 3106 2779 3165 quarto
2823 3097 3142 3149 Stromatuut
3191 3094 3328 3147 libro

1760 3168 2007 3236 petitum,
2042 3169 2124 3220 his
2151 3167 2332 3221 verbis
2358 3167 2660 3235 concipitur
2683 3167 2727 3196 ⁷⁷
2759 3184 2771 3219 :
2807 3185 2825 3217 ι
2863 3167 3120 3220 Existimo
3148 3174 3326 3217 autem

100 3231 303 3310 excitat,
339 3233 556 3313 exacuit
600 3243 654 3285 et
689 3231 936 3314 impellit.
974 3234 1140 3323 Nobis
1181 3231 1458 3323 autem-ex
1487 3240 1654 3323 pluri-
1683 3259 1729 3320 ο
1760 3231 2012 3306 oportere
2042 3252 2215 3323 neque
2243 3237 2407 3307 218
2434 3231 2654 3323 propter
2683 3245 2882 3317 metunt
2931 3236 3199 3323 supplicii,
3230 3249 3325 3287 ne-

98 3301 187 3355 mis
215 3305 415 3378 passim
448 3303 733 3378 congestis
769 3301 936 3374 pauca
977 3307 1346 3376 seligentibus,
1372 3301 1502 3364 illud
1548 3311 1656 3378 pri-

98 3385 224 3450 mum
271 3372 572 3450 Clementis
615 3372 1110 3450 effatu’tn‘occurri‘t
1131 3379 1175 3450 ⁷⁷
1198 3393 1213 3429 :
1240 3378 1339 3450 Διᾲ
1367 3372 1590 3450 nava-civ
1623 3381 1660 3450 ἡ

95 3441 262 3515 enim)
321 3443 399 3513 τῷ
443 3445 737 3514 γνωστικῷ
784 3445 1078 3510 πέπεικεν,
1137 3447 1235 3501 ἕνα.
1289 3449 1421 3502 Θεὸν
1470 3441 1660 3503 εἰδότιξ

96 3510 394 3631 l«Gno'stico
426 3510 600 3570 Deum
652 3510 1002 3586 cognoscenti
1043 3519 1222 3572 omnia
1269 3520 1540 3587 persuasit
1572 3522 1657 3574 dt-

110 3592 256 3631 eetto-
296 3604 317 3631 ι

110 3592 256 3637 CCliO.
295 3604 317 3636 ι

156 3651 248 3708 Ubi
285 3669 417 3726 vero
460 3655 610 3709 idem
649 3655 765 3725 ipse
790 3668 981 3711 auctor
1023 3667 1206 3712 noster
1240 3659 1578 3726 probandum
1603 3660 1655 3713 in

93 3737 140 3801 se
163 3725 390 3801 suscipit
425 3726 936 3801 so_lunrgno_sti_enm
971 3742 1101 3801 vere
1146 3725 1311 3801 Deum
1343 3729 1546 3793 colere,
1585 3731 1654 3783 ibi

93 3792 216 3866 hunc
242 3797 454 3848 cultum
485 3797 559 3848 ita
590 3792 781 3850 definit
803 3797 882 3849 7’:
913 3815 932 3847 ι
971 3797 1063 3850 Dei
1098 3792 1389 3853 cultus'est
1409 3792 1657 3866 guoStico

88 3865 332 3938 continua
381 3867 577 3938 anima:
610 3881 765 3938 cura,
806 3877 860 3920 et
889 3868 1006 3930 ejus
1050 3880 1307 3938 perpetua
1342 3869 1393 3921 iu
1417 3865 1538 3922 ’Deo
1564 3885 1656 3923 oe-

87 3936 286 3999 cupatio
323 3951 434 4008 per
471 3935 825 4008 ebaritatem,
867 3952 986 4006 qua:
1029 3935 1301 4008 nunquam
1347 3939 1659 3992 intermitti-

87 4010 178 4065 tur,
203 4005 358 4080 reae-ﬁ
386 4005 483 4076 τὴν
506 4005 851 4080 ἁᾷιάλειπτογ
882 4005 1176 4080 ἀγάπην.ίὶ
1205 4008 1350 4062 Talis
1371 4019 1455 4060 est
1476 4009 1656 4080 itaque

83 4077 299 4147 gnostiei
356 4091 484 4142 erga
542 4076 712 4147 Deum
759 4077 959 4140 cultus,
1001 4076 1179 4146 qualis
1227 4080 1344 4147 ejus
1391 4079 1651 4132 charitas.

83 4139 585 4218 Quaproptcr'quia
635 4146 751 4215 ejus
795 4139 1036 4200 charitas
1070 4139 1346 4218 nunquam
1375 4149 1493 4201 nullo
1524 4150 1681 4201 vitio.

81 4223 162 4285 aut
187 4216 433 4284 graviori
467 4226 698 4284 peccato
741 4218 1172 4285 interrumpitur,
1202 4216 1410 4272 idcirco
1441 4233 1656 4284 semper

81 4281 233 4357 Deum
267 4288 427 4348 colit,
453 4281 506 4339 et
534 4296 797 4357 perpetua
821 4298 904 4340 est
937 4281 1081 4342 illius
1101 4281 1173 4357 ~in
1208 4289 1318 4344 Deo
1349 4281 1649 4356 occupatio.

140 4353 248 4408 Hac
289 4353 569 4410 ebaritate
594 4356 644 4387 "
670 4358 851 4409 omnia
904 4353 1117 4422 suﬂ'ert,
1157 4361 1338 4412 omnia
1383 4353 1651 4420 sustinet;

75 4432 231 4492 atque
281 4427 617 4498 ignominia,
648 4427 909 4481 bonorum
960 4429 1340 4498 publicatione,
1369 4428 1561 4481 exsilio
1600 4439 1654 4480 et

76 4507 239 4566 morte
267 4497 396 4566 ipsa
429 4497 684 4560 affectus,
716 4497 990 4566 nunquam
1023 4500 1089 4552 ab
1120 4500 1206 4552 illa
1236 4500 1503 4552 charitate
1533 4498 1650 4550 ani-

75 4565 244 4633 inique
267 4565 534 4621 libertate
553 4565 879 4636 seiungitur.
909 4567 1102 4622 Omnia
1139 4580 1316 4622 autem
1353 4567 1474 4621 forti
1512 4582 1636 4621 eon-

70 4639 348 4700 stantiquc
373 4640 564 4690 animo
595 4639 822 4704 patitur,
851 4655 956 4693 non
986 4649 1042 4691 ut
1071 4640 1302 4702 homini,
1330 4639 1422 4691 sed
1454 4647 1512 4690 ut
1545 4637 1654 4691 Deo

70 4704 272 4769 placeat
300 4725 316 4761 :
358 4726 379 4759 ι
421 4707 780 4774 Quanquam,
809 4709 886 4761 ait
921 4711 1170 4763 Clemens
1199 4709 1268 4772 ⁷⁵,
1290 4724 1412 4761 eum
1439 4723 1656 4776 quoque

68 4777 175 4849 laus
224 4780 490 4849 sequitur
539 4793 638 4849 per
690 4781 1168 4849 consequentiam,
1224 4795 1331 4833 non
1381 4779 1446 4832 ad
1500 4793 1654 4849 suam

67 4847 380 4916 utilitatem,
413 4850 510 4901 sed
546 4848 616 4901 ad
657 4848 1013 4902 imitationem
1055 4859 1112 4902 et
1146 4865 1301 4904 usum
1334 4863 1520 4903 eorum
1561 4847 1652 4916 qui

67 4914 304 4988 laudant.
351 4939 374 4972 ι
416 4920 500 4972 Ab
539 4917 797 4972 humanis
840 4934 1001 4988 porro
1046 4920 1296 4973 laudibus
1349 4920 1420 4973 ita
1461 4914 1654 4971 averso

64 4985 145 5039 ille
185 5000 274 5043 est
318 4993 538 5053 animo,
577 4999 636 5040 ut
677 4988 809 5041 nihil
840 4985 1038 5058 praeter
1085 4989 1274 5051 Deum,
1301 5004 1459 5058 quem
1502 4989 1555 5041 in
1595 5003 1654 5039 se

65 5070 508 5124 requiescentem
561 5059 752 5120 habet,
807 5059 1040 5127 amplius
1091 5064 1460 5126 concupiscat.
1507 5060 1652 5123 Qua-

61 5138 272 5196 propter
307 5130 609 5199 prolitetur
631 5129 882 5183 Clemens
910 5134 1050 5182 hanc
1078 5131 1399 5182 ebaritatem
1427 5138 1650 5199 propter

57 5211 130 5258 se,
158 5211 214 5253 et
245 5198 364 5254 nan
401 5208 627 5269 prepter
653 5199 854 5266 aliquid
888 5199 1032 5252 aliud
1061 5214 1179 5254 esse
1207 5203 1560 5268 expetendam
1583 5198 1647 5248 ⁷⁸.

118 5269 234 5322 Alia
265 5273 442 5340 longe
478 5268 717 5338 plurima
746 5274 814 5322 de
846 5268 1082 5338 perfecta
1115 5273 1341 5340 gnostici
1389 5271 1440 5322 in
1484 5269 1650 5321 Deum

56 5339 322 5394 cbaritate
368 5339 638 5394 Clemens
686 5340 890 5405 passim
941 5341 1205 5408 congerit.
1255 5339 1362 5394 Sed
1413 5354 1534 5392 cum
1585 5351 1650 5390 ea

1761 3322 1868 3376 que
1898 3318 2120 3378 pr0pter
2149 3306 2380 3375 aliquam
2418 3309 2541 3361 doni
2590 3307 3028 3375 promissionem,
3061 3306 3154 3378 sed
3199 3319 3327 3372 pro-

1761 3375 2094 3454 pteripsum
2127 3380 2324 3454 bonum
2371 3378 2632 3432 accedere
2682 3378 3022 3454 ad_verbum
3067 3375 3321 3454 salutare.

1761 3447 1862 3513 Qui
1905 3459 2082 3500 autem
2122 3447 2252 3501 tales
2296 3457 2442 3512 sunt,
2481 3456 2628 3500 stant
2670 3462 2698 3500 a
2750 3448 2956 3501 dextris
3006 3447 3326 3498 sanctuarii.

1760 3518 1864 3583 Qui
1899 3529 2074 3570 autem
2107 3532 2203 3585 pro
2231 3518 2520 3571 donatione
2547 3531 2753 3580 eorum,
2790 3518 2840 3568 in
2872 3530 2992 3584 quae
3019 3515 3163 3568 cadit
3201 3528 3327 3566 cor-

1761 3588 1937 3654 ruptio
1966 3597 2020 3640 et
2055 3588 2328 3653 interitus,
2353 3589 2665 3640 existimant
2704 3603 2762 3641 se
2796 3586 3033 3638 vicissim
3077 3593 3327 3654 acceptu-

1761 3653 1850 3710 ros
1883 3657 2374 3725 incorruptionem,
2419 3657 2472 3710 in
2517 3657 2746 3709 duorum
2796 3657 3025 3708 fratrum
3069 3653 3324 3721 parabola

1762 3727 1935 3780 vocati
1986 3736 2113 3780 sunt
2161 3725 2746 3780 mercenariiJVerum
2786 3726 2821 3778 ii
2867 3728 2958 3794 qui
3011 3726 3126 3778 haec
3175 3725 3332 3776 nutris

1758 3797 2071 3862 objectant,
2121 3812 2226 3850 non
2281 3797 2416 3849 satis
2479 3797 2766 3864 diligenter
2829 3797 3330 3848 animadverterunt

1758 3865 2088 3937 Clementem
2118 3878 2364 3920 nostrum
2412 3865 2483 3937 ibi
2518 3868 2582 3918 de
2625 3878 2860 3937 martyre
2902 3868 3202 3937 disputare,
3234 3864 3326 3937 qui

1759 3936 1924 3989 nullis
1959 3937 2122 3989 minis
2170 3947 2263 3988 aut
2309 3935 2592 4003 suppliciis
2637 3939 2703 3987 ad
2759 3932 3075 4004 ejurandant
3124 3932 3325 4004 Christi

1759 4004 1916 4080 liuent
1953 4008 2068 4071 cogi
2105 4005 2539 4080 potest._Martyr_
2584 4015 2764 4058 autent
2791 4003 2928 4067 ille,
2974 4017 3031 4058 ut
3079 4003 3329 4080 Clemens

1757 4077 1852 4137 ait,
1887 4091 2203 4144 persuasum
2240 4077 2425 4142 utique
2457 4076 2618 4128 habet
2652 4090 2710 4128 se
2747 4091 2851 4127 non
2906 4084 3121 4142 pmpter
3172 4075 3325 4134 boni,

1757 4145 1967 4199 scilicet
2014 4147 2212 4198 terreni
2265 4157 2320 4198 et
2373 4145 2707 4211 temporalis,
2753 4145 3190 4210 [tt‘onlissiutlmll,
3230 4144 3324 4211 sed

1758 4226 1977 4284 propter
2007 4215 2177 4282 ipsum
2223 4215 2446 4276 bonum,
2476 4208 2926 4284 ἑτροσεληλὺθέναι
2957 4211 3035 4282 τῷ
3075 4208 3324 4279 σωτηρίῳ

1730 4340 1732 4343 _
1755 4283 1916 4356 λόγῳ,
1943 4303 1962 4335 σ
1990 4284 2252 4356 accedere
2278 4285 2344 4356 ad
2390 4283 2613 4336 verbum
2643 4287 2904 4347 salutare,
2933 4301 2954 4333 ι
2995 4297 3101 4350 quo
3128 4296 3328 4356 sempi-

1760 4353 1909 4407 tet'na
1967 4355 2244 4408 beatitudo
2285 4354 2352 4406 iis
2391 4358 2479 4422 qui
2529 4356 2957 4422 persecutionem
2994 4360 3212 4418 propter
3241 4353 3326 4418 ju-

1755 4427 1958 4476 stitiam
2001 4426 2278 4492 patiuntur
2333 4424 2599 4491 promissa
2643 4436 2750 4476 est.
2799 4426 3145 4490 Quapropter
3183 4423 3327 4474 hunc

1757 4505 2052 4564 martyrem
2082 4495 2128 4547 ei
2168 4495 2410 4562 opponit,
2441 4497 2530 4564 qui
2566 4509 2662 4564 pro
2693 4494 2880 4547 caduci
2915 4503 2969 4545 et
2998 4492 3124 4544 fluxi
3157 4492 3330 4544 alicu-

1753 4563 1841 4633 jus
1887 4563 2011 4619 boni
2045 4567 2334 4619 donatione
2367 4563 2823 4633 incurruptionem
2875 4579 2933 4617 se
2978 4572 3326 4629 accepturum

1682 4623 1731 4682 Ῐ)
1753 4623 2082 4690 arbitratur.
2115 4634 2344 4688 Tantum
2376 4636 2554 4703 itaque
2579 4623 2732 4687 abest
2759 4645 2816 4685 ut
2845 4649 3000 4687 amor
3032 4623 3140 4696 ille,
3169 4645 3328 4698 quem

1762 4720 1958 4776 purum
1990 4716 2207 4768 vocant,
2233 4706 2319 4758 bis
2343 4706 2656 4776 Clementis
2694 4705 2866 4757 nostri
2899 4705 3080 4757 verbis
3117 4711 3330 4756 astrua-

1765 4775 1872 4837 tur,
1895 4776 2023 4844 quin
2060 4777 2242 4843 potius
2268 4775 2510 4829 videatur
2535 4776 2779 4827 funditus
2799 4777 2993 4828 everti.

1836 4842 2024 4915 Neque
2065 4842 2132 4898 ad
2161 4862 2282 4899 eum
2327 4846 2706 4898 stabiliendqu
2747 4845 2833 4896 illa
2877 4845 3048 4912 magis
3101 4842 3324 4904 faciunt,

1762 4932 1883 4985 quae
1912 4918 2215 4990 ainysticae
2253 4919 2374 4990 vitae
2405 4916 2647 4990 patronis
2667 4929 2749 4990 ea
2769 4915 2956 4968 eodem
2988 4922 3206 4967 auctore
3232 4925 3329 4990 ne:

1763 4998 1877 5039 stro
1919 4987 2083 5040 citata
2129 4988 2237 5058 sic_
2264 4986 2492 5058 legimus
2535 4987 2580 5016 ⁷⁸
2608 5003 2622 5038 :
2655 5003 2674 5034 ι
2713 4986 2806 5037 Est
2861 4986 3325 5058 autem‘gnostici

1761 5072 1894 5124 opus
1931 5072 2035 5109 non
2066 5071 2095 5107 a
2136 5055 2291 5108 malis
2321 5052 2704 5120 'abstineotia;
2749 5070 2812 5108 ea
2853 5065 2938 5108 est
2989 5055 3132 5107 enim
3180 5052 3328 5124 basis

1762 5119 1986 5180 maximi
2024 5126 2331 5194 profectus;
2367 5128 2461 5179 sed
2493 5141 2592 5180 nec
2622 5119 2818 5199 aliquid
2844 5125 2970 5199 boni
3011 5124 3214 5199 facere,
3241 5119 3327 5170 vel

1762 5207 1983 5266 propter
2009 5206 2240 5262 metum;
2273 5199 2534 5264 scriptum
2575 5207 2659 5250 est
2701 5197 2890 5266 enim:
2935 5197 3049 5257 Quo
3088 5197 3284 5259 fugiam
3308 5226 3326 5250 ,

1757 5265 1808 5320 et
1837 5269 1920 5319 ubi
1951 5269 2244 5338 abscondet
2273 5285 2302 5320 α
2332 5269 2467 5334 [acie
2501 5276 2728 5321 tua......
2763 5265 2886 5332 Sed,
2907 5279 3082 5332 neque
3110 5269 3329 5338 propter

1763 5351 1910 5406 Spem
1966 5337 2217 5405 promiSsi
2269 5333 2524 5403 honoris;
2582 5340 2780 5390 dictum
2824 5345 2906 5387 est
2945 5340 3142 5386 enim:
3199 5333 3329 5381 Ecce

1771 5407 2052 5473 Dominus,
2075 5417 2122 5460 et
2154 5425 2348 5462 nterces
2377 5409 2492 5476 ejus
2517 5409 2678 5463 τ’...η
2702 5406 2825 5459 Sola
2851 5415 3164 5476 autemqua:
3196 5414 3328 5476 pro-

1766 5491 1890 5544 pter
1923 5479 2249 5531 ebaritatem
2283 5480 2338 5530 lit
2365 5473 2735 5538 beneficentia,
2782 5486 2999 5543 propter
3029 5473 3332 5544 ipsumho-

1763 5541 1980 5601 nestum
2007 5559 2092 5602 est
2121 5551 2367 5616 gnostico
2405 5549 2730 5613 expetenda.
2775 5541 2797 5595 ἰ
2835 5545 2938 5597 Sed
2978 5545 3119 5597 idem
3170 5541 3331 5610 plane

53 5410 305 5464 untnibns
351 5410 473 5462 sint
505 5410 668 5463 obvia
714 5419 769 5462 et
813 5409 1012 5468 facilia,
1045 5409 1125 5460 vel
1170 5411 1214 5461 si
1247 5411 1375 5478 quid
1419 5409 1654 5461 habeant

53 5479 424 5543 diliieultatis,
457 5496 486 5531 a
526 5481 689 5532 nobis
729 5482 782 5531 in
815 5481 1184 5547 superioribus
1223 5493 1280 5532 et
1317 5480 1652 5547 subsequen-

53 5549 187 5606 tibus
245 5549 516 5605 articulis
585 5549 915 5613 enodentur,
971 5565 1113 5602 llllllC
1163 5560 1416 5604 accurate
1448 5563 1653 5617 expen-

2571 5806 2616 5838 ⁷³
2651 5804 2684 5858 1.
2717 5821 2810 5863 vn.
2843 5818 2894 5870 p.
2921 5804 3044 5857 ⁸700.

2589 5877 2634 5908 ⁷³
2665 5879 2759 5928 ian.
2805 5892 2889 5939 ιιι,
2933 5882 3009 5928 IU.

1519 5810 1672 5862 ηιμ

1773 5829 1824 5881 p.
1861 5812 1983 5866 653.
2061 5813 2106 5843 "
2135 5811 2166 5864 I.
2203 5828 2263 5873 Il,
2286 5828 2336 5876 ιι.
2373 5809 2494 5860 383.
2571 5804 2684 5881 '11».
2717 5821 2810 5863 \‘tt.
2843 5818 2894 5870 ι).
2921 5804 3044 5857 700.
3115 5805 3158 5832 ⁷⁸
3185 5802 3220 5854 Ι.
3251 5815 3328 5869 ιν,

971 5812 1017 5844 ⁷⁸
1053 5813 1182 5865 ibid-
1232 5828 1282 5880 ιτ.
1319 5813 1442 5866 747.
1519 5812 1621 5862 "l.
1661 5824 1736 5874 νι,
1773 5829 1824 5881 p.
1861 5812 1983 5866 αδδ.
2061 5812 2166 5864 "l.
2203 5828 2336 5876 ll,p.
2373 5812 2494 5860 sas.

977 5885 1130 5947 ibid.,
1170 5899 1220 5951 p.
1262 5885 1382 5939 758.
1461 5884 1503 5914 ⁷⁷
1537 5901 1585 5951 p.
1616 5881 1741 5936 685.
1817 5882 2072 5936 "btront.
2115 5885 2147 5934 Ι.
2193 5899 2265 5944 tv,
2309 5899 2356 5946 ι».
2395 5880 2512 5932 ⁸326.

895 5883 942 5915 τε
977 5885 1130 5947 ibid.,
1170 5899 1220 5951 p.
1262 5885 1382 5939 758.

112 5815 156 5847 ⁸⁸
189 5818 418 5872 δτι-θιγ,
447 5814 485 5866 1.
521 5829 622 5874 vn,
661 5828 712 5878 ρ.
747 5809 867 5864 756.

49 5895 99 5949 P.
135 5888 250 5941 $95).
302 5879 354 5911 ⁷⁸
401 5889 442 5937 ι-
485 5902 580 5946 \‘II,
618 5900 666 5948 ν.
699 5883 818 5936 748.
