  <div class='ocr_page' id='page_1' title='image "/cluster/home/n/w/nwhite01/storage/ocr_20150623/9/hvd.32044019207612/613.png"; bbox 0 0 3880 6534; ppageno 0'>
   <div class='ocr_carea' id='block_1_1' title="bbox 521 427 658 482">
    <p class='ocr_par' dir='ltr' id='par_1_1' title="bbox 521 427 658 482">
     <span class='ocr_line' id='line_1_1' title="bbox 521 427 658 482; baseline -0.007 0"><span class='ocrx_word' id='word_1_1' title='bbox 521 427 658 482; x_wconf 66' lang='grc'>1215</span> 
     </span>
    </p>
   </div>
   <div class='ocr_carea' id='block_1_2' title="bbox 1148 421 2104 490">
    <p class='ocr_par' dir='ltr' id='par_1_2' title="bbox 1148 421 2104 482">
     <span class='ocr_line' id='line_1_2' title="bbox 1148 421 2104 482; baseline -0.003 -2"><span class='ocrx_word' id='word_1_2' title='bbox 1148 421 1216 480; x_wconf 80' lang='grc' dir='ltr'><strong>ΙΝ</strong></span> <span class='ocrx_word' id='word_1_3' title='bbox 1250 425 1671 482; x_wconf 73' lang='lat' dir='ltr'><strong>CLEMENTEM</strong></span> <span class='ocrx_word' id='word_1_4' title='bbox 1709 425 1909 480; x_wconf 69' lang='lat' dir='ltr'><strong>ALEX.</strong></span> <span class='ocrx_word' id='word_1_5' title='bbox 1953 421 2015 480; x_wconf 81' lang='grc' dir='ltr'><strong>Ι).</strong></span> <span class='ocrx_word' id='word_1_6' title='bbox 2054 422 2104 477; x_wconf 84' lang='lat' dir='ltr'><strong>L1</strong></span> 
     </span>
    </p>
   </div>
   <div class='ocr_carea' id='block_1_3' title="bbox 2206 421 3042 490">
    <p class='ocr_par' dir='ltr' id='par_1_3' title="bbox 2206 422 3042 490">
     <span class='ocr_line' id='line_1_3' title="bbox 2206 422 3042 490; baseline 0.012 -11"><span class='ocrx_word' id='word_1_7' title='bbox 2206 422 2306 484; x_wconf 83' lang='grc' dir='ltr'><strong>[ου</strong></span> <span class='ocrx_word' id='word_1_8' title='bbox 2316 426 2455 485; x_wconf 71' lang='lat' dir='ltr'><strong>RRY</strong></span> <span class='ocrx_word' id='word_1_9' title='bbox 2493 429 2944 488; x_wconf 74' lang='lat' dir='ltr'><strong>DISSEBTATIO</strong></span> <span class='ocrx_word' id='word_1_10' title='bbox 2976 433 3042 490; x_wconf 80' lang='lat' dir='ltr'><strong>Il.</strong></span> 
     </span>
    </p>
   </div>
   <div class='ocr_carea' id='block_1_4' title="bbox 3604 431 3701 483">
    <p class='ocr_par' dir='ltr' id='par_1_4' title="bbox 3604 431 3701 483">
     <span class='ocr_line' id='line_1_4' title="bbox 3604 431 3701 483; baseline 0.01 -1"><span class='ocrx_word' id='word_1_11' title='bbox 3604 431 3701 483; x_wconf 70' lang='grc' dir='ltr'>Ιὲισ</span> 
     </span>
    </p>
   </div>
   <div class='ocr_carea' id='block_1_5' title="bbox 518 545 3701 621">
    <p class='ocr_par' dir='ltr' id='par_1_5' title="bbox 518 545 3701 621">
     <span class='ocr_line' id='line_1_5' title="bbox 518 545 3701 621; baseline 0.001 -19"><span class='ocrx_word' id='word_1_12' title='bbox 518 558 601 602; x_wconf 86' lang='lat' dir='ltr'><strong>est</strong></span> <span class='ocrx_word' id='word_1_13' title='bbox 637 549 830 621; x_wconf 86' lang='lat' dir='ltr'><strong>horum</strong></span> <span class='ocrx_word' id='word_1_14' title='bbox 865 557 1050 621; x_wconf 80' lang='lat' dir='ltr'><strong>atque</strong></span> <span class='ocrx_word' id='word_1_15' title='bbox 1077 549 1420 621; x_wconf 80' lang='lat' dir='ltr'><strong>superiorum</strong></span> <span class='ocrx_word' id='word_1_16' title='bbox 1465 547 1764 621; x_wconf 73' lang='lat' dir='ltr'><strong>Clementis</strong></span> <span class='ocrx_word' id='word_1_17' title='bbox 1798 549 2088 602; x_wconf 82' lang='lat' dir='ltr'><strong>verborum</strong></span> <span class='ocrx_word' id='word_1_18' title='bbox 2119 545 2342 611; x_wconf 79' lang='lat' dir='ltr'><strong>Adam,</strong></span> <span class='ocrx_word' id='word_1_19' title='bbox 2387 565 2510 620; x_wconf 76' lang='lat' dir='ltr'><strong>qua:</strong></span> <span class='ocrx_word' id='word_1_20' title='bbox 2561 551 2719 608; x_wconf 82' lang='lat' dir='ltr'><strong>fidem</strong></span> <span class='ocrx_word' id='word_1_21' title='bbox 2767 569 2867 621; x_wconf 85' lang='lat' dir='ltr'><strong>per</strong></span> <span class='ocrx_word' id='word_1_22' title='bbox 2901 554 3231 609; x_wconf 84' lang='lat' dir='ltr'><strong>charitatem</strong></span> <span class='ocrx_word' id='word_1_23' title='bbox 3278 552 3348 606; x_wconf 80' lang='lat' dir='ltr'><strong>ad</strong></span> <span class='ocrx_word' id='word_1_24' title='bbox 3392 553 3701 618; x_wconf 71' lang='lat' dir='ltr'><strong>cognitionem</strong></span> 
     </span>
    </p>
   </div>
   <div class='ocr_carea' id='block_1_6' title="bbox 521 620 2088 689">
    <p class='ocr_par' dir='ltr' id='par_1_6' title="bbox 521 620 2088 689">
     <span class='ocr_line' id='line_1_6' title="bbox 521 620 2088 689; baseline -0.001 -19"><span class='ocrx_word' id='word_1_25' title='bbox 521 633 736 672; x_wconf 83' lang='lat' dir='ltr'><strong>st-nsus.</strong></span> <span class='ocrx_word' id='word_1_26' title='bbox 772 620 970 686; x_wconf 82' lang='lat' dir='ltr'><strong>Aperte</strong></span> <span class='ocrx_word' id='word_1_27' title='bbox 1012 620 1276 684; x_wconf 75' lang='lat' dir='ltr'><strong>siquzdetu</strong></span> <span class='ocrx_word' id='word_1_28' title='bbox 1311 620 1399 673; x_wconf 88' lang='lat' dir='ltr'><strong>ille</strong></span> <span class='ocrx_word' id='word_1_29' title='bbox 1452 620 1584 673; x_wconf 38' lang='lat' dir='ltr'><strong>dicit</strong></span> <span class='ocrx_word' id='word_1_30' title='bbox 1631 621 1936 689; x_wconf 80' lang='lat' dir='ltr'><strong>gttosticttm</strong></span> <span class='ocrx_word' id='word_1_31' title='bbox 1984 633 2088 689; x_wconf 84' lang='lat' dir='ltr'><strong>non</strong></span> 
     </span>
    </p>
   </div>
   <div class='ocr_carea' id='block_1_7' title="bbox 523 688 2089 758">
    <p class='ocr_par' dir='ltr' id='par_1_7' title="bbox 523 688 2089 758">
     <span class='ocr_line' id='line_1_7' title="bbox 523 688 2089 758; baseline -0.001 -18"><span class='ocrx_word' id='word_1_32' title='bbox 523 697 742 756; x_wconf 84' lang='lat' dir='ltr'><strong>propter</strong></span> <span class='ocrx_word' id='word_1_33' title='bbox 775 689 1025 756; x_wconf 84' lang='lat' dir='ltr'><strong>promissi</strong></span> <span class='ocrx_word' id='word_1_34' title='bbox 1076 690 1297 742; x_wconf 83' lang='lat' dir='ltr'><strong>honoris</strong></span> <span class='ocrx_word' id='word_1_35' title='bbox 1319 705 1492 758; x_wconf 80' lang='lat' dir='ltr'><strong>spent,</strong></span> <span class='ocrx_word' id='word_1_36' title='bbox 1527 688 1883 758; x_wconf 29' lang='lat' dir='ltr'><strong>sed’pmpter</strong></span> <span class='ocrx_word' id='word_1_37' title='bbox 1919 688 2089 741; x_wconf 86' lang='lat' dir='ltr'><strong>solam</strong></span> 
     </span>
    </p>
   </div>
   <div class='ocr_carea' id='block_1_8' title="bbox 524 759 2093 829">
    <p class='ocr_par' dir='ltr' id='par_1_8' title="bbox 524 759 2093 829">
     <span class='ocr_line' id='line_1_8' title="bbox 524 759 2093 829; baseline -0.001 -19"><span class='ocrx_word' id='word_1_38' title='bbox 524 759 850 812; x_wconf 87' lang='lat' dir='ltr'><strong>charilatent</strong></span> <span class='ocrx_word' id='word_1_39' title='bbox 890 773 1086 826; x_wconf 83' lang='lat' dir='ltr'><strong>agere;</strong></span> <span class='ocrx_word' id='word_1_40' title='bbox 1127 759 1249 827; x_wconf 87' lang='lat' dir='ltr'><strong>quia</strong></span> <span class='ocrx_word' id='word_1_41' title='bbox 1282 760 1421 812; x_wconf 88' lang='lat' dir='ltr'><strong>Deus</strong></span> <span class='ocrx_word' id='word_1_42' title='bbox 1456 761 1570 829; x_wconf 89' lang='lat' dir='ltr'><strong>ipse</strong></span> <span class='ocrx_word' id='word_1_43' title='bbox 1589 768 1786 812; x_wconf 82' lang='lat' dir='ltr'><strong>:elerna</strong></span> <span class='ocrx_word' id='word_1_44' title='bbox 1810 759 1926 824; x_wconf 84' lang='lat' dir='ltr'><strong>ejus</strong></span> <span class='ocrx_word' id='word_1_45' title='bbox 1954 773 2093 829; x_wconf 45' lang='lat' dir='ltr'><strong>merf</strong></span> 
     </span>
    </p>
   </div>
   <div class='ocr_carea' id='block_1_9' title="bbox 523 827 2090 898">
    <p class='ocr_par' dir='ltr' id='par_1_9' title="bbox 523 827 2090 898">
     <span class='ocr_line' id='line_1_9' title="bbox 523 827 2090 898; baseline -0.001 -18"><span class='ocrx_word' id='word_1_46' title='bbox 523 842 617 880; x_wconf 86' lang='lat' dir='ltr'><strong>ces</strong></span> <span class='ocrx_word' id='word_1_47' title='bbox 648 837 704 881; x_wconf 89' lang='lat' dir='ltr'><strong>et</strong></span> <span class='ocrx_word' id='word_1_48' title='bbox 733 829 965 883; x_wconf 84' lang='lat' dir='ltr'><strong>felicitas</strong></span> <span class='ocrx_word' id='word_1_49' title='bbox 1000 841 1104 881; x_wconf 84' lang='lat' dir='ltr'><strong>est.</strong></span> <span class='ocrx_word' id='word_1_50' title='bbox 1151 829 1275 883; x_wconf 69' lang='grc' dir='ltr'><strong>Ηωο</strong></span> <span class='ocrx_word' id='word_1_51' title='bbox 1323 827 1504 897; x_wconf 81' lang='lat' dir='ltr'><strong>itaque</strong></span> <span class='ocrx_word' id='word_1_52' title='bbox 1552 830 1792 883; x_wconf 75' lang='lat' dir='ltr'><strong>Charitas</strong></span> <span class='ocrx_word' id='word_1_53' title='bbox 1836 827 2090 898; x_wconf 84' lang='lat' dir='ltr'><strong>promissi</strong></span> 
     </span>
    </p>
   </div>
   <div class='ocr_carea' id='block_1_10' title="bbox 525 899 2094 966">
    <p class='ocr_par' dir='ltr' id='par_1_10' title="bbox 525 899 2094 966">
     <span class='ocr_line' id='line_1_10' title="bbox 525 899 2094 966; baseline -0.001 -15"><span class='ocrx_word' id='word_1_54' title='bbox 525 900 901 952; x_wconf 88' lang='lat' dir='ltr'><strong>tantummodo</strong></span> <span class='ocrx_word' id='word_1_55' title='bbox 956 899 1158 951; x_wconf 81' lang='lat' dir='ltr'><strong>terreni</strong></span> <span class='ocrx_word' id='word_1_56' title='bbox 1230 899 1510 966; x_wconf 82' lang='lat' dir='ltr'><strong>cujusdam</strong></span> <span class='ocrx_word' id='word_1_57' title='bbox 1574 901 1836 960; x_wconf 88' lang='lat' dir='ltr'><strong>honoris.</strong></span> <span class='ocrx_word' id='word_1_58' title='bbox 1873 899 2094 952; x_wconf 90' lang='lat' dir='ltr'><strong>minime</strong></span> 
     </span>
    </p>
   </div>
   <div class='ocr_carea' id='block_1_11' title="bbox 524 968 2094 1038">
    <p class='ocr_par' dir='ltr' id='par_1_11' title="bbox 524 968 2094 1038">
     <span class='ocr_line' id='line_1_11' title="bbox 524 968 2094 1038; baseline -0.001 -18"><span class='ocrx_word' id='word_1_59' title='bbox 524 981 656 1022; x_wconf 80' lang='lat' dir='ltr'><strong>vero</strong></span> <span class='ocrx_word' id='word_1_60' title='bbox 687 968 1036 1023; x_wconf 89' lang='lat' dir='ltr'><strong>beatitudinis</strong></span> <span class='ocrx_word' id='word_1_61' title='bbox 1063 977 1278 1023; x_wconf 71' lang='lat' dir='ltr'><strong>teterna:</strong></span> <span class='ocrx_word' id='word_1_62' title='bbox 1315 985 1462 1038; x_wconf 83' lang='lat' dir='ltr'><strong>spent</strong></span> <span class='ocrx_word' id='word_1_63' title='bbox 1490 968 1746 1022; x_wconf 78' lang='lat' dir='ltr'><strong>excludit.</strong></span> <span class='ocrx_word' id='word_1_64' title='bbox 1785 971 1848 1024; x_wconf 79' lang='lat' dir='ltr'><strong>Et</strong></span> <span class='ocrx_word' id='word_1_65' title='bbox 1876 969 1927 1022; x_wconf 92' lang='lat' dir='ltr'><strong>id</strong></span> <span class='ocrx_word' id='word_1_66' title='bbox 1970 968 2094 1036; x_wconf 78' lang='lat' dir='ltr'><strong>qui-</strong></span> 
     </span>
    </p>
   </div>
   <div class='ocr_carea' id='block_1_12' title="bbox 527 1038 2096 1108">
    <p class='ocr_par' dir='ltr' id='par_1_12' title="bbox 527 1038 2096 1108">
     <span class='ocr_line' id='line_1_12' title="bbox 527 1038 2096 1108; baseline -0.001 -16"><span class='ocrx_word' id='word_1_67' title='bbox 527 1038 648 1092; x_wconf 88' lang='lat' dir='ltr'><strong>dem</strong></span> <span class='ocrx_word' id='word_1_68' title='bbox 686 1053 747 1092; x_wconf 83' lang='lat' dir='ltr'><strong>ex</strong></span> <span class='ocrx_word' id='word_1_69' title='bbox 777 1039 865 1104; x_wconf 92' lang='lat' dir='ltr'><strong>iis,</strong></span> <span class='ocrx_word' id='word_1_70' title='bbox 903 1055 1023 1108; x_wconf 75' lang='lat' dir='ltr'><strong>qua:</strong></span> <span class='ocrx_word' id='word_1_71' title='bbox 1056 1043 1397 1092; x_wconf 87' lang='lat' dir='ltr'><strong>continenter</strong></span> <span class='ocrx_word' id='word_1_72' title='bbox 1436 1038 1686 1108; x_wconf 80' lang='lat' dir='ltr'><strong>Clemens</strong></span> <span class='ocrx_word' id='word_1_73' title='bbox 1727 1039 2008 1094; x_wconf 78' lang='lat' dir='ltr'><strong>subtexuit</strong></span> <span class='ocrx_word' id='word_1_74' title='bbox 2038 1046 2096 1092; x_wconf 91' lang='lat' dir='ltr'><strong>et</strong></span> 
     </span>
    </p>
   </div>
   <div class='ocr_carea' id='block_1_13' title="bbox 527 1107 2095 1179">
    <p class='ocr_par' dir='ltr' id='par_1_13' title="bbox 527 1107 2095 1179">
     <span class='ocr_line' id='line_1_13' title="bbox 527 1107 2095 1179; baseline 0.001 -19"><span class='ocrx_word' id='word_1_75' title='bbox 527 1122 557 1160; x_wconf 89' lang='lat' dir='ltr'><strong>a</strong></span> <span class='ocrx_word' id='word_1_76' title='bbox 597 1109 844 1179; x_wconf 86' lang='lat' dir='ltr'><strong>mysticis</strong></span> <span class='ocrx_word' id='word_1_77' title='bbox 882 1107 1080 1163; x_wconf 83' lang='lat' dir='ltr'><strong>omissa</strong></span> <span class='ocrx_word' id='word_1_78' title='bbox 1123 1120 1267 1171; x_wconf 90' lang='lat' dir='ltr'><strong>sunt,</strong></span> <span class='ocrx_word' id='word_1_79' title='bbox 1313 1107 1720 1164; x_wconf 87' lang='lat' dir='ltr'><strong>evidentissinte</strong></span> <span class='ocrx_word' id='word_1_80' title='bbox 1754 1115 2095 1179; x_wconf 70' lang='lat' dir='ltr'><strong>detttpnstra-</strong></span> 
     </span>
    </p>
   </div>
   <div class='ocr_carea' id='block_1_14' title="bbox 527 1177 2094 1247">
    <p class='ocr_par' dir='ltr' id='par_1_14' title="bbox 527 1177 2094 1247">
     <span class='ocr_line' id='line_1_14' title="bbox 527 1177 2094 1247; baseline 0.001 -17"><span class='ocrx_word' id='word_1_81' title='bbox 527 1187 617 1230; x_wconf 90' lang='lat' dir='ltr'><strong>tur</strong></span> <span class='ocrx_word' id='word_1_82' title='bbox 651 1177 666 1232; x_wconf 77' lang='grc' dir='ltr'>ξ</span> <span class='ocrx_word' id='word_1_83' title='bbox 709 1196 728 1229; x_wconf 78' lang='grc' dir='ltr'><strong>ι</strong></span> <span class='ocrx_word' id='word_1_84' title='bbox 758 1178 877 1233; x_wconf 85' lang='lat' dir='ltr'><strong>Jam</strong></span> <span class='ocrx_word' id='word_1_85' title='bbox 899 1194 1050 1244; x_wconf 86' lang='lat' dir='ltr'><strong>vero,</strong></span> <span class='ocrx_word' id='word_1_86' title='bbox 1095 1179 1265 1245; x_wconf 80' lang='lat' dir='ltr'><strong>inquit</strong></span> <span class='ocrx_word' id='word_1_87' title='bbox 1313 1180 1450 1245; x_wconf 91' lang='lat' dir='ltr'><strong>ipse,</strong></span> <span class='ocrx_word' id='word_1_88' title='bbox 1515 1195 1580 1233; x_wconf 79' lang='lat' dir='ltr'><strong>ex</strong></span> <span class='ocrx_word' id='word_1_89' title='bbox 1611 1195 1837 1247; x_wconf 86' lang='lat' dir='ltr'><strong>persona</strong></span> <span class='ocrx_word' id='word_1_90' title='bbox 1871 1177 1960 1232; x_wconf 90' lang='lat' dir='ltr'><strong>Dei</strong></span> <span class='ocrx_word' id='word_1_91' title='bbox 1993 1180 2094 1231; x_wconf 87' lang='lat' dir='ltr'><strong>Do-</strong></span> 
     </span>
    </p>
   </div>
   <div class='ocr_carea' id='block_1_15' title="bbox 528 1246 2094 1317">
    <p class='ocr_par' dir='ltr' id='par_1_15' title="bbox 528 1246 2094 1317">
     <span class='ocr_line' id='line_1_15' title="bbox 528 1246 2094 1317; baseline 0.001 -17"><span class='ocrx_word' id='word_1_92' title='bbox 528 1247 678 1302; x_wconf 90' lang='lat' dir='ltr'><strong>mino</strong></span> <span class='ocrx_word' id='word_1_93' title='bbox 703 1249 906 1303; x_wconf 87' lang='lat' dir='ltr'><strong>dictum</strong></span> <span class='ocrx_word' id='word_1_94' title='bbox 950 1259 1031 1302; x_wconf 89' lang='lat' dir='ltr'><strong>est</strong></span> <span class='ocrx_word' id='word_1_95' title='bbox 1067 1265 1080 1301; x_wconf 93' lang='lat'>:</span> <span class='ocrx_word' id='word_1_96' title='bbox 1133 1249 1252 1301; x_wconf 79' lang='lat' dir='ltr'><strong>l’ete</strong></span> <span class='ocrx_word' id='word_1_97' title='bbox 1294 1267 1324 1301; x_wconf 80' lang='grc' dir='ltr'><em>α</em></span> <span class='ocrx_word' id='word_1_98' title='bbox 1363 1266 1465 1308; x_wconf 84' lang='lat' dir='ltr'><strong>me,</strong></span> <span class='ocrx_word' id='word_1_99' title='bbox 1519 1260 1564 1302; x_wconf 80' lang='lat' dir='ltr'><strong>et</strong></span> <span class='ocrx_word' id='word_1_100' title='bbox 1604 1246 1740 1302; x_wconf 74' lang='lat' dir='ltr'><strong>dabo</strong></span> <span class='ocrx_word' id='word_1_101' title='bbox 1780 1250 1871 1301; x_wconf 84' lang='lat' dir='ltr'><strong>tibi</strong></span> <span class='ocrx_word' id='word_1_102' title='bbox 1919 1259 2094 1317; x_wconf 75' lang='lat' dir='ltr'><strong>gentes</strong></span> 
     </span>
    </p>
   </div>
   <div class='ocr_carea' id='block_1_16' title="bbox 528 1318 2095 1388">
    <p class='ocr_par' dir='ltr' id='par_1_16' title="bbox 528 1318 2095 1388">
     <span class='ocr_line' id='line_1_16' title="bbox 528 1318 2095 1388; baseline 0.003 -20"><span class='ocrx_word' id='word_1_103' title='bbox 528 1319 885 1372; x_wconf 70' lang='lat' dir='ltr'><strong>ltwrcditatem</strong></span> <span class='ocrx_word' id='word_1_104' title='bbox 903 1330 1046 1372; x_wconf 86' lang='lat' dir='ltr'><strong>tuam</strong></span> <span class='ocrx_word' id='word_1_105' title='bbox 1061 1318 1126 1373; x_wconf 58' lang='lat'><strong>3°.</strong></span> <span class='ocrx_word' id='word_1_106' title='bbox 1150 1320 1341 1371; x_wconf 78' lang='lat' dir='ltr'><strong>l’etitio</strong></span> <span class='ocrx_word' id='word_1_107' title='bbox 1361 1320 1593 1373; x_wconf 74' lang='lat' dir='ltr'><strong>maxime</strong></span> <span class='ocrx_word' id='word_1_108' title='bbox 1615 1321 1780 1388; x_wconf 81' lang='lat' dir='ltr'><strong>regia,</strong></span> <span class='ocrx_word' id='word_1_109' title='bbox 1796 1336 1917 1385; x_wconf 77' lang='lat' dir='ltr'><strong>qua:</strong></span> <span class='ocrx_word' id='word_1_110' title='bbox 1936 1321 2095 1374; x_wconf 80' lang='lat' dir='ltr'><strong>docet</strong></span> 
     </span>
    </p>
   </div>
   <div class='ocr_carea' id='block_1_17' title="bbox 532 1388 2094 1456">
    <p class='ocr_par' dir='ltr' id='par_1_17' title="bbox 532 1388 2094 1456">
     <span class='ocr_line' id='line_1_17' title="bbox 532 1388 2094 1456; baseline 0 -15"><span class='ocrx_word' id='word_1_111' title='bbox 532 1388 807 1442; x_wconf 80' lang='lat' dir='ltr'><strong>hominum</strong></span> <span class='ocrx_word' id='word_1_112' title='bbox 839 1389 1068 1442; x_wconf 80' lang='lat' dir='ltr'><strong>salutem</strong></span> <span class='ocrx_word' id='word_1_113' title='bbox 1129 1390 1234 1456; x_wconf 84' lang='lat' dir='ltr'><strong>peti</strong></span> <span class='ocrx_word' id='word_1_114' title='bbox 1278 1390 1397 1443; x_wconf 81' lang='lat' dir='ltr'><strong>sine</strong></span> <span class='ocrx_word' id='word_1_115' title='bbox 1433 1392 1700 1454; x_wconf 84' lang='lat' dir='ltr'><strong>mercede,</strong></span> <span class='ocrx_word' id='word_1_116' title='bbox 1748 1410 1764 1440; x_wconf 77' lang='grc' dir='ltr'><strong>ι</strong></span> <span class='ocrx_word' id='word_1_117' title='bbox 1817 1391 1953 1442; x_wconf 88' lang='lat' dir='ltr'><strong>haud</strong></span> <span class='ocrx_word' id='word_1_118' title='bbox 1991 1390 2094 1441; x_wconf 91' lang='lat' dir='ltr'><strong>dtt-</strong></span> 
     </span>
    </p>
   </div>
   <div class='ocr_carea' id='block_1_18' title="bbox 531 1459 2088 1527">
    <p class='ocr_par' dir='ltr' id='par_1_18' title="bbox 531 1459 2088 1527">
     <span class='ocr_line' id='line_1_18' title="bbox 531 1459 2088 1527; baseline -0.001 -16"><span class='ocrx_word' id='word_1_119' title='bbox 531 1459 616 1511; x_wconf 89' lang='lat' dir='ltr'><strong>hie</strong></span> <span class='ocrx_word' id='word_1_120' title='bbox 653 1467 868 1512; x_wconf 86' lang='lat' dir='ltr'><strong>terrena</strong></span> <span class='ocrx_word' id='word_1_121' title='bbox 895 1470 948 1513; x_wconf 90' lang='lat' dir='ltr'><strong>et</strong></span> <span class='ocrx_word' id='word_1_122' title='bbox 974 1462 1228 1512; x_wconf 89' lang='lat' dir='ltr'><strong>humana.</strong></span> <span class='ocrx_word' id='word_1_123' title='bbox 1264 1460 1461 1514; x_wconf 86' lang='lat' dir='ltr'><strong>Ibidem</strong></span> <span class='ocrx_word' id='word_1_124' title='bbox 1492 1463 1686 1527; x_wconf 82' lang='lat' dir='ltr'><strong>quippe</strong></span> <span class='ocrx_word' id='word_1_125' title='bbox 1713 1461 1800 1512; x_wconf 92' lang='lat' dir='ltr'><strong>ille</strong></span> <span class='ocrx_word' id='word_1_126' title='bbox 1837 1460 2046 1512; x_wconf 84' lang='lat' dir='ltr'><strong>addidit</strong></span> <span class='ocrx_word' id='word_1_127' title='bbox 2077 1477 2088 1510; x_wconf 92' lang='lat'>:</span> 
     </span>
    </p>
   </div>
   <div class='ocr_carea' id='block_1_19' title="bbox 536 1527 2089 1598">
    <p class='ocr_par' dir='ltr' id='par_1_19' title="bbox 536 1527 2089 1598">
     <span class='ocr_line' id='line_1_19' title="bbox 536 1527 2089 1598; baseline -0.001 -15"><span class='ocrx_word' id='word_1_128' title='bbox 536 1546 554 1598; x_wconf 64' lang='grc' dir='ltr'><strong>ς</strong></span> <span class='ocrx_word' id='word_1_129' title='bbox 584 1527 651 1583; x_wconf 89' lang='lat' dir='ltr'><strong>Ut</strong></span> <span class='ocrx_word' id='word_1_130' title='bbox 673 1544 770 1582; x_wconf 92' lang='lat' dir='ltr'><strong>nos</strong></span> <span class='ocrx_word' id='word_1_131' title='bbox 791 1529 960 1584; x_wconf 90' lang='lat' dir='ltr'><strong>simus</strong></span> <span class='ocrx_word' id='word_1_132' title='bbox 985 1529 1248 1589; x_wconf 61' lang='lat' dir='ltr'><strong>ha&#39;redes.</strong></span> <span class='ocrx_word' id='word_1_133' title='bbox 1271 1542 1323 1583; x_wconf 92' lang='lat' dir='ltr'><strong>et</strong></span> <span class='ocrx_word' id='word_1_134' title='bbox 1347 1531 1715 1598; x_wconf 87' lang='lat' dir='ltr'><strong>possideatuus</strong></span> <span class='ocrx_word' id='word_1_135' title='bbox 1735 1530 2040 1584; x_wconf 90' lang='lat' dir='ltr'><strong>Dominum.</strong></span> <span class='ocrx_word' id='word_1_136' title='bbox 2069 1548 2089 1581; x_wconf 70' lang='grc' dir='ltr'><strong>ι</strong></span> 
     </span>
    </p>
   </div>
   <div class='ocr_carea' id='block_1_20' title="bbox 531 1597 2094 1669">
    <p class='ocr_par' dir='ltr' id='par_1_20' title="bbox 531 1597 2094 1669">
     <span class='ocr_line' id='line_1_20' title="bbox 531 1597 2094 1669; baseline 0.001 -19"><span class='ocrx_word' id='word_1_137' title='bbox 531 1597 724 1652; x_wconf 70' lang='lat' dir='ltr'><strong>Nescio</strong></span> <span class='ocrx_word' id='word_1_138' title='bbox 763 1615 892 1653; x_wconf 84' lang='lat' dir='ltr'><strong>sane</strong></span> <span class='ocrx_word' id='word_1_139' title='bbox 939 1609 1118 1653; x_wconf 89' lang='lat' dir='ltr'><strong>utrum</strong></span> <span class='ocrx_word' id='word_1_140' title='bbox 1172 1601 1239 1652; x_wconf 89' lang='lat' dir='ltr'><strong>ad</strong></span> <span class='ocrx_word' id='word_1_141' title='bbox 1293 1599 1679 1652; x_wconf 82' lang='lat' dir='ltr'><strong>destruendam</strong></span> <span class='ocrx_word' id='word_1_142' title='bbox 1738 1600 2094 1669; x_wconf 85' lang='lat' dir='ltr'><strong>mysticorum</strong></span> 
     </span>
    </p>
   </div>
   <div class='ocr_carea' id='block_1_21' title="bbox 533 1669 2094 1738">
    <p class='ocr_par' dir='ltr' id='par_1_21' title="bbox 533 1669 2094 1738">
     <span class='ocr_line' id='line_1_21' title="bbox 533 1669 2094 1738; baseline 0.001 -16"><span class='ocrx_word' id='word_1_143' title='bbox 533 1669 811 1722; x_wconf 73' lang='lat' dir='ltr'><strong>hominum</strong></span> <span class='ocrx_word' id='word_1_144' title='bbox 859 1671 926 1720; x_wconf 87' lang='lat' dir='ltr'><strong>de</strong></span> <span class='ocrx_word' id='word_1_145' title='bbox 964 1685 1098 1738; x_wconf 90' lang='lat' dir='ltr'><strong>puro</strong></span> <span class='ocrx_word' id='word_1_146' title='bbox 1139 1683 1325 1722; x_wconf 90' lang='lat' dir='ltr'><strong>amore</strong></span> <span class='ocrx_word' id='word_1_147' title='bbox 1364 1670 1673 1738; x_wconf 83' lang='lat' dir='ltr'><strong>opinionem</strong></span> <span class='ocrx_word' id='word_1_148' title='bbox 1713 1670 1946 1725; x_wconf 83' lang='lat' dir='ltr'><strong>validius</strong></span> <span class='ocrx_word' id='word_1_149' title='bbox 1991 1671 2094 1724; x_wconf 84' lang='lat' dir='ltr'><strong>ali-</strong></span> 
     </span>
    </p>
   </div>
   <div class='ocr_carea' id='block_1_22' title="bbox 530 1739 1520 1809">
    <p class='ocr_par' dir='ltr' id='par_1_22' title="bbox 530 1739 1520 1809">
     <span class='ocr_line' id='line_1_22' title="bbox 530 1739 1520 1809; baseline 0.002 -19"><span class='ocrx_word' id='word_1_150' title='bbox 530 1742 660 1808; x_wconf 77' lang='lat' dir='ltr'><strong>quid</strong></span> <span class='ocrx_word' id='word_1_151' title='bbox 693 1750 746 1792; x_wconf 92' lang='lat' dir='ltr'><strong>et</strong></span> <span class='ocrx_word' id='word_1_152' title='bbox 769 1739 1042 1793; x_wconf 75' lang='lat' dir='ltr'><strong>efﬁcacius</strong></span> <span class='ocrx_word' id='word_1_153' title='bbox 1072 1741 1306 1808; x_wconf 68' lang='lat' dir='ltr'><strong>proferri</strong></span> <span class='ocrx_word' id='word_1_154' title='bbox 1334 1751 1520 1809; x_wconf 84' lang='lat' dir='ltr'><strong>queat.</strong></span> 
     </span>
    </p>
   </div>
   <div class='ocr_carea' id='block_1_23' title="bbox 606 1808 2095 1878">
    <p class='ocr_par' dir='ltr' id='par_1_23' title="bbox 606 1808 2095 1878">
     <span class='ocr_line' id='line_1_23' title="bbox 606 1808 2095 1878; baseline -0.001 -14"><span class='ocrx_word' id='word_1_155' title='bbox 606 1809 812 1876; x_wconf 89' lang='lat' dir='ltr'><strong>Urgent</strong></span> <span class='ocrx_word' id='word_1_156' title='bbox 860 1821 1060 1872; x_wconf 90' lang='lat' dir='ltr'><strong>tamen,</strong></span> <span class='ocrx_word' id='word_1_157' title='bbox 1108 1821 1163 1863; x_wconf 91' lang='lat' dir='ltr'><strong>et</strong></span> <span class='ocrx_word' id='word_1_158' title='bbox 1209 1808 1545 1864; x_wconf 89' lang='lat' dir='ltr'><strong>contendunt</strong></span> <span class='ocrx_word' id='word_1_159' title='bbox 1587 1827 1606 1860; x_wconf 79' lang='grc' dir='ltr'><strong>ι</strong></span> <span class='ocrx_word' id='word_1_160' title='bbox 1643 1825 1834 1878; x_wconf 92' lang='lat' dir='ltr'><strong>purum</strong></span> <span class='ocrx_word' id='word_1_161' title='bbox 1873 1827 1892 1860; x_wconf 74' lang='grc' dir='ltr'><strong>ι</strong></span> <span class='ocrx_word' id='word_1_162' title='bbox 1943 1808 2095 1863; x_wconf 90' lang='lat' dir='ltr'><strong>illum</strong></span> 
     </span>
    </p>
   </div>
   <div class='ocr_carea' id='block_1_24' title="bbox 2167 621 3701 695">
    <p class='ocr_par' dir='ltr' id='par_1_24' title="bbox 2167 621 3701 695">
     <span class='ocr_line' id='line_1_24' title="bbox 2167 621 3701 695; baseline -0.002 -17"><span class='ocrx_word' id='word_1_163' title='bbox 2167 625 2566 695; x_wconf 83' lang='lat' dir='ltr'><strong>transcendit).</strong></span> <span class='ocrx_word' id='word_1_164' title='bbox 2618 630 2752 679; x_wconf 85' lang='lat' dir='ltr'><strong>Cum</strong></span> <span class='ocrx_word' id='word_1_165' title='bbox 2818 636 2999 678; x_wconf 78' lang='lat' dir='ltr'><strong>autem</strong></span> <span class='ocrx_word' id='word_1_166' title='bbox 3067 621 3409 695; x_wconf 68' lang='lat' dir='ltr'><strong>judicaverit</strong></span> <span class='ocrx_word' id='word_1_167' title='bbox 3473 626 3701 695; x_wconf 72' lang='lat' dir='ltr'><strong>pulchrum</strong></span> 
     </span>
    </p>
   </div>
   <div class='ocr_carea' id='block_1_25' title="bbox 2167 689 3703 764">
    <p class='ocr_par' dir='ltr' id='par_1_25' title="bbox 2167 689 3703 764">
     <span class='ocr_line' id='line_1_25' title="bbox 2167 689 3703 764; baseline -0.005 -15"><span class='ocrx_word' id='word_1_168' title='bbox 2167 709 2290 749; x_wconf 90' lang='lat' dir='ltr'><strong>esse</strong></span> <span class='ocrx_word' id='word_1_169' title='bbox 2319 705 2374 750; x_wconf 87' lang='lat' dir='ltr'><strong>et</strong></span> <span class='ocrx_word' id='word_1_170' title='bbox 2407 689 2697 750; x_wconf 82' lang='lat' dir='ltr'><strong>honestum</strong></span> <span class='ocrx_word' id='word_1_171' title='bbox 2731 696 2783 750; x_wconf 87' lang='lat' dir='ltr'><strong>id</strong></span> <span class='ocrx_word' id='word_1_172' title='bbox 2816 695 2962 764; x_wconf 89' lang='lat' dir='ltr'><strong>quod</strong></span> <span class='ocrx_word' id='word_1_173' title='bbox 2997 695 3201 748; x_wconf 88' lang='lat' dir='ltr'><strong>bonum</strong></span> <span class='ocrx_word' id='word_1_174' title='bbox 3245 699 3336 744; x_wconf 86' lang='lat' dir='ltr'><strong>est</strong></span> <span class='ocrx_word' id='word_1_175' title='bbox 3361 689 3551 764; x_wconf 68' lang='lat' dir='ltr'><strong>facere,</strong></span> <span class='ocrx_word' id='word_1_176' title='bbox 3578 693 3703 744; x_wconf 80' lang='lat' dir='ltr'><strong>vehe-</strong></span> 
     </span>
    </p>
   </div>
   <div class='ocr_carea' id='block_1_26' title="bbox 2171 759 3705 836">
    <p class='ocr_par' dir='ltr' id='par_1_26' title="bbox 2171 759 3705 836">
     <span class='ocr_line' id='line_1_26' title="bbox 2171 759 3705 836; baseline -0.003 -16"><span class='ocrx_word' id='word_1_177' title='bbox 2171 776 2387 820; x_wconf 85' lang='lat' dir='ltr'><strong>menter</strong></span> <span class='ocrx_word' id='word_1_178' title='bbox 2417 767 2638 822; x_wconf 84' lang='lat' dir='ltr'><strong>incitata</strong></span> <span class='ocrx_word' id='word_1_179' title='bbox 2668 759 2914 836; x_wconf 77' lang='lat' dir='ltr'><strong>operatio</strong></span> <span class='ocrx_word' id='word_1_180' title='bbox 2947 766 3001 818; x_wconf 89' lang='lat' dir='ltr'><strong>in</strong></span> <span class='ocrx_word' id='word_1_181' title='bbox 3031 763 3299 818; x_wconf 89' lang='lat' dir='ltr'><strong>omnibus</strong></span> <span class='ocrx_word' id='word_1_182' title='bbox 3332 759 3506 836; x_wconf 73' lang='lat' dir='ltr'><strong>reipsa</strong></span> <span class='ocrx_word' id='word_1_183' title='bbox 3533 761 3647 815; x_wconf 83' lang='lat' dir='ltr'><strong>bene</strong></span> <span class='ocrx_word' id='word_1_184' title='bbox 3668 778 3705 816; x_wconf 76' lang='lat' dir='ltr'><strong>se</strong></span> 
     </span>
    </p>
   </div>
   <div class='ocr_carea' id='block_1_27' title="bbox 2173 831 3707 908">
    <p class='ocr_par' dir='ltr' id='par_1_27' title="bbox 2173 831 3707 908">
     <span class='ocr_line' id='line_1_27' title="bbox 2173 831 3707 908; baseline -0.003 -18"><span class='ocrx_word' id='word_1_185' title='bbox 2173 837 2340 908; x_wconf 81' lang='lat' dir='ltr'><strong>gerit,</strong></span> <span class='ocrx_word' id='word_1_186' title='bbox 2371 853 2483 908; x_wconf 76' lang='lat' dir='ltr'><strong>non</strong></span> <span class='ocrx_word' id='word_1_187' title='bbox 2507 839 2595 908; x_wconf 90' lang='lat' dir='ltr'><strong>_in_</strong></span> <span class='ocrx_word' id='word_1_188' title='bbox 2628 831 2821 908; x_wconf 69' lang='lat' dir='ltr'><strong>aliquo</strong></span> <span class='ocrx_word' id='word_1_189' title='bbox 2851 836 3067 908; x_wconf 71' lang='lat' dir='ltr'><strong>quidem</strong></span> <span class='ocrx_word' id='word_1_190' title='bbox 3089 843 3268 908; x_wconf 83' lang='lat' dir='ltr'><strong>_recte</strong></span> <span class='ocrx_word' id='word_1_191' title='bbox 3287 873 3302 896; x_wconf 93' lang='lat'><strong>,</strong></span> <span class='ocrx_word' id='word_1_192' title='bbox 3339 831 3396 908; x_wconf 74' lang='lat' dir='ltr'><strong>in</strong></span> <span class='ocrx_word' id='word_1_193' title='bbox 3429 833 3594 901; x_wconf 85' lang='lat' dir='ltr'><strong>aliquo</strong></span> <span class='ocrx_word' id='word_1_194' title='bbox 3616 849 3707 885; x_wconf 75' lang='lat' dir='ltr'><strong>vero</strong></span> 
     </span>
    </p>
   </div>
   <div class='ocr_carea' id='block_1_28' title="bbox 2192 901 3708 967">
    <p class='ocr_par' dir='ltr' id='par_1_28' title="bbox 2192 901 3708 967">
     <span class='ocr_line' id='line_1_28' title="bbox 2192 901 3708 967; baseline -0.003 -9"><span class='ocrx_word' id='word_1_195' title='bbox 2192 901 2339 958; x_wconf 72' lang='lat' dir='ltr'><strong>ilo&quot;;</strong></span> <span class='ocrx_word' id='word_1_196' title='bbox 2393 901 2561 958; x_wconf 88' lang='lat' dir='ltr'><strong>sedin</strong></span> <span class='ocrx_word' id='word_1_197' title='bbox 2584 901 2947 957; x_wconf 81' lang='lat' dir='ltr'><strong>benefaciendi</strong></span> <span class='ocrx_word' id='word_1_198' title='bbox 2976 904 3162 957; x_wconf 86' lang='lat' dir='ltr'><strong>habitu</strong></span> <span class='ocrx_word' id='word_1_199' title='bbox 3204 902 3531 963; x_wconf 83' lang='lat' dir='ltr'><strong>constituta,</strong></span> <span class='ocrx_word' id='word_1_200' title='bbox 3578 916 3708 967; x_wconf 76' lang='lat' dir='ltr'><strong>neque</strong></span> 
     </span>
    </p>
   </div>
   <div class='ocr_carea' id='block_1_29' title="bbox 2192 970 3707 1038">
    <p class='ocr_par' dir='ltr' id='par_1_29' title="bbox 2192 970 3707 1038">
     <span class='ocr_line' id='line_1_29' title="bbox 2192 970 3707 1038; baseline 0.001 -20"><span class='ocrx_word' id='word_1_201' title='bbox 2192 975 2458 1038; x_wconf 67' lang='lat' dir='ltr'><strong>prieterea</strong></span> <span class='ocrx_word' id='word_1_202' title='bbox 2509 978 2731 1038; x_wconf 84' lang='lat' dir='ltr'><strong>prOpter</strong></span> <span class='ocrx_word' id='word_1_203' title='bbox 2771 971 3020 1037; x_wconf 78' lang='lat' dir='ltr'><strong>gloriam,</strong></span> <span class='ocrx_word' id='word_1_204' title='bbox 3062 983 3178 1031; x_wconf 87' lang='lat' dir='ltr'><strong>aut,</strong></span> <span class='ocrx_word' id='word_1_205' title='bbox 3235 980 3298 1022; x_wconf 92' lang='lat' dir='ltr'><strong>ut</strong></span> <span class='ocrx_word' id='word_1_206' title='bbox 3328 970 3614 1038; x_wconf 77' lang='lat' dir='ltr'><strong>philosophi</strong></span> <span class='ocrx_word' id='word_1_207' title='bbox 3650 974 3707 1022; x_wconf 81' lang='lat' dir='ltr'><strong>di-</strong></span> 
     </span>
    </p>
   </div>
   <div class='ocr_carea' id='block_1_30' title="bbox 2194 1036 3709 1108">
    <p class='ocr_par' dir='ltr' id='par_1_30' title="bbox 2194 1036 3709 1108">
     <span class='ocr_line' id='line_1_30' title="bbox 2194 1036 3709 1108; baseline 0.003 -19"><span class='ocrx_word' id='word_1_208' title='bbox 2194 1036 2576 1108; x_wconf 15' lang='lat' dir='ltr'><strong>ettnl,ifamam</strong></span> <span class='ocrx_word' id='word_1_209' title='bbox 2620 1036 2904 1108; x_wconf 84' lang='lat' dir='ltr'><strong>illustrem,</strong></span> <span class='ocrx_word' id='word_1_210' title='bbox 2949 1056 3122 1108; x_wconf 79' lang='lat' dir='ltr'><strong>neque</strong></span> <span class='ocrx_word' id='word_1_211' title='bbox 3158 1051 3393 1106; x_wconf 66' lang='lat' dir='ltr'><strong>promer</strong></span> <span class='ocrx_word' id='word_1_212' title='bbox 3441 1036 3709 1097; x_wconf 69' lang='lat' dir='ltr'><strong>uteri-edent.</strong></span> 
     </span>
    </p>
   </div>
   <div class='ocr_carea' id='block_1_31' title="bbox 2193 1107 3708 1177">
    <p class='ocr_par' dir='ltr' id='par_1_31' title="bbox 2193 1107 3708 1177">
     <span class='ocr_line' id='line_1_31' title="bbox 2193 1107 3708 1177; baseline 0.004 -20"><span class='ocrx_word' id='word_1_213' title='bbox 2193 1107 2388 1177; x_wconf 85' lang='lat' dir='ltr'><strong>autab</strong></span> <span class='ocrx_word' id='word_1_214' title='bbox 2419 1107 2748 1171; x_wconf 90' lang='lat' dir='ltr'><strong>hominibus,</strong></span> <span class='ocrx_word' id='word_1_215' title='bbox 2775 1119 2864 1160; x_wconf 91' lang='lat' dir='ltr'><strong>aut</strong></span> <span class='ocrx_word' id='word_1_216' title='bbox 2893 1126 2922 1163; x_wconf 88' lang='lat' dir='ltr'><strong>a</strong></span> <span class='ocrx_word' id='word_1_217' title='bbox 2955 1107 3086 1174; x_wconf 85' lang='lat' dir='ltr'><strong>Deo,</strong></span> <span class='ocrx_word' id='word_1_218' title='bbox 3113 1111 3176 1162; x_wconf 86' lang='lat' dir='ltr'><strong>ad</strong></span> <span class='ocrx_word' id='word_1_219' title='bbox 3227 1111 3526 1177; x_wconf 78' lang='lat' dir='ltr'><strong>imaginem</strong></span> <span class='ocrx_word' id='word_1_220' title='bbox 3574 1120 3619 1164; x_wconf 89' lang='lat' dir='ltr'><strong>et</strong></span> <span class='ocrx_word' id='word_1_221' title='bbox 3663 1113 3708 1163; x_wconf 77' lang='lat' dir='ltr'><strong>si-</strong></span> 
     </span>
    </p>
   </div>
   <div class='ocr_carea' id='block_1_32' title="bbox 2195 1154 3773 1249">
    <p class='ocr_par' dir='ltr' id='par_1_32' title="bbox 2195 1154 3773 1249">
     <span class='ocr_line' id='line_1_32' title="bbox 2195 1154 3773 1249; baseline 0.006 -23"><span class='ocrx_word' id='word_1_222' title='bbox 2195 1176 2553 1249; x_wconf 81' lang='lat' dir='ltr'><strong>tttilitttdiuent</strong></span> <span class='ocrx_word' id='word_1_223' title='bbox 2603 1154 2812 1249; x_wconf 76' lang='lat' dir='ltr'><strong>Domini</strong></span> <span class='ocrx_word' id='word_1_224' title='bbox 2852 1154 3383 1249; x_wconf 54' lang='lat' dir='ltr'><strong>t&#39;itattivperegerit?</strong></span> <span class='ocrx_word' id='word_1_225' title='bbox 3423 1199 3441 1230; x_wconf 78' lang='grc' dir='ltr'><strong>ι</strong></span> <span class='ocrx_word' id='word_1_226' title='bbox 3481 1154 3623 1246; x_wconf 63' lang='lat' dir='ltr'><strong>Quid,</strong></span> 
     </span>
    </p>
   </div>
   <div class='ocr_carea' id='block_1_33' title="bbox 2195 1247 3713 1312">
    <p class='ocr_par' dir='ltr' id='par_1_33' title="bbox 2195 1247 3713 1312">
     <span class='ocr_line' id='line_1_33' title="bbox 2195 1247 3713 1312; baseline 0.005 -18"><span class='ocrx_word' id='word_1_227' title='bbox 2195 1247 2410 1312; x_wconf 91' lang='lat' dir='ltr'><strong>quiuttl,</strong></span> <span class='ocrx_word' id='word_1_228' title='bbox 2443 1247 2508 1299; x_wconf 91' lang='lat' dir='ltr'><strong>ad</strong></span> <span class='ocrx_word' id='word_1_229' title='bbox 2537 1261 2730 1312; x_wconf 91' lang='lat' dir='ltr'><strong>purum</strong></span> <span class='ocrx_word' id='word_1_230' title='bbox 2773 1247 2865 1302; x_wconf 88' lang='lat' dir='ltr'><strong>Dei</strong></span> <span class='ocrx_word' id='word_1_231' title='bbox 2897 1247 3137 1304; x_wconf 80' lang='lat' dir='ltr'><strong>amorem</strong></span> <span class='ocrx_word' id='word_1_232' title='bbox 3174 1247 3571 1303; x_wconf 81' lang='lat' dir='ltr'><strong>declarandum</strong></span> <span class='ocrx_word' id='word_1_233' title='bbox 3595 1263 3638 1302; x_wconf 87' lang='lat' dir='ltr'><strong>et</strong></span> <span class='ocrx_word' id='word_1_234' title='bbox 3657 1269 3713 1302; x_wconf 77' lang='lat' dir='ltr'><strong>as-</strong></span> 
     </span>
    </p>
   </div>
   <div class='ocr_carea' id='block_1_34' title="bbox 2196 1315 3712 1382">
    <p class='ocr_par' dir='ltr' id='par_1_34' title="bbox 2196 1315 3712 1382">
     <span class='ocr_line' id='line_1_34' title="bbox 2196 1315 3712 1382; baseline 0.001 -14"><span class='ocrx_word' id='word_1_235' title='bbox 2196 1315 2480 1369; x_wconf 85' lang='lat' dir='ltr'><strong>serendtuu</strong></span> <span class='ocrx_word' id='word_1_236' title='bbox 2509 1317 2712 1371; x_wconf 90' lang='lat' dir='ltr'><strong>clarius</strong></span> <span class='ocrx_word' id='word_1_237' title='bbox 2745 1329 2802 1372; x_wconf 89' lang='lat' dir='ltr'><strong>et</strong></span> <span class='ocrx_word' id='word_1_238' title='bbox 2829 1319 3154 1374; x_wconf 85' lang='lat' dir='ltr'><strong>dilucidius?</strong></span> <span class='ocrx_word' id='word_1_239' title='bbox 3174 1322 3478 1374; x_wconf 82' lang='lat' dir='ltr'><strong>Enimvero</strong></span> <span class='ocrx_word' id='word_1_240' title='bbox 3501 1321 3712 1382; x_wconf 76' lang='lat' dir='ltr'><strong>Clemens,</strong></span> 
     </span>
    </p>
   </div>
   <div class='ocr_carea' id='block_1_35' title="bbox 2198 1386 3712 1458">
    <p class='ocr_par' dir='ltr' id='par_1_35' title="bbox 2198 1386 3712 1458">
     <span class='ocr_line' id='line_1_35' title="bbox 2198 1386 3712 1458; baseline 0.005 -22"><span class='ocrx_word' id='word_1_241' title='bbox 2198 1397 2427 1458; x_wconf 74' lang='lat' dir='ltr'><strong>pergunt</strong></span> <span class='ocrx_word' id='word_1_242' title='bbox 2460 1386 2554 1458; x_wconf 83' lang='lat' dir='ltr'><strong>illi,</strong></span> <span class='ocrx_word' id='word_1_243' title='bbox 2615 1388 2686 1440; x_wconf 85' lang='lat' dir='ltr'><strong>ibi</strong></span> <span class='ocrx_word' id='word_1_244' title='bbox 2729 1391 3008 1458; x_wconf 81' lang='lat' dir='ltr'><strong>expressis</strong></span> <span class='ocrx_word' id='word_1_245' title='bbox 3039 1394 3216 1444; x_wconf 78' lang='lat' dir='ltr'><strong>verbis</strong></span> <span class='ocrx_word' id='word_1_246' title='bbox 3255 1389 3425 1443; x_wconf 86' lang='lat' dir='ltr'><strong>docet</strong></span> <span class='ocrx_word' id='word_1_247' title='bbox 3469 1392 3712 1457; x_wconf 79' lang='lat' dir='ltr'><strong>guosticuut</strong></span> 
     </span>
    </p>
   </div>
   <div class='ocr_carea' id='block_1_36' title="bbox 2199 1455 3714 1528">
    <p class='ocr_par' dir='ltr' id='par_1_36' title="bbox 2199 1455 3714 1528">
     <span class='ocr_line' id='line_1_36' title="bbox 2199 1455 3714 1528; baseline 0.005 -22"><span class='ocrx_word' id='word_1_248' title='bbox 2199 1455 2289 1528; x_wconf 79' lang='lat' dir='ltr'><strong>Dei</strong></span> <span class='ocrx_word' id='word_1_249' title='bbox 2323 1456 2684 1522; x_wconf 78' lang='lat' dir='ltr'><strong>cognitionem</strong></span> <span class='ocrx_word' id='word_1_250' title='bbox 2717 1455 2927 1513; x_wconf 49' lang='lat' dir='ltr'><strong>(veteris</strong></span> <span class='ocrx_word' id='word_1_251' title='bbox 2954 1463 3207 1514; x_wconf 89' lang='lat' dir='ltr'><strong>omnibus</strong></span> <span class='ocrx_word' id='word_1_252' title='bbox 3235 1461 3324 1514; x_wconf 89' lang='lat' dir='ltr'><strong>sie</strong></span> <span class='ocrx_word' id='word_1_253' title='bbox 3353 1455 3616 1528; x_wconf 66' lang='lat' dir='ltr'><strong>praeferre,</strong></span> <span class='ocrx_word' id='word_1_254' title='bbox 3635 1464 3714 1513; x_wconf 72' lang='lat' dir='ltr'><strong>sive</strong></span> 
     </span>
    </p>
   </div>
   <div class='ocr_carea' id='block_1_37' title="bbox 2197 1526 3714 1600">
    <p class='ocr_par' dir='ltr' id='par_1_37' title="bbox 2197 1526 3714 1600">
     <span class='ocr_line' id='line_1_37' title="bbox 2197 1526 3714 1600; baseline -0.001 -20"><span class='ocrx_word' id='word_1_255' title='bbox 2197 1526 2367 1580; x_wconf 89' lang='lat' dir='ltr'><strong>Deum</strong></span> <span class='ocrx_word' id='word_1_256' title='bbox 2413 1528 2483 1579; x_wconf 82' lang='lat' dir='ltr'><strong>ita</strong></span> <span class='ocrx_word' id='word_1_257' title='bbox 2514 1541 2723 1600; x_wconf 85' lang='lat' dir='ltr'><strong>amare,</strong></span> <span class='ocrx_word' id='word_1_258' title='bbox 2748 1539 2805 1580; x_wconf 87' lang='lat' dir='ltr'><strong>ut</strong></span> <span class='ocrx_word' id='word_1_259' title='bbox 2838 1530 2987 1582; x_wconf 92' lang='lat' dir='ltr'><strong>illum</strong></span> <span class='ocrx_word' id='word_1_260' title='bbox 3033 1546 3205 1597; x_wconf 89' lang='lat' dir='ltr'><strong>neque</strong></span> <span class='ocrx_word' id='word_1_261' title='bbox 3253 1526 3487 1600; x_wconf 80' lang='lat' dir='ltr'><strong>propter</strong></span> <span class='ocrx_word' id='word_1_262' title='bbox 3522 1531 3714 1598; x_wconf 77' lang='lat' dir='ltr'><strong>gloriam,</strong></span> 
     </span>
    </p>
   </div>
   <div class='ocr_carea' id='block_1_38' title="bbox 2197 1599 3717 1668">
    <p class='ocr_par' dir='ltr' id='par_1_38' title="bbox 2197 1599 3717 1668">
     <span class='ocr_line' id='line_1_38' title="bbox 2197 1599 3717 1668; baseline 0.003 -20"><span class='ocrx_word' id='word_1_263' title='bbox 2197 1611 2372 1662; x_wconf 88' lang='lat' dir='ltr'><strong>neque</strong></span> <span class='ocrx_word' id='word_1_264' title='bbox 2405 1607 2637 1668; x_wconf 83' lang='lat' dir='ltr'><strong>propter</strong></span> <span class='ocrx_word' id='word_1_265' title='bbox 2672 1599 2827 1652; x_wconf 71' lang='lat' dir='ltr'><strong>littore</strong></span> <span class='ocrx_word' id='word_1_266' title='bbox 2869 1599 3270 1666; x_wconf 70' lang='lat' dir='ltr'><strong>celebritatem,</strong></span> <span class='ocrx_word' id='word_1_267' title='bbox 3332 1615 3510 1668; x_wconf 90' lang='lat' dir='ltr'><strong>neque</strong></span> <span class='ocrx_word' id='word_1_268' title='bbox 3553 1612 3717 1668; x_wconf 70' lang='lat' dir='ltr'><strong>prOpIer</strong></span> 
     </span>
    </p>
   </div>
   <div class='ocr_carea' id='block_1_39' title="bbox 2199 1667 3720 1738">
    <p class='ocr_par' dir='ltr' id='par_1_39' title="bbox 2199 1667 3720 1738">
     <span class='ocr_line' id='line_1_39' title="bbox 2199 1667 3720 1738; baseline 0.003 -22"><span class='ocrx_word' id='word_1_269' title='bbox 2199 1667 2530 1738; x_wconf 80' lang='lat' dir='ltr'><strong>mercedem,</strong></span> <span class='ocrx_word' id='word_1_270' title='bbox 2559 1679 2653 1721; x_wconf 89' lang='lat' dir='ltr'><strong>aut</strong></span> <span class='ocrx_word' id='word_1_271' title='bbox 2679 1671 2746 1719; x_wconf 88' lang='lat' dir='ltr'><strong>ah</strong></span> <span class='ocrx_word' id='word_1_272' title='bbox 2772 1669 3098 1732; x_wconf 91' lang='lat' dir='ltr'><strong>hominibus,</strong></span> <span class='ocrx_word' id='word_1_273' title='bbox 3133 1681 3226 1723; x_wconf 89' lang='lat' dir='ltr'><strong>aut</strong></span> <span class='ocrx_word' id='word_1_274' title='bbox 3252 1670 3328 1722; x_wconf 87' lang='lat' dir='ltr'><strong>ab</strong></span> <span class='ocrx_word' id='word_1_275' title='bbox 3355 1667 3476 1738; x_wconf 86' lang='lat' dir='ltr'><strong>ipso</strong></span> <span class='ocrx_word' id='word_1_276' title='bbox 3505 1671 3601 1723; x_wconf 90' lang='lat' dir='ltr'><strong>Deo</strong></span> <span class='ocrx_word' id='word_1_277' title='bbox 3620 1667 3720 1721; x_wconf 73' lang='lat' dir='ltr'><strong>acci-</strong></span> 
     </span>
    </p>
   </div>
   <div class='ocr_carea' id='block_1_40' title="bbox 2199 1734 3715 1808">
    <p class='ocr_par' dir='ltr' id='par_1_40' title="bbox 2199 1734 3715 1808">
     <span class='ocr_line' id='line_1_40' title="bbox 2199 1734 3715 1808; baseline 0.001 -20"><span class='ocrx_word' id='word_1_278' title='bbox 2199 1734 2472 1808; x_wconf 88' lang='lat' dir='ltr'><strong>piendam,</strong></span> <span class='ocrx_word' id='word_1_279' title='bbox 2503 1739 2596 1790; x_wconf 89' lang='lat' dir='ltr'><strong>sed</strong></span> <span class='ocrx_word' id='word_1_280' title='bbox 2624 1750 2842 1806; x_wconf 82' lang='lat' dir='ltr'><strong>propter</strong></span> <span class='ocrx_word' id='word_1_281' title='bbox 2866 1740 3013 1792; x_wconf 90' lang='lat' dir='ltr'><strong>illum</strong></span> <span class='ocrx_word' id='word_1_282' title='bbox 3040 1741 3342 1808; x_wconf 86' lang='lat' dir='ltr'><strong>ipsututnet</strong></span> <span class='ocrx_word' id='word_1_283' title='bbox 3368 1734 3539 1794; x_wconf 79' lang='lat' dir='ltr'><strong>solum</strong></span> <span class='ocrx_word' id='word_1_284' title='bbox 3562 1740 3715 1807; x_wconf 76' lang='lat' dir='ltr'><strong>diligat.</strong></span> 
     </span>
    </p>
   </div>
   <div class='ocr_carea' id='block_1_41' title="bbox 2199 1806 3718 1878">
    <p class='ocr_par' dir='ltr' id='par_1_41' title="bbox 2199 1806 3718 1878">
     <span class='ocr_line' id='line_1_41' title="bbox 2199 1806 3718 1878; baseline 0.003 -20"><span class='ocrx_word' id='word_1_285' title='bbox 2199 1806 2337 1878; x_wconf 84' lang='lat' dir='ltr'><strong>Quid</strong></span> <span class='ocrx_word' id='word_1_286' title='bbox 2365 1821 2524 1878; x_wconf 87' lang='lat' dir='ltr'><strong>vero,</strong></span> <span class='ocrx_word' id='word_1_287' title='bbox 2554 1811 2698 1876; x_wconf 88' lang='lat' dir='ltr'><strong>qttod</strong></span> <span class='ocrx_word' id='word_1_288' title='bbox 2725 1808 2892 1863; x_wconf 91' lang='lat' dir='ltr'><strong>Deum</strong></span> <span class='ocrx_word' id='word_1_289' title='bbox 2923 1806 3107 1864; x_wconf 85' lang='lat' dir='ltr'><strong>amore</strong></span> <span class='ocrx_word' id='word_1_290' title='bbox 3148 1822 3257 1864; x_wconf 85' lang='lat' dir='ltr'><strong>tam</strong></span> <span class='ocrx_word' id='word_1_291' title='bbox 3291 1825 3438 1878; x_wconf 83' lang='lat' dir='ltr'><strong>pum</strong></span> <span class='ocrx_word' id='word_1_292' title='bbox 3479 1806 3650 1878; x_wconf 75' lang='lat' dir='ltr'><strong>diligit,</strong></span> <span class='ocrx_word' id='word_1_293' title='bbox 3680 1825 3718 1862; x_wconf 85' lang='lat' dir='ltr'><strong>ut</strong></span> 
     </span>
    </p>
   </div>
   <div class='ocr_carea' id='block_1_42' title="bbox 537 1877 3722 1961">
    <p class='ocr_par' dir='ltr' id='par_1_42' title="bbox 537 1877 3722 1961">
     <span class='ocr_line' id='line_1_42' title="bbox 537 1877 3722 1961; baseline 0 -30"><span class='ocrx_word' id='word_1_294' title='bbox 537 1878 626 1932; x_wconf 79' lang='lat' dir='ltr'><strong>Dei</strong></span> <span class='ocrx_word' id='word_1_295' title='bbox 677 1895 916 1961; x_wconf 44' lang='lat' dir='ltr'><strong>antorem</strong></span> <span class='ocrx_word' id='word_1_296' title='bbox 958 1879 1044 1961; x_wconf 66' lang='lat' dir='ltr'><strong>his</strong></span> <span class='ocrx_word' id='word_1_297' title='bbox 1088 1881 1367 1961; x_wconf 70' lang='lat' dir='ltr'><strong>evidenter</strong></span> <span class='ocrx_word' id='word_1_298' title='bbox 1406 1877 1920 1961; x_wconf 36' lang='lat' dir='ltr'><strong>proltari&#39;ejusdetn</strong></span> <span class='ocrx_word' id='word_1_299' title='bbox 1978 1881 2098 1961; x_wconf 78' lang='lat' dir='ltr'><strong>Cle-</strong></span> <span class='ocrx_word' id='word_1_300' title='bbox 2127 1903 2170 1958; x_wconf 72' lang='grc' dir='ltr'><strong>Β</strong></span> <span class='ocrx_word' id='word_1_301' title='bbox 2200 1877 2327 1930; x_wconf 90' lang='lat' dir='ltr'><strong>huic</strong></span> <span class='ocrx_word' id='word_1_302' title='bbox 2354 1877 2586 1961; x_wconf 74' lang='lat' dir='ltr'><strong>salutem</strong></span> <span class='ocrx_word' id='word_1_303' title='bbox 2627 1889 2909 1943; x_wconf 52' lang='lat' dir='ltr'><strong>aeternam,</strong></span> <span class='ocrx_word' id='word_1_304' title='bbox 2956 1882 3000 1932; x_wconf 93' lang='lat' dir='ltr'><strong>si</strong></span> <span class='ocrx_word' id='word_1_305' title='bbox 3036 1877 3454 1961; x_wconf 82' lang='lat' dir='ltr'><strong>ab__i|lo_posset</strong></span> <span class='ocrx_word' id='word_1_306' title='bbox 3491 1877 3722 1961; x_wconf 66' lang='lat' dir='ltr'><strong>aliquando</strong></span> 
     </span>
    </p>
   </div>
   <div class='ocr_carea' id='block_1_43' title="bbox 536 1949 2096 2019">
    <p class='ocr_par' dir='ltr' id='par_1_43' title="bbox 536 1949 2096 2019">
     <span class='ocr_line' id='line_1_43' title="bbox 536 1949 2096 2019; baseline 0.002 -17"><span class='ocrx_word' id='word_1_307' title='bbox 536 1951 730 2004; x_wconf 89' lang='lat' dir='ltr'><strong>mentis</strong></span> <span class='ocrx_word' id='word_1_308' title='bbox 753 1950 935 2004; x_wconf 90' lang='lat' dir='ltr'><strong>verbis</strong></span> <span class='ocrx_word' id='word_1_309' title='bbox 973 1949 1058 2002; x_wconf 75' lang='grc' dir='ltr'><strong>δίε</strong></span> <span class='ocrx_word' id='word_1_310' title='bbox 1098 1969 1115 2002; x_wconf 74' lang='grc' dir='ltr'><strong><em>ο</em></strong></span> <span class='ocrx_word' id='word_1_311' title='bbox 1151 1951 1206 2003; x_wconf 86' lang='lat' dir='ltr'><strong>Si</strong></span> <span class='ocrx_word' id='word_1_312' title='bbox 1249 1965 1378 2019; x_wconf 86' lang='lat' dir='ltr'><strong>ergo</strong></span> <span class='ocrx_word' id='word_1_313' title='bbox 1409 1949 1597 2005; x_wconf 86' lang='lat' dir='ltr'><strong>omnis</strong></span> <span class='ocrx_word' id='word_1_314' title='bbox 1643 1950 1978 2019; x_wconf 89' lang='lat' dir='ltr'><strong>conjunctio,</strong></span> <span class='ocrx_word' id='word_1_315' title='bbox 2017 1953 2096 2005; x_wconf 85' lang='lat' dir='ltr'><strong>oi-</strong></span> 
     </span>
    </p>
   </div>
   <div class='ocr_carea' id='block_1_44' title="bbox 533 2019 2093 2091">
    <p class='ocr_par' dir='ltr' id='par_1_44' title="bbox 533 2019 2093 2091">
     <span class='ocr_line' id='line_1_44' title="bbox 533 2019 2093 2091; baseline 0 -17"><span class='ocrx_word' id='word_1_316' title='bbox 533 2019 753 2084; x_wconf 81' lang='grc' dir='ltr'><strong>κείωσις</strong></span> <span class='ocrx_word' id='word_1_317' title='bbox 793 2019 1212 2091; x_wconf 80' lang='lat' dir='ltr'><strong>(familiaritas),</strong></span> <span class='ocrx_word' id='word_1_318' title='bbox 1244 2037 1364 2088; x_wconf 67' lang='lat' dir='ltr'><strong>quae</strong></span> <span class='ocrx_word' id='word_1_319' title='bbox 1388 2037 1509 2074; x_wconf 89' lang='lat' dir='ltr'><strong>cum</strong></span> <span class='ocrx_word' id='word_1_320' title='bbox 1541 2021 1627 2086; x_wconf 87' lang='lat' dir='ltr'><strong>iis,</strong></span> <span class='ocrx_word' id='word_1_321' title='bbox 1655 2038 1775 2091; x_wconf 67' lang='lat' dir='ltr'><strong>quae</strong></span> <span class='ocrx_word' id='word_1_322' title='bbox 1804 2033 1930 2075; x_wconf 89' lang='lat' dir='ltr'><strong>sunt</strong></span> <span class='ocrx_word' id='word_1_323' title='bbox 1958 2024 2093 2076; x_wconf 91' lang='lat' dir='ltr'><strong>bona</strong></span> 
     </span>
    </p>
   </div>
   <div class='ocr_carea' id='block_1_45' title="bbox 532 2090 2094 2161">
    <p class='ocr_par' dir='ltr' id='par_1_45' title="bbox 532 2090 2094 2161">
     <span class='ocr_line' id='line_1_45' title="bbox 532 2090 2094 2161; baseline 0.001 -17"><span class='ocrx_word' id='word_1_324' title='bbox 532 2099 589 2144; x_wconf 87' lang='lat' dir='ltr'><strong>et</strong></span> <span class='ocrx_word' id='word_1_325' title='bbox 625 2095 870 2156; x_wconf 90' lang='lat' dir='ltr'><strong>honesta,</strong></span> <span class='ocrx_word' id='word_1_326' title='bbox 920 2091 990 2145; x_wconf 84' lang='grc' dir='ltr'><strong>τὰ</strong></span> <span class='ocrx_word' id='word_1_327' title='bbox 1029 2090 1189 2151; x_wconf 80' lang='grc' dir='ltr'>καλὰ,</span> <span class='ocrx_word' id='word_1_328' title='bbox 1240 2093 1425 2155; x_wconf 91' lang='lat' dir='ltr'><strong>ittilur,</strong></span> <span class='ocrx_word' id='word_1_329' title='bbox 1470 2094 1527 2144; x_wconf 91' lang='lat' dir='ltr'><strong>lit</strong></span> <span class='ocrx_word' id='word_1_330' title='bbox 1567 2090 1688 2145; x_wconf 91' lang='lat' dir='ltr'><strong>cunt</strong></span> <span class='ocrx_word' id='word_1_331' title='bbox 1743 2093 2094 2161; x_wconf 84' lang='lat' dir='ltr'><strong>appetitione,</strong></span> 
     </span>
    </p>
   </div>
   <div class='ocr_carea' id='block_1_46' title="bbox 534 2161 2099 2230">
    <p class='ocr_par' dir='ltr' id='par_1_46' title="bbox 534 2161 2099 2230">
     <span class='ocr_line' id='line_1_46' title="bbox 534 2161 2099 2230; baseline 0.002 -16"><span class='ocrx_word' id='word_1_332' title='bbox 534 2163 804 2230; x_wconf 88' lang='lat' dir='ltr'><strong>quomodo</strong></span> <span class='ocrx_word' id='word_1_333' title='bbox 831 2170 1008 2229; x_wconf 86' lang='lat' dir='ltr'><strong>potest</strong></span> <span class='ocrx_word' id='word_1_334' title='bbox 1040 2178 1159 2215; x_wconf 87' lang='lat' dir='ltr'><strong>esse</strong></span> <span class='ocrx_word' id='word_1_335' title='bbox 1184 2162 1300 2216; x_wconf 89' lang='lat' dir='ltr'><strong>sine</strong></span> <span class='ocrx_word' id='word_1_336' title='bbox 1341 2161 1678 2229; x_wconf 84' lang='lat' dir='ltr'><strong>pussioniblts</strong></span> <span class='ocrx_word' id='word_1_337' title='bbox 1709 2163 1756 2216; x_wconf 88' lang='lat' dir='ltr'><strong>is</strong></span> <span class='ocrx_word' id='word_1_338' title='bbox 1775 2163 1865 2230; x_wconf 86' lang='lat' dir='ltr'><strong>qui</strong></span> <span class='ocrx_word' id='word_1_339' title='bbox 1890 2176 1952 2214; x_wconf 90' lang='lat' dir='ltr'><strong>ea</strong></span> <span class='ocrx_word' id='word_1_340' title='bbox 1978 2177 2099 2230; x_wconf 69' lang='lat' dir='ltr'><strong>qua:</strong></span> 
     </span>
    </p>
   </div>
   <div class='ocr_carea' id='block_1_47' title="bbox 535 2231 2100 2299">
    <p class='ocr_par' dir='ltr' id='par_1_47' title="bbox 535 2231 2100 2299">
     <span class='ocr_line' id='line_1_47' title="bbox 535 2231 2100 2299; baseline -0.001 -12"><span class='ocrx_word' id='word_1_341' title='bbox 535 2243 662 2287; x_wconf 86' lang='lat' dir='ltr'><strong>sunt</strong></span> <span class='ocrx_word' id='word_1_342' title='bbox 687 2233 910 2285; x_wconf 84' lang='lat' dir='ltr'><strong>honesta</strong></span> <span class='ocrx_word' id='word_1_343' title='bbox 943 2232 1182 2299; x_wconf 81' lang='lat' dir='ltr'><strong>expetit?</strong></span> <span class='ocrx_word' id='word_1_344' title='bbox 1213 2231 1318 2285; x_wconf 88' lang='lat' dir='ltr'><strong>Sed</strong></span> <span class='ocrx_word' id='word_1_345' title='bbox 1361 2233 1436 2295; x_wconf 93' lang='lat' dir='ltr'><strong>hi,</strong></span> <span class='ocrx_word' id='word_1_346' title='bbox 1480 2243 1537 2284; x_wconf 86' lang='grc' dir='ltr'><strong>ιιι</strong></span> <span class='ocrx_word' id='word_1_347' title='bbox 1581 2233 1814 2296; x_wconf 85' lang='lat' dir='ltr'><strong>videtur,</strong></span> <span class='ocrx_word' id='word_1_348' title='bbox 1852 2234 2100 2286; x_wconf 89' lang='lat' dir='ltr'><strong>nesciunt</strong></span> 
     </span>
    </p>
   </div>
   <div class='ocr_carea' id='block_1_48' title="bbox 538 2299 2100 2369">
    <p class='ocr_par' dir='ltr' id='par_1_48' title="bbox 538 2299 2100 2369">
     <span class='ocr_line' id='line_1_48' title="bbox 538 2299 2100 2369; baseline -0.002 -13"><span class='ocrx_word' id='word_1_349' title='bbox 538 2301 875 2356; x_wconf 86' lang='lat' dir='ltr'><strong>divinitatem</strong></span> <span class='ocrx_word' id='word_1_350' title='bbox 919 2302 1227 2355; x_wconf 87' lang='lat' dir='ltr'><strong>charitatis.</strong></span> <span class='ocrx_word' id='word_1_351' title='bbox 1281 2299 1398 2354; x_wconf 87' lang='lat' dir='ltr'><strong>Non</strong></span> <span class='ocrx_word' id='word_1_352' title='bbox 1433 2311 1518 2357; x_wconf 85' lang='lat' dir='ltr'><strong>est</strong></span> <span class='ocrx_word' id='word_1_353' title='bbox 1553 2303 1697 2356; x_wconf 90' lang='lat' dir='ltr'><strong>enim</strong></span> <span class='ocrx_word' id='word_1_354' title='bbox 1745 2305 1934 2369; x_wconf 89' lang='lat' dir='ltr'><strong>utique</strong></span> <span class='ocrx_word' id='word_1_355' title='bbox 1968 2303 2100 2356; x_wconf 83' lang='lat' dir='ltr'><strong>cha-</strong></span> 
     </span>
    </p>
   </div>
   <div class='ocr_carea' id='block_1_49' title="bbox 540 2372 2096 2441">
    <p class='ocr_par' dir='ltr' id='par_1_49' title="bbox 540 2372 2096 2441">
     <span class='ocr_line' id='line_1_49' title="bbox 540 2372 2096 2441; baseline 0 -16"><span class='ocrx_word' id='word_1_356' title='bbox 540 2373 674 2426; x_wconf 86' lang='lat' dir='ltr'><strong>ritas</strong></span> <span class='ocrx_word' id='word_1_357' title='bbox 699 2372 838 2441; x_wconf 91' lang='lat' dir='ltr'><strong>ejus,</strong></span> <span class='ocrx_word' id='word_1_358' title='bbox 890 2373 982 2440; x_wconf 87' lang='lat' dir='ltr'><strong>qui</strong></span> <span class='ocrx_word' id='word_1_359' title='bbox 1039 2373 1232 2438; x_wconf 77' lang='lat' dir='ltr'><strong>diligit,</strong></span> <span class='ocrx_word' id='word_1_360' title='bbox 1267 2373 1550 2441; x_wconf 87' lang='lat' dir='ltr'><strong>appetitio,</strong></span> <span class='ocrx_word' id='word_1_361' title='bbox 1589 2372 1684 2427; x_wconf 88' lang='lat' dir='ltr'><strong>sed</strong></span> <span class='ocrx_word' id='word_1_362' title='bbox 1709 2382 1796 2426; x_wconf 89' lang='lat' dir='ltr'><strong>est</strong></span> <span class='ocrx_word' id='word_1_363' title='bbox 1838 2372 2096 2428; x_wconf 87' lang='lat' dir='ltr'><strong>benevola</strong></span> 
     </span>
    </p>
   </div>
   <div class='ocr_carea' id='block_1_50' title="bbox 535 2441 2099 2515">
    <p class='ocr_par' dir='ltr' id='par_1_50' title="bbox 535 2441 2099 2515">
     <span class='ocr_line' id='line_1_50' title="bbox 535 2441 2099 2515; baseline 0 -19"><span class='ocrx_word' id='word_1_364' title='bbox 535 2453 590 2515; x_wconf 88' lang='lat' dir='ltr'><strong>et</strong></span> <span class='ocrx_word' id='word_1_365' title='bbox 621 2443 782 2515; x_wconf 77' lang='lat' dir='ltr'><strong>firma</strong></span> <span class='ocrx_word' id='word_1_366' title='bbox 803 2441 1129 2515; x_wconf 74' lang='lat' dir='ltr'><strong>coniunctio,</strong></span> <span class='ocrx_word' id='word_1_367' title='bbox 1157 2442 1445 2515; x_wconf 79' lang='grc' dir='ltr'><strong>στερκτικὴ</strong></span> <span class='ocrx_word' id='word_1_368' title='bbox 1467 2441 1864 2515; x_wconf 66' lang='grc' dir='ltr'><strong>οἰκείωσιςξ(εειι</strong></span> <span class='ocrx_word' id='word_1_369' title='bbox 1885 2442 2099 2496; x_wconf 89' lang='lat' dir='ltr'><strong>amandi</strong></span> 
     </span>
    </p>
   </div>
   <div class='ocr_carea' id='block_1_51' title="bbox 540 2513 2102 2582">
    <p class='ocr_par' dir='ltr' id='par_1_51' title="bbox 540 2513 2102 2582">
     <span class='ocr_line' id='line_1_51' title="bbox 540 2513 2102 2582; baseline 0.001 -17"><span class='ocrx_word' id='word_1_370' title='bbox 540 2514 590 2566; x_wconf 95' lang='lat' dir='ltr'><strong>vi</strong></span> <span class='ocrx_word' id='word_1_371' title='bbox 625 2513 846 2582; x_wconf 64' lang='lat' dir='ltr'><strong>praedita</strong></span> <span class='ocrx_word' id='word_1_372' title='bbox 877 2513 1260 2582; x_wconf 83' lang='lat' dir='ltr'><strong>fatttiliarilas),</strong></span> <span class='ocrx_word' id='word_1_373' title='bbox 1288 2515 1341 2566; x_wconf 91' lang='lat' dir='ltr'><strong>itt</strong></span> <span class='ocrx_word' id='word_1_374' title='bbox 1366 2513 1628 2567; x_wconf 82' lang='lat' dir='ltr'><strong>unitatem</strong></span> <span class='ocrx_word' id='word_1_375' title='bbox 1660 2513 1780 2566; x_wconf 44' lang='lat' dir='ltr'><strong>lidc&#39;i</strong></span> <span class='ocrx_word' id='word_1_376' title='bbox 1811 2514 2102 2567; x_wconf 86' lang='lat' dir='ltr'><strong>restituens</strong></span> 
     </span>
    </p>
   </div>
   <div class='ocr_carea' id='block_1_52' title="bbox 539 2582 2099 2653">
    <p class='ocr_par' dir='ltr' id='par_1_52' title="bbox 539 2582 2099 2653">
     <span class='ocr_line' id='line_1_52' title="bbox 539 2582 2099 2653; baseline 0 -17"><span class='ocrx_word' id='word_1_377' title='bbox 539 2583 865 2652; x_wconf 90' lang='lat' dir='ltr'><strong>gnosticum,</strong></span> <span class='ocrx_word' id='word_1_378' title='bbox 892 2582 1084 2653; x_wconf 10' lang='lat' dir='ltr'><strong>locoret</strong></span> <span class='ocrx_word' id='word_1_379' title='bbox 1107 2593 1349 2652; x_wconf 79' lang='lat' dir='ltr'><strong>tempore</strong></span> <span class='ocrx_word' id='word_1_380' title='bbox 1376 2585 1599 2637; x_wconf 90' lang='lat' dir='ltr'><strong>minime</strong></span> <span class='ocrx_word' id='word_1_381' title='bbox 1622 2583 1975 2653; x_wconf 77' lang='lat' dir='ltr'><strong>indigentem.</strong></span> <span class='ocrx_word' id='word_1_382' title='bbox 1998 2583 2099 2648; x_wconf 86' lang='lat' dir='ltr'><strong>Qui</strong></span> 
     </span>
    </p>
   </div>
   <div class='ocr_carea' id='block_1_53' title="bbox 539 2652 2102 2722">
    <p class='ocr_par' dir='ltr' id='par_1_53' title="bbox 539 2652 2102 2722">
     <span class='ocr_line' id='line_1_53' title="bbox 539 2652 2102 2722; baseline 0.001 -18"><span class='ocrx_word' id='word_1_383' title='bbox 539 2663 718 2722; x_wconf 79' lang='lat' dir='ltr'><strong>autem</strong></span> <span class='ocrx_word' id='word_1_384' title='bbox 751 2668 847 2722; x_wconf 87' lang='lat' dir='ltr'><strong>per</strong></span> <span class='ocrx_word' id='word_1_385' title='bbox 880 2652 1201 2706; x_wconf 89' lang='lat' dir='ltr'><strong>cltaritatetu</strong></span> <span class='ocrx_word' id='word_1_386' title='bbox 1237 2655 1344 2720; x_wconf 85' lang='lat' dir='ltr'><strong>jam</strong></span> <span class='ocrx_word' id='word_1_387' title='bbox 1377 2654 1534 2708; x_wconf 89' lang='lat' dir='ltr'><strong>fuerit</strong></span> <span class='ocrx_word' id='word_1_388' title='bbox 1570 2655 1621 2705; x_wconf 92' lang='lat' dir='ltr'><strong>itt</strong></span> <span class='ocrx_word' id='word_1_389' title='bbox 1651 2652 1978 2722; x_wconf 27' lang='lat' dir='ltr'><strong>iis,’quibus</strong></span> <span class='ocrx_word' id='word_1_390' title='bbox 2017 2663 2102 2707; x_wconf 89' lang='lat' dir='ltr'><strong>est</strong></span> 
     </span>
    </p>
   </div>
   <div class='ocr_carea' id='block_1_54' title="bbox 540 2721 2098 2800">
    <p class='ocr_par' dir='ltr' id='par_1_54' title="bbox 540 2721 2098 2800">
     <span class='ocr_line' id='line_1_54' title="bbox 540 2721 2098 2800; baseline -0.001 -23"><span class='ocrx_word' id='word_1_391' title='bbox 540 2721 776 2800; x_wconf 77' lang='lat' dir='ltr'><strong>futurus,</strong></span> <span class='ocrx_word' id='word_1_392' title='bbox 821 2731 880 2800; x_wconf 81' lang='lat' dir='ltr'><strong>ut</strong></span> <span class='ocrx_word' id='word_1_393' title='bbox 913 2724 1003 2792; x_wconf 90' lang='lat' dir='ltr'><strong>qui</strong></span> <span class='ocrx_word' id='word_1_394' title='bbox 1050 2738 1198 2800; x_wconf 86' lang='lat' dir='ltr'><strong>spem</strong></span> <span class='ocrx_word' id='word_1_395' title='bbox 1236 2725 1556 2800; x_wconf 41' lang='lat' dir='ltr'><strong>perceperit“</strong></span> <span class='ocrx_word' id='word_1_396' title='bbox 1573 2741 1668 2800; x_wconf 80' lang='lat' dir='ltr'><strong>per</strong></span> <span class='ocrx_word' id='word_1_397' title='bbox 1711 2721 2098 2800; x_wconf 70' lang='lat' dir='ltr'><strong>cognitionem,</strong></span> 
     </span>
    </p>
   </div>
   <div class='ocr_carea' id='block_1_55' title="bbox 543 2794 2103 2864">
    <p class='ocr_par' dir='ltr' id='par_1_55' title="bbox 543 2794 2103 2864">
     <span class='ocr_line' id='line_1_55' title="bbox 543 2794 2103 2864; baseline 0.001 -17"><span class='ocrx_word' id='word_1_398' title='bbox 543 2794 678 2848; x_wconf 91' lang='lat' dir='ltr'><strong>ttihil</strong></span> <span class='ocrx_word' id='word_1_399' title='bbox 705 2796 932 2862; x_wconf 82' lang='lat' dir='ltr'><strong>expetit,</strong></span> <span class='ocrx_word' id='word_1_400' title='bbox 957 2795 1152 2860; x_wconf 80' lang='lat' dir='ltr'><strong>utqui,</strong></span> <span class='ocrx_word' id='word_1_401' title='bbox 1176 2797 1353 2864; x_wconf 84' lang='lat' dir='ltr'><strong>quoad</strong></span> <span class='ocrx_word' id='word_1_402' title='bbox 1379 2794 1499 2863; x_wconf 86' lang='lat' dir='ltr'><strong>ejus</strong></span> <span class='ocrx_word' id='word_1_403' title='bbox 1530 2796 1643 2848; x_wconf 84' lang='lat' dir='ltr'><strong>fieri</strong></span> <span class='ocrx_word' id='word_1_404' title='bbox 1674 2794 1870 2864; x_wconf 78' lang='lat' dir='ltr'><strong>potest,</strong></span> <span class='ocrx_word' id='word_1_405' title='bbox 1896 2794 2103 2864; x_wconf 88' lang='lat' dir='ltr'><strong>habeat</strong></span> 
     </span>
    </p>
   </div>
   <div class='ocr_carea' id='block_1_56' title="bbox 541 2863 2103 2934">
    <p class='ocr_par' dir='ltr' id='par_1_56' title="bbox 541 2863 2103 2934">
     <span class='ocr_line' id='line_1_56' title="bbox 541 2863 2103 2934; baseline 0.001 -19"><span class='ocrx_word' id='word_1_406' title='bbox 541 2863 684 2934; x_wconf 88' lang='lat' dir='ltr'><strong>quod</strong></span> <span class='ocrx_word' id='word_1_407' title='bbox 716 2873 793 2918; x_wconf 89' lang='lat' dir='ltr'><strong>est</strong></span> <span class='ocrx_word' id='word_1_408' title='bbox 835 2868 1216 2934; x_wconf 85' lang='lat' dir='ltr'><strong>expetendum.</strong></span> <span class='ocrx_word' id='word_1_409' title='bbox 1259 2863 1452 2920; x_wconf 80' lang='lat' dir='ltr'><strong>Merito</strong></span> <span class='ocrx_word' id='word_1_410' title='bbox 1485 2880 1615 2934; x_wconf 75' lang='lat' dir='ltr'><strong>ergo</strong></span> <span class='ocrx_word' id='word_1_411' title='bbox 1665 2863 1848 2918; x_wconf 34' lang='lat' dir='ltr'><strong>t’ttattet</strong></span> <span class='ocrx_word' id='word_1_412' title='bbox 1893 2863 1959 2934; x_wconf 8' lang='lat' dir='ltr'><strong>in?</strong></span> <span class='ocrx_word' id='word_1_413' title='bbox 1997 2881 2103 2916; x_wconf 92' lang='lat' dir='ltr'><strong>uno</strong></span> 
     </span>
    </p>
   </div>
   <div class='ocr_carea' id='block_1_57' title="bbox 544 2931 2104 3007">
    <p class='ocr_par' dir='ltr' id='par_1_57' title="bbox 544 2931 2104 3007">
     <span class='ocr_line' id='line_1_57' title="bbox 544 2931 2104 3007; baseline 0 -19"><span class='ocrx_word' id='word_1_414' title='bbox 544 2931 864 3007; x_wconf 76' lang='lat' dir='ltr'><strong>itittttutabili</strong></span> <span class='ocrx_word' id='word_1_415' title='bbox 908 2931 1126 3007; x_wconf 79' lang='lat' dir='ltr'><strong>habitu,</strong></span> <span class='ocrx_word' id='word_1_416' title='bbox 1155 2935 1412 3007; x_wconf 80' lang='lat' dir='ltr'><strong>diligens</strong></span> <span class='ocrx_word' id='word_1_417' title='bbox 1431 2951 1506 3007; x_wconf 80' lang='lat' dir='ltr'><strong>ex</strong></span> <span class='ocrx_word' id='word_1_418' title='bbox 1549 2931 1880 3004; x_wconf 74' lang='lat' dir='ltr'><strong>cognitione.</strong></span> <span class='ocrx_word' id='word_1_419' title='bbox 1916 2931 2104 3007; x_wconf 63' lang='lat' dir='ltr'><strong>Neque</strong></span> 
     </span>
    </p>
   </div>
   <div class='ocr_carea' id='block_1_58' title="bbox 541 3005 2105 3074">
    <p class='ocr_par' dir='ltr' id='par_1_58' title="bbox 541 3005 2105 3074">
     <span class='ocr_line' id='line_1_58' title="bbox 541 3005 2105 3074; baseline -0.001 -15"><span class='ocrx_word' id='word_1_420' title='bbox 541 3020 672 3074; x_wconf 88' lang='lat' dir='ltr'><strong>ergo</strong></span> <span class='ocrx_word' id='word_1_421' title='bbox 717 3005 1023 3060; x_wconf 84' lang='lat' dir='ltr'><strong>vehementi</strong></span> <span class='ocrx_word' id='word_1_422' title='bbox 1069 3005 1302 3060; x_wconf 62' lang='lat' dir='ltr'><strong>ardebit&#39;</strong></span> <span class='ocrx_word' id='word_1_423' title='bbox 1329 3006 1622 3068; x_wconf 84' lang='lat' dir='ltr'><strong>desiderio,</strong></span> <span class='ocrx_word' id='word_1_424' title='bbox 1669 3016 1727 3059; x_wconf 88' lang='lat' dir='ltr'><strong>ut</strong></span> <span class='ocrx_word' id='word_1_425' title='bbox 1771 3005 2105 3059; x_wconf 88' lang='lat' dir='ltr'><strong>assintiletur</strong></span> 
     </span>
    </p>
   </div>
   <div class='ocr_carea' id='block_1_59' title="bbox 544 3075 2108 3144">
    <p class='ocr_par' dir='ltr' id='par_1_59' title="bbox 544 3075 2108 3144">
     <span class='ocr_line' id='line_1_59' title="bbox 544 3075 2108 3144; baseline -0.001 -15"><span class='ocrx_word' id='word_1_426' title='bbox 544 3075 722 3140; x_wconf 82' lang='lat' dir='ltr'><strong>bonis,</strong></span> <span class='ocrx_word' id='word_1_427' title='bbox 757 3091 878 3130; x_wconf 91' lang='lat' dir='ltr'><strong>cum</strong></span> <span class='ocrx_word' id='word_1_428' title='bbox 917 3077 1115 3130; x_wconf 89' lang='lat' dir='ltr'><strong>habeat</strong></span> <span class='ocrx_word' id='word_1_429' title='bbox 1148 3091 1244 3144; x_wconf 93' lang='lat' dir='ltr'><strong>per</strong></span> <span class='ocrx_word' id='word_1_430' title='bbox 1270 3075 1588 3131; x_wconf 85' lang='lat' dir='ltr'><strong>charitatem</strong></span> <span class='ocrx_word' id='word_1_431' title='bbox 1633 3077 1681 3128; x_wconf 91' lang='lat' dir='ltr'><strong>id</strong></span> <span class='ocrx_word' id='word_1_432' title='bbox 1717 3076 1859 3144; x_wconf 92' lang='lat' dir='ltr'><strong>quod</strong></span> <span class='ocrx_word' id='word_1_433' title='bbox 1895 3085 1980 3129; x_wconf 89' lang='lat' dir='ltr'><strong>est</strong></span> <span class='ocrx_word' id='word_1_434' title='bbox 2011 3075 2108 3128; x_wconf 87' lang='lat' dir='ltr'><strong>bo-</strong></span> 
     </span>
    </p>
   </div>
   <div class='ocr_carea' id='block_1_60' title="bbox 546 3146 2106 3211">
    <p class='ocr_par' dir='ltr' id='par_1_60' title="bbox 546 3146 2106 3211">
     <span class='ocr_line' id='line_1_60' title="bbox 546 3146 2106 3211; baseline 0 -13"><span class='ocrx_word' id='word_1_435' title='bbox 546 3161 672 3200; x_wconf 90' lang='lat' dir='ltr'><strong>nutn</strong></span> <span class='ocrx_word' id='word_1_436' title='bbox 705 3155 754 3201; x_wconf 90' lang='lat' dir='ltr'><strong>et</strong></span> <span class='ocrx_word' id='word_1_437' title='bbox 790 3148 1094 3201; x_wconf 88' lang='lat' dir='ltr'><strong>honestum.</strong></span> <span class='ocrx_word' id='word_1_438' title='bbox 1117 3147 1453 3200; x_wconf 88' lang='lat' dir='ltr'><strong>Coulidentia</strong></span> <span class='ocrx_word' id='word_1_439' title='bbox 1496 3157 1678 3199; x_wconf 90' lang='lat' dir='ltr'><strong>autem</strong></span> <span class='ocrx_word' id='word_1_440' title='bbox 1721 3157 1776 3200; x_wconf 90' lang='lat' dir='ltr'><strong>et</strong></span> <span class='ocrx_word' id='word_1_441' title='bbox 1805 3146 2106 3211; x_wconf 82' lang='lat' dir='ltr'><strong>cupiditate</strong></span> 
     </span>
    </p>
   </div>
   <div class='ocr_carea' id='block_1_61' title="bbox 540 3216 2102 3286">
    <p class='ocr_par' dir='ltr' id='par_1_61' title="bbox 540 3216 2102 3286">
     <span class='ocr_line' id='line_1_61' title="bbox 540 3216 2102 3286; baseline -0.003 -16"><span class='ocrx_word' id='word_1_442' title='bbox 540 3217 668 3286; x_wconf 88' lang='lat' dir='ltr'><strong>quid</strong></span> <span class='ocrx_word' id='word_1_443' title='bbox 695 3217 748 3272; x_wconf 87' lang='lat' dir='ltr'><strong>ei</strong></span> <span class='ocrx_word' id='word_1_444' title='bbox 777 3219 954 3272; x_wconf 86' lang='lat' dir='ltr'><strong>adhuc</strong></span> <span class='ocrx_word' id='word_1_445' title='bbox 981 3227 1062 3271; x_wconf 89' lang='lat' dir='ltr'><strong>est</strong></span> <span class='ocrx_word' id='word_1_446' title='bbox 1090 3231 1248 3283; x_wconf 83' lang='lat' dir='ltr'><strong>Opus,</strong></span> <span class='ocrx_word' id='word_1_447' title='bbox 1273 3217 1364 3284; x_wconf 89' lang='lat' dir='ltr'><strong>qui</strong></span> <span class='ocrx_word' id='word_1_448' title='bbox 1389 3232 1515 3272; x_wconf 89' lang='lat' dir='ltr'><strong>cum</strong></span> <span class='ocrx_word' id='word_1_449' title='bbox 1563 3217 1670 3269; x_wconf 89' lang='lat' dir='ltr'><strong>Deo</strong></span> <span class='ocrx_word' id='word_1_450' title='bbox 1702 3216 1863 3270; x_wconf 89' lang='lat' dir='ltr'><strong>nullis</strong></span> <span class='ocrx_word' id='word_1_451' title='bbox 1893 3217 2102 3286; x_wconf 54' lang='lat' dir='ltr'><strong>passim</strong></span> 
     </span>
    </p>
   </div>
   <div class='ocr_carea' id='block_1_62' title="bbox 543 3263 2175 3366">
    <p class='ocr_par' dir='ltr' id='par_1_62' title="bbox 543 3263 2175 3366">
     <span class='ocr_line' id='line_1_62' title="bbox 543 3263 2175 3366; baseline -0.004 -25"><span class='ocrx_word' id='word_1_452' title='bbox 543 3263 984 3342; x_wconf 54' lang='lat' dir='ltr'><strong>uibus-obnoxio</strong></span> <span class='ocrx_word' id='word_1_453' title='bbox 1026 3263 1446 3366; x_wconf 55' lang='lat' dir='ltr'><strong>l&#39;am&#39;iliai&#39;tfatern</strong></span> <span class='ocrx_word' id='word_1_454' title='bbox 1491 3286 1763 3366; x_wconf 78' lang='lat' dir='ltr'><strong>acceperit</strong></span> <span class='ocrx_word' id='word_1_455' title='bbox 1812 3263 1921 3355; x_wconf 85' lang='lat' dir='ltr'><strong>perr</strong></span> <span class='ocrx_word' id='word_1_456' title='bbox 1949 3263 2175 3338; x_wconf 78' lang='lat' dir='ltr'><strong>chari-C</strong></span> 
     </span>
    </p>
   </div>
   <div class='ocr_carea' id='block_1_63' title="bbox 544 3355 2130 3428">
    <p class='ocr_par' dir='ltr' id='par_1_63' title="bbox 544 3355 2130 3428">
     <span class='ocr_line' id='line_1_63' title="bbox 544 3355 2130 3428; baseline -0.006 -14"><span class='ocrx_word' id='word_1_457' title='bbox 544 3367 735 3418; x_wconf 86' lang='lat' dir='ltr'><strong>tatem,</strong></span> <span class='ocrx_word' id='word_1_458' title='bbox 764 3367 818 3412; x_wconf 90' lang='lat' dir='ltr'><strong>et</strong></span> <span class='ocrx_word' id='word_1_459' title='bbox 845 3375 940 3428; x_wconf 91' lang='lat' dir='ltr'><strong>per</strong></span> <span class='ocrx_word' id='word_1_460' title='bbox 965 3373 1086 3428; x_wconf 85' lang='lat' dir='ltr'><strong>eam</strong></span> <span class='ocrx_word' id='word_1_461' title='bbox 1134 3371 1192 3410; x_wconf 91' lang='lat' dir='ltr'><strong>se</strong></span> <span class='ocrx_word' id='word_1_462' title='bbox 1236 3355 1312 3428; x_wconf 68' lang='lat' dir='ltr'><strong>in</strong></span> <span class='ocrx_word' id='word_1_463' title='bbox 1338 3356 1456 3424; x_wconf 85' lang='lat' dir='ltr'><strong>ejus</strong></span> <span class='ocrx_word' id='word_1_464' title='bbox 1487 3356 1815 3428; x_wconf 19' lang='lat' dir='ltr'><strong>amicorum»</strong></span> <span class='ocrx_word' id='word_1_465' title='bbox 1842 3367 2130 3428; x_wconf 85' lang='lat' dir='ltr'><strong>numerum</strong></span> 
     </span>
    </p>
   </div>
   <div class='ocr_carea' id='block_1_64' title="bbox 545 3425 2132 3499">
    <p class='ocr_par' dir='ltr' id='par_1_64' title="bbox 545 3425 2132 3499">
     <span class='ocr_line' id='line_1_64' title="bbox 545 3425 2132 3499; baseline -0.004 -15"><span class='ocrx_word' id='word_1_466' title='bbox 545 3425 878 3499; x_wconf 81' lang='lat' dir='ltr'><strong>ascripserit.</strong></span> <span class='ocrx_word' id='word_1_467' title='bbox 911 3447 930 3478; x_wconf 70' lang='grc' dir='ltr'><strong>ι</strong></span> <span class='ocrx_word' id='word_1_468' title='bbox 963 3427 1163 3481; x_wconf 87' lang='lat' dir='ltr'><strong>Verum</strong></span> <span class='ocrx_word' id='word_1_469' title='bbox 1185 3426 1338 3496; x_wconf 84' lang='lat' dir='ltr'><strong>quid,</strong></span> <span class='ocrx_word' id='word_1_470' title='bbox 1362 3427 1556 3480; x_wconf 87' lang='lat' dir='ltr'><strong>amabo</strong></span> <span class='ocrx_word' id='word_1_471' title='bbox 1583 3426 1854 3499; x_wconf 86' lang='lat' dir='ltr'><strong>vos,inde</strong></span> <span class='ocrx_word' id='word_1_472' title='bbox 1884 3425 1951 3478; x_wconf 91' lang='lat' dir='ltr'><strong>ad</strong></span> <span class='ocrx_word' id='word_1_473' title='bbox 1982 3444 2001 3499; x_wconf 61' lang='grc' dir='ltr'><strong><em>ς</em></strong></span> <span class='ocrx_word' id='word_1_474' title='bbox 2031 3439 2132 3499; x_wconf 81' lang='lat' dir='ltr'><strong>pu-</strong></span> 
     </span>
    </p>
   </div>
   <div class='ocr_carea' id='block_1_65' title="bbox 549 3495 2105 3564">
    <p class='ocr_par' dir='ltr' id='par_1_65' title="bbox 549 3495 2105 3564">
     <span class='ocr_line' id='line_1_65' title="bbox 549 3495 2105 3564; baseline 0 -15"><span class='ocrx_word' id='word_1_475' title='bbox 549 3513 666 3550; x_wconf 87' lang='lat' dir='ltr'><strong>ruttt</strong></span> <span class='ocrx_word' id='word_1_476' title='bbox 691 3495 724 3548; x_wconf 73' lang='grc' dir='ltr'><strong>ἰ</strong></span> <span class='ocrx_word' id='word_1_477' title='bbox 751 3501 842 3552; x_wconf 89' lang='lat' dir='ltr'><strong>Dei</strong></span> <span class='ocrx_word' id='word_1_478' title='bbox 891 3512 1130 3552; x_wconf 90' lang='lat' dir='ltr'><strong>amorem</strong></span> <span class='ocrx_word' id='word_1_479' title='bbox 1159 3495 1511 3551; x_wconf 79' lang='lat' dir='ltr'><strong>aSserendum</strong></span> <span class='ocrx_word' id='word_1_480' title='bbox 1546 3498 1723 3564; x_wconf 81' lang='lat' dir='ltr'><strong>colligi</strong></span> <span class='ocrx_word' id='word_1_481' title='bbox 1781 3495 2001 3564; x_wconf 80' lang='lat' dir='ltr'><strong>potest?</strong></span> <span class='ocrx_word' id='word_1_482' title='bbox 2031 3495 2105 3549; x_wconf 89' lang='lat' dir='ltr'><strong>lbi</strong></span> 
     </span>
    </p>
   </div>
   <div class='ocr_carea' id='block_1_66' title="bbox 548 3567 2106 3636">
    <p class='ocr_par' dir='ltr' id='par_1_66' title="bbox 548 3567 2106 3636">
     <span class='ocr_line' id='line_1_66' title="bbox 548 3567 2106 3636; baseline -0.003 -14"><span class='ocrx_word' id='word_1_483' title='bbox 548 3569 692 3622; x_wconf 85' lang='lat' dir='ltr'><strong>enim</strong></span> <span class='ocrx_word' id='word_1_484' title='bbox 721 3569 972 3623; x_wconf 78' lang='lat' dir='ltr'><strong>Clemens</strong></span> <span class='ocrx_word' id='word_1_485' title='bbox 999 3568 1236 3636; x_wconf 86' lang='lat' dir='ltr'><strong>loquitur</strong></span> <span class='ocrx_word' id='word_1_486' title='bbox 1268 3571 1334 3620; x_wconf 83' lang='lat' dir='ltr'><strong>de</strong></span> <span class='ocrx_word' id='word_1_487' title='bbox 1362 3569 1628 3636; x_wconf 85' lang='lat' dir='ltr'><strong>gnostico,</strong></span> <span class='ocrx_word' id='word_1_488' title='bbox 1683 3567 1774 3636; x_wconf 87' lang='lat' dir='ltr'><strong>qtti</strong></span> <span class='ocrx_word' id='word_1_489' title='bbox 1829 3568 2006 3619; x_wconf 87' lang='lat' dir='ltr'><strong>adhuc</strong></span> <span class='ocrx_word' id='word_1_490' title='bbox 2052 3567 2106 3618; x_wconf 90' lang='lat' dir='ltr'><strong>itt</strong></span> 
     </span>
    </p>
   </div>
   <div class='ocr_carea' id='block_1_67' title="bbox 549 3637 2105 3706">
    <p class='ocr_par' dir='ltr' id='par_1_67' title="bbox 549 3637 2105 3706">
     <span class='ocr_line' id='line_1_67' title="bbox 549 3637 2105 3706; baseline -0.002 -16"><span class='ocrx_word' id='word_1_491' title='bbox 549 3638 652 3692; x_wconf 89' lang='lat' dir='ltr'><strong>hac</strong></span> <span class='ocrx_word' id='word_1_492' title='bbox 677 3642 783 3690; x_wconf 87' lang='lat' dir='ltr'><strong>vita</strong></span> <span class='ocrx_word' id='word_1_493' title='bbox 814 3640 1139 3694; x_wconf 88' lang='lat' dir='ltr'><strong>constitutus</strong></span> <span class='ocrx_word' id='word_1_494' title='bbox 1168 3639 1356 3702; x_wconf 91' lang='lat' dir='ltr'><strong>Deum,</strong></span> <span class='ocrx_word' id='word_1_495' title='bbox 1397 3639 1572 3706; x_wconf 84' lang='lat' dir='ltr'><strong>quoad</strong></span> <span class='ocrx_word' id='word_1_496' title='bbox 1601 3652 1718 3704; x_wconf 65' lang='lat' dir='ltr'><strong>ejus</strong></span> <span class='ocrx_word' id='word_1_497' title='bbox 1745 3637 2105 3706; x_wconf 17' lang='lat' dir='ltr'><strong>lieriipotest,</strong></span> 
     </span>
    </p>
   </div>
   <div class='ocr_carea' id='block_1_68' title="bbox 547 3705 2108 3778">
    <p class='ocr_par' dir='ltr' id='par_1_68' title="bbox 547 3705 2108 3778">
     <span class='ocr_line' id='line_1_68' title="bbox 547 3705 2108 3778; baseline 0.001 -18"><span class='ocrx_word' id='word_1_498' title='bbox 547 3707 788 3776; x_wconf 85' lang='lat' dir='ltr'><strong>perfecta</strong></span> <span class='ocrx_word' id='word_1_499' title='bbox 830 3711 1098 3763; x_wconf 86' lang='lat' dir='ltr'><strong>charitate</strong></span> <span class='ocrx_word' id='word_1_500' title='bbox 1145 3705 1610 3778; x_wconf 36' lang='lat' dir='ltr'><strong>possidet.&#39;Atqui</strong></span> <span class='ocrx_word' id='word_1_501' title='bbox 1666 3708 1806 3778; x_wconf 90' lang='lat' dir='ltr'><strong>idem</strong></span> <span class='ocrx_word' id='word_1_502' title='bbox 1854 3705 2108 3762; x_wconf 92' lang='lat' dir='ltr'><strong>Clemens</strong></span> 
     </span>
    </p>
   </div>
   <div class='ocr_carea' id='block_1_69' title="bbox 551 3777 2108 3846">
    <p class='ocr_par' dir='ltr' id='par_1_69' title="bbox 551 3777 2108 3846">
     <span class='ocr_line' id='line_1_69' title="bbox 551 3777 2108 3846; baseline -0.002 -15"><span class='ocrx_word' id='word_1_503' title='bbox 551 3779 792 3832; x_wconf 82' lang='lat' dir='ltr'><strong>declarat</strong></span> <span class='ocrx_word' id='word_1_504' title='bbox 818 3779 950 3832; x_wconf 90' lang='lat' dir='ltr'><strong>nihil</strong></span> <span class='ocrx_word' id='word_1_505' title='bbox 984 3781 1052 3834; x_wconf 91' lang='lat' dir='ltr'><strong>ab</strong></span> <span class='ocrx_word' id='word_1_506' title='bbox 1079 3777 1369 3846; x_wconf 39' lang='lat' dir='ltr'><strong>eo&#39;expeti,</strong></span> <span class='ocrx_word' id='word_1_507' title='bbox 1395 3779 1657 3830; x_wconf 71' lang='lat' dir='ltr'><strong>caducum</strong></span> <span class='ocrx_word' id='word_1_508' title='bbox 1687 3777 1892 3830; x_wconf 87' lang='lat' dir='ltr'><strong>scilicet</strong></span> <span class='ocrx_word' id='word_1_509' title='bbox 1919 3787 1973 3830; x_wconf 91' lang='lat' dir='ltr'><strong>et</strong></span> <span class='ocrx_word' id='word_1_510' title='bbox 1998 3787 2108 3830; x_wconf 90' lang='lat' dir='ltr'><strong>ter-</strong></span> 
     </span>
    </p>
   </div>
   <div class='ocr_carea' id='block_1_70' title="bbox 552 3847 2110 3920">
    <p class='ocr_par' dir='ltr' id='par_1_70' title="bbox 552 3847 2110 3920">
     <span class='ocr_line' id='line_1_70' title="bbox 552 3847 2110 3920; baseline 0.002 -22"><span class='ocrx_word' id='word_1_511' title='bbox 552 3859 746 3914; x_wconf 89' lang='lat' dir='ltr'><strong>restre,</strong></span> <span class='ocrx_word' id='word_1_512' title='bbox 769 3850 913 3916; x_wconf 92' lang='lat' dir='ltr'><strong>quod</strong></span> <span class='ocrx_word' id='word_1_513' title='bbox 941 3852 1113 3920; x_wconf 89' lang='lat' dir='ltr'><strong>ipsum</strong></span> <span class='ocrx_word' id='word_1_514' title='bbox 1139 3867 1168 3902; x_wconf 88' lang='lat' dir='ltr'><strong>a</strong></span> <span class='ocrx_word' id='word_1_515' title='bbox 1194 3851 1322 3912; x_wconf 88' lang='lat' dir='ltr'><strong>Deo,</strong></span> <span class='ocrx_word' id='word_1_516' title='bbox 1351 3852 1436 3902; x_wconf 90' lang='lat' dir='ltr'><strong>cui</strong></span> <span class='ocrx_word' id='word_1_517' title='bbox 1483 3849 1752 3901; x_wconf 86' lang='lat' dir='ltr'><strong>charitate</strong></span> <span class='ocrx_word' id='word_1_518' title='bbox 1786 3847 2110 3920; x_wconf 82' lang='lat' dir='ltr'><strong>conjunctus</strong></span> 
     </span>
    </p>
   </div>
   <div class='ocr_carea' id='block_1_71' title="bbox 546 3918 2104 3990">
    <p class='ocr_par' dir='ltr' id='par_1_71' title="bbox 546 3918 2104 3990">
     <span class='ocr_line' id='line_1_71' title="bbox 546 3918 2104 3990; baseline 0 -20"><span class='ocrx_word' id='word_1_519' title='bbox 546 3929 652 3990; x_wconf 86' lang='lat' dir='ltr'><strong>est,</strong></span> <span class='ocrx_word' id='word_1_520' title='bbox 683 3928 894 3990; x_wconf 82' lang='lat' dir='ltr'><strong>avertat</strong></span> <span class='ocrx_word' id='word_1_521' title='bbox 925 3918 1017 3974; x_wconf 79' lang='lat' dir='ltr'><strong>aut</strong></span> <span class='ocrx_word' id='word_1_522' title='bbox 1069 3930 1305 3990; x_wconf 87' lang='lat' dir='ltr'><strong>separet.</strong></span> <span class='ocrx_word' id='word_1_523' title='bbox 1361 3921 1730 3990; x_wconf 75' lang='lat' dir='ltr'><strong>Quamobrem</strong></span> <span class='ocrx_word' id='word_1_524' title='bbox 1776 3921 1887 3986; x_wconf 84' lang='lat' dir='ltr'><strong>ipse</strong></span> <span class='ocrx_word' id='word_1_525' title='bbox 1922 3918 2061 3990; x_wconf 74' lang='lat' dir='ltr'><strong>dixit</strong></span> <span class='ocrx_word' id='word_1_526' title='bbox 2091 3936 2104 3970; x_wconf 91' lang='lat'>:</span> 
     </span>
    </p>
   </div>
   <div class='ocr_carea' id='block_1_72' title="bbox 547 3988 2107 4064">
    <p class='ocr_par' dir='ltr' id='par_1_72' title="bbox 547 3988 2107 4064">
     <span class='ocr_line' id='line_1_72' title="bbox 547 3988 2107 4064; baseline -0.001 -21"><span class='ocrx_word' id='word_1_527' title='bbox 547 3989 692 4064; x_wconf 60' lang='lat' dir='ltr'><strong>905s</strong></span> <span class='ocrx_word' id='word_1_528' title='bbox 722 3989 953 4062; x_wconf 66' lang='grc' dir='ltr'><strong>ζηλώσει</strong></span> <span class='ocrx_word' id='word_1_529' title='bbox 996 3988 1384 4064; x_wconf 76' lang='grc' dir='ltr'><strong>ὲξομὸιωθῆναι</strong></span> <span class='ocrx_word' id='word_1_530' title='bbox 1431 3993 1542 4052; x_wconf 83' lang='grc' dir='ltr'><strong>τοῖς</strong></span> <span class='ocrx_word' id='word_1_531' title='bbox 1592 3988 1798 4064; x_wconf 80' lang='grc' dir='ltr'><strong>καλοῖς,</strong></span> <span class='ocrx_word' id='word_1_532' title='bbox 1856 4007 1874 4038; x_wconf 84' lang='grc'><strong>‹</strong></span> <span class='ocrx_word' id='word_1_533' title='bbox 1916 3988 2036 4064; x_wconf 74' lang='lat' dir='ltr'><strong>aliis</strong></span> <span class='ocrx_word' id='word_1_534' title='bbox 2078 4005 2107 4042; x_wconf 86' lang='lat' dir='ltr'><strong>a</strong></span> 
     </span>
    </p>
   </div>
   <div class='ocr_carea' id='block_1_73' title="bbox 549 4059 2105 4117">
    <p class='ocr_par' dir='ltr' id='par_1_73' title="bbox 549 4059 2105 4117">
     <span class='ocr_line' id='line_1_73' title="bbox 549 4059 2105 4117; baseline -0.001 -4"><span class='ocrx_word' id='word_1_535' title='bbox 549 4060 662 4116; x_wconf 88' lang='lat' dir='ltr'><strong>Deo</strong></span> <span class='ocrx_word' id='word_1_536' title='bbox 683 4059 836 4116; x_wconf 85' lang='lat' dir='ltr'><strong>bonis</strong></span> <span class='ocrx_word' id='word_1_537' title='bbox 853 4059 1140 4116; x_wconf 53' lang='lat' dir='ltr'><strong>assimila&#39;ri</strong></span> <span class='ocrx_word' id='word_1_538' title='bbox 1185 4059 1484 4117; x_wconf 74' lang='lat' dir='ltr'><strong>vehementi</strong></span> <span class='ocrx_word' id='word_1_539' title='bbox 1507 4063 1686 4114; x_wconf 87' lang='lat' dir='ltr'><strong>studio</strong></span> <span class='ocrx_word' id='word_1_540' title='bbox 1703 4076 1808 4113; x_wconf 92' lang='lat' dir='ltr'><strong>non</strong></span> <span class='ocrx_word' id='word_1_541' title='bbox 1831 4059 2105 4112; x_wconf 61' lang='lat' dir='ltr'><strong>ardebitn</strong></span> 
     </span>
    </p>
   </div>
   <div class='ocr_carea' id='block_1_74' title="bbox 549 4131 2111 4203">
    <p class='ocr_par' dir='ltr' id='par_1_74' title="bbox 549 4131 2111 4203">
     <span class='ocr_line' id='line_1_74' title="bbox 549 4131 2111 4203; baseline -0.004 -17"><span class='ocrx_word' id='word_1_542' title='bbox 549 4133 654 4187; x_wconf 80' lang='lat' dir='ltr'><strong>Sed</strong></span> <span class='ocrx_word' id='word_1_543' title='bbox 687 4137 926 4202; x_wconf 88' lang='lat' dir='ltr'><strong>nunquid</strong></span> <span class='ocrx_word' id='word_1_544' title='bbox 954 4135 1058 4188; x_wconf 89' lang='lat' dir='ltr'><strong>hoc</strong></span> <span class='ocrx_word' id='word_1_545' title='bbox 1097 4135 1321 4203; x_wconf 88' lang='lat' dir='ltr'><strong>impedit</strong></span> <span class='ocrx_word' id='word_1_546' title='bbox 1356 4133 1950 4203; x_wconf 7' lang='lat' dir='ltr'><strong>quoutiuusjaeternam</strong></span> <span class='ocrx_word' id='word_1_547' title='bbox 1993 4131 2111 4203; x_wconf 81' lang='lat' dir='ltr'><strong>feli-</strong></span> 
     </span>
    </p>
   </div>
   <div class='ocr_carea' id='block_1_75' title="bbox 544 4201 2111 4274">
    <p class='ocr_par' dir='ltr' id='par_1_75' title="bbox 544 4201 2111 4274">
     <span class='ocr_line' id='line_1_75' title="bbox 544 4201 2111 4274; baseline -0.004 -18"><span class='ocrx_word' id='word_1_548' title='bbox 544 4205 762 4257; x_wconf 86' lang='lat' dir='ltr'><strong>citatem</strong></span> <span class='ocrx_word' id='word_1_549' title='bbox 810 4201 1023 4273; x_wconf 84' lang='lat' dir='ltr'><strong>speret,</strong></span> <span class='ocrx_word' id='word_1_550' title='bbox 1078 4201 1228 4274; x_wconf 82' lang='lat' dir='ltr'><strong>Optet</strong></span> <span class='ocrx_word' id='word_1_551' title='bbox 1271 4214 1325 4257; x_wconf 90' lang='lat' dir='ltr'><strong>et</strong></span> <span class='ocrx_word' id='word_1_552' title='bbox 1368 4201 1686 4274; x_wconf 73' lang='lat' dir='ltr'><strong>exspectet?</strong></span> <span class='ocrx_word' id='word_1_553' title='bbox 1734 4201 1950 4274; x_wconf 84' lang='lat' dir='ltr'><strong>Minime</strong></span> <span class='ocrx_word' id='word_1_554' title='bbox 1992 4201 2111 4274; x_wconf 88' lang='lat' dir='ltr'><strong>qui-</strong></span> 
     </span>
    </p>
   </div>
   <div class='ocr_carea' id='block_1_76' title="bbox 545 4271 2106 4330">
    <p class='ocr_par' dir='ltr' id='par_1_76' title="bbox 545 4271 2106 4330">
     <span class='ocr_line' id='line_1_76' title="bbox 545 4271 2106 4330; baseline -0.003 -2"><span class='ocrx_word' id='word_1_555' title='bbox 545 4274 688 4328; x_wconf 81' lang='lat' dir='ltr'><strong>dem.</strong></span> <span class='ocrx_word' id='word_1_556' title='bbox 723 4275 794 4328; x_wconf 88' lang='lat' dir='ltr'><strong>Et</strong></span> <span class='ocrx_word' id='word_1_557' title='bbox 822 4271 952 4330; x_wconf 70' lang='lat' dir='ltr'><strong>vero</strong></span> <span class='ocrx_word' id='word_1_558' title='bbox 995 4279 1044 4330; x_wconf 91' lang='lat' dir='ltr'><strong>id</strong></span> <span class='ocrx_word' id='word_1_559' title='bbox 1078 4271 1182 4329; x_wconf 82' lang='lat' dir='ltr'><strong>non</strong></span> <span class='ocrx_word' id='word_1_560' title='bbox 1212 4275 1383 4328; x_wconf 88' lang='lat' dir='ltr'><strong>solum</strong></span> <span class='ocrx_word' id='word_1_561' title='bbox 1425 4289 1491 4327; x_wconf 81' lang='lat' dir='ltr'><strong>ex</strong></span> <span class='ocrx_word' id='word_1_562' title='bbox 1537 4272 1677 4324; x_wconf 85' lang='lat' dir='ltr'><strong>infra</strong></span> <span class='ocrx_word' id='word_1_563' title='bbox 1718 4271 1962 4325; x_wconf 83' lang='lat' dir='ltr'><strong>dicendis</strong></span> <span class='ocrx_word' id='word_1_564' title='bbox 1997 4273 2106 4324; x_wconf 81' lang='lat' dir='ltr'><strong>evi-</strong></span> 
     </span>
    </p>
   </div>
   <div class='ocr_carea' id='block_1_77' title="bbox 549 4342 2110 4416">
    <p class='ocr_par' dir='ltr' id='par_1_77' title="bbox 549 4342 2110 4416">
     <span class='ocr_line' id='line_1_77' title="bbox 549 4342 2110 4416; baseline -0.001 -20"><span class='ocrx_word' id='word_1_565' title='bbox 549 4343 864 4416; x_wconf 78' lang='lat' dir='ltr'><strong>dentissime</strong></span> <span class='ocrx_word' id='word_1_566' title='bbox 888 4348 1094 4414; x_wconf 88' lang='lat' dir='ltr'><strong>patebit</strong></span> <span class='ocrx_word' id='word_1_567' title='bbox 1119 4363 1134 4400; x_wconf 89' lang='lat'><strong>:</strong></span> <span class='ocrx_word' id='word_1_568' title='bbox 1164 4347 1257 4399; x_wconf 87' lang='lat' dir='ltr'><strong>sed</strong></span> <span class='ocrx_word' id='word_1_569' title='bbox 1286 4347 1514 4416; x_wconf 86' lang='lat' dir='ltr'><strong>ipsemet</strong></span> <span class='ocrx_word' id='word_1_570' title='bbox 1545 4353 1753 4416; x_wconf 68' lang='lat' dir='ltr'><strong>auctor</strong></span> <span class='ocrx_word' id='word_1_571' title='bbox 1784 4349 1968 4416; x_wconf 85' lang='lat' dir='ltr'><strong>noster</strong></span> <span class='ocrx_word' id='word_1_572' title='bbox 2009 4342 2110 4416; x_wconf 86' lang='lat' dir='ltr'><strong>hoc</strong></span> 
     </span>
    </p>
   </div>
   <div class='ocr_carea' id='block_1_78' title="bbox 549 4411 2111 4486">
    <p class='ocr_par' dir='ltr' id='par_1_78' title="bbox 549 4411 2111 4486">
     <span class='ocr_line' id='line_1_78' title="bbox 549 4411 2111 4486; baseline -0.002 -21"><span class='ocrx_word' id='word_1_573' title='bbox 549 4413 668 4480; x_wconf 90' lang='lat' dir='ltr'><strong>ipso</strong></span> <span class='ocrx_word' id='word_1_574' title='bbox 691 4415 809 4468; x_wconf 91' lang='lat' dir='ltr'><strong>loco</strong></span> <span class='ocrx_word' id='word_1_575' title='bbox 838 4411 1390 4486; x_wconf 59' lang='lat' dir='ltr'><strong>asseritgnosticu&#39;m,</strong></span> <span class='ocrx_word' id='word_1_576' title='bbox 1443 4412 1982 4486; x_wconf 73' lang='lat' dir='ltr'><strong>perfectacharitate</strong></span> <span class='ocrx_word' id='word_1_577' title='bbox 2028 4411 2111 4486; x_wconf 77' lang='lat' dir='ltr'><strong>in-</strong></span> 
     </span>
    </p>
   </div>
   <div class='ocr_carea' id='block_1_79' title="bbox 548 4479 2110 4554">
    <p class='ocr_par' dir='ltr' id='par_1_79' title="bbox 548 4479 2110 4554">
     <span class='ocr_line' id='line_1_79' title="bbox 548 4479 2110 4554; baseline 0 -20"><span class='ocrx_word' id='word_1_578' title='bbox 548 4479 855 4554; x_wconf 71' lang='lat' dir='ltr'><strong>structum,</strong></span> <span class='ocrx_word' id='word_1_579' title='bbox 903 4486 1026 4542; x_wconf 89' lang='lat' dir='ltr'><strong>ideo</strong></span> <span class='ocrx_word' id='word_1_580' title='bbox 1064 4479 1212 4540; x_wconf 56' lang='lat' dir='ltr'><strong>&#39;ttiltil</strong></span> <span class='ocrx_word' id='word_1_581' title='bbox 1256 4479 1548 4554; x_wconf 74' lang='lat' dir='ltr'><strong>expetere;</strong></span> <span class='ocrx_word' id='word_1_582' title='bbox 1600 4483 1725 4548; x_wconf 86' lang='lat' dir='ltr'><strong>quia</strong></span> <span class='ocrx_word' id='word_1_583' title='bbox 1774 4481 1872 4551; x_wconf 80' lang='grc' dir='ltr'>τὴν</span> <span class='ocrx_word' id='word_1_584' title='bbox 1910 4479 2110 4554; x_wconf 14' lang='grc' dir='ltr'><strong>γὲλπιδα</strong></span> 
     </span>
    </p>
   </div>
   <div class='ocr_carea' id='block_1_80' title="bbox 546 4553 2106 4629">
    <p class='ocr_par' dir='ltr' id='par_1_80' title="bbox 546 4553 2106 4629">
     <span class='ocr_line' id='line_1_80' title="bbox 546 4553 2106 4629; baseline 0.001 -25"><span class='ocrx_word' id='word_1_585' title='bbox 546 4553 889 4629; x_wconf 62' lang='grc' dir='ltr'><strong>προειληφὼς</strong></span> <span class='ocrx_word' id='word_1_586' title='bbox 923 4556 1012 4629; x_wconf 81' lang='grc' dir='ltr'><strong>διὰ</strong></span> <span class='ocrx_word' id='word_1_587' title='bbox 1052 4559 1190 4629; x_wconf 13' lang='grc' dir='ltr'><strong>κτῆςη</strong></span> <span class='ocrx_word' id='word_1_588' title='bbox 1215 4553 1488 4629; x_wconf 66' lang='grc' dir='ltr'><strong>γνώσεως,</strong></span> <span class='ocrx_word' id='word_1_589' title='bbox 1525 4571 1544 4604; x_wconf 72' lang='grc' dir='ltr'>ς</span> <span class='ocrx_word' id='word_1_590' title='bbox 1583 4567 1679 4620; x_wconf 90' lang='lat' dir='ltr'><strong>per</strong></span> <span class='ocrx_word' id='word_1_591' title='bbox 1724 4553 2106 4629; x_wconf 80' lang='lat' dir='ltr'><strong>cognitionem.</strong></span> 
     </span>
    </p>
   </div>
   <div class='ocr_carea' id='block_1_81' title="bbox 547 4623 2108 4692">
    <p class='ocr_par' dir='ltr' id='par_1_81' title="bbox 547 4623 2108 4692">
     <span class='ocr_line' id='line_1_81' title="bbox 547 4623 2108 4692; baseline -0.003 -16"><span class='ocrx_word' id='word_1_592' title='bbox 547 4639 696 4692; x_wconf 87' lang='lat' dir='ltr'><strong>spem</strong></span> <span class='ocrx_word' id='word_1_593' title='bbox 729 4623 769 4678; x_wconf 27' lang='grc' dir='ltr'><strong>»ί</strong></span> <span class='ocrx_word' id='word_1_594' title='bbox 805 4625 944 4679; x_wconf 88' lang='lat' dir='ltr'><strong>haud</strong></span> <span class='ocrx_word' id='word_1_595' title='bbox 977 4623 1136 4681; x_wconf 75' lang='lat' dir='ltr'><strong>dubie</strong></span> <span class='ocrx_word' id='word_1_596' title='bbox 1168 4623 1364 4682; x_wconf 81' lang='lat' dir='ltr'><strong>futura:</strong></span> <span class='ocrx_word' id='word_1_597' title='bbox 1389 4628 1514 4680; x_wconf 69' lang='lat' dir='ltr'><strong>vita:</strong></span> <span class='ocrx_word' id='word_1_598' title='bbox 1565 4641 1583 4675; x_wconf 77' lang='grc' dir='ltr'><strong>ι</strong></span> <span class='ocrx_word' id='word_1_599' title='bbox 1641 4623 2038 4686; x_wconf 82' lang='lat' dir='ltr'><strong>atttictpnverit,</strong></span> <span class='ocrx_word' id='word_1_600' title='bbox 2089 4641 2108 4672; x_wconf 71' lang='grc' dir='ltr'><strong>ι</strong></span> 
     </span>
    </p>
   </div>
   <div class='ocr_carea' id='block_1_82' title="bbox 551 4693 2114 4766">
    <p class='ocr_par' dir='ltr' id='par_1_82' title="bbox 551 4693 2114 4766">
     <span class='ocr_line' id='line_1_82' title="bbox 551 4693 2114 4766; baseline 0.001 -21"><span class='ocrx_word' id='word_1_601' title='bbox 551 4693 803 4766; x_wconf 76' lang='lat' dir='ltr'><strong>nimirum</strong></span> <span class='ocrx_word' id='word_1_602' title='bbox 832 4699 958 4764; x_wconf 89' lang='lat' dir='ltr'><strong>quia</strong></span> <span class='ocrx_word' id='word_1_603' title='bbox 985 4714 1070 4761; x_wconf 90' lang='lat' dir='ltr'><strong>ea,</strong></span> <span class='ocrx_word' id='word_1_604' title='bbox 1102 4714 1209 4766; x_wconf 89' lang='lat' dir='ltr'><strong>qua</strong></span> <span class='ocrx_word' id='word_1_605' title='bbox 1242 4698 1351 4751; x_wconf 85' lang='lat' dir='ltr'><strong>Deo</strong></span> <span class='ocrx_word' id='word_1_606' title='bbox 1377 4698 1594 4756; x_wconf 78' lang='lat' dir='ltr'><strong>fruitur,</strong></span> <span class='ocrx_word' id='word_1_607' title='bbox 1636 4707 1978 4762; x_wconf 78' lang='lat' dir='ltr'><strong>possessmne</strong></span> <span class='ocrx_word' id='word_1_608' title='bbox 2019 4696 2114 4747; x_wconf 83' lang='lat' dir='ltr'><strong>de-</strong></span> 
     </span>
    </p>
   </div>
   <div class='ocr_carea' id='block_1_83' title="bbox 547 4761 1857 4835">
    <p class='ocr_par' dir='ltr' id='par_1_83' title="bbox 547 4761 1857 4835">
     <span class='ocr_line' id='line_1_83' title="bbox 547 4761 1857 4835; baseline 0.001 -19"><span class='ocrx_word' id='word_1_609' title='bbox 547 4761 705 4835; x_wconf 67' lang='lat' dir='ltr'><strong>licias</strong></span> <span class='ocrx_word' id='word_1_610' title='bbox 730 4761 962 4835; x_wconf 67' lang='lat' dir='ltr'><strong>speratae</strong></span> <span class='ocrx_word' id='word_1_611' title='bbox 994 4761 1209 4821; x_wconf 66' lang='lat' dir='ltr'><strong>aiteritte</strong></span> <span class='ocrx_word' id='word_1_612' title='bbox 1239 4767 1515 4820; x_wconf 85' lang='lat' dir='ltr'><strong>felicitatis</strong></span> <span class='ocrx_word' id='word_1_613' title='bbox 1542 4761 1857 4834; x_wconf 65' lang='lat' dir='ltr'><strong>praegestat.</strong></span> 
     </span>
    </p>
   </div>
   <div class='ocr_carea' id='block_1_84' title="bbox 624 4831 2114 4906">
    <p class='ocr_par' dir='ltr' id='par_1_84' title="bbox 624 4831 2114 4906">
     <span class='ocr_line' id='line_1_84' title="bbox 624 4831 2114 4906; baseline 0.001 -20"><span class='ocrx_word' id='word_1_614' title='bbox 624 4831 824 4889; x_wconf 78' lang='lat' dir='ltr'><strong>Potiori</strong></span> <span class='ocrx_word' id='word_1_615' title='bbox 856 4837 1082 4892; x_wconf 77' lang='lat' dir='ltr'><strong>forsitan</strong></span> <span class='ocrx_word' id='word_1_616' title='bbox 1127 4839 1249 4906; x_wconf 85' lang='lat' dir='ltr'><strong>jure</strong></span> <span class='ocrx_word' id='word_1_617' title='bbox 1294 4831 1627 4891; x_wconf 78' lang='lat' dir='ltr'><strong>recentiores</strong></span> <span class='ocrx_word' id='word_1_618' title='bbox 1663 4831 1880 4903; x_wconf 79' lang='lat' dir='ltr'><strong>inystici</strong></span> <span class='ocrx_word' id='word_1_619' title='bbox 1921 4835 1974 4888; x_wconf 92' lang='lat' dir='ltr'><strong>in</strong></span> <span class='ocrx_word' id='word_1_620' title='bbox 2003 4847 2114 4888; x_wconf 71' lang='lat' dir='ltr'><strong>stite</strong></span> 
     </span>
    </p>
   </div>
   <div class='ocr_carea' id='block_1_85' title="bbox 549 4905 2113 4977">
    <p class='ocr_par' dir='ltr' id='par_1_85' title="bbox 549 4905 2113 4977">
     <span class='ocr_line' id='line_1_85' title="bbox 549 4905 2113 4977; baseline -0.001 -17"><span class='ocrx_word' id='word_1_621' title='bbox 549 4905 615 4960; x_wconf 84' lang='lat' dir='ltr'><strong>de</strong></span> <span class='ocrx_word' id='word_1_622' title='bbox 649 4921 785 4975; x_wconf 89' lang='lat' dir='ltr'><strong>puro</strong></span> <span class='ocrx_word' id='word_1_623' title='bbox 815 4921 1003 4962; x_wconf 89' lang='lat' dir='ltr'><strong>amore</strong></span> <span class='ocrx_word' id='word_1_624' title='bbox 1039 4905 1310 4976; x_wconf 87' lang='lat' dir='ltr'><strong>opinionis</strong></span> <span class='ocrx_word' id='word_1_625' title='bbox 1350 4907 1710 4977; x_wconf 87' lang='lat' dir='ltr'><strong>patr0ciniuut</strong></span> <span class='ocrx_word' id='word_1_626' title='bbox 1762 4906 1891 4977; x_wconf 23' lang='lat' dir='ltr'><strong>alia”</strong></span> <span class='ocrx_word' id='word_1_627' title='bbox 1914 4907 1965 4958; x_wconf 89' lang='lat' dir='ltr'><strong>itt</strong></span> <span class='ocrx_word' id='word_1_628' title='bbox 1999 4920 2113 4958; x_wconf 89' lang='lat' dir='ltr'><strong>lue-</strong></span> 
     </span>
    </p>
   </div>
   <div class='ocr_carea' id='block_1_86' title="bbox 549 4975 2116 5047">
    <p class='ocr_par' dir='ltr' id='par_1_86' title="bbox 549 4975 2116 5047">
     <span class='ocr_line' id='line_1_86' title="bbox 549 4975 2116 5047; baseline -0.002 -17"><span class='ocrx_word' id='word_1_629' title='bbox 549 4977 698 5030; x_wconf 85' lang='lat' dir='ltr'><strong>dittm</strong></span> <span class='ocrx_word' id='word_1_630' title='bbox 749 4977 1044 5044; x_wconf 84' lang='lat' dir='ltr'><strong>adducunt,</strong></span> <span class='ocrx_word' id='word_1_631' title='bbox 1076 4975 1285 5047; x_wconf 84' lang='lat' dir='ltr'><strong>quibus</strong></span> <span class='ocrx_word' id='word_1_632' title='bbox 1343 4975 1706 5030; x_wconf 81' lang='lat' dir='ltr'><strong>disertissime</strong></span> <span class='ocrx_word' id='word_1_633' title='bbox 1747 4991 1777 5028; x_wconf 89' lang='lat' dir='ltr'><strong>a</strong></span> <span class='ocrx_word' id='word_1_634' title='bbox 1836 4975 2116 5029; x_wconf 78' lang='lat' dir='ltr'><strong>Clemente</strong></span> 
     </span>
    </p>
   </div>
   <div class='ocr_carea' id='block_1_87' title="bbox 549 5047 2118 5118">
    <p class='ocr_par' dir='ltr' id='par_1_87' title="bbox 549 5047 2118 5118">
     <span class='ocr_line' id='line_1_87' title="bbox 549 5047 2118 5118; baseline 0 -20"><span class='ocrx_word' id='word_1_635' title='bbox 549 5047 902 5118; x_wconf 83' lang='lat' dir='ltr'><strong>constitutum</strong></span> <span class='ocrx_word' id='word_1_636' title='bbox 934 5060 1036 5113; x_wconf 87' lang='lat' dir='ltr'><strong>est,</strong></span> <span class='ocrx_word' id='word_1_637' title='bbox 1069 5050 1210 5118; x_wconf 91' lang='lat' dir='ltr'><strong>quod</strong></span> <span class='ocrx_word' id='word_1_638' title='bbox 1237 5050 1280 5102; x_wconf 89' lang='lat' dir='ltr'><strong>si</strong></span> <span class='ocrx_word' id='word_1_639' title='bbox 1315 5048 1407 5100; x_wconf 90' lang='lat' dir='ltr'><strong>Dei</strong></span> <span class='ocrx_word' id='word_1_640' title='bbox 1436 5047 1634 5116; x_wconf 82' lang='grc' dir='ltr'><strong>γνῶσις</strong></span> <span class='ocrx_word' id='word_1_641' title='bbox 1665 5047 1736 5099; x_wconf 90' lang='lat' dir='ltr'><strong>ab</strong></span> <span class='ocrx_word' id='word_1_642' title='bbox 1778 5057 2118 5118; x_wconf 24' lang='lat' dir='ltr'><strong>trternaﬂsa-</strong></span> 
     </span>
    </p>
   </div>
   <div class='ocr_carea' id='block_1_88' title="bbox 549 5115 2114 5189">
    <p class='ocr_par' dir='ltr' id='par_1_88' title="bbox 549 5115 2114 5189">
     <span class='ocr_line' id='line_1_88' title="bbox 549 5115 2114 5189; baseline -0.001 -20"><span class='ocrx_word' id='word_1_643' title='bbox 549 5117 664 5189; x_wconf 83' lang='lat' dir='ltr'><strong>lute</strong></span> <span class='ocrx_word' id='word_1_644' title='bbox 695 5130 876 5187; x_wconf 86' lang='lat' dir='ltr'><strong>posset</strong></span> <span class='ocrx_word' id='word_1_645' title='bbox 912 5115 1147 5189; x_wconf 81' lang='lat' dir='ltr'><strong>unquam</strong></span> <span class='ocrx_word' id='word_1_646' title='bbox 1174 5115 1604 5188; x_wconf 15' lang='lat' dir='ltr'><strong>separari,rtunc</strong></span> <span class='ocrx_word' id='word_1_647' title='bbox 1646 5119 1926 5185; x_wconf 81' lang='lat' dir='ltr'><strong>guosticus</strong></span> <span class='ocrx_word' id='word_1_648' title='bbox 1969 5115 2114 5169; x_wconf 90' lang='lat' dir='ltr'><strong>illam</strong></span> 
     </span>
    </p>
   </div>
   <div class='ocr_carea' id='block_1_89' title="bbox 549 5187 2116 5256">
    <p class='ocr_par' dir='ltr' id='par_1_89' title="bbox 549 5187 2116 5256">
     <span class='ocr_line' id='line_1_89' title="bbox 549 5187 2116 5256; baseline 0 -16"><span class='ocrx_word' id='word_1_649' title='bbox 549 5187 752 5256; x_wconf 75' lang='lat' dir='ltr'><strong>eligere</strong></span> <span class='ocrx_word' id='word_1_650' title='bbox 775 5187 1125 5244; x_wconf 66' lang='lat' dir='ltr'><strong>omniuoiron</strong></span> <span class='ocrx_word' id='word_1_651' title='bbox 1150 5187 1462 5244; x_wconf 84' lang='lat' dir='ltr'><strong>dubitaret:</strong></span> <span class='ocrx_word' id='word_1_652' title='bbox 1495 5207 1513 5240; x_wconf 77' lang='grc' dir='ltr'><strong>ι</strong></span> <span class='ocrx_word' id='word_1_653' title='bbox 1554 5190 1610 5242; x_wconf 78' lang='lat' dir='ltr'><strong>Si</strong></span> <span class='ocrx_word' id='word_1_654' title='bbox 1644 5191 1766 5255; x_wconf 89' lang='lat' dir='ltr'><strong>quis</strong></span> <span class='ocrx_word' id='word_1_655' title='bbox 1811 5202 1907 5256; x_wconf 90' lang='lat' dir='ltr'><strong>per</strong></span> <span class='ocrx_word' id='word_1_656' title='bbox 1945 5189 2116 5256; x_wconf 84' lang='lat' dir='ltr'><strong>hypo-</strong></span> 
     </span>
    </p>
   </div>
   <div class='ocr_carea' id='block_1_90' title="bbox 551 5259 2117 5329">
    <p class='ocr_par' dir='ltr' id='par_1_90' title="bbox 551 5259 2117 5329">
     <span class='ocr_line' id='line_1_90' title="bbox 551 5259 2117 5329; baseline -0.001 -19"><span class='ocrx_word' id='word_1_657' title='bbox 551 5259 747 5312; x_wconf 74' lang='lat' dir='ltr'><strong>thes‘im</strong></span> <span class='ocrx_word' id='word_1_658' title='bbox 801 5261 988 5329; x_wconf 86' lang='lat' dir='ltr'><strong>(verba</strong></span> <span class='ocrx_word' id='word_1_659' title='bbox 1015 5262 1308 5316; x_wconf 82' lang='lat' dir='ltr'><strong>Cletlteutis</strong></span> <span class='ocrx_word' id='word_1_660' title='bbox 1340 5270 1465 5312; x_wconf 84' lang='lat' dir='ltr'><strong>sunt</strong></span> <span class='ocrx_word' id='word_1_661' title='bbox 1497 5259 1588 5328; x_wconf 82' lang='grc'><strong>⁸³),</strong></span> <span class='ocrx_word' id='word_1_662' title='bbox 1645 5262 1888 5327; x_wconf 82' lang='lat' dir='ltr'><strong>gttostico</strong></span> <span class='ocrx_word' id='word_1_663' title='bbox 1923 5272 2117 5326; x_wconf 84' lang='lat' dir='ltr'><strong>propo-</strong></span> 
     </span>
    </p>
   </div>
   <div class='ocr_carea' id='block_1_91' title="bbox 549 5329 2119 5400">
    <p class='ocr_par' dir='ltr' id='par_1_91' title="bbox 549 5329 2119 5400">
     <span class='ocr_line' id='line_1_91' title="bbox 549 5329 2119 5400; baseline -0.002 -18"><span class='ocrx_word' id='word_1_664' title='bbox 549 5330 722 5382; x_wconf 71' lang='lat' dir='ltr'><strong>suerit</strong></span> <span class='ocrx_word' id='word_1_665' title='bbox 779 5343 958 5384; x_wconf 90' lang='lat' dir='ltr'><strong>utrum</strong></span> <span class='ocrx_word' id='word_1_666' title='bbox 1011 5333 1164 5385; x_wconf 84' lang='lat' dir='ltr'><strong>malit</strong></span> <span class='ocrx_word' id='word_1_667' title='bbox 1207 5330 1299 5384; x_wconf 83' lang='lat' dir='ltr'><strong>Dei</strong></span> <span class='ocrx_word' id='word_1_668' title='bbox 1350 5333 1740 5400; x_wconf 77' lang='lat' dir='ltr'><strong>cognitionem,</strong></span> <span class='ocrx_word' id='word_1_669' title='bbox 1778 5347 1845 5381; x_wconf 89' lang='lat' dir='ltr'><strong>an</strong></span> <span class='ocrx_word' id='word_1_670' title='bbox 1887 5329 2119 5400; x_wconf 80' lang='lat' dir='ltr'><strong>salutem</strong></span> 
     </span>
    </p>
   </div>
   <div class='ocr_carea' id='block_1_92' title="bbox 552 5399 2124 5470">
    <p class='ocr_par' dir='ltr' id='par_1_92' title="bbox 552 5399 2124 5470">
     <span class='ocr_line' id='line_1_92' title="bbox 552 5399 2124 5470; baseline -0.001 -20"><span class='ocrx_word' id='word_1_671' title='bbox 552 5410 844 5464; x_wconf 74' lang='lat' dir='ltr'><strong>attentam;</strong></span> <span class='ocrx_word' id='word_1_672' title='bbox 875 5402 986 5455; x_wconf 88' lang='lat' dir='ltr'><strong>sint</strong></span> <span class='ocrx_word' id='word_1_673' title='bbox 1017 5415 1196 5456; x_wconf 86' lang='lat' dir='ltr'><strong>autem</strong></span> <span class='ocrx_word' id='word_1_674' title='bbox 1220 5418 1282 5454; x_wconf 82' lang='lat' dir='ltr'><strong>ea</strong></span> <span class='ocrx_word' id='word_1_675' title='bbox 1313 5399 1590 5470; x_wconf 86' lang='lat' dir='ltr'><strong>separata,</strong></span> <span class='ocrx_word' id='word_1_676' title='bbox 1621 5417 1742 5453; x_wconf 90' lang='lat' dir='ltr'><strong>cum</strong></span> <span class='ocrx_word' id='word_1_677' title='bbox 1769 5401 1876 5452; x_wconf 89' lang='lat' dir='ltr'><strong>sint</strong></span> <span class='ocrx_word' id='word_1_678' title='bbox 1901 5399 2124 5453; x_wconf 88' lang='lat' dir='ltr'><strong>omnino</strong></span> 
     </span>
    </p>
   </div>
   <div class='ocr_carea' id='block_1_93' title="bbox 548 5470 2124 5542">
    <p class='ocr_par' dir='ltr' id='par_1_93' title="bbox 548 5470 2124 5542">
     <span class='ocr_line' id='line_1_93' title="bbox 548 5470 2124 5542; baseline -0.003 -19"><span class='ocrx_word' id='word_1_679' title='bbox 548 5474 776 5542; x_wconf 70' lang='lat' dir='ltr'><strong>eadem;</strong></span> <span class='ocrx_word' id='word_1_680' title='bbox 809 5470 940 5524; x_wconf 90' lang='lat' dir='ltr'><strong>nihil</strong></span> <span class='ocrx_word' id='word_1_681' title='bbox 988 5477 1203 5542; x_wconf 85' lang='lat' dir='ltr'><strong>penitus</strong></span> <span class='ocrx_word' id='word_1_682' title='bbox 1235 5471 1490 5525; x_wconf 84' lang='lat' dir='ltr'><strong>dubitans</strong></span> <span class='ocrx_word' id='word_1_683' title='bbox 1534 5471 1761 5538; x_wconf 83' lang='lat' dir='ltr'><strong>elegerit</strong></span> <span class='ocrx_word' id='word_1_684' title='bbox 1796 5471 1887 5523; x_wconf 78' lang='lat' dir='ltr'><strong>Dei</strong></span> <span class='ocrx_word' id='word_1_685' title='bbox 1935 5470 2124 5537; x_wconf 79' lang='lat' dir='ltr'><strong>Cogni-</strong></span> 
     </span>
    </p>
   </div>
   <div class='ocr_carea' id='block_1_94' title="bbox 555 5541 2120 5613">
    <p class='ocr_par' dir='ltr' id='par_1_94' title="bbox 555 5541 2120 5613">
     <span class='ocr_line' id='line_1_94' title="bbox 555 5541 2120 5613; baseline 0 -22"><span class='ocrx_word' id='word_1_686' title='bbox 555 5541 779 5613; x_wconf 87' lang='lat' dir='ltr'><strong>tionem,</strong></span> <span class='ocrx_word' id='word_1_687' title='bbox 806 5541 1031 5609; x_wconf 86' lang='lat' dir='ltr'><strong>pr0pler</strong></span> <span class='ocrx_word' id='word_1_688' title='bbox 1059 5558 1120 5596; x_wconf 88' lang='lat' dir='ltr'><strong>se</strong></span> <span class='ocrx_word' id='word_1_689' title='bbox 1139 5542 1389 5613; x_wconf 86' lang='lat' dir='ltr'><strong>judicans</strong></span> <span class='ocrx_word' id='word_1_690' title='bbox 1433 5556 1554 5595; x_wconf 87' lang='lat' dir='ltr'><strong>esse</strong></span> <span class='ocrx_word' id='word_1_691' title='bbox 1581 5543 1938 5610; x_wconf 80' lang='lat' dir='ltr'><strong>expetendam</strong></span> <span class='ocrx_word' id='word_1_692' title='bbox 1980 5554 2120 5613; x_wconf 85' lang='lat' dir='ltr'><strong>eam,</strong></span> 
     </span>
    </p>
   </div>
   <div class='ocr_carea' id='block_1_95' title="bbox 594 5611 2118 5681">
    <p class='ocr_par' dir='ltr' id='par_1_95' title="bbox 594 5611 2118 5681">
     <span class='ocr_line' id='line_1_95' title="bbox 594 5611 2118 5681; baseline 0.004 -21"><span class='ocrx_word' id='word_1_693' title='bbox 594 5621 674 5661; x_wconf 61' lang='lat' dir='ltr'><strong>ua!</strong></span> <span class='ocrx_word' id='word_1_694' title='bbox 705 5611 864 5666; x_wconf 87' lang='lat' dir='ltr'><strong>lidettt</strong></span> <span class='ocrx_word' id='word_1_695' title='bbox 897 5611 1299 5667; x_wconf 81' lang='lat' dir='ltr'><strong>transcenderit</strong></span> <span class='ocrx_word' id='word_1_696' title='bbox 1344 5627 1443 5681; x_wconf 87' lang='lat' dir='ltr'><strong>per</strong></span> <span class='ocrx_word' id='word_1_697' title='bbox 1473 5613 1794 5665; x_wconf 79' lang='lat' dir='ltr'><strong>rharitatem</strong></span> <span class='ocrx_word' id='word_1_698' title='bbox 1829 5613 1896 5665; x_wconf 89' lang='lat' dir='ltr'><strong>ad</strong></span> <span class='ocrx_word' id='word_1_699' title='bbox 1929 5611 2118 5680; x_wconf 81' lang='lat' dir='ltr'><strong>cogni-</strong></span> 
     </span>
    </p>
   </div>
   <div class='ocr_carea' id='block_1_96' title="bbox 555 5680 2122 5753">
    <p class='ocr_par' dir='ltr' id='par_1_96' title="bbox 555 5680 2122 5753">
     <span class='ocr_line' id='line_1_96' title="bbox 555 5680 2122 5753; baseline -0.001 -20"><span class='ocrx_word' id='word_1_700' title='bbox 555 5680 779 5753; x_wconf 74' lang='lat' dir='ltr'><strong>tionem,</strong></span> <span class='ocrx_word' id='word_1_701' title='bbox 811 5687 1197 5753; x_wconf 84' lang='lat' dir='ltr'><strong>proprietatem</strong></span> <span class='ocrx_word' id='word_1_702' title='bbox 1230 5680 1356 5752; x_wconf 14' lang='lat' dir='ltr'><strong>(vel,</strong></span> <span class='ocrx_word' id='word_1_703' title='bbox 1394 5683 1554 5750; x_wconf 86' lang='lat' dir='ltr'><strong>paulo</strong></span> <span class='ocrx_word' id='word_1_704' title='bbox 1589 5683 1790 5736; x_wconf 87' lang='lat' dir='ltr'><strong>clarius</strong></span> <span class='ocrx_word' id='word_1_705' title='bbox 1821 5723 1835 5746; x_wconf 89' lang='lat'><strong>,</strong></span> <span class='ocrx_word' id='word_1_706' title='bbox 1876 5681 1999 5749; x_wconf 85' lang='lat' dir='ltr'><strong>quia</strong></span> <span class='ocrx_word' id='word_1_707' title='bbox 2037 5680 2122 5745; x_wconf 85' lang='lat' dir='ltr'><strong>ju-</strong></span> 
     </span>
    </p>
   </div>
   <div class='ocr_carea' id='block_1_97' title="bbox 553 5752 2121 5823">
    <p class='ocr_par' dir='ltr' id='par_1_97' title="bbox 553 5752 2121 5823">
     <span class='ocr_line' id='line_1_97' title="bbox 553 5752 2121 5823; baseline -0.001 -16"><span class='ocrx_word' id='word_1_708' title='bbox 553 5752 696 5807; x_wconf 83' lang='lat' dir='ltr'><strong>dicat</strong></span> <span class='ocrx_word' id='word_1_709' title='bbox 745 5752 862 5805; x_wconf 81' lang='lat' dir='ltr'><strong>eain</strong></span> <span class='ocrx_word' id='word_1_710' title='bbox 913 5770 1032 5808; x_wconf 79' lang='lat' dir='ltr'><strong>esse</strong></span> <span class='ocrx_word' id='word_1_711' title='bbox 1075 5763 1460 5823; x_wconf 84' lang='lat' dir='ltr'><strong>proprietatem</strong></span> <span class='ocrx_word' id='word_1_712' title='bbox 1509 5767 1728 5821; x_wconf 80' lang='lat' dir='ltr'><strong>propter</strong></span> <span class='ocrx_word' id='word_1_713' title='bbox 1760 5770 1820 5808; x_wconf 80' lang='lat' dir='ltr'><strong>se</strong></span> <span class='ocrx_word' id='word_1_714' title='bbox 1866 5767 2121 5820; x_wconf 77' lang='lat' dir='ltr'><strong>expeten-</strong></span> 
     </span>
    </p>
   </div>
   <div class='ocr_carea' id='block_1_98' title="bbox 623 5923 1758 5990">
    <p class='ocr_par' dir='ltr' id='par_1_98' title="bbox 623 5923 1758 5990">
     <span class='ocr_line' id='line_1_98' title="bbox 623 5923 1758 5990; baseline -0.003 -8"><span class='ocrx_word' id='word_1_715' title='bbox 623 5924 671 5958; x_wconf 75' lang='grc'><strong>³⁸</strong></span> <span class='ocrx_word' id='word_1_716' title='bbox 701 5927 848 5982; x_wconf 76' lang='lat' dir='ltr'><strong>Psal.</strong></span> <span class='ocrx_word' id='word_1_717' title='bbox 890 5941 948 5986; x_wconf 91' lang='lat' dir='ltr'><strong>tl,</strong></span> <span class='ocrx_word' id='word_1_718' title='bbox 977 5927 1027 5978; x_wconf 86' lang='lat'><strong>8.</strong></span> <span class='ocrx_word' id='word_1_719' title='bbox 1099 5925 1351 5979; x_wconf 77' lang='lat' dir='ltr'><strong>&quot;Strout.</strong></span> <span class='ocrx_word' id='word_1_720' title='bbox 1381 5924 1418 5976; x_wconf 92' lang='lat' dir='ltr'><strong>l.</strong></span> <span class='ocrx_word' id='word_1_721' title='bbox 1455 5937 1523 5983; x_wconf 68' lang='lat' dir='ltr'><strong>Vt,</strong></span> <span class='ocrx_word' id='word_1_722' title='bbox 1549 5937 1602 5990; x_wconf 83' lang='lat' dir='ltr'><strong>p.</strong></span> <span class='ocrx_word' id='word_1_723' title='bbox 1637 5923 1758 5980; x_wconf 76' lang='lat' dir='ltr'><strong>65L</strong></span> 
     </span>
    </p>
   </div>
   <div class='ocr_carea' id='block_1_99' title="bbox 1853 5919 2158 5993">
    <p class='ocr_par' dir='ltr' id='par_1_99' title="bbox 1853 5919 2158 5993">
     <span class='ocr_line' id='line_1_99' title="bbox 1853 5919 2158 5993; baseline -0.003 -16"><span class='ocrx_word' id='word_1_724' title='bbox 1853 5921 1899 5952; x_wconf 82' lang='grc'><strong>⁸³</strong></span> <span class='ocrx_word' id='word_1_725' title='bbox 1931 5919 1970 5980; x_wconf 89' lang='grc' dir='ltr'>ι.</span> <span class='ocrx_word' id='word_1_726' title='bbox 1999 5935 2072 5990; x_wconf 86' lang='lat' dir='ltr'><strong>tv,</strong></span> <span class='ocrx_word' id='word_1_727' title='bbox 2102 5935 2158 5993; x_wconf 87' lang='lat' dir='ltr'><strong>p.</strong></span> 
     </span>
    </p>
   </div>
   <div class='ocr_carea' id='block_1_100' title="bbox 2202 1947 3719 2020">
    <p class='ocr_par' dir='ltr' id='par_1_100' title="bbox 2202 1947 3719 2020">
     <span class='ocr_line' id='line_1_100' title="bbox 2202 1947 3719 2020; baseline -0.002 -16"><span class='ocrx_word' id='word_1_728' title='bbox 2202 1947 2657 2020; x_wconf 22' lang='lat' dir='ltr'><strong>separari,Al_onge</strong></span> <span class='ocrx_word' id='word_1_729' title='bbox 2679 1961 3002 2018; x_wconf 88' lang='lat' dir='ltr'><strong>postponere</strong></span> <span class='ocrx_word' id='word_1_730' title='bbox 3033 1951 3178 2004; x_wconf 90' lang='lat' dir='ltr'><strong>nullo</strong></span> <span class='ocrx_word' id='word_1_731' title='bbox 3203 1947 3377 2020; x_wconf 84' lang='lat' dir='ltr'><strong>plane</strong></span> <span class='ocrx_word' id='word_1_732' title='bbox 3424 1947 3583 2004; x_wconf 85' lang='lat' dir='ltr'><strong>modo</strong></span> <span class='ocrx_word' id='word_1_733' title='bbox 3603 1950 3719 2004; x_wconf 66' lang='lat' dir='ltr'><strong>besi-</strong></span> 
     </span>
    </p>
   </div>
   <div class='ocr_carea' id='block_1_101' title="bbox 2202 2017 3718 2092">
    <p class='ocr_par' dir='ltr' id='par_1_101' title="bbox 2202 2017 3718 2092">
     <span class='ocr_line' id='line_1_101' title="bbox 2202 2017 3718 2092; baseline 0.001 -22"><span class='ocrx_word' id='word_1_734' title='bbox 2202 2026 2362 2082; x_wconf 79' lang='lat' dir='ltr'><strong>taret,</strong></span> <span class='ocrx_word' id='word_1_735' title='bbox 2390 2017 2899 2088; x_wconf 32' lang='lat' dir='ltr'><strong>malletque’aeterna</strong></span> <span class='ocrx_word' id='word_1_736' title='bbox 2931 2023 3106 2092; x_wconf 87' lang='lat' dir='ltr'><strong>salute</strong></span> <span class='ocrx_word' id='word_1_737' title='bbox 3136 2017 3375 2092; x_wconf 83' lang='lat' dir='ltr'><strong>privari,</strong></span> <span class='ocrx_word' id='word_1_738' title='bbox 3401 2036 3559 2092; x_wconf 88' lang='lat' dir='ltr'><strong>quam</strong></span> <span class='ocrx_word' id='word_1_739' title='bbox 3587 2022 3718 2091; x_wconf 74' lang='lat' dir='ltr'><strong>ipsum</strong></span> 
     </span>
    </p>
   </div>
   <div class='ocr_carea' id='block_1_102' title="bbox 2203 2091 2958 2157">
    <p class='ocr_par' dir='ltr' id='par_1_102' title="bbox 2203 2091 2958 2157">
     <span class='ocr_line' id='line_1_102' title="bbox 2203 2091 2958 2157; baseline 0.005 -15"><span class='ocrx_word' id='word_1_740' title='bbox 2203 2102 2310 2142; x_wconf 86' lang='lat' dir='ltr'><strong>non</strong></span> <span class='ocrx_word' id='word_1_741' title='bbox 2339 2103 2636 2157; x_wconf 84' lang='lat' dir='ltr'><strong>agnoscere</strong></span> <span class='ocrx_word' id='word_1_742' title='bbox 2657 2099 2710 2144; x_wconf 91' lang='lat' dir='ltr'><strong>et</strong></span> <span class='ocrx_word' id='word_1_743' title='bbox 2737 2091 2958 2146; x_wconf 74' lang='lat' dir='ltr'><strong>amare?</strong></span> 
     </span>
    </p>
   </div>
   <div class='ocr_carea' id='block_1_103' title="bbox 2276 2157 3718 2230">
    <p class='ocr_par' dir='ltr' id='par_1_103' title="bbox 2276 2157 3718 2230">
     <span class='ocr_line' id='line_1_103' title="bbox 2276 2157 3718 2230; baseline 0.001 -18"><span class='ocrx_word' id='word_1_744' title='bbox 2276 2157 2381 2212; x_wconf 89' lang='lat' dir='ltr'><strong>Sed</strong></span> <span class='ocrx_word' id='word_1_745' title='bbox 2407 2159 2594 2230; x_wconf 87' lang='lat' dir='ltr'><strong>sedulo</strong></span> <span class='ocrx_word' id='word_1_746' title='bbox 2637 2161 3033 2216; x_wconf 83' lang='lat' dir='ltr'><strong>observandum</strong></span> <span class='ocrx_word' id='word_1_747' title='bbox 3092 2161 3224 2216; x_wconf 91' lang='lat' dir='ltr'><strong>illud</strong></span> <span class='ocrx_word' id='word_1_748' title='bbox 3281 2171 3398 2226; x_wconf 79' lang='lat' dir='ltr'><strong>est,</strong></span> <span class='ocrx_word' id='word_1_749' title='bbox 3449 2161 3581 2230; x_wconf 90' lang='lat' dir='ltr'><strong>quod</strong></span> <span class='ocrx_word' id='word_1_750' title='bbox 3619 2161 3718 2214; x_wconf 70' lang='lat' dir='ltr'><strong>dixit</strong></span> 
     </span>
    </p>
   </div>
   <div class='ocr_carea' id='block_1_104' title="bbox 2203 2226 3722 2304">
    <p class='ocr_par' dir='ltr' id='par_1_104' title="bbox 2203 2226 3722 2304">
     <span class='ocr_line' id='line_1_104' title="bbox 2203 2226 3722 2304; baseline 0 -22"><span class='ocrx_word' id='word_1_751' title='bbox 2203 2226 2455 2283; x_wconf 88' lang='lat' dir='ltr'><strong>Clemens</strong></span> <span class='ocrx_word' id='word_1_752' title='bbox 2485 2246 2506 2281; x_wconf 76' lang='grc' dir='ltr'><strong>ι</strong></span> <span class='ocrx_word' id='word_1_753' title='bbox 2545 2229 2636 2284; x_wconf 90' lang='lat' dir='ltr'><strong>Dei</strong></span> <span class='ocrx_word' id='word_1_754' title='bbox 2672 2232 3054 2304; x_wconf 77' lang='lat' dir='ltr'><strong>cognitionem,</strong></span> <span class='ocrx_word' id='word_1_755' title='bbox 3089 2231 3188 2304; x_wconf 85' lang='grc' dir='ltr'><strong>τὴν</strong></span> <span class='ocrx_word' id='word_1_756' title='bbox 3231 2226 3573 2302; x_wconf 66' lang='grc' dir='ltr'><strong>γνῶσιν’τοῦ</strong></span> <span class='ocrx_word' id='word_1_757' title='bbox 3608 2231 3722 2304; x_wconf 63' lang='lat' dir='ltr'><strong>Das],</strong></span> 
     </span>
    </p>
   </div>
   <div class='ocr_carea' id='block_1_105' title="bbox 2204 2301 3721 2376">
    <p class='ocr_par' dir='ltr' id='par_1_105' title="bbox 2204 2301 3721 2376">
     <span class='ocr_line' id='line_1_105' title="bbox 2204 2301 3721 2376; baseline -0.002 -22"><span class='ocrx_word' id='word_1_758' title='bbox 2204 2308 2259 2361; x_wconf 79' lang='lat' dir='ltr'><strong>et</strong></span> <span class='ocrx_word' id='word_1_759' title='bbox 2305 2309 2566 2376; x_wconf 66' lang='lat' dir='ltr'><strong>aeternam</strong></span> <span class='ocrx_word' id='word_1_760' title='bbox 2611 2301 2864 2376; x_wconf 82' lang='lat' dir='ltr'><strong>salutem,</strong></span> <span class='ocrx_word' id='word_1_761' title='bbox 2918 2302 3018 2376; x_wconf 77' lang='grc' dir='ltr'><strong>τῂν</strong></span> <span class='ocrx_word' id='word_1_762' title='bbox 3071 2301 3357 2376; x_wconf 64' lang='grc' dir='ltr'><strong>συὴηρεαν</strong></span> <span class='ocrx_word' id='word_1_763' title='bbox 3402 2305 3499 2376; x_wconf 58' lang='grc' dir='ltr'><strong>τὴν</strong></span> <span class='ocrx_word' id='word_1_764' title='bbox 3542 2302 3721 2376; x_wconf 55' lang='lat' dir='ltr'><strong>attinnt,</strong></span> 
     </span>
    </p>
   </div>
   <div class='ocr_carea' id='block_1_106' title="bbox 2205 2371 3718 2445">
    <p class='ocr_par' dir='ltr' id='par_1_106' title="bbox 2205 2371 3718 2445">
     <span class='ocr_line' id='line_1_106' title="bbox 2205 2371 3718 2445; baseline -0.001 -22"><span class='ocrx_word' id='word_1_765' title='bbox 2205 2382 2328 2445; x_wconf 77' lang='lat' dir='ltr'><strong>esse</strong></span> <span class='ocrx_word' id='word_1_766' title='bbox 2357 2371 2593 2445; x_wconf 73' lang='lat' dir='ltr'><strong>_ontnino</strong></span> <span class='ocrx_word' id='word_1_767' title='bbox 2639 2371 3116 2445; x_wconf 68' lang='lat' dir='ltr'><strong>eatlem,_7:dtvzw;</strong></span> <span class='ocrx_word' id='word_1_768' title='bbox 3168 2371 3718 2445; x_wconf 54' lang='grc' dir='ltr'><strong>ὲῦταυτότήτιδντα..</strong></span> 
     </span>
    </p>
   </div>
   <div class='ocr_carea' id='block_1_107' title="bbox 2203 2439 3724 2512">
    <p class='ocr_par' dir='ltr' id='par_1_107' title="bbox 2203 2439 3724 2512">
     <span class='ocr_line' id='line_1_107' title="bbox 2203 2439 3724 2512; baseline 0 -20"><span class='ocrx_word' id='word_1_769' title='bbox 2203 2440 2370 2508; x_wconf 81' lang='lat' dir='ltr'><strong>Atqui</strong></span> <span class='ocrx_word' id='word_1_770' title='bbox 2406 2439 2455 2493; x_wconf 88' lang='lat' dir='ltr'><strong>si</strong></span> <span class='ocrx_word' id='word_1_771' title='bbox 2479 2441 2594 2495; x_wconf 71' lang='lat' dir='ltr'><strong>haec</strong></span> <span class='ocrx_word' id='word_1_772' title='bbox 2623 2442 2726 2496; x_wconf 90' lang='lat' dir='ltr'><strong>sint</strong></span> <span class='ocrx_word' id='word_1_773' title='bbox 2762 2443 2978 2512; x_wconf 87' lang='lat' dir='ltr'><strong>penitus</strong></span> <span class='ocrx_word' id='word_1_774' title='bbox 3020 2445 3232 2509; x_wconf 84' lang='lat' dir='ltr'><strong>eadem,</strong></span> <span class='ocrx_word' id='word_1_775' title='bbox 3277 2458 3439 2499; x_wconf 88' lang='lat' dir='ltr'><strong>certe</strong></span> <span class='ocrx_word' id='word_1_776' title='bbox 3482 2439 3509 2497; x_wconf 64' lang='grc' dir='ltr'><strong>ᾖ</strong></span> <span class='ocrx_word' id='word_1_777' title='bbox 3543 2460 3594 2496; x_wconf 80' lang='lat' dir='ltr'><strong>se</strong></span> <span class='ocrx_word' id='word_1_778' title='bbox 3628 2447 3724 2493; x_wconf 83' lang='lat' dir='ltr'><strong>int-i-</strong></span> 
     </span>
    </p>
   </div>
   <div class='ocr_carea' id='block_1_108' title="bbox 2206 2513 3722 2584">
    <p class='ocr_par' dir='ltr' id='par_1_108' title="bbox 2206 2513 3722 2584">
     <span class='ocr_line' id='line_1_108' title="bbox 2206 2513 3722 2584; baseline 0 -21"><span class='ocrx_word' id='word_1_779' title='bbox 2206 2524 2323 2563; x_wconf 89' lang='lat' dir='ltr'><strong>cem</strong></span> <span class='ocrx_word' id='word_1_780' title='bbox 2358 2514 2602 2584; x_wconf 74' lang='lat' dir='ltr'><strong>separari</strong></span> <span class='ocrx_word' id='word_1_781' title='bbox 2637 2527 2906 2580; x_wconf 89' lang='lat' dir='ltr'><strong>nunquam</strong></span> <span class='ocrx_word' id='word_1_782' title='bbox 2928 2513 3093 2583; x_wconf 77' lang='lat'><strong>219</strong></span> <span class='ocrx_word' id='word_1_783' title='bbox 3139 2526 3398 2584; x_wconf 86' lang='lat' dir='ltr'><strong>possunt.</strong></span> <span class='ocrx_word' id='word_1_784' title='bbox 3450 2513 3559 2568; x_wconf 84' lang='lat' dir='ltr'><strong>Non</strong></span> <span class='ocrx_word' id='word_1_785' title='bbox 3593 2524 3722 2581; x_wconf 66' lang='grc' dir='ltr'>ροιρει</span> 
     </span>
    </p>
   </div>
   <div class='ocr_carea' id='block_1_109' title="bbox 2206 2579 3722 2655">
    <p class='ocr_par' dir='ltr' id='par_1_109' title="bbox 2206 2579 3722 2655">
     <span class='ocr_line' id='line_1_109' title="bbox 2206 2579 3722 2655; baseline 0.001 -21"><span class='ocrx_word' id='word_1_786' title='bbox 2206 2595 2337 2650; x_wconf 83' lang='lat' dir='ltr'><strong>ergo</strong></span> <span class='ocrx_word' id='word_1_787' title='bbox 2372 2579 2511 2635; x_wconf 87' lang='lat' dir='ltr'><strong>Deus</strong></span> <span class='ocrx_word' id='word_1_788' title='bbox 2545 2579 2777 2650; x_wconf 71' lang='lat' dir='ltr'><strong>agnosci</strong></span> <span class='ocrx_word' id='word_1_789' title='bbox 2796 2592 2849 2638; x_wconf 88' lang='lat' dir='ltr'><strong>et</strong></span> <span class='ocrx_word' id='word_1_790' title='bbox 2887 2579 3087 2648; x_wconf 57' lang='lat' dir='ltr'><strong>ama—rt,</strong></span> <span class='ocrx_word' id='word_1_791' title='bbox 3123 2579 3252 2654; x_wconf 79' lang='lat' dir='ltr'><strong>quin</strong></span> <span class='ocrx_word' id='word_1_792' title='bbox 3305 2587 3459 2641; x_wconf 90' lang='lat' dir='ltr'><strong>illico</strong></span> <span class='ocrx_word' id='word_1_793' title='bbox 3491 2579 3603 2655; x_wconf 68' lang='lat' dir='ltr'><strong>ipsa</strong></span> <span class='ocrx_word' id='word_1_794' title='bbox 3619 2584 3722 2638; x_wconf 83' lang='lat' dir='ltr'><strong>salus</strong></span> 
     </span>
    </p>
   </div>
   <div class='ocr_carea' id='block_1_110' title="bbox 2207 2661 3108 2721">
    <p class='ocr_par' dir='ltr' id='par_1_110' title="bbox 2207 2661 3108 2721">
     <span class='ocr_line' id='line_1_110' title="bbox 2207 2661 3108 2721; baseline 0.003 -17"><span class='ocrx_word' id='word_1_795' title='bbox 2207 2661 2408 2704; x_wconf 64' lang='lat' dir='ltr'><strong>aeterna</strong></span> <span class='ocrx_word' id='word_1_796' title='bbox 2435 2661 2768 2721; x_wconf 81' lang='lat' dir='ltr'><strong>agnoscatur</strong></span> <span class='ocrx_word' id='word_1_797' title='bbox 2793 2664 2847 2707; x_wconf 90' lang='lat' dir='ltr'><strong>et</strong></span> <span class='ocrx_word' id='word_1_798' title='bbox 2872 2667 3108 2708; x_wconf 89' lang='lat' dir='ltr'><strong>ametur.</strong></span> 
     </span>
    </p>
   </div>
   <div class='ocr_carea' id='block_1_111' title="bbox 2278 2721 3719 2794">
    <p class='ocr_par' dir='ltr' id='par_1_111' title="bbox 2278 2721 3719 2794">
     <span class='ocr_line' id='line_1_111' title="bbox 2278 2721 3719 2794; baseline 0.007 -21"><span class='ocrx_word' id='word_1_799' title='bbox 2278 2722 2370 2784; x_wconf 84' lang='lat' dir='ltr'><strong>At,</strong></span> <span class='ocrx_word' id='word_1_800' title='bbox 2396 2721 2630 2794; x_wconf 85' lang='lat' dir='ltr'><strong>inquies,</strong></span> <span class='ocrx_word' id='word_1_801' title='bbox 2665 2724 2709 2776; x_wconf 90' lang='lat' dir='ltr'><strong>si</strong></span> <span class='ocrx_word' id='word_1_802' title='bbox 2744 2740 2840 2793; x_wconf 92' lang='lat' dir='ltr'><strong>per</strong></span> <span class='ocrx_word' id='word_1_803' title='bbox 2877 2725 3214 2794; x_wconf 82' lang='lat' dir='ltr'><strong>hypotltesim</strong></span> <span class='ocrx_word' id='word_1_804' title='bbox 3252 2733 3483 2794; x_wconf 86' lang='lat' dir='ltr'><strong>possent</strong></span> <span class='ocrx_word' id='word_1_805' title='bbox 3511 2724 3719 2792; x_wconf 76' lang='lat' dir='ltr'><strong>separari.</strong></span> 
     </span>
    </p>
   </div>
   <div class='ocr_carea' id='block_1_112' title="bbox 2209 2793 3722 2866">
    <p class='ocr_par' dir='ltr' id='par_1_112' title="bbox 2209 2793 3722 2866">
     <span class='ocr_line' id='line_1_112' title="bbox 2209 2793 3722 2866; baseline 0 -21"><span class='ocrx_word' id='word_1_806' title='bbox 2209 2801 2340 2866; x_wconf 75' lang='lat' dir='ltr'><strong>tunc</strong></span> <span class='ocrx_word' id='word_1_807' title='bbox 2361 2793 2640 2866; x_wconf 82' lang='lat' dir='ltr'><strong>gnosticus</strong></span> <span class='ocrx_word' id='word_1_808' title='bbox 2683 2794 2870 2858; x_wconf 88' lang='lat' dir='ltr'><strong>Deunt,</strong></span> <span class='ocrx_word' id='word_1_809' title='bbox 2893 2793 2960 2866; x_wconf 85' lang='lat' dir='ltr'><strong>ut</strong></span> <span class='ocrx_word' id='word_1_810' title='bbox 3004 2795 3079 2848; x_wconf 88' lang='lat' dir='ltr'><strong>ait</strong></span> <span class='ocrx_word' id='word_1_811' title='bbox 3108 2793 3393 2858; x_wconf 85' lang='lat' dir='ltr'><strong>Clemens,</strong></span> <span class='ocrx_word' id='word_1_812' title='bbox 3450 2807 3642 2866; x_wconf 87' lang='lat' dir='ltr'><strong>propter</strong></span> <span class='ocrx_word' id='word_1_813' title='bbox 3663 2811 3722 2866; x_wconf 82' lang='lat' dir='ltr'><strong>sc-</strong></span> 
     </span>
    </p>
   </div>
   <div class='ocr_carea' id='block_1_113' title="bbox 2210 2861 3724 2935">
    <p class='ocr_par' dir='ltr' id='par_1_113' title="bbox 2210 2861 3724 2935">
     <span class='ocr_line' id='line_1_113' title="bbox 2210 2861 3724 2935; baseline -0.001 -20"><span class='ocrx_word' id='word_1_814' title='bbox 2210 2861 2385 2935; x_wconf 87' lang='lat' dir='ltr'><strong>ipsutn</strong></span> <span class='ocrx_word' id='word_1_815' title='bbox 2409 2861 2585 2935; x_wconf 79' lang='lat' dir='ltr'><strong>solum</strong></span> <span class='ocrx_word' id='word_1_816' title='bbox 2615 2878 2800 2917; x_wconf 83' lang='lat' dir='ltr'><strong>revera</strong></span> <span class='ocrx_word' id='word_1_817' title='bbox 2831 2865 3104 2934; x_wconf 81' lang='lat' dir='ltr'><strong>diligeret.</strong></span> <span class='ocrx_word' id='word_1_818' title='bbox 3135 2867 3336 2921; x_wconf 84' lang='lat' dir='ltr'><strong>Verum</strong></span> <span class='ocrx_word' id='word_1_819' title='bbox 3387 2861 3500 2921; x_wconf 66' lang='lat' dir='ltr'><strong>haec</strong></span> <span class='ocrx_word' id='word_1_820' title='bbox 3528 2865 3724 2935; x_wconf 78' lang='lat' dir='ltr'><strong>hypotlte-</strong></span> 
     </span>
    </p>
   </div>
   <div class='ocr_carea' id='block_1_114' title="bbox 2209 2933 3722 3002">
    <p class='ocr_par' dir='ltr' id='par_1_114' title="bbox 2209 2933 3722 3002">
     <span class='ocr_line' id='line_1_114' title="bbox 2209 2933 3722 3002; baseline -0.001 -16"><span class='ocrx_word' id='word_1_821' title='bbox 2209 2934 2309 2996; x_wconf 78' lang='lat' dir='ltr'><strong>sis,</strong></span> <span class='ocrx_word' id='word_1_822' title='bbox 2337 2933 2500 2987; x_wconf 88' lang='lat' dir='ltr'><strong>sicuti</strong></span> <span class='ocrx_word' id='word_1_823' title='bbox 2536 2933 2788 2989; x_wconf 86' lang='lat' dir='ltr'><strong>Clemens</strong></span> <span class='ocrx_word' id='word_1_824' title='bbox 2819 2933 3034 3002; x_wconf 78' lang='lat' dir='ltr'><strong>quoque</strong></span> <span class='ocrx_word' id='word_1_825' title='bbox 3081 2935 3312 2999; x_wconf 83' lang='lat' dir='ltr'><strong>fatetur,</strong></span> <span class='ocrx_word' id='word_1_826' title='bbox 3362 2947 3448 2990; x_wconf 86' lang='lat' dir='ltr'><strong>est</strong></span> <span class='ocrx_word' id='word_1_827' title='bbox 3495 2933 3572 2990; x_wconf 84' lang='lat' dir='ltr'><strong>rei</strong></span> <span class='ocrx_word' id='word_1_828' title='bbox 3609 2935 3722 3002; x_wconf 74' lang='lat' dir='ltr'><strong>plane</strong></span> 
     </span>
    </p>
   </div>
   <div class='ocr_carea' id='block_1_115' title="bbox 2210 3003 3722 3074">
    <p class='ocr_par' dir='ltr' id='par_1_115' title="bbox 2210 3003 3722 3074">
     <span class='ocr_line' id='line_1_115' title="bbox 2210 3003 3722 3074; baseline 0 -19"><span class='ocrx_word' id='word_1_829' title='bbox 2210 3003 2592 3070; x_wconf 78' lang='lat' dir='ltr'><strong>impossibilis,</strong></span> <span class='ocrx_word' id='word_1_830' title='bbox 2619 3014 2672 3056; x_wconf 90' lang='lat' dir='ltr'><strong>et</strong></span> <span class='ocrx_word' id='word_1_831' title='bbox 2692 3021 2810 3072; x_wconf 71' lang='lat' dir='ltr'><strong>qua:</strong></span> <span class='ocrx_word' id='word_1_832' title='bbox 2835 3007 2984 3058; x_wconf 91' lang='lat' dir='ltr'><strong>nullo</strong></span> <span class='ocrx_word' id='word_1_833' title='bbox 3011 3022 3247 3074; x_wconf 90' lang='lat' dir='ltr'><strong>unquam</strong></span> <span class='ocrx_word' id='word_1_834' title='bbox 3281 3010 3448 3062; x_wconf 82' lang='lat' dir='ltr'><strong>modo</strong></span> <span class='ocrx_word' id='word_1_835' title='bbox 3466 3005 3617 3074; x_wconf 74' lang='lat' dir='ltr'><strong>magis</strong></span> <span class='ocrx_word' id='word_1_836' title='bbox 3640 3004 3722 3057; x_wconf 77' lang='lat' dir='ltr'><strong>ﬁeri</strong></span> 
     </span>
    </p>
   </div>
   <div class='ocr_carea' id='block_1_116' title="bbox 2210 3075 3722 3156">
    <p class='ocr_par' dir='ltr' id='par_1_116' title="bbox 2210 3075 3722 3156">
     <span class='ocr_line' id='line_1_116' title="bbox 2210 3075 3722 3156; baseline 0.005 -30"><span class='ocrx_word' id='word_1_837' title='bbox 2210 3076 2430 3156; x_wconf 77' lang='lat' dir='ltr'><strong>poterit,</strong></span> <span class='ocrx_word' id='word_1_838' title='bbox 2463 3089 2626 3156; x_wconf 81' lang='lat' dir='ltr'><strong>quam</strong></span> <span class='ocrx_word' id='word_1_839' title='bbox 2655 3087 2711 3128; x_wconf 92' lang='lat' dir='ltr'><strong>ut</strong></span> <span class='ocrx_word' id='word_1_840' title='bbox 2746 3077 2886 3156; x_wconf 59' lang='lat' dir='ltr'><strong>Deos</strong></span> <span class='ocrx_word' id='word_1_841' title='bbox 2914 3075 3028 3156; x_wconf 76' lang='lat' dir='ltr'><strong>ipse</strong></span> <span class='ocrx_word' id='word_1_842' title='bbox 3063 3078 3217 3156; x_wconf 86' lang='lat' dir='ltr'><strong>Deus_</strong></span> <span class='ocrx_word' id='word_1_843' title='bbox 3237 3093 3348 3156; x_wconf 84' lang='lat' dir='ltr'><strong>non</strong></span> <span class='ocrx_word' id='word_1_844' title='bbox 3381 3079 3474 3156; x_wconf 68' lang='lat' dir='ltr'><strong>sit.</strong></span> <span class='ocrx_word' id='word_1_845' title='bbox 3501 3077 3722 3156; x_wconf 62' lang='lat' dir='ltr'><strong>Dicergo.</strong></span> 
     </span>
    </p>
   </div>
   <div class='ocr_carea' id='block_1_117' title="bbox 2209 3144 3722 3212">
    <p class='ocr_par' dir='ltr' id='par_1_117' title="bbox 2209 3144 3722 3212">
     <span class='ocr_line' id='line_1_117' title="bbox 2209 3144 3722 3212; baseline 0.001 -17"><span class='ocrx_word' id='word_1_846' title='bbox 2209 3144 2457 3207; x_wconf 82' lang='lat' dir='ltr'><strong>obsecro,</strong></span> <span class='ocrx_word' id='word_1_847' title='bbox 2486 3155 2717 3212; x_wconf 89' lang='lat' dir='ltr'><strong>putasne</strong></span> <span class='ocrx_word' id='word_1_848' title='bbox 2743 3163 2806 3198; x_wconf 75' lang='lat' dir='ltr'><strong>ex</strong></span> <span class='ocrx_word' id='word_1_849' title='bbox 2843 3144 3045 3200; x_wconf 88' lang='lat' dir='ltr'><strong>fictitiis</strong></span> <span class='ocrx_word' id='word_1_850' title='bbox 3074 3157 3130 3202; x_wconf 92' lang='lat' dir='ltr'><strong>et</strong></span> <span class='ocrx_word' id='word_1_851' title='bbox 3170 3148 3502 3202; x_wconf 72' lang='lat' dir='ltr'><strong>chitttaaricis</strong></span> <span class='ocrx_word' id='word_1_852' title='bbox 3530 3147 3722 3211; x_wconf 76' lang='lat' dir='ltr'><strong>hujusce-</strong></span> 
     </span>
    </p>
   </div>
   <div class='ocr_carea' id='block_1_118' title="bbox 2212 3215 3723 3286">
    <p class='ocr_par' dir='ltr' id='par_1_118' title="bbox 2212 3215 3723 3286">
     <span class='ocr_line' id='line_1_118' title="bbox 2212 3215 3723 3286; baseline -0.001 -19"><span class='ocrx_word' id='word_1_853' title='bbox 2212 3216 2354 3269; x_wconf 90' lang='lat' dir='ltr'><strong>modi</strong></span> <span class='ocrx_word' id='word_1_854' title='bbox 2377 3215 3109 3285; x_wconf 77' lang='lat' dir='ltr'><strong>ltypothesibttsClementem</strong></span> <span class='ocrx_word' id='word_1_855' title='bbox 3135 3220 3432 3286; x_wconf 86' lang='lat' dir='ltr'><strong>quamdam</strong></span> <span class='ocrx_word' id='word_1_856' title='bbox 3466 3217 3614 3270; x_wconf 83' lang='lat' dir='ltr'><strong>Dcunt</strong></span> <span class='ocrx_word' id='word_1_857' title='bbox 3631 3230 3723 3282; x_wconf 85' lang='lat' dir='ltr'><strong>pure</strong></span> 
     </span>
    </p>
   </div>
   <div class='ocr_carea' id='block_1_119' title="bbox 2210 3287 3724 3356">
    <p class='ocr_par' dir='ltr' id='par_1_119' title="bbox 2210 3287 3724 3356">
     <span class='ocr_line' id='line_1_119' title="bbox 2210 3287 3724 3356; baseline 0.002 -20"><span class='ocrx_word' id='word_1_858' title='bbox 2210 3289 2422 3356; x_wconf 75' lang='lat' dir='ltr'><strong>amandi</strong></span> <span class='ocrx_word' id='word_1_859' title='bbox 2486 3287 2724 3356; x_wconf 74' lang='lat' dir='ltr'><strong>regulam</strong></span> <span class='ocrx_word' id='word_1_860' title='bbox 2769 3287 3152 3342; x_wconf 83' lang='lat' dir='ltr'><strong>constituisse?</strong></span> <span class='ocrx_word' id='word_1_861' title='bbox 3208 3289 3495 3343; x_wconf 88' lang='lat' dir='ltr'><strong>Censesne</strong></span> <span class='ocrx_word' id='word_1_862' title='bbox 3542 3287 3589 3341; x_wconf 82' lang='lat' dir='ltr'><strong>in</strong></span> <span class='ocrx_word' id='word_1_863' title='bbox 3624 3287 3724 3338; x_wconf 80' lang='lat' dir='ltr'><strong>illius</strong></span> 
     </span>
    </p>
   </div>
   <div class='ocr_carea' id='block_1_120' title="bbox 2211 3355 3725 3427">
    <p class='ocr_par' dir='ltr' id='par_1_120' title="bbox 2211 3355 3725 3427">
     <span class='ocr_line' id='line_1_120' title="bbox 2211 3355 3725 3427; baseline 0.001 -22"><span class='ocrx_word' id='word_1_864' title='bbox 2211 3355 2423 3427; x_wconf 78' lang='lat' dir='ltr'><strong>venisse</strong></span> <span class='ocrx_word' id='word_1_865' title='bbox 2449 3355 2683 3410; x_wconf 87' lang='lat' dir='ltr'><strong>mentem</strong></span> <span class='ocrx_word' id='word_1_866' title='bbox 2714 3359 2978 3426; x_wconf 85' lang='lat' dir='ltr'><strong>gnostico,</strong></span> <span class='ocrx_word' id='word_1_867' title='bbox 3002 3369 3059 3412; x_wconf 92' lang='lat' dir='ltr'><strong>ut</strong></span> <span class='ocrx_word' id='word_1_868' title='bbox 3090 3360 3254 3411; x_wconf 91' lang='lat' dir='ltr'><strong>Deum</strong></span> <span class='ocrx_word' id='word_1_869' title='bbox 3295 3374 3441 3427; x_wconf 90' lang='lat' dir='ltr'><strong>puro</strong></span> <span class='ocrx_word' id='word_1_870' title='bbox 3471 3371 3634 3410; x_wconf 90' lang='lat' dir='ltr'><strong>amore</strong></span> <span class='ocrx_word' id='word_1_871' title='bbox 3659 3356 3725 3427; x_wconf 14' lang='lat' dir='ltr'><strong>7di-</strong></span> 
     </span>
    </p>
   </div>
   <div class='ocr_carea' id='block_1_121' title="bbox 2210 3424 3727 3498">
    <p class='ocr_par' dir='ltr' id='par_1_121' title="bbox 2210 3424 3727 3498">
     <span class='ocr_line' id='line_1_121' title="bbox 2210 3424 3727 3498; baseline -0.001 -19"><span class='ocrx_word' id='word_1_872' title='bbox 2210 3424 2357 3494; x_wconf 82' lang='lat' dir='ltr'><strong>ligat,</strong></span> <span class='ocrx_word' id='word_1_873' title='bbox 2390 3426 2692 3498; x_wconf 78' lang='lat' dir='ltr'><strong>tingendum</strong></span> <span class='ocrx_word' id='word_1_874' title='bbox 2721 3424 2856 3482; x_wconf 73' lang='lat' dir='ltr'><strong>esse</strong></span> <span class='ocrx_word' id='word_1_875' title='bbox 2895 3431 2968 3482; x_wconf 90' lang='lat' dir='ltr'><strong>rei</strong></span> <span class='ocrx_word' id='word_1_876' title='bbox 3011 3434 3230 3483; x_wconf 92' lang='lat' dir='ltr'><strong>omnino</strong></span> <span class='ocrx_word' id='word_1_877' title='bbox 3263 3424 3626 3498; x_wconf 54' lang='lat' dir='ltr'><strong>jimpossibilis</strong></span> <span class='ocrx_word' id='word_1_878' title='bbox 3655 3426 3727 3498; x_wconf 78' lang='lat' dir='ltr'><strong>hy-</strong></span> 
     </span>
    </p>
   </div>
   <div class='ocr_carea' id='block_1_122' title="bbox 2209 3497 3716 3567">
    <p class='ocr_par' dir='ltr' id='par_1_122' title="bbox 2209 3497 3716 3567">
     <span class='ocr_line' id='line_1_122' title="bbox 2209 3497 3716 3567; baseline -0.003 -19"><span class='ocrx_word' id='word_1_879' title='bbox 2209 3497 2514 3564; x_wconf 82' lang='lat' dir='ltr'><strong>pothesiut?</strong></span> <span class='ocrx_word' id='word_1_880' title='bbox 2547 3497 2800 3564; x_wconf 76' lang='lat' dir='ltr'><strong>Nunquid</strong></span> <span class='ocrx_word' id='word_1_881' title='bbox 2826 3499 3178 3554; x_wconf 79' lang='lat' dir='ltr'><strong>doctissimus</strong></span> <span class='ocrx_word' id='word_1_882' title='bbox 3223 3497 3315 3552; x_wconf 89' lang='lat' dir='ltr'><strong>ille</strong></span> <span class='ocrx_word' id='word_1_883' title='bbox 3356 3497 3444 3551; x_wconf 82' lang='lat' dir='ltr'><strong>vir</strong></span> <span class='ocrx_word' id='word_1_884' title='bbox 3488 3497 3716 3567; x_wconf 77' lang='lat' dir='ltr'><strong>ignorabat</strong></span> 
     </span>
    </p>
   </div>
   <div class='ocr_carea' id='block_1_123' title="bbox 2210 3568 3723 3634">
    <p class='ocr_par' dir='ltr' id='par_1_123' title="bbox 2210 3568 3723 3634">
     <span class='ocr_line' id='line_1_123' title="bbox 2210 3568 3723 3634; baseline -0.001 -17"><span class='ocrx_word' id='word_1_885' title='bbox 2210 3568 2662 3634; x_wconf 86' lang='lat' dir='ltr'><strong>quemadmodum</strong></span> <span class='ocrx_word' id='word_1_886' title='bbox 2690 3584 2753 3621; x_wconf 80' lang='lat' dir='ltr'><strong>ex</strong></span> <span class='ocrx_word' id='word_1_887' title='bbox 2780 3571 3015 3623; x_wconf 84' lang='lat' dir='ltr'><strong>absurdo</strong></span> <span class='ocrx_word' id='word_1_888' title='bbox 3049 3569 3183 3622; x_wconf 85' lang='lat' dir='ltr'><strong>nihil</strong></span> <span class='ocrx_word' id='word_1_889' title='bbox 3223 3571 3330 3622; x_wconf 80' lang='lat' dir='ltr'><strong>nisi</strong></span> <span class='ocrx_word' id='word_1_890' title='bbox 3368 3569 3723 3634; x_wconf 73' lang='lat' dir='ltr'><strong>absurdunt,tlt</strong></span> 
     </span>
    </p>
   </div>
   <div class='ocr_carea' id='block_1_124' title="bbox 2210 3633 3726 3709">
    <p class='ocr_par' dir='ltr' id='par_1_124' title="bbox 2210 3633 3726 3709">
     <span class='ocr_line' id='line_1_124' title="bbox 2210 3633 3726 3709; baseline -0.004 -19"><span class='ocrx_word' id='word_1_891' title='bbox 2210 3633 2277 3690; x_wconf 79' lang='lat' dir='ltr'><strong>ex</strong></span> <span class='ocrx_word' id='word_1_892' title='bbox 2301 3637 2626 3709; x_wconf 86' lang='lat' dir='ltr'><strong>impossiltili</strong></span> <span class='ocrx_word' id='word_1_893' title='bbox 2654 3640 2784 3692; x_wconf 90' lang='lat' dir='ltr'><strong>nihil</strong></span> <span class='ocrx_word' id='word_1_894' title='bbox 2821 3640 2925 3693; x_wconf 85' lang='lat' dir='ltr'><strong>nisi</strong></span> <span class='ocrx_word' id='word_1_895' title='bbox 2947 3641 3284 3706; x_wconf 86' lang='lat' dir='ltr'><strong>impossibile</strong></span> <span class='ocrx_word' id='word_1_896' title='bbox 3305 3655 3469 3709; x_wconf 87' lang='lat' dir='ltr'><strong>posse</strong></span> <span class='ocrx_word' id='word_1_897' title='bbox 3490 3633 3726 3709; x_wconf 77' lang='lat' dir='ltr'><strong>consequi?</strong></span> 
     </span>
    </p>
   </div>
   <div class='ocr_carea' id='block_1_125' title="bbox 2280 3707 3724 3778">
    <p class='ocr_par' dir='ltr' id='par_1_125' title="bbox 2280 3707 3724 3778">
     <span class='ocr_line' id='line_1_125' title="bbox 2280 3707 3724 3778; baseline 0 -17"><span class='ocrx_word' id='word_1_898' title='bbox 2280 3707 2574 3762; x_wconf 82' lang='lat' dir='ltr'><strong>Clementis</strong></span> <span class='ocrx_word' id='word_1_899' title='bbox 2609 3709 2795 3778; x_wconf 90' lang='lat' dir='ltr'><strong>itaque</strong></span> <span class='ocrx_word' id='word_1_900' title='bbox 2834 3723 2985 3764; x_wconf 93' lang='lat' dir='ltr'><strong>meus</strong></span> <span class='ocrx_word' id='word_1_901' title='bbox 3017 3720 3074 3764; x_wconf 87' lang='lat' dir='ltr'><strong>et</strong></span> <span class='ocrx_word' id='word_1_902' title='bbox 3112 3707 3319 3764; x_wconf 74' lang='lat' dir='ltr'><strong>sensus</strong></span> <span class='ocrx_word' id='word_1_903' title='bbox 3339 3720 3429 3764; x_wconf 86' lang='lat' dir='ltr'><strong>est</strong></span> <span class='ocrx_word' id='word_1_904' title='bbox 3473 3709 3557 3763; x_wconf 86' lang='lat' dir='ltr'><strong>Dei</strong></span> <span class='ocrx_word' id='word_1_905' title='bbox 3587 3707 3724 3772; x_wconf 76' lang='lat' dir='ltr'><strong>cogni-</strong></span> 
     </span>
    </p>
   </div>
   <div class='ocr_carea' id='block_1_126' title="bbox 2214 3776 3727 3847">
    <p class='ocr_par' dir='ltr' id='par_1_126' title="bbox 2214 3776 3727 3847">
     <span class='ocr_line' id='line_1_126' title="bbox 2214 3776 3727 3847; baseline -0.003 -16"><span class='ocrx_word' id='word_1_906' title='bbox 2214 3776 2417 3832; x_wconf 88' lang='lat' dir='ltr'><strong>tionem</strong></span> <span class='ocrx_word' id='word_1_907' title='bbox 2447 3790 2502 3832; x_wconf 91' lang='lat' dir='ltr'><strong>et</strong></span> <span class='ocrx_word' id='word_1_908' title='bbox 2537 3776 2985 3847; x_wconf 78' lang='lat' dir='ltr'><strong>atnoretn,atque</strong></span> <span class='ocrx_word' id='word_1_909' title='bbox 3021 3781 3250 3835; x_wconf 89' lang='lat' dir='ltr'><strong>salutem</strong></span> <span class='ocrx_word' id='word_1_910' title='bbox 3275 3791 3536 3835; x_wconf 66' lang='lat' dir='ltr'><strong>aeternam</strong></span> <span class='ocrx_word' id='word_1_911' title='bbox 3563 3779 3727 3847; x_wconf 74' lang='lat' dir='ltr'><strong>inesse</strong></span> 
     </span>
    </p>
   </div>
   <div class='ocr_carea' id='block_1_127' title="bbox 2209 3846 3727 3920">
    <p class='ocr_par' dir='ltr' id='par_1_127' title="bbox 2209 3846 3727 3920">
     <span class='ocr_line' id='line_1_127' title="bbox 2209 3846 3727 3920; baseline -0.005 -19"><span class='ocrx_word' id='word_1_912' title='bbox 2209 3851 2417 3920; x_wconf 88' lang='lat' dir='ltr'><strong>eadem,</strong></span> <span class='ocrx_word' id='word_1_913' title='bbox 2453 3857 2511 3901; x_wconf 91' lang='lat' dir='ltr'><strong>ut</strong></span> <span class='ocrx_word' id='word_1_914' title='bbox 2546 3864 2710 3903; x_wconf 89' lang='lat' dir='ltr'><strong>unum</strong></span> <span class='ocrx_word' id='word_1_915' title='bbox 2741 3853 2859 3904; x_wconf 85' lang='lat' dir='ltr'><strong>sine</strong></span> <span class='ocrx_word' id='word_1_916' title='bbox 2881 3846 3051 3904; x_wconf 73' lang='lat' dir='ltr'><strong>altero</strong></span> <span class='ocrx_word' id='word_1_917' title='bbox 3079 3850 3227 3918; x_wconf 79' lang='lat' dir='ltr'><strong>diligi</strong></span> <span class='ocrx_word' id='word_1_918' title='bbox 3269 3859 3524 3920; x_wconf 89' lang='lat' dir='ltr'><strong>nequeat.</strong></span> <span class='ocrx_word' id='word_1_919' title='bbox 3558 3846 3727 3901; x_wconf 84' lang='lat' dir='ltr'><strong>Gnosti-</strong></span> 
     </span>
    </p>
   </div>
   <div class='ocr_carea' id='block_1_128' title="bbox 2211 3919 3724 3989">
    <p class='ocr_par' dir='ltr' id='par_1_128' title="bbox 2211 3919 3724 3989">
     <span class='ocr_line' id='line_1_128' title="bbox 2211 3919 3724 3989; baseline -0.001 -16"><span class='ocrx_word' id='word_1_920' title='bbox 2211 3934 2312 3973; x_wconf 78' lang='lat' dir='ltr'><strong>cus</strong></span> <span class='ocrx_word' id='word_1_921' title='bbox 2363 3919 2528 3989; x_wconf 85' lang='lat' dir='ltr'><strong>igitur</strong></span> <span class='ocrx_word' id='word_1_922' title='bbox 2573 3935 2638 3972; x_wconf 91' lang='lat' dir='ltr'><strong>eo</strong></span> <span class='ocrx_word' id='word_1_923' title='bbox 2679 3921 2797 3989; x_wconf 85' lang='lat' dir='ltr'><strong>ipso</strong></span> <span class='ocrx_word' id='word_1_924' title='bbox 2853 3920 3083 3973; x_wconf 84' lang='lat' dir='ltr'><strong>salutem</strong></span> <span class='ocrx_word' id='word_1_925' title='bbox 3127 3919 3396 3974; x_wconf 63' lang='lat' dir='ltr'><strong>aeternam</strong></span> <span class='ocrx_word' id='word_1_926' title='bbox 3440 3930 3612 3982; x_wconf 79' lang='lat' dir='ltr'><strong>autat,</strong></span> <span class='ocrx_word' id='word_1_927' title='bbox 3649 3930 3724 3980; x_wconf 77' lang='lat' dir='ltr'><strong>quo</strong></span> 
     </span>
    </p>
   </div>
   <div class='ocr_carea' id='block_1_129' title="bbox 2213 3989 3725 4058">
    <p class='ocr_par' dir='ltr' id='par_1_129' title="bbox 2213 3989 3725 4058">
     <span class='ocr_line' id='line_1_129' title="bbox 2213 3989 3725 4058; baseline -0.002 -17"><span class='ocrx_word' id='word_1_928' title='bbox 2213 3989 2379 4042; x_wconf 88' lang='lat' dir='ltr'><strong>Deum</strong></span> <span class='ocrx_word' id='word_1_929' title='bbox 2413 4005 2516 4042; x_wconf 92' lang='lat' dir='ltr'><strong>non</strong></span> <span class='ocrx_word' id='word_1_930' title='bbox 2550 4004 2769 4058; x_wconf 90' lang='lat' dir='ltr'><strong>propter</strong></span> <span class='ocrx_word' id='word_1_931' title='bbox 2793 3992 3044 4058; x_wconf 80' lang='lat' dir='ltr'><strong>glortant,</strong></span> <span class='ocrx_word' id='word_1_932' title='bbox 3074 3991 3296 4054; x_wconf 81' lang='lat' dir='ltr'><strong>fatuam,</strong></span> <span class='ocrx_word' id='word_1_933' title='bbox 3321 4000 3382 4044; x_wconf 91' lang='lat' dir='ltr'><strong>et</strong></span> <span class='ocrx_word' id='word_1_934' title='bbox 3418 3993 3620 4057; x_wconf 85' lang='lat' dir='ltr'><strong>hujusce</strong></span> <span class='ocrx_word' id='word_1_935' title='bbox 3637 3998 3725 4034; x_wconf 69' lang='lat' dir='ltr'><strong>vita:</strong></span> 
     </span>
    </p>
   </div>
   <div class='ocr_carea' id='block_1_130' title="bbox 2211 4058 3722 4139">
    <p class='ocr_par' dir='ltr' id='par_1_130' title="bbox 2211 4058 3722 4139">
     <span class='ocr_line' id='line_1_130' title="bbox 2211 4058 3722 4139; baseline -0.001 -27"><span class='ocrx_word' id='word_1_936' title='bbox 2211 4069 2266 4112; x_wconf 91' lang='lat' dir='ltr'><strong>et</strong></span> <span class='ocrx_word' id='word_1_937' title='bbox 2293 4062 2554 4139; x_wconf 79' lang='lat' dir='ltr'><strong>temporis</strong></span> <span class='ocrx_word' id='word_1_938' title='bbox 2599 4065 2931 4125; x_wconf 85' lang='lat' dir='ltr'><strong>mercedem,</strong></span> <span class='ocrx_word' id='word_1_939' title='bbox 2969 4062 3064 4139; x_wconf 82' lang='lat' dir='ltr'><strong>sed</strong></span> <span class='ocrx_word' id='word_1_940' title='bbox 3101 4072 3324 4131; x_wconf 83' lang='lat' dir='ltr'><strong>prOpter</strong></span> <span class='ocrx_word' id='word_1_941' title='bbox 3387 4063 3558 4132; x_wconf 84' lang='lat' dir='ltr'><strong>ipsum</strong></span> <span class='ocrx_word' id='word_1_942' title='bbox 3594 4058 3722 4111; x_wconf 79' lang='lat' dir='ltr'><strong>solum</strong></span> 
     </span>
    </p>
   </div>
   <div class='ocr_carea' id='block_1_131' title="bbox 2210 4133 3147 4200">
    <p class='ocr_par' dir='ltr' id='par_1_131' title="bbox 2210 4133 3147 4200">
     <span class='ocr_line' id='line_1_131' title="bbox 2210 4133 3147 4200; baseline 0.001 -17"><span class='ocrx_word' id='word_1_943' title='bbox 2210 4133 2520 4185; x_wconf 81' lang='lat' dir='ltr'><strong>castissimo</strong></span> <span class='ocrx_word' id='word_1_944' title='bbox 2557 4146 2744 4185; x_wconf 91' lang='lat' dir='ltr'><strong>amore</strong></span> <span class='ocrx_word' id='word_1_945' title='bbox 2776 4133 3147 4200; x_wconf 89' lang='lat' dir='ltr'><strong>prosequitur.</strong></span> 
     </span>
    </p>
   </div>
   <div class='ocr_carea' id='block_1_132' title="bbox 2279 4199 3728 4272">
    <p class='ocr_par' dir='ltr' id='par_1_132' title="bbox 2279 4199 3728 4272">
     <span class='ocr_line' id='line_1_132' title="bbox 2279 4199 3728 4272; baseline -0.004 -18"><span class='ocrx_word' id='word_1_946' title='bbox 2279 4201 2389 4254; x_wconf 89' lang='lat' dir='ltr'><strong>Cur</strong></span> <span class='ocrx_word' id='word_1_947' title='bbox 2413 4215 2565 4270; x_wconf 89' lang='lat' dir='ltr'><strong>ergo,</strong></span> <span class='ocrx_word' id='word_1_948' title='bbox 2611 4199 2858 4269; x_wconf 81' lang='lat' dir='ltr'><strong>inquies,</strong></span> <span class='ocrx_word' id='word_1_949' title='bbox 2908 4203 3047 4254; x_wconf 82' lang='lat' dir='ltr'><strong>hanc</strong></span> <span class='ocrx_word' id='word_1_950' title='bbox 3091 4202 3165 4254; x_wconf 91' lang='lat' dir='ltr'><strong>rei</strong></span> <span class='ocrx_word' id='word_1_951' title='bbox 3218 4201 3382 4272; x_wconf 85' lang='lat' dir='ltr'><strong>plane</strong></span> <span class='ocrx_word' id='word_1_952' title='bbox 3434 4199 3728 4270; x_wconf 79' lang='lat' dir='ltr'><strong>impossibilis</strong></span> 
     </span>
    </p>
   </div>
   <div class='ocr_carea' id='block_1_133' title="bbox 2212 4269 3724 4340">
    <p class='ocr_par' dir='ltr' id='par_1_133' title="bbox 2212 4269 3724 4340">
     <span class='ocr_line' id='line_1_133' title="bbox 2212 4269 3724 4340; baseline 0.001 -17"><span class='ocrx_word' id='word_1_953' title='bbox 2212 4269 2549 4340; x_wconf 80' lang='lat' dir='ltr'><strong>ltypotbesitu</strong></span> <span class='ocrx_word' id='word_1_954' title='bbox 2584 4272 2836 4326; x_wconf 86' lang='lat' dir='ltr'><strong>Clemens</strong></span> <span class='ocrx_word' id='word_1_955' title='bbox 2866 4272 3156 4339; x_wconf 79' lang='lat' dir='ltr'><strong>proponit?</strong></span> <span class='ocrx_word' id='word_1_956' title='bbox 3187 4269 3302 4326; x_wconf 74' lang='lat' dir='ltr'><strong>Non</strong></span> <span class='ocrx_word' id='word_1_957' title='bbox 3334 4275 3481 4328; x_wconf 84' lang='lat' dir='ltr'><strong>cuitu</strong></span> <span class='ocrx_word' id='word_1_958' title='bbox 3508 4269 3671 4328; x_wconf 78' lang='lat' dir='ltr'><strong>temere</strong></span> <span class='ocrx_word' id='word_1_959' title='bbox 3687 4279 3724 4319; x_wconf 68' lang='lat' dir='ltr'><strong>et</strong></span> 
     </span>
    </p>
   </div>
   <div class='ocr_carea' id='block_1_134' title="bbox 2212 4341 3727 4412">
    <p class='ocr_par' dir='ltr' id='par_1_134' title="bbox 2212 4341 3727 4412">
     <span class='ocr_line' id='line_1_134' title="bbox 2212 4341 3727 4412; baseline -0.001 -17"><span class='ocrx_word' id='word_1_960' title='bbox 2212 4341 2614 4396; x_wconf 86' lang='lat' dir='ltr'><strong>inconsiderate</strong></span> <span class='ocrx_word' id='word_1_961' title='bbox 2659 4357 2778 4396; x_wconf 91' lang='lat' dir='ltr'><strong>eant</strong></span> <span class='ocrx_word' id='word_1_962' title='bbox 2827 4343 3176 4412; x_wconf 67' lang='lat' dir='ltr'><strong>proposuisse</strong></span> <span class='ocrx_word' id='word_1_963' title='bbox 3222 4345 3485 4398; x_wconf 87' lang='lat' dir='ltr'><strong>dicendus</strong></span> <span class='ocrx_word' id='word_1_964' title='bbox 3515 4356 3604 4398; x_wconf 87' lang='lat' dir='ltr'><strong>est.</strong></span> <span class='ocrx_word' id='word_1_965' title='bbox 3652 4341 3727 4395; x_wconf 78' lang='lat' dir='ltr'><strong>Be-</strong></span> 
     </span>
    </p>
   </div>
   <div class='ocr_carea' id='block_1_135' title="bbox 2210 4412 3728 4484">
    <p class='ocr_par' dir='ltr' id='par_1_135' title="bbox 2210 4412 3728 4484">
     <span class='ocr_line' id='line_1_135' title="bbox 2210 4412 3728 4484; baseline 0 -21"><span class='ocrx_word' id='word_1_966' title='bbox 2210 4413 2537 4484; x_wconf 79' lang='lat' dir='ltr'><strong>spoudemus</strong></span> <span class='ocrx_word' id='word_1_967' title='bbox 2558 4413 2700 4466; x_wconf 85' lang='lat' dir='ltr'><strong>hanc</strong></span> <span class='ocrx_word' id='word_1_968' title='bbox 2731 4415 3018 4484; x_wconf 78' lang='lat' dir='ltr'><strong>proposita:</strong></span> <span class='ocrx_word' id='word_1_969' title='bbox 3041 4415 3108 4467; x_wconf 90' lang='lat' dir='ltr'><strong>ab</strong></span> <span class='ocrx_word' id='word_1_970' title='bbox 3134 4429 3200 4468; x_wconf 90' lang='lat' dir='ltr'><strong>eo</strong></span> <span class='ocrx_word' id='word_1_971' title='bbox 3225 4415 3454 4482; x_wconf 84' lang='lat' dir='ltr'><strong>hujusce</strong></span> <span class='ocrx_word' id='word_1_972' title='bbox 3473 4412 3728 4484; x_wconf 78' lang='lat' dir='ltr'><strong>hypothesis</strong></span> 
     </span>
    </p>
   </div>
   <div class='ocr_carea' id='block_1_136' title="bbox 2212 4482 3724 4546">
    <p class='ocr_par' dir='ltr' id='par_1_136' title="bbox 2212 4482 3724 4546">
     <span class='ocr_line' id='line_1_136' title="bbox 2212 4482 3724 4546; baseline -0.003 -13"><span class='ocrx_word' id='word_1_973' title='bbox 2212 4482 2380 4534; x_wconf 79' lang='lat' dir='ltr'><strong>fuisse</strong></span> <span class='ocrx_word' id='word_1_974' title='bbox 2414 4483 2704 4546; x_wconf 86' lang='lat' dir='ltr'><strong>rationem,</strong></span> <span class='ocrx_word' id='word_1_975' title='bbox 2737 4493 2795 4535; x_wconf 92' lang='lat' dir='ltr'><strong>ut</strong></span> <span class='ocrx_word' id='word_1_976' title='bbox 2830 4483 3032 4536; x_wconf 87' lang='lat' dir='ltr'><strong>clarius</strong></span> <span class='ocrx_word' id='word_1_977' title='bbox 3078 4495 3132 4536; x_wconf 92' lang='lat' dir='ltr'><strong>et</strong></span> <span class='ocrx_word' id='word_1_978' title='bbox 3164 4484 3440 4538; x_wconf 86' lang='lat' dir='ltr'><strong>eilicacitts</strong></span> <span class='ocrx_word' id='word_1_979' title='bbox 3475 4482 3724 4539; x_wconf 71' lang='lat' dir='ltr'><strong>ostenderet</strong></span> 
     </span>
    </p>
   </div>
   <div class='ocr_carea' id='block_1_137' title="bbox 2218 4552 3728 4620">
    <p class='ocr_par' dir='ltr' id='par_1_137' title="bbox 2218 4552 3728 4620">
     <span class='ocr_line' id='line_1_137' title="bbox 2218 4552 3728 4620; baseline 0.001 -19"><span class='ocrx_word' id='word_1_980' title='bbox 2218 4567 2378 4620; x_wconf 89' lang='lat' dir='ltr'><strong>quam</strong></span> <span class='ocrx_word' id='word_1_981' title='bbox 2409 4567 2601 4620; x_wconf 90' lang='lat' dir='ltr'><strong>purus,</strong></span> <span class='ocrx_word' id='word_1_982' title='bbox 2637 4563 2819 4606; x_wconf 86' lang='lat' dir='ltr'><strong>castus</strong></span> <span class='ocrx_word' id='word_1_983' title='bbox 2851 4563 2903 4607; x_wconf 90' lang='lat' dir='ltr'><strong>et</strong></span> <span class='ocrx_word' id='word_1_984' title='bbox 2933 4552 3001 4605; x_wconf 88' lang='lat' dir='ltr'><strong>ab</strong></span> <span class='ocrx_word' id='word_1_985' title='bbox 3045 4557 3190 4607; x_wconf 91' lang='lat' dir='ltr'><strong>omni</strong></span> <span class='ocrx_word' id='word_1_986' title='bbox 3237 4557 3534 4620; x_wconf 88' lang='lat' dir='ltr'><strong>cupiditate</strong></span> <span class='ocrx_word' id='word_1_987' title='bbox 3568 4557 3728 4608; x_wconf 84' lang='lat' dir='ltr'><strong>alienus</strong></span> 
     </span>
    </p>
   </div>
   <div class='ocr_carea' id='block_1_138' title="bbox 2144 4602 3728 4692">
    <p class='ocr_par' dir='ltr' id='par_1_138' title="bbox 2144 4602 3728 4692">
     <span class='ocr_line' id='line_1_138' title="bbox 2144 4602 3728 4692; baseline -0.002 -17"><span class='ocrx_word' id='word_1_988' title='bbox 2144 4602 2193 4660; x_wconf 74' lang='grc' dir='ltr'>ο</span> <span class='ocrx_word' id='word_1_989' title='bbox 2217 4602 2342 4676; x_wconf 67' lang='lat' dir='ltr'><strong>esse</strong></span> <span class='ocrx_word' id='word_1_990' title='bbox 2372 4602 2565 4676; x_wconf 52' lang='lat' dir='ltr'><strong>dabeat</strong></span> <span class='ocrx_word' id='word_1_991' title='bbox 2586 4602 2827 4692; x_wconf 51' lang='lat' dir='ltr'><strong>&#39;perl‘ecli</strong></span> <span class='ocrx_word' id='word_1_992' title='bbox 2856 4624 3082 4690; x_wconf 78' lang='lat' dir='ltr'><strong>gnosnci</strong></span> <span class='ocrx_word' id='word_1_993' title='bbox 3126 4625 3177 4678; x_wconf 92' lang='lat' dir='ltr'><strong>in</strong></span> <span class='ocrx_word' id='word_1_994' title='bbox 3227 4602 3395 4678; x_wconf 69' lang='lat' dir='ltr'><strong>Deum</strong></span> <span class='ocrx_word' id='word_1_995' title='bbox 3424 4602 3584 4689; x_wconf 74' lang='lat' dir='ltr'><strong>amor,</strong></span> <span class='ocrx_word' id='word_1_996' title='bbox 3620 4626 3728 4691; x_wconf 84' lang='lat' dir='ltr'><strong>ejus-</strong></span> 
     </span>
    </p>
   </div>
   <div class='ocr_carea' id='block_1_139' title="bbox 2219 4692 3728 4762">
    <p class='ocr_par' dir='ltr' id='par_1_139' title="bbox 2219 4692 3728 4762">
     <span class='ocr_line' id='line_1_139' title="bbox 2219 4692 3728 4762; baseline 0.001 -20"><span class='ocrx_word' id='word_1_997' title='bbox 2219 4707 2324 4760; x_wconf 89' lang='lat' dir='ltr'><strong>que</strong></span> <span class='ocrx_word' id='word_1_998' title='bbox 2355 4692 2617 4748; x_wconf 88' lang='lat' dir='ltr'><strong>charitas.</strong></span> <span class='ocrx_word' id='word_1_999' title='bbox 2662 4695 2732 4746; x_wconf 82' lang='lat' dir='ltr'><strong>At</strong></span> <span class='ocrx_word' id='word_1_1000' title='bbox 2764 4695 2888 4747; x_wconf 88' lang='lat' dir='ltr'><strong>data</strong></span> <span class='ocrx_word' id='word_1_1001' title='bbox 2921 4708 3084 4762; x_wconf 91' lang='lat' dir='ltr'><strong>opera</strong></span> <span class='ocrx_word' id='word_1_1002' title='bbox 3127 4707 3182 4750; x_wconf 88' lang='lat' dir='ltr'><strong>et</strong></span> <span class='ocrx_word' id='word_1_1003' title='bbox 3220 4697 3470 4749; x_wconf 90' lang='lat' dir='ltr'><strong>consulto</strong></span> <span class='ocrx_word' id='word_1_1004' title='bbox 3510 4701 3629 4750; x_wconf 84' lang='lat' dir='ltr'><strong>hanc</strong></span> <span class='ocrx_word' id='word_1_1005' title='bbox 3661 4695 3728 4760; x_wconf 80' lang='lat' dir='ltr'><strong>ity-</strong></span> 
     </span>
    </p>
   </div>
   <div class='ocr_carea' id='block_1_140' title="bbox 2221 4765 3727 4832">
    <p class='ocr_par' dir='ltr' id='par_1_140' title="bbox 2221 4765 3727 4832">
     <span class='ocr_line' id='line_1_140' title="bbox 2221 4765 3727 4832; baseline -0.002 -17"><span class='ocrx_word' id='word_1_1006' title='bbox 2221 4765 2490 4831; x_wconf 88' lang='lat' dir='ltr'><strong>pothesitn</strong></span> <span class='ocrx_word' id='word_1_1007' title='bbox 2531 4765 2619 4818; x_wconf 90' lang='lat' dir='ltr'><strong>ille</strong></span> <span class='ocrx_word' id='word_1_1008' title='bbox 2671 4765 3054 4832; x_wconf 82' lang='lat' dir='ltr'><strong>intpossihiletn</strong></span> <span class='ocrx_word' id='word_1_1009' title='bbox 3094 4779 3216 4820; x_wconf 85' lang='lat' dir='ltr'><strong>esse</strong></span> <span class='ocrx_word' id='word_1_1010' title='bbox 3261 4768 3549 4821; x_wconf 65' lang='lat' dir='ltr'><strong>confestim</strong></span> <span class='ocrx_word' id='word_1_1011' title='bbox 3586 4767 3727 4818; x_wconf 86' lang='lat' dir='ltr'><strong>admo-</strong></span> 
     </span>
    </p>
   </div>
   <div class='ocr_carea' id='block_1_141' title="bbox 2221 4835 3726 4905">
    <p class='ocr_par' dir='ltr' id='par_1_141' title="bbox 2221 4835 3726 4905">
     <span class='ocr_line' id='line_1_141' title="bbox 2221 4835 3726 4905; baseline 0.001 -20"><span class='ocrx_word' id='word_1_1012' title='bbox 2221 4838 2420 4899; x_wconf 86' lang='lat' dir='ltr'><strong>nuil,ut</strong></span> <span class='ocrx_word' id='word_1_1013' title='bbox 2447 4849 2552 4887; x_wconf 92' lang='lat' dir='ltr'><strong>nou</strong></span> <span class='ocrx_word' id='word_1_1014' title='bbox 2580 4836 2775 4888; x_wconf 91' lang='lat' dir='ltr'><strong>minori</strong></span> <span class='ocrx_word' id='word_1_1015' title='bbox 2810 4836 3082 4894; x_wconf 79' lang='lat' dir='ltr'><strong>evidentia</strong></span> <span class='ocrx_word' id='word_1_1016' title='bbox 3119 4835 3452 4905; x_wconf 85' lang='lat' dir='ltr'><strong>patefaceret</strong></span> <span class='ocrx_word' id='word_1_1017' title='bbox 3483 4837 3726 4905; x_wconf 78' lang='lat' dir='ltr'><strong>guosticmn</strong></span> 
     </span>
    </p>
   </div>
   <div class='ocr_carea' id='block_1_142' title="bbox 2223 4905 3727 4977">
    <p class='ocr_par' dir='ltr' id='par_1_142' title="bbox 2223 4905 3727 4977">
     <span class='ocr_line' id='line_1_142' title="bbox 2223 4905 3727 4977; baseline 0.001 -23"><span class='ocrx_word' id='word_1_1018' title='bbox 2223 4912 2330 4955; x_wconf 90' lang='lat' dir='ltr'><strong>tam</strong></span> <span class='ocrx_word' id='word_1_1019' title='bbox 2357 4914 2506 4977; x_wconf 75' lang='lat' dir='ltr'><strong>caste</strong></span> <span class='ocrx_word' id='word_1_1020' title='bbox 2532 4915 2585 4958; x_wconf 91' lang='lat' dir='ltr'><strong>et</strong></span> <span class='ocrx_word' id='word_1_1021' title='bbox 2611 4920 2744 4973; x_wconf 90' lang='lat' dir='ltr'><strong>pure</strong></span> <span class='ocrx_word' id='word_1_1022' title='bbox 2773 4905 2939 4960; x_wconf 87' lang='lat' dir='ltr'><strong>Deum</strong></span> <span class='ocrx_word' id='word_1_1023' title='bbox 2975 4910 3231 4972; x_wconf 87' lang='lat' dir='ltr'><strong>amando,</strong></span> <span class='ocrx_word' id='word_1_1024' title='bbox 3271 4922 3428 4960; x_wconf 88' lang='lat' dir='ltr'><strong>suam</strong></span> <span class='ocrx_word' id='word_1_1025' title='bbox 3459 4919 3642 4977; x_wconf 86' lang='lat' dir='ltr'><strong>quoque</strong></span> <span class='ocrx_word' id='word_1_1026' title='bbox 3663 4919 3727 4977; x_wconf 58' lang='lat' dir='ltr'><strong>ttcj</strong></span> 
     </span>
    </p>
   </div>
   <div class='ocr_carea' id='block_1_143' title="bbox 2221 4973 3727 5043">
    <p class='ocr_par' dir='ltr' id='par_1_143' title="bbox 2221 4973 3727 5043">
     <span class='ocr_line' id='line_1_143' title="bbox 2221 4973 3727 5043; baseline -0.006 -15"><span class='ocrx_word' id='word_1_1027' title='bbox 2221 4975 2464 5028; x_wconf 86' lang='lat' dir='ltr'><strong>cessaria</strong></span> <span class='ocrx_word' id='word_1_1028' title='bbox 2499 4978 2720 5029; x_wconf 89' lang='lat' dir='ltr'><strong>omnino</strong></span> <span class='ocrx_word' id='word_1_1029' title='bbox 2772 4977 3182 5043; x_wconf 87' lang='lat' dir='ltr'><strong>consecutione,</strong></span> <span class='ocrx_word' id='word_1_1030' title='bbox 3239 4979 3343 5041; x_wconf 80' lang='lat' dir='ltr'><strong>vel,</strong></span> <span class='ocrx_word' id='word_1_1031' title='bbox 3382 4990 3441 5030; x_wconf 90' lang='lat' dir='ltr'><strong>ut</strong></span> <span class='ocrx_word' id='word_1_1032' title='bbox 3477 4973 3727 5031; x_wconf 67' lang='lat' dir='ltr'><strong>scholastici</strong></span> 
     </span>
    </p>
   </div>
   <div class='ocr_carea' id='block_1_144' title="bbox 2223 5045 3721 5114">
    <p class='ocr_par' dir='ltr' id='par_1_144' title="bbox 2223 5045 3721 5114">
     <span class='ocr_line' id='line_1_144' title="bbox 2223 5045 3721 5114; baseline -0.001 -17"><span class='ocrx_word' id='word_1_1033' title='bbox 2223 5045 2397 5109; x_wconf 89' lang='lat' dir='ltr'><strong>aiunt,</strong></span> <span class='ocrx_word' id='word_1_1034' title='bbox 2425 5048 2750 5100; x_wconf 89' lang='lat' dir='ltr'><strong>secundario</strong></span> <span class='ocrx_word' id='word_1_1035' title='bbox 2775 5047 3000 5100; x_wconf 89' lang='lat' dir='ltr'><strong>salutem</strong></span> <span class='ocrx_word' id='word_1_1036' title='bbox 3029 5063 3247 5114; x_wconf 83' lang='lat' dir='ltr'><strong>semper</strong></span> <span class='ocrx_word' id='word_1_1037' title='bbox 3284 5049 3424 5102; x_wconf 87' lang='lat' dir='ltr'><strong>velle</strong></span> <span class='ocrx_word' id='word_1_1038' title='bbox 3455 5059 3508 5103; x_wconf 87' lang='lat' dir='ltr'><strong>et</strong></span> <span class='ocrx_word' id='word_1_1039' title='bbox 3531 5048 3721 5114; x_wconf 75' lang='lat' dir='ltr'><strong>diligcn&#39;.</strong></span> 
     </span>
    </p>
   </div>
   <div class='ocr_carea' id='block_1_145' title="bbox 2294 5114 3726 5190">
    <p class='ocr_par' dir='ltr' id='par_1_145' title="bbox 2294 5114 3726 5190">
     <span class='ocr_line' id='line_1_145' title="bbox 2294 5114 3726 5190; baseline 0.002 -22"><span class='ocrx_word' id='word_1_1040' title='bbox 2294 5115 2571 5190; x_wconf 56' lang='lat' dir='ltr'><strong>Ejustie&#39;ur</strong></span> <span class='ocrx_word' id='word_1_1041' title='bbox 2603 5122 2818 5185; x_wconf 88' lang='lat' dir='ltr'><strong>penitus</strong></span> <span class='ocrx_word' id='word_1_1042' title='bbox 2871 5118 3088 5184; x_wconf 82' lang='lat' dir='ltr'><strong>generis</strong></span> <span class='ocrx_word' id='word_1_1043' title='bbox 3141 5130 3225 5173; x_wconf 87' lang='lat' dir='ltr'><strong>est</strong></span> <span class='ocrx_word' id='word_1_1044' title='bbox 3272 5119 3376 5172; x_wconf 89' lang='lat' dir='ltr'><strong>alia</strong></span> <span class='ocrx_word' id='word_1_1045' title='bbox 3437 5114 3726 5190; x_wconf 57' lang='lat' dir='ltr'><strong>ltypothesist</strong></span> 
     </span>
    </p>
   </div>
   <div class='ocr_carea' id='block_1_146' title="bbox 2226 5182 3725 5259">
    <p class='ocr_par' dir='ltr' id='par_1_146' title="bbox 2226 5182 3725 5259">
     <span class='ocr_line' id='line_1_146' title="bbox 2226 5182 3725 5259; baseline 0 -21"><span class='ocrx_word' id='word_1_1046' title='bbox 2226 5199 2417 5259; x_wconf 67' lang='lat' dir='ltr'><strong>rursus</strong></span> <span class='ocrx_word' id='word_1_1047' title='bbox 2455 5203 2488 5259; x_wconf 10' lang='lat' dir='ltr'><strong>a7</strong></span> <span class='ocrx_word' id='word_1_1048' title='bbox 2514 5182 2793 5259; x_wconf 76' lang='lat' dir='ltr'><strong>Clemente</strong></span> <span class='ocrx_word' id='word_1_1049' title='bbox 2835 5182 3145 5259; x_wconf 78' lang='lat' dir='ltr'><strong>nostrohis</strong></span> <span class='ocrx_word' id='word_1_1050' title='bbox 3178 5191 3424 5259; x_wconf 76' lang='lat' dir='ltr'><strong>exposita</strong></span> <span class='ocrx_word' id='word_1_1051' title='bbox 3476 5182 3634 5242; x_wconf 67' lang='lat' dir='ltr'><strong>verbis</strong></span> <span class='ocrx_word' id='word_1_1052' title='bbox 3661 5182 3725 5231; x_wconf 69' lang='lat' dir='ltr'><strong>&quot;t</strong></span> 
     </span>
    </p>
   </div>
   <div class='ocr_carea' id='block_1_147' title="bbox 2231 5257 3725 5329">
    <p class='ocr_par' dir='ltr' id='par_1_147' title="bbox 2231 5257 3725 5329">
     <span class='ocr_line' id='line_1_147' title="bbox 2231 5257 3725 5329; baseline 0.001 -23"><span class='ocrx_word' id='word_1_1053' title='bbox 2231 5273 2249 5306; x_wconf 74' lang='grc' dir='ltr'><strong>ι</strong></span> <span class='ocrx_word' id='word_1_1054' title='bbox 2289 5257 2346 5310; x_wconf 83' lang='lat' dir='ltr'><strong>Si</strong></span> <span class='ocrx_word' id='word_1_1055' title='bbox 2381 5259 2449 5309; x_wconf 90' lang='lat' dir='ltr'><strong>ab</strong></span> <span class='ocrx_word' id='word_1_1056' title='bbox 2479 5258 2676 5328; x_wconf 89' lang='lat' dir='ltr'><strong>injuria</strong></span> <span class='ocrx_word' id='word_1_1057' title='bbox 2709 5260 2955 5313; x_wconf 72' lang='lat' dir='ltr'><strong>facienda</strong></span> <span class='ocrx_word' id='word_1_1058' title='bbox 3003 5257 3332 5314; x_wconf 74' lang='lat' dir='ltr'><strong>abstinuerit</strong></span> <span class='ocrx_word' id='word_1_1059' title='bbox 3376 5270 3585 5329; x_wconf 84' lang='lat' dir='ltr'><strong>propter</strong></span> <span class='ocrx_word' id='word_1_1060' title='bbox 3619 5266 3725 5322; x_wconf 76' lang='lat' dir='ltr'><strong>spem</strong></span> 
     </span>
    </p>
   </div>
   <div class='ocr_carea' id='block_1_148' title="bbox 2230 5330 3728 5397">
    <p class='ocr_par' dir='ltr' id='par_1_148' title="bbox 2230 5330 3728 5397">
     <span class='ocr_line' id='line_1_148' title="bbox 2230 5330 3728 5397; baseline 0.001 -18"><span class='ocrx_word' id='word_1_1061' title='bbox 2230 5330 2689 5383; x_wconf 85' lang='lat' dir='ltr'><strong>remunerationis</strong></span> <span class='ocrx_word' id='word_1_1062' title='bbox 2741 5344 2770 5382; x_wconf 90' lang='lat' dir='ltr'><strong>a</strong></span> <span class='ocrx_word' id='word_1_1063' title='bbox 2808 5331 2916 5382; x_wconf 85' lang='lat' dir='ltr'><strong>Deo</strong></span> <span class='ocrx_word' id='word_1_1064' title='bbox 2971 5330 3370 5397; x_wconf 75' lang='lat' dir='ltr'><strong>consequentia:</strong></span> <span class='ocrx_word' id='word_1_1065' title='bbox 3417 5335 3487 5384; x_wconf 90' lang='lat' dir='ltr'><strong>ob</strong></span> <span class='ocrx_word' id='word_1_1066' title='bbox 3533 5343 3606 5388; x_wconf 82' lang='lat' dir='ltr'><strong>ea,</strong></span> <span class='ocrx_word' id='word_1_1067' title='bbox 3645 5336 3728 5392; x_wconf 66' lang='lat' dir='ltr'><strong>qut</strong></span> 
     </span>
    </p>
   </div>
   <div class='ocr_carea' id='block_1_149' title="bbox 2224 5400 3726 5470">
    <p class='ocr_par' dir='ltr' id='par_1_149' title="bbox 2224 5400 3726 5470">
     <span class='ocr_line' id='line_1_149' title="bbox 2224 5400 3726 5470; baseline -0.006 -21"><span class='ocrx_word' id='word_1_1068' title='bbox 2224 5401 2367 5465; x_wconf 76' lang='lat' dir='ltr'><strong>juste</strong></span> <span class='ocrx_word' id='word_1_1069' title='bbox 2394 5401 2608 5461; x_wconf 88' lang='lat' dir='ltr'><strong>lecerit,</strong></span> <span class='ocrx_word' id='word_1_1070' title='bbox 2645 5417 2711 5453; x_wconf 93' lang='lat' dir='ltr'><strong>ne</strong></span> <span class='ocrx_word' id='word_1_1071' title='bbox 2741 5401 2820 5452; x_wconf 82' lang='lat' dir='ltr'><strong>sic</strong></span> <span class='ocrx_word' id='word_1_1072' title='bbox 2849 5400 3065 5468; x_wconf 88' lang='lat' dir='ltr'><strong>quidem</strong></span> <span class='ocrx_word' id='word_1_1073' title='bbox 3093 5417 3189 5454; x_wconf 87' lang='lat' dir='ltr'><strong>sua</strong></span> <span class='ocrx_word' id='word_1_1074' title='bbox 3231 5410 3429 5470; x_wconf 85' lang='lat' dir='ltr'><strong>sponte</strong></span> <span class='ocrx_word' id='word_1_1075' title='bbox 3470 5410 3548 5454; x_wconf 89' lang='lat' dir='ltr'><strong>est</strong></span> <span class='ocrx_word' id='word_1_1076' title='bbox 3585 5400 3726 5450; x_wconf 80' lang='lat' dir='ltr'><strong>bonus.</strong></span> 
     </span>
    </p>
   </div>
   <div class='ocr_carea' id='block_1_150' title="bbox 2230 5470 3726 5539">
    <p class='ocr_par' dir='ltr' id='par_1_150' title="bbox 2230 5470 3726 5539">
     <span class='ocr_line' id='line_1_150' title="bbox 2230 5470 3726 5539; baseline -0.007 -17"><span class='ocrx_word' id='word_1_1077' title='bbox 2230 5470 2381 5522; x_wconf 78' lang='lat' dir='ltr'><strong>Sicut</strong></span> <span class='ocrx_word' id='word_1_1078' title='bbox 2413 5472 2559 5522; x_wconf 90' lang='lat' dir='ltr'><strong>enim</strong></span> <span class='ocrx_word' id='word_1_1079' title='bbox 2597 5471 2750 5524; x_wconf 92' lang='lat' dir='ltr'><strong>illum</strong></span> <span class='ocrx_word' id='word_1_1080' title='bbox 2782 5483 2979 5533; x_wconf 88' lang='lat' dir='ltr'><strong>metus,</strong></span> <span class='ocrx_word' id='word_1_1081' title='bbox 3018 5470 3098 5524; x_wconf 90' lang='lat' dir='ltr'><strong>sic</strong></span> <span class='ocrx_word' id='word_1_1082' title='bbox 3145 5474 3288 5524; x_wconf 89' lang='lat' dir='ltr'><strong>hunc</strong></span> <span class='ocrx_word' id='word_1_1083' title='bbox 3315 5485 3530 5539; x_wconf 85' lang='lat' dir='ltr'><strong>quoque</strong></span> <span class='ocrx_word' id='word_1_1084' title='bbox 3573 5477 3726 5521; x_wconf 72' lang='lat' dir='ltr'><strong>metres</strong></span> 
     </span>
    </p>
   </div>
   <div class='ocr_carea' id='block_1_151' title="bbox 2223 5539 3710 5608">
    <p class='ocr_par' dir='ltr' id='par_1_151' title="bbox 2223 5539 3710 5608">
     <span class='ocr_line' id='line_1_151' title="bbox 2223 5539 3710 5608; baseline 0.002 -19"><span class='ocrx_word' id='word_1_1085' title='bbox 2223 5540 2429 5608; x_wconf 87' lang='lat' dir='ltr'><strong>justum</strong></span> <span class='ocrx_word' id='word_1_1086' title='bbox 2462 5540 2711 5595; x_wconf 61' lang='lat' dir='ltr'><strong>facit”...</strong></span> <span class='ocrx_word' id='word_1_1087' title='bbox 2736 5539 2840 5606; x_wconf 81' lang='lat' dir='ltr'><strong>Qui</strong></span> <span class='ocrx_word' id='word_1_1088' title='bbox 2873 5552 3053 5594; x_wconf 86' lang='lat' dir='ltr'><strong>autem</strong></span> <span class='ocrx_word' id='word_1_1089' title='bbox 3088 5543 3245 5595; x_wconf 67' lang='lat' dir='ltr'><strong>nudae</strong></span> <span class='ocrx_word' id='word_1_1090' title='bbox 3273 5542 3560 5601; x_wconf 84' lang='lat' dir='ltr'><strong>vocatiotti,</strong></span> <span class='ocrx_word' id='word_1_1091' title='bbox 3592 5545 3710 5604; x_wconf 74' lang='lat' dir='ltr'><strong>quale</strong></span> 
     </span>
    </p>
   </div>
   <div class='ocr_carea' id='block_1_152' title="bbox 2230 5614 3724 5680">
    <p class='ocr_par' dir='ltr' id='par_1_152' title="bbox 2230 5614 3724 5680">
     <span class='ocr_line' id='line_1_152' title="bbox 2230 5614 3724 5680; baseline -0.005 -18"><span class='ocrx_word' id='word_1_1092' title='bbox 2230 5625 2332 5663; x_wconf 87' lang='lat' dir='ltr'><strong>nos</strong></span> <span class='ocrx_word' id='word_1_1093' title='bbox 2357 5621 2581 5664; x_wconf 86' lang='lat' dir='ltr'><strong>vocatus</strong></span> <span class='ocrx_word' id='word_1_1094' title='bbox 2607 5622 2712 5677; x_wconf 91' lang='lat' dir='ltr'><strong>est,</strong></span> <span class='ocrx_word' id='word_1_1095' title='bbox 2737 5614 2943 5674; x_wconf 86' lang='lat' dir='ltr'><strong>obedit,</strong></span> <span class='ocrx_word' id='word_1_1096' title='bbox 2979 5614 3024 5666; x_wconf 87' lang='lat' dir='ltr'><strong>is</strong></span> <span class='ocrx_word' id='word_1_1097' title='bbox 3060 5627 3234 5680; x_wconf 87' lang='lat' dir='ltr'><strong>neque</strong></span> <span class='ocrx_word' id='word_1_1098' title='bbox 3267 5623 3492 5680; x_wconf 80' lang='lat' dir='ltr'><strong>prepter</strong></span> <span class='ocrx_word' id='word_1_1099' title='bbox 3522 5615 3724 5662; x_wconf 81' lang='lat' dir='ltr'><strong>tutiorem,</strong></span> 
     </span>
    </p>
   </div>
   <div class='ocr_carea' id='block_1_153' title="bbox 2231 5681 3721 5750">
    <p class='ocr_par' dir='ltr' id='par_1_153' title="bbox 2231 5681 3721 5750">
     <span class='ocr_line' id='line_1_153' title="bbox 2231 5681 3721 5750; baseline -0.004 -17"><span class='ocrx_word' id='word_1_1100' title='bbox 2231 5694 2407 5748; x_wconf 88' lang='lat' dir='ltr'><strong>neque</strong></span> <span class='ocrx_word' id='word_1_1101' title='bbox 2453 5691 2673 5749; x_wconf 88' lang='lat' dir='ltr'><strong>propter</strong></span> <span class='ocrx_word' id='word_1_1102' title='bbox 2710 5684 3014 5750; x_wconf 84' lang='lat' dir='ltr'><strong>voluptates</strong></span> <span class='ocrx_word' id='word_1_1103' title='bbox 3061 5684 3232 5737; x_wconf 87' lang='lat' dir='ltr'><strong>tendit</strong></span> <span class='ocrx_word' id='word_1_1104' title='bbox 3275 5683 3343 5734; x_wconf 82' lang='lat' dir='ltr'><strong>ad</strong></span> <span class='ocrx_word' id='word_1_1105' title='bbox 3401 5681 3721 5749; x_wconf 77' lang='lat' dir='ltr'><strong>cognitionem-</strong></span> 
     </span>
    </p>
   </div>
   <div class='ocr_carea' id='block_1_154' title="bbox 2231 5752 3724 5823">
    <p class='ocr_par' dir='ltr' id='par_1_154' title="bbox 2231 5752 3724 5823">
     <span class='ocr_line' id='line_1_154' title="bbox 2231 5752 3724 5823; baseline -0.006 -19"><span class='ocrx_word' id='word_1_1106' title='bbox 2231 5752 2348 5804; x_wconf 81' lang='lat' dir='ltr'><strong>Non</strong></span> <span class='ocrx_word' id='word_1_1107' title='bbox 2378 5765 2523 5802; x_wconf 87' lang='lat' dir='ltr'><strong>enim</strong></span> <span class='ocrx_word' id='word_1_1108' title='bbox 2549 5754 2860 5808; x_wconf 86' lang='lat' dir='ltr'><strong>considerat</strong></span> <span class='ocrx_word' id='word_1_1109' title='bbox 2898 5767 2966 5806; x_wconf 89' lang='lat' dir='ltr'><strong>an</strong></span> <span class='ocrx_word' id='word_1_1110' title='bbox 3021 5754 3238 5823; x_wconf 85' lang='lat' dir='ltr'><strong>aliquod</strong></span> <span class='ocrx_word' id='word_1_1111' title='bbox 3282 5753 3418 5806; x_wconf 87' lang='lat' dir='ltr'><strong>utile</strong></span> <span class='ocrx_word' id='word_1_1112' title='bbox 3449 5753 3647 5808; x_wconf 83' lang='lat' dir='ltr'><strong>lucrum,</strong></span> <span class='ocrx_word' id='word_1_1113' title='bbox 3669 5757 3724 5797; x_wconf 71' lang='lat' dir='ltr'><strong>tu</strong></span> 
     </span>
    </p>
   </div>
   <div class='ocr_carea' id='block_1_155' title="bbox 2183 5916 2867 5990">
    <p class='ocr_par' dir='ltr' id='par_1_155' title="bbox 2183 5916 2867 5990">
     <span class='ocr_line' id='line_1_155' title="bbox 2183 5916 2867 5990; baseline -0.007 -14"><span class='ocrx_word' id='word_1_1114' title='bbox 2183 5920 2308 5976; x_wconf 72' lang='lat'><strong>529.</strong></span> <span class='ocrx_word' id='word_1_1115' title='bbox 2393 5919 2438 5952; x_wconf 76' lang='grc' dir='ltr'><strong>υ</strong></span> <span class='ocrx_word' id='word_1_1116' title='bbox 2465 5917 2620 5984; x_wconf 89' lang='lat' dir='ltr'><strong>ibid.,</strong></span> <span class='ocrx_word' id='word_1_1117' title='bbox 2649 5933 2702 5990; x_wconf 89' lang='lat' dir='ltr'><strong>p.</strong></span> <span class='ocrx_word' id='word_1_1118' title='bbox 2742 5916 2867 5974; x_wconf 75' lang='lat'><strong>532.</strong></span> 
     </span>
    </p>
   </div>
   <div class='ocr_carea' id='block_1_156' title="bbox 3753 256 3769 944">
    <p class='ocr_par' dir='ltr' id='par_1_156' title="bbox 3753 256 3768 944">
     <span class='ocr_line' id='line_1_156' title="bbox 3753 256 3755 308; baseline 0 0"><span class='ocrx_word' id='word_1_1119' title='bbox 3753 256 3755 308; x_wconf 96' lang='lat'><strong><em>|</em></strong></span> 
     </span>
     <span class='ocr_line' id='line_1_157' title="bbox 3761 630 3763 682; baseline 0 0"><span class='ocrx_word' id='word_1_1120' title='bbox 3761 630 3763 682; x_wconf 96' lang='lat'><strong><em>|</em></strong></span> 
     </span>
     <span class='ocr_line' id='line_1_158' title="bbox 3765 840 3768 944; baseline 0 0"><span class='ocrx_word' id='word_1_1121' title='bbox 3765 840 3768 944; x_wconf 63' lang='grc' dir='ltr'><em>Α</em></span> 
     </span>
    </p>
   </div>
   <div class='ocr_carea' id='block_1_157' title="bbox 3769 1098 3791 2018">
    <p class='ocr_par' dir='ltr' id='par_1_157' title="bbox 3769 1098 3779 1534">
     <span class='ocr_line' id='line_1_159' title="bbox 3769 1098 3779 1534; baseline 0 0"><span class='ocrx_word' id='word_1_1122' title='bbox 3769 1247 3778 1444; x_wconf 73' lang='grc' dir='ltr'><strong>ι</strong></span> 
     </span>
    </p>
   </div>
  </div>
