3840 6538
501 402 638 461 1259

1178 399 1245 455 IN
1279 399 1701 457 CLEMENTEM
1739 398 1947 456 ALEX.
1987 399 2052 457 D.
2087 401 2176 457 LE
2204 401 2490 461 NOL'RRY
2524 405 2980 464 DISSEBTATIO
3007 407 3075 465 II:

3581 411 3691 467 1110

496 515 648 574 Pauli
718 516 927 588 publice
970 513 1364 588 veAl‘privatim
1423 516 1490 571 de
1552 513 1771 588 Christo
1837 514 2031 570 concio

2159 525 2338 570 autem
2363 517 2660 588 Clementis
2687 520 2804 573 htec
2833 529 2958 574 sunt
2983 519 3143 574 verba
3172 539 3186 574 :
3224 520 3285 573 Ei
3323 521 3402 580 δὲ,
3445 520 3521 585 ὡς
3561 521 3694 588 αὐτός

496 589 676 643 munis
718 582 952 638 'auditor
1020 582 1248 646 fuisset,
1314 595 1406 638 aut
1490 585 1682 639 saltem
1768 595 2054 653 postquam

493 656 692 712 Paulus
722 657 965 708 ultimam
1006 653 1201 708 divinis
1233 657 1347 708 suis
1383 655 1576 709 litteris
1612 665 1666 708 et
1707 655 1926 722 scriptis
1954 655 2054 708 im-

493 728 758 794 posuisset
800 739 1041 777 manum.
1088 723 1162 777 De
1207 724 1432 779 Simone
1475 734 1654 778 autem
1701 724 1858 792 Mago
1907 723 2055 790 ejus-

487 793 594 865 Qne
633 795 911 849 erroribus
949 794 1341 864 disputavimus
1384 794 1480 848 lib.
1530 808 1546 846 ι
1600 793 1891 863 Apparat.,
1943 796 2055 851 dis-

487 874 622 918 sert.
656 865 706 918 l.
739 880 860 918 can.
887 863 942 917 5.

487 874 622 921 seri.
656 874 706 921 1.
739 880 860 921 Cal).
887 874 942 917 5.

557 880 1124 1002 ἓῖιέέᾶξῗορῗξηιετθα
1161 931 1410 987 Clemens
1446 933 1626 1002 arguit
1658 933 1723 993 “,
1751 932 1843 1000 qui
1891 932 2053 988 Nico-

485 1003 654 1067 lauru,
685 1005 828 1058 haud
855 1001 1015 1058 dubie
1038 1018 1104 1058 ex
1142 1012 1345 1070 septem
1375 1003 1567 1071 primis
1596 1001 1850 1056 Ecclesize
1876 1003 2053 1057 diaco-

483 1076 646 1130 nibus
680 1092 878 1136 unum,
911 1075 1177 1128 luereseos
1213 1087 1321 1125 sua:
1352 1083 1630 1142 auctorem
1662 1073 1765 1126 sibi
1793 1087 2051 1142 arrogare

484 1145 766 1207 volentes,
820 1143 988 1212 ipsius
1024 1144 1182 1197 verba
1241 1156 1465 1212 pravum
1520 1141 1946 1210 luereticumqne
1995 1144 2047 1197 in

387 1261 395 1266 .
483 1229 704 1269 sensum
748 1216 1071 1283 detorquere
1127 1212 1458 1266 nitebantur.
1506 1212 1801 1283 Clementis
1863 1222 2046 1266 autem

482 1285 648 1338 verba
693 1285 890 1351 quibus
924 1280 1220 1338 ’Nicolaum
1283 1296 1386 1334 non
1450 1280 1624 1351 solum
1669 1285 1904 1351 errore,
1951 1283 2048 1336 sed

483 1353 645 1408 etiam
707 1350 976 1418 crimine,
1042 1351 1182 1407 male
1237 1353 1335 1420 ipsi
1392 1367 1420 1403 a
1474 1350 1756 1405 sceleratis
1807 1351 2047 1406 homini-

480 1424 584 1478 bus
622 1425 836 1486 inusto,
879 1423 1161 1485 liberavit,
1201 1421 1324 1490 quia
1364 1421 1489 1476 alibi
1530 1435 1559 1472 a
1610 1420 1768 1475 nobis
1824 1421 2045 1475 descri-

481 1503 571 1560 pta
603 1504 659 1548 et
704 1492 1014 1548 exatninata
1062 1501 1186 1546 sunt
1229 1493 1305 1556 η,
1345 1491 1433 1546 hic
1473 1491 1651 1546 denuo
1700 1505 1805 1544 non
1849 1506 2044 1560 repra-

480 1559 856 1618 sentabuntur.
920 1563 1092 1617 Porro
1158 1569 1340 1616 autem
1421 1571 1473 1614 et
1549 1563 1616 1614 de
1701 1559 1803 1614 hoc
1867 1559 2042 1629 argu-

480 1645 662 1688 mento
688 1674 703 1699 ,
739 1641 794 1686 ct
848 1635 911 1688 de
951 1631 1267 1697 Nicolaitis,
1310 1632 1423 1684 sive
1478 1630 1544 1686 de
1597 1629 1661 1684 iis
1699 1632 1790 1697 qui
1817 1671 1831 1693 ,
1874 1639 1932 1684 ut
1971 1633 2045 1685 ait

477 1702 746 1768 Clemens,
781 1704 1028 1758 haeresim
1066 1703 1223 1771 hujus
1253 1699 1451 1754 Nicolai
1489 1716 1548 1754 se
1577 1701 1818 1771 prolitet-i
1848 1701 2045 1754 vendi-

478 1773 684 1836 tabant,
710 1789 737 1825 a
774 1773 928 1828 nobis
957 1789 973 1828 t
1001 1770 1301 1843 Apparatus
1353 1770 1472 1836 lib.,
1502 1771 1718 1824 dissert.
1755 1770 1809 1835 1,
1842 1785 1960 1840 cap.
1985 1774 2039 1838 8,

475 1852 654 1896 actum
687 1854 788 1897 ρει.

545 1913 620 1964 De
652 1913 1100 1968 Basilidianorum
1129 1926 1261 1966 vero
1293 1912 1570 1966 erroribus
1599 1910 1752 1978 plura
1786 1909 2036 1966 Clemens

472 1997 501 2034 a
532 1984 686 2037 nobis
712 1987 822 2052 jam
855 1985 1106 2037 adnotata
1130 1993 1392 2052 memorat
1413 1983 1477 2046 ¹²,
1501 1996 1622 2051 qua:
1654 1995 1842 2052 rursus
1871 1994 2035 2052 expo-

472 2066 604 2106 nere
637 2049 772 2109 nihil
807 2067 1030 2108 necesse
1058 2062 1162 2106 est.
1201 2051 1340 2105 Nulli
1375 2049 1554 2106 tamen
1585 2049 1870 2104 molestum
1917 2051 2034 2104 lore

470 2133 748 2192 putamus,
766 2124 810 2177 si
837 2123 1079 2192 quantam
1103 2121 1376 2192 salebrosa
1419 2131 1474 2174 et
1503 2123 1714 2189 spinosa
1751 2120 1840 2192 hic
1873 2121 2032 2186 paulo

471 2188 693 2247 uberius
709 2188 1000 2260 explanare
1024 2203 1313 2246 tentemus.
1332 2188 1552 2245 Fatetur
1569 2201 1747 2243 autem
1772 2188 2034 2243 Hervetus

471 2275 530 2314 se
555 2279 659 2317 non
704 2259 836 2317 satis
861 2262 1160 2330 intelligere
1195 2261 1324 2328 quid
1358 2260 1614 2330 Clemens
1651 2259 1735 2330 his
1767 2260 1870 2312 sibi
1903 2260 2033 2330 velit

407 2381 414 2384 _
469 2333 654 2386 verbis
679 2334 759 2392 ‘3:
799 2351 814 2383 ι
841 2329 1107 2386 Ρνωιοτὶιει
1133 2332 1313 2384 dicunt
1352 2329 1665 2384 Basilidiani
1690 2329 1847 2382 Iidem
1869 2329 2029 2382 simul

467 2413 522 2452 et
538 2403 856 2457 electionem
874 2417 991 2456 esse
1004 2402 1276 2469 propriam
1295 2401 1344 2454 in
1361 2413 1684 2468 unoquoque
1697 2399 1893 2466 spatio,
1907 2397 2029 2452 καθ’

467 2470 697 2528 ἕκαστον
732 2473 1034 2542 διάστημαο
1086 2486 1273 2524 rursus
1320 2479 1497 2524 autem
1530 2483 1596 2542 ex
1639 2469 2028 2542 consequentia

468 2539 939 2611 supermundanaé'
960 2542 1259 2602 electionis,
1295 2539 1915 2611 consequimundanam
1949 2549 2028 2591 to-

471 2608 578 2666 tius
609 2622 815 2666 natum
846 2613 1022 2672 tidem.
1059 2621 1111 2665 et
1141 2626 1240 2680 pro
1274 2610 1432 2664 tnodo
1461 2609 1571 2680 spei
1604 2608 2029 2680 uniuscujusque

465 2684 798 2737 conveniens
831 2698 1044 2750 quoque
1071 2678 1192 2736 esse
1219 2681 1414 2734 donum
1445 2679 1590 2732 lidei.
1630 2697 1648 2730 ι
1683 2678 1793 2750 Sed
1821 2688 1880 2730 ut
1907 2680 2028 2733 Cle-

465 2755 664 2807 mentis
711 2749 902 2808 seusus
956 2749 1308 2821 percipiatur,
1354 2749 1888 2821 animadvertendum
1941 2758 2026 2802 est

463 2821 708 2876 Graecum
731 2817 1240 2893 νενιιιιιιίδιάσιὲημα
1264 2819 1566 2893 signiﬁcare
1585 2817 2026 2893 Spatitnn,i_t_tter-

463 2893 778 2960 capedinem
810 2903 864 2948 et
891 2895 942 2948 di
965 2889 1227 2946 iamiam.
1283 2889 1483 2943 lieinde
1515 2903 1648 2960 vero
1673 2889 2021 2960 ‘Basilidiani,

464 2958 755 3018 tit—ibidem
793 2964 1043 3018 Clemens
1076 2963 1359 3030 perhibet,
1411 2959 1630 3030 insulse
1655 2958 1919 3030 docebant
1963 2961 2024 3012 li-

462 3033 582 3086 dem
615 3033 818 3087 homini
849 3049 970 3088 esse
1017 3027 1318 3102 ingenitam
1334 3042 1394 3102 et
1423 3029 1747 3102 naturalem.
1778 3027 1888 3102 lloe
1918 3045 2025 3102 _au-

463 3113 568 3157 tem
602 3102 739 3157 falso
773 3105 1039 3172 principio
1069 3098 1244 3170 posito
1267 3140 1282 3166 ,
1309 3101 1422 3164 illi,
1456 3108 1513 3152 ut
1545 3098 1795 3172 Clemens
1823 3099 2022 3153 dixisse

463 3172 620 3228 nobis
649 3171 895 3239 videtur,
925 3171 1320 3229 cbnclndebant
1361 3172 1515 3224 Iidem
1537 3209 1553 3232 ,
1588 3185 1709 3223 cum
1744 3171 1815 3223 sit
1864 3180 2022 3222 natu-

2157 604 2321 658 φησιν
2345 591 2374 641 ὁ
2398 587 2730 662 Ιξαςιλεέδης,
2760 589 2826 662 evo
2851 589 3014 662 μέρος
3031 591 3095 642 ἐκ
3112 588 3216 662 Δ’τῷ
3251 590 3542 662 λεγομένου
3561 587 3694 662 seu.

2158 657 2333 732 ματος
2357 658 2448 732 τος)
2475 657 2616 732 ’Θεοῦ
2646 657 3044 732 ὑπειλήφαμεν,
3079 657 3139 732 rb
3173 657 3522 732 ἠγαπψὲέναι
3556 657 3695 714 4παὺ-

2152 742 2220 801 ira
2245 766 2259 789 ,
2307 727 2585 801 dctuitéyov
2630 727 2971 801 ἀποσῴζουὰι
2993 799 3002 801 μ
3023 729 3158 801 πρὸς
3201 727 3264 783 ea
3314 727 3424 784 π’ᾶν
3465 732 3693 801 ram-mw

2153 796 2335 871 ἓτξρον
2382 796 2842 871 βὲίτδᾼμηδενδς
2891 796 3202 871 ἐπιθυμεῖν·
3243 802 3337 854 καὶ
3382 800 3585 871 τρίτον,
3629 819 3695 871 μισ

2154 869 2264 918 σεῖν
2299 868 2431 940 μηδὲ
2457 868 2547 940 ἓν,
2576 868 2838 940 θελήματι
2873 871 2968 922 τοῦ
3005 868 3138 924 Θὲοῦ
3177 871 3268 924 καὶ
3301 868 3552 933 κολάσεις
3574 868 3695 924 ἐσάν-

2150 953 2260 989 ται.
2325 939 2432 990 Sed
2496 939 2582 992 hic
2643 939 2795 994 locus
2859 949 3006 994 tanta
3055 943 3394 996 obscuritate
3451 941 3693 996 involutus

2152 1005 2388 1060 llerveto
2438 1009 2687 1070 videtur,
2746 1019 2806 1062 ut
2855 1025 2977 1063 eum
3021 1009 3369 1064 librariormn
3425 1025 3692 1064 amanuen-

2150 1077 2536 1157 siumincuria
2577 1088 2891 1147 corruptum
2923 1092 3018 1133 aut
3049 1081 3355 1134 mutilatum
3396 1080 3564 1136 fuisse
3587 1096 3695 1136 ceno

2149 1156 2341 1201 Sllel‘ll.

2219 1217 2289 1289 At
2334 1217 2406 1270 ibi
2451 1216 2704 1289 Clemens
2745 1225 2936 1289 contra
2973 1217 3337 1273 Basilidianos
3377 1230 3694 1289 argumento,

2148 1293 2207 1336 ut
2243 1286 2415 1357 aitmt,
2449 1288 2515 1339 ad
2574 1289 2844 1341 hominem
2882 1288 3120 1357 disputat
3156 1289 3219 1342 ".
3251 1290 3328 1343 Ex
3360 1286 3516 1343 falsis
3557 1293 3699 1345 enim.

2150 1369 2280 1408 vero
2314 1355 2528 1408 illormn
2558 1358 2902 1422 opinionibus
2929 1355 3030 1411 una
3074 1359 3189 1412 lure
3224 1371 3345 1413 erat
3371 1400 3387 1422 ,
3431 1361 3513 1413 uti
3561 1361 3696 1426 paulo

2148 1434 2274 1477 ante
2307 1426 2376 1478 ab
2404 1427 2625 1493 ipsemet
2653 1427 2933 1499 Clemente
2977 1429 3422 1499 animadversum
3469 1429 3694 1499 legimus,

2146 1505 2326 1548 motus
2366 1498 2910 1567 perturbationesque
2951 1498 3114 1551 animi
3147 1499 3197 1552 in
3246 1498 3617 1563 homine,’et,
3647 1510 3697 1551 ut

2147 1577 2269 1616 mox
2304 1565 2614 1637 subiungit.
2644 1565 2840 1619 metum
2867 1575 2920 1619 et
2955 1567 3193 1622 laborem
3236 1569 3288 1620 in
3319 1578 3566 1637 martyre
3597 1583 3698 1623 esse

2147 1635 2475 1707 necessaria,
2521 1637 2998 1707 atqueuhominem
3043 1637 3109 1689 ad
3152 1638 3425 1707 agendum
3461 1635 3697 1707 accessa:

2146 1703 2228 1755 rio
2270 1718 2488 1772 setnper
2533 1703 2754 1772 impelli.
2796 1707 3060 1770 Quocirca
3099 1703 3369 1761 ille'dixit
3404 1707 3494 1760 “z
3543 1726 3561 1759 ε
3596 1706 3695 1760 Non

2144 1773 2329 1844 utique
2359 1789 2488 1840 ergo
2517 1774 2670 1828 labor
2706 1785 2762 1827 et
2803 1787 2977 1829 metus
3024 1777 3184 1831 rebus
3222 1777 3471 1840 accidit,
3514 1787 3568 1829 nt
3608 1777 3692 1844 ipsi

2146 1843 2372 1916 dicunt,
2422 1855 2673 1912 tanquam
2709 1845 2896 1916 rubigo
2930 1846 3074 1899 ferro
3099 1847 3230 1916 ,sed
3261 1860 3326 1900 ex
3365 1848 3582 1916 propria
3609 1843 3694 1899 vo.

2143 1913 2350 1966 luntate
2389 1918 2598 1967 accedit
2642 1917 2707 1967 ad
2756 1915 3012 1969 animant.
3056 1934 3074 1967 ι
3126 1915 3201 1970 Ex
3248 1913 3575 1970 liac'auiem
3614 1918 3696 1970 ab-

2139 1983 2304 2054 surda
2337 1982 2590 2036 Basilidis
2618 1984 2896 2052 opinione,
2931 2000 3033 2054 qua
3071 1985 3344 2054 hominem
3397 1985 3533 2040 nihil
3581 2001 3694 2039 cou-

2140 2053 2424 2118 cupiscere
2475 2053 2712 2121 nihilque
2757 2053 2978 2118 odisse,
3030 2055 3124 2108 sed
3172 2069 3238 2109 ex
3301 2053 3396 2109 Dei
3442 2055 3694 2110 voluntate

2137 2122 2319 2175 omnia
2358 2125 2663 2177 necessario
2699 2124 2770 2177 illi
2817 2126 3136 2194 contingere
3186 2126 3561 2192 praedicabat.
3588 2125 3696 2180 Cle-

2137 2205 2290 2244 mens
2324 2203 2508 2246 noster
2537 2205 2727 2247 contra
2756 2196 3004 2247 eunnlem
3047 2196 3368 2249 haereticum
3409 2197 3690 2260 concludit,

2141 2260 2191 2312 in
2229 2261 2319 2315 Dei
2369 2263 2700 2333 voluntatem
2755 2264 3118 2333 martyrium,
3167 2262 3434 2333 supplicia
3479 2274 3531 2317 et
3568 2281 3694 2318 mor-

2140 2340 2244 2409 tem
2267 2346 2389 2386 esse
2421 2332 2769 2388 refundenda.
2799 2332 2951 2400 ρυσά
2983 2349 3116 2388 sane
3154 2332 3302 2388 dictu
3344 2335 3571 2407 omnino
3604 2335 3689 2389 im-

2136 2413 2278 2468 ptum
2304 2413 2409 2456 est.

2210 2471 2418 2527 Similis
2457 2471 2650 2543 plane,
2696 2473 2779 2527 vel
2831 2474 2996 2527 etiam
3066 2471 3294 2540 majoris
3341 2474 3692 2542 corruptionis

2134 2539 2402 2597 llervetus
2455 2539 2677 2597 accusat
2724 2546 3004 2611 superiora
3060 2539 3364 2598 Clementis
3422 2539 3580 2596 verba
3615 2545 3688 2597 ":

2139 2630 2158 2663 c
2197 2611 2543 2667 Providentia
2574 2614 2676 2666 etsi
2712 2628 2740 2666 a
2784 2613 3024 2682 principe
3045 2651 3060 2676 ,
3092 2612 3167 2676 ὼς
3196 2613 3366 2681 φάναι
3394 2653 3410 2678 ,
3446 2625 3503 2666 ιιι
3529 2614 3595 2666 ita
3622 2615 3693 2665 di-

2132 2697 2276 2744 cam,
2315 2682 2522 2736 moveri
2567 2683 2792 2751 incipit;
2833 2683 3068 2737 immista
3114 2694 3293 2736 tamen
3336 2694 3425 2738 est
3455 2693 3507 2736 et
3550 2683 3688 2736 insita

2132 2752 2474 2816 substantiis,
2509 2769 2630 2806 cum
2662 2755 3008 2822 generatione
3047 2753 3493 2806 substantiarum
3534 2769 3561 2806 a
3599 2755 3690 2806 Deo

2133 2823 2533 2876 universorum.
2581 2841 2600 2874 ι
2635 2826 2707 2876 At
2753 2824 2834 2876 his
2873 2823 3053 2876 verbis
3093 2825 3336 2876 ostendit
3381 2823 3625 2877 Clemens
3662 2839 3690 2878 ι

2131 2889 2476 2946 Basilidianis
2513 2908 2618 2946 non
2649 2908 2807 2962 posse
2852 2893 3163 2960 responderi
3210 2904 3520 2952 martyrum
3564 2909 3690 2946 uter-

2131 2963 2317 3014 cedem
2351 2978 2445 3016 seu
2471 2963 2834 3032 expiationem
2865 2979 2892 3014 a
2934 2963 3119 3016 divina
3159 2965 3294 3016 oriri
3339 2965 3687 3031 providentia,

2129 3032 2445 3102 quinetiam
2471 3043 2526 3086 et
2577 3048 2764 3087 eorum
2811 3032 3071 3100 supplicia
3121 3035 3190 3086 ab
3243 3035 3437 3087 eadem
3487 3035 3688 3102 prodire

2129 3104 2396 3172 dicerent.
2433 3101 2564 3156 Nam
2611 3104 2946 3171 providentia
2985 3102 3164 3154 divina
3218 3103 3442 3156 tametsi
3480 3101 3508 3156 a
3557 3105 3687 3172 prin-

2127 3172 2249 3238 cipe
2279 3211 2295 3236 ,
2321 3171 2396 3236 ὼς
2428 3173 2629 3242 φάναι,
2663 3183 2720 3225 ιιι
2755 3173 2828 3224 ita
2862 3173 3047 3225 dicere
3075 3173 3238 3225 liceat
3265 3212 3280 3237 ,
3316 3175 3522 3226 moveri
3561 3171 3689 3226 inci-

463 3227 611 3308 ralis,
633 3245 688 3298 in
712 3227 1050 3315 innoqdoque
1081 3253 1174 3297 aut
1203 3241 1460 3315 majorem
1488 3227 1586 3315 aut
1616 3240 1880 3294 minorem
1903 3255 2022 3315 esse
2051 3227 2096 3289 Β
2135 3227 2293 3310 piat,
2336 3227 2451 3311 ipsa
2498 3227 2842 3315 nihilominus.
2879 3242 3131 3315 Omnibus
3177 3227 3541 3315 substantiis,
3581 3258 3687 3315 curn

458 3316 754 3368 secundum
789 3312 1201 3382 ipsius'natura:
1229 3312 1590 3382 dill‘erentiatu
1620 3319 1676 3364 et
1717 3313 2025 3382 proportio-

458 3398 581 3438 nem
607 3400 622 3445 ;
659 3386 732 3438 ita
761 3381 820 3438 ut
847 3387 1104 3453 majorem
1139 3383 1224 3437 ille
1257 3384 1482 3453 haberet
1510 3381 1693 3453 Iidem,
1718 3381 1870 3446 cujtts
1895 3397 2026 3453 prte-

456 3454 690 3508 stantior
738 3467 881 3508 esset
931 3449 1152 3507 natura.
1201 3452 1562 3519 Quamobrem
1609 3450 1654 3502 si
1709 3455 1869 3502 unius
1918 3449 2024 3502 ali-

457 3523 614 3589 Cujus
643 3535 790 3577 tanta
814 3524 952 3582 foret
977 3535 1185 3578 natura:
1213 3522 1547 3591 praestantia,
1575 3531 1633 3572 ιιι
1660 3520 1804 3572 illius
1831 3520 2026 3574 electio

455 3601 511 3664 et
538 3594 670 3648 lldes
705 3605 848 3648 esset
880 3596 1319 3664 supermundana
1340 3633 1355 3655 ,
1401 3591 1909 3664 ltunoumundanam
1944 3599 2026 3664 to-

457 3663 567 3716 tius
599 3674 804 3718 natura:
840 3659 999 3718 lidein
1027 3663 1280 3730 consequi
1312 3677 1375 3716 ac
1423 3676 1520 3730 pro
1555 3659 1696 3730 illius
1723 3659 1836 3728 spei
1865 3661 2024 3712 modo

411 3761 416 3765 -
455 3745 580 3786 esse
619 3736 950 3787 conveniens
980 3733 1101 3787 lidei
1133 3729 1354 3786 donum.
1389 3729 1558 3796 Quem
1597 3729 1814 3797 quidem
1852 3731 2022 3795 ipsum

452 3816 576 3857 esse
617 3804 912 3859 Clementis
951 3818 1165 3858 sensum
1210 3803 1333 3855 imle
1377 3799 1519 3855 haud
1563 3799 1799 3852 absurde
1845 3800 2021 3868 colligi

451 3882 654 3946 potest,
701 3875 842 3944 quod
887 3875 954 3928 ad
1001 3875 1160 3946 hujus
1185 3873 1391 3946 erroris
1424 3871 2023 3946 eversionetn_demou-

452 3939 590 4066 Eget
639 3939 797 3999 tidem
851 3959 973 4001 esse
1026 3939 1347 3998 veluntarite
1395 3951 1450 3996 et
1511 3939 1696 3993 libera:
1738 3940 2023 3994 electionis

452 4029 485 4066 0
544 4031 708 4066 CIIII".

451 4029 708 4069 01110111111.

524 4086 695 4140 Porro
724 4096 905 4140 autem
936 4084 1188 4141 Clemens
1216 4090 1470 4138 testatum
1508 4089 1694 4150 postea
1720 4077 1851 4133 facit
1879 4078 1923 4111 ιδ
1954 4079 2020 4134 il-

451 4157 571 4212 detn
609 4159 679 4212 ab
720 4159 802 4211 his
850 4156 1123 4211 hzereticis
1166 4154 1413 4216 deliniri,
1447 4169 1466 4202 ι
1519 4153 1713 4204 anima:
1750 4152 2023 4205 assensio-

451 4243 573 4282 llcm
603 4227 763 4280 alicui
804 4242 1029 4290 eorum,
1063 4239 1184 4295 quae
1212 4239 1428 4279 sensum
1461 4236 1567 4295 non
1615 4229 1832 4276 moveut
1853 4260 1870 4285 ,
1897 4235 2023 4289 pro-

448 4309 634 4372 pterea
699 4299 843 4372 quod
921 4314 1026 4372 non
1065 4294 1312 4372 _’adsunt.
1372 4312 1391 4346 ι
1456 4294 1689 4372 innuero
1755 4302 2019 4372 praeterea

450 4362 668 4419 videtur
718 4362 857 4422 'tllos
919 4367 1264 4422 existimasse
1313 4364 1558 4418 eamdem
1619 4362 1777 4414 Iidem
1827 4365 2022 4417 timore

449 4435 690 4492 lumlari.
724 4437 833 4492 Sed
881 4438 1138 4491 continuo
1189 4435 1385 4504 adjecit
1431 4433 1634 4504 illam,
1669 4432 1785 4504 sive
1828 4433 2022 4504 timore

449 4510 564 4560 sive
610 4509 878 4562 ebaritate
921 4507 1214 4574 l'undetur,
1255 4502 1392 4560 esse
1437 4503 1640 4572 aliquid
1685 4503 1845 4571 plane
1881 4502 2021 4556 divi-

449 4590 578 4630 num
608 4577 674 4628 ¹⁵.

520 4647 673 4700 Alius
701 4645 954 4702 Basilidis
981 4689 996 4714 ,
1030 4664 1058 4702 a
1099 4647 1256 4702 nobis
1299 4643 1426 4699 alibi
1469 4656 1796 4698 memoratus
1823 4641 2023 4714 ,‘error

446 4715 496 4772 is
521 4727 659 4782 erat,
688 4729 744 4769 ut
774 4712 1038 4790 tuartyres
1069 4718 1349 4788 suppliciis
1375 4727 1429 4771 et
1458 4727 1634 4769 morte
1662 4716 1734 4769 ob
1757 4731 1820 4769 ea
1843 4712 2025 4769 allice-

446 4795 638 4841 reutur
667 4799 890 4856 peccata
912 4829 926 4852 ,
963 4804 1081 4857 quae
1113 4790 1441 4858 priusquam
1477 4797 1843 4858 nascerentur
1872 4799 2025 4858 com-

446 4855 732 4914 miserant.
761 4861 831 4912 At
857 4860 946 4913 ubi
976 4855 1126 4913 hanc
1143 4855 1330 4911 falsam
1360 4857 1670 4925 opinionem
1704 4855 1870 4925 variis
1898 4856 2020 4909 Cle-

445 4941 602 4999 mens
638 4931 977 4999 argumentis
1009 4931 1288 4998 impugnat
1314 4939 1369 4983 et
1399 4923 1674 4999 destruit,
1706 4926 1776 4979 ibi
1825 4923 2018 4978 Basili-

443 4998 570 5068 dem
606 4997 819 5054 suoiuet
854 4999 1030 5068 gladio
1073 4997 1404 5068 Sic’jugulat
1437 4997 1521 5052 “:
1558 5016 1577 5046 ι
1617 4997 1673 5051 Si
1705 5004 1886 5049 autem
1909 5033 1924 5058 ,
1964 5003 2024 5068 ut

444 5066 564 5136 ipse
589 5070 722 5123 dicit
749 5066 1046 5135 Basilides,
1080 5066 1239 5122 unam
1277 5080 1486 5136 partem
1517 5083 1584 5121 ex
1626 5068 1753 5130 Dei,
1781 5079 1903 5135 qua:
1935 5067 2020 5118 di-

444 5141 616 5201 citur,
650 5140 949 5206 voluntate,
976 5141 1356 5196 existimamus
1385 5139 1570 5193 omnia
1605 5137 1849 5206 diligere,
1876 5137 2021 5204 quod

444 5211 628 5263 omnia
679 5212 941 5267 rationem
985 5228 1048 5265 ac
1103 5211 1515 5278 proportionem
1575 5218 1900 5260 conservent
1951 5208 2020 5258 ad

447 5281 783 5342 universum,
839 5286 1064 5336 alteram
1120 5291 1298 5332 autem
1347 5279 1482 5334 nihil
1528 5279 1934 5344 concupiscere,
1968 5286 2056 5329 et-

450 5351 668 5404 tertiam
696 5351 1052 5416 mhilodisse,
1078 5352 1361 5404 voluntate
1389 5351 1477 5403 Dei
1513 5358 1674 5402 erunt
1699 5349 1864 5401 etiam
1899 5362 2024 5415 sup-

445 5420 604 5487 plicia
633 5435 647 5484 ;
681 5423 823 5490 quod
855 5424 1073 5492 quidem
1102 5422 1327 5492 impium
1354 5429 1438 5475 est
1466 5417 1732 5487 cogitare.
1774 5437 1792 5472 t
1831 5417 2019 5474 Graeca

552 5633 598 5666 ⁸⁸
643 5636 742 5689 lib.
772 5653 811 5692 ιι
844 5639 1073 5700 Strom.,
1113 5651 1168 5705 p.
1199 5638 1322 5704 111,
1354 5645 1407 5689 et
1453 5633 1490 5686 l.
1528 5651 1583 5688 Ill
1607 5675 1622 5701 ,

447 5703 667 5780 dissert.
694 5705 744 5768 1,
769 5723 821 5762 c.
854 5709 908 5772 3,
935 5719 1040 5762 art.
1068 5703 1126 5780 f5,
1163 5707 1195 5780 §
1225 5709 1281 5762 2.

447 5773 490 5844 ξ’
522 5773 585 5844 ιε.
616 5791 672 5841 ιι.
707 5792 763 5844 ρ.
805 5780 931 5832 401.
1041 5778 1084 5809 ιε
1134 5773 1265 5836 Ibid.

444 5841 496 5882 ”
519 5843 661 5901 "aer.
698 5841 866 5915 iuit,
899 5849 927 5922 ᾗ
961 5847 1014 5903 ι.

1362 5791 1420 5845 p.
1471 5772 1595 5832 509.
1698 5778 1741 5810 ⁸⁹
1785 5772 1917 5834 lbid.

1661 5650 1716 5705 p.
1747 5635 1870 5692 456.
1932 5637 1972 5668 ⁸³
2008 5637 2096 5691 lib.
2137 5634 2684 5708 to;7\ppat°at..idisseg

1359 5705 1402 5735 “
1433 5705 1587 5780 Ιιζξῖιι
1615 5715 1854 5780 a‘trom.,
1874 5724 1927 5776 p.
1946 5708 2070 5780 565.
2148 5705 2449 5780 “'lbidqp.
2477 5705 2612 5780 371.Δ
2662 5705 2723 5780 ’ίξ
2747 5708 2985 5780 lbitl.._p.
3011 5707 3139 5763 372.
3213 5711 3257 5742 "
3287 5712 3323 5762 l.
3349 5725 3421 5772 tv,

2025 5778 2070 5810 ²⁰
2113 5776 2311 5852 Αρίιατ.
2355 5776 2447 5834 lib.
2479 5793 2538 5845 ιι,
2565 5777 2660 5834 cit.
2694 5776 2798 5850 55.

2134 3309 2320 3364 earum
2353 3309 2515 3366 etiam
2549 3313 2898 3382 generatione
2928 3312 2996 3364 ab
3043 3309 3274 3382 ipsemet
3311 3315 3424 3366 Deo
3470 3313 3688 3367 immista

2132 3392 2243 3445 est,
2278 3384 2391 3435 sive
2416 3385 2482 3436 ad
2509 3381 2697 3436 omnes
2733 3383 2953 3434 omnino
2983 3381 3351 3444 substantias,
3389 3398 3454 3437 ac
3483 3386 3690 3450 proinde

2133 3453 2198 3505 ad
2227 3465 2527 3523 martyrum
2563 3452 3084 3523 cntn_expiationes,
3118 3463 3228 3523 tum
3263 3468 3457 3520 poenas
3483 3467 3535 3507 et
3560 3469 3690 3505 mor-

2135 3531 2238 3574 tem
2267 3520 2387 3577 sese
2409 3525 2670 3576 extendit.
2702 3520 2994 3589 Utriusque
3020 3521 3186 3590 igitur
3207 3521 3350 3577 Deus
3374 3524 3483 3577 erit
3521 3537 3686 3582 causa,

2132 3608 2196 3645 ac
2263 3594 2494 3664 proinde
2558 3592 2704 3658 justa
2771 3603 2932 3645 erunt
2997 3602 3324 3664 martyrum
3407 3595 3687 3664 supplicia,

2130 3677 2195 3716 ac
2252 3663 2377 3730 jure
2445 3666 2638 3717 merito
2701 3679 2730 3715 a
2793 3662 3042 3732 tyrannis
3107 3662 3335 3716 iullicta.
3414 3662 3563 3729 Qtiod
3614 3664 3690 3732 di-

2131 3741 2217 3784 ctu
2269 3743 2353 3785 est
2403 3734 2717 3787 absurdum.
2769 3731 2850 3784 Ait
2897 3740 3075 3784 autem
3119 3732 3204 3786 his
3243 3733 3464 3795 verbis,
3494 3733 3567 3797 ὡς
3599 3731 3691 3801 φά-

2131 3817 2240 3863 ναι,
2267 3819 2332 3854 cx
2363 3803 2602 3870 ipsorum
2632 3803 3008 3872 haereticorum
3039 3803 3304 3870 opinione
3329 3817 3390 3856 se
3417 3819 3687 3872 argumen-

2134 3883 2233 3923 tari
2271 3872 2524 3926 Clemens
2570 3870 2985 3941 signiﬁcaverit,
3036 3877 3104 3925 ab
3144 3872 3270 3926 aliis
3323 3870 3571 3927 lubenier
3601 3889 3691 3924 au-

2131 3943 2364 3994 diemus.
2396 3941 2563 3995 Nobis
2598 3944 2742 3997 enim
2773 3942 3180 3995 demonstrasse
3217 3941 3421 3996 sullicit
3457 3947 3556 3997 hoc
3581 3956 3688 3996 esse

2129 4011 2427 4066 Clementis
2471 4023 2848 4080 argumentum
2873 4051 2888 4076 ,
2920 4024 3028 4080 quo
3079 4013 3470 4068 hmreticorutn
3509 4013 3684 4066 falsam

2131 4082 2364 4150 destruit
2393 4083 2724 4150 opinionem.

2198 4149 2456 4205 Basilidis
2481 4163 2658 4206 autem
2688 4151 2830 4206 filius
2858 4159 2973 4204 erat
3004 4151 3266 4215 Isidorus,
3299 4153 3369 4204 de
3401 4169 3508 4218 quo
3540 4153 3686 4206 etiam

2127 4235 2229 4274 suo
2263 4222 2381 4276 loco
2411 4223 2766 4276 disseruimus
2800 4223 2870 4275 ⁸⁸.
2909 4221 3013 4276 Sed
3046 4223 3331 4275 observari
3375 4238 3630 4291 pra-terea
3661 4238 3687 4273 ιι

2130 4291 2286 4344 nobis
2335 4292 2534 4354 debet,
2577 4294 2935 4361 fragmentum
2983 4308 3048 4346 ex
3089 4292 3338 4361 ejusdem
3389 4295 3577 4347 tsidori
3622 4291 3688 4344 Dc

2129 4361 2417 4432 moralibus
2461 4363 2600 4418 libro
2627 4378 2656 4415 a
2684 4363 2962 4416 Cletuente
3013 4363 3308 4432 transcribi
3348 4363 3419 4429 ἰ,
3461 4365 3600 4432 quod
3627 4367 3688 4415 ab

2128 4430 2436 4504 Epiphanio
2481 4447 2700 4504 quoque
2736 4432 3021 4504 exhibetur
3048 4431 3368 4504 ι’,ιέτυιη
3420 4430 3539 4503 qua:
3575 4435 3689 4486 Cle-

2129 4515 2285 4573 mens
2310 4519 2371 4556 ex
2394 4501 2646 4557 Basilidis
2671 4503 3030 4559 sectatoribus
3051 4503 3287 4556 delibata
3312 4501 3687 4573 esse‘proxime

2059 4582 2103 4638 ι)
2133 4572 2387 4645 dixerat,
2417 4576 2532 4627 hanc
2566 4573 2898 4645 Epiphanius
2937 4573 3137 4645 ibidem
3183 4572 3468 4645 Eptphani
3491 4575 3676 4640 Carpo-

2132 4643 2303 4697 cratis
2335 4642 2448 4696 lilio
2485 4645 2694 4700 tribuit.
2729 4643 2920 4699 Utrum
2949 4656 3075 4696 vero
3106 4643 3194 4696 ille
3233 4642 3339 4696 non
3374 4646 3544 4697 solum
3573 4653 3689 4695 Laio

2130 4720 2371 4778 pocratis
2425 4715 2595 4782 patris
2641 4716 2764 4780 sui,
2816 4714 2908 4767 sed
2954 4716 3121 4766 etiam
3164 4713 3426 4767 Basilidis
3464 4726 3688 4768 δίκαιον

2129 4781 2233 4834 diri
2265 4781 2534 4851 potuerit,
2561 4783 2721 4854 232
2753 4786 2798 4839 si
2829 4785 3135 4854 regaveris,
3155 4786 3620 4854 respondebimus
3643 4782 3689 4854 id

2131 4866 2160 4903 a
2182 4868 2312 4909 vero
2343 4851 3018 4923 penitus'notTabhorrere
3050 4855 3114 4907 iis
3145 4851 3380 4907 forsitan
3404 4859 3578 4908 visum
3604 4851 3689 4912 iri,

2130 4924 2220 4990 qui
2273 4926 2528 4978 noverint
2565 4927 2665 4979 hos
2694 4925 2974 4978 ltwreticos
3024 4924 3215 4978 iisdem
3269 4926 3608 4993 plermuque,
3632 4934 3689 4973 ac

2129 4997 2431 5060 prmsertim
2470 5009 2655 5048 contra
2685 4994 3030 5065 continentia:
3055 5004 3108 5047 et
3142 4997 3381 5065 conjugii
3411 4997 3573 5064 leges,
3607 4994 3692 5042 im-

2131 5066 2361 5129 plicatos
2389 5065 2552 5119 fuisse
2596 5067 2900 5120 erroribus.
2929 5064 3082 5130 Quod
3121 5067 3168 5119 si
3203 5067 3278 5117 ita
3315 5064 3385 5120 sit
3408 5108 3423 5128 ,
3455 5076 3602 5118 certe
3626 5074 3686 5112 es

2129 5135 2432 5205 Epiphanio
2467 5135 2728 5189 discimus
2762 5151 2823 5188 ea
2857 5135 3153 5204 Epiphania
3187 5150 3312 5189 esse
3354 5137 3548 5195 verba,
3576 5146 3688 5199 qua:

2128 5207 2379 5260 Clemens
2403 5206 2854 5260 Basilidianurum
2880 5207 3097 5259 nomine
3117 5207 3325 5260 retulit.
3355 5207 3506 5260 llunc
3530 5213 3686 5270 porro

2129 5271 2413 5342 Epiphauii
2456 5279 2632 5332 locum
2669 5281 2712 5330 si
2751 5277 2965 5345 legisset
2999 5274 3300 5343 llervetus,
3346 5294 3410 5331 ex
3447 5291 3510 5328 eo
3547 5287 3687 5326 com-

2129 5350 2351 5412 ptanare
2388 5350 2687 5414 potuisset,
2725 5363 2844 5416 qua:
2893 5349 2945 5400 in
2973 5347 3270 5401 Clementis
3307 5357 3456 5402 textu
3498 5347 3686 5416 obscu‘

2130 5415 2271 5468 riora
2314 5418 2414 5486 ipsi
2465 5415 2807 5474 videbantur.
2840 5418 3084 5487 Denique
3121 5431 3187 5470 ex
3231 5422 3412 5488 primo
3455 5415 3684 5486 ejusdem

2287 5635 3117 5734 p'arat..zgissejltl.“lflcap.5:123
3288 5637 3384 5734 llib.
3421 5654 3433 5691 l
3466 5635 3680 5734 Appia,

3459 5702 3520 5777 ρι’

2900 5773 2944 5808 ’ί
2981 5780 3184 5836 Stroux.
3220 5779 3314 5836 lib.
3351 5791 3434 5844 tv,
3459 5773 3520 5846 ἰ».
3555 5773 3674 5830 οιῖἶο
