3840 6532
495 383 637 445 ιὶὸθ

1125 386 1196 440 IN
1227 384 1648 442 CLEMENTEM
1687 384 1888 440 ALEX.
1930 384 1992 440 D.
2037 383 2123 440 LE
2160 383 2443 442 NOURBY
2481 385 2936 442 DlSSER'l‘ATlO
2969 386 3034 442 Il.

3587 391 3605 428 ⁸
3615 389 3698 445 260

492 514 586 578 rit,
618 523 824 568 etcum
870 507 1002 565 nihil
1045 508 1596 582 habet-etulecythum
1648 508 2055 582 corroserit.....

2164 503 2275 582 ὣτᾳ.
2294 508 2405 563 ἀπὸ
2433 509 2543 582 τῶν
2583 509 3116 582 περικαθαρθέντων.
3154 511 3201 565 εἰ
3237 508 3700 582 Θαλφθεῐηζωογοι

496 584 636 651 Quid
670 585 889 644 mirum,
922 580 1096 649 inquit
1141 579 1272 634 Bion
1300 579 1368 645 ³³,
1401 579 1444 636 si
1491 595 1614 651 nius
1659 580 1931 651 calathum
1949 595 2061 651 λιν.

495 649 714 717 rbserit,
750 667 872 706 cum
907 666 1014 705 non
1053 651 1314 720 inveniret
1363 649 1505 720 quod
1558 649 1918 720 comederetl
1949 649 2059 704 Hoc

495 724 643 778 enim
674 721 867 778 fuisset
891 720 1113 778 mirum,
1131 718 1273 778 si,ut
1301 718 1487 776 ludens
1514 719 1871 789 argutabatur
1896 719 2061 774 Arce-

495 792 692 858 silaus,
750 806 956 847 murem
1013 791 1259 846 calathus
1317 787 1660 846 comedisset.
1714 805 1734 840 ι
1784 787 1934 842 Illam
1995 792 2060 845 de

498 877 652 916 mure
679 861 1144 932 superstitionem,
1172 871 1333 929 atque
1363 859 1543 932 Bionis
1565 868 1621 914 et
1648 859 1926 932 Arcesilai
1940 875 2058 914 eam

497 934 549 985 in
606 929 1079 994 rem'dicterium,
1126 929 1574 998 quemadmodum
1641 929 1805 983 citata
1861 930 2058 986 ibidem

495 1017 526 1054 a
559 1001 838 1056 Clemente
870 1016 977 1056 non
1011 1000 1182 1056 solum
1236 1003 1302 1056 de
1333 1008 1488 1068 rupta
1522 998 1696 1053 dextri
1745 999 1898 1067 pedis
1933 1016 2060 1054 cor-

497 1072 632 1140 rigia
663 1071 943 1127 Menandri
973 1071 1236 1134 carmina,
1270 1085 1454 1124 verum
1485 1069 1648 1125 etiam
1685 1068 1916 1140 lepidam
1951 1071 2060 1124 Au-

497 1138 761 1211 tiphontis
791 1143 856 1196 de
886 1155 1024 1211 vana
1053 1140 1121 1194 ob
1141 1141 1426 1211 devoratos
1451 1155 1481 1193 a
1511 1154 1607 1194 sue
1629 1138 1897 1211 porcellos
1927 1156 2060 1210 prm-

495 1208 786 1281 sagitione,
820 1221 877 1266 et
924 1210 1174 1276 Diogenis
1224 1211 1289 1265 de
1340 1209 1559 1281 invento
1607 1225 1636 1261 a
1677 1208 1944 1281 quopiam
1981 1212 2059 1278 pi-

495 1278 662 1344 stiilo,
688 1296 718 1334 a
747 1290 998 1350 serpente
1028 1281 1288 1350 inigyrum
1317 1279 1673 1350 circumdato,
1699 1278 2059 1350 admiratione

497 1347 930 1414 irrisionem,’ac
966 1347 1176 1414 tandem
1209 1349 1341 1403 alios
1368 1348 1700 1403 Philemonis
1735 1349 1848 1402 haec
1889 1347 2059 1404 facete

495 1421 796 1476 deridentis
821 1413 1013 1474 versus
1038 1413 1418 1473 Theodoretus
1443 1418 1629 1472 retulit
1652 1419 1720 1470 ".
1750 1415 1863 1472 lluc
1901 1433 2058 1473 accc.

494 1493 598 1554 dit,
624 1490 767 1558 quod
787 1491 926 1558 apud
955 1491 1267 1543 Ciceronem
1296 1488 1523 1557 legimus
1549 1489 1594 1520 ³³
1625 1505 1638 1543 :
1680 1505 1699 1538 ι
1737 1485 1846 1540 Nos
1876 1499 2056 1543 autem

496 1560 571 1615 ita
601 1560 746 1615 leves
775 1571 936 1628 atque
966 1567 1021 1612 et
1046 1558 1428 1613 inconsiderati
1467 1574 1674 1620 sumus,
1708 1569 1766 1611 ut
1797 1559 1840 1612 si
1879 1575 2058 1612 mures

494 1631 794 1686 arroserint
841 1629 1041 1696 aliquid
1090 1643 1320 1697 quorum
1379 1637 1463 1684 est
1523 1644 1692 1698 opus,
1743 1628 1845 1683 hoc
1893 1644 2055 1682 umim

496 1711 797 1770 monstrum
825 1709 1094 1770 putemus.
1130 1718 1148 1749 ι

563 1771 608 1826 Δ
635 1768 792 1823 nobis
824 1767 1004 1823 autem
1035 1767 1266 1822 fortasse
1306 1781 1499 1836 posces
1535 1768 1658 1838 quis
1704 1767 1794 1822 ille
1841 1767 2052 1838 sit.ﬁqui

489 1839 810 1907 simpliciter
841 1853 871 1892 a
907 1839 1186 1894 Clemente
1222 1849 1414 1892 nostro
1457 1850 1513 1892 et
1552 1837 1896 1893 TilCOliOl‘ClO
1930 1837 2061 1894 Bion

490 1918 739 1976 vocatur,
771 1917 827 1964 et
873 1908 1030 1976 cujus
1071 1907 1319 1963 Clemens
1363 1909 1650 1962 dicterium
1697 1909 1786 1962 hic
1823 1917 1879 1961 et
1918 1908 2064 1966 aliud

492 1981 618 2034 alibi
656 1979 743 2033 his
783 1979 964 2033 verbis
1010 1980 1194 2033 retulit
1220 1979 1306 2032 3“:
1347 1996 1366 2030 ι
1403 1977 1530 2032 ΜΗιί
1562 1979 1772 2032 videtur
1807 1977 1940 2033 Bion
1976 1979 2062 2030 fa-

491 2061 610 2104 cete
646 2050 887 2120 dixisse_:
923 2049 1204 2112 Ouomodo
1244 2049 1491 2120 homines
1526 2047 1726 2120 prolem
1768 2047 2059 2102 formosam

493 2120 749 2188 petierint
782 2137 809 2172 a
840 2117 994 2184 Jove,
1023 2133 1184 2187 quam
1236 2120 1350 2188 ipse
1388 2119 1490 2172 sibi
1527 2117 1775 2188 praebere
1821 2132 1926 2171 non
1966 2134 2063 2186 po-

495 2187 636 2246 init?
671 2209 692 2243 ι
721 2191 1084 2254 Quamobrem
1119 2187 1562 2258 respondebimus
1608 2187 1856 2257 quamvis
1881 2189 2064 2258 plures

431 2310 442 2319 .
494 2277 596 2318 nec
654 2262 834 2314 ruimus
883 2275 1048 2328 quam
1109 2256 1356 2313 undecim
1406 2256 1591 2313 Bionis
1631 2256 1837 2312 nomen
1864 2256 1894 2324 ,7
1929 2267 2062 2313 teste

494 2333 712 2387 Laertio
753 2330 820 2394 ⁸⁷,
853 2329 1028 2384 sortiti
1081 2329 1301 2394 fuerint,
1346 2329 1449 2384 hoc
1490 2337 1668 2381 tmnen
1713 2328 1841 2381 nulli
1887 2329 2064 2394 aptius

492 2415 550 2460 et
577 2400 930 2456 verisimilius
968 2398 1128 2453 tribui
1174 2413 1353 2468 posse,
1401 2414 1562 2468 quam
1592 2397 1740 2451 Βίοιιί
1773 2397 2064 2468 Borysthe-

492 2475 613 2539 niti,
637 2486 798 2541 quem
824 2470 964 2524 idern
1000 2467 1248 2541 Laertius
1274 2467 1498 2541 deos’et
1534 2483 1690 2522 sacra
1712 2467 1895 2522 omnia
1931 2467 2061 2522 irri-

491 2549 633 2602 sisse
654 2539 1120 2610 aspernatumque
1146 2539 1312 2594 fuisse
1345 2539 1687 2610 testilieatur.

559 2614 636 2670 De
682 2606 997 2667 memoratis
1032 2606 1209 2678 'porro
1271 2609 1661 2676 superstitiosis
1717 2606 2062 2678 ridiculisque

494 2684 739 2756 auguriis
767 2691 821 2756 et
848 2676 1296 2756 praatliclion_i_btts
1321 2679 1497 2756 adlsis
1519 2676 1814 2756 'l_‘irar!nelli
1852 2678 1903 2730 in
1931 2683 2058 2756 Alt:-

495 2746 686 2810 xaudr.
723 2751 800 2806 ab
845 2746 1077 2806 Alexan.
1141 2749 1234 2804 lib.
1287 2763 1316 2801 ν
1365 2746 1576 2803 Genial.
1625 2749 1763 2802 dier.
1812 2764 1930 2816 cap.
1971 2748 2059 2814 l3,

493 2822 1017 2881 animadversiones.

560 2895 770 2950 Rursus
801 2907 1019 2961 quoque
1055 2905 1084 2944 a
1111 2888 1452 2961 Theodoreti)
1481 2887 1526 2920 ³⁸
1561 2888 1801 2961 inmetri
1830 2888 2057 2961 formam

490 2959 960 3035 descriptas—lunt:
990 2963 1155 3016 citata
1201 2959 1558 3035 a‘Clemente
1583 2959 1833 3035 Diogenis
1871 2959 2058 3035 Cynici

487 3029 730 3092 carmina
759 3032 828 3094 ”,
853 3031 1047 3102 quibus
1095 3031 1366 3102 concinne
1405 3029 1643 3102 exagitat
1666 3029 1958 3102 praefixum
1993 3029 2062 3102 ab

489 3105 737 3176 improbo
761 3099 1198 3176 aliqiioholuine
1227 3099 1608 3176 hanc_<_:uida_m
1647 3099 1835 3176 domui
1866 3101 2060 3176 inscri-

485 3168 724 3265 ptlopem
745 3191 778 3265 Is
810 3189 840 3255 ι⁸
855 3168 1098 3265 insignis
1150 3172 1328 3265 vichlor
1371 3168 1629 3265 IlercAuAles
1653 3169 2056 3265 .liic‘_habitat,
2085 3207 2129 3265 ο

485 3240 624 3300 nihil
652 3243 781 3300 mali
827 3242 1184 3313 ingrediatur.
1221 3240 1299 3313 Et
1330 3240 1621 3313 quomodo,
1653 3241 1846 3313 inquit,
1877 3240 2058 3313 ingre-

485 3315 664 3370 dietur
683 3308 936 3370 dominus
957 3311 1190 3367 mdium?
1219 3329 1237 3362 ι
1266 3310 1418 3376 Quod
1443 3319 1622 3364 autem
1649 3308 1903 3366 Clemens
1927 3308 2058 3363 sub-

483 3387 656 3441 nectit
685 3385 752 3440 de
785 3383 931 3452 ligno
963 3391 1026 3452 et
1047 3381 1223 3450 lapide
1250 3381 1456 3450 pingui,
1481 3394 1618 3452 quae
1641 3383 1832 3450 pagani
1864 3379 2056 3452 adora-

483 3457 637 3521 hant,
662 3454 798 3511 satis
825 3449 891 3509 in
939 3449 1165 3520 hujusce
1201 3449 1304 3506 loci
1343 3449 1567 3507 scholiis
1611 3449 1933 3507 illuétratum
1975 3449 2055 3502 in-

482 3539 740 3665 veiiitffi'ge
767 3595 946 3665 itaque
974 3589 1243 3665 difficilius
1259 3589 1396 3665 illud
1418 3598 1525 3665 est.
1548 3591 1691 3665 quod
1718 3589 1914 3665 ibidem
1943 3586 2058 3665 Cle-

486 3681 642 3721 mens
669 3657 784 3719 haec
823 3657 1046 3732 scripsit
1074 3664 1128 3716 in
1161 3664 1320 3714 verba
1345 3660 1392 3692 δ’
1419 3676 1434 3713 :
1470 3661 1632 3732 Ὀρᾷν
1667 3661 1798 3730 γοῦν
1838 3660 1951 3712 ἐστι
1987 3657 2058 3710 τὰ

2161 579 2415 650 νοὺμενα.
2445 581 2558 634 Οὐκ
2593 579 2667 634 ivi
2693 580 2749 632 δὲ
2795 579 2956 635 τοῦτο
2997 581 3226 649 ἐγίνετο.
3273 584 3322 636 el
3353 579 3705 650 ἡάνεὶζάμσανεν

2159 651 2231 704 τὰ
2263 649 2358 724 τοῦ
2403 650 2896 724 ῖτςερικαθαρθέντος
2936 652 3102 724 κακτιὶἶ
3140 671 3163 724 ς
3199 653 3396 724 Videre
3429 649 3570 724 certe
3599 653 3706 724 licet

2161 735 2262 775 ova
2297 723 2364 774 ab
2403 721 2506 784 his,
2535 736 2657 790 qua:
2679 721 3022 791 purgantur.
3057 723 3104 777 si
3140 721 3250 777 fota
3300 721 3528 787 fuerint,
3566 721 3706 775 viviﬁ-

2162 791 2298 844 cari.
2345 791 2506 859 Atqui
2561 791 2662 846 hoc
2703 806 3045 860 nequaquam
3090 792 3265 856 fleret,
3314 793 3359 846 si
3409 792 3527 857 eius
3569 792 3709 860 ipsius

2163 861 2304 932 quod
2345 869 2606 932 purgatur
2654 861 2792 915 mala
2847 863 3264 932 participarent.
3303 881 3322 913 ι
3356 862 3614 916 llervetus
3649 863 3707 914 si-

2161 931 2378 1000 quidem
2409 931 2652 984 dcclarat
2682 946 2740 984 se
2773 947 2875 984 non
2903 933 3180 1001 percipere
3213 933 3408 986 horum
3443 933 3704 986 verborum

2161 1015 2416 1059 sensum,
2459 1009 2512 1054 et
2559 1001 2932 1067 sagacioribus
2991 1001 3355 1068 indagandum
3404 1001 3706 1068 relinqu_ere.

2162 1071 2543 1140 Verumtamen
2574 1066 2696 1140 cum
2729 1071 2782 1123 in
2824 1069 3013 1125 Graeco
3057 1066 3199 1124 textu
3255 1072 3471 1140 legatur
3504 1072 3569 1125 τὰ
3597 1066 3708 1136 ὦτα,

2167 1158 2185 1190 ι
2223 1153 2404 1199 aures.
2447 1158 2465 1189 ι
2496 1139 2547 1192 in
2587 1137 2777 1193 Latina
2829 1149 3007 1194 tamen
3057 1137 3510 1210 interpretatione
3557 1143 3708 1196 reddi-

2162 1218 2276 1282 tum
2309 1217 2390 1282 est
2425 1224 2625 1282 _r_ov_a;
2662 1227 2682 1262 ι
2715 1211 2842 1278 quia
2882 1211 3022 1264 haud
3046 1210 3207 1282 dubie
3249 1212 3520 1280 putabant
3557 1211 3711 1282 legen-

2159 1276 2386 1350 dumﬁl
2411 1276 2513 1332 ὠά.
2551 1279 2618 1332 Et
2649 1276 2792 1350 recita
2835 1281 3052 1350 quidem
3091 1276 3306 1334 videtur
3339 1282 3458 1335 haec
3491 1276 3711 1335 emenda-

2161 1348 2254 1401 tio.
2285 1347 2420 1421 Quis
2451 1358 2632 1421 autem
2663 1349 2788 1404 inde
2811 1347 3004 1404 sensus
3029 1351 3269 1421 depromi
3298 1352 3497 1421 possit,
3519 1353 3561 1405 si
3590 1365 3710 1420 qlia:-

2160 1433 2271 1489 ras,
2306 1417 2401 1489 tibi
2443 1419 2677 1489 primum
2719 1420 3165 1489 respondebimus
3209 1417 3551 1475 Clementem
3584 1417 3710 1475 nobis

2159 1488 2331 1557 videri
2373 1487 2453 1540 ad
2485 1487 2615 1542 illud
2663 1487 2990 1554 respexisse,
3031 1490 3173 1557 quod
3208 1506 3238 1542 a
3275 1489 3522 1544 Luciano
3544 1490 3635 1544 ὠὸν
3658 1493 3709 1542 ὲκ

2159 1555 2481 1630 καθαρσίου,
2506 1568 2734 1613 vocatur
2752 1559 2819 1612 “.
2847 1555 3061 1628 Pagaui‘
3081 1560 3282 1627 quippe
3329 1559 3384 1613 in
3417 1561 3710 1630 expiationi-

2160 1627 2260 1682 bus
2291 1627 2401 1700 (ira?
2427 1637 2592 1700 atque
2619 1631 2781 1682 etiam
2810 1627 3069 1700 sulphur,
3088 1631 3279 1696 taedas,
3309 1627 3530 1700 aliaque
3566 1647 3592 1684 a
3611 1630 3712 1683 Cle-

2160 1707 2342 1752 mente
2373 1697 2570 1752 ibidem
2608 1709 2907 1753 memorata
2928 1699 3285 1754 adhibebant.
3311 1701 3392 1756 De
3421 1697 3539 1756 ovis
3558 1711 3710 1754 autern

2161 1766 2234 1820 ita
2267 1766 2544 1822 Iuvenalis
2573 1769 2772 1824 cecinit
2800 1769 2844 1802 δ’
2877 1788 2891 1824 :

2378 1837 2619 1892 .....Nisi
2641 1854 2695 1892 se
2718 1849 2924 1892 centum
2955 1839 3256 1893 lustraverit
3290 1841 3428 1896 ovis.

2168 1907 2242 1960 Dc
2271 1907 2534 1980 sulphure
2561 1919 2744 1962 autem
2771 1909 2911 1963 idem
2940 1919 3094 1980 poeta
3119 1908 3166 1941 ”
3195 1927 3208 1962 :

2275 1977 2723 2048 ........Cuperent
2758 1977 2995 2043 lustrari,
3024 1979 3071 2032 si
3097 1996 3203 2048 qua
3235 1980 3503 2034 darentur

2273 2047 2552 2117 Sulplmra’
2583 2065 2699 2101 cum
2731 2049 2902 2104 lazdis.

2423 2133 2556 2218 iero
2606 2119 2671 2172 de
2719 2129 2949 2189 utroque
2999 2135 3122 2175 cum
3168 2135 3277 2175 ovo
3323 2131 3440 2178 tum
3486 2121 3709 2192 sulphure

2235 2205 2242 2216 '
2275 2208 2286 2239 ι
2372 2232 2378 2239 .
2499 2207 2512 2240 2

2218 2189 2395 2240 vitlius
2423 2189 2468 2218 ⁸⁵
2499 2207 2512 2241 τ

2276 2258 2534 2332 Ιὲιέιειιὲςιι
2569 2274 2686 2325 qua:
2716 2258 2906 2332 lustret
2927 2277 3100 2332 anus,
3121 2260 3422 2327 lectumque
3451 2261 3706 2332 locumque,

2341 2324 2604 2400 Pija'ferat
2637 2338 2684 2380 et
2717 2330 2939 2383 tremula
2963 2331 3187 2400 sulphur
3206 2341 3258 2383 et
3289 2324 3388 2382 ora
3421 2347 3594 2384 manu.

2237 2398 2698 2469 Apuleiusautem
2750 2414 2854 2452 non
2899 2398 3072 2454 solum
3117 2401 3186 2455 de
3218 2414 3324 2454 ovo
3367 2409 3426 2454 et
3463 2400 3707 2469 sulphure,

2164 2470 2259 2523 sed
2288 2468 2448 2521 etiam
2485 2467 2551 2521 de
2587 2469 2740 2522 taedis
2772 2469 3106 2524 seu‘facibus
3130 2483 3444 2524 sermonem
3469 2467 3610 2536 fecit,
3635 2473 3708 2527 ubi

2165 2543 2234 2592 de
2293 2551 2430 2592 nave
2471 2539 2685 2606 expiata
2737 2538 2817 2591 sic
2865 2538 3114 2607 disputat
3153 2552 3165 2586 :
3203 2557 3221 2590 ι
3255 2538 3601 2603 Simulacris,
3643 2542 3709 2594 in-

2167 2609 2287 2675 quit
2325 2607 2390 2669 ",
2428 2607 2529 2660 rite
2568 2608 2882 2675 dispositis,
2935 2625 3127 2664 navem
3170 2610 3468 2663 faberrime
3521 2610 3709 2676 factam,

2166 2676 2396 2746 picturis
2449 2676 2603 2730 miris
2649 2675 3025 2751 Algyptiorum
3064 2681 3453 2751 circumsecus
3497 2682 3710 2751 variega-

2167 2757 2299 2809 tam,
2333 2761 2580 2801 summus
2613 2757 2868 2802 sacerdos
2901 2750 3033 2802 taeda
3063 2749 3266 2812 lucida,
3299 2758 3357 2802 et
3380 2764 3506 2814 ovo,
3537 2759 3588 2803 et
3614 2749 3708 2805 sul-

2162 2818 2357 2886 phurc,
2391 2817 3032 2888 solemnissimaspreccs
3057 2821 3124 2874 de
3155 2827 3314 2873 casto
3345 2819 3593 2888 prasfatus
3613 2837 3709 2884 ore.

2163 2903 2324 2954 «liram
2367 2887 2651 2955 purissime
2690 2887 3054 2953 purificatam,
3080 2890 3197 2942 deae
3222 2887 3558 2956 nuncupavit
3585 2893 3710 2946 dedi-

2162 2957 2434 3031 cavitque.
2470 2975 2488 3007 ι
2527 2957 2601 3009 Ex
2622 2957 2722 3031 _h_is
2751 2957 2928 3031 itaque
2957 2959 3037 3014 sic
3062 2958 3376 3031 obse_r_vatis
3405 2959 3524 3013 elici
3561 2969 3711 3031 potest

2162 3026 2253 3099 ille
2288 3025 2586 3099 verborum
2613 3025 2922 3099 Clementis
2953 3043 3164 3083 sensus.
3191 3025 3407 3099 Vanum
3457 3025 3709 3099 geniilium

2163 3097 2466 3169 lmininunl,
2499 3098 2592 3164 qui
2623 3095 2869 3169 sulphur,
2901 3097 3048 3153 faces
3071 3097 3264 3169 etralia
3295 3095 3496 3166 quibus
3528 3101 3709 3169 prasti-

2163 3168 2400 3235 giatores
2433 3167 2486 3219 in
2520 3166 2810 3219 immundis
2836 3168 3240 3234 expiationibus
3277 3166 3620 3232 adhibebant,
3652 3171 3706 3221 ti-

2165 3251 2377 3308 morem
2405 3237 2609 3308 idcirco
2626 3235 2754 3308 jure
2788 3240 2983 3292 merito
3005 3239 3196 3293 irridet
3227 3247 3284 3308 et
3313 3238 3578 3308 explodit;
3603 3239 3708 3308 quia

2163 3321 2264 3358 uva
2307 3306 2468 3360 etiam
2510 3307 2565 3359 in
2604 3306 2709 3360 illis
2747 3307 3150 3375 expiationibns
3196 3304 3469 3370 adhibita,
3525 3310 3568 3364 si
3619 3304 3710 3363 fota

2163 3375 2384 3439 fuerint,
2417 3377 2553 3429 fiunt
2586 3376 2845 3440 animata,
2877 3387 3040 3446 atque
3069 3392 3135 3431 ex
3175 3377 3245 3446 iis
3284 3379 3418 3444 pulli
3451 3379 3712 3432 exeludun-

2166 3456 2270 3500 tur.
2300 3447 2453 3512 Quod
2485 3455 2634 3500 certe
2670 3461 2772 3500 non
2802 3445 2977 3511 fieret,
3005 3448 3051 3502 si
3093 3445 3232 3500 mala
3273 3461 3396 3514 quae
3433 3446 3486 3498 in
3512 3448 3608 3502 illis
3631 3461 3712 3501 ue-

2163 3516 2320 3570 fariis
2356 3516 2756 3586 expiationibus
2800 3525 2856 3570 et
2892 3516 3308 3571 lustrationibus
3347 3519 3711 3585 perpetraban-

2163 3596 2274 3646 tur.
2303 3587 2369 3640 ad
2394 3587 2622 3655 ipsamet
2646 3601 2748 3640 ova
2797 3588 3116 3654 transirent,
3158 3586 3337 3655 iisque
3383 3586 3577 3655 polluta
3603 3601 3714 3643 con-

2167 3655 2536 3727 taminalaque
2567 3657 2742 3725 reipsa
2773 3656 2968 3711 forent.

1771 3865 2150 3956 CAPUT
2220 3867 2429 3958 XV.

1754 3997 1856 4059 De
1916 3997 2481 4078 philosophia.

924 4215 1088 4290 242
1129 4214 1521 4290 AllTICULUS
1555 4216 1594 4274 ι.

483 4286 672 4342 Utrum
727 4286 1024 4358 Christiani
1079 4286 1430 4358 philosophia:
1500 4286 1709 4341 studere
1785 4287 2052 4358 debeant,

694 4370 929 4412 utrumre
949 4357 1185 4412 Clemens
1208 4361 1410 4425 primus
1434 4358 1488 4410 id
1535 4357 1840 4411 asseruerit.

555 4428 794 4482 Dandam
825 4443 947 4482 esse
974 4428 1330 4496 philosophiae
1353 4442 1572 4496 operam
1605 4438 1658 4480 et
1684 4427 1749 4481 ad
1774 4442 1894 4482 eam
1929 4440 2054 4494 per-

427 4497 625 4552 .fecte
686 4501 1110 4566 comparandam
1177 4499 1402 4552 cuilibet
1467 4497 1786 4552 Christiano
1844 4497 2052 4550 homini

481 4566 671 4621 sedulo
702 4567 1121 4621 incumbendum
1151 4608 1168 4634 ,
1223 4567 1392 4622 variis
1435 4569 1710 4622 ratiooum
1763 4567 2053 4621 momentis

481 4637 890 4691 evidentissime
921 4637 1170 4692 Clemens
1204 4637 1562 4692 demonstrat.
1607 4636 1742 4702 Quia
1773 4651 1902 4690 vero
1949 4636 2051 4688 ali—

483 4707 576 4775 qui
633 4715 742 4760 tmn
793 4720 950 4760 secus
1001 4707 1349 4772 sentiebant,
1388 4723 1576 4760 eorum
1635 4707 1726 4760 ille
1765 4707 2058 4774 respondet

481 4774 716 4846 dlijectis
743 4777 1210 4846 [contrariasque
1243 4778 1525 4832 sententia-
1553 4793 1663 4830 sua:
1697 4786 2054 4846 argumenta-

485 4847 664 4901 tiones
693 4845 935 4900 infirmat
987 4855 1043 4900 et
1093 4845 1271 4900 diluit.
1341 4849 1530 4902 Status
1587 4845 1785 4900 autem
1832 4846 2056 4914 hujusce

483 4916 842 4984 quaestionis,
877 4930 998 4984 quae
1045 4914 1344 4970 Clementis
1389 4915 1558 4970 nostri
1608 4931 1723 4970 avo
1779 4931 1844 4970 eo
1883 4913 2054 4984 major

483 5001 605 5040 esse
636 4987 824 5040 debuit
854 4999 962 5053 quo
993 4986 1164 5052 inagis
1192 4986 1258 5040 de
1289 4987 1377 5040 illa
1409 4986 1753 5040 celeberrimi
1783 4985 2055 5041 Christia-

485 5072 570 5109 na:
617 5053 743 5126 fidei
793 5057 1108 5110 defensores
1141 5065 1196 5110 et
1234 5056 1484 5109 doctores
1527 5057 1905 5126 disceptabant
1932 5095 1947 5118 ,
1995 5064 2054 5107 ut

485 5127 556 5180 ab
599 5125 851 5180 omnibus
887 5136 1035 5180 recte
1075 5126 1427 5194 percipiatur,
1459 5125 1719 5181 accurate
1747 5127 2051 5180 observan-

485 5196 613 5266 dum
637 5204 763 5262 est,
799 5194 930 5266 quid
982 5205 1178 5266 auctori
1209 5206 1395 5250 noster
1435 5196 1792 5266 philosophia:
1836 5194 2055 5266 nomine

486 5264 773 5334 intelligat.
804 5264 876 5320 At
905 5265 960 5319 id
982 5279 1104 5318 cum
1133 5265 1334 5320 clarius
1361 5281 1524 5333 quam
1559 5264 1844 5334 ipsiusmet
1870 5264 2055 5334 verbis

485 5333 742 5404 explicari
772 5349 877 5390 non
909 5335 1086 5404 possit
1105 5373 1122 5400 ,
1152 5336 1274 5388 audi
1295 5371 1312 5398 ,
1336 5349 1520 5404 quatso
1546 5375 1563 5400 ,
1585 5333 1869 5404 quomodo
1892 5347 1956 5387 ea
1986 5333 2054 5404 de

486 5417 547 5458 re
557 5402 806 5460 iacntem
827 5402 1042 5474 aperiat
1068 5417 1224 5458 suam
1245 5421 1261 5457 :
1292 5422 1312 5456 ι
1333 5402 1762 5475 PhilosOphiam,
1786 5404 1959 5474 inquit
1982 5402 2050 5469 “,

557 5603 606 5636 ⁸³
630 5606 760 5662 ibid.
861 5607 910 5641 “
935 5609 1012 5665 De
1037 5607 1212 5663 Graec.
1244 5607 1421 5663 affect.
1467 5619 1668 5672 curat.,
1699 5623 1719 5664 ε

495 5674 557 5728 1d
580 5685 845 5748 Agentqlp.
878 5677 971 5733 57.
1044 5677 1088 5710 ³⁷
1122 5679 1159 5731 Ι.
1192 5679 1334 5748 lviii
1387 5678 1544 5737 Bion.
1577 5678 1719 5732 Vita.

491 5759 547 5821 ,ιτ
573 5746 690 5798 114.
766 5746 814 5821 ⁸-³
835 5749 1015 5821 Satyr.
1053 5763 1126 5811 vi,
1163 5747 1368 5821 v._5l7.
1446 5749 1705 5821 item”.
1732 5764 1795 5821 lt,
1821 5763 1874 5821 _v.
1911 5749 2034 5821 152.

496 5817 636 5868 circa
669 5818 816 5872 med.
889 5817 1174 5871 “Strom.
1212 5818 1248 5871 Ι.
1284 5833 1322 5884 ι,
1361 5834 1412 5888 p.
1451 5819 1573 5874 288.
1626 5817 1694 5850 7"
1722 5819 1856 5875 ibid.
1889 5834 1939 5888 p.
1983 5818 2109 5873 515.

861 5607 910 5641 ³⁵
935 5609 1012 5665 De
1037 5607 1212 5663 Graec.
1244 5607 1421 5663 affect.
1467 5619 1668 5672 curat.,
1699 5623 1866 5664 serm.
1897 5605 1952 5673 6,
1982 5623 2035 5678 p.
2076 5605 2180 5662 565
2221 5621 2281 5664 et
2329 5624 2445 5680 seq.

878 5677 971 5733 '57.
1044 5677 1088 5710 "
1122 5679 1159 5731 l.
1192 5693 1245 5732 iv
1280 5679 1334 5732 in
1387 5678 1544 5733 Bion.
1577 5678 1719 5732 Vita.
1799 5677 1843 5709 ³⁸
1877 5679 1983 5732 loc.
2016 5679 2111 5733 cit.
2207 5677 2255 5708 ²⁹
2288 5679 2445 5733 Strou

2111 5747 2157 5779 ιδ
2188 5747 2278 5821 Bc
2315 5759 2420 5803 art.
2469 5758 2666 5821 amal.,
2693 5747 2748 5821 ti,
2788 5749 2911 5818 329,
2945 5750 3050 5805 550
3074 5787 3090 5805 .

2091 4222 2140 4280 ι)
2167 4232 2273 4271 non
2299 4217 2425 4271 dico
2455 4215 2716 4282 Stoicam,
2747 4233 2848 4273 nec
2871 4217 3209 4273 Platonicam
3233 4257 3249 4280 ,
3277 4226 3376 4272 aut
3398 4215 3712 4286 Epicuream.

2163 4297 2259 4340 aut
2293 4287 2696 4358 Aristotelicam
2726 4327 2744 4354 ,
2797 4289 2897 4343 sed
2943 4301 3301 4358 quaecunque
3327 4288 3398 4342 ab
3443 4285 3530 4342 his
3568 4285 3713 4358 sectis

2165 4365 2315 4427 recte
2362 4357 2506 4411 dicta
2553 4367 2682 4412 sunt
2713 4396 2729 4422 ,
2775 4373 2897 4427 quae
2945 4356 3144 4413 docent
3171 4357 3448 4426 justitiam
3481 4371 3598 4412 cum
3642 4356 3714 4422 pia

2163 4426 2390 4480 scientia
2415 4466 2430 4489 ,
2463 4427 2567 4481 hoc
2603 4426 3087 4484 totum’selectum
3131 4427 3260 4482 dico
3298 4427 3710 4497 philosOphiam;

2162 4510 2504 4570 quascunque
2539 4507 2718 4551 autem
2752 4498 3286 4570 humanisseparata
3301 4495 3713 4570 cogitationibus

2162 4565 2559 4629 adulterarum,
2587 4580 2650 4620 ea
2678 4583 2950 4636 nunquam
2978 4565 3163 4622 divina
3191 4565 3449 4623 dixerim.
3481 4585 3501 4618 ι
3539 4566 3713 4620 Postea

2161 4650 2292 4691 vero
2321 4636 2692 4691 disertissimis
2720 4637 2809 4692 ille
2838 4637 3020 4692 verbis
3043 4653 3146 4693 nos
3167 4637 3433 4692 admonet
3454 4637 3521 4701 ⁸⁷,
3548 4649 3605 4690 se
3623 4648 3715 4687 non

2160 4703 2530 4773 quorumlibet
2565 4705 2909 4762 ethnicorum
2959 4708 3236 4763 hominum
3285 4707 3575 4761 admittere
3612 4705 3716 4773 phie

2162 4772 2490 4844 losophiam,
2522 4775 2615 4830 sed
2649 4789 2836 4830 eorum
2871 4777 3252 4832 tantummodo
3285 4793 3304 4827 ‹
3332 4778 3450 4844 qui,
3477 4785 3561 4829 rut
3592 4772 3713 4841 apud

2162 4845 2443 4916 Platonem
2469 4846 2608 4899 dixit
2635 4845 2921 4916 Socrates,
2944 4865 2963 4898 ι
2996 4856 3142 4901 recte
3164 4847 3532 4916 philosophati
3549 4852 3711 4916 sunt.»

2163 4914 2375 4968 Rursus
2417 4923 2596 4969 autem
2629 4917 2789 4971 alibi:
2833 4933 2853 4967 ‹
2886 4913 3346 4982 Fundamentum,
3382 4913 3552 4985 inquit
3576 4913 3637 4973 ⁵⁸,
3667 4920 3715 4963 ut

2161 4985 2290 5038 olim
2321 4985 2721 5056 adoptavimus,
2755 5001 2858 5040 non
2892 4987 3124 5041 dicimus
3153 5000 3276 5040 eam
3300 5025 3316 5051 ,
3348 5001 3473 5056 quae
3509 4987 3558 5038 in
3599 4995 3716 5056 una:

2157 5068 2388 5124 quaque,
2421 5054 2614 5110 haeresi
2648 5057 2944 5123 suscipitur
2968 5095 2983 5120 ,
3016 5059 3141 5111 vitae
3170 5049 3571 5112 iusti-talionem
3591 5091 3608 5117 ,
3633 5049 3714 5104 sed

2159 5123 2212 5194 id
2244 5123 2391 5192 quod
2422 5137 2550 5179 vere
2579 5134 2667 5179 est
2694 5124 3035 5194 philosOphia
3056 5165 3073 5191 ,
3105 5141 3234 5182 vere
3263 5125 3609 5180 artificiosam
3637 5134 3715 5174 sa-

2158 5193 2464 5266 pientiam,
2522 5209 2642 5266 qua:
2693 5193 3336 5266 praebetexperientiam
3393 5209 3577 5251 eorum
3611 5202 3714 5266 qua

2158 5261 2290 5332 sinit
2324 5263 2376 5317 in
2409 5261 2554 5318 vita.
2575 5261 2909 5332 Sapientiam
2951 5261 3133 5320 autem
3166 5265 3396 5322 solidam
3435 5276 3609 5320 rerum
3643 5261 3714 5310 di-

2157 5331 2409 5406 vinarum
2430 5343 2486 5387 et
2508 5331 2864 5406 humanarum
2888 5336 3280 5406 cognitionem,
3306 5335 3517 5390 firmam
3544 5342 3713 5400 quain-

2159 5403 2286 5457 dam
2316 5412 2372 5458 et
2400 5403 2649 5459 stabilem
2677 5444 2693 5470 ,
2725 5416 2781 5460 et
2808 5421 2930 5476 qua:
2959 5403 3067 5461 non
3097 5415 3278 5477 potest
3309 5406 3558 5461 excidere
3582 5411 3714 5456 ωιιιο

2550 5606 2595 5640 ³⁸
2627 5607 2665 5662 1.
2703 5625 2742 5664 ιι
2777 5611 2853 5665 De
2876 5608 3074 5673 divin.,
3107 5622 3163 5678 p.
3190 5607 3319 5664 387.
3375 5677 3393 5678 ί
3422 5603 3707 5678 “Admon-

2207 5677 2255 5708 ³⁹
2288 5672 2492 5734 διτόιιι.
2521 5677 2557 5731 Ι.
2584 5693 2680 5745 vn,
2712 5697 2766 5750 p.
2793 5680 2914 5734 715.
2991 5679 3036 5710 ⁸ο
3061 5672 3198 5735 ibid.
3297 5678 3341 5711 “
3371 5677 3504 5733 Dial.
3541 5672 3704 5736 Dios»

2207 5747 2264 5789 ὶμ
2315 5759 2418 5789 nrt.
2470 5758 2613 5789 amnt
2653 5788 2660 5789 ,
2693 5765 2728 5789 ιι
2788 5749 2889 5789 xeo
2945 5750 3050 5789 tuo
3077 5787 3086 5789 _
3167 5749 3216 5781 δι
3245 5747 3262 5789 1
3313 5764 3349 5789 ιι
3378 5740 3701 5789 Μριιιιιιοηιῢ.

2188 5747 2264 5800 De
2315 5759 2420 5803 art.
2469 5758 2666 5814 amat.,
2693 5747 2748 5821 ti,
2788 5749 2911 5818 529,
2945 5750 3090 5805 550.
3167 5749 3216 5781 “
3245 5747 3284 5805 l.
3311 5764 3351 5805 ιι
3373 5747 3701 5808 Μειιιωοτριιο

2187 5817 2233 5848 "
2265 5819 2306 5875 l.
2344 5835 2417 5888 vt,
2445 5834 2500 5890 p.
2528 5818 2652 5874 642.
