3840 6524
171 323 300 382 1293

168 512 568 585 Theophrastus
598 534 620 568 ο
659 516 708 569 in
734 513 869 568 libro
901 512 977 568 De
1012 517 1186 568 causis
1215 518 1545 570 naturalibus
1574 517 1726 569 faba-

169 601 281 639 rum
310 585 544 654 siliquas
579 587 623 641 si
659 585 1034 655 ponanturgad
1078 585 1287 655 radices
1313 588 1562 640 arborum
1613 602 1732 655 qua:

167 669 326 722 nuper
367 653 496 710 sunt
537 655 828 724 plantatae,
879 653 1048 708 refert
1093 654 1306 724 plantas
1345 653 1645 711 exsiccare.
1704 675 1723 707 ι

166 725 346 780 Varias
371 725 594 794 quidem
621 725 710 778 alii
735 726 1026 793 scriptores
1057 725 1123 778 de
1158 725 1244 779 illa
1273 725 1519 780 fabarum
1558 727 1729 780 inter-

165 795 393 865 dictione
422 811 626 850 causas
652 794 952 865 reddidere,
981 805 1144 865 atque
1171 796 1222 850 in
1255 798 1444 865 primis
1485 795 1730 850 Laertius

163 863 289 935 libro
305 881 421 926 viti,
442 867 496 917 in
516 866 624 918 vita
654 864 986 935 Pythagorze,
1015 863 1042 935 ᾗ
1069 866 1151 929 19,
1175 867 1246 920 21
1259 863 1315 921 et
1341 867 1429 932 54,
1456 868 1578 920 etin
1612 869 1727 922 lucc

162 933 267 1004 loca
295 935 602 1004 Menagius,
633 933 843 1003 aliique
864 933 1060 990 Laertii
1095 941 1451 1004 interpretes;
1490 951 1588 991 nec
1621 954 1726 991 non

162 1003 566 1076 Ciceroilibroi
600 1005 676 1058 De
704 1005 950 1072 divinat.,
1001 1007 1179 1076 pagin.
1225 1003 1352 1071 266,
1389 1019 1444 1060 et
1486 1006 1624 1061 libro
1663 1023 1722 1073 ιι,

163 1089 279 1144 pag.
303 1075 446 1140 297;
504 1077 714 1130 Plinius
763 1076 900 1128 libro
946 1075 1092 1129 xvnt
1122 1077 1329 1130 liistor.
1378 1088 1580 1143 natur.,
1631 1094 1724 1131 ca-

160 1146 262 1216 pite
289 1145 383 1216 12;
417 1147 746 1200 Plutarchus
777 1146 913 1216 libro
948 1145 1024 1198 De
1045 1149 1253 1205 educat.
1277 1165 1511 1216 pueror.,
1545 1166 1594 1216 p.
1624 1148 1722 1213 1‘2;

161 1213 257 1267 Lil.
304 1215 582 1288 Gyraldus
627 1216 702 1288 De
762 1214 1049 1288 Pytt'iagor.
1081 1213 1325 1287 symbol),
1369 1233 1489 1288 pag.
1532 1213 1637 1273 475
1674 1230 1728 1273 et

158 1300 322 1358 seqq”
355 1287 570 1340 Erasm.
603 1287 794 1355 Adag.,
823 1287 1039 1358 chil.r1,
1078 1299 1286 1341 centur.
1323 1287 1379 1349 1,
1406 1287 1525 1358 pag.
1565 1289 1650 1342 15.

225 1356 414 1410 Obiter
434 1372 605 1423 porro
627 1358 854 1410 observa
888 1357 1138 1425 quintum
1179 1375 1204 1410 a
1242 1356 1527 1412 Clemente
1565 1361 1722 1414 citari

158 1425 512 1495 Theophrasti
549 1427 744 1480 librum
782 1425 890 1480 τῶν
919 1426 1197 1482 Φυσικῶν
1227 1428 1450 1490 αἰτίων,
1485 1428 1556 1482 De
1601 1447 1727 1483 cau-

155 1499 218 1548 sis
273 1498 647 1570 nat_ural_ib_us,
703 1512 810 1570 quo
865 1499 1080 1570 quidem
1132 1499 1320 1570 eodem
1387 1500 1541 1570 titulo
1584 1502 1721 1570 Περὶ

154 1566 424 1635 φυσικῶν
440 1567 666 1629 αἰτίων,
710 1567 792 1621 vel
837 1567 977 1635 Περὶ
1011 1567 1289 1636 φυσικῶν
1321 1569 1616 1638 ἱστοριῶν,
1650 1566 1724 1625 De

156 1639 486 1690 naturalibus
535 1638 738 1700 causis,
792 1639 873 1691 vel
927 1639 1159 1692 historiis
1214 1655 1242 1692 a
1284 1638 1499 1694 Laertio
1535 1642 1723 1695 lauda-

157 1717 239 1760 tur
279 1708 357 1780 “5
428 1708 530 1780 sed
576 1707 629 1780 in
671 1708 788 1776 ejus
838 1708 1097 1780 scholiisd
1125 1709 1572 1764 animadvertitur
1627 1727 1722 1780 pro

153 1777 391 1845 φυσικῶν
428 1777 720 1846 legendum
753 1793 872 1832 esse
899 1777 1161 1847 φυτικῶν,
1205 1785 1305 1834 hoc
1323 1791 1424 1845 est,
1452 1799 1470 1832 ι
1509 1783 1573 1834 de
1598 1777 1724 1836 stir—

152 1849 287 1915 pium
321 1850 531 1908 causis,
570 1849 655 1902 vel
682 1849 940 1902 historiis.
981 1869 998 1900 ι
1033 1848 1146 1904 Nec
1178 1851 1321 1903 mala
1362 1866 1494 1904 sane
1521 1862 1603 1905 est
1632 1853 1724 1906 illa

151 1919 476 1972 emendatio.
515 1917 650 1972 Nam
681 1919 793 1989 haec
819 1930 899 1972 est
926 1919 1071 1973 illius
1094 1919 1216 1973 libri
1245 1921 1382 1989 apud
1403 1922 1723 1976 Athenaeum

151 1989 192 2021 ”
236 1989 541 2060 inscriptio
576 1998 631 2043 et
664 1988 850 2043 titulus
874 1991 930 2042 ὲν
951 1991 1172 2054 Αἰτίοις
1210 1988 1558 2058 φύτικοῒςει
1590 1993 1725 2060 Περὶ

147 2056 363 2125 φυὲῶν,
411 2059 491 2111 De
520 2059 826 2127 plantarum
857 2066 1051 2123 causis,
1083 2071 1136 2114 et
1165 2056 1238 2114 De
1265 2056 1482 2128 plantis.
1516 2056 1726 2117 Videsis

148 2128 369 2198 Menagii
434 2129 490 2182 in
541 2129 768 2182 citatum
821 2130 1020 2184 Laertii
1076 2130 1251 2184 locum
1317 2133 1724 2188 adnotationes.

151 2197 375 2254 Exstant
402 2201 707 2253 etiamnum
739 2199 925 2254 Graece
963 2208 1017 2254 et
1037 2199 1226 2254 Latine
1247 2202 1394 2255 edita
1421 2205 1525 2257 duo
1551 2204 1726 2256 Theo-

146 2271 349 2337 phrasti
390 2271 826 2337 commentaria,
871 2287 1102 2340 quorum
1163 2273 1312 2338 prius
1363 2271 1440 2326 De
1501 2275 1724 2328 historia

143 2339 472 2462 planéarum,
500 2341 772 2409 posterius
809 2339 938 2396 vero
979 2341 1056 2394 De
1094 2341 1266 2396 causis
1301 2342 1606 2410 plantarum
1645 2347 1725 2396 in-

144 2422 240 2462 scri
287 2418 417 2462 itur.

144 2411 417 2464 scribitur.

207 2479 380 2534 Porro
406 2489 608 2553 autem,
637 2481 850 2536 etiamsi
884 2490 964 2536 tot
997 2483 1186 2536 eximii
1228 2485 1524 2553 scriptores
1564 2483 1719 2537 faba-

147 2565 257 2602 rum
318 2567 486 2604 usum
523 2567 554 2606 a
594 2552 898 2622 Pythagora
937 2553 1161 2606 vetitum
1204 2552 1372 2608 fuisse
1407 2568 1724 2608 constanter

151 2630 491 2685 asseverent,
546 2625 714 2676 Aulus
764 2636 942 2676 tamen
981 2624 1190 2678 Gellius
1229 2627 1370 2677 haud
1411 2627 1723 2680 dubitanter

143 2689 379 2762 affirmat
413 2692 636 2761 penitus
671 2693 860 2745 falsam
894 2708 1014 2746 eSse
1038 2707 1276 2748 veterem
1328 2697 1471 2747 illam
1506 2705 1558 2748 et
1597 2711 1722 2762 per-

142 2761 410 2833 vulgatam
442 2765 508 2817 dc
542 2766 645 2816 hoc
674 2763 1034 2832 Pythagorico
1058 2763 1348 2818 interdicto
1378 2761 1711 2833 opinionem.

143 2829 204 2907 Et
225 2829 351 2907 vero
385 2850 404 2882 ι
435 2829 798 2907 Αιίδιοιιβιῐιις
821 2829 1061 2907 musicus
1095 2834 1273 2907 (Gellii
1301 2829 1459 2890 verba
1486 2836 1716 2905 sunt”),

141 2902 222 2974 vir
260 2902 577 2956 litterarum
617 2902 1113 2973 diligentissimusf
1139 2907 1448 2960 Aristotelis
1481 2902 1719 2974 philoso—

138 2972 512 3046 phiauditor,
559 2976 610 3026 in
667 2972 808 3026 libro
837 2989 996 3046 quem
1037 2978 1104 3030 de
1133 2975 1438 3046 Pythagora
1475 2972 1714 3045 reliquit,

137 3042 278 3096 nullo
325 3044 534 3111 sapius
596 3046 902 3114 legumento
954 3042 1330 3115 Pythagoram'
1373 3047 1506 3100 dicit
1561 3042 1714 3100 usum

137 3115 504 3192 quam‘fabis;
539 3118 795 3192 quoniam
851 3115 896 3167 is
929 3117 1086 3192 gibus
1127 3129 1180 3169 et
1229 3118 1554 3192 subtlltceret
1594 3133 1720 3192 seu~
1747 3133 1788 3189 ο
1828 3115 2056 3192 mologia
2096 3141 2110 3176 :

135 3188 232 3235 sim
266 3185 454 3237 alvum
481 3195 534 3237 et
557 3185 838 3252 levigaret.
875 3203 894 3234 ι
929 3184 1087 3239 Putat
1117 3197 1297 3239 autem
1349 3187 1557 3241 Gellius
1590 3190 1714 3241 Ari-

141 3263 432 3327 stoxenum
459 3256 509 3307 id
528 3255 786 3309 didicisse
807 3254 1150 3327 aXenophilo
1172 3258 1531 3327 Pythagorico
1554 3271 1606 3311 et
1631 3260 1714 3312 fa-

137 3323 331 3395 miliari
363 3341 485 3386 suo,
512 3336 680 3395 atque
714 3327 779 3378 ab
807 3325 929 3380 aliis
961 3323 1286 3395 quibusdam
1327 3323 1416 3394 qui
1452 3330 1520 3382 ab
1554 3340 1714 3383 relate

134 3390 458 3468 Pythagora:
490 3390 630 3448 haud
665 3395 888 3448 multum
930 3390 1178 3468 aberant.
1209 3390 1392 3450 Erroi‘i
1425 3415 1589 3468 porro
1619 3415 1714 3453 oc—

132 3466 412 3539 casionem
464 3469 761 3539 praebuisse
798 3469 1019 3519 verbum
1052 3467 1288 3538 κύαμον,
1332 3466 1474 3535 quad
1511 3470 1713 3539 Empe-

133 3535 315 3608 docles
372 3534 701 3606 Pythagorae
745 3545 984 3590 sectator
1036 3534 1307 3603 adhibuit,
1351 3534 1410 3592 et
1454 3554 1560 3608 quo
1606 3534 1712 3594 non

132 3609 195 3677 ab
249 3607 485 3660 edendis
533 3608 711 3670 fabis,
770 3623 788 3656 ι
837 3609 930 3660 sed
991 3622 1021 3660 a
1079 3611 1154 3660 rei
1209 3607 1711 3677 Venerete’prollu-

132 3676 214 3726 vio
251 3694 272 3726 ι
302 3678 482 3730 voluit
510 3677 758 3730 homines
791 3677 1082 3732 deducere.
1129 3677 1322 3733 Utrum
1365 3676 1546 3733 autem
1582 3682 1710 3736 illud

131 3746 452 3818 Aristoxeni
523 3747 890 3799 testimonium
957 3757 1036 3802 tot
1103 3751 1333 3804 aliorqu
1382 3752 1710 3818 scriptorum

130 3817 452 3890 auctoritati
507 3819 928 3887 prieponderare
995 3821 1212 3885 debeat,
1268 3817 1516 3890 judicent
1571 3825 1711 3890 aequi

127 3888 356 3957 verique
396 3903 579 3941 rerum
607 3890 986 3945 aistimatores.

195 3959 315 4012 Non
372 3959 609 4012 absimili
660 3962 822 4013 etiam
875 3963 1034 4014 modo
1086 3960 1338 4030 quamvis
1363 3960 1646 4015 .Clemens
1667 3961 1710 3992 ³¹

127 4031 329 4085 dixerit
371 4031 736 4102 Pythagoram
783 4031 1007 4099 ejusque
1043 4033 1319 4095 assoclas,
1347 4031 1480 4085 falsa
1519 4033 1583 4084 de
1619 4049 1715 4102 με-

125 4101 482 4174 τεμψυχώσει
525 4103 799 4156 sententia
841 4105 1066 4174 ductos,
1113 4105 1182 4155 ab
1225 4105 1453 4174 edendis
1497 4103 1709 4154 anima-

127 4172 254 4225 lium
300 4172 568 4228 carnibus
615 4174 981 4239 abstinuisse;
1022 4173 1278 4227 Laertius
1327 4172 1371 4202 ³³
1408 4183 1588 4225 tamen
1635 4185 1714 4226 te-

126 4257 264 4297 stem
288 4258 512 4314 quoque
530 4243 662 4296 citat
691 4246 1362 4308 eumdemAristoxenum,
1389 4245 1483 4312 qui
1513 4255 1710 4297 cuncta

125 4317 439 4369 animantia
474 4318 610 4368 bove
639 4324 856 4368 aratore
902 4326 956 4367 et
987 4319 1161 4369 ariete
1203 4323 1470 4382 exceptis,
1498 4315 1565 4366 ab
1598 4314 1714 4381 ipso

124 4382 436 4454 Pythagora
481 4384 734 4438 ninnibus
783 4388 1047 4453 permissa
1094 4385 1352 4439 asseruit.
1421 4383 1713 4454 Athenaeus

125 4453 307 4546 vieto:
344 4475 366 4537 ς
412 4454 780 4546 Pythagoram
821 4457 888 4510 ab
927 4455 1210 4546 animatis,
1263 4455 1444 4546 il'l‘qu.“
1478 4453 1544 4518 ³³,
1600 4470 1704 4506 ιιοιι
1741 4493 1784 4546 D

127 4526 465 4591 abstinuisse
531 4529 892 4580 Aristoxenus
943 4529 1129 4580 tradit.
1199 4544 1218 4576 ι
1290 4525 1488 4578 Eadem
1541 4535 1707 4591 atque

125 4590 401 4656 Laertius,
431 4596 523 4648 sed
559 4596 705 4648 nullo
741 4607 960 4651 auctore
1005 4597 1242 4658 laudato,
1282 4593 1479 4648 Suidas
1513 4590 1708 4647 narra-

122 4667 198 4716 vit
226 4664 296 4718 “.
329 4665 492 4718 Prius
522 4676 705 4718 tamen
735 4666 822 4718 ille
850 4669 1154 4732 scripserat
1184 4667 1550 4735 Pythagoram
1596 4667 1708 4730 pri-

123 4739 272 4788 mimt
323 4745 605 4789 auctorem
662 4737 828 4789 fuisse
875 4747 933 4788 ιιι
982 4741 1232 4790 hoinines
1273 4751 1302 4786 a
1348 4736 1486 4787 fabis
1509 4744 1562 4786 et
1592 4738 1711 4785 aui-

123 4816 405 4858 matorum
469 4807 729 4859 carnibus
776 4808 1002 4860 edendis
1047 4809 1412 4861 abstinerent.
1461 4806 1712 4868 Quinimu

121 4872 452 4928 Plutarchus
469 4876 510 4905 ⁸⁸
538 4877 604 4927 de
648 4878 750 4930 hac
774 4877 1090 4946 Pythagorae
1109 4876 1434 4931 abstinentia
1455 4884 1712 4946 tauquam

121 4957 272 4998 certa
333 4955 389 4997 et
435 4947 658 4999 minime
710 4945 874 5001 dubia
937 4958 1178 5001 rationes
1227 4947 1429 4999 attulit.
1481 4947 1550 4996 At
1596 4945 1711 4997 haec

121 5017 447 5085 opinionum
493 5017 730 5070 varietas
768 5034 872 5071 non
915 5018 1138 5071 aliunde
1173 5019 1363 5086 procul
1403 5015 1565 5068 dubio
1590 5027 1710 5067 orta

122 5098 206 5140 est
237 5102 404 5154 quam
455 5100 519 5139 ex
573 5090 736 5139 variis
785 5087 1014 5140 forsitan
1058 5091 1323 5154 falsisque
1381 5087 1709 5147 rumoribus,

121 5158 206 5210 vel
253 5157 489 5210 diversis
540 5157 765 5222 hujusce
809 5159 1116 5227 philosophi
1167 5162 1291 5211 vita:
1328 5157 1711 5224 Scriptoribus,

118 5228 215 5297 qui
257 5227 420 5292 falsa,
475 5239 534 5283 ut
581 5228 749 5282 moris
789 5239 896 5292 est,
959 5233 1216 5297 opinione
1278 5229 1500 5290 imbuti,
1562 5241 1711 5279 Varia

201 5409 254 5444 ³⁸
278 5412 317 5464 Ι.
349 5423 380 5461 v
422 5409 476 5464 in
507 5407 756 5478 Theopli.
784 5410 914 5472 vita,
940 5407 1077 5480 με.

114 5483 160 5517 ³⁸
193 5484 405 5537 Strom.
446 5482 538 5535 lib.
579 5495 675 5534 vn.
707 5496 829 5549 pag,
857 5480 977 5533 717.

112 5552 617 5626 Πυθαγόρειςεψ⁸1⁵
651 5553 800 5626 1.Α1)ε
826 5565 924 5626 esu
963 5566 1151 5626 carm,
1176 5567 1228 5619 p.
1256 5552 1391 5626 995,
1422 5559 1478 5605 et
1521 5563 1640 5618 seq.

113 5628 210 5680 lib.
244 5622 426 5689 νιιζρ.
460 5622 587 5689 ιιι.
665 5622 840 5689 "loc.
876 5625 973 5676 cit.

114 5704 241 5760 pag.
272 5686 396 5744 405.
474 5689 522 5719 ⁸⁸
553 5687 595 5740 1.
630 5701 691 5748 ιι,
721 5686 812 5760 De,
829 5703 889 5742 re
935 5692 1158 5750 rustica,
1200 5706 1251 5745 c.
1299 5692 1352 5754 4,

115 5757 321 5830 Hister.
362 5766 571 5822 natur.,
607 5771 726 5826 cap.
756 5759 844 5830 51,
869 5774 988 5830 pag.
1015 5762 1142 5815 237.

115 5828 163 5860 “
194 5830 286 5885 lib.
325 5847 377 5888 tv
410 5830 489 5884 De
518 5843 648 5883 vera
684 5828 966 5897 sapientia,
1003 5846 1122 5900 cap.
1158 5829 1227 5886 17.

1381 5708 1434 5762 p.
1469 5691 1556 5745 84.

1366 328 1453 382 DE
1491 327 1714 384 LlBRlS
1732 322 2210 383 'STROMATUM.

168 445 276 498 dem
323 443 690 514 Theophrasti
738 444 1064 514 testimonio
1113 444 1192 499 sic
1237 445 1328 500 ille
1383 447 1678 500 confirmat
1711 462 1726 499 :
1759 451 1804 507 Α
1833 445 1885 514 2

1161 5408 1205 5441 ³⁵
1230 5409 1267 5463 1.
1298 5425 1336 5464 ιι
1385 5405 1776 5476 Deipnosoph.,
1809 5419 1861 5474 p.
1895 5405 1986 5469 55,
2023 5415 2079 5460 et
2120 5406 2156 5458 l.
2190 5421 2272 5468 ιιι,

1081 5479 1128 5511 ³³
1159 5479 1252 5537 lib.
1283 5496 1376 5534 vut
1412 5483 1466 5533 in
1497 5480 1606 5532 vita
1645 5476 1715 5546 Py

1081 5570 1144 5614 i.,
1176 5567 1228 5614 p.
1256 5552 1383 5614 995,
1422 5559 1478 5605 et
1521 5563 1640 5614 seq.

1832 5521 1833 5529 χ
1886 5477 1913 5548 §
1960 5476 2049 5530 20.
2126 5476 2170 5507 ³³
2198 5479 2235 5530 1.
2272 5492 2300 5528 x
2330 5479 2541 5541 Deiptr,
2579 5489 2630 5541 p.
2666 5476 2790 5528 418.
2865 5476 2912 5505 ³⁸
2941 5477 3033 5527 Sui

1832 5587 1839 5602 .
1882 5564 1950 5601 xv
2001 5547 2386 5614 Metaruorplu,
2422 5549 2531 5598 tali.
2568 5549 2622 5608 2,
2655 5561 2704 5596 v.
2759 5543 2828 5597 75
2879 5558 3034 5612 seqq.

1050 5624 1095 5704 ξ’
1121 5614 1330 5721 δίιοιιιὶ
1362 5614 1715 5721 limavit,—

1832 5618 1941 5671 118.
1991 5617 2130 5672 Paed.
2179 5617 2216 5670 Ι.
2260 5633 2345 5676 ιιι,
2383 5634 2431 5668 c.
2466 5615 2554 5676 11,
2589 5631 2640 5676 ιι.
2685 5614 2814 5673 ⁸251.
2865 5623 2921 5667 et
2961 5615 3164 5670 Strom.
3190 5615 3280 5669 lib.
3335 5633 3398 5679 tt,

1832 5689 2017 5721 νην-ἔην
2099 5688 2124 5721 ιι
2167 5690 2195 5721 κ
2289 5689 2334 5720 δί
2360 5688 2537 5721 ειν-ΛΜ
2618 5687 2690 5721 ιιι.
2750 5705 2822 5721 νη
2873 5705 2906 5721 η
2963 5688 3062 5721 ’ΠΩ
3165 5687 3210 5717 ιδ
3241 5685 3314 5721 Iih
3377 5703 3392 5721 1

1225 5709 1251 5743 τ.
1299 5692 1352 5754 4,
1381 5708 1434 5762 p.
1469 5691 1556 5745 84.
1635 5689 1678 5721 ⁸⁸
1707 5689 1742 5742 l.
1770 5708 1802 5745 κ
1828 5689 2062 5751 Variar.,
2099 5688 2126 5760 ᾗ
2165 5690 2215 5743 5.
2289 5689 2334 5720 δ’
2360 5688 2584 5748 Strom.,
2618 5688 2709 5740 lib.
2750 5705 2845 5752 vti,
2873 5705 2925 5758 p.
2963 5690 3002 5742 7'

1225 5761 1270 5792 “
1299 5761 1390 5818 lib.
1431 5779 1469 5817 ιι
1505 5762 1580 5818 De
1604 5768 1716 5816 nat.
1764 5762 1938 5828 deor.,
1969 5776 2090 5832 pag.
2117 5761 2242 5826 258,
2269 5769 2322 5815 et
2350 5759 2440 5814 lib.
2475 5776 2506 5813 v
2539 5759 2613 5814 De
2644 5758 2759 5826 fin.,
2787 5775 2840 5829 p.
2884 5759 3002 5815 109.

3277 334 3416 390 1294

1891 444 2001 515 59
2028 445 2094 498 de
2127 443 2224 515 illo
2265 445 2630 515 et_contraria
2658 443 2879 515 "litteris
2931 443 3274 501 mandarunt.
3325 449 3414 502 Fi-

1838 513 2072 568 iiein'liis
2116 513 2282 568 faciat
2326 513 2490 577 Naso,
2522 517 2613 583 qui
2656 514 3024 584 Pythagoram
3064 518 3256 573 stricta
3283 535 3414 573 ora--

1837 586 1983 638 tione
2011 585 2320 653 loquentem
2345 583 2423 638 sic
2451 585 2656 638 inducit
2685 583 2730 615 "
2756 603 2771 639 :

1905 674 2140 746 Parcite,
2177 675 2451 739 mortales,
2483 677 2705 741 dapibus
2745 687 2996 730 temerare
3021 677 3265 746 nefandis

1903 742 2141 814 Corpora
2174 761 2191 798 :
2235 754 2357 798 sunt
2387 753 2587 814 fruges,
2615 755 2739 798 sunt
2767 742 3279 800 deducentia'rainos

1903 812 2150 868 Pondere
2171 832 2324 880 poma
2353 812 2493 880 suo;
2513 816 2834 884 tumidaque
2859 819 2915 869 in
2943 819 3130 870 vitibus
3156 833 3289 873 utne.

1903 921 2144 1024 .Brbtliqiz
2179 923 2775 1024 diiiitiitsmiinietitaoque
2805 924 3147 1010 ontitiirielius.
3195 926 3210 940 .
3257 929 3271 944 .
3321 929 3337 944 .
3390 929 3407 944 ο

1901 1021 2180 1095 Suggerit,
2241 1036 2396 1094 atque
2457 1028 2639 1088 epulas
2688 1021 2815 1079 'siue
2867 1027 3006 1078 ccede
3038 1036 3106 1166 [et
3155 1029 3409 1148 sgnguine

3065 1112 3172 1162 pra:
3206 1107 3275 1150 et.

1902 1187 1958 1240 In
2002 1185 2346 1240 abstinentia;
2386 1201 2550 1255 porro
2597 1188 2929 1240 mentionem
2963 1187 3404 1256 quandoquidem

1837 1257 2146 1322 incidimus,
2197 1257 2490 1312 observare
2527 1257 2706 1310 adlmc
2743 1256 2907 1310 liceat
2938 1273 2967 1309 a
2999 1257 3280 1310 Clemente
3311 1275 3409 1312 uo-

1828 1337 1949 1382 stro
1977 1342 2082 1380 non
2109 1327 2282 1381 solum
2311 1327 2526 1394 probari
2559 1329 2601 1381 si
2634 1327 2754 1395 quis
2786 1342 2814 1380 a
2843 1327 2966 1381 cibo
3001 1341 3067 1380 ex
3093 1327 3406 1383 animalium

1837 1398 2094 1452 carnibus
2128 1397 2378 1452 confecto
2409 1398 2632 1450 omnino
2659 1398 2963 1463 abstineat;
3002 1399 3097 1451 sed
3128 1397 3355 1465 insuper
3387 1415 3402 1453 :

1833 1486 1854 1521 ι
1902 1466 2147 1529 Videtur,
2202 1468 2468 1535 inquit",
2520 1466 2849 1521 Xenocrates
2893 1467 3123 1521 seorsim
3169 1477 3409 1525 tractans

1829 1539 1896 1590 de
1929 1538 2263 1591 nutrimento
2291 1552 2357 1591 ex
2389 1537 2736 1601 animalibus,
2771 1547 2825 1590 et
2855 1536 3112 1591 Polemon
3147 1538 3199 1590 in
3243 1553 3407 1606 opere

1829 1607 1905 1661 De
1929 1611 2032 1660 vita
2075 1610 2360 1660 secundum
2394 1619 2636 1660 naturam
2679 1619 2865 1672 aperte
2907 1609 3102 1661 docere
3143 1622 3264 1661 esse
3322 1610 3406 1662 iii-

1827 1677 1958 1730 utile
1987 1679 2128 1745 quod
2161 1680 2220 1730 tit
2253 1691 2350 1744 per
2378 1691 2574 1730 carnes
2599 1677 3011 1731 nutrimentum.
3054 1695 3074 1728 ι
3096 1678 3266 1741 Quam
3303 1694 3402 1730 au-

1830 1756 1934 1802 tem
1967 1748 2015 1800 id
2041 1762 2226 1800 verum
2256 1747 2347 1809 sit,
2381 1748 2560 1802 disces
2591 1761 2657 1800 ex
2680 1746 2886 1802 Galeno
2907 1746 3050 1801 libro
3081 1747 3155 1800 De
3177 1748 3402 1802 alimen-

1757 1793 1798 1846 Β
1830 1829 2002 1869 torum
2035 1793 2406 1884 facultatibus,
2452 1833 2514 1869 ac
2555 1817 2618 1868 de
2646 1817 2921 1884 eucltymia
2949 1827 2998 1868 et
3035 1817 3396 1884 cacochymia,

1829 1899 1994 1956 atque
2035 1880 2162 1940 aliis
2193 1888 2441 1950 medicis,
2467 1902 2675 1940 necnon
2705 1880 2943 1941 Macrob.
2969 1888 3064 1940 lib.
3092 1903 3165 1941 vit
3200 1880 3401 1940 Satur;

1829 1957 1964 2019 παι..
2002 1972 2052 2010 c.
2083 1959 2138 2018 4,
2169 1956 2223 2018 5,
2257 1967 2312 2010 et
2337 1961 2389 2011 8.
2421 1959 2502 2010 Ad
2543 1959 3000 2011 corroborandam
3040 1972 3168 2011 vero
3216 1956 3403 2011 Xeno-

1829 2028 1996 2098 cratis
2020 2037 2072 2080 et
2116 2027 2420 2098 Polemonis
2454 2027 2764 2094 Opinionem
2819 2043 2922 2081 non
2973 2043 3194 2096 prorsus
3222 2029 3403 2098 inepte

1828 2097 2020 2151 adduci
2072 2108 2300 2165 possunt
2357 2097 2412 2150 hi
2447 2105 2514 2151 de
2579 2111 2743 2152 aurea
2790 2106 2951 2152 atate
2988 2098 3221 2152 Nasonis
3280 2097 3403 2154 ver-

1827 2181 1921 2221 sus
1944 2166 1991 2198 ³⁸
2017 2177 2032 2212 ε

1895 2260 1962 2327 At
1989 2268 2128 2312 vetus
2153 2258 2248 2311 illa
2273 2270 2422 2323 tetas,
2451 2259 2538 2312 cui
2577 2259 2794 2327 fecimus
2824 2277 2984 2314 aurea
3016 2277 3223 2325 nomen,

1896 2325 2117 2399 ﬂetibus
2159 2329 2414 2392 arboreis,
2451 2339 2500 2382 et
2539 2325 2672 2399 quas
2714 2331 2905 2383 humus
2947 2334 3192 2397 advocat,
3229 2332 3402 2385 herbis

1901 2396 2201 2451 Fortunata
2227 2401 2346 2466 fuit,
2369 2415 2458 2452 nec
2477 2396 2664 2467 polluit
2697 2417 2791 2453 ora
2814 2417 3031 2466 cruore;

1899 2468 2045 2520 Tunc
2074 2480 2120 2521 et
2158 2486 2274 2537 aves
2303 2477 2434 2523 tunc
2465 2485 2670 2522 movere
2702 2486 2795 2537 per
2823 2488 2945 2523 aera
2970 2489 3188 2537 pennas,

1896 2539 1965 2610 Et
1989 2540 2134 2607 lepus
2164 2535 2460 2610 impavidus
2492 2541 2676 2592 mediis
2699 2535 2892 2593 erravit
2920 2535 2977 2593 ini
2997 2545 3166 2610 agris,

1897 2609 2009 2662 Nec
2028 2626 2124 2661 sua
2147 2609 2432 2662 credulitas
2456 2611 2652 2679 piscem
2679 2614 3017 2678 suspenderat
3037 2609 3219 2666 homo.

1894 2703 1972 2756 Ad
2005 2701 2218 2774 suillam
2255 2701 2452 2774 deinde
2496 2717 2714 2756 carnem
2762 2703 3014 2774 Clemens
3032 2703 3074 2735 3’
3117 2707 3402 2774 speciatim

1823 2773 2121 2835 descendit,
2173 2773 2518 2843 ratimiesque
2567 2773 2653 2843 hic
2697 2783 2752 2826 et
2803 2773 2932 2825 alibi
2991 2773 3254 2843 suggerit,
3303 2794 3403 2830 cur

1823 2843 2034 2911 Moyses
2070 2857 2130 2911 ea
2173 2844 2316 2894 vesci
2364 2840 2566 2896 Judaeis
2603 2842 2728 2895 olim
2761 2840 3122 2910 prohibuerit:
3177 2840 3247 2898 ι‹;ι’
3284 2846 3398 2901 haec

1821 2910 2038 2982 quidem
2075 2910 2161 2984 ille
2196 2913 2374 2984 adlmc
2399 2927 2732 2984 paganorum
2762 2915 3117 2984 quorumdam
3166 2918 3402 2984 Scripto-

1825 2981 1940 3035 rum
1997 2981 2323 3054 testimoniis
2395 2981 2548 3035 fulcit
2603 2993 2656 3054 ct
2701 2983 3038 3054 corroborat.
3099 2981 3403 3054 Ac_pr_imo

1822 3054 2041 3128 quidem
2073 3051 2234 3128 allata
2274 3053 2590 3128 aquopiam
2614 3053 2734 3128 Alrac
2766 3052 2967 3128 Graeca;
3003 3055 3150 3128 vocis
3182 3051 3245 3119 δέ
3285 3069 3404 3128 ριγ-

2157 3117 2220 3176 ὗν
2269 3117 2372 3176 dici
2421 3117 2575 3190 quasi
2610 3120 2734 3188 Θῦν,
2766 3125 2890 3191 quia
2929 3124 3058 3178 illud
3098 3117 3299 3180 animal
3334 3117 3402 3182 ad

1826 3193 2190 3263 mactaudum
2217 3201 2272 3246 et
2309 3195 2732 3263 sacrificandum
2769 3198 3035 3246 duntaxat
3079 3205 3261 3263 aptum
3293 3211 3399 3252 est.

1829 3263 2026 3318 Verum
2059 3261 2229 3333 paulo
2254 3263 2409 3317 aliter
2449 3261 2620 3316 Varro
2653 3280 2666 3316 :
2703 3282 2720 3314 ι
2761 3263 2886 3329 Sus,
2923 3261 3405 3333 inquit‘ﬂGt'tcce

1821 3329 2140 3406 dicitur-6;,
2174 3333 2302 3386 olim
2335 3334 2516 3406 tliysus
2556 3333 2763 3406 dictus,
2796 3339 2864 3386 ab
2897 3329 3013 3406 rillo'
3035 3335 3224 3406 verbo,
3253 3341 3404 3406 quod

1821 3405 2004 3459 dicunt
2042 3405 2213 3477 θύειν,
2244 3397 2411 3477 qttod'
2430 3414 2517 3477 est
2538 3404 2846 3477 immolare.
2878 3405 2920 3457 A
2952 3397 3110 3459 suiliu
3141 3397 3285 3460 enini
3313 3426 3403 3477 ge-

1822 3490 1952 3529 nere
1982 3475 2218 3544 pecoris,
2256 3474 2572 3528 immolandi
2613 3475 2827 3528 iuitium
2860 3477 3097 3544 primum
3119 3474 3400 3545 sumptum

1819 3546 2057 3598 videtur.
2096 3566 2114 3598 ι

1892 3615 2147 3670 Clemens
2179 3625 2358 3667 tamen
2390 3614 2443 3666 iii
2475 3613 2751 3681 opinionis
2783 3628 2894 3668 sna:
2924 3615 3402 3672 confirmationem

1826 3703 1933 3739 nou
1982 3687 2156 3739 solum
2199 3683 2391 3754 Αἰδορί
2428 3685 2648 3738 adhibet
2693 3687 3089 3748 testimonium,
3134 3689 3275 3753 quod
3332 3693 3404 3743 ab

1817 3757 2037 3810 {Eliano
2065 3757 2231 3809 etiam
2281 3757 2514 3809 refertur
2536 3754 2577 3785 “
2610 3757 2739 3808 :setl
2781 3757 3128 3809 ibidem-hate
3174 3769 3403 3823 praeter-

1815 3843 1880 3880 ea
1924 3828 2198 3880 subnectit
2224 3824 2269 3856 δ’
2301 3841 2316 3877 :
2356 3844 2373 3876 ι
2399 3825 2665 3891 Quocirca
2697 3827 2990 3879 Cleanthes
3035 3827 3249 3879 dicebat
3277 3845 3406 3883 suos

1816 3911 1917 3964 pro
1945 3896 2057 3950 Sale
2085 3896 2286 3950 habere
2319 3897 2580 3958 animam,
2617 3913 2684 3949 ne
2721 3912 2918 3949 carnes
2956 3899 3335 3965 pulreliereut.
3376 3918 3398 3951 ι

1814 3966 2016 4018 Eadem
2046 3979 2258 4034 quoque
2291 3965 2496 4018 Plinius
2527 3965 2611 4018 his
2643 3966 2826 4019 verbis
2863 3965 3143 4018 tradidit"
3173 3983 3184 4017 :
3221 3985 3238 4015 ι
3268 3969 3406 4020 Atti-

1815 4036 2037 4088 malium
2080 4039 2182 4088 hoc
2241 4035 2475 4087 maxime
2520 4034 2763 4094 brutum,
2818 4051 3167 4102 auttttamque
3211 4039 3258 4089 ei
3297 4052 3401 4104 pro

1813 4105 1930 4159 sale
1955 4107 2135 4156 datam
2165 4120 2268 4156 non
2313 4106 2528 4171 illepide
2581 4104 2948 4160 existimatur.
2995 4105 3187 4158 Cicero
3215 4123 3398 4162 autem

1817 4177 1987 4240 magis
2039 4179 2219 4228 adhuc
2257 4177 2319 4226 ad
2353 4176 2644 4228 Clementis
2688 4177 3024 4243 propositum
3055 4193 3068 4228 :
3105 4193 3123 4224 ι
3157 4175 3284 4241 Sus,
3320 4179 3402 4230 itt-

1817 4249 1936 4313 quit
1960 4244 2028 4309 “,
2055 4248 2180 4312 quid
2227 4246 2390 4297 habet
2414 4254 2610 4312 praeter
2637 4245 2864 4298 escam?
2911 4246 3007 4298 Cui
3055 4246 3275 4314 quidem
3330 4262 3400 4301 tie

1817 4325 2180 4383 putresceret,
2225 4314 2692 4383 auimam_ipsam
2733 4329 2830 4383 pro
2875 4314 2989 4366 sale
3041 4321 3223 4368 datam
3265 4319 3402 4370 dicit

1815 4381 1937 4438 esse
1978 4384 2335 4454 Chrysippus.
2402 4403 2420 4435 ι
2485 4381 2561 4436 lbi
2608 4385 2695 4438 ille
2734 4381 2840 4453 pro
2897 4385 3177 4447 Cleanthe.
3224 4387 3315 4454 qui
3370 4404 3400 4441 a

1815 4455 2095 4508 Clemente
2138 4454 2432 4517 citatur“,
2471 4454 2858 4524 Chrysippum,
2910 4458 2987 4507 uti
3026 4459 3138 4521 jam
3182 4461 3400 4510 noiavi-

1814 4540 1958 4591 mus,
1999 4527 2257 4593 appellat.
2298 4524 2444 4577 Alias
2475 4524 2698 4593 insuper
2724 4528 2974 4578 Clemens
3011 4527 3186 4578 reddit
3231 4544 3400 4580 ratio-

1815 4611 1936 4658 nes,
1985 4611 2084 4648 cur
2133 4596 2288 4649 suilla
2325 4609 2490 4648 carne
2537 4596 2786 4649 homines
2831 4597 3186 4662 abstinerent,
3242 4599 3402 4650 nimi-

1814 4680 1936 4734 rum
1993 4665 2118 4733 quia
2160 4665 2370 4718 inutilis
2413 4672 2515 4716 est.
2554 4664 2706 4729 Quod
2749 4665 2966 4734 quidem
3013 4669 3174 4734 paulo
3223 4669 3402 4720 lllsitts

1814 4733 2133 4788 Lactantius
2165 4734 2510 4806 explicat”:
2552 4753 2570 4784 ι
2617 4733 2801 4788 Ventri
2840 4733 3057 4803 semper
3104 4747 3156 4790 et
3199 4739 3399 4806 pabulo

1817 4808 2008 4868 servit,
2043 4821 2142 4858 nec
2174 4809 2340 4858 ullum
2377 4805 2560 4870 alium,
2603 4812 2730 4857 dum
2769 4807 2920 4866 vivit,
2952 4805 3211 4872 praestare
3237 4825 3394 4858 usum

1820 4885 2021 4944 potest,
2067 4877 2212 4929 sicut
2257 4887 2466 4928 caetera:
2497 4875 2830 4939 animantes,
2877 4892 2998 4943 qua:
3050 4877 3129 4930 vel
3173 4877 3397 4929 sedendi

1820 4945 2128 4998 vehiculum
2158 4947 2423 5014 priehcnt,
2451 4945 2532 4998 vel
2565 4947 2616 4996 in
2648 4947 2883 4999 cultibus
2905 4961 3154 5011 agrorum
3179 4946 3394 5011 juvant,

1819 5017 1906 5070 vel
1971 5015 2211 5082 plauStra
2267 5015 2409 5068 collo
2462 5017 2708 5079 trahunt,
2763 5017 2843 5068 vel
2897 5030 3060 5067 onera
3112 5026 3262 5084 tergo
3300 5031 3396 5080 ge-

1821 5096 1991 5150 mant,
2027 5087 2105 5138 vel
2163 5086 2544 5138 indumentum
2602 5088 2821 5138 exuviis
2847 5087 2958 5138 suis
2985 5087 3276 5147 exhibent,
3313 5086 3397 5136 vel

1821 5156 2194 5210 custodiendis
2226 5158 2479 5209 domibus
2509 5157 2813 5224 invigilant.
2854 5173 2872 5205 ι
2912 5154 3101 5224 Deliis
3127 5169 3312 5222 porro.
3343 5163 3398 5207 et

1824 5227 1946 5280 aliis
1970 5227 2132 5294 hujus
2163 5227 2507 5280 abstinentia:
2537 5222 2899 5294 sup'peditatis
2924 5243 2952 5277 a
2975 5222 3253 5278 Clemente
3296 5239 3396 5276 tto-

2305 5421 2359 5474 p.
2389 5405 2476 5458 77.
2575 5404 2618 5435 ’°
2647 5404 2682 5457 l.
2730 5420 2782 5456 tv
2816 5403 2967 5474 Noct.
2999 5404 3193 5470 Attic.,
3219 5419 3268 5459 c.
3305 5405 3398 5463 12.

2126 5476 2170 5507 ³³
2198 5479 2235 5530 1.
2272 5473 2541 5541 xbeipu,
2579 5489 2630 5541 p.
2666 5474 2790 5528 418.
2865 5473 2912 5505 ³⁵
2941 5477 3096 5528 Suid.
3137 5481 3202 5526 ad
3243 5479 3398 5532 verb.

2126 5553 2386 5600 Imornh..
2422 5549 2531 5598 ιρι».
2568 5549 2622 5600 2.
2655 5561 2704 5596 ν.
2759 5543 2828 5597 75
2879 5558 3034 5600 seua.
3109 5544 3152 5574 ³⁷
3188 5545 3396 5600 Strom.

2873 5705 2925 5758 p.
2963 5688 3083 5744 713.
3165 5687 3210 5758 με
3241 5685 3340 5758 lib.
3377 5703 3394 5741 ι

2165 5690 2215 5743 5.
2289 5689 2334 5720 δ’
2360 5688 2584 5748 Strom.,
2618 5687 2709 5740 lib.
2750 5705 2845 5752 vti,
2873 5705 2925 5758 p.
2963 5688 3083 5744 718.
3165 5687 3210 5717 ⁸³
3241 5687 3334 5740 lib.

2165 5761 2242 5813 58.
2269 5769 2322 5813 et
2350 5759 2440 5813 lib.
2475 5776 2506 5813 v
2539 5759 2613 5813 De
2644 5758 2759 5813 lin..
2788 5775 2840 5813 ι).
2884 5759 3002 5813 109.
3079 5759 3124 5790 ⁸⁵
3158 5757 3262 5813 loc.
3297 5757 3370 5812 cit
