3840 6540
442 367 586 425 1995

1115 365 1184 424 ΙΝ
1219 365 1640 424 CLEMENTEM
1685 368 1885 426 ALEX.
1927 370 1989 426 D.
2036 374 2120 429 LE
2155 373 2440 432 NOURRY
2485 375 2938 434 DISSERTATIO
2966 379 3032 437 ll.

3537 383 3660 441 19.96

428 498 547 578 sitm
574 486 897 578 ratigtiibus,
933 487 1071 559 lege,
1115 489 1159 544 si
1201 500 1360 578 vpacet
1383 498 1438 544 et
1460 488 1621 578 velis,
1647 488 1993 573 Plutarchum

2106 495 2430 578 uera6artxﬁ
2448 495 2948 578 κινήσειχριξιμενα,
2965 511 3084 578 quae
3097 510 3191 578 nos
3385 496 3663 556 animantia

430 559 570 614 libro
607 575 644 613 tt
679 558 944 629 Sympos"
979 558 1170 627 qumst.
1212 559 1266 622 5,
1290 576 1414 628 pag.
1459 559 1563 614 667
1595 569 1648 615 et
1685 575 1825 629 seq.,
1861 565 1994 616 etin

429 645 551 702 pag.
591 630 719 702 68,5,
761 628 976 702 Henrici
1005 700 1012 702 ξ
1038 629 1300 698 Stephani
1348 628 1789 702 observationes;
1829 631 2004 687 Athe-

430 699 604 755 nasum
672 701 762 753 lib.
805 714 862 753 ιιι
920 699 1296 767 Deipnosoplt.,
1339 715 1462 766 pag.
1512 699 1620 761 96;
1656 701 2001 756 Aristotelem

429 769 527 826 lib.
573 785 624 824 vr
656 769 813 839 Hist.
850 770 1098 839 anitnat.,
1133 784 1250 838 cap.
1282 769 1374 830 20,
1412 779 1466 824 et
1489 768 1583 823 lib.
1616 785 1732 836 vni,
1777 787 1900 839 cap.
1935 773 1994 827 21

431 851 485 895 et
514 840 617 903 28;
653 838 908 903 Plinium,
940 838 1083 893 Hist.
1104 850 1281 894 natur.
1320 840 1413 893 lib.
1452 855 1572 904 vni,
1613 840 1815 908 cap.5l
1848 838 1862 904 ζ
1896 840 2003 894 Βο-

431 912 680 966 chartnm
726 910 798 963 De
825 911 1044 964 animal.
1074 927 1214 964 sacr.
1250 913 1460 976 script.,
1506 909 1605 962 lib.
1653 926 1714 972 tt,
1755 926 1874 979 cap.
1912 912 2002 976 57,

429 997 558 1050 pag.
582 980 686 1036 695
709 989 764 1034 et
785 995 935 1048 seq.;
972 979 1293 1043 Gesnerum,
1317 979 1740 1050 Aidrovaudnm.
1772 991 1826 1035 et
1846 982 2002 1048 alios,

433 1053 526 1122 qui
564 1051 630 1105 de
664 1050 991 1104 animalibus
1026 1052 1192 1104 libros
1225 1060 1279 1105 et
1311 1051 1930 1122 tractatusediderunt,
1971 1067 2000 1106 a

432 1120 632 1190 quibus
661 1137 724 1176 ea
755 1135 972 1189 quoque
1003 1130 1394 1180 memorantur,
1423 1135 1546 1188 quas
1577 1120 1642 1174 de
1663 1120 1853 1174 iisdem
1871 1123 2006 1176 suil-

437 1189 507 1246 lis
535 1203 697 1260 atque
715 1191 880 1260 etiam
911 1191 1135 1249 hircinis
1165 1191 1428 1246 carnibus
1457 1190 1732 1245 memoriae
1753 1189 2004 1248 Clemens

432 1259 622 1317 adhuc
639 1259 875 1330 prodidit
893 1261 960 1318 ⁸⁷.

503 1329 772 1399 Quasdam
797 1331 886 1385 ille
913 1339 1172 1400 praeterea
1221 1339 1408 1384 narrat
1441 1345 1560 1386 esse
1599 1329 1801 1386 bestias
1829 1331 1881 1386 in
1910 1347 2004 1387 ca-

431 1403 618 1457 vernis
642 1401 1043 1470 latentes,qua:
1067 1400 1383 1456 ferebantur
1411 1413 1505 1455 aut
1548 1402 1693 1456 aeris
1739 1403 2001 1456 crassitu-

432 1474 581 1536 dine,
625 1481 718 1526 aut
757 1473 972 1540 propria
1021 1472 1264 1540 corporis
1311 1471 1660 1526 exhalatione
1699 1472 1916 1537 nutriri,
1947 1483 2004 1528 et

433 1544 568 1599 citra
601 1541 958 1597 oﬂcnsionein
1002 1541 1212 1609 augeri.
1263 1542 1334 1595 De
1365 1541 1561 1611 quibus
1601 1541 1861 1610 legendus
1920 1553 2006 1598 est

431 1613 834 1676 Aldrovandus,
857 1611 946 1664 ubi
981 1612 1047 1666 de
1079 1611 1337 1681 monstris
1359 1614 1622 1681 disputat.
1673 1611 1796 1666 llatc
1819 1623 2000 1667 autent

432 1683 577 1740 haud
629 1682 790 1736 dubie
847 1697 956 1735 non
1016 1681 1192 1735 minus
1253 1680 1494 1735 fabulosa
1546 1692 1601 1736 et
1650 1681 1839 1736 ﬁctitia
1874 1693 2002 1736 sunt

432 1767 866 1825 quaui_ea_qure
915 1751 1119 1806 Plinius
1161 1759 1215 1806 et
1239 1751 1478 1825 Solinus
1505 1751 1724 1825 scriptis
1765 1754 2005 1825 tradide-

433 1821 655 1886 runt“,
698 1823 1044 1877 Astoutorum
1091 1831 1306 1891 gentem
1370 1821 1517 1875 nullo
1575 1822 1699 1876 cibo
1749 1821 2000 1891 nulloque

430 1905 584 1966 potu,
615 1896 711 1966 sed
761 1891 1300 1966 radicumAduntasat
1341 1902 1397 1947 et
1436 1891 1633 1966 ﬂorum
1675 1891 1892 1966 olfactu
1921 1895 1998 1946 vi-

430 1960 842 2088 :gfl.|d§ltt3bo
889 1962 1088 2018 etenim
1145 1963 1331 2018 istlizec
1375 1966 1442 2018 ait
1490 1961 1701 2017 fabulas
1745 1960 1998 2031 rejicitet

431 2035 692 2091 amandat
715 2035 783 2088 δ’.

499 2105 652 2172 Quod
689 2118 818 2158 vero
848 2103 992 2158 inter
1023 2103 1229 2159 bestias
1269 2103 1514 2173 aliasque
1551 2113 1839 2158 creaturas
1885 2103 2001 2159 sive

433 2177 703 2231 animatas
733 2176 849 2228 sive
883 2189 989 2228 non
1022 2175 1291 2228 animatas
1320 2175 1391 2228 sit
1422 2174 1736 2238 discrimen,
1777 2175 1857 2228 his
1879 2174 2003 2230 Cle-

431 2261 585 2300 mens
607 2255 812 2315 uoster,
844 2255 964 2315 post
995 2257 1206 2300 veteres
1229 2245 1576 2315 philosophos
1598 2255 1651 2298 et
1680 2243 1992 2315 Philonem,

431 2317 616 2371 docuit
648 2314 826 2369 verbis
850 2314 896 2345 ⁵⁸
925 2331 940 2368 :
976 2333 993 2365 ι
1025 2314 1242 2369 Eorum
1267 2330 1387 2384 qua:
1417 2324 1721 2384 moventur,
1751 2314 1854 2368 alia
1877 2315 1998 2384 qui-

432 2387 555 2442 dem
581 2400 652 2439 ex
687 2384 1020 2454 appetitione
1058 2383 1345 2439 moventur
1378 2393 1431 2438 et
1459 2383 1685 2448 visione,
1710 2386 1854 2438 sicut
1883 2383 1998 2437 ani-

432 2457 624 2511 utalia:
659 2457 763 2508 alia
795 2464 973 2508 autem
1015 2470 1109 2524 per
1155 2455 1590 2519 translationem,
1637 2455 1778 2508 sicut
1823 2455 1998 2508 inani—

433 2540 620 2590 inata;
667 2541 730 2580 ex
771 2525 1024 2578 inanimis
1070 2535 1249 2579 autent
1293 2526 1506 2592 plantas
1557 2539 1772 2593 quoque
1815 2525 2001 2579 dicunt

435 2597 638 2652 moveri
679 2596 1010 2650 transeundo
1035 2597 1099 2649 ad
1123 2606 1493 2665 augmentum,
1527 2596 1570 2648 si
1610 2598 1734 2664 quis
1765 2595 1843 2648 eis
1879 2609 1999 2649 esse

471 2667 647 2721 lautas
691 2667 956 2719 inauimas
998 2667 1346 2719 concesserit.
1383 2665 1448 2718 Et
1491 2665 1736 2719 ltabitntn
1773 2667 1993 2734 quidem

454 2738 657 2805 apides,
693 2748 941 2790 naturam
986 2751 1114 2790 vero
1157 2735 1372 2804 planue,
1407 2746 1459 2789 et
1498 2737 1907 2804 appetitionem.
1941 2744 1996 2788 et

430 2809 696 2861 visionem
727 2815 781 2861 et
811 2821 872 2858 ea
923 2820 1043 2874 quae
1072 2809 1223 2876 prius
1248 2807 1389 2859 dicta
1417 2815 1562 2868 sunt,
1597 2807 1754 2858 bruta
1784 2820 2000 2874 quoque

433 2879 794 2948 participant;
826 2877 1184 2948 ratiocinandi
1224 2890 1354 2948 _vero
1393 2886 1631 2946 potestas
1663 2886 1746 2929 est
1781 2876 1996 2944 propria

432 2945 682 3003 humana:
706 2950 916 3000 anitum.
958 2966 976 2999 ι
1007 2945 1327 3001 Geueralent
1357 2945 1597 3000 omnium
1626 2957 1998 2999 creaturarum

432 3021 905 3077 constitutionem,
929 3032 1022 3069 seu
1047 3016 1347 3084 sperilieas,
1367 3027 1422 3069 ut
1443 3017 1750 3070 Scltolastici
1775 3016 2002 3084 loquun-

433 3097 542 3153 tttr,
567 3105 752 3144 earum
772 3088 1110 3141 dillercntias
1133 3089 1202 3140 ibi
1232 3088 1480 3141 Clemens
1508 3087 1734 3141 strictim
1759 3086 1996 3155 attittgit.

431 3156 686 3224 Quaedam
764 3158 907 3212 enim
977 3159 1269 3226 participes
1327 3167 1454 3210 sunt
1503 3157 1669 3222 ἕξεως
1722 3173 1998 3223 corporea.-

431 3220 752 3292 a'tl'ectionis,
802 3220 1035 3290 stabilis,
1081 3220 1222 3295 aegre
1267 3227 1503 3290 mobilis,
1537 3220 1640 3296 qua
1687 3220 1998 3280 lirmissimo
2025 3220 2070 3278 (ἓ

431 3301 675 3362 vinculo,
737 3299 876 3353 sicut
947 3300 1155 3367 lapides
1206 3299 1575 3351 continentur.
1631 3299 1766 3350 Alite
1805 3311 1996 3367 queui-

430 3371 719 3424 adtttodum
753 3370 964 3437 plantae-
1004 3366 1260 3421 dicuntur
1316 3367 1573 3420 κινεῖσθαι
1617 3366 1998 3438 μεταϐατικῶς

430 3443 510 3504 εις
537 3439 782 3510 αὔξησιν,
817 3457 836 3510 ι
871 3440 1438 3510 tuimerirtrauseunilo
1478 3440 1530 3492 in
1558 3448 1927 3510 augmentum.
1971 3455 1990 3488 ι

430 3511 597 3564 Bruta
633 3507 762 3563 vero
805 3509 982 3580 ὁρμῆς
1020 3509 1113 3560 καὶ
1154 3507 1472 3577 φαντασίας,
1509 3527 1526 3558 ι
1568 3507 1997 3580 appetitioneet

432 3584 638 3634 visione
695 3599 712 3632 ι
761 3579 885 3631 sunt
935 3585 1179 3646 praedita.
1220 3582 1286 3632 At
1339 3581 1450 3631 hiec
1476 3579 1632 3646 paulo
1675 3579 1997 3646 explicatius

431 3661 589 3704 antea
632 3650 784 3702 Philo
837 3648 1160 3702 dixerat“:
1223 3668 1240 3699 ι
1299 3647 1560 3716 Lapiduui
1606 3658 1660 3703 et
1701 3647 1992 3718 lignorum,

429 3737 551 3791 qua:
595 3720 873 3791 abstracta
897 3727 1056 3791 sunt,»
1092 3732 1122 3771 a
1157 3718 1687 3791 coalitu_vineulum
1714 3719 1988 3791 validissi-

432 3787 576 3845 titum
611 3789 751 3843 Deus
777 3788 905 3842 fecit
937 3789 1198 3852 habitum,
1232 3788 1426 3858 δεσμὸν
1463 3787 1850 3859 κραταιότατον
1884 3788 1996 3854 ἕξιν

430 3860 742 3932 εξργάσατο,
811 3859 902 3928 qui
934 3929 942 3932 Α
971 3860 1192 3932 spiritus
1229 3871 1334 3932 gest
1387 3874 1668 3932 conversa
1715 3860 1996 3913 reﬂectens

432 3929 782 3998 in'seipsuut.
836 3929 1104 3996 Incipiens
1153 3930 1296 3982 enim
1347 3945 1375 3982 a
1424 3930 1617 3984 mediis
1658 3929 1711 3983 in
1749 3939 1994 3983 extrema

431 4004 703 4070 tenditur;
787 4014 1020 4068 cumque
1085 4015 1389 4069 supremam
1462 4001 1703 4070 attigerit
1761 3999 1993 4070 superli-

427 4073 564 4128 cicnt
617 4069 909 4125 reﬂectitur
963 4084 1174 4134 rursus,
1227 4071 1409 4138 quoad
1481 4069 1671 4126 eodem
1721 4069 1996 4140 loci’per-

428 4143 637 4197 venerit
699 4144 842 4194 unde
891 4141 1125 4209 primum
1177 4143 1452 4208 prolectus
1489 4151 1626 4194 erat.
1682 4143 1858 4210 Atque
1900 4142 1996 4197 hic

428 4224 512 4268 est
541 4211 826 4267 circularis
863 4226 1054 4264 cursus
1099 4211 1334 4272 habitus,
1367 4211 1551 4274 ἕξεως.
1600 4211 1862 4266 Naturam
1901 4227 1996 4265 au-

431 4294 562 4350 tetu,
619 4281 800 4352 φύσιν,
850 4275 990 4334 Deus
1021 4281 1088 4334 iis
1118 4283 1384 4341 attribuit.
1415 4298 1533 4350 quae
1584 4285 1856 4336 radicibus
1885 4283 1996 4335 lite-

429 4364 581 4419 rent;
609 4367 835 4422 eamque
861 4352 1110 4405 attribuit
1161 4367 1281 4404 cum
1309 4366 1338 4404 e
1372 4352 1617 4421 plurimis
1651 4353 1995 4408 facultatibus

427 4435 862 4492 atteiuperatani,
911 4433 1022 4475 tum
1072 4437 1199 4475 vero
1248 4422 1436 4475 altrice
1488 4422 1536 4475 vi
1591 4432 1646 4475 et
1703 4423 1992 4490 genitrice.

427 4496 680 4550 Animam
723 4495 884 4546 etiam
931 4494 1086 4546 lictor
1140 4494 1255 4561 ipse
1307 4493 1481 4546 tribus
1533 4494 1693 4546 rebus
1744 4492 1922 4555 tinxit,
1961 4508 1990 4545 a

2109 567 2357 628 dicimus,
2401 583 2466 620 eo
2508 567 2860 633 amplioribus
2910 567 3144 620 universi
3187 567 3445 635 partibus
3487 583 3664 625 acces-

2105 637 2274 706 sionis
2298 640 2413 690 vice
2455 645 2757 690 cesserunt.
2813 655 2831 688 ι
2875 636 3182 702 Perpende,
3231 651 3459 706 qumso,
3497 650 3662 695 utrum

2106 703 2354 760 Clemens
2382 717 2566 760 noster
2581 709 2646 759 ad
2681 708 2793 761 haec
2819 706 3061 760 Philonis
3089 703 3662 764 verliacollineaverit.

2108 774 2268 829 Vides
2293 777 2437 828 enim
2480 776 2547 829 ab
2578 777 2693 844 ipso
2721 779 2909 831 eadem
2938 777 3178 837 nomina,
3210 775 3346 842 ἕξις,
3380 775 3563 844 φύσις,
3597 780 3622 831 ὁ

2105 850 2198 919 μή,
2227 847 2524 919 φαντασία,
2554 846 2952 919 μεταὸᾳτικῶς,
3002 856 3057 899 et
3077 846 3182 898 alia
3221 847 3417 919 eodem
3466 846 3660 916 signiﬁ-

2106 916 2230 986 catu
2279 917 2545 984 usurpari.
2589 917 2749 984 Atqui
2794 919 2837 971 si
2881 916 3135 970 Clemens
3163 918 3230 968 ad
3259 931 3386 970 eum
3415 919 3660 986 respexit,

2105 985 2191 1039 his
2220 995 2369 1039 certe
2398 986 2597 1049 verbis,
2626 1003 2644 1036 ι
2680 986 2731 1056 si
2754 987 2880 1056 quis
2897 986 2978 1040 eis
3002 1001 3122 1040 esse
3160 986 3376 1052 plantas
3403 985 3661 1056 inaninias

2103 1056 2461 1116 concesserit.
2505 1073 2523 1105 ι
2565 1053 2910 1110 manifestum
2959 1057 3146 1123 utique
3189 1057 3448 1110 omnibus
3494 1053 3659 1111 facere

2103 1126 2342 1192 videtur,
2371 1140 2429 1180 se
2458 1134 2654 1196 contra
2700 1125 2928 1182 aliorum
2959 1127 3325 1196 quorumdam
3353 1127 3658 1196 opinionem

2103 1196 2503 1266 existimavisse
2541 1195 2706 1250 solam
2745 1194 3014 1261 naturam,
3045 1194 3227 1266 φύσιν,
3272 1195 3588 1266 nullamque
3617 1201 3660 1250 iit

2103 1265 2302 1334 plantis
2339 1281 2458 1320 esse
2499 1267 2755 1320 animam.
2787 1267 2927 1333 Quid
2969 1265 3146 1319 autem
3187 1283 3250 1320 ea
3280 1267 3350 1320 de
3377 1281 3437 1319 re
3469 1265 3664 1322 veteres

2102 1337 2408 1406 philosophi
2439 1337 2774 1403 censuerint,
2799 1345 2987 1391 narrat
3019 1337 3355 1392 Plutarchus
3379 1336 3426 1367 ⁵³
3448 1377 3466 1403 ,
3492 1353 3662 1403 quem,

2101 1407 2147 1460 si
2179 1407 2346 1469 lubet,
2373 1407 2613 1461 consule.

2172 1476 2436 1530 Arborum
2471 1491 2632 1544 porro
2661 1474 2990 1540 insitionem,
3021 1492 3181 1545 quam
3207 1491 3332 1530 cum
3350 1474 3664 1532 Christiana:

2103 1545 2362 1600 doctrinas
2412 1549 2750 1616 susceptione
2797 1546 3049 1600 Clemens
3101 1547 3384 1614 componit
3427 1548 3499 1609 ",
3546 1564 3661 1614 qua-

2103 1616 2400 1686 druplicem
2433 1631 2552 1669 esse
2575 1633 2639 1670 ex
2669 1616 2907 1684 antiquis
2941 1617 3178 1686 physicis
3203 1616 3283 1669 sic
3311 1617 3655 1672 demonstrat.

2102 1683 2307 1756 Prima,
2343 1687 2532 1755 inquit,
2558 1686 2770 1740 arboris
2796 1683 2975 1739 insitio
2999 1683 3055 1739 tit.
3083 1689 3223 1740 inter
3256 1687 3462 1756 lignum
3481 1699 3534 1740 et
3555 1703 3661 1741 enr-

2105 1755 2304 1826 ticem;
2337 1765 2498 1825 atque
2529 1758 2668 1809 hunc
2699 1756 2750 1807 in
2787 1757 3006 1808 modum
3039 1755 3382 1810 catechismo
3437 1771 3659 1826 paganus

2104 1824 2460 1896 idiotasacra
2507 1825 2749 1880 doctrina
2793 1826 3075 1881 imbuitur.
3112 1827 3370 1880 Secunda
3418 1824 3534 1888 est,
3565 1843 3657 1896 qua

2029 1877 2071 1932 Β
2100 1877 2246 1950 sicin
2273 1877 2813 1964 amittantsi.“
2847 1877 3296 1965 an.iiismita‘.
3339 1877 3660 1965 ᾗιιῖιὸέὸιῆιίὲ

2098 1978 2220 2088 post
2255 1967 2485 2020 disseeta
2516 1981 2701 2018 eorum
2735 1966 3014 2034 dogmata,
3048 1967 3306 2020 veritatis
3334 1968 3590 2036 cognitio.
3614 1978 3660 2019 et

2133 2037 2296 2088 udis-is
2321 2046 2510 2088 ancrto
2544 2033 2752 2088 Veteris
2776 2034 3111 2088 Testamenti
3146 2051 3280 2088 vero
3311 2053 3502 2088 sensu.
3533 2053 3658 2088 nova

2133 2037 2296 2089 IltliPiS
2321 2046 2510 2104 aperto
2544 2033 2752 2089 Veteris
2776 2034 3111 2104 Testamenti
3146 2051 3280 2090 vero
3311 2033 3502 2098 sensu,
3533 2053 3658 2090 nova

2098 2106 2300 2160 Christi
2339 2103 2594 2160 inseritur
2623 2106 2894 2160 doctrina.
2933 2103 3116 2160 Tertia
3165 2108 3388 2160 arboris
3421 2107 3663 2160 insitione

2099 2185 2326 2246 uterque
2358 2177 2606 2230 surculus
2647 2176 2710 2228 ad
2768 2176 3054 2246 medullam
3087 2190 3262 2244 usque
3315 2179 3564 2246 raditur:
3592 2180 3661 2230 sic

2099 2245 2264 2300 etiam
2311 2247 2546 2300 haeretici
2583 2247 2650 2300 ad
2684 2245 2970 2300 veritatem
3023 2245 3074 2299 vi
3121 2247 3438 2301 trahuntur.
3473 2245 3660 2312 Quarta

2100 2328 2324 2369 vocatur
2376 2316 2696 2375 iuoculatio,
2741 2313 3196 2386 ἐνοφθαλμισμὸς,
3248 2331 3417 2386 quant
3471 2317 3659 2370 Plinius

2101 2401 2315 2454 quoque
2350 2402 2452 2439 non
2485 2387 2639 2453 plane
2672 2399 2832 2440 secus
2861 2401 2925 2438 ac
2955 2385 3208 2439 Clemens
3242 2385 3436 2442 noster
3466 2388 3542 2441 sic
3568 2402 3658 2440 es-

2103 2457 2261 2525 plicat
2289 2456 2376 2509 ":
2415 2475 2433 2506 ι
2477 2455 2775 2510 luocnlatio
2827 2454 3048 2525 sutoris:
3094 2455 3260 2510 simili
3317 2457 3496 2511 ﬁsrula
3547 2472 3663 2524 ape-

2102 2524 2273 2580 riendi
2309 2528 2358 2580 iit
2391 2527 2587 2579 arbore
2613 2526 2852 2590 oculum,
2883 2524 3088 2579 conice
3121 2525 3295 2580 inciso
3319 2568 3336 2592 ,
3384 2542 3661 2595 semenque

2102 2595 2412 2650 includendi
2483 2599 2670 2649 eadem
2737 2596 2910 2647 listttla
2979 2595 3253 2648 sublatuttt
3304 2613 3374 2652 ex
3443 2597 3561 2653 alia.
3605 2599 3662 2650 lu

2102 2666 2222 2720 ficis
2273 2677 2451 2720 autem
2512 2677 2566 2719 et
2625 2664 2777 2718 malis
2837 2665 2951 2718 haec
3006 2665 3107 2718 fuit
3168 2666 3467 2722 inoculatio
3521 2667 3654 2721 anti—

2100 2752 2230 2804 qua.
2287 2735 2579 2804 Virgiliana
2631 2736 2824 2805 quierit
2893 2737 3068 2788 sinum
3131 2736 3182 2788 iit
3249 2738 3393 2792 nodo
3447 2751 3658 2806 gemmae

2100 2806 2306 2875 expulsi
2355 2808 2616 2871 corticis,
2664 2819 3038 2874 geminamque
3089 2821 3154 2875 cx
3203 2807 3313 2860 alia
3348 2809 3539 2862 arbore
3577 2807 3658 2858 iii-

2101 2874 2289 2929 clndit.
2331 2895 2350 2928 ι
2384 2875 2590 2946 Virgilii
2618 2889 2800 2930 autem
2826 2889 3015 2929 versus
3048 2891 3078 2927 a
3109 2874 3289 2931 Plinio
3318 2877 3576 2947 designati
3606 2879 3656 2929 hi

2101 2956 2230 3000 sunt
2261 2947 2309 2978 “
2338 2964 2352 3001 :

2175 3036 2288 3092 Nec
2333 3039 2520 3092 modus
2567 3037 2796 3092 inserere
2821 3075 2838 3102 ,
2878 3045 3035 3107 atque
3072 3035 3274 3178 oculos[
3308 3038 3564 3158 imppnere

2188 3176 2230 3178 υ
2886 3176 2893 3178 _
3069 3177 3075 3178 ί
3277 3123 3412 3176 smip
3436 3121 3532 3160 ex:

3277 3110 3532 3176 simplex:

2177 3176 2318 3249 Nam
2348 3196 2452 3249 qua
2483 3195 2536 3232 se
2563 3177 2733 3231 medio
2770 3176 2991 3230 trudunt
3042 3177 3106 3230 de
3147 3176 3341 3230 cortice
3370 3192 3594 3249 gentisne,

2173 3248 2240 3302 Et
2278 3248 2454 3303 tenues
2483 3257 2729 3314 rumpunt
2771 3249 3000 3309 tunicas,
3029 3257 3290 3315 angustus
3341 3249 3400 3301 in
3432 3248 3536 3314 ipso

2173 3318 2266 3373 Fit
2301 3318 2436 3373 nodo
2463 3321 2650 3372 sinus:
2677 3319 2777 3370 huc
2809 3317 2983 3370 aliena
3015 3333 3080 3370 ex
3109 3319 3300 3371 arbore
3332 3333 3534 3386 germen

2174 3389 2489 3456 Includunt,
2523 3391 2726 3458 udoque
2757 3389 2940 3440 docent
2972 3386 3258 3441 inolescere
3282 3389 3440 3441 libro.

2171 3464 2273 3514 Aut
2307 3477 2488 3514 rursus
2523 3464 2710 3512 euodes
2741 3460 2915 3510 trunci
2949 3469 3350 3520 resecantur,.et
3385 3459 3489 3511 alte

2169 3529 2428 3584 Finditur
2448 3533 2502 3582 in
2528 3530 2754 3582 solidum
2777 3529 2953 3581 cuneis
2988 3529 3091 3589 via,
3121 3529 3318 3581 deinde
3342 3529 3536 3597 feraces

2172 3599 2378 3656 Plantae
2422 3602 2810 3662 immittuntur,
2857 3613 2948 3650 nec
2987 3599 3206 3667 longum
3259 3609 3494 3739 (Emptis,
3521 3607 3564 3649 et

2777 3738 2782 3739 ί
2915 3737 2923 3739 _
3319 3685 3496 3738 ingens

3319 3685 3368 3720 tn
3375 3685 3496 3738 gens

2171 3740 2320 3794 Exiit
2346 3741 2414 3794 ad
2437 3739 2621 3794 cretum
2653 3738 2812 3793 ramis
2853 3737 3091 3806 felicibus
3123 3737 3308 3800 arbos,

2170 3811 2503 3882 Miraturque
2537 3828 2692 3864 nouas
2715 3809 2952 3878 frondes,
2985 3817 3033 3862 et
3061 3825 3167 3862 non
3190 3825 3291 3863 sua
3323 3824 3500 3878 poma.

2168 3927 2433 3998 Legenda:
2461 3927 2512 3998 iu
2549 3925 2646 3979 hos
2674 3924 2879 3998 Virgilii
2913 3938 3106 3998 versus
3134 3932 3192 3977 et
3224 3925 3277 3976 in
3308 3924 3529 3998 citatum
3553 3920 3650 3974 Pli—

2099 4000 2172 4054 nii
2226 3994 2403 4053 locum
2451 3995 2860 4050 observationes
2904 3994 3226 4060 variorum,
3277 3995 3374 4062 qui
3421 4003 3647 4062 quartum

2099 4072 2202 4126 ltoc
2234 4067 2505 4122 insitionis
2531 4081 2700 4134 genus
2741 4065 2853 4133 jam
2891 4063 2980 4116 diu
3016 4063 3369 4132 antiquatum
3406 4078 3523 4118 esse
3546 4079 3646 4114 aiu-

2098 4141 2463 4194 madvertnnt.
2497 4139 2563 4189 At
2594 4134 2860 4189 liervetus
2885 4134 2984 4186 sibi
3015 4149 3121 4186 non
3155 4135 3293 4188 satis
3332 4135 3646 4204 exploratum

2097 4225 2216 4264 esse
2264 4217 2467 4272 mouet,
2496 4221 2728 4275 quocum
2759 4205 2888 4256 illud
2923 4220 2950 4254 a
2983 4204 3268 4258 Clemente
3301 4213 3644 4275 comparetur.

2098 4279 2298 4335 Verum
2329 4280 2395 4331 de
2431 4293 2496 4330 eo
2515 4274 2642 4343 ipse
2668 4277 2917 4329 Clemens
2959 4285 3143 4342 aperte
3175 4276 3349 4328 dixit:
3397 4293 3416 4326 ι
3452 4274 3554 4327 Hoc
3578 4281 3646 4324 est

2096 4366 2262 4421 genus
2295 4345 2603 4417 γνωπικῆς
2653 4343 3032 4421 διδασκαλίας,
3079 4345 3343 4421 ειιοειίεξιε
3381 4345 3642 4421 doctrinm,

2095 4415 2215 4489 quae
2269 4415 2355 4472 res
2407 4417 2947 4489 potestperspicere
3003 4415 3170 4489 ipsas.
3213 4431 3232 4464 ι
3291 4416 3644 4489 Quibussane

2097 4483 2282 4544 verbis
2309 4483 2559 4555 quartum
2595 4483 2869 4539 insitionis
2917 4487 3162 4555 modum,
3206 4497 3303 4538 seu
3359 4483 3645 4538 inoculatio-

430 4575 644 4626 natttra,
713 4562 949 4632 φύσεως,
1006 4553 1380 4616 dilferetttetti:
1450 4577 1652 4624 sensu,
1709 4553 1990 4633 αῑσθὴσὲιο

2106 4553 2386 4625 nem,cu_iu
2412 4557 2650 4626 perfecta
2683 4557 3054 4633 gnosticorum
3081 4553 3518 4633 Christianorum
3538 4567 3639 4629 con-

431 4637 583 4698 viso,
632 4633 934 4704 φαντασίᾳ·
983 4633 1216 4701 impetu,
1273 4633 1438 4704 ὁρμῇ.
1487 4651 1505 4683 ι
1557 4632 1751 4704 Tribus
1815 4632 1993 4685 autem

428 4705 516 4759 bis
560 4701 1156 4772 explicatispcoutittuo
1201 4701 1458 4757 addidit:
1511 4720 1530 4754 ι
1579 4701 1674 4754 llis
1714 4712 1787 4754 tot
1835 4705 1996 4756 rebus

429 4777 682 4827 animalia
723 4782 987 4842 prazstant
1039 4774 1128 4836 iis,
1173 4789 1292 4840 qua:
1353 4773 1625 4826 radicibus
1668 4773 1994 4828 haerent"...

428 4845 530 4898 Pra
551 4856 658 4898 stat
686 4845 846 4896 ltotuo
873 4843 1086 4896 caeteris
1123 4846 1491 4896 animantibus
1520 4845 1720 4896 exuuio
1750 4858 1994 4906 munere,

429 4930 590 4983 quam
619 4925 850 4967 utentem
876 4913 1229 4981 appellamus.
1264 4931 1281 4964 ι
1318 4912 1483 4965 Paulo
1505 4915 1718 4966 demum
1749 4915 1999 4982 superius

427 4989 727 5052 sei-ipserat
761 4983 810 5014 "
862 5000 876 5036 :
931 5000 950 5033 ι
1008 4983 1117 5034 llac
1167 4984 1376 5035 ratione
1416 4985 1582 5052 stirps
1638 4985 1723 5036 illa
1775 4984 1999 5036 fertilis-

426 5060 586 5121 sima,
621 5056 734 5108 suis
768 5069 888 5106 cnm
923 5052 1201 5106 radicibus
1225 5054 1466 5120 condita,
1501 5055 1637 5108 actis
1684 5055 1817 5123 ipsis
1850 5056 1999 5105 radi-

427 5131 581 5180 cibus
613 5126 876 5177 alliimata
937 5133 1052 5186 est;
1108 5131 1164 5174 at
1192 5137 1316 5174 vero
1361 5125 1696 5192 singularum
1743 5125 1996 5192 stirpium

425 5199 626 5266 partim
667 5198 894 5266 transitu
947 5203 1251 5266 moventur,
1294 5195 1490 5266 partim
1535 5196 1670 5248 citra
1723 5196 2000 5266 transitio-

428 5260 549 5320 item
605 5265 817 5318 condita
896 5274 1024 5316 sunt
1061 5280 1080 5316 ι
1119 5260 1228 5313 τῶν
1299 5264 1356 5315 ἐν
1409 5263 1592 5333 μέρει,
1652 5264 1747 5317 καὶ
1801 5263 2001 5333 βραχυ-

426 5339 600 5409 τέρων
648 5333 848 5409 (parum,
898 5334 967 5386 τὰ
1011 5335 1111 5402 μὲν
1163 5335 1545 5409 μεταὸᾳτικὼς
1588 5335 1802 5404 κινητὰ,
1840 5334 1916 5409 ’τὰΔ
1945 5333 2000 5384 δὲ

429 5405 554 5465 ᾶνὲυ
593 5405 968 5478 paratiusque,
1000 5415 1060 5478 ut
1090 5406 1299 5478 eodem
1349 5405 1401 5457 iii
1443 5406 1562 5458 loco
1609 5405 1997 5478 uiausitantia;

428 5493 479 5534 et
515 5469 634 5548 qaa'e
664 5476 946 5529 ti'ansitivo
973 5474 1191 5543 quidem
1217 5484 1364 5528 tuotu
1392 5485 1636 5535 utuntur,
1667 5473 1735 5526 τὰ
1762 5474 1860 5544 μὲν
1899 5469 1992 5526 οὖν

497 5679 542 5712 ⁸⁷
573 5679 775 5735 Strom.
815 5681 852 5734 l.
885 5695 981 5740 ιιι.
1009 5695 1061 5748 p.
1099 5679 1223 5735 716.

426 5750 648 5820 Ceogr.,
676 5769 726 5822 p.
761 5753 881 5805 'ill.
969 5751 1013 5781 '°
1047 5753 1248 5822 Stt'om.
1279 5749 1316 5804 Ι.
1345 5766 1401 5813 tt,
1433 5768 1484 5820 ι).
1515 5752 1640 5805 408.

431 5822 505 5875 De
555 5821 730 5890 placit.
765 5822 991 5888 philos.,
1026 5835 1075 5876 ς.
1119 5821 1209 5872 26.
1284 5822 1329 5853 "
1357 5827 1560 5878 Strom.
1595 5828 1631 5876 l.
1665 5838 1736 5888 \'l,
1762 5837 1814 5891 ι).
1842 5822 1965 5876 672.

426 5901 482 5946 ct
516 5907 667 5960 seqq.
737 5892 778 5921 ⁸⁷
811 5891 847 5944 1.
879 5905 931 5943 vt
961 5932 976 5958 ,
1007 5907 1060 5961 p.
1095 5895 1221 5944 (390.

1318 5681 1362 5712 “
1395 5681 1489 5734 lib.
1519 5695 1571 5732 ιιι
1619 5680 1820 5733 llistor.
1865 5688 2069 5742 natur.,
2114 5694 2234 5747 cap.
2301 5677 2354 5732 2.
2392 5675 2588 5738 Solin.,
2641 5690 2701 5747 c.
2725 5674 2780 5739 5,
2823 5688 2877 5741 ιι.
2938 5669 3026 5724 80.

1719 5752 1762 5781 ⁵¹
1803 5754 1872 5803 De
1902 5753 2111 5810 tnuud.,
2140 5767 2171 5818 p
2219 5749 2356 5800 1151
2384 5758 2437 5799 et
2485 5761 2603 5814 seq.

2044 5819 2089 5851 ⁸⁵
2120 5815 2156 5874 ll
2202 5833 2307 5873 sui
2342 5818 2482 5872 lltst.
2527 5829 2663 5884 ttat.,
2690 5833 2743 5872 c.
2784 5815 2869 5869 14.

2105 4631 2273 4684 tendit
2304 4621 2549 4681 doctrina
2571 4665 2586 4690 ,
2615 4621 2718 4694 qua
2749 4627 2822 4678 illi
2856 4639 2942 4677 res
2988 4628 3135 4691 ipsas
3167 4626 3436 4677 nimirum
3463 4621 3640 4675 divitias

2104 4707 2335 4768 possunt
2359 4698 2666 4768 perspicere
2693 4704 2746 4750 et
2771 4695 3084 4768 observare.
3118 4695 3176 4747 Si
3212 4704 3395 4748 autem
3429 4695 3638 4768 pluraue

2101 4761 2164 4824 ea
2203 4768 2274 4821 ibi
2321 4761 2426 4822 non
2460 4761 2694 4828 dixerit,
2726 4781 2830 4819 non
2864 4764 2970 4818 alia
3015 4774 3168 4817 certe
3201 4771 3344 4818 ratio
3374 4761 3493 4817 esse
3520 4761 3636 4812 vide-

2104 4851 2190 4893 tur
2217 4881 2231 4904 ,
2277 4838 2380 4890 ttisi
2411 4837 2536 4904 quia
2579 4837 2724 4888 illaut
2767 4834 2894 4887 alibi
2922 4875 2938 4900 ,
2971 4835 3046 4886 uti
3093 4848 3192 4887 nos
3248 4836 3505 4896 vidimus,
3530 4831 3636 4905 satis

2101 4903 2810 4977 explanavitrat.§;cterum
2857 4907 2924 4959 de
2978 4907 3078 4977 hoc
3132 4906 3366 4977 et_aliis
3399 4903 3634 4977 insitionis

2105 4972 2279 5033 modis
2306 4979 2502 5047 legesis
2529 4974 2981 5047 Theophrastum
3001 4973 3148 5047 libat
3185 4973 3261 5026 De
3290 4977 3463 5047 causis
3508 4972 3633 5046 pluti-

2103 5059 2296 5113 tarum,
2323 5042 2440 5117 cap.
2467 5048 2499 5100 6
2526 5057 2582 5099 et
2614 5046 2644 5098 7
2673 5042 2696 5112 ;’
2726 5044 3077 5117 Columellam
3096 5044 3259 5117 ,ηδε-ν
3287 5044 3365 5096 De
3381 5060 3434 5096 re
3457 5042 3632 5117 rustica.

2102 5134 2223 5186 Cap.
2257 5110 2343 5182 11,
2378 5110 2433 5170 et
2472 5117 2544 5169 De
2573 5110 2850 5168 arboribus
2885 5129 3008 5182 cap.
3037 5112 3146 5179 26;
3185 5113 3480 5167 Varronem
3521 5110 3632 5163 lib.t

2104 5189 2180 5240 De
2206 5205 2258 5242 re
2290 5190 2507 5252 rustica,
2546 5203 2668 5255 cap.
2705 5186 2795 5250 40,
2830 5197 2937 5238 etc.

2174 5260 2453 5312 Postremo
2486 5251 2768 5310 uobiscum
2801 5295 2815 5319 ,
2845 5256 2888 5309 si
2918 5253 3092 5324 placet
3117 5292 3133 5318 ,
3166 5253 3396 5309 observa
3425 5251 3632 5306 Clemen-

2104 5339 2211 5383 tem
2245 5341 2486 5382 uostrum
2511 5329 2552 5358 ⁵⁷
2583 5337 2639 5379 ιιι
2663 5331 2848 5387 rebus,
2874 5327 3097 5378 minime
3126 5339 3256 5378 vero
3285 5325 3568 5377 nominibus
3594 5325 3632 5366 rt

2110 5399 2329 5452 vocibus
2360 5399 2732 5450 inhaerendum
2770 5412 2892 5450 esse
2917 5398 3174 5464 probaret
3195 5431 3214 5458 ,
3244 5395 3534 5464 exemplum
3558 5408 3631 5443 no-

2104 5472 2190 5525 bis
2221 5470 2468 5522 atmltsse
2495 5481 2807 5531 corvorum,
2839 5462 2931 5534 qui
2968 5479 3131 5520 voces
3160 5462 3428 5518 humanas
3459 5462 3631 5516 lutitan-

3125 5669 3170 5700 “
3200 5667 3405 5731 Strab.,
3451 5666 3532 5720 lib.
3580 5673 3626 5713 st

2684 5736 2892 5808 "ibid.,
2943 5759 2995 5811 ν.
3045 5740 3182 5794 1159.
3226 5753 3280 5793 et
3310 5757 3421 5809 seq.
3491 5736 3626 5811 "LE

2965 5812 3011 5843 “
3031 5814 3069 5867 1.
3095 5827 3132 5866 tt
3152 5797 3400 5881 Georg,
3430 5825 3549 5862 teis.
3586 5797 3625 5854 :3
