3840 6526
488 447 624 507 1299

1154 444 1222 500 ΙΝ
1257 443 1678 499 CLEMENTEM
1721 442 1923 498 ALEX.
1965 441 2027 497 D.
2068 440 2154 498 LE
2192 441 2481 499 NOURRY
2519 443 2978 500 DISSERTATIO
3010 443 3076 501 11.

3579 444 3689 503 1500

486 565 772 619 niceriam.
803 561 972 630 Hujus
1007 570 1185 615 alitem
1217 577 1415 628 parens
1448 563 1546 615 fuit
1575 561 1860 615 Annicerls
1883 560 2054 629 Cyre-
2084 565 2131 620 Α
2161 571 2282 614 rent
2305 601 2318 621 .
2375 561 2610 627 eligente
2649 577 2711 615 ea
2757 577 2879 631 qua:
2917 569 3098 631 essent
3136 560 3439 616 secundum
3473 568 3688 631 naturam

487 636 698 700 naieus,
726 652 754 687 a
785 649 895 702 quo
924 633 1109 702 viginti
1139 645 1232 685 aut
1268 633 1486 702 triginta
1527 633 1783 702 nummis,
1818 631 1892 684 uti
1919 632 2057 702 seri—

485 706 563 759 bit
599 700 848 758 [saeuius
877 705 942 764 ⁷⁸,
970 700 1052 756 vel
1082 700 1362 756 sestertiis
1377 711 1520 765 octo,
1545 702 1705 756 sicuti
1743 700 2056 754 Lactantius

485 777 564 828 ait
594 776 664 838 7’,
696 775 850 828 Plato
886 775 1200 841 redemptus
1228 781 1333 826 est.
1369 772 1582 826 Videsis
1618 771 1846 841 Dleuagii
1878 772 2058 824 obser-

483 845 732 898 vationes
762 847 814 899 in
840 840 1132 897 secundum
1171 842 1374 896 Laertii
1412 843 1632 904 librum,
1664 840 1691 912 §
1717 841 1804 894 86.
1845 841 1918 894 De
1948 842 2059 912 Au-

485 916 817 969 niceriorum
856 926 1020 983 porro
1049 913 1306 980 opinione
1353 912 1422 964 ita
1446 911 1706 983 Cicero
1762 929 1782 962 ι
1817 912 1898 983 Ab
1930 911 2055 983 Aria

487 986 688 1054 stippo,
726 981 902 1052 inquit
928 983 1303 1054 9°.Cyreuaici
1335 991 1389 1054 et
1431 981 1709 1035 Annicerii
1743 981 2052 1054 philosophi

487 1051 778 1118 nominati,
803 1051 971 1107 omne
1001 1051 1196 1104 bonum
1224 1054 1274 1103 in
1301 1051 1573 1118 voluptate
1600 1062 1918 1120 posuerunt,
1947 1051 2057 1104 vir-

487 1134 766 1194 tutemque
789 1132 1117 1176 censuerunt
1145 1125 1371 1194 obeam
1410 1136 1669 1194 remAesse
1706 1120 2052 1194 laudandam,

488 1196 630 1256 quod
678 1190 924 1247 ’ellit‘iens
975 1203 1115 1246 esset
1159 1191 1471 1260 voluptatis.
1514 1191 1720 1256 Quibus
1769 1190 2052 1256 obsoletis,

485 1263 643 1317 floret
687 1264 991 1332 Epicurus,
1042 1260 1441 1332 ejusdemifere
1497 1261 2055 1332 adjutoriauctorque

484 1330 790 1388 sententiic.
830 1353 848 1384 ι
897 1333 968 1386 lbi
1015 1333 1234 1398 quidem
1294 1330 1502 1384 Tullius
1561 1331 1811 1385 consulto
1859 1331 2056 1399 adjecit

485 1404 780 1472 Epicurum
821 1401 1245 1472 ejusdemhfere'
1277 1403 1560 1455 sententias
1619 1401 1787 1472 fuisse
1822 1411 2055 1456 asserto-

486 1470 599 1527 rem
633 1485 687 1527 et
722 1470 1031 1542 patranum.
1073 1470 1268 1525 Noster
1302 1485 1432 1542 vero
1458 1473 1708 1526 Clemens
1737 1471 1934 1542 clarius
1959 1473 2054 1526 de-

486 1545 656 1597 clarat
694 1541 746 1595 in
789 1559 896 1612 quo
927 1553 1156 1607 utraque
1204 1551 1254 1594 et
1301 1541 1516 1612 Epicuri
1550 1552 1611 1612 et
1637 1541 2050 1612 Anniceriorum

484 1616 670 1681 opinio
718 1609 1010 1678 discrepet.
1048 1612 1284 1666 Consule
1327 1611 1508 1666 Laert.
1545 1611 1638 1665 lib.
1668 1628 1703 1665 ιι
1731 1653 1746 1678 ,
1795 1610 1823 1682 §
1856 1609 1925 1665 96
1949 1651 1964 1676 ,
1997 1612 2051 1664 in

482 1685 744 1751 Aristippi
770 1685 899 1736 vita.

553 1750 733 1824 Pergit
763 1754 916 1824 idem
936 1752 1050 1820 ipse
1075 1761 1266 1804 aucth
1296 1750 1587 1824 nosten“,
1613 1761 1667 1805 et
1697 1753 1825 1822 quid
1855 1751 2054 1805 Men-0-

483 1821 855 1889 dortis.'qttem
888 1823 1206 1890 Epicureum
1242 1821 1562 1874 nominatim
1598 1821 1776 1888 vocat,
1811 1825 1877 1875 de
1901 1837 2053 1876 smn-

2162 631 2548 701 rejicienteque
2589 630 2884 686 contraria.
2924 651 2942 684 ι
2982 630 3188 685 Videsis
3222 632 3402 701 adhuc
3451 630 3591 682 illius
3619 631 3691 683 lih.

2161 716 2212 755 ιν
2250 701 2325 753 De
2375 700 2522 769 ﬁnib.
2557 718 2679 772 pag.
2705 703 2794 757 91.
2827 702 2902 755 De
2929 702 2995 755 iis
3021 710 3197 772 autem
3224 700 3694 772 singulatimque-

2164 772 2504 824 madmodum
2537 769 2810 834 Clemens.
2837 773 2950 826 haec
2987 774 3038 825 in
3070 771 3235 824 verba
3270 769 3525 824 Laertius
3549 770 3695 824 disse-

2161 842 2234 894 rit
2263 842 2350 894 ⁸⁹ε
2387 859 2404 891 ι
2445 840 2656 895 Primus
2710 841 2856 895 Zeno
2896 843 2946 894 iu
2995 841 3133 894 libro
3169 840 3248 894 De
3276 851 3474 894 natura
3505 841 3695 894 hominis

2161 910 2320 965 finem
2355 911 2431 964 ait
2463 922 2826 966 consentanee
2871 912 3167 966 secundum
3217 921 3474 964 naturam
3519 910 3694 975 vivere,
3768 938 3769 941 η

2159 981 2213 1034 id
2245 992 2424 1034 autem
2460 991 2544 1035 est
2590 983 2884 1036 secundum
2917 983 3174 1034 virtutem
3203 980 3435 1046 vivere;
3485 983 3550 1031 ad
3599 995 3697 1033 eam

2155 1051 2359 1119 quippe
2401 1060 2592 1104 natura
2625 1066 2724 1106 nos
2751 1052 2921 1119 ducit.
2958 1050 3221 1104 Similiter
3252 1060 3307 1103 et
3341 1050 3628 1103 Cleanthes
3658 1054 3698 1104 in

2157 1117 2305 1173 libro
2324 1120 2400 1174 De
2424 1120 2706 1189 voluptate,
2733 1117 3236 1182 etPossidonius,et
3265 1119 3476 1173 Hecato
3500 1120 3559 1189 in
3588 1119 3700 1174 libro

2159 1189 2232 1245 De
2261 1186 2552 1258 ﬁnibus...
2583 1191 2956 1245 Archedemus
3004 1200 3186 1244 autem
3237 1190 3376 1243 nihil
3432 1186 3699 1244 ofﬁciorum

2155 1261 2457 1316 omittendo
2497 1261 2822 1315 vivere......
2851 1261 3140 1314 Cleanthes
3161 1272 3345 1314 autem
3385 1275 3699 1313 communem

2158 1332 2531 1386 tantummodo
2561 1341 2810 1384 naturam
2831 1331 3074 1398 suscipit,
3094 1345 3256 1398 quam
3280 1331 3436 1399 sequi
3461 1340 3697 1399 Oporteat,

2157 1416 2262 1454 non
2297 1411 2476 1454 autem
2508 1402 2892 1469 particularem
2921 1417 2936 1467 ;
2969 1402 3339 1468 virtutemque
3387 1399 3700 1453 affectionem

2157 1485 2277 1524 esse
2310 1470 2467 1539 vulgo
2499 1471 2831 1526 iutellemam
2857 1511 2872 1535 ,
2909 1481 2964 1525 et
2995 1471 3164 1539 ipsam
3216 1480 3444 1539 propter
3476 1486 3534 1524 se
3562 1472 3700 1536 ipsam

2155 1555 2274 1595 esse
2297 1540 2676 1608 expetendam,
2707 1557 2810 1596 non
2835 1543 2904 1594 ob
2925 1551 3126 1594 metum
3153 1540 3419 1609 aliquem,
3444 1551 3537 1594 aut
3559 1555 3700 1608 spem,

2154 1621 2248 1664 aut
2293 1610 2494 1678 aliquid
2529 1625 2716 1665 eorum
2751 1628 2868 1680 quae
2903 1621 3029 1665 sunt
3057 1621 3285 1665 externa
3314 1651 3329 1674 ,
3368 1611 3467 1664 sed
3519 1613 3568 1664 iu
3611 1612 3700 1678 ipsa

2154 1681 2504 1734 caustitutam
2550 1696 2671 1735 esse
2718 1681 2930 1736 beatam
2986 1682 3150 1735 vitam
3193 1699 3208 1745 ;
3265 1692 3456 1748 utpote
3499 1697 3610 1749 qua
3649 1685 3704 1734 sit

2155 1752 2353 1804 animt?
2382 1749 2542 1805 insita
2578 1753 2645 1804 ad
2678 1751 3087 1806 consensionem
3119 1753 3284 1806 totius
3316 1755 3543 1806 vita...
3574 1752 3701 1806 Deci.

2156 1820 2320 1873 bilem
2370 1835 2498 1875 vero
2545 1837 2665 1876 esse
2695 1823 2946 1875 virtutem
2993 1831 3048 1875 et
3093 1822 3441 1890 Chrysippus
3477 1822 3526 1874 in
3559 1824 3703 1889 primo

483 1912 572 1948 mo
605 1894 745 1949 bono
773 1894 1026 1962 Opinatus
1072 1894 1162 1962 sit.
1199 1891 1282 1944 his
1328 1892 1475 1945 illius
1521 1893 1704 1947 verbis
1751 1893 2008 1960 patefacit
2037 1908 2049 1945 :
2085 1906 2127 1962 Β
2161 1890 2235 1943 De
2261 1891 2365 1958 ﬁne
2393 1890 2549 1958 dixit,
2581 1903 2637 1945 et
2667 1892 3420 1954 Cleanthes,etPossidonius
3448 1893 3500 1944 in
3532 1893 3705 1946 Exhor-

484 1988 501 2015 ι
539 1966 750 2018 Animae
775 2005 788 2024 ,
813 1961 1000 2031 inquit
1027 1964 1072 1994 ⁸¹
1098 2003 1112 2025 ,
1150 1961 1348 2015 bonum
1386 1962 1513 2030 quid
1558 1971 1641 2016 est
1669 1963 1814 2015 aliud
1835 2001 1852 2028 ,
1888 1978 2052 2031 quam

482 2037 660 2094 firma.
694 2035 906 2087 stabilis
949 2048 1012 2086 ac
1057 2034 1193 2086 bona
1225 2032 1410 2085 carnis
1444 2033 1782 2092 constitutio.
1830 2043 1885 2088 et
1927 2047 2053 2101 spes

481 2109 584 2159 tide
618 2106 778 2172 digna
811 2105 952 2170 quod
984 2117 1046 2156 ea
1075 2104 1152 2157 sic
1186 2102 1362 2172 futura
1398 2103 1515 2155 sit?
1545 2121 1564 2155 ι
1606 2103 1866 2156 Eumdcm
1890 2103 2052 2171 plane

477 2177 531 2229 in
569 2171 784 2228 modum
816 2175 1050 2228 Cicero:
1088 2191 1106 2224 ι
1144 2173 1278 2241 Ipse,
1313 2171 1390 2224 ait
1419 2172 1485 2233 ⁸⁸,
1515 2172 1875 2237 Metrodorus,
1911 2189 2052 2242 pene

475 2247 612 2300 alter
639 2245 927 2312 Epicurus,
960 2245 1176 2296 beatum
1215 2255 1334 2296 esse
1356 2242 1632 2312 describit
1665 2242 1750 2295 his
1793 2242 1908 2296 fere
1934 2258 2054 2296 ver-

457 2317 561 2368 bis
590 2335 603 2369 :
634 2311 768 2370 Cum
801 2329 999 2383 corpus
1027 2311 1546 2383 hcnerconstitutum
1579 2312 1670 2377 sit,
1696 2321 1750 2365 et
1776 2316 1847 2366 sit
1869 2313 2052 2382 explo-

477 2398 656 2439 ratum
688 2387 759 2440 ita
798 2382 1060 2436 futurum.
1101 2403 1118 2434 ι
1154 2382 1308 2448 Quod
1341 2382 1557 2450 quidem
1595 2384 1711 2436 suis
1751 2384 1840 2437 ille
1871 2383 2052 2438 verbis

479 2457 671 2509 iterum
706 2456 844 2509 dixit
872 2454 960 2508 lib.
992 2470 1027 2507 ιι
1060 2453 1300 2514 Tuscul.,
1327 2467 1449 2521 pag.
1484 2451 1607 2518 158,
1641 2454 1717 2507 lib
1750 2469 1806 2507 ιιι
1840 2453 1919 2506 De
1941 2454 2053 2523 oﬂi-

475 2527 604 2592 ciis,
637 2541 764 2595 pag.
790 2525 925 2587 401.
957 2535 1014 2595 et
1046 2524 1138 2576 lib.
1172 2539 1184 2576 l
1221 2523 1296 2577 De
1329 2535 1504 2595 natur.
1541 2526 1722 2595 deam,
1760 2540 1886 2593 pag.
1921 2523 2048 2590 2H,

477 2596 566 2650 ubi
616 2593 682 2651 de
714 2593 920 2651 eodem
971 2594 1280 2648 Metrodoro
1326 2593 1439 2646 haec
1488 2593 1698 2646 habet:
1752 2612 1770 2643 ι
1807 2597 2051 2648 Accusat

477 2666 844 2720 Timocratem
877 2665 1102 2718 fratrem
1132 2679 1290 2717 suum
1325 2663 1664 2718 Metrodorus
1684 2704 1700 2727 ,
1725 2665 1867 2733 quod
1895 2665 2052 2720 dubi-

476 2748 551 2790 ιρι
579 2738 784 2801 omnia,
817 2751 936 2804 quae
962 2737 1028 2787 ad
1065 2735 1278 2787 beatam
1305 2735 1466 2786 vitam
1501 2735 2052 2804 pertineant,iventre

475 2807 652 2876 metiri
682 2825 694 2860 :
727 2803 900 2875 neque
926 2806 977 2858 id
1005 2805 1172 2876 semel
1205 2805 1358 2867 dicit,
1385 2805 1480 2857 sed
1515 2805 1730 2874 saepius.
1771 2824 1794 2860 ι
1828 2803 2050 2876 Legesis

473 2873 823 2932 Plutarchum
886 2876 978 2947 lib.
1038 2873 1162 2947 Non
1229 2891 1378 2942 posse
1436 2873 1667 2947 suaviter
1719 2877 1848 2943 vim,
1912 2873 2045 2947 'pag.

477 2947 604 3002 1091
637 2989 652 3013 ,
697 2948 785 3001 ubi
822 2947 888 3000 de
935 2945 1244 2999 Metrodoro
1274 2955 1436 3012 atque
1469 2945 1699 3012 Epicuro
1737 2945 2048 3001 sermonem

472 3017 622 3082 facit,
649 3027 808 3086 atque
839 3019 1001 3071 etiam
1036 3016 1309 3069 Laertiutn
1339 3027 1396 3070 et
1429 3015 1770 3071 Gassendum
1803 3016 1881 3072 De
1911 3017 2047 3086 Epi-

471 3090 585 3141 curi
611 3090 733 3144 vita.

545 3156 712 3211 Porro
745 3166 922 3210 autem
951 3156 1202 3211 Clemens
1233 3165 1419 3210 noster
1445 3155 1571 3210 alibi
1596 3157 1643 3188 ⁸⁸
1668 3157 1911 3226 ejusdem
1936 3157 2048 3213 Me-

472 3230 679 3284 trodori
712 3228 972 3323 Epicurei.
994 3228 1417 3323 verba-protulit
1442 3273 1457 3291 .
1492 3227 1816 3323 quilbusille
1859 3228 2046 3310 Mene-
2072 3265 2114 3323 ο

470 3312 696 3354 stratum
723 3301 996 3360 admonet,
1021 3302 1231 3351 tametsi
1259 3299 1375 3366 ipse
1402 3299 1648 3353 mortalis
1674 3301 1747 3352 sit
1769 3316 1784 3364 ;
1803 3300 2042 3353 animam

473 3381 653 3424 tamen
687 3369 830 3422 illius
861 3369 1158 3421 ascendere
1182 3407 1198 3432 ,
1237 3370 1410 3422 donec
1457 3369 1718 3423 saeculum
1767 3379 1821 3424 et
1865 3383 2042 3422 rerum

470 3441 790 3494 infinitatem
812 3439 1131 3507 conspiciat,
1160 3439 1249 3491 ubi
1269 3437 1422 3504 juxta
1452 3438 1692 3493 PlatOnis
1717 3441 2042 3494 sententiam

471 3513 635 3566 homo
655 3523 879 3577 corpore
902 3523 1006 3562 non
1029 3509 1260 3579 amplius
1286 3509 1536 3579 alligatus
1558 3525 1692 3578 pura
1723 3509 1842 3564 luce
1875 3509 2043 3564 Deum

467 3579 948 3648 contemplabitur.
981 3578 1060 3632 lbi
1107 3589 1288 3634 autem
1335 3581 1450 3634 haec
1480 3582 1550 3634 ab
1593 3595 1659 3633 eo
1689 3581 1872 3635 divine
1899 3580 2043 3636 dicta

469 3667 590 3706 esse
615 3650 836 3705 asserit.

537 3723 617 3776 Ad
647 3721 858 3775 Stoicos
875 3719 1039 3775 etiam
1067 3718 1318 3788 Clemens
1335 3721 1501 3786 venit,
1533 3720 1718 3789 aitque
1741 3721 1785 3752 ⁸⁸
1813 3739 1827 3774 :
1854 3741 1871 3772 ι
1895 3720 2042 3778 Zeno

469 3793 689 3848 Stoicus
740 3793 898 3844 finem
926 3804 1049 3844 esse
1074 3799 1227 3860 putat
1268 3806 1336 3844 ex
1367 3794 1568 3845 virtute
1597 3807 1803 3846 vivere.
1847 3793 2042 3846 Clean-

470 3867 589 3919 thes
613 3869 790 3915 autem
822 3871 1030 3932 natura:
1071 3862 1459 3932 convenienter
1504 3864 1722 3924 vivere,
1772 3874 1934 3932 atque
1985 3863 2040 3916 in

469 3937 606 3988 bene
635 3931 1055 3996 ratiocinando;
1089 3931 1234 3998 quod
1285 3933 1336 3985 in
1372 3933 1441 3987 iis
1466 3974 1482 3998 ,
1525 3948 1646 4000 qua:
1682 3942 1809 3987 sunt
1844 3931 2039 3988 Secun-

468 4007 596 4058 dum
626 4012 874 4056 naturam
902 4000 1188 4070 eligendis,
1214 4002 1378 4055 situm
1401 4018 1523 4058 esse
1552 4004 1764 4057 statuit.
1792 4003 1859 4056 Et
1881 4005 2040 4057 Anti-

466 4084 619 4144 pater
645 4073 763 4140 ejus
802 4071 1085 4144 familiaris
1114 4073 1166 4127 in
1199 4071 1265 4126 iis
1296 4075 1513 4140 quidem
1545 4089 1666 4142 quae
1695 4083 1823 4128 sunt
1847 4089 2041 4128 secun-

464 4143 592 4199 dum
623 4153 872 4198 naturam
895 4143 1112 4197 aSSidue
1132 4151 1188 4197 et
1211 4145 1417 4212 absque
1442 4145 1546 4197 ulla
1575 4145 1920 4212 prolapsione
1949 4145 2043 4198 de-

465 4215 695 4286 ligendis
719 4255 734 4280 ,
765 4214 832 4267 iis
860 4222 1062 4286 autem
1091 4229 1213 4282 qua:
1241 4224 1368 4268 sunt
1404 4225 1877 4284 praeter/naturam
1914 4215 2041 4284 reji-

465 4283 675 4340 ciendis
699 4327 713 4350 ,
755 4283 992 4353 positum
1037 4297 1160 4337 esse
1201 4283 1500 4339 existimat.
1530 4286 1597 4338 Et
1629 4300 1815 4340 rursus
1843 4283 2038 4340 Archi-

465 4357 658 4409 demus
685 4355 766 4410 sic
794 4355 954 4407 finem
983 4367 1103 4407 esse
1127 4355 1438 4422 exponebat
1464 4357 1515 4408 in
1543 4357 1628 4422 iis,
1657 4369 1774 4423 quae
1801 4365 1928 4424 sunt
1953 4371 2039 4410 se-

464 4426 700 4479 cundum
733 4434 1003 4496 naturain
1031 4425 1261 4496 maxima
1289 4434 1344 4479 et
1386 4429 1652 4495 praecipua
1678 4464 1693 4488 ,
1738 4427 2040 4496 deligendis

467 4510 572 4549 non
607 4509 764 4564 posse
796 4493 1094 4548 transilire.
1144 4494 1351 4548 Prarter
1387 4493 1499 4550 'hos
1545 4506 1725 4551 autem
1767 4493 2037 4550 Panaetius

465 4567 859 4620 convenienter
884 4565 1068 4635 vivere
1091 4567 1541 4632 appetitionibus,
1573 4582 1692 4635 quae
1737 4568 1874 4619 date
1914 4577 2038 4620 sunt

463 4637 622 4690 nobis
645 4650 673 4689 a
706 4644 918 4688 natura.
947 4633 1230 4688 Postremo
1253 4646 1436 4690 autem
1459 4633 1836 4698 Possidonius,
1859 4638 2037 4692 vivere

463 4705 887 4775 contemplando
920 4705 1298 4759 universormn
1328 4708 1639 4772 veritatem,
1673 4719 1728 4760 et
1763 4709 2033 4774 ordinem,

461 4786 517 4849 et
548 4791 631 4842 se,
661 4775 839 4849 quoad
871 4776 987 4846 ejus
1013 4776 1128 4830 ﬁeri
1156 4787 1351 4849 potest,
1381 4778 1452 4830 ita
1483 4780 1786 4843 instituere,
1807 4789 1865 4832 ut
1888 4778 2032 4832 nulla

460 4847 513 4899 in
551 4862 609 4900 re
638 4847 874 4902 ducatur
911 4864 940 4900 a
971 4857 1124 4916 parte
1167 4847 1365 4900 anima:
1393 4863 1513 4916 quae
1553 4858 1704 4903 caret
1737 4850 1969 4904 ratione.
2011 4868 2029 4900 ι

465 4919 547 4988 De
593 4919 698 4971 illis
743 4927 923 4970 autem
972 4917 1225 4988 omnibus
1269 4918 1387 4982 ipse
1437 4927 1631 4982 antea,
1665 4929 1829 4988 atque
1870 4920 2033 4974 etiam

462 4987 590 5041 alibi
619 4990 760 5042 idem
791 4987 1088 5055 simplicius
1115 4987 1251 5040 dixit
1275 4988 1321 5018 ⁸⁸
1353 5004 1368 5040 :
1407 5005 1426 5039 ι
1466 4989 1633 5043 Stoici
1668 4987 1874 5044 natura:
1896 5004 2033 5045 con-

461 5071 765 5141 seqtteiitet;
786 5059 967 5141 vivere
1008 5057 1337 5141 filiemnesse
1361 5067 1770 5141 statuerunt.)
1814 5060 1876 5112 τὸ
1907 5060 2036 5141 ἀξίῳ

457 5125 663 5194 λοῦθως
703 5131 770 5198 τῇ
813 5127 972 5198 φύσει
1002 5125 1126 5194 ζῇν.
1162 5126 1314 5193 Quod
1357 5127 1563 5185 Graecis
1601 5131 1820 5186 totidem
1857 5132 2038 5186 verbis

461 5208 650 5272 narrat
676 5198 838 5270 262
873 5198 1342 5272 Theodoretusf".
1373 5207 1444 5253 At
1472 5200 1662 5256 Cicero
1703 5205 1875 5272 magis
1901 5217 2036 5256 euu-

458 5271 634 5324 cleate
663 5288 678 5324 :
705 5268 731 5321 ι
751 5268 920 5332 ⁷διιιιι,
954 5270 1129 5338 inquit
1155 5269 1221 5334 ⁸⁸,
1254 5268 1387 5324 lines
1415 5268 2032 5328 bonorum.....'Stuicis

459 5341 772 5394 consentire
816 5349 1025 5393 natura:
1050 5380 1064 5402 ,
1099 5343 1244 5408 quod
1292 5355 1414 5393 esse
1442 5341 1628 5395 volunt
1653 5357 1684 5396 e
1713 5343 1912 5396 virtute
1936 5383 1950 5408 ,
1979 5344 2030 5397 id

457 5421 562 5474 est,
588 5412 813 5465 honeste
843 5413 1066 5464 vivere:
1097 5412 1241 5478 quod
1275 5411 1345 5465 ita
1391 5413 2033 5481 iuterpretantur,vivere

459 5497 581 5534 cum
614 5481 968 5551 intelligentia
996 5494 1184 5535 earum
1223 5497 1440 5546 rerum,
1475 5497 1595 5550 qua:
1623 5491 1818 5538 natura
1846 5487 2032 5538 eveni-

527 5621 574 5653 "
612 5623 666 5677 iu
707 5623 949 5680 Platonis
979 5626 1111 5693 vita,

457 5708 510 5767 ιι.
551 5692 675 5747 614.
750 5695 795 5767 ξ’
832 5695 1035 5767 Strom.
1065 5692 1248 5765 libIII,
1294 5715 1346 5767 ρ.
1381 5700 1505 5752 417.

460 5764 637 5837 man,
665 5780 716 5832 p.
746 5765 871 5837 tio.
949 5766 1000 5837 '9
1024 5767 1180 5829 ibid.,
1202 5764 1259 5837 p'.
1286 5764 1410 5829 tet.
1442 5779 1495 5822 et
1518 5769 1611 5824 lib.
1640 5787 1690 5832 ν,
1719 5786 1770 5837 ι).
1801 5773 1925 5828 594.

1365 5627 1410 5659 το
1449 5628 1520 5659 Λα
1549 5628 1680 5659 falsa
1709 5631 1822 5659 0...:

1147 5625 1289 5698 μθ.
1365 5627 1410 5659 ⁷⁸
1448 5628 1520 5683 De
1549 5628 1680 5683 falsa
1707 5631 1966 5702 sapient.,
1994 5649 2112 5703 cap.
2136 5635 2226 5689 25.
2304 5631 2351 5663 ⁸ο
2384 5631 2419 5685 l.
2450 5646 2502 5683 ιιι
2533 5628 2608 5683 De
2647 5629 2819 5694 ofﬁc.,
2845 5643 2964 5699 pag.
3015 5627 3113 5687 401

1147 5735 1160 5751 .
1191 5715 1248 5765 ιι,
1294 5715 1346 5767 p.
1381 5700 1505 5752 417.
1580 5700 1626 5730 ³³
1654 5700 1750 5754 lib.
1780 5719 1814 5755 ιι
1871 5704 1943 5759 De
1970 5706 2122 5760 iinib.
2150 5721 2298 5773 pag.,
2323 5702 2412 5756 66.
2483 5700 2532 5733 ⁸⁵
2561 5701 2766 5754 Strom.
2822 5701 2911 5754 lib.
2967 5714 2998 5750 ν
3022 5739 3039 5762 ο
3081 5715 3113 5769 ρ

1147 5807 1180 5827 ..
1203 5785 1259 5827 ι).
1286 5770 1410 5827 401.
1442 5779 1495 5822 et
1518 5769 1611 5824 lib.
1640 5787 1690 5827 ν.
1719 5786 1770 5827 ι).
1801 5773 1925 5827 591.
2002 5776 2045 5806 ⁸⁷
2075 5777 2146 5827 De
2167 5777 2338 5827 Craac.
2373 5769 2556 5825 alIect.
2592 5786 2732 5827 cur..
2768 5787 2930 5825 serm.
2964 5769 3051 5827 11.
3090 5786 3113 5827 ι]

2118 5789 2338 5829 etjraac.
2373 5789 2556 5825 aueCt.
2592 5789 2732 5836 cur.,
2768 5789 2930 5825 serm.
2964 5789 3051 5834 ιι,

2155 1963 2466 2027 rationibus,
2496 1974 2549 2016 et
2582 1961 2802 2016 Hecate.
2834 1963 2986 2028 Quod
3017 1973 3199 2015 autem
3231 1962 3490 2016 docibilis
3531 1965 3622 2025 sit,
3649 1981 3698 2015 ex

2154 2045 2223 2084 eo
2249 2041 2488 2097 constat,
2512 2033 2655 2101 quod
2689 2033 2813 2086 boui
2845 2049 2909 2086 ex
2939 2033 3096 2086 malis
3127 2033 3278 2085 fiant.
3313 2032 3581 2086 Panaetius
3607 2051 3703 2101 qui-

2153 2102 2276 2155 dem
2312 2101 2448 2156 duas
2484 2103 2661 2172 posuit
2689 2103 2952 2167 virtutes,
2986 2104 3474 2172 contemplativam
3510 2115 3563 2158 et
3591 2105 3701 2157 acti-

2152 2186 2273 2224 vam
2303 2187 2316 2233 ;
2352 2172 2442 2225 alii
2468 2183 2600 2232 tres.
2634 2173 2974 2238 rationalem,
3001 2173 3309 2227 naturalem
3340 2183 3400 2226 et
3426 2175 3699 2237 iniuralem;

2154 2250 2392 2314 quatuor
2414 2242 2788 2311 Possidonius,
2813 2243 2996 2312 plures
3039 2242 3366 2307 Cleanthes,
3400 2244 3702 2314 Chrysippus

2153 2321 2206 2363 et
2239 2313 2543 2380 Antipater.
2588 2331 2608 2364 ι

2225 2382 2460 2438 Zenonis
2492 2398 2621 2438 vero
2652 2383 2958 2452 opinionem
2990 2382 3181 2438 Cicero
3212 2383 3396 2438 fusius
3429 2385 3704 2452 clariusque

2159 2453 2234 2524 ita
2277 2453 2528 2508 enucleat
2555 2454 2601 2486 ’°
2632 2467 2648 2506 :
2678 2473 2696 2504 ι
2728 2453 2874 2507 Zeno
2907 2454 3220 2508 nullomodo
3269 2455 3317 2508 is
3367 2466 3511 2518 erat,
3549 2459 3626 2524 qui
3657 2467 3703 2508 ut

2154 2522 2563 2592 TheOphrastus
2587 2539 2787 2578 nervos
2821 2526 3035 2578 virtutis
3072 2525 3364 2588 inciderit;
3397 2527 3490 2580 sed
3523 2522 3701 2587 contra,

2153 2596 2243 2662 qui
2275 2595 2456 2648 omnia
2487 2610 2606 2662 qum
2634 2595 2698 2647 ad
2736 2595 2948 2648 beatam
2983 2596 3148 2647 vitam
3181 2597 3522 2664 pertinerent
3545 2599 3590 2649 in
3618 2613 3702 2648 una

2151 2665 2350 2718 virtute
2379 2674 2622 2732 poneret,
2655 2680 2753 2718 nec
2792 2665 3086 2732 quidquam
3132 2665 3279 2719 aliud
3323 2680 3624 2721 numeraret
3661 2668 3700 2718 in

2153 2733 2331 2806 bonis,
2368 2735 2527 2803 idque
2553 2734 2854 2805 appellaret
2891 2735 3203 2800 honestum,
3235 2742 3382 2806 quod
3425 2749 3565 2791 esset
3591 2738 3700 2791 sim-

2151 2804 2271 2871 plex
2304 2804 2598 2870 quoddam,
2623 2804 2678 2860 et
2721 2806 2918 2866 solum.
2959 2817 3012 2858 et
3045 2822 3211 2859 unum
3253 2804 3490 2861 bonum.
3523 2808 3699 2864 Cetera

2151 2885 2332 2928 autem
2371 2875 2472 2929 etsi
2503 2889 2602 2929 nec
2645 2876 2807 2940 bona,
2841 2890 2940 2930 nec
2981 2875 3118 2928 mala
3161 2887 3373 2941 essent,
3413 2889 3583 2933 tamen
3619 2878 3701 2929 alia

2151 2946 2449 2998 secundum
2485 2955 2734 3000 naturam
2777 2947 3008 3008 dicebat,
3057 2946 3162 3002 alia
3203 2958 3417 3002 natura:
3447 2964 3563 3003 esse
3592 2963 3701 3002 con-

2152 3016 2356 3078 traria;
2390 3015 2455 3070 iis
2484 3015 2615 3086 ipsis
2637 3016 2740 3070 alia
2775 3016 3054 3084 iuterjecta
3089 3027 3154 3072 et
3177 3020 3359 3073 media
3391 3021 3700 3074 numerabat.

2149 3086 2278 3151 Qua:
2311 3095 2489 3140 autem
2522 3088 2815 3140 secundum
2851 3097 3102 3140 naturam
3133 3099 3347 3152 essent,
3383 3103 3447 3142 ea
3474 3090 3699 3143 sumenda

2149 3169 2206 3209 et
2233 3157 2464 3224 quadam
2499 3157 2858 3212 azstimatione
2902 3158 3176 3226 dignanda
3213 3161 3474 3214 dicebat:
3515 3170 3701 3214 contra-

2149 3241 2254 3292 que
2277 3228 2589 3300 contraria;
2617 3236 2802 3300 neutra
2825 3237 3005 3300 autem
3025 3229 3076 3281 in
3098 3229 3294 3284 mediis
3327 3231 3663 3300 relinquebat.
3680 3247 3695 3278 ι

2148 3303 2252 3351 etc.
2326 3295 2534 3351 Videsis
2582 3297 2829 3350 eumdem
2880 3297 3199 3353 Ciceronem
3248 3303 3318 3354 de
3382 3295 3568 3355 eodem
3616 3299 3697 3351 Ze-

2147 3381 2290 3421 none
2317 3367 2542 3436 aliisque
2565 3367 2708 3421 illius
2741 3369 2966 3422 asseclis
3001 3379 3056 3423 et
3083 3374 3503 3426 successoribus
3529 3373 3696 3424 ibidem

2147 3453 2269 3512 pag.
2287 3437 2375 3512 5__6,
2395 3449 2450 3490 et
2478 3439 2644 3512 lib.”
2660 3437 2742 3512 pe
2761 3437 2976 3512 ﬁttibus,
3000 3454 3123 3509 pag.
3153 3441 3224 3494 86
3259 3453 3485 3512 etseqq.
3508 3459 3522 3507 ;
3546 3442 3628 3493 lib.
3651 3456 3698 3493 Ill

2148 3508 2223 3582 pe
2254 3510 2558 3582 o/ﬁeu‘pag.
2583 3507 2708 3582 589,
2739 3516 2792 3560 et
2816 3508 2910 3562 lib.
2944 3525 2997 3562 tv
3026 3507 3334 3566 Academic.
3362 3507 3570 3582 quae.
3595 3527 3698 3578 pag.

2143 3577 2237 3641 51,
2269 3579 2359 3632 ubi
2400 3578 2670 3650 Panaetius
2705 3596 2723 3629 ι
2747 3590 2980 3650 vocatur
3016 3583 3271 3648 princeps
3307 3577 3473 3650 prope
3511 3577 3698 3637 Stoicu-

2146 3664 2285 3723 rum,
2325 3666 2354 3723 ρ.
2375 3659 2438 3723 et
2459 3649 2685 3718 pagJM,
2719 3649 3010 3706 Cleanthes
3046 3668 3066 3702 ι
3103 3655 3264 3721 quasi
3297 3649 3560 3723 majorum
3589 3667 3702 3722 gen-

2147 3721 2280 3772 tium
2323 3718 2560 3772 Stoicus.
2597 3737 2617 3770 ι

2215 3789 2348 3861 Eam
2387 3787 2620 3861 fortasse
2653 3791 2723 3844 oh
2770 3804 2992 3845 causam
3033 3791 3106 3846 ita
3151 3791 3410 3847 Clemens
3445 3791 3698 3861 prosequi-

2146 3869 2231 3913 tur
2271 3860 2316 3891 "
2346 3873 2362 3912 :
2391 3875 2410 3910 ι
2449 3857 2678 3925 Quidam
2729 3869 2909 3914 autem
2960 3875 3025 3914 ex
3078 3857 3481 3918 recentioribus
3529 3857 3700 3917 Stoicis

2143 3933 2308 4004 finem
2350 3944 2471 3984 esse
2519 3929 2890 4004 tradiderunt,
2921 3931 2982 4004 τὸ
3035 3928 3136 4002 ζῇν
3185 3933 3496 3998 ἀκολούθως
3523 3938 3583 4004 τῇ
3620 3929 3699 4004 τοῦ

2141 3998 2425 4072 ἀνθρώπου
2461 4002 2800 4072 κατασκευῇ*
2826 4017 2846 4051 ι
2883 3998 3504 4072 vivere'consequenter
3527 3998 3700 4060 cansti-

2144 4071 2334 4125 tutibni
2393 4071 2648 4124 hominis.
2696 4089 2715 4121 ι
2760 4071 2920 4125 Prius
2977 4082 3158 4126 autem
3205 4071 3606 4134 vidimusbanc
3639 4072 3698 4124 ab

2142 4143 2260 4210 ipso
2292 4151 2454 4214 atque
2480 4155 2525 4214 _a
2565 4141 2902 4214 Theodoreto
2949 4143 3148 4214 Stoicis
3195 4145 3456 4199 omnibus
3500 4157 3699 4214 genera-

2144 4215 2238 4266 tim
2293 4211 2491 4265 ascribi
2541 4213 2891 4279 sententiam,
2938 4213 3100 4267 finem
3149 4230 3274 4269 esse
3320 4216 3384 4269 τὸ
3420 4211 3699 4274 (iaculati-8w;

2140 4280 2300 4352 φύσει
2339 4281 2460 4352 ζῆν.
2501 4282 2646 4356 Quid
2678 4286 3068 4356 autenrhanc
3109 4285 3251 4339 inter
3292 4298 3350 4340 et
3388 4289 3696 4356 superiorem

2141 4357 2467 4428 sententiam
2500 4353 2716 4407 intersit
2747 4353 3102 4420 discriminis,
3137 4361 3408 4424 expende,
3441 4353 3700 4428 quam,“

2141 4435 2450 4492 pronuntia.

2210 4494 2432 4566 interim
2482 4507 2621 4566 vero?
2659 4503 2936 4566 auctorem
2963 4553 2972 4566 Α,
2993 4507 3244 4549 nostrum
3298 4511 3603 4566 sequamur.
3635 4491 3696 4546 Ita

2142 4575 2322 4618 autem
2354 4565 2440 4616 ille
2477 4565 2652 4632 pergit
2675 4564 2721 4594 "
2754 4582 2767 4618 :
2811 4583 2828 4616 ι
2871 4563 3012 4630 Quid
3058 4567 3152 4620 tibi
3190 4563 3498 4622 Aristonem
3533 4578 3700 4619 recen-

2143 4635 2328 4709 seam?
2359 4634 2406 4709 Is
2437 4633 2596 4709 ﬁnem
2648 4635 2861 4709 dicebat
2896 4650 3016 4689 esse
3054 4636 3403 4709 ἀδιαφορίαν,
3438 4641 3488 4692 id
3526 4644 3604 4709 est
3626 4634 3696 4709 itt-

2143 4703 2536 4770 dill'erentiam;
2571 4704 2885 4759 indill‘erens
2912 4717 3092 4776 autem
3129 4703 3289 4776 plane
3336 4708 3588 4776 relinquit
3626 4705 3697 4755 in-

2144 4776 2421 4830 dill'ereus.
2464 4777 2568 4830 Aut
2603 4789 2665 4828 ea
2697 4791 2816 4845 qua:
2848 4778 2916 4830 ab
2962 4775 3166 4832 Herillo
3211 4775 3567 4842 dicuntur,’iu
3599 4787 3695 4826 me-

2143 4849 2291 4919 dium
2339 4845 2756 4919 add_ucam?_Ex
2787 4848 3014 4900 scientia
3061 4850 3242 4902 vivere
3294 4851 3447 4919 ponit
3489 4845 3696 4919 llerillus

2141 4915 2327 4973 linem.
2363 4933 2388 4990 ρ
2425 4915 2912 4990 Ea_dem_Laertiu_s
2955 4921 3021 4971 de
3073 4912 3308 4990 utroque
3346 4919 3505 4990 paulo
3541 4912 3693 4980 expli-

2141 4989 2319 5041 catius
2361 4986 2604 5054 loquitur
2624 4987 2712 5041 ’δι
2748 5005 2766 5039 ι
2801 4988 3026 5040 Ariston
3077 4986 3248 5043 Chius
3298 4986 3692 5052 Phalantuqu

2141 5068 2498 5126 eognmnento
2523 5057 2706 5129 Siren,
2743 5057 3054 5129 fiueuresse
3077 5060 3213 5112 dixit
3238 5062 3308 5113 ad
3344 5059 3538 5125 aliquid
3572 5059 3694 5129 inter

2142 5129 2393 5180 virtutem
2447 5135 2500 5181 et
2550 5128 2735 5183 vitium
2785 5127 3157 5184 iudill‘ereuter
3203 5145 3264 5183 se
3306 5133 3584 5184 habentem
3625 5127 3692 5173 Vi-

2145 5213 2288 5263 vere,
2321 5197 2523 5253 nullam
2560 5199 2859 5266 quamlibet
2899 5200 3168 5253 modicam
3200 5202 3517 5254 varietatem
3547 5195 3690 5250 reliu-

2139 5269 2379 5338 queudo,
2414 5267 2506 5321 sed
2550 5284 2608 5324 se
2651 5269 2929 5336 aequaliter
2970 5270 3022 5322 iu
3077 5272 3335 5324 munibus
3383 5269 3636 5325 habendo.
3665 5277 3683 5311 ι

2140 5343 2333 5411 Postea
2387 5354 2516 5411 vero
2546 5339 2592 5411 ’ξ
2632 5357 2646 5393 :
2697 5356 2716 5390 ι
2763 5338 2996 5393 llerillus
3056 5339 3500 5411 Carthaginiensis
3545 5338 3685 5411 finem

2139 5409 2427 5466 scientiam
2477 5409 2636 5476 dixit,
2690 5411 2833 5480 quod
2876 5419 2960 5464 est
3006 5424 3225 5478 semper
3269 5409 3480 5477 vivere,
3516 5410 3704 5479 cuncta'

2144 5480 2430 5537 referendo
2455 5481 2522 5534 ad
2555 5483 2839 5538 vivendum
2861 5495 2983 5536 cum
3017 5481 3269 5546 scientia,
3301 5497 3374 5540 ne
3410 5481 3685 5552 ignorantia

2304 5631 2351 5663 ⁸ο
2384 5631 2419 5685 l.
2450 5646 2502 5683 ιιι
2533 5628 2608 5683 De
2647 5629 2819 5694 offic.,
2845 5643 2964 5699 pag.
3015 5627 3143 5687 401.
3217 5629 3263 5659 ⁸¹
3285 5627 3486 5699 Strom.
3507 5622 3598 5699 lib-
3622 5631 3680 5680 τί.

3117 5716 3202 5771 ag.
3246 5700 3303 5754 61
3318 5699 3410 5771 5.“
3443 5694 3680 5771 ᾔδη-οξ.

3089 5757 3302 5838 'p."647.
3369 5768 3413 5799 ⁸³
3441 5768 3526 5820 lib.
3551 5776 3596 5838 n_
3612 5757 3680 5838 ge

465 5829 722 5914 [ίξιὶζωλιο
918 5837 964 5868 ⁶⁹
989 5835 1027 5894 Ι.
1068 5829 1223 5914 vitia
1262 5842 1366 5914 vita
1401 5829 1765 5914 Zenon._.§'87
1789 5853 1840 5898 et
1868 5859 1984 5914 Seq.
2049 5846 2095 5877 9°
2120 5847 2214 5900 lib.
2262 5863 2293 5897 ιι
2327 5844 2492 5914 Acad.
2525 5829 2744 5914 quzest.',
2777 5858 2826 5914 p.
2855 5842 2907 5896 8.
2983 5829 3262 5898 "'S'tron'i.
3301 5841 3394 5896 lib.
3425 5851 3548 5907 u,p.
3571 5829 3675 5888 “5-

471 5900 681 5957 "umt;
755 5906 800 5936 π
835 5905 926 5961 lib.
959 5921 1029 5961 vu
1075 5907 1126 5964 in
1160 5909 1274 5964 Vita
1313 5911 1543 5977 Zenon.,
1595 5900 1785 5982 §"to'0.

1869 5915 1915 5945 ”
1942 5912 1994 5970 iu
2038 5915 2159 5970 Vita
2208 5915 2414 5981 Herilli,
2449 5912 2476 5981 §
2513 5913 2632 5967 165.
