3874 6538
179 327 302 383 1353

175 454 286 501 sunt
317 445 479 500 verba
511 447 556 479 “
601 467 614 501 :

174 515 662 584 eloquentissimum
687 531 953 584 quemque
982 531 1076 568 sua
1115 525 1271 567 aetate
1328 531 1713 583 supergressus

173 595 266 642 est.
291 584 386 639 Hic
430 587 614 638 varias
655 586 862 639 dicendi
898 593 1038 638 artes
1075 585 1280 653 primus
1325 585 1548 645 invenit,
1579 596 1630 639 et
1659 587 1712 640 in

174 655 417 723 sapientis
450 655 772 722 eloquentiae
798 655 972 708 studio
1006 651 1440 720 acprofessione
1471 655 1604 708 adeo
1632 671 1716 710 su-

174 741 255 793 pra
283 723 415 778 alios
450 724 694 784 eminuit,
731 734 786 776 ut
817 725 1076 777 mercedis
1114 725 1238 793 loco
1265 734 1480 777 centum
1529 740 1556 793 a
1604 725 1714 778 sin-

173 792 297 861 gulis
321 793 604 862 discipulis
639 795 808 845 minas
829 795 1111 862 acciperet.
1155 812 1173 844 »
1211 792 1348 858 Quid
1380 792 1542 863 ergo?
1581 793 1716 846 Non-

173 881 248 926 ne,
292 865 526 929 inquies,
576 863 836 916 Diodorus
877 877 905 914 a
947 863 1221 916 Clemente
1277 865 1430 917 testis
1481 863 1714 917 citatnr?

172 935 230 986 At
256 933 297 986 si
325 932 412 985 hic
435 933 504 985 ab
534 932 649 998 ipso
667 932 884 995 citatur,
912 948 1089 998 nonne
1131 932 1413 986 dicendum
1467 941 1550 985 est
1595 933 1714 987 Cle-

171 1012 389 1055 mentem
411 997 683 1054 memoria:
715 1001 862 1069 lapsu
894 1016 988 1070 pro
1008 997 1203 1069 Gorgia
1240 1001 1521 1069 scripsisse
1554 1002 1712 1056 Anti-

169 1070 452 1138 phontem?
489 1070 595 1124 Sed
629 1071 933 1139 priusquam
979 1080 1126 1139 tuum
1178 1071 1321 1122 feras
1362 1072 1428 1124 de
1454 1086 1516 1124 ea
1549 1071 1712 1137 reju-

169 1137 383 1199 dicium,
424 1141 550 1192 audi
603 1137 808 1202 adhuc,
836 1155 933 1193 oro
961 1148 1030 1204 te,
1061 1137 1398 1198 Ciceronem.
1441 1141 1506 1193 de
1551 1141 1714 1195 claris

168 1211 469 1262 oratoribus
510 1211 622 1263 lucc
648 1211 1006 1278 disputantem
1052 1211 1105 1262 in
1151 1210 1310 1263 verba
1341 1210 1385 1241 δ’
1421 1228 1434 1264 :
1471 1227 1490 1261 ι
1532 1208 1714 1278 Itaque

168 1280 234 1331 ait
261 1280 732 1349 Aristotelescum
767 1279 994 1332 sublatis
1028 1279 1077 1331 in
1108 1278 1291 1332 Sicilia
1325 1279 1590 1349 tyrannis,
1625 1295 1711 1333 res

165 1349 376 1416 privatae
402 1348 566 1419 longo
594 1347 874 1402 intervallo
907 1349 1122 1416 judiciis
1155 1347 1548 1416 repeterentur,
1597 1357 1710 1402 tum

167 1419 390 1486 primum
425 1419 593 1489 (quod
617 1428 761 1471 esset
788 1428 942 1472 acuta
971 1420 1056 1489 illa
1088 1429 1329 1489 gens,_et
1362 1429 1709 1489 controversa

167 1484 368 1559 natura)
398 1484 571 1542 ariem
601 1495 654 1559 et
683 1497 944 1559 praecepta
987 1484 1200 1542 Siculos
1242 1486 1500 1559 Coracem
1535 1497 1588 1559 et
1620 1484 1712 1540 Ti-

166 1558 288 1609 siam
317 1556 731 1625 conscripsisse.
777 1556 908 1610 Nam
961 1566 1118 1611 antea
1179 1557 1445 1611 neminem
1495 1557 1709 1611 solitum

164 1628 269 1687 via,
314 1643 418 1682 nec
458 1638 600 1689 arte,
637 1627 728 1681 sed
781 1637 1031 1682 accurate
1081 1637 1279 1688 tamen,
1327 1628 1483 1680 etde
1511 1628 1712 1693 scripto

196 1696 442 1766 lerosque
476 1697 677 1758 dicere,
723 1697 1056 1764 scriptasque
1101 1696 1265 1750 fuisse
1307 1707 1362 1749 et
1417 1706 1633 1765 paratas
1680 1711 1708 1748 a

185 1770 449 1835 ’rotagora
515 1782 693 1820 rerum
761 1767 1045 1819 illustrium
1116 1767 1526 1834 disputationes,
1592 1781 1710 1835 qua:

165 1851 292 1888 nunc
316 1834 640 1890 Communes
691 1837 1025 1905 appellantur
1078 1835 1202 1888 loci.
1259 1835 1411 1902 Quod
1459 1837 1597 1890 idem
1642 1834 1713 1888 fe-

162 1906 289 1958 cisse
307 1906 594 1975 Gorgiatn,
623 1921 740 1958 cum
765 1906 1095 1973 singularum
1129 1920 1312 1975 rerum
1348 1905 1530 1958 laudes
1572 1905 1712 1957 vitu-

164 1973 575 2043 perationésque
619 1976 1028 2043 conscripsisset
1059 1992 1072 2027 :
1102 1975 1243 2041 quod
1294 1973 1563 2040 iudicaret.
1614 1976 1715 2027 hoc

161 2047 382 2099 oratoris
411 2044 647 2097 maxime
678 2047 970 2113 praprium,
1025 2059 1136 2096 rem
1185 2058 1380 2113 augere
1414 2058 1572 2112 posse
1601 2043 1713 2096 lau-

163 2115 351 2186 dando,
406 2112 868 2186 vituperandoque
919 2129 1105 2186 rursus
1140 2112 1394 2186 aliligere.
1440 2113 1572 2186 lluic
1606 2114 1713 2186 An-

162 2184 456 2249 tiphontem
500 2183 893 2236 Rhamnusium
929 2184 1121 2235 similia
1177 2183 1417 2250 qumdam
1462 2184 1714 2236 habuisse

159 2256 481 2322 conscripta,
535 2267 643 2319 quo
697 2255 962 2307 neminem
1016 2267 1249 2319 unquam
1306 2252 1497 2305 melius
1549 2251 1711 2304 ullam

158 2321 393 2377 oravisse
416 2322 618 2388 capitis
649 2338 890 2387 causam,
916 2337 1034 2375 cum
1067 2337 1124 2374 se
1152 2323 1262 2388 ipse
1290 2321 1625 2384 defenderet,
1654 2335 1715 2374 se

158 2396 424 2456 audiente,
463 2393 704 2460 locuples
728 2402 916 2446 auctor
943 2392 1157 2459 scripsit
1189 2391 1548 2458 Thucydides.
1589 2410 1607 2442 ι
1646 2392 1714 2444 At

157 2463 199 2516 si
227 2474 456 2531 uterque
497 2459 724 2532 Gorgias
751 2472 803 2516 et
831 2462 1102 2528 Antiphon
1130 2461 1346 2532 isiinilia
1371 2461 1712 2532 habuerunt,

158 2533 283 2586 nihil
321 2529 520 2584 nurum
541 2533 586 2584 si
619 2529 858 2584 nonnulli
892 2533 941 2583 id
981 2531 1214 2598 Gorgiae,
1242 2530 1383 2597 quod
1426 2529 1590 2600 289
1618 2531 1708 2583 alii

157 2603 464 2670 Antiphonti
509 2602 880 2668 ascripserint.
923 2601 1169 2654 Clemens
1208 2601 1390 2667 itaque
1435 2617 1558 2670 cunt
1610 2614 1713 2652 non

155 2669 289 2740 quod
324 2676 462 2740 ipse,
506 2671 772 2740 sedquod
823 2671 913 2724 alii
957 2670 1280 2740 censuerint,
1324 2669 1586 2740 explicet,
1619 2684 1717 2721 au-

155 2739 356 2794 ctoreui
386 2757 546 2794 suum
579 2739 887 2806 Diodorum,
908 2739 1001 2794 sed
1033 2739 1198 2791 aliutn
1222 2739 1443 2791 forsitan
1477 2755 1506 2790 a
1536 2739 1716 2792 Siculo

156 2811 411 2864 laudavit.
461 2811 579 2864 Non
610 2825 731 2863 eum
767 2821 942 2863 autem
1003 2808 1196 2873 solum,
1229 2810 1322 2862 sed
1371 2807 1715 2861 Plutarchum

153 2881 311 2933 etiam
342 2880 411 2942 ⁸³,
446 2882 491 2934 si
519 2883 570 2932 id
605 2883 966 2934 necessarium
999 2879 1336 2939 credidisset,
1370 2880 1418 2928 in
1446 2878 1716 2944 Opinionis

153 2964 259 3002 sua:
281 2949 746 3004 confirmationem
779 2951 947 3002 citare
988 2948 1180 3014 potuit.
1235 2945 1438 3000 Vidcsis
1471 2952 1537 3000 de
1571 2956 1716 3000 utro-

153 3034 252 3088 que
275 3020 618 3096 Antiphonta
640 3027 693 3071 et
721 3017 916 3096 Gorgia
939 3017 1110 3072 Photii
1138 3015 1414 3079 Bibliotlt.,
1435 3017 1554 3070 cod.
1586 3015 1714 3081 259,

152 3104 272 3159 pag.
306 3089 442 3143 1451
473 3096 528 3143 et
552 3103 707 3158 seqq.

680 3176 1066 3234 AltTlCULUS
1102 3177 1191 3233 Ν.

151 3270 222 3325 De
248 3271 615 3328 inventoribus
646 3272 775 3324 artis
800 3270 1040 3338 poeticae,
1067 3281 1114 3322 et
1141 3271 1374 3331 musicw.
1409 3269 1715 3323 modorum—

213 3360 312 3425 que
333 3341 882 3420 musicorum,_iambi,
902 3338 1238 3425 dithyramb‘i,
1262 3340 1464 3425 hymnni,
1487 3341 1713 3403 choreae,

211 3409 537 3481 ἐρωτικῶν,
587 3413 952 3478 variorumque
990 3409 1220 3481 saltandi
1274 3411 1570 3473 modorum,
1615 3427 1712 3463 no-

210 3479 445 3546 morum,
473 3485 718 3542 citharw,
744 3481 935 3533 nablau
975 3479 1302 3549 aliorumque
1343 3482 1716 3534 instrumento-

213 3568 332 3606 rum
369 3553 721 3604 musicorum.

211 3643 294 3697 Ad
337 3653 518 3697 artem
573 3642 841 3708 poeticam
884 3649 940 3695 et
980 3641 1240 3696 musicam
1291 3639 1433 3711 quod
1484 3651 1714 3710 spectat,

146 3713 296 3780 plura
323 3715 393 3767 de
425 3711 598 3765 variis
627 3712 838 3764 illarum
871 3711 1116 3780 partibus
1146 3725 1441 3780 earumque
1477 3715 1718 3766 auctori-

145 3787 243 3836 bus
275 3783 538 3838 Clemens
591 3782 855 3850 congerit,
903 3795 967 3834 ac
1017 3781 1081 3834 de
1115 3781 1220 3834 illis
1249 3796 1399 3835 more
1445 3795 1546 3835 suo
1583 3785 1717 3836 satis

143 3852 374 3908 confuse
401 3853 648 3906 disserit.
698 3851 763 3904 Et
799 3851 970 3918 primo
1012 3850 1230 3916 quidem
1276 3851 1452 3905 alieno
1491 3851 1546 3904 in
1596 3851 1718 3906 loco

143 3924 206 3976 de
245 3923 464 3976 musica
497 3922 612 3974 haec
647 3919 884 3974 habet“
915 3937 930 3974 :
965 3939 983 3972 ι
1021 3919 1218 3974 Zethus
1247 3929 1302 3973 et
1334 3920 1600 3988 Amphion
1636 3921 1717 3974 in-

143 4003 402 4046 ventores
459 3991 679 4044 musicae
728 3989 950 4044 fuerunt
1001 3991 1144 4044 circa
1189 3990 1376 4044 Cadmi
1416 3999 1650 4044 aetatem.
1693 4009 1712 4040 ι

143 4059 245 4115 Sed
283 4064 491 4114 mirum
528 4075 662 4114 sane
693 4075 853 4127 quam
880 4060 1042 4113 varia:
1066 4059 1495 4129 multiplicesque
1521 4060 1720 4113 fuerint

142 4134 205 4184 de
225 4133 476 4185 musices
499 4130 808 4183 inventione
837 4131 1174 4198 antiquorum
1199 4130 1500 4197 opiniones.
1520 4129 1717 4196 Quam-

142 4201 221 4254 vis
273 4202 428 4254 enim
479 4199 727 4254 Valerius
758 4199 966 4254 Probus
993 4199 1038 4230 ⁸⁸
1059 4201 1265 4254 auctori
1302 4209 1486 4254 nostro
1532 4209 1716 4268 patro-

139 4271 383 4338 cinctur,
414 4279 580 4337 atque
617 4269 878 4322 Eusebius
905 4270 1020 4324 haec
1058 4269 1287 4338 ipsamet
1319 4268 1436 4336 ejus
1459 4271 1633 4338 verba
1662 4269 1714 4322 in

140 4337 310 4393 libros
343 4354 478 4392 suos
513 4339 882 4403 transtulerit;
935 4339 1022 4392 ille
1079 4337 1255 4392 tamen
1302 4339 1417 4407 ipse
1455 4337 1717 4392 Eusebius

137 4411 268 4464 alibi
311 4409 367 4440 “
395 4407 588 4462 scribit
617 4407 857 4478 Graecos
897 4410 1151 4478 Dionysio
1201 4409 1713 4478 tribuissemusicae

137 4479 342 4534 saltem
374 4476 1256 4532 harmonica:inventum—Plinius
1297 4491 1424 4531 vero
1466 4476 1508 4508 ⁵⁷
1549 4478 1713 4532 musi-

135 4564 258 4600 cam
303 4565 337 4601 a
398 4547 848 4617 solo_Amphione
891 4552 1246 4617 excogitatam
1284 4561 1420 4617 esse
1447 4547 1710 4614 perhibet.

134 4619 204 4671 At
253 4619 492 4674 Solinus
521 4614 568 4648 ⁸⁸
607 4632 630 4686 εν
665 4632 696 4686 (γ
737 4617 1003 4686 Studium,
1030 4614 1236 4686 inquit,
1285 4616 1550 4670 musicum
1590 4617 1716 4671 inde

135 4700 409 4758 coeptum,
439 4701 562 4740 cum
583 4685 704 4739 Idaei
729 4685 930 4758 DaCtyli
959 4685 1203 4741 modulos
1228 4687 1431 4758 crepitu
1460 4702 1523 4739 ac
1554 4687 1716 4739 tinni-

139 4766 191 4808 tu
216 4755 353 4812 ἀπῆς
376 4759 748 4825 deprehensos
777 4757 829 4808 in
864 4755 1168 4810 versilicum
1210 4755 1451 4810 ordinem
1481 4763 1716 4811 transtu-

135 4827 356 4883 lissent.
387 4846 411 4880 ι

205 4903 400 4968 Atque
433 4904 494 4968 ut
517 4894 911 4968 Berosum,_qui
949 4893 1126 4953 Bardo
1165 4894 1440 4951 Gallorum
1478 4895 1613 4968 regi,
1665 4902 1718 4948 et

133 4965 442 5040 Polybium
469 4966 538 5031 ",
567 4977 729 5040 atque
760 4966 929 5040 alios,
977 4968 1069 5040 qui
1112 4969 1380 5040 Arcadum
1425 4965 1717 5040 majoribus

132 5036 419 5107 originem
456 5037 676 5107 musica;
708 5036 942 5107 tribucre
973 5039 1248 5107 videntur,
1303 5037 1495 5107 lliisgqg
1546 5036 1715 5107 facta-

134 5104 286 5172 tuus,
346 5110 495 5161 hanc
547 5105 809 5157 Diodorus
843 5104 1056 5158 Siculus
1106 5105 1153 5136 '°
1202 5106 1399 5158 alicubi
1451 5104 1716 5159 Mercurio

132 5179 421 5247 assignat,
457 5174 586 5226 alibi
621 5187 748 5226 vero
769 5178 1102 5247 earumdem,
1135 5185 1227 5228 aut
1253 5175 1442 5228 saltem
1475 5175 1716 5226 musico-

133 5244 275 5300 rum'
323 5253 672 5300 acromatum
728 5244 974 5308 scholas,
1037 5249 1374 5312 musicusque
1420 5253 1713 5297 conventus

203 5417 250 5448 “
288 5415 335 5469 l.
374 5427 454 5466 xu
480 5410 721 5477 Bibliot.,
748 5427 802 5482 p.
827 5413 953 5467 315.
1055 5415 1100 5446 δ’
1131 5415 1184 5468 in
1232 5413 1408 5480 Brut.,

128 5488 175 5518 ιο
215 5486 255 5539 Ι.
298 5500 339 5538 x
376 5482 555 5550 Przep.
601 5495 813 5552 evang,
842 5499 892 5539 c.
928 5483 982 5548 6,
1011 5495 1066 5538 et
1104 5487 1141 5540 Ι.
1175 5501 1234 5539 ιι.

101 5556 172 5590 ιιι
219 5558 262 5610 ι,
317 5567 503 5625 ιγ’-μ.
543 5551 672 5608 289.
719 5551 762 5625 ί
790 5553 837 5586 ⁵ο
875 5555 965 5625 l.t
1000 5554 1275 5621 Biblioth.,
1309 5571 1360 5625 p.
1394 5555 1498 5620 20;
1527 5555 1565 5609 Ι.
1609 5571 1685 5620 iv,

1823 5555 1945 5618 M9,
1997 5565 2051 5608 et
2081 5556 2145 5625 _l..
2179 5570 2228 5619 v,

124 5626 172 5656 "
210 5628 251 5679 l.
300 5641 366 5679 ix
410 5622 795 5692 Detpnosoph.,
822 5637 877 5691 p.
910 5624 1036 5678 590.
1112 5626 1158 5657 ⁸³
1189 5627 1224 5682 l.
1261 5622 1397 5680 v’De
1436 5641 1541 5680 rer.
1583 5637 1696 5680 nat.

1823 5636 1868 5678 te
1897 5629 1988 5677 lin.

125 5696 173 5726 ⁸⁵
212 5713 272 5766 p.
310 5692 462 5766 508.
529 5692 573 5766 ‘_'
614 5693 746 5766 circ.
768 5695 897 5766 init.
925 5695 1018 5766 lib.
1062 5696 1135 5750 De
1168 5698 1362 5762 music,
1398 5707 1529 5750 tom.
1558 5697 1621 5760 ll,
1653 5710 1706 5764 p.
1739 5695 1896 5748 “32.
1940 5737 1942 5739 .
1971 5695 2087 5766 fil.
2125 5709 2220 5763 vn,
2255 5712 2305 5751 c.
2327 5692 2424 5761 56,—
2447 5713 2501 5766 p.
2525 5698 2646 5752 105.

1350 326 1437 380 DE
1476 325 1698 382 LIBRIS
1735 323 2192 382 STROMATUM.

653 465 671 497 c
713 445 938 513 Gorgias
981 454 1162 501 orator
1191 445 1402 500 dicendi
1462 446 1716 503 facultate
1746 453 1792 508 Α
1822 446 2054 512 Baccho,
2088 445 2242 521 alibi
2273 445 2804 521 de_t_t_iq_ue_quasdarr_t
2852 450 2994 508 illius
3053 463 3258 521 partes,
3300 456 3395 510 Mi-

1461 5430 1584 5485 pag.
1610 5415 1738 5468 217.

1345 5485 1388 5518 ⁸⁷
1440 5488 1475 5538 I.
1524 5500 1594 5540 vn
1654 5485 1842 5538 Natur.
1903 5487 2118 5549 histor.,
2183 5500 2233 5539 c.
2286 5485 2376 5550 56,
2447 5502 2501 5555 p.

3249 334 3387 392 {35$

1823 515 2186 591 nerv:e,_alias
2217 515 2448 591 Apollini
2483 517 2736 591 vindicat,
2771 519 2959 591 Bo_etio
2991 515 3154 591 po'rro
3187 515 3389 581 si'cre-

1819 586 1996 639 diums
2027 585 2102 655 7“,
2157 601 2277 637 cum
2327 583 2660 655 Pythagoras
2721 589 2775 641 in
2831 583 3106 645 fabrorum
3155 594 3389 649 ofﬁcinis

1829 654 2298 708 animadvertisset
2353 654 2622 708 diverSum
2697 658 3009 714 malleorum
3067 677 3260 716 sonum
3320 681 3386 719 ex

1822 724 1972 777 vario
2002 738 2189 778 eorum
2225 723 2462 790 pondere
2490 725 2644 785 oriri,
2673 725 2794 780 inde
2831 732 3062 784 musices
3085 748 3386 788 consonan-

1824 794 1957 867 tiam
1986 793 2278 867 adiuvenit.
2306 791 2669 867 Quidplura?
2691 795 3056 867 AChamaeleon
3103 801 3384 867 Ponticus,

1821 863 1958 929 apud
1999 861 2312 939 Athenaeum
2341 857 2524 939 ".alti
2545 863 3067 939 priscishominibus
3110 857 3382 939 repertam

1822 945 1885 1006 ac
1916 932 2272 1006 escogitatam
2309 937 2565 1006 musicam
2605 932 2672 986 ab
2712 933 2778 986 iis
2807 937 3020 1006 avibus,
3051 932 3258 1006 quaz'in
3288 957 3381 995 so-

1822 999 2134 1070 litudinibus
2163 1011 2387 1066 canunt,
2412 1002 2476 1054 ad
2500 1017 2799 1070 earumque
2833 999 3184 1062 imitationem
3221 1011 3381 1064 insti-

1825 1079 1989 1138 tutam
2023 1069 2185 1123 luisse
2240 1071 2469 1124 musices
2517 1069 2881 1138 disciplinam.
2924 1093 2942 1125 ι
2979 1075 3128 1132 Unde
3177 1078 3380 1134 Lucre-

1824 1139 1928 1192 tius
1953 1137 2020 1192 de
2045 1140 2263 1193 musica:
2291 1141 2498 1208 origine
2517 1140 2597 1196 sic
2625 1137 2821 1195 cecinit
2851 1143 2898 1174 ⁸³
2936 1165 2950 1199 :

1923 1228 1988 1282 At
2020 1230 2246 1300 liquidas
2270 1231 2443 1284 avium
2479 1249 2622 1286 voces
2653 1234 2920 1288 imitarier
2943 1252 3032 1290 ore

1924 1300 2052 1352 Ante
2072 1299 2174 1369 fuit
2201 1301 2386 1363 multo,
2411 1317 2566 1369 quam
2597 1303 2751 1357 lwvia
2781 1308 3019 1359 carmina
3052 1318 3211 1360 cantu

1923 1368 2293 1446 Qoncelebrqre
2310 1368 2540 1424 homines
2559 1384 2786 1446 possent,
2806 1391 3058 1446 auresque
3065 1377 3274 1446 juvare,

1924 1435 1992 1516 Ιξι
2021 1439 2232 1516 zephyri
2253 1455 2379 1492 cara
2399 1456 2492 1507 per
2514 1435 2839 1516 calamorum
2865 1435 3021 1498 sibifa
3044 1435 3272 1516 primum

1924 1505 2167 1579 Agrestes
2191 1505 2412 1562 docuere
2437 1526 2586 1563 cavas
2610 1512 2795 1579 inﬂare
2821 1518 3038 1568 cicutas.

1921 1574 2054 1652 Lude
2074 1579 2380 1652 minutatim
2393 1580 2573 1652 Διίιιζςιεε
2597 1574 2828 1652 didicere
2859 1586 3121 1652 querelas,

1923 1643 2071 1723 Troia
2092 1663 2221 1714 quas
2248 1648 2424 1714 fundit
2454 1649 2632 1723 digitis
2660 1643 2881 1715 pulsata.
2901 1643 3204 1723 canentum,

1922 1716 2049 1794 Avia
2073 1732 2164 1794 per
2191 1733 2425 1780 nemora,
2451 1716 2719 1794 acisilras,
2751 1723 3017 1792 saltusque
3050 1716 3274 1794 reperta,

1926 1783 2033 1837 Per
2067 1786 2182 1839 loca
2213 1796 2485 1854 pastorum
2512 1783 2741 1854 deserta,
2771 1783 3060 1861 atque'otia
3087 1783 3199 1848 dia.

1883 1898 1952 1950 At
1981 1898 2080 1972 his
2104 1899 2788 1972 paganorumscriptorum
2831 1903 3174 1972 opinionibus
3199 1905 3382 1961 verior

1814 1966 2020 2044 procpb
2051 1966 2214 2044 dubio
2264 1966 2672 2044 tibi_vid_ebi'tur
2723 1966 2987 2044 sententia
3025 1971 3246 2044 Iosephi
3291 1977 3379 2039 “,

1814 2037 1901 2110 qui
1926 2035 2094 2110 _Jubal
2145 2037 2394 2110 Lamechi
2445 2038 2623 2110 tilium,
2655 2059 2673 2091 ι
2714 2043 2931 2096 musica:
2977 2035 3196 2110 operam
3237 2035 3394 2099 bautt'

1816 2106 1975 2177 dubie
1999 2106 2228 2173 primum
2257 2109 2484 2168 dedisse,
2514 2109 2934 2177 psalteriumque
2972 2106 3028 2165 ei
3059 2113 3324 2168 citharam
3353 2133 3374 2165 υ

1816 2175 2082 2229 invenisse
2109 2177 2264 2230 testis
2289 2192 2394 2230 non
2434 2175 2652 2232 omnino
2691 2175 2928 2234 incertus
2983 2181 3141 2235 nobis
3173 2194 3277 2237 est.
3324 2185 3378 2237 In

1815 2241 2085 2319 Geneseos
2114 2246 2324 2319 etenim
2374 2246 2510 2300 libro
2541 2247 2588 2278 "
2628 2248 2825 2319 dicitur
2857 2249 3022 2304 fuisse
3051 2271 3067 2301 ι
3106 2261 3260 2319 pater
3291 2268 3381 2305 ca-

1816 2316 2058 2383 nentium
2080 2316 2283 2370 cithara
2305 2324 2358 2368 et
2391 2330 2626 2383 organo;
2666 2336 2685 2369 ι
2718 2318 2797 2383 vel
2828 2329 2885 2371 ut
2914 2321 2964 2372 in
2989 2316 3175 2374 Graica
3193 2321 3381 2374 LXXII

1817 2381 2098 2460 §euiorum
2160 2381 2656 2460 interpretatione:
2697 2382 2849 2452 οὗτος
2883 2384 2952 2460 ἦν
2990 2390 3019 2441 ὁ
3065 2390 3383 2458 καταδείξας

1813 2451 2130 2524 ψαλτήριον,
2159 2455 2252 2506 καὶ
2284 2453 2534 2524 κιθάραν,
2907 2451 2920 2460 ν
3297 2451 3313 2458 -
3361 2451 3376 2455 -
3435 2453 3442 2458 .

1884 2523 1960 2577 De
1983 2525 2206 2578 musicis
2231 2523 2608 2581 autetn’tnodis
2641 2525 2714 2582 ita
2745 2538 2936 2584 auctor
2960 2539 3182 2584 noster:
3213 2547 3232 2582 ι
3263 2529 3380 2584 Mo-

1815 2590 1936 2668 tlos,
1991 2594 2164 2662 inquit
2199 2595 2268 2668 '°,
2302 2593 2480 2668 μέλος,
2530 2598 2872 2663 poematibus
2925 2600 3132 2668 primus
3167 2601 3378 2668 adjecit,

1815 2671 1870 2716 ct
1886 2661 2430 2733 Lacedaemoniorum
2459 2661 2600 2733 leges
2623 2661 2940 2721 numerosis
2968 2670 3216 2724 versibus
3233 2661 3382 2723 'scri.

1815 2729 2274 2805 psit_'l‘erpan_der
2304 2729 2619 2805 Antisseus.
2662 2755 2680 2787 ι
2717 2737 2841 2805 llaec
2859 2739 3019 2805 paulo
3053 2738 3225 2792 fusius
3255 2739 3383 2792 Plu-

1817 2802 2035 2874 tarchus
2059 2802 2312 2871 explicat,
2343 2803 2524 2872 aitque
2552 2804 2619 2868 ⁸⁷,
2657 2823 2675 2856 ι
2725 2802 3092 2874 Τετρίιιιόιοιιπι
3125 2808 3380 2861 citharae-

1815 2871 2058 2924 dicorum
2095 2885 2303 2940 poetam
2333 2871 2637 2937 nemorum,
2680 2883 2734 2929 et.
2766 2871 2886 2940 sua,
2921 2886 2969 2929 et
3006 2875 3220 2930 Homeri
3253 2892 3380 2930 car-

1815 2941 1961 3013 mina
2005 2941 2058 2994 in
2102 2942 2488 3013 certaminibus
2516 2954 2664 2997 certo
2688 2945 2942 3013 quodque
2973 2946 3190 2998 modulo
3229 2948 3378 3000 ceci-

1817 3009 1984 3088 uisse,
2020 3025 2252 3089 eumque
2285 3011 2514 3078 primum
2548 3009 2722 3068 modis
2753 3009 3119 3070 citharaedicis
3159 3017 3379 3070 nomina

1820 3093 3378 3149 nnposuisse..........................

1742 3137 1788 3198 C
1821 3188 1836 3204 .
1959 3186 1974 3201 .
2009 3187 2024 3201 .
2060 3189 2073 3202 .
2103 3150 2471 3204 citharmdica:
2503 3137 2644 3206 artis
2672 3155 2815 3206 nanti
2840 3137 3005 3208 multo
3034 3137 3170 3208 ante
3199 3137 3380 3209 tibici;

1816 3233 1944 3272 num
1974 3233 2166 3294 nemos
2195 3229 2434 3294 tempore
2464 3222 2700 3294 instituti
2733 3234 2859 3294 sunt
2883 3241 2910 3276 a
2941 3223 3278 3294 Terpan_dro.
3331 3227 3380 3280 Is

1816 3302 1946 3360 ergo
1968 3289 2347 3360 rcitharredicis
2393 3293 2606 3344 nomina
2635 3295 2762 3347 fecit
2790 3289 3077 3357 Boeotium,
3114 3292 3375 3360 IEolium,

1818 3355 2424 3432 Tr'ocltzeutit_acututu,
2451 3360 2761 3432 Cepionem,
2811 3355 3234 3432 'i‘erpandirium,
3272 3355 3378 3419 Te;

1819 3428 2120 3502 traaedium.
2145 3427 2302 3502 Fecit
2331 3431 2504 3502 etiam
2529 3427 2858 3498 ‘Terpander
2883 3427 3146 3502 prooemia
3190 3436 3376 3488 citha-

1817 3498 2020 3552 rtndica
2059 3498 2111 3551 in
2143 3499 2376 3573 heroicis
2405 3503 2764 3573 carmiuibus.
2789 3540 2805 3556 .
2845 3543 2859 3556 .
2883 3498 2912 3556 ἰ
2948 3541 2964 3555 .
3002 3505 3378 3573 Terpandrum

1817 3581 1980 3642 porro
2026 3569 2328 3642 teitiulatum
2383 3584 2501 3642 esse
2553 3571 3022 3642 Ilomeriiversus,
3066 3569 3131 3627 et'
3167 3572 3379 3642 ,Orphei

1819 3638 2397 3711 (εειιιςιιθιιειεεέορφέως
2417 3638 2485 3692 τὰ
2520 3639 2678 3711 μέλη.
2715 3661 2734 3694 ι
2771 3638 3132 3709 Quamobrem
3165 3638 3378 3698 Plinius

1819 3707 1966 3781 ait"
1994 3725 2058 3781 :t_
2101 3707 2467 3781 Cithartedica
2503 3707 2747 3764 carmina
2794 3707 3092 3781 composuit
3137 3712 3382 3778 Terpan-

1821 3779 1936 3847 der.
1979 3796 1996 3847 ι
2033 3779 2188 3847 Apud
2216 3777 2465 3832 Photiunt
2494 3791 2672 3834 autem
2717 3777 2938 3837 Proclus
2965 3786 3016 3837 in
3049 3777 3384 3836 Chrestomaa

1818 3845 1928 3900 (hia
1947 3846 2041 3921 ’ξε
2079 3845 2098 3898 ἆ
2131 3847 2410 3921 Nomimus
2437 3850 2627 3916 Apollo
2656 3851 2729 3904 ita
2763 3853 3063 3921 appellatus
3093 3865 3196 3916 est,
3229 3853 3374 3921 quod

1819 3915 2113 3982 veteribus,
2143 3919 2338 3970 choros
2367 3915 2848 3983 constituentibus,
2894 3932 2950 3976 et
2978 3922 3046 3978 ad
3076 3915 3264 3976 tibiam
3293 3922 3379 3976 vel

1818 3986 1992 4060 lyram
2045 4000 2241 4060 nomon
2276 3989 2602 4060 canentibus
2646 3990 3059 4060 Chrysotltemis
3104 3992 3382 4046 Cretensis

1821 4055 2026 4129 primus
2051 4055 2188 4129 stola
2218 4070 2346 4110 usus
2373 4058 2591 4126 insigni,
2617 4068 2667 4114 et
2695 4055 2918 4128 accepta
2944 4061 3176 4124 cithara,
3205 4061 3377 4129 Aput-

1820 4127 1987 4199 linem
2008 4126 2270 4190 imitatus,
2295 4129 2558 4199 cecinerit
2597 4126 2936 4197 nomon,_qui
2964 4144 3086 4182 cum
3118 4145 3181 4182 eo
3207 4126 3376 4199 gene-

1819 4211 1876 4248 re
1907 4197 2256 4268 vehementer
2285 4198 2545 4268 p_robatus
2590 4211 2758 4261 esset,
2791 4199 3090 4268 permansit
3129 4197 3230 4252 hic'
3257 4217 3372 4252 mo-

1819 4267 1917 4318 dus
1935 4265 2267 4318 certaminis.
2288 4263 2334 4317 Τ
2340 4267 2667 4331 erpandrum
2692 4263 2823 4322 vero
2853 4283 3050 4321 nomon
3074 4269 3380 4323 absolvisse

1817 4335 2049 4400 primum
2085 4345 2326 4402 apparet,
2349 4351 2469 4388 cum
2499 4337 2772 4392 heroicum
2799 4351 3021 4392 carmen
3052 4337 3316 4394 adhibuit.
3353 4356 3375 4391 ο

1824 4403 2016 4478 Verum
2048 4405 2242 4478 Suidas
2272 4405 2316 4478 ⁶⁴ξ
2349 4405 2538 4478 scribit
2567 4407 2937 4478 Terpandrum
2975 4421 3005 4459 a
3049 4409 3380 4478 quibusdam

1741 4464 1790 4524 D
1820 4475 1922 4545 dici
1950 4473 2190 4539 Hesiodi,
2237 4473 2320 4528 vel
2369 4473 2586 4545 Homeri
2623 4464 2908 4545 géntilem;
2969 4479 3036 4532 ab
3065 4464 3212 4532 'aliis
3245 4494 3380 4534 vero

1823 4543 2042 4598 aliunde
2066 4545 2373 4618 oriundum,
2401 4559 2464 4597 ac
2494 4543 2941 4618 fuiSselyricum,
2976 4563 2996 4597 ι
3034 4549 3126 4617 qui
3172 4548 3385 4618 primus

1823 4625 2029 4690 septem
2077 4615 2297 4690 chordis
2327 4626 2640 4690 instructam
2668 4616 2840 4690 lyram
2874 4618 3024 4690 fecit,
3050 4615 3138 4690 _etr
3175 4615 3383 4690 lyricos

1826 4684 2012 4737 modos
2046 4684 2250 4756 primus
2283 4685 2526 4756 scripsit,
2553 4684 2801 4756 quamvis
2842 4688 3060 4756 quidam
3114 4684 3388 4742 Philamo-

1826 4767 1946 4832 item
1977 4768 2070 4834 eos
2088 4755 2386 4834 scripsisse
2414 4755 2598 4834 velint.
2639 4773 2658 4806 ι
2695 4755 2912 4834 Pindari
2943 4759 3175 4834 denique
3205 4769 3408 4834 a_u_cto-.

1826 4827 1986 4896 ritate
2013 4822 2361 4878 Athenaeus“
2381 4826 2620 4896 ostendit
2646 4829 3013 4896 excogitatum
3035 4822 3104 4881 ali
3129 4844 3193 4882 eo
3219 4829 3386 4881 fuisse

1821 4894 2072 4965 barbiton
2116 4910 2129 4944 :
2175 4893 2426 4965 quamvis
2463 4895 2605 4948 illius
2651 4893 3009 4951 inventionem
3051 4897 3394 4952 Anacreonti

1821 4961 2115 5014 Neanthem
2157 4963 2498 5032 Cyzicacnum
2531 4967 2872 5032 adiudicasse
2903 4969 3246 5020 testilicetur.
3294 4968 3386 5020 Vt-

1821 5032 1966 5104 desis
1995 5032 2280 5104 Erasmum
2310 5033 2510 5102 Λείας..
2544 5037 2766 5090 chiliad.
2805 5052 2846 5102 ι,
2879 5049 3093 5090 centur.
3130 5036 3182 5100 6,
3222 5037 3382 5104 adag.

1820 5101 1912 5162 4-1,
1943 5110 1996 5155 et
2037 5102 2384 5156 Plutarchum
2429 5101 2540 5168 jam
2585 5122 2614 5158 a
2667 5101 2839 5162 nobis?
2878 5107 3154 5161 laudatum
3182 5107 3275 5160 lib.
3309 5101 3385 5158 De

1823 5172 2048 5238 musica,
2073 5186 2195 5241 pag.
2234 5173 2372 5226 1140
2395 5182 2449 5228 et
2476 5177 2632 5229 1141.
3044 5185 3048 5192 ’

1893 5241 1998 5295 Sed
2021 5249 2087 5296 ad
2099 5244 2430 5298 Clementem
2459 5255 2702 5300 nostrum
2725 5248 3004 5304 redeamus
3028 5263 3074 5299 τι
3093 5243 3210 5301 lam
3233 5260 3386 5312 vero,

2251 5415 2525 5490 ‘f_§trom.
2573 5417 2608 5470 Ι.
2651 5434 2706 5490 ξι,
2743 5421 2927 5490 p.325.
3041 5421 3087 5452 ⁸⁸
3118 5425 3171 5476 in
3200 5420 3390 5488 Virili!-

2573 5488 2699 5562 ttti.
2745 5488 2756 5490 ⁷
2803 5491 3164 5562 “Polyhistq
3201 5506 3252 5546 c.
3297 5496 3392 5548 11.

2275 5573 2326 5638 p.
2355 5559 2494 5638 ξδό.
2559 5630 2569 5638 _
2614 5559 2661 5638 f'
2688 5559 2725 5612 ι.
2767 5559 3184 5638 tt_De_t:nqsic.,
3215 5578 3263 5616 c.

2077 5623 2122 5654 “
2143 5625 2179 5678 Ι.
2209 5629 2233 5678 1
2265 5623 2447 5695 Antiq.
2469 5625 2703 5694 Judaic.,
2733 5647 2784 5683 c.
2815 5631 2868 5683 5.
2942 5631 2988 5662 ⁸⁸
3022 5623 3268 5695 Gem-tv,
3298 5637 3392 5686 21.

2077 5733 2087 5748 .
2125 5709 2220 5755 vn,
2255 5712 2305 5751 c.
2327 5697 2415 5755 56.
2449 5698 2646 5755 0.103.
2725 5700 2769 5730 ⁸⁹
2798 5699 2932 5754 Bibl.
2969 5705 3091 5755 cod.
3127 5716 3392 5755 causam.

2845 5716 2932 5754 tot.
2969 5716 3091 5756 cou.
3127 5716 3392 5769 acuatu,

1833 5412 1878 5446 ⁸³
1905 5414 2007 5468 loc.
2044 5413 2143 5471 cit.

126 5785 184 5839 p.
209 5761 355 5822 986.
420 5761 466 5793 ⁶⁰
485 5761 552 5815 ad
582 5762 736 5816 verb.
767 5761 1132 5835 Τέρπανδρος.
1207 5767 1249 5800 ⁸³
1283 5768 1319 5821 l.
1350 5761 1400 5822 vi
1431 5761 1713 5837 Deipttos'ol

1856 5780 1909 5837 ρ.
1968 5764 2088 5818 1ἳ5.

473 5854 752 5916 ΡΑτιιοι..
795 5856 914 5920 Gtt.
958 5857 1072 5918 IX.

2999 5863 3074 5926 E3
