3874 6534
161 395 273 452 1377

1298 389 1388 446 DE
1423 389 1645 448 LIBRIS
1675 388 2131 448 STROMATUM.

3196 398 3336 456 1578

158 518 285 570 armo
311 509 401 565 niti
427 507 672 564 videatur
696 507 1064 571 fundamento,
1101 510 1168 565 ab
1202 523 1265 562 ea
1311 510 1664 566 nihilominus
1695 516 1741 572 Α
1767 508 1860 564 illo
1891 517 2133 577 tempore
2165 516 2409 576 repertus
2437 519 2540 573 est,
2574 527 2594 561 ι
2623 507 2834 566 Rursus
2878 524 3059 567 autem
3093 512 3218 567 alibi
3241 513 3284 546 ¹³
3313 533 3327 568 :

157 588 366 642 Clemens
392 581 638 635 recedere
669 595 770 634 non
802 582 1026 634 dubitat.
1049 580 1124 633 lhi
1151 581 1293 633 enim
1321 581 1665 634 continenter

154 654 328 710 addidit
357 651 376 681 ⁸
412 666 422 696 ε
464 649 744 721 Φαίνονταξ.
791 651 846 704 δὲ
883 648 1018 704 εἶναι
1055 651 1148 706 καὶ
1187 651 1327 704 κατὰ
1357 650 1448 703 τὸν
1491 650 1664 721 ἀληθῆ

153 727 280 793 λόγον
298 723 350 774 αἱ
384 723 593 789 γενικαὶ
644 719 907 793 διάλεκτοι
939 721 1031 775 δύο
1060 723 1154 793 καὶ
1177 721 1563 793 ὲᾷδομήκοντα,
1581 719 1666 784 ὡς

152 799 194 873 at
215 793 453 865 ἡμέτεραι
491 792 1104 873 παραδιδόαςηΓρᾳφαί.
1147 810 1164 842 ι
1205 792 1462 873 γίάθηιυῐ
1488 800 1664 873 autem

145 861 270 935 juxta
296 861 466 935 veram
492 861 751 916 rationem
773 861 983 917 dialecti
1009 861 1287 935 generales
1311 875 1431 916 esse
1451 871 1666 931 septua-

151 932 272 1007 ginta
297 932 428 994 dum,
463 943 521 985 ut
552 934 1009 1007 nostrae_traduut
1039 932 1412 1007 scripturae.)

205 1003 304 1069 Quo
329 1013 500 1056 autem
551 1017 718 1056 sacrae
749 1003 1038 1070 Scriptura;
1084 1003 1135 1054 in
1167 999 1286 1057 loco
1341 1000 1474 1055 illud
1506 999 1663 1056 inve-

142 1075 316 1136 niatur,
347 1072 387 1126 si
437 1071 615 1126 adhuc
664 1072 860 1138 aliquis
892 1089 922 1126 a
957 1073 1112 1126 nobis
1159 1072 1458 1140 quatsierit,
1509 1070 1660 1124 illum

146 1145 383 1197 mittemus
426 1142 492 1212 ad
541 1143 923 1212 Augustinum,
969 1143 1056 1210 qui
1107 1151 1390 1212 postquam
1437 1142 1510 1212 de
1538 1140 1664 1194 ﬁliis

144 1213 237 1268 Noe
262 1228 320 1266 ex
363 1211 541 1279 capite
577 1210 788 1266 decimo
824 1210 1454 1279 Geneseos‘dispntavit,
1493 1210 1550 1264 in
1598 1226 1665 1265 eo

140 1296 325 1351 quoque
372 1281 567 1344 locum,
613 1298 642 1336 a
678 1281 954 1337 Clemente
1008 1283 1148 1335 haud
1205 1281 1366 1338 dubie
1417 1283 1660 1341 citatum,

142 1366 398 1406 occurrere
429 1352 514 1405 his
540 1353 807 1422 signiﬁcat
827 1354 1005 1408 verbis
1026 1353 1046 1383 "
1075 1370 1088 1405 :
1123 1370 1140 1402 ι
1172 1351 1227 1405 In
1259 1366 1469 1405 summa
1499 1351 1664 1420 igitur

139 1436 299 1475 omnes
326 1423 592 1490 progeniti
618 1423 684 1477 de
720 1423 890 1477 tribus
931 1423 1056 1477 ﬁliis
1103 1422 1234 1486 Noe,
1271 1422 1324 1475 id
1370 1430 1476 1488 est,
1514 1422 1664 1490 quin-

141 1492 288 1544 decim
315 1493 378 1562 de
409 1489 626 1562 Japhet,
684 1493 904 1562 triginta
949 1509 1086 1546 unus
1129 1492 1194 1546 de
1229 1491 1420 1555 Citam,
1469 1489 1659 1560 viginti

140 1570 314 1629 septem
345 1561 407 1613 de
443 1559 596 1626 Sem,
630 1559 781 1616 ﬁunt
801 1565 1138 1630 septuaginta
1170 1572 1301 1615 tres.
1337 1559 1546 1616 Deinde
1576 1576 1662 1614 se-

137 1632 295 1698 quitur
322 1630 604 1698 Scriptura
651 1633 837 1686 dicens
860 1634 880 1663 ⁸
908 1651 921 1688 :
956 1631 1027 1685 Hi
1063 1633 1161 1700 filii
1189 1630 1308 1686 Sem
1340 1633 1394 1684 in
1423 1631 1660 1684 tribubus

137 1701 226 1752 suis
258 1701 538 1753 secundum
567 1701 775 1769 linguas
824 1719 948 1756 suas
991 1704 1047 1756 in
1095 1701 1393 1770 regionibus
1428 1702 1558 1764 suis,
1609 1710 1658 1754 et

136 1771 415 1841 ingentibus
451 1771 586 1824 suis.
603 1771 856 1841 ltemque
894 1774 958 1826 de
989 1774 1276 1827 omnibus:
1315 1770 1431 1833 lite,
1464 1772 1656 1839 inquit,

1772 597 1792 630 ‹
1839 579 1956 643 Quo
2003 588 2242 646 tempore
2275 577 2512 648 Babylon
2553 581 2604 633 in
2637 581 2857 648 Assyria
2896 583 2962 636 ab
3005 583 3193 636 iisdem
3225 585 3330 639 illis

1767 657 2080 721 exstructa,
2125 649 2220 721 qui
2276 658 2330 721 et
2381 649 2570 702 turrim
2618 649 2993 710 condiderunt.
3052 653 3328 721 Erantque

1771 726 1956 771 tum...
1994 718 2240 772 homines
2271 717 2384 772 fere
2419 734 2564 772 Lxxu
2602 721 2850 787 stirpium
2878 734 3126 777 auctores
3156 734 3208 776 et
3239 717 3332 777 ra-

1765 787 1898 860 pita,
1933 787 2316 860 nimirum_exi
2347 788 2537 860 Chami
2588 790 2846 856 progenie
2892 808 3026 852 xm.
3071 808 3100 846 e
3130 807 3328 860 genere

1767 857 1892 911 Sem
1932 872 2110 919 xuii,
2141 873 2171 909 e
2202 856 2415 925 Japheti
2447 873 2574 912 vero
2618 861 2786 926 stirpe
2823 876 2959 923 xxv,
2995 856 3326 918 cum‘turris

1766 927 1851 981 illa
1879 942 1998 981 cum
2033 927 2301 997 Babylone
2326 928 2666 982 conderetur.
2698 931 2780 982 Ah
2803 930 2886 983 his
2925 931 2977 983 in
3009 932 3320 986 universum

1765 998 1948 1051 orbem
1981 998 2229 1052 nationes
2271 1012 2461 1051 omnes
2506 1008 2559 1052 et
2605 998 2798 1062 linguae
2853 1000 3126 1064 dissipata:
3165 1014 3316 1055 sunt.

1751 1065 2122 1138 Posteaquam
2175 1070 2510 1138 septuaginta
2558 1068 2630 1122 illi
2673 1071 2798 1132 duo,
2830 1071 2918 1134 qui
2949 1069 3318 1138 302turrim

1768 1137 2152 1202 moliebantur,
2178 1135 2414 1191 confusis
2443 1138 2638 1208 linguis
2680 1140 2784 1194 huc
2814 1135 3320 1208 illucque—dispersi

1765 1214 1910 1274 sunt,
1944 1216 1998 1261 et
2031 1222 2132 1274 pro
2169 1223 2294 1272 una,
2339 1223 2498 1274 quam
2541 1209 2834 1272 callebant,
2878 1210 3014 1262 alius
3056 1209 3214 1262 aliain
3253 1227 3322 1265 ex

1764 1272 1945 1346 amatu
1995 1272 2112 1342 Dei,
2160 1291 2226 1330 ac
2271 1272 2544 1330 voluntate
2584 1280 2806 1332 sortitus
2852 1289 2955 1332 est.
2992 1277 3071 1331 Ex
3113 1295 3217 1346 quo
3255 1280 3323 1333 ad

1765 1345 1903 1416 hanc
1932 1361 2109 1416 usque
2143 1347 2286 1401 diem
2317 1346 2617 1416 linguarum
2649 1350 2826 1403 omnis
2860 1359 2943 1401 est
2967 1345 3196 1402 conﬁata
3232 1366 3322 1400 Vu-

1766 1415 1954 1480 rietas,
1978 1415 2204 1484 quarum
2239 1415 2657 1485 uniuscujusque
2697 1428 2974 1473 auctorem
3018 1419 3144 1471 licet
3174 1421 3322 1474 nullo

1764 1488 1979 1554 negotio
2011 1488 2438 1553 deprehendere.
2489 1506 2509 1539 ι
2549 1488 2602 1540 1η
2639 1487 2828 1541 Graeco
2875 1498 3026 1542 textu
3078 1489 3318 1556 Epipha-

1762 1555 1835 1630 nii
1867 1555 2060 1630 legitur
2099 1575 2111 1610 :
2147 1556 2252 1630 ’1⁷οὖ
2463 1557 2904 1630 τριάκονταᾼδύο,
2940 1559 3031 1630 καὶ
3063 1559 3156 1630 τοῦ
3183 1555 3322 1630 ⁷Σὴμ

1759 1623 2072 1691 δεκατεὲντε,
2100 1626 2192 1679 καὶ
2216 1623 2512 1694 τοῦῚᾶφεθ
2535 1628 2889 1680 εἰκοσιπέντε.
2923 1629 3026 1682 Sed
3068 1629 3212 1682 illum
3241 1623 3321 1684 sic

1761 1697 1988 1766 corrigit
2020 1698 2272 1750 Petavius
2300 1695 2451 1766 :WToG
2488 1697 2737 1766 δὲἸάφεθ
2772 1698 3091 1760 δεκαπέντε,
3134 1697 3228 1750 τοῦ
3260 1699 3319 1752 δὲ

1761 1764 1880 1835 Σὴμ
1919 1764 2273 1820 εἰκοσιπέντε.
2301 1764 2683 1822 Verumtamen
2715 1769 2765 1821 in
2792 1769 2876 1822 his
2906 1769 3146 1822 numeris
3180 1785 3319 1824 unus

135 1835 272 1891 tribus
302 1839 539 1911 ﬁliorum
591 1840 708 1894 Noe
742 1835 1025 1896 secundum
1062 1841 1421 1911 generationes
1457 1835 1656 1904 eorum,
1692 1849 1735 1908 Β
1764 1835 1964 1911 deﬁcit,
1999 1838 2094 1911 qui
2119 1837 2297 1891 adhuc
2330 1837 2489 1902 adliCi
2521 1837 2798 1911 ἀεέβυετβίο
2830 1839 2898 1890 Αῑ
2929 1838 3021 1911 ille
3046 1839 3322 1892 nihilomi‘

133 1917 172 1959 e:
197 1909 464 1962 secundant
493 1921 670 1978 gentes
703 1928 899 1966 eorum.
930 1912 1008 1964 Ab
1036 1909 1114 1964 bis
1143 1911 1391 1978 dispersa:
1415 1920 1536 1963 sunt
1575 1911 1660 1962 in-

133 1978 239 2049 sulae
263 1981 489 2046 gentium
524 1996 680 2047 super
713 1992 904 2034 terram
924 1991 1039 2049 post
1065 1981 1339 2034 diluvium.
1372 1978 1522 2034 Unde
1551 1981 1663 2034 col-

1764 1918 1866 1959 nus
1911 1905 2254 1960 librariorum
2305 1921 2457 1960 error
2497 1907 2644 1961 nullo
2684 1907 2842 1976 plane
2902 1909 3061 1961 modo
3105 1911 3314 1975 obstat,

1761 1977 2047 2046 quOminus
2079 1991 2230 2030 utens
2258 1977 2547 2045 opinioque
2586 1977 2867 2046 Epiphanii
2918 1989 3102 2045 aperta
3132 1980 3311 2032 omni-

131 2042 284 2115 ligitur
306 2042 651 2119 septuaginta
685 2059 812 2113 tres,
840 2042 933 2105 vel"
952 2054 1127 2118 potius
1156 2050 1320 2119 (quod
1354 2058 1538 2119 postea
1576 2051 1662 2104 de-
1759 2042 1882 2108 bus,
1912 2061 2240 2119 prorsusque
2271 2042 2563 2119 manifesta
2582 2042 2669 2100 sit.
2689 2042 3167 2116 Denique—praeter
3187 2048 3318 2119 llic-

131 2118 888 2191 moustrabitur)_septuaginta
916 2117 1051 2176 duas
1090 2117 1276 2190 gentes
1311 2117 1436 2173 tunc
1463 2117 1658 2185 fuisse,

127 2200 214 2238 non
237 2188 508 2260 hom‘ines.‘
528 2188 664 2243 Nam
698 2188 763 2245 et—
796 2191 944 2260 prius
980 2188 1110 2245 cum
1148 2191 1659 2260 luissentucomme-

126 2257 287 2309 morati
315 2256 407 2310 ﬁlii
433 2257 654 2328 Japliet,
687 2260 758 2313 ita
790 2256 1099 2314 conclusum
1123 2271 1205 2313 est
1225 2261 1285 2311 ἐ
1368 2257 1450 2310 Ex
1471 2259 1550 2311 bis
1573 2276 1657 2312 se-

124 2336 318 2399 gregata
335 2338 455 2399 sunt
479 2331 675 2382 insula:
695 2331 921 2397 gentium
939 2332 992 2383 in
1013 2339 1152 2382 terra
1176 2345 1273 2382 sua
1298 2330 1656 2399 unusquisque

121 2397 374 2467 secundum
402 2398 647 2466 linguam
678 2406 826 2452 suam
862 2401 915 2453 in
945 2400 1180 2452 tribubus
1208 2399 1316 2453 suis
1345 2409 1391 2450 et
1416 2400 1470 2450 in
1499 2397 1659 2467 genti-

122 2463 197 2516 bus
219 2466 341 2536 suis.
427 2463 509 2521 Ei
546 2469 648 2522 hoc
678 2470 858 2536 itaque
886 2471 1075 2524 ultimo
1104 2467 1376 2522 Geneseos
1401 2463 1517 2522 loco
1543 2469 1655 2520 Au-

121 2535 337 2609 gustinus
361 2547 520 2604 putat
559 2535 786 2592 indicari
823 2546 1046 2609 primani
1081 2539 1353 2592 variarum
1377 2541 1518 2609 apud
1554 2541 1651 2592 ho-

118 2603 261 2675 mines
289 2603 622 2675 linguarum,
660 2624 777 2673 seu,
803 2603 861 2662 tit
893 2611 969 2663 ait
1006 2609 1274 2674 Clemens,
1304 2603 1650 2662 dialectorutn

117 2673 774 2750 originemjouapropter
801 2679 930 2732 illud
962 2692 1158 2750 postea
1178 2673 1438 2748 repetit“
1467 2696 1482 2732 :
1514 2695 1532 2728 ι
1575 2680 1648 2732 Ex

119 2740 204 2794 illis
231 2743 388 2817 igitur
421 2740 606 2801 tribus
636 2740 978 2811 hominibus,-
998 2749 1110 2802 Noe
1138 2740 1283 2815 ﬁliis,
1309 2750 1648 2817 septuaginta

117 2817 222 2886 tres,
251 2815 325 2886 vel
379 2817 591 2885 potius,
625 2827 682 2872 ut
717 2820 856 2871 ratio
898 2819 1236 2872 declaratura
1270 2815 1381 2884 est,
1420 2815 1643 2886 septua-

115 2881 235 2947 ginta
262 2881 620 2956 duae'gentcs,
649 2889 978 2957 totidemque
999 2890 1191 2956 linguae
1218 2903 1312 2955 per
1330 2881 1500 2941 terras
1525 2901 1647 2941 esse

115 2964 385 3025 raperent,
415 2972 543 3025 quae
570 2960 864 3012 crescendo
894 2969 947 3012 et
975 2959 1178 3012 insulas
1211 2957 1590 3024 impleverunt.
1621 2976 1640 3009 ι

113 3021 225 3095 Quis
248 3021 794 3082 autem'Clementein
823 3038 1062 3083 nostrum
1093 3028 1158 3082 ad
1192 3021 1338 3090 illud,
1367 3029 1508 3095 quod
1535 3029 1646 3080 Au-

113 3092 328 3167 gustinus
367 3096 646 3166 designat,
699 3097 989 3168 Scriptura:
1044 3092 1405 3168 testimonium
1454 3110 1642 3164 respe-

110 3171 378 3270 :‘tsrse’vero
403 3183 676 3237 perquam
718 3167 1051 3222 simillimum
1095 3182 1214 3223 esse
1250 3167 1444 3221 merito
1480 3181 1643 3237 nega-

186 3247 196 3270 l

107 3240 246 3284 Ἥξΐηῖ

163 3299 229 3354 De
263 3304 562 3380 primaevis‘
593 3307 761 3378 igitur
806 3308 1044 3380 gentium
1068 3306 1314 3362 dialectis
1343 3313 1398 3380 et
1443 3305 1642 3376 linguis

104 3367 201 3423 dua!
223 3367 499 3450 pracipue
537 3367 758 3434 fue'runt
791 3367 1117 3450 scriptorum
1155 3377 1459 3450 sententia,
1504 3367 1642 3445 (fua-

105 3454 202 3517 _rum
227 3444 501 3502 dissensio
530 3464 602 3502 ex
638 3450 800 3505 variis
832 3444 1128 3517 Scriptura:
1153 3462 1321 3501 sacrae
1347 3447 1498 3511 locis,
1521 3444 1643 3516 qui-

105 3507 186 3589 bus
221 3519 596 3590 ea_s_pr9bari
643 3533 800 3586 posse
844 3507 1123 3590 putabant,
1157 3527 1276 3573 orta
1300 3507 1641 3590 Δεξςιιᾷιδνῖιηει

101 3582 223 3632 enim
265 3582 377 3658 fuit
420 3582 698 3656 Euphori,
751 3582 1116 3658 aliorumque,
1154 3597 1212 3642 ut
1264 3587 1338 3641 ait
1389 3588 1642 3642 Clemens

104 3659 273 3728 ιιοδιεέιζι
295 3656 720 3728 historicorum,
738 3661 829 3728 qui
855 3656 1037 3713 earum
1065 3673 1344 3713 numerum
1363 3673 1429 3712 ex
1453 3658 1640 3712 eodem

100 3714 268 3802 lacobi
291 3726 560 3794 liliorum,
582 3714 718 3796 quos
738 3714 1016 3800 Scriptura
1043 3731 1096 3783 in
1115 3729 1405 3802 Egyptum
1423 3729 1643 3782 descen-

99 3788 218 3866 disse
249 3802 507 3862 testatur,
546 3788 806 3854 'numero
844 3788 1133 3854 deduxere.
1171 3788 1275 3853 Ᾰῖὶἰ
1324 3813 1474 3863 vero,
1509 3812 1642 3866 que-

100 3863 424 3940 madmodum
445 3870 706 3924 Clemens
731 3879 931 3932 noster,
959 3871 1466 3940 etAugustinns,_ex
1491 3863 1642 3935 prius

95 3936 346 4000 assignato
373 3938 447 3992 ab
499 3940 697 3993 eadem
757 3941 1039 4009 Scriptura
1086 3936 1338 4008 népotum
1374 3936 1489 3994 Noe
1536 3954 1638 3990 nu-

95 4013 220 4119 I'Izﬁro
261 4020 454 4072 parem
492 4010 759 4064 harumce
803 4011 1102 4080 linguarum
1139 4023 1422 4064 numerum
1469 4010 1638 4064 statui

107 4083 116 4090 ⁷
169 4086 351 4119 nerunt

94 4081 373 4133 vetuerunt.

143 4140 337 4222 Verum
365 4151 702 4221 posterioris
732 4151 889 4222 hujus
917 4149 1183 4220 Opinionis
1211 4148 1446 4222 fautores
1479 4161 1533 4206 et
1553 4167 1640 4221 pa-

93 4215 212 4287 ³τοῃὶ
258 4215 494 4287 propter
526 4215 990 4278 variantes'sacri
1041 4231 1220 4275 textus
1276 4215 1636 4276 lectiones-in

91 4284 467 4363 rariasadhuc
515 4301 716 4363 partes
743 4295 896 4348 scissi
929 4301 1073 4346 sunt.
1107 4291 1335 4357 Quidam
1362 4293 1639 4347 enimvero

89 4356 234 4431 textui
280 4356 572 4418 Hebraiéo
621 4363 851 4417 ﬁrmiter
901 4356 1639 4431 inhmrenles,septuaginta

84 4427 447 4499 tantummodo
479 4432 605 4487 Noe
637 4434 773 4487 ﬁlios
806 4433 1081 4487 variarum
1131 4427 1457 4484 familiarum
1491 4427 1640 4498 prin-

84 4504 235 4572 flpes.
277 4515 346 4553 ac
398 4503 679 4570 totidem,
722 4518 819 4558 nec
865 4503 1044 4572 plures
1093 4502 1378 4572 prirnazvas
1410 4501 1639 4572 linguas

81 4560 230 4643 luisse
259 4573 639 4643 pertinaciter
664 4560 1036 4628 'conteiidunt.
1077 4560 1182 4643 Alii
1222 4585 1354 4624 vero
1397 4560 1637 4627 Graecam

82 4631 420 4710 Septuaginta
481 4647 721 4698 duorum
786 4643 1075 4697 Seniorum
1127 4641 1634 4710 interpretationem

79 4707 255 4784 secuti,
281 4707 406 4766 illis
437 4715 797 4784 septuaginta
841 4712 955 4767 Noe
993 4711 1132 4784 ﬁliis
1157 4707 1298 4784 deos
1316 4710 1451 4765 alios
1475 4728 1638 4782 supra

78 4771 213 4854 hunc
240 4771 578 4846 numerum,
621 4771 686 4836 ac
732 4785 958 4854 proinde
1002 4780 1221 4836 totidem
1254 4780 1475 4854 linguas
1507 4771 1640 4850 adji-

76 4847 277 4920 ciendas
293 4865 422 4906 esse
439 4847 811 4908 arbitrantur.
825 4853 961 4907 Huic
979 4863 1155 4906 autem
1179 4847 1437 4920 opinioni,
1457 4847 1651 4922 praeter

74 4924 282 4994 enatum
316 4937 346 4975 a
377 4924 555 4978 nobis
581 4924 962 4994 Augustinum,
997 4933 1159 4991 atque
1189 4923 1376 4988 etiam,
1396 4934 1467 4994 _ut
1505 4925 1646 4977 dixi-

75 4997 209 5062 gius,
240 4992 566 5062 ipsumrnet
613 4991 939 5049 Cletnentem
993 5003 1273 5056 nostrum,
1318 4991 1645 5062 suffragatur

73 5049 320 5134 Euscbit'ts
353 5064 409 5116 in
441 5065 719 5117 Chronico
748 5065 929 5132 “,ubi,
965 5049 1407 5134 postquain'eos,
1445 5049 1536 5132 qui
1573 5080 1639 5118 ex

72 5129 226 5183 tribus
251 5131 371 5188 Noe
411 5134 554 5188 ﬁliis
592 5129 857 5202 procreati
905 5129 1147 5199 luerunt,
1188 5129 1635 5201 sigillatinienu-

72 5203 307 5273 oneravit,
345 5205 569 5258 ibidem
601 5215 679 5257 ter
701 5204 931 5272 subjecit
956 5205 1074 5256 illos
1100 5205 1393 5273 secundum
1427 5203 1638 5273 linguas

67 5275 175 5342 Sll_a_s
219 5269 392 5327 fuisse
443 5275 756 5342 dispersos.
800 5269 1021 5329 Clarius
1067 5288 1195 5326 vero
1240 5269 1571 5342 Epiphanius
1618 5293 1632 5328 :

69 5350 84 5380 ι
114 5335 248 5412 Ergo
310 5345 420 5406 illi,
477 5335 743 5411 influit",
790 5345 980 5399 turrim
1011 5354 1064 5397 et
1105 5335 1430 5412 Babylonem
1469 5347 1636 5398 aedili-

65 5411 338 5486 cant._Sed
376 5414 589 5466 divino
619 5413 843 5486 l‘iumini
884 5415 950 5468 de
982 5414 1168 5486 insana
1205 5411 1485 5467 molitione
1518 5417 1631 5469 dis-

60 5476 252 5553 plicuit.
286 5483 550 5552 Ideoque
598 5485 872 5553 dissipatis
915 5496 1103 5538 eorum
1154 5485 1371 5553 linguis,
1410 5495 1629 5552 septua-

60 5549 194 5610 ginta
224 5556 367 5609 duas
395 5549 473 5608 ei
513 5568 631 5607 una
659 5549 805 5619 fecit,
827 5569 924 5623 pro
949 5549 1508 5619 horninum'numere,
1541 5554 1631 5623 qui

116 5713 136 5743 ⁸
173 5727 225 5780 p.
252 5713 388 5768 358.

52 5798 98 5849 p.
129 5788 253 5842 421.
335 5789 379 5819 ¹¹
420 5787 460 5840 1.
499 5801 546 5848 ι,
579 5799 636 5852 p.
669 5785 720 5838 6.

49 5856 227 5920 psalm.
267 5874 422 5923 XLIV,
461 5873 522 5927 p.
560 5856 654 5910 57.
731 5855 771 5887 ⁸⁸
801 5855 894 5910 lib.
927 5871 942 5910 ι
973 5854 1196 5921 Strom.,
1225 5869 1346 5926 pag.
1376 5855 1498 5910 358.

1667 3207 1710 3266 C

477 5713 499 5742 ⁷
531 5709 574 5763 l.
607 5723 700 5800 xvi.
721 5709 970 5800 Defivit.
1005 5710 1121 5800 Qei,
1149 5725 1199 5765 c.
1225 5711 1287 5800 ¹11,
1317 5727 1371 5779 p.
1405 5710 1558 5800 418.“
1604 5710 1626 5741 ⁸

1762 5727 1864 5766 tes.
1891 5727 1947 5780 s,
1981 5714 2040 5768 51
2081 5724 2136 5769 et
2165 5715 2275 5800 ξὲ..
2306 5786 2317 5798 ⁸
2364 5716 2384 5746 ⁹
2411 5714 2554 5800 ibid;
2568 5711 2621 5767 5.
2691 5708 3022 5800 ,ξςηΑυςζῐξᾳ
3053 5708 3262 5800 ψεῖ-ξς

799 5783 901 5871 ξξιι.
931 5799 946 5838 ι
973 5784 1188 5871 advers.
1223 5783 1500 5871 lmregﬁp.
1527 5784 1578 5838 6.
1659 5785 1701 5815 ¹³
1731 5784 1923 5839 haeres.
1955 5800 2136 5851 xxxrx,
2165 5786 2432 5852 Sethian.,
2467 5785 2493 5856 §
2525 5787 2574 5852 7,
2605 5801 2658 5855 p.
2691 5784 2811 5840 388.
2872 5783 2934 5868 f‘
2966 5793 3098 5871 tom.
3126 5783 3215 5838 Vl
3250 5783 3308 5837 in

1762 2110 2043 2184 ronymum
2065 2110 2114 2146 “
2140 2110 2194 2170 et
2216 2117 2723 2170 commentariorum
2747 2110 2888 2171 inter
2910 2110 3148 2181 ejusdem
3185 2116 3314 2171 Hm-

1761 2185 1967 2253 rOnymi
1997 2201 2160 2254 opera
2199 2187 2463 2239 editorum
2511 2197 2819 2250 auctorem,
2854 2188 2944 2240 alii
2990 2189 3126 2240 bene
3162 2187 3315 2242 multi

1759 2268 1958 2321 magno
1984 2256 2143 2321 plane
2189 2270 2414 2308 numero
2445 2265 2496 2309 et
2541 2271 2806 2310 consensu
2854 2257 2976 2310 huic
3027 2259 3309 2312 sententia:

1756 2337 1913 2394 Suum
1948 2324 2181 2378 tulerunt
2212 2324 2548 2394 sull‘ragium.

1832 2392 2023 2446 Verum
2044 2395 2267 2464 tametsi
2307 2392 2393 2448 tot
2411 2397 2650 2464 tantique
2695 2394 2894 2450 fuerint
2942 2394 3163 2461 hujusce
3194 2396 3315 2460 opi-

1757 2461 1935 2533 uiouis
1963 2463 2304 2525 defensores,
2347 2465 2469 2518 aliis
2508 2461 2708 2530 tainen,
2740 2481 2804 2519 ac
2837 2465 3103 2533 praecipue
3134 2481 3318 2521 recen-

1757 2532 2006 2603 tioribus,
2061 2535 2234 2587 visum
2282 2544 2362 2587 est
2422 2536 2556 2588 nihil
2605 2536 2656 2588 in
2710 2549 2863 2589 sacra
2923 2532 3204 2603 Scriptura
3249 2541 3318 2589 de

1755 2601 1903 2655 hisce
1958 2603 2154 2672 linguis
2211 2605 2451 2657 omnium
2518 2606 2705 2673 primis
2756 2619 2820 2658 ae
2881 2601 3125 2659 dialec‘tis
3198 2621 3318 2660 esse

1753 2673 2128 2744 genstitntum,
2156 2689 2255 2727 nec
2277 2675 2412 2728 certi
2441 2674 2641 2744 aliquid
2671 2676 2737 2728 de
2766 2675 2872 2728 illis
2894 2690 3051 2744 posse
3074 2676 3314 2731 deﬁniri.

1749 2738 1829 2812 Es
1858 2746 2172 2797 memoratis
2203 2743 2464 2812 siquidem
2496 2738 2606 2797 Noe
2640 2744 2763 2798 ﬁliis
2793 2738 3040 2798 diversas
3070 2745 3140 2798 ab
3169 2745 3315 2809 aliis,

1747 2811 1830 2862 vel
1862 2823 2068 2882 gentes,
2103 2813 2185 2866 vel
2219 2811 2468 2880 la'nutias,
2508 2814 2752 2882 adeoque
2794 2815 3007 2881 linguas
3055 2817 3314 2869 constitui

1747 2893 1904 2951 posse
1928 2881 2084 2950 plane
2111 2884 2431 2951 penitusque
2458 2881 2790 2938 inﬁciantur.
2812 2882 3048 2947 Videsis,
3073 2885 3119 2938 si
3143 2885 3313 2946 lubet.

1746 2949 2366 3015 Franciscumduniuin,
2391 2951 2762 3012 Bonlrerium.
2793 2953 3104 3007 Cornelium
3145 2970 3173 3005 a
3203 2953 3313 3007 La—

1745 3021 1886 3086 pide,
1917 3021 2160 3089 aliosque
2200 3021 2252 3074 in
2290 3023 2450 3075 allata
2479 3039 2506 3076 a
2535 3025 2690 3076 nobis
2717 3022 2994 3078 Geneseos
3019 3024 3205 3088 verba,
3232 3035 3315 3076 at-

1747 3091 2034 3162 queetiam
2058 3091 2304 3162 Buxtorf.
2333 3093 2550 3147 dissert.
2573 3092 2648 3146 De
2664 3093 2959 3162 linguarum
2986 3093 3313 3162 conﬁnium;

1745 3158 2008 3226 Walton.,
2037 3161 2402 3231 prolegomen.
2449 3165 2476 3216 1
2523 3164 2577 3217 i-n
2628 3158 2784 3227 Bibl},
2818 3179 3012 3233 parag.
3045 3158 3103 3217 11
3145 3174 3197 3218 et
3224 3158 3313 3228 12,

1749 3237 1802 3283 et
1829 3245 1943 3300 seq.

2279 3321 2672 3380 ARTICULUS
2713 3322 2776 3379 11.

1749 3406 1964 3482 Primus
2017 3410 2269 3467 dialectos
2326 3414 2575 3466 barbaras
2625 3415 2813 3482 fuisse,
2843 3413 2931 3466 ubi
2963 3413 3027 3466 de
3074 3411 3313 3482 precibus

1817 3481 1996 3554 aliena
2027 3490 2078 3554 et
2109 3498 2210 3536 non
2262 3485 2464 3552 vulgari
2518 3481 2702 3554 lingua
2752 3486 3058 3553 fundendis,
3097 3481 3312 3554 delle-

1817 3549 2030 3624 b_ra_i_cazg
2057 3551 2248 3621 linguae
2285 3565 2330 3606 et
2352 3549 2576 3607 'dialecti
2598 3549 2961 3624 'antiquitale,
2996 3557 3060 3606 de
3094 3552 3315 3624 Hellene

1818 3618 2112 3675 Hellanicus
2137 3618 2334 3692 linguae
2361 3633 2594 3688 auctore,
2627 3625 2691 3677 de
2734 3618 2891 3678 uariis
2938 3623 3170 3692 ejusdem
3207 3623 3315 3675 lin-

1817 3705 1954 3759 θυαε,
1989 3703 2140 3761 atque
2165 3695 2321 3746 etiam
2355 3695 2570 3748 deorum
2609 3705 2658 3747 et
2693 3695 3004 3747 animalium
3048 3693 3311 3754 dialectts,

1817 3777 1879 3835 ac
1924 3764 1990 3835 de
2047 3762 2308 3835 singulari
2354 3763 2710 3831 elephantum,
2760 3765 2953 3835 scorpii
3002 3763 3199 3830 Libyci,
3251 3779 3314 3816 ac

1815 3830 2034 3896 piscium
2060 3830 2170 3886 arte
2199 3848 2242 3887 et
2267 3834 2544 3887 industria.

1819 3942 1894 3996 Ex
1926 3944 2030 4009 his,
2065 3959 2186 4013 qua:
2215 3945 2484 4014 disputata
2525 3955 2674 4014 sunt,
2715 3945 2894 4012 facile,
2930 3946 3004 3999 uti
3037 3954 3313 4014 putamus,

1749 4013 2061 4082 intelligitur
2087 4031 2185 4085 cur
2209 4013 2392 4082 postea
2427 4031 2456 4068 a
2500 4013 2777 4071 Clemente
2811 4026 3000 4072 nostro
3041 4013 3230 4085 primae
3258 4023 3314 4068 et

1747 4085 2027 4152 generales
2063 4084 2278 4139 dialecti
2309 4085 2574 4151 barbarae,
2625 4087 2678 4141 id
2723 4097 2825 4149 est,
2861 4102 2965 4138 non
3013 4084 3056 4136 a
3083 4085 3311 4149 Graecis,

1746 4153 1842 4207 sed
1871 4155 1937 4208 ab
1977 4153 2218 4208 Hebrazis
2250 4155 2514 4224 originem
2552 4169 2707 4209 suam
2737 4157 2989 4210 habuisse
3019 4155 3307 4224 dicantur:

1752 4240 1770 4273 ι
1819 4224 2035 4295 Primae,
2079 4224 2254 4292 inquit
2280 4223 2357 4288 ‘5,
2390 4234 2443 4278 et
2478 4225 2756 4295 generales
2805 4225 3021 4279 dialecti
3065 4223 3311 4277 barbara:

1747 4291 1983 4361 quidem,
2013 4291 2228 4348 nomina
2259 4303 2435 4349 autem
2470 4291 2664 4350 habent
2695 4305 2907 4348 natura.
2945 4295 3079 4348 Nam
3109 4305 3163 4347 et
3187 4309 3312 4360 pre-

1746 4379 1838 4417 ces
1871 4363 2112 4417 fatentur
2143 4365 2388 4418 homines
2429 4380 2546 4418 esse
2587 4367 2935 4434 potentiores,
2968 4381 3086 4433 quae
3120 4365 3313 4416 dicun-

1748 4443 1834 4487 tur
1863 4448 1996 4488 voce
2030 4434 2280 4489 barbara.
2312 4453 2331 4485 ι
2364 4435 2516 4501 Quod
2551 4436 2742 4490 ibidem
2769 4437 2836 4488 ab
2867 4435 2956 4487 illo
2985 4434 3312 4487 auctori;ate

1746 4504 2006 4573 probatur
2043 4504 2304 4571 Platonis,
2342 4506 2435 4574 qui
2480 4507 2531 4558 iu
2577 4505 2790 4575 Cratyla
2821 4521 3008 4559 vocem
3043 4503 3152 4575 πῦρ
3183 4504 3310 4575 bar-

1744 4577 1933 4646 baram
1958 4589 2079 4629 esse
2104 4587 2292 4644 aperte
2323 4575 2584 4646 declarat.
2616 4576 2682 4628 Et
2709 4574 2796 4629 nic
2821 4577 3034 4646 quidem
3063 4574 3310 4628 Platonis

1744 4643 1894 4698 locus
1922 4643 2114 4712 legitur
2140 4643 2191 4699 in
2221 4660 2285 4698 eo
2323 4644 2459 4699 libro
2489 4657 2618 4698 tom.
2649 4646 2688 4708 l,
2714 4643 2972 4714 pagfwtl
2996 4655 3049 4697 et
3075 4659 3192 4712 seq.

1815 4714 1859 4767 A
1891 4716 2050 4769 nobis
2081 4725 2259 4770 autem
2300 4717 2472 4769 obiter
2511 4716 2905 4769 observandum
2945 4724 3026 4769 est
3060 4717 3309 4768 Cleinen-

1755 4791 1886 4849 tem,
1915 4784 1981 4838 de
2009 4801 2118 4839 sua:
2139 4786 2311 4839 aetatis
2341 4787 2645 4840 hominibus
2674 4785 3006 4854 loquentem,
3037 4785 3186 4852 quasi
3217 4799 3313 4852 per

1756 4864 2098 4908 transennam
2131 4857 2332 4909 dixisse
2361 4857 2478 4909 illos
2512 4856 2668 4909 lateri
2713 4871 2808 4910 eas
2848 4870 3034 4925 preces
3062 4869 3182 4908 esse
3210 4868 3308 4925 po-_

1753 4927 2032 4992 lentiores,
2065 4940 2185 4993 quae
2211 4940 2315 4980 non
2344 4926 2552 4994 vulgari
2581 4941 2646 4978 ac
2675 4923 2957 4979 vernacula
2987 4926 3189 4991 lingua,
3213 4923 3309 4975 sed

1749 4993 1978 5049 barbara
2021 4996 2334 5070 funduntur.
2384 4993 2552 5050 Nemo
2609 4997 2752 5070 enim
2787 5005 2895 5070 _est
2953 4994 3044 5061 qui
3101 4993 3309 5070 nesciat

1748 5072 1950 5130 quanto
2007 5067 2369 5120 contentionis
2413 5076 2546 5120 testu
2601 5069 2669 5119 ab
2711 5064 2868 5132 hujus
2915 5073 2969 5116 et
3013 5064 3309 5132 superioris

1745 5136 1922 5188 aetatis
1951 5148 2074 5189 cum
2099 5137 2405 5202 catholicis,
2433 5147 2542 5189 tum
2576 5136 2697 5190 aliis
2729 5131 3079 5200 scriptoribus
3105 5133 3170 5184 de
3202 5131 3306 5185 hac

1742 5205 2036 5272 quastione
2067 5206 2422 5276 disceptatum
2453 5205 2635 5278 fuerit.
2670 5205 2738 5257 At
2773 5206 2896 5278 quia
2934 5202 3154 5254 inﬁnita:
3182 5215 3306 5278 pro-

1742 5277 2028 5349 pentadqu
2068 5277 2224 5349 ea_de
2258 5292 2316 5331 re
2346 5277 2740 5349 disputationes
2783 5275 2940 5349 edita;
2982 5281 3129 5349 sunt,
3170 5275 3303 5349 satis

1745 5346 1900 5398 nobis
1945 5359 2064 5399 esse
2117 5345 2276 5400 debet
2337 5343 2624 5400 adnotasse
2687 5346 2836 5396 l'usas
2917 5343 3148 5396 barbara
3190 5343 3305 5392 sive

1743 5413 1915 5491 aliena
1967 5415 2142 5491 lingua
2190 5432 2404 5485 preces,
2433 5415 2595 5486 εὐχὰς
2647 5413 2903 5491 βαρόᾁρφ
2956 5413 3110 5491 φωνῇ
3150 5409 3306 5478 λεγο-

1742 5483 1930 5553 μένας,
1977 5501 2006 5538 a
2047 5483 2324 5541 Cletnente
2371 5483 2555 5542 nostro
2599 5483 2908 5550 uec'rejici,
2958 5497 3058 5536 nec
3100 5483 3302 5550 impro-

1741 5557 1880 5608 Dari.

2364 5716 2384 5746 ⁹
2411 5714 2540 5769 ibid.
2568 5711 2621 5767 5.
2720 5711 2763 5741 ¹⁰
2789 5708 2928 5778 Aug.
2947 5708 3022 5764 De
3053 5707 3160 5764 civ.
3187 5708 3308 5774 Dei,
