  <div class='ocr_page' id='page_1' title='image "/cluster/home/n/w/nwhite01/storage/ocr_20150623/9/hvd.32044019207612/727.png"; bbox 0 0 3874 6544; ppageno 0'>
   <div class='ocr_carea' id='block_1_1' title="bbox 494 340 636 398">
    <p class='ocr_par' dir='ltr' id='par_1_1' title="bbox 494 340 636 398">
     <span class='ocr_line' id='line_1_1' title="bbox 494 340 636 398; baseline 0 0"><span class='ocrx_word' id='word_1_1' title='bbox 494 340 636 398; x_wconf 63' lang='grc' dir='ltr'><strong>ωδ</strong></span> 
     </span>
    </p>
   </div>
   <div class='ocr_carea' id='block_1_2' title="bbox 1146 315 2043 394">
    <p class='ocr_par' dir='ltr' id='par_1_2' title="bbox 1146 331 2012 394">
     <span class='ocr_line' id='line_1_2' title="bbox 1146 331 2012 394; baseline -0.008 0"><span class='ocrx_word' id='word_1_2' title='bbox 1146 337 1215 393; x_wconf 82' lang='lat' dir='ltr'><strong>IN</strong></span> <span class='ocrx_word' id='word_1_3' title='bbox 1249 333 1675 394; x_wconf 69' lang='lat' dir='ltr'><strong>CLEMENTEM</strong></span> <span class='ocrx_word' id='word_1_4' title='bbox 1712 332 1915 388; x_wconf 73' lang='lat' dir='ltr'><strong>ALEX.</strong></span> <span class='ocrx_word' id='word_1_5' title='bbox 1949 331 2012 387; x_wconf 92' lang='lat' dir='ltr'><strong>D.</strong></span> 
     </span>
    </p>
   </div>
   <div class='ocr_carea' id='block_1_3' title="bbox 2156 315 3065 394">
    <p class='ocr_par' dir='ltr' id='par_1_3' title="bbox 2164 315 3065 388">
     <span class='ocr_line' id='line_1_3' title="bbox 2164 315 3065 388; baseline -0.003 -2"><span class='ocrx_word' id='word_1_6' title='bbox 2164 315 2449 388; x_wconf 70' lang='lat' dir='ltr'><strong>Nouem</strong></span> <span class='ocrx_word' id='word_1_7' title='bbox 2489 326 2948 386; x_wconf 76' lang='lat' dir='ltr'><strong>DISSERTATIO</strong></span> <span class='ocrx_word' id='word_1_8' title='bbox 2976 327 3065 383; x_wconf 86' lang='grc' dir='ltr'><strong>ιιι.</strong></span> 
     </span>
    </p>
   </div>
   <div class='ocr_carea' id='block_1_4' title="bbox 3561 333 3692 388">
    <p class='ocr_par' dir='ltr' id='par_1_4' title="bbox 3561 333 3692 388">
     <span class='ocr_line' id='line_1_4' title="bbox 3561 333 3692 388; baseline 0.015 -2"><span class='ocrx_word' id='word_1_9' title='bbox 3561 333 3692 388; x_wconf 69' lang='lat' dir='ltr'><strong>MM</strong></span> 
     </span>
    </p>
   </div>
   <div class='ocr_carea' id='block_1_5' title="bbox 487 441 3700 522">
    <p class='ocr_par' dir='ltr' id='par_1_5' title="bbox 487 441 3700 522">
     <span class='ocr_line' id='line_1_5' title="bbox 487 441 3700 522; baseline -0.004 -10"><span class='ocrx_word' id='word_1_10' title='bbox 487 460 800 521; x_wconf 74' lang='lat' dir='ltr'><strong>obsecutus,</strong></span> <span class='ocrx_word' id='word_1_11' title='bbox 827 469 933 509; x_wconf 89' lang='lat' dir='ltr'><strong>non</strong></span> <span class='ocrx_word' id='word_1_12' title='bbox 979 452 1277 522; x_wconf 80' lang='lat' dir='ltr'><strong>redarguit,</strong></span> <span class='ocrx_word' id='word_1_13' title='bbox 1322 450 1426 522; x_wconf 22' lang='lat' dir='ltr'><strong>sed;</strong></span> <span class='ocrx_word' id='word_1_14' title='bbox 1451 449 1579 503; x_wconf 98' lang='lat' dir='ltr'><strong>colit</strong></span> <span class='ocrx_word' id='word_1_15' title='bbox 1620 463 1684 502; x_wconf 91' lang='lat' dir='ltr'><strong>ac</strong></span> <span class='ocrx_word' id='word_1_16' title='bbox 1721 447 1916 514; x_wconf 88' lang='lat' dir='ltr'><strong>diligit.</strong></span> <span class='ocrx_word' id='word_1_17' title='bbox 1944 445 2046 500; x_wconf 83' lang='lat' dir='ltr'><strong>Ve-</strong></span> <span class='ocrx_word' id='word_1_18' title='bbox 2079 448 2123 504; x_wconf 82' lang='lat' dir='ltr'><strong>A</strong></span> <span class='ocrx_word' id='word_1_19' title='bbox 2151 453 2285 522; x_wconf 77' lang='lat' dir='ltr'><strong>trem</strong></span> <span class='ocrx_word' id='word_1_20' title='bbox 2317 443 2980 522; x_wconf 72' lang='lat' dir='ltr'><strong>magis_qttam_Christum</strong></span> <span class='ocrx_word' id='word_1_21' title='bbox 3024 455 3130 494; x_wconf 89' lang='lat' dir='ltr'><strong>non</strong></span> <span class='ocrx_word' id='word_1_22' title='bbox 3179 441 3358 503; x_wconf 88' lang='lat' dir='ltr'><strong>timet,</strong></span> <span class='ocrx_word' id='word_1_23' title='bbox 3399 456 3504 522; x_wconf 70' lang='lat' dir='ltr'><strong>nec</strong></span> <span class='ocrx_word' id='word_1_24' title='bbox 3524 441 3603 498; x_wconf 89' lang='lat' dir='ltr'><strong>illi</strong></span> <span class='ocrx_word' id='word_1_25' title='bbox 3648 447 3700 502; x_wconf 81' lang='lat' dir='ltr'><strong>in</strong></span> 
     </span>
    </p>
   </div>
   <div class='ocr_carea' id='block_1_6' title="bbox 491 518 2042 591">
    <p class='ocr_par' dir='ltr' id='par_1_6' title="bbox 491 518 2042 591">
     <span class='ocr_line' id='line_1_6' title="bbox 491 518 2042 591; baseline -0.01 -7"><span class='ocrx_word' id='word_1_26' title='bbox 491 518 796 585; x_wconf 78' lang='lat' dir='ltr'><strong>rumtamen</strong></span> <span class='ocrx_word' id='word_1_27' title='bbox 845 538 968 578; x_wconf 90' lang='lat' dir='ltr'><strong>eum</strong></span> <span class='ocrx_word' id='word_1_28' title='bbox 1012 518 1184 575; x_wconf 71' lang='lat' dir='ltr'><strong>adhuc</strong></span> <span class='ocrx_word' id='word_1_29' title='bbox 1230 518 1613 591; x_wconf 74' lang='lat' dir='ltr'><strong>imperfectum</strong></span> <span class='ocrx_word' id='word_1_30' title='bbox 1643 532 1760 591; x_wconf 81' lang='lat' dir='ltr'><strong>esse</strong></span> <span class='ocrx_word' id='word_1_31' title='bbox 1803 532 2042 591; x_wconf 84' lang='lat' dir='ltr'><strong>pronun-</strong></span> 
     </span>
    </p>
   </div>
   <div class='ocr_carea' id='block_1_7' title="bbox 495 588 2042 663">
    <p class='ocr_par' dir='ltr' id='par_1_7' title="bbox 495 588 2042 663">
     <span class='ocr_line' id='line_1_7' title="bbox 495 588 2042 663; baseline -0.008 -11"><span class='ocrx_word' id='word_1_32' title='bbox 495 598 623 661; x_wconf 77' lang='lat' dir='ltr'><strong>tiat;</strong></span> <span class='ocrx_word' id='word_1_33' title='bbox 667 605 850 663; x_wconf 91' lang='lat' dir='ltr'><strong>utpote</strong></span> <span class='ocrx_word' id='word_1_34' title='bbox 889 592 1235 663; x_wconf 66' lang='lat' dir='ltr'><strong>quiaateriiae</strong></span> <span class='ocrx_word' id='word_1_35' title='bbox 1261 588 1384 663; x_wconf 70' lang='lat' dir='ltr'><strong>vitae</strong></span> <span class='ocrx_word' id='word_1_36' title='bbox 1413 589 1558 663; x_wconf 83' lang='lat' dir='ltr'><strong>curis</strong></span> <span class='ocrx_word' id='word_1_37' title='bbox 1592 589 1783 640; x_wconf 85' lang='lat' dir='ltr'><strong>fuisset</strong></span> <span class='ocrx_word' id='word_1_38' title='bbox 1812 588 2042 663; x_wconf 71' lang='lat' dir='ltr'><strong>otiosus,</strong></span> 
     </span>
    </p>
   </div>
   <div class='ocr_carea' id='block_1_8' title="bbox 490 656 2046 736">
    <p class='ocr_par' dir='ltr' id='par_1_8' title="bbox 490 656 2046 736">
     <span class='ocr_line' id='line_1_8' title="bbox 490 656 2046 736; baseline -0.01 -16"><span class='ocrx_word' id='word_1_39' title='bbox 490 656 658 736; x_wconf 81' lang='lat' dir='ltr'><strong>atque</strong></span> <span class='ocrx_word' id='word_1_40' title='bbox 689 656 754 717; x_wconf 82' lang='lat' dir='ltr'><strong>ad</strong></span> <span class='ocrx_word' id='word_1_41' title='bbox 797 656 934 736; x_wconf 79' lang='lat' dir='ltr'><strong>legis</strong></span> <span class='ocrx_word' id='word_1_42' title='bbox 967 659 1619 736; x_wconf 32' lang='lat' dir='ltr'><strong>Mosaicae‘plciiitudiuein</strong></span> <span class='ocrx_word' id='word_1_43' title='bbox 1662 666 1716 708; x_wconf 90' lang='lat' dir='ltr'><strong>et</strong></span> <span class='ocrx_word' id='word_1_44' title='bbox 1757 656 2046 736; x_wconf 65' lang='lat' dir='ltr'><strong>perfectio.</strong></span> 
     </span>
    </p>
   </div>
   <div class='ocr_carea' id='block_1_9' title="bbox 494 727 2040 797">
    <p class='ocr_par' dir='ltr' id='par_1_9' title="bbox 494 727 2040 797">
     <span class='ocr_line' id='line_1_9' title="bbox 494 727 2040 797; baseline -0.006 -8"><span class='ocrx_word' id='word_1_45' title='bbox 494 727 640 797; x_wconf 74' lang='lat' dir='ltr'><strong>nein,</strong></span> <span class='ocrx_word' id='word_1_46' title='bbox 683 727 933 788; x_wconf 78' lang='lat' dir='ltr'><strong>nimirum</strong></span> <span class='ocrx_word' id='word_1_47' title='bbox 967 731 1163 786; x_wconf 75' lang='lat' dir='ltr'><strong>Christi</strong></span> <span class='ocrx_word' id='word_1_48' title='bbox 1200 727 1381 790; x_wconf 85' lang='lat' dir='ltr'><strong>fidem,</strong></span> <span class='ocrx_word' id='word_1_49' title='bbox 1413 732 1648 780; x_wconf 90' lang='lat' dir='ltr'><strong>nondum</strong></span> <span class='ocrx_word' id='word_1_50' title='bbox 1665 727 2040 797; x_wconf 68' lang='lat' dir='ltr'><strong>pervenisset.</strong></span> 
     </span>
    </p>
   </div>
   <div class='ocr_carea' id='block_1_10' title="bbox 491 794 2044 872">
    <p class='ocr_par' dir='ltr' id='par_1_10' title="bbox 491 794 2044 872">
     <span class='ocr_line' id='line_1_10' title="bbox 491 794 2044 872; baseline -0.007 -15"><span class='ocrx_word' id='word_1_51' title='bbox 491 794 832 872; x_wconf 82' lang='lat' dir='ltr'><strong>Quapropter</strong></span> <span class='ocrx_word' id='word_1_52' title='bbox 868 802 1117 856; x_wconf 75' lang='lat' dir='ltr'><strong>Christus</strong></span> <span class='ocrx_word' id='word_1_53' title='bbox 1156 797 1205 872; x_wconf 85' lang='lat' dir='ltr'><strong>ei</strong></span> <span class='ocrx_word' id='word_1_54' title='bbox 1251 797 1526 872; x_wconf 77' lang='lat' dir='ltr'><strong>respondit</strong></span> <span class='ocrx_word' id='word_1_55' title='bbox 1560 813 1573 847; x_wconf 88' lang='lat'><strong>:</strong></span> <span class='ocrx_word' id='word_1_56' title='bbox 1612 814 1629 846; x_wconf 77' lang='grc' dir='ltr'><strong>ι</strong></span> <span class='ocrx_word' id='word_1_57' title='bbox 1658 794 1711 847; x_wconf 93' lang='lat' dir='ltr'><strong>Si</strong></span> <span class='ocrx_word' id='word_1_58' title='bbox 1750 794 1829 847; x_wconf 84' lang='lat' dir='ltr'><strong>vis</strong></span> <span class='ocrx_word' id='word_1_59' title='bbox 1866 796 2044 862; x_wconf 83' lang='lat' dir='ltr'><strong>perfe-</strong></span> 
     </span>
    </p>
   </div>
   <div class='ocr_carea' id='block_1_11' title="bbox 490 866 2044 935">
    <p class='ocr_par' dir='ltr' id='par_1_11' title="bbox 490 866 2044 935">
     <span class='ocr_line' id='line_1_11' title="bbox 490 866 2044 935; baseline -0.007 -8"><span class='ocrx_word' id='word_1_60' title='bbox 490 866 789 934; x_wconf 61' lang='lat' dir='ltr'><strong>cius&#39;esse,</strong></span> <span class='ocrx_word' id='word_1_61' title='bbox 836 891 854 922; x_wconf 75' lang='grc' dir='ltr'><strong>ι</strong></span> <span class='ocrx_word' id='word_1_62' title='bbox 899 872 950 924; x_wconf 87' lang='lat' dir='ltr'><strong>id</strong></span> <span class='ocrx_word' id='word_1_63' title='bbox 994 880 1097 932; x_wconf 91' lang='lat' dir='ltr'><strong>est,</strong></span> <span class='ocrx_word' id='word_1_64' title='bbox 1133 870 1178 923; x_wconf 88' lang='lat' dir='ltr'><strong>si</strong></span> <span class='ocrx_word' id='word_1_65' title='bbox 1213 879 1266 922; x_wconf 92' lang='lat' dir='ltr'><strong>tu</strong></span> <span class='ocrx_word' id='word_1_66' title='bbox 1301 868 1413 935; x_wconf 91' lang='lat' dir='ltr'><strong>qui,</strong></span> <span class='ocrx_word' id='word_1_67' title='bbox 1461 866 1606 919; x_wconf 89' lang='lat' dir='ltr'><strong>sicut</strong></span> <span class='ocrx_word' id='word_1_68' title='bbox 1633 873 1824 917; x_wconf 91' lang='lat' dir='ltr'><strong>auctor</strong></span> <span class='ocrx_word' id='word_1_69' title='bbox 1863 878 2044 918; x_wconf 69' lang='lat' dir='ltr'><strong>noster</strong></span> 
     </span>
    </p>
   </div>
   <div class='ocr_carea' id='block_1_12' title="bbox 492 935 2041 1012">
    <p class='ocr_par' dir='ltr' id='par_1_12' title="bbox 492 935 2041 1012">
     <span class='ocr_line' id='line_1_12' title="bbox 492 935 2041 1012; baseline -0.007 -15"><span class='ocrx_word' id='word_1_70' title='bbox 492 943 734 1012; x_wconf 75' lang='lat' dir='ltr'><strong>loquitur</strong></span> <span class='ocrx_word' id='word_1_71' title='bbox 753 942 815 1004; x_wconf 88' lang='lat'><strong>“,</strong></span> <span class='ocrx_word' id='word_1_72' title='bbox 831 939 1119 1012; x_wconf 79' lang='lat' dir='ltr'><strong>voluntatis</strong></span> <span class='ocrx_word' id='word_1_73' title='bbox 1145 938 1382 1012; x_wconf 83' lang='lat' dir='ltr'><strong>arbitrio_</strong></span> <span class='ocrx_word' id='word_1_74' title='bbox 1410 935 1664 1012; x_wconf 66' lang='lat' dir='ltr'><strong>praeditus</strong></span> <span class='ocrx_word' id='word_1_75' title='bbox 1703 949 1762 986; x_wconf 91' lang='lat' dir='ltr'><strong>es</strong></span> <span class='ocrx_word' id='word_1_76' title='bbox 1806 935 2041 997; x_wconf 88' lang='lat' dir='ltr'><strong>sincero,</strong></span> 
     </span>
    </p>
   </div>
   <div class='ocr_carea' id='block_1_13' title="bbox 495 1005 2046 1082">
    <p class='ocr_par' dir='ltr' id='par_1_13' title="bbox 495 1005 2046 1082">
     <span class='ocr_line' id='line_1_13' title="bbox 495 1005 2046 1082; baseline -0.006 -16"><span class='ocrx_word' id='word_1_77' title='bbox 495 1005 720 1082; x_wconf 73' lang='lat' dir='ltr'><strong>totoque</strong></span> <span class='ocrx_word' id='word_1_78' title='bbox 753 1011 917 1082; x_wconf 82' lang='lat' dir='ltr'><strong>corde</strong></span> <span class='ocrx_word' id='word_1_79' title='bbox 947 1010 1084 1082; x_wconf 73' lang='lat' dir='ltr'><strong>velis</strong></span> <span class='ocrx_word' id='word_1_80' title='bbox 1115 1023 1231 1082; x_wconf 81' lang='lat' dir='ltr'><strong>esse</strong></span> <span class='ocrx_word' id='word_1_81' title='bbox 1262 1005 1552 1082; x_wconf 78' lang='lat' dir='ltr'><strong>perfectus,</strong></span> <span class='ocrx_word' id='word_1_82' title='bbox 1601 1005 1741 1082; x_wconf 83' lang='lat' dir='ltr'><strong>lianc</strong></span> <span class='ocrx_word' id='word_1_83' title='bbox 1789 1017 2046 1071; x_wconf 81' lang='lat' dir='ltr'><strong>asseque-</strong></span> 
     </span>
    </p>
   </div>
   <div class='ocr_carea' id='block_1_14' title="bbox 492 1076 2044 1150">
    <p class='ocr_par' dir='ltr' id='par_1_14' title="bbox 492 1076 2044 1150">
     <span class='ocr_line' id='line_1_14' title="bbox 492 1076 2044 1150; baseline -0.008 -14"><span class='ocrx_word' id='word_1_84' title='bbox 492 1084 571 1136; x_wconf 82' lang='lat' dir='ltr'><strong>ris</strong></span> <span class='ocrx_word' id='word_1_85' title='bbox 602 1076 1009 1150; x_wconf 78' lang='lat' dir='ltr'><strong>perfectionem.</strong></span> <span class='ocrx_word' id='word_1_86' title='bbox 1052 1078 1160 1150; x_wconf 86' lang='lat' dir='ltr'><strong>Sed</strong></span> <span class='ocrx_word' id='word_1_87' title='bbox 1172 1076 1394 1150; x_wconf 39' lang='lat' dir='ltr'><strong>_quiauid</strong></span> <span class='ocrx_word' id='word_1_88' title='bbox 1420 1082 1558 1150; x_wconf 80' lang='lat' dir='ltr'><strong>_toto</strong></span> <span class='ocrx_word' id='word_1_89' title='bbox 1600 1076 1782 1150; x_wconf 78' lang='lat' dir='ltr'><strong>animo</strong></span> <span class='ocrx_word' id='word_1_90' title='bbox 1813 1089 1916 1150; x_wconf 66' lang='lat' dir='ltr'><strong>non</strong></span> <span class='ocrx_word' id='word_1_91' title='bbox 1950 1089 2044 1150; x_wconf 72' lang='lat' dir='ltr'><strong>vo-</strong></span> 
     </span>
    </p>
   </div>
   <div class='ocr_carea' id='block_1_15' title="bbox 492 1143 2042 1216">
    <p class='ocr_par' dir='ltr' id='par_1_15' title="bbox 492 1143 2042 1216">
     <span class='ocr_line' id='line_1_15' title="bbox 492 1143 2042 1216; baseline -0.005 -12"><span class='ocrx_word' id='word_1_92' title='bbox 492 1143 658 1211; x_wconf 76' lang='lat' dir='ltr'><strong>lebat,</strong></span> <span class='ocrx_word' id='word_1_93' title='bbox 691 1151 888 1203; x_wconf 79' lang='lat' dir='ltr'><strong>auditis</strong></span> <span class='ocrx_word' id='word_1_94' title='bbox 919 1143 1265 1216; x_wconf 79' lang='lat' dir='ltr'><strong>sequentibus</strong></span> <span class='ocrx_word' id='word_1_95' title='bbox 1301 1143 1502 1216; x_wconf 77' lang='lat' dir='ltr'><strong>Christi</strong></span> <span class='ocrx_word' id='word_1_96' title='bbox 1539 1143 1714 1196; x_wconf 84' lang='lat' dir='ltr'><strong>verbis</strong></span> <span class='ocrx_word' id='word_1_97' title='bbox 1753 1160 1766 1195; x_wconf 90' lang='lat'><strong>:</strong></span> <span class='ocrx_word' id='word_1_98' title='bbox 1811 1161 1830 1194; x_wconf 75' lang='grc' dir='ltr'><strong>ι</strong></span> <span class='ocrx_word' id='word_1_99' title='bbox 1877 1143 2042 1206; x_wconf 83' lang='lat' dir='ltr'><strong>Vade,</strong></span> 
     </span>
    </p>
   </div>
   <div class='ocr_carea' id='block_1_16' title="bbox 492 1215 1475 1287">
    <p class='ocr_par' dir='ltr' id='par_1_16' title="bbox 492 1215 1475 1287">
     <span class='ocr_line' id='line_1_16' title="bbox 492 1215 1475 1287; baseline -0.011 -13"><span class='ocrx_word' id='word_1_100' title='bbox 492 1222 662 1274; x_wconf 78' lang='lat' dir='ltr'><strong>vende</strong></span> <span class='ocrx_word' id='word_1_101' title='bbox 699 1236 817 1287; x_wconf 64' lang='lat' dir='ltr'><strong>quae</strong></span> <span class='ocrx_word' id='word_1_102' title='bbox 848 1215 1031 1281; x_wconf 84' lang='lat' dir='ltr'><strong>habes,</strong></span> <span class='ocrx_word' id='word_1_103' title='bbox 1069 1236 1087 1268; x_wconf 73' lang='grc' dir='ltr'><strong>ι</strong></span> <span class='ocrx_word' id='word_1_104' title='bbox 1133 1217 1300 1269; x_wconf 88' lang='lat' dir='ltr'><strong>tristis</strong></span> <span class='ocrx_word' id='word_1_105' title='bbox 1325 1215 1475 1265; x_wconf 90' lang='lat' dir='ltr'><strong>abiit.</strong></span> 
     </span>
    </p>
   </div>
   <div class='ocr_carea' id='block_1_17' title="bbox 561 1280 2044 1343">
    <p class='ocr_par' dir='ltr' id='par_1_17' title="bbox 561 1280 2044 1343">
     <span class='ocr_line' id='line_1_17' title="bbox 561 1280 2044 1343; baseline -0.005 0"><span class='ocrx_word' id='word_1_106' title='bbox 561 1294 632 1343; x_wconf 77' lang='lat' dir='ltr'><strong>At</strong></span> <span class='ocrx_word' id='word_1_107' title='bbox 675 1280 746 1343; x_wconf 73' lang='lat' dir='ltr'><strong>ibi</strong></span> <span class='ocrx_word' id='word_1_108' title='bbox 781 1291 823 1320; x_wconf 83' lang='lat'>“</span> <span class='ocrx_word' id='word_1_109' title='bbox 867 1280 1054 1341; x_wconf 85' lang='lat' dir='ltr'><strong>auctor</strong></span> <span class='ocrx_word' id='word_1_110' title='bbox 1095 1298 1278 1339; x_wconf 91' lang='lat' dir='ltr'><strong>noster</strong></span> <span class='ocrx_word' id='word_1_111' title='bbox 1310 1281 1547 1335; x_wconf 87' lang='lat' dir='ltr'><strong>ostendit</strong></span> <span class='ocrx_word' id='word_1_112' title='bbox 1587 1296 1650 1335; x_wconf 90' lang='lat' dir='ltr'><strong>ea</strong></span> <span class='ocrx_word' id='word_1_113' title='bbox 1683 1297 1789 1334; x_wconf 93' lang='lat' dir='ltr'><strong>non</strong></span> <span class='ocrx_word' id='word_1_114' title='bbox 1822 1280 2044 1335; x_wconf 86' lang='lat' dir='ltr'><strong>litterali</strong></span> 
     </span>
    </p>
   </div>
   <div class='ocr_carea' id='block_1_18' title="bbox 491 1353 2045 1424">
    <p class='ocr_par' dir='ltr' id='par_1_18' title="bbox 491 1353 2045 1424">
     <span class='ocr_line' id='line_1_18' title="bbox 491 1353 2045 1424; baseline -0.006 -11"><span class='ocrx_word' id='word_1_115' title='bbox 491 1374 655 1414; x_wconf 88' lang='lat' dir='ltr'><strong>sensu</strong></span> <span class='ocrx_word' id='word_1_116' title='bbox 697 1369 750 1414; x_wconf 87' lang='lat' dir='ltr'><strong>et</strong></span> <span class='ocrx_word' id='word_1_117' title='bbox 785 1358 943 1412; x_wconf 89' lang='lat' dir='ltr'><strong>obvio</strong></span> <span class='ocrx_word' id='word_1_118' title='bbox 988 1356 1208 1424; x_wconf 75' lang='lat' dir='ltr'><strong>intelligi</strong></span> <span class='ocrx_word' id='word_1_119' title='bbox 1243 1354 1458 1424; x_wconf 78' lang='lat' dir='ltr'><strong>debere,</strong></span> <span class='ocrx_word' id='word_1_120' title='bbox 1486 1354 1555 1403; x_wconf 91' lang='lat' dir='ltr'><strong>ita</strong></span> <span class='ocrx_word' id='word_1_121' title='bbox 1592 1363 1651 1404; x_wconf 94' lang='grc' dir='ltr'><strong>ιιι</strong></span> <span class='ocrx_word' id='word_1_122' title='bbox 1675 1353 1756 1424; x_wconf 80' lang='lat' dir='ltr'><strong>his</strong></span> <span class='ocrx_word' id='word_1_123' title='bbox 1777 1353 2045 1420; x_wconf 76' lang='lat' dir='ltr'><strong>signilice-</strong></span> 
     </span>
    </p>
   </div>
   <div class='ocr_carea' id='block_1_19' title="bbox 493 1423 2050 1489">
    <p class='ocr_par' dir='ltr' id='par_1_19' title="bbox 493 1423 2050 1489">
     <span class='ocr_line' id='line_1_19' title="bbox 493 1423 2050 1489; baseline -0.005 -7"><span class='ocrx_word' id='word_1_124' title='bbox 493 1438 580 1482; x_wconf 90' lang='lat' dir='ltr'><strong>tur</strong></span> <span class='ocrx_word' id='word_1_125' title='bbox 603 1431 794 1482; x_wconf 87' lang='lat' dir='ltr'><strong>divites</strong></span> <span class='ocrx_word' id='word_1_126' title='bbox 828 1428 994 1482; x_wconf 91' lang='lat' dir='ltr'><strong>teneri</strong></span> <span class='ocrx_word' id='word_1_127' title='bbox 1016 1423 1263 1478; x_wconf 85' lang='lat' dir='ltr'><strong>omnibus</strong></span> <span class='ocrx_word' id='word_1_128' title='bbox 1286 1423 1441 1475; x_wconf 89' lang='lat' dir='ltr'><strong>bonis</strong></span> <span class='ocrx_word' id='word_1_129' title='bbox 1465 1424 1596 1484; x_wconf 82' lang='lat' dir='ltr'><strong>suis,</strong></span> <span class='ocrx_word' id='word_1_130' title='bbox 1624 1423 1833 1489; x_wconf 84' lang='lat' dir='ltr'><strong>opibus,</strong></span> <span class='ocrx_word' id='word_1_131' title='bbox 1863 1436 1925 1473; x_wconf 89' lang='lat' dir='ltr'><strong>ac</strong></span> <span class='ocrx_word' id='word_1_132' title='bbox 1953 1436 2050 1488; x_wconf 83' lang='lat' dir='ltr'><strong>pa-</strong></span> 
     </span>
    </p>
   </div>
   <div class='ocr_carea' id='block_1_20' title="bbox 491 1492 2048 1565">
    <p class='ocr_par' dir='ltr' id='par_1_20' title="bbox 491 1492 2048 1565">
     <span class='ocr_line' id='line_1_20' title="bbox 491 1492 2048 1565; baseline -0.005 -13"><span class='ocrx_word' id='word_1_133' title='bbox 491 1501 769 1560; x_wconf 86' lang='lat' dir='ltr'><strong>trimonio,</strong></span> <span class='ocrx_word' id='word_1_134' title='bbox 787 1496 1232 1565; x_wconf 82' lang='lat' dir='ltr'><strong>quemadmodum</strong></span> <span class='ocrx_word' id='word_1_135' title='bbox 1250 1493 1615 1565; x_wconf 76' lang='lat' dir='ltr'><strong>Anaxagoras,</strong></span> <span class='ocrx_word' id='word_1_136' title='bbox 1639 1492 1972 1565; x_wconf 76' lang='lat' dir='ltr'><strong>Democritus</strong></span> <span class='ocrx_word' id='word_1_137' title='bbox 1991 1502 2048 1544; x_wconf 84' lang='lat' dir='ltr'><strong>et</strong></span> 
     </span>
    </p>
   </div>
   <div class='ocr_carea' id='block_1_21' title="bbox 487 1561 2044 1632">
    <p class='ocr_par' dir='ltr' id='par_1_21' title="bbox 487 1561 2044 1632">
     <span class='ocr_line' id='line_1_21' title="bbox 487 1561 2044 1632; baseline -0.009 -8"><span class='ocrx_word' id='word_1_138' title='bbox 487 1565 700 1632; x_wconf 85' lang='lat' dir='ltr'><strong>Crates,</strong></span> <span class='ocrx_word' id='word_1_139' title='bbox 735 1561 819 1620; x_wconf 82' lang='lat' dir='ltr'><strong>vel</strong></span> <span class='ocrx_word' id='word_1_140' title='bbox 855 1582 912 1620; x_wconf 90' lang='lat' dir='ltr'><strong>se</strong></span> <span class='ocrx_word' id='word_1_141' title='bbox 953 1566 1228 1626; x_wconf 80' lang='lat' dir='ltr'><strong>abdicare,</strong></span> <span class='ocrx_word' id='word_1_142' title='bbox 1269 1561 1350 1615; x_wconf 92' lang='lat' dir='ltr'><strong>vel</strong></span> <span class='ocrx_word' id='word_1_143' title='bbox 1383 1577 1443 1612; x_wconf 85' lang='lat' dir='ltr'><strong>ea</strong></span> <span class='ocrx_word' id='word_1_144' title='bbox 1472 1571 1566 1614; x_wconf 89' lang='lat' dir='ltr'><strong>aut</strong></span> <span class='ocrx_word' id='word_1_145' title='bbox 1591 1564 1722 1624; x_wconf 85' lang='lat' dir='ltr'><strong>suis,</strong></span> <span class='ocrx_word' id='word_1_146' title='bbox 1755 1570 1848 1613; x_wconf 92' lang='lat' dir='ltr'><strong>aut</strong></span> <span class='ocrx_word' id='word_1_147' title='bbox 1872 1562 2044 1632; x_wconf 84' lang='lat' dir='ltr'><strong>primo</strong></span> 
     </span>
    </p>
   </div>
   <div class='ocr_carea' id='block_1_22' title="bbox 487 1630 2048 1707">
    <p class='ocr_par' dir='ltr' id='par_1_22' title="bbox 487 1630 2048 1707">
     <span class='ocr_line' id='line_1_22' title="bbox 487 1630 2048 1707; baseline -0.008 -15"><span class='ocrx_word' id='word_1_148' title='bbox 487 1630 769 1707; x_wconf 75' lang='lat' dir='ltr'><strong>occupanti</strong></span> <span class='ocrx_word' id='word_1_149' title='bbox 815 1637 1157 1707; x_wconf 76' lang='lat' dir='ltr'><strong>relinquere;</strong></span> <span class='ocrx_word' id='word_1_150' title='bbox 1187 1633 1296 1707; x_wconf 86' lang='lat' dir='ltr'><strong>_sed</strong></span> <span class='ocrx_word' id='word_1_151' title='bbox 1343 1641 1565 1707; x_wconf 72' lang='lat' dir='ltr'><strong>tantunr</strong></span> <span class='ocrx_word' id='word_1_152' title='bbox 1596 1632 1833 1707; x_wconf 67' lang='lat' dir='ltr'><strong>pnecipi,</strong></span> <span class='ocrx_word' id='word_1_153' title='bbox 1885 1641 1940 1681; x_wconf 95' lang='lat' dir='ltr'><strong>ut</strong></span> <span class='ocrx_word' id='word_1_154' title='bbox 1967 1630 2048 1707; x_wconf 73' lang='lat' dir='ltr'><strong>ef-</strong></span> 
     </span>
    </p>
   </div>
   <div class='ocr_carea' id='block_1_23' title="bbox 487 1700 2046 1772">
    <p class='ocr_par' dir='ltr' id='par_1_23' title="bbox 487 1700 2046 1772">
     <span class='ocr_line' id='line_1_23' title="bbox 487 1700 2046 1772; baseline -0.005 -12"><span class='ocrx_word' id='word_1_155' title='bbox 487 1700 656 1760; x_wconf 74' lang='lat' dir='ltr'><strong>frenis</strong></span> <span class='ocrx_word' id='word_1_156' title='bbox 701 1700 1011 1759; x_wconf 82' lang='lat' dir='ltr'><strong>divitiarum</strong></span> <span class='ocrx_word' id='word_1_157' title='bbox 1041 1704 1308 1772; x_wconf 83' lang='lat' dir='ltr'><strong>cupiditas</strong></span> <span class='ocrx_word' id='word_1_158' title='bbox 1337 1712 1390 1754; x_wconf 90' lang='lat' dir='ltr'><strong>et</strong></span> <span class='ocrx_word' id='word_1_159' title='bbox 1422 1701 1664 1772; x_wconf 73' lang='lat' dir='ltr'><strong>avaritiae</strong></span> <span class='ocrx_word' id='word_1_160' title='bbox 1709 1701 1862 1772; x_wconf 76' lang='lat' dir='ltr'><strong>labes</strong></span> <span class='ocrx_word' id='word_1_161' title='bbox 1902 1700 2046 1752; x_wconf 91' lang='lat' dir='ltr'><strong>radi-</strong></span> 
     </span>
    </p>
   </div>
   <div class='ocr_carea' id='block_1_24' title="bbox 485 1769 2050 1839">
    <p class='ocr_par' dir='ltr' id='par_1_24' title="bbox 485 1769 2050 1839">
     <span class='ocr_line' id='line_1_24' title="bbox 485 1769 2050 1839; baseline -0.003 -11"><span class='ocrx_word' id='word_1_162' title='bbox 485 1777 628 1830; x_wconf 88' lang='lat' dir='ltr'><strong>citus</strong></span> <span class='ocrx_word' id='word_1_163' title='bbox 685 1776 950 1830; x_wconf 87' lang='lat' dir='ltr'><strong>avellatur</strong></span> <span class='ocrx_word' id='word_1_164' title='bbox 1002 1774 1082 1838; x_wconf 78' lang='lat'><strong>&quot;;</strong></span> <span class='ocrx_word' id='word_1_165' title='bbox 1113 1769 1295 1839; x_wconf 55' lang='lat' dir='ltr'><strong>&#39;atque</strong></span> <span class='ocrx_word' id='word_1_166' title='bbox 1356 1771 1572 1839; x_wconf 80' lang='lat' dir='ltr'><strong>egenis,</strong></span> <span class='ocrx_word' id='word_1_167' title='bbox 1629 1769 1950 1838; x_wconf 76' lang='lat' dir='ltr'><strong>pauperibus</strong></span> <span class='ocrx_word' id='word_1_168' title='bbox 1997 1778 2050 1823; x_wconf 90' lang='lat' dir='ltr'><strong>et</strong></span> 
     </span>
    </p>
   </div>
   <div class='ocr_carea' id='block_1_25' title="bbox 487 1840 2049 1914">
    <p class='ocr_par' dir='ltr' id='par_1_25' title="bbox 487 1840 2049 1914">
     <span class='ocr_line' id='line_1_25' title="bbox 487 1840 2049 1914; baseline -0.004 -17"><span class='ocrx_word' id='word_1_169' title='bbox 487 1845 851 1914; x_wconf 79' lang='lat' dir='ltr'><strong>indigentibus</strong></span> <span class='ocrx_word' id='word_1_170' title='bbox 911 1859 1066 1913; x_wconf 90' lang='lat' dir='ltr'><strong>opem</strong></span> <span class='ocrx_word' id='word_1_171' title='bbox 1131 1840 1388 1914; x_wconf 77' lang='lat' dir='ltr'><strong>ferendo,</strong></span> <span class='ocrx_word' id='word_1_172' title='bbox 1437 1841 1844 1914; x_wconf 85' lang='lat' dir='ltr'><strong>bene_opibus_,</strong></span> <span class='ocrx_word' id='word_1_173' title='bbox 1913 1840 2049 1914; x_wconf 85' lang='lat' dir='ltr'><strong>divi-</strong></span> 
     </span>
    </p>
   </div>
   <div class='ocr_carea' id='block_1_26' title="bbox 487 1909 2049 1984">
    <p class='ocr_par' dir='ltr' id='par_1_26' title="bbox 487 1909 2049 1984">
     <span class='ocr_line' id='line_1_26' title="bbox 487 1909 2049 1984; baseline -0.001 -18"><span class='ocrx_word' id='word_1_174' title='bbox 487 1909 963 1984; x_wconf 49' lang='lat' dir='ltr'><strong>tiis&#39;czetcrisque</strong></span> <span class='ocrx_word' id='word_1_175' title='bbox 1033 1914 1189 1967; x_wconf 88' lang='lat' dir='ltr'><strong>bonis</strong></span> <span class='ocrx_word' id='word_1_176' title='bbox 1263 1912 1377 1965; x_wconf 90' lang='lat' dir='ltr'><strong>suis</strong></span> <span class='ocrx_word' id='word_1_177' title='bbox 1433 1909 1728 1979; x_wconf 85' lang='lat' dir='ltr'><strong>locupletes</strong></span> <span class='ocrx_word' id='word_1_178' title='bbox 1802 1909 2049 1963; x_wconf 86' lang='lat' dir='ltr'><strong>homines</strong></span> 
     </span>
    </p>
   </div>
   <div class='ocr_carea' id='block_1_27' title="bbox 483 1994 720 2036">
    <p class='ocr_par' dir='ltr' id='par_1_27' title="bbox 483 1994 720 2036">
     <span class='ocr_line' id='line_1_27' title="bbox 483 1994 720 2036; baseline 0 0"><span class='ocrx_word' id='word_1_179' title='bbox 483 1994 720 2036; x_wconf 90' lang='lat' dir='ltr'><strong>utantur.</strong></span> 
     </span>
    </p>
   </div>
   <div class='ocr_carea' id='block_1_28' title="bbox 558 2047 2044 2117">
    <p class='ocr_par' dir='ltr' id='par_1_28' title="bbox 558 2047 2044 2117">
     <span class='ocr_line' id='line_1_28' title="bbox 558 2047 2044 2117; baseline -0.001 -11"><span class='ocrx_word' id='word_1_180' title='bbox 558 2053 742 2107; x_wconf 83' lang='lat' dir='ltr'><strong>Palam</strong></span> <span class='ocrx_word' id='word_1_181' title='bbox 782 2052 980 2107; x_wconf 90' lang='lat' dir='ltr'><strong>etenim</strong></span> <span class='ocrx_word' id='word_1_182' title='bbox 1012 2050 1098 2105; x_wconf 89' lang='lat' dir='ltr'><strong>ille</strong></span> <span class='ocrx_word' id='word_1_183' title='bbox 1124 2049 1249 2104; x_wconf 82' lang='lat' dir='ltr'><strong>facit</strong></span> <span class='ocrx_word' id='word_1_184' title='bbox 1278 2049 1323 2081; x_wconf 80' lang='grc'>⁸⁸</span> <span class='ocrx_word' id='word_1_185' title='bbox 1352 2047 1570 2102; x_wconf 86' lang='lat' dir='ltr'><strong>divitias</strong></span> <span class='ocrx_word' id='word_1_186' title='bbox 1597 2061 1702 2101; x_wconf 90' lang='lat' dir='ltr'><strong>non</strong></span> <span class='ocrx_word' id='word_1_187' title='bbox 1735 2061 1800 2101; x_wconf 86' lang='lat' dir='ltr'><strong>ex</strong></span> <span class='ocrx_word' id='word_1_188' title='bbox 1830 2047 2044 2117; x_wconf 83' lang='lat' dir='ltr'><strong>seipsis,</strong></span> 
     </span>
    </p>
   </div>
   <div class='ocr_carea' id='block_1_29' title="bbox 483 2119 2047 2182">
    <p class='ocr_par' dir='ltr' id='par_1_29' title="bbox 483 2119 2047 2182">
     <span class='ocr_line' id='line_1_29' title="bbox 483 2119 2047 2182; baseline -0.002 -5"><span class='ocrx_word' id='word_1_189' title='bbox 483 2124 580 2178; x_wconf 89' lang='lat' dir='ltr'><strong>sed</strong></span> <span class='ocrx_word' id='word_1_190' title='bbox 624 2139 692 2178; x_wconf 80' lang='lat' dir='ltr'><strong>ex</strong></span> <span class='ocrx_word' id='word_1_191' title='bbox 752 2138 938 2177; x_wconf 90' lang='lat' dir='ltr'><strong>earum</strong></span> <span class='ocrx_word' id='word_1_192' title='bbox 995 2137 1092 2175; x_wconf 88' lang='lat' dir='ltr'><strong>usu</strong></span> <span class='ocrx_word' id='word_1_193' title='bbox 1133 2131 1228 2174; x_wconf 91' lang='lat' dir='ltr'><strong>aut</strong></span> <span class='ocrx_word' id='word_1_194' title='bbox 1281 2119 1450 2173; x_wconf 83' lang='lat' dir='ltr'><strong>malas</strong></span> <span class='ocrx_word' id='word_1_195' title='bbox 1496 2133 1655 2182; x_wconf 88' lang='lat' dir='ltr'><strong>esse,</strong></span> <span class='ocrx_word' id='word_1_196' title='bbox 1707 2127 1800 2169; x_wconf 89' lang='lat' dir='ltr'><strong>aut</strong></span> <span class='ocrx_word' id='word_1_197' title='bbox 1857 2120 2047 2174; x_wconf 88' lang='lat' dir='ltr'><strong>bonas.</strong></span> 
     </span>
    </p>
   </div>
   <div class='ocr_carea' id='block_1_30' title="bbox 485 2187 2049 2262">
    <p class='ocr_par' dir='ltr' id='par_1_30' title="bbox 485 2187 2049 2262">
     <span class='ocr_line' id='line_1_30' title="bbox 485 2187 2049 2262; baseline -0.003 -16"><span class='ocrx_word' id='word_1_198' title='bbox 485 2195 664 2261; x_wconf 81' lang='lat' dir='ltr'><strong>Atque</strong></span> <span class='ocrx_word' id='word_1_199' title='bbox 713 2193 839 2246; x_wconf 90' lang='lat' dir='ltr'><strong>inde</strong></span> <span class='ocrx_word' id='word_1_200' title='bbox 894 2191 1098 2262; x_wconf 73' lang='lat' dir='ltr'><strong>colligit</strong></span> <span class='ocrx_word' id='word_1_201' title='bbox 1151 2190 1202 2243; x_wconf 91' lang='lat' dir='ltr'><strong>id</strong></span> <span class='ocrx_word' id='word_1_202' title='bbox 1235 2190 1390 2262; x_wconf 79' lang='lat' dir='ltr'><strong>_quod</strong></span> <span class='ocrx_word' id='word_1_203' title='bbox 1433 2187 1709 2262; x_wconf 89' lang='lat' dir='ltr'><strong>Cliristus_</strong></span> <span class='ocrx_word' id='word_1_204' title='bbox 1739 2188 2049 2262; x_wconf 25' lang='lat' dir='ltr'><strong>dixituillas</strong></span> 
     </span>
    </p>
   </div>
   <div class='ocr_carea' id='block_1_31' title="bbox 483 2257 2045 2326">
    <p class='ocr_par' dir='ltr' id='par_1_31' title="bbox 483 2257 2045 2326">
     <span class='ocr_line' id='line_1_31' title="bbox 483 2257 2045 2326; baseline -0.002 -11"><span class='ocrx_word' id='word_1_205' title='bbox 483 2257 605 2317; x_wconf 82' lang='lat' dir='ltr'><strong>esse</strong></span> <span class='ocrx_word' id='word_1_206' title='bbox 661 2257 1126 2326; x_wconf 49' lang='lat' dir='ltr'><strong>vendeiidasfde</strong></span> <span class='ocrx_word' id='word_1_207' title='bbox 1194 2259 1475 2313; x_wconf 81' lang='lat' dir='ltr'><strong>affectibus</strong></span> <span class='ocrx_word' id='word_1_208' title='bbox 1511 2257 2045 2326; x_wconf 85' lang='lat' dir='ltr'><strong>perturbationibus-</strong></span> 
     </span>
    </p>
   </div>
   <div class='ocr_carea' id='block_1_32' title="bbox 481 2326 2050 2398">
    <p class='ocr_par' dir='ltr' id='par_1_32' title="bbox 481 2326 2050 2398">
     <span class='ocr_line' id='line_1_32' title="bbox 481 2326 2050 2398; baseline -0.002 -14"><span class='ocrx_word' id='word_1_209' title='bbox 481 2347 588 2398; x_wconf 89' lang='lat' dir='ltr'><strong>que</strong></span> <span class='ocrx_word' id='word_1_210' title='bbox 626 2332 791 2384; x_wconf 86' lang='lat' dir='ltr'><strong>animi</strong></span> <span class='ocrx_word' id='word_1_211' title='bbox 839 2346 959 2385; x_wconf 91' lang='lat' dir='ltr'><strong>esse</strong></span> <span class='ocrx_word' id='word_1_212' title='bbox 1005 2329 1430 2398; x_wconf 82' lang='lat' dir='ltr'><strong>intelligendum.</strong></span> <span class='ocrx_word' id='word_1_213' title='bbox 1499 2326 1647 2398; x_wconf 15' lang='lat' dir='ltr'><strong>rNalll</strong></span> <span class='ocrx_word' id='word_1_214' title='bbox 1692 2326 1912 2390; x_wconf 90' lang='lat' dir='ltr'><strong>relictis,</strong></span> <span class='ocrx_word' id='word_1_215' title='bbox 1959 2338 2050 2382; x_wconf 84' lang='lat' dir='ltr'><strong>aut</strong></span> 
     </span>
    </p>
   </div>
   <div class='ocr_carea' id='block_1_33' title="bbox 483 2397 2050 2471">
    <p class='ocr_par' dir='ltr' id='par_1_33' title="bbox 483 2397 2050 2471">
     <span class='ocr_line' id='line_1_33' title="bbox 483 2397 2050 2471; baseline -0.001 -18"><span class='ocrx_word' id='word_1_216' title='bbox 483 2397 754 2471; x_wconf 75' lang='lat' dir='ltr'><strong>proiectis</strong></span> <span class='ocrx_word' id='word_1_217' title='bbox 785 2402 999 2470; x_wconf 90' lang='lat' dir='ltr'><strong>opibus,</strong></span> <span class='ocrx_word' id='word_1_218' title='bbox 1030 2397 1382 2471; x_wconf 76' lang='lat' dir='ltr'><strong>potest__quis,</strong></span> <span class='ocrx_word' id='word_1_219' title='bbox 1410 2397 1509 2471; x_wconf 79' lang='lat' dir='ltr'><strong>etsi</strong></span> <span class='ocrx_word' id='word_1_220' title='bbox 1554 2412 1778 2466; x_wconf 84' lang='lat' dir='ltr'><strong>egenus,</strong></span> <span class='ocrx_word' id='word_1_221' title='bbox 1810 2399 1952 2471; x_wconf 80' lang='lat' dir='ltr'><strong>vitiis</strong></span> <span class='ocrx_word' id='word_1_222' title='bbox 1995 2407 2050 2471; x_wconf 87' lang='lat' dir='ltr'><strong>et</strong></span> 
     </span>
    </p>
   </div>
   <div class='ocr_carea' id='block_1_34' title="bbox 483 2466 2047 2534">
    <p class='ocr_par' dir='ltr' id='par_1_34' title="bbox 483 2466 2047 2534">
     <span class='ocr_line' id='line_1_34' title="bbox 483 2466 2047 2534; baseline -0.003 -10"><span class='ocrx_word' id='word_1_223' title='bbox 483 2466 768 2526; x_wconf 67' lang='lat' dir='ltr'><strong>ali&#39;ectibus</strong></span> <span class='ocrx_word' id='word_1_224' title='bbox 813 2466 936 2526; x_wconf 79' lang='lat' dir='ltr'><strong>esse</strong></span> <span class='ocrx_word' id='word_1_225' title='bbox 985 2466 1155 2524; x_wconf 81' lang='lat' dir='ltr'><strong>dives.</strong></span> <span class='ocrx_word' id='word_1_226' title='bbox 1207 2469 1324 2521; x_wconf 82' lang='lat' dir='ltr'><strong>Non</strong></span> <span class='ocrx_word' id='word_1_227' title='bbox 1377 2467 1534 2521; x_wconf 87' lang='lat' dir='ltr'><strong>utiles</strong></span> <span class='ocrx_word' id='word_1_228' title='bbox 1587 2471 1768 2534; x_wconf 83' lang='lat' dir='ltr'><strong>itaque</strong></span> <span class='ocrx_word' id='word_1_229' title='bbox 1821 2466 1898 2530; x_wconf 74' lang='lat'><strong>“,</strong></span> <span class='ocrx_word' id='word_1_230' title='bbox 1954 2468 2047 2521; x_wconf 79' lang='lat' dir='ltr'><strong>sed</strong></span> 
     </span>
    </p>
   </div>
   <div class='ocr_carea' id='block_1_35' title="bbox 485 2537 2051 2606">
    <p class='ocr_par' dir='ltr' id='par_1_35' title="bbox 485 2537 2051 2606">
     <span class='ocr_line' id='line_1_35' title="bbox 485 2537 2051 2606; baseline -0.001 -14"><span class='ocrx_word' id='word_1_231' title='bbox 485 2541 677 2595; x_wconf 75' lang='lat' dir='ltr'><strong>noxias</strong></span> <span class='ocrx_word' id='word_1_232' title='bbox 706 2542 940 2602; x_wconf 88' lang='lat' dir='ltr'><strong>divitias,</strong></span> <span class='ocrx_word' id='word_1_233' title='bbox 972 2555 1078 2594; x_wconf 90' lang='lat' dir='ltr'><strong>non</strong></span> <span class='ocrx_word' id='word_1_234' title='bbox 1109 2553 1267 2592; x_wconf 90' lang='lat' dir='ltr'><strong>secus</strong></span> <span class='ocrx_word' id='word_1_235' title='bbox 1296 2546 1459 2605; x_wconf 91' lang='lat' dir='ltr'><strong>atque</strong></span> <span class='ocrx_word' id='word_1_236' title='bbox 1497 2538 1664 2592; x_wconf 89' lang='lat' dir='ltr'><strong>animi</strong></span> <span class='ocrx_word' id='word_1_237' title='bbox 1708 2537 1858 2601; x_wconf 90' lang='lat' dir='ltr'><strong>vitia,</strong></span> <span class='ocrx_word' id='word_1_238' title='bbox 1892 2540 2051 2606; x_wconf 61' lang='grc' dir='ltr'>ωενι-</span> 
     </span>
    </p>
   </div>
   <div class='ocr_carea' id='block_1_36' title="bbox 486 2606 2047 2676">
    <p class='ocr_par' dir='ltr' id='par_1_36' title="bbox 486 2606 2047 2676">
     <span class='ocr_line' id='line_1_36' title="bbox 486 2606 2047 2676; baseline -0.001 -13"><span class='ocrx_word' id='word_1_239' title='bbox 486 2612 701 2664; x_wconf 87' lang='lat' dir='ltr'><strong>tudiiies</strong></span> <span class='ocrx_word' id='word_1_240' title='bbox 743 2619 798 2665; x_wconf 92' lang='lat' dir='ltr'><strong>et</strong></span> <span class='ocrx_word' id='word_1_241' title='bbox 839 2609 1078 2672; x_wconf 77' lang='lat' dir='ltr'><strong>allectus,</strong></span> <span class='ocrx_word' id='word_1_242' title='bbox 1121 2611 1318 2673; x_wconf 83' lang='lat' dir='ltr'><strong>quibus</strong></span> <span class='ocrx_word' id='word_1_243' title='bbox 1359 2607 1498 2660; x_wconf 85' lang='lat' dir='ltr'><strong>male</strong></span> <span class='ocrx_word' id='word_1_244' title='bbox 1532 2606 1704 2672; x_wconf 83' lang='lat' dir='ltr'><strong>copiis</strong></span> <span class='ocrx_word' id='word_1_245' title='bbox 1735 2617 1791 2659; x_wconf 88' lang='lat' dir='ltr'><strong>et</strong></span> <span class='ocrx_word' id='word_1_246' title='bbox 1852 2611 2047 2676; x_wconf 79' lang='lat' dir='ltr'><strong>Opibus</strong></span> 
     </span>
    </p>
   </div>
   <div class='ocr_carea' id='block_1_37' title="bbox 484 2677 2047 2749">
    <p class='ocr_par' dir='ltr' id='par_1_37' title="bbox 484 2677 2047 2749">
     <span class='ocr_line' id='line_1_37' title="bbox 484 2677 2047 2749; baseline 0.001 -18"><span class='ocrx_word' id='word_1_247' title='bbox 484 2681 707 2744; x_wconf 90' lang='lat' dir='ltr'><strong>utimur,</strong></span> <span class='ocrx_word' id='word_1_248' title='bbox 737 2680 897 2749; x_wconf 89' lang='lat' dir='ltr'><strong>plane</strong></span> <span class='ocrx_word' id='word_1_249' title='bbox 921 2681 1240 2749; x_wconf 86' lang='lat' dir='ltr'><strong>penitusque</strong></span> <span class='ocrx_word' id='word_1_250' title='bbox 1267 2677 1498 2732; x_wconf 86' lang='lat' dir='ltr'><strong>tollenda</strong></span> <span class='ocrx_word' id='word_1_251' title='bbox 1531 2688 1586 2731; x_wconf 92' lang='lat' dir='ltr'><strong>et</strong></span> <span class='ocrx_word' id='word_1_252' title='bbox 1609 2677 1901 2745; x_wconf 72' lang='lat' dir='ltr'><strong>l‘r&#39;lelellda</strong></span> <span class='ocrx_word' id='word_1_253' title='bbox 1925 2693 2047 2733; x_wconf 92' lang='lat' dir='ltr'><strong>esse</strong></span> 
     </span>
    </p>
   </div>
   <div class='ocr_carea' id='block_1_38' title="bbox 485 2750 1126 2805">
    <p class='ocr_par' dir='ltr' id='par_1_38' title="bbox 485 2750 1126 2805">
     <span class='ocr_line' id='line_1_38' title="bbox 485 2750 1126 2805; baseline 0 -2"><span class='ocrx_word' id='word_1_254' title='bbox 485 2763 677 2804; x_wconf 85' lang='lat' dir='ltr'><strong>rursus</strong></span> <span class='ocrx_word' id='word_1_255' title='bbox 708 2750 798 2805; x_wconf 90' lang='lat' dir='ltr'><strong>ille</strong></span> <span class='ocrx_word' id='word_1_256' title='bbox 824 2750 1126 2805; x_wconf 89' lang='lat' dir='ltr'><strong>contendit.</strong></span> 
     </span>
    </p>
   </div>
   <div class='ocr_carea' id='block_1_39' title="bbox 554 2815 2048 2890">
    <p class='ocr_par' dir='ltr' id='par_1_39' title="bbox 554 2815 2048 2890">
     <span class='ocr_line' id='line_1_39' title="bbox 554 2815 2048 2890; baseline -0.001 -17"><span class='ocrx_word' id='word_1_257' title='bbox 554 2819 651 2874; x_wconf 84' lang='lat' dir='ltr'><strong>llis</strong></span> <span class='ocrx_word' id='word_1_258' title='bbox 690 2835 856 2890; x_wconf 91' lang='lat' dir='ltr'><strong>porro</strong></span> <span class='ocrx_word' id='word_1_259' title='bbox 902 2821 1082 2874; x_wconf 87' lang='lat' dir='ltr'><strong>anima</strong></span> <span class='ocrx_word' id='word_1_260' title='bbox 1127 2817 1348 2873; x_wconf 90' lang='lat' dir='ltr'><strong>omnino</strong></span> <span class='ocrx_word' id='word_1_261' title='bbox 1379 2832 1544 2872; x_wconf 87' lang='lat' dir='ltr'><strong>vacua</strong></span> <span class='ocrx_word' id='word_1_262' title='bbox 1587 2825 1642 2872; x_wconf 92' lang='lat' dir='ltr'><strong>et</strong></span> <span class='ocrx_word' id='word_1_263' title='bbox 1685 2816 1824 2890; x_wconf 87' lang='lat' dir='ltr'><strong>nuda</strong></span> <span class='ocrx_word' id='word_1_264' title='bbox 1858 2815 2048 2890; x_wconf 79' lang='lat' dir='ltr'><strong>Chris-</strong></span> 
     </span>
    </p>
   </div>
   <div class='ocr_carea' id='block_1_40' title="bbox 483 2887 2045 2959">
    <p class='ocr_par' dir='ltr' id='par_1_40' title="bbox 483 2887 2045 2959">
     <span class='ocr_line' id='line_1_40' title="bbox 483 2887 2045 2959; baseline -0.002 -15"><span class='ocrx_word' id='word_1_265' title='bbox 483 2895 622 2959; x_wconf 71' lang='lat' dir='ltr'><strong>tum,</strong></span> <span class='ocrx_word' id='word_1_266' title='bbox 652 2887 744 2959; x_wconf 84' lang='lat' dir='ltr'><strong>qui</strong></span> <span class='ocrx_word' id='word_1_267' title='bbox 775 2905 869 2945; x_wconf 91' lang='lat' dir='ltr'><strong>cor</strong></span> <span class='ocrx_word' id='word_1_268' title='bbox 908 2903 1102 2956; x_wconf 90' lang='lat' dir='ltr'><strong>purum</strong></span> <span class='ocrx_word' id='word_1_269' title='bbox 1147 2890 1364 2943; x_wconf 88' lang='lat' dir='ltr'><strong>habenti</strong></span> <span class='ocrx_word' id='word_1_270' title='bbox 1396 2891 1482 2942; x_wconf 89' lang='lat' dir='ltr'><strong>via</strong></span> <span class='ocrx_word' id='word_1_271' title='bbox 1517 2899 1621 2950; x_wconf 89' lang='lat' dir='ltr'><strong>est,</strong></span> <span class='ocrx_word' id='word_1_272' title='bbox 1669 2887 1826 2959; x_wconf 88' lang='lat' dir='ltr'><strong>sequi</strong></span> <span class='ocrx_word' id='word_1_273' title='bbox 1864 2887 2045 2959; x_wconf 84' lang='lat' dir='ltr'><strong>debet.</strong></span> 
     </span>
    </p>
   </div>
   <div class='ocr_carea' id='block_1_41' title="bbox 483 2957 2047 3028">
    <p class='ocr_par' dir='ltr' id='par_1_41' title="bbox 483 2957 2047 3028">
     <span class='ocr_line' id='line_1_41' title="bbox 483 2957 2047 3028; baseline -0.001 -15"><span class='ocrx_word' id='word_1_274' title='bbox 483 2957 698 3028; x_wconf 80' lang='lat' dir='ltr'><strong>Impura</strong></span> <span class='ocrx_word' id='word_1_275' title='bbox 748 2970 928 3014; x_wconf 86' lang='lat' dir='ltr'><strong>autem</strong></span> <span class='ocrx_word' id='word_1_276' title='bbox 972 2970 1056 3014; x_wconf 81' lang='lat' dir='ltr'><strong>est</strong></span> <span class='ocrx_word' id='word_1_277' title='bbox 1107 2959 1250 3012; x_wconf 92' lang='lat' dir='ltr'><strong>illius</strong></span> <span class='ocrx_word' id='word_1_278' title='bbox 1289 2961 1488 3026; x_wconf 88' lang='lat' dir='ltr'><strong>anima,</strong></span> <span class='ocrx_word' id='word_1_279' title='bbox 1546 2959 1648 3028; x_wconf 7' lang='lat' dir='ltr'><strong>qui,</strong></span> <span class='ocrx_word' id='word_1_280' title='bbox 1680 2958 1862 3026; x_wconf 84' lang='lat' dir='ltr'><strong>pravis</strong></span> <span class='ocrx_word' id='word_1_281' title='bbox 1903 2958 2047 3011; x_wconf 91' lang='lat' dir='ltr'><strong>desi-</strong></span> 
     </span>
    </p>
   </div>
   <div class='ocr_carea' id='block_1_42' title="bbox 481 3027 2045 3099">
    <p class='ocr_par' dir='ltr' id='par_1_42' title="bbox 481 3027 2045 3099">
     <span class='ocr_line' id='line_1_42' title="bbox 481 3027 2045 3099; baseline -0.002 -15"><span class='ocrx_word' id='word_1_282' title='bbox 481 3027 648 3084; x_wconf 84' lang='lat' dir='ltr'><strong>deriis</strong></span> <span class='ocrx_word' id='word_1_283' title='bbox 681 3039 767 3085; x_wconf 86' lang='lat' dir='ltr'><strong>est</strong></span> <span class='ocrx_word' id='word_1_284' title='bbox 806 3031 976 3084; x_wconf 88' lang='lat' dir='ltr'><strong>dives.</strong></span> <span class='ocrx_word' id='word_1_285' title='bbox 1026 3029 1180 3084; x_wconf 75' lang='lat' dir='ltr'><strong>Veris</strong></span> <span class='ocrx_word' id='word_1_286' title='bbox 1220 3029 1484 3099; x_wconf 86' lang='lat' dir='ltr'><strong>siquidem</strong></span> <span class='ocrx_word' id='word_1_287' title='bbox 1532 3027 1792 3099; x_wconf 82' lang='lat' dir='ltr'><strong>bonisque</strong></span> <span class='ocrx_word' id='word_1_288' title='bbox 1839 3028 2045 3081; x_wconf 89' lang='lat' dir='ltr'><strong>divitiis</strong></span> 
     </span>
    </p>
   </div>
   <div class='ocr_carea' id='block_1_43' title="bbox 482 3097 2043 3168">
    <p class='ocr_par' dir='ltr' id='par_1_43' title="bbox 482 3097 2043 3168">
     <span class='ocr_line' id='line_1_43' title="bbox 482 3097 2043 3168; baseline -0.001 -14"><span class='ocrx_word' id='word_1_289' title='bbox 482 3099 534 3154; x_wconf 92' lang='lat' dir='ltr'><strong>is</strong></span> <span class='ocrx_word' id='word_1_290' title='bbox 585 3109 788 3154; x_wconf 85' lang='lat' dir='ltr'><strong>tantum</strong></span> <span class='ocrx_word' id='word_1_291' title='bbox 836 3099 1094 3163; x_wconf 83' lang='lat' dir='ltr'><strong>abundat,</strong></span> <span class='ocrx_word' id='word_1_292' title='bbox 1149 3101 1240 3168; x_wconf 92' lang='lat' dir='ltr'><strong>qui</strong></span> <span class='ocrx_word' id='word_1_293' title='bbox 1283 3097 1378 3153; x_wconf 79' lang='lat' dir='ltr'><strong>eas</strong></span> <span class='ocrx_word' id='word_1_294' title='bbox 1415 3113 1536 3152; x_wconf 87' lang='lat' dir='ltr'><strong>esse</strong></span> <span class='ocrx_word' id='word_1_295' title='bbox 1581 3097 1677 3150; x_wconf 88' lang='lat' dir='ltr'><strong>Dei</strong></span> <span class='ocrx_word' id='word_1_296' title='bbox 1727 3099 1890 3160; x_wconf 90' lang='lat' dir='ltr'><strong>dona,</strong></span> <span class='ocrx_word' id='word_1_297' title='bbox 1944 3113 2043 3152; x_wconf 90' lang='lat' dir='ltr'><strong>nec</strong></span> 
     </span>
    </p>
   </div>
   <div class='ocr_carea' id='block_1_44' title="bbox 483 3170 2040 3239">
    <p class='ocr_par' dir='ltr' id='par_1_44' title="bbox 483 3170 2040 3239">
     <span class='ocr_line' id='line_1_44' title="bbox 483 3170 2040 3239; baseline -0.001 -17"><span class='ocrx_word' id='word_1_298' title='bbox 483 3177 592 3223; x_wconf 88' lang='lat' dir='ltr'><strong>tam</strong></span> <span class='ocrx_word' id='word_1_299' title='bbox 635 3170 739 3236; x_wconf 88' lang='lat' dir='ltr'><strong>sui,</strong></span> <span class='ocrx_word' id='word_1_300' title='bbox 785 3184 947 3238; x_wconf 89' lang='lat' dir='ltr'><strong>quam</strong></span> <span class='ocrx_word' id='word_1_301' title='bbox 983 3170 1209 3223; x_wconf 80' lang='lat' dir='ltr'><strong>fratrum</strong></span> <span class='ocrx_word' id='word_1_302' title='bbox 1241 3171 1512 3239; x_wconf 80' lang='lat' dir='ltr'><strong>egentium</strong></span> <span class='ocrx_word' id='word_1_303' title='bbox 1550 3183 1746 3239; x_wconf 82' lang='lat' dir='ltr'><strong>causas</strong></span> <span class='ocrx_word' id='word_1_304' title='bbox 1781 3183 1839 3220; x_wconf 88' lang='lat' dir='ltr'><strong>se</strong></span> <span class='ocrx_word' id='word_1_305' title='bbox 1869 3170 2040 3235; x_wconf 81' lang='lat' dir='ltr'><strong>possi-</strong></span> 
     </span>
    </p>
   </div>
   <div class='ocr_carea' id='block_1_45' title="bbox 479 3237 2042 3310">
    <p class='ocr_par' dir='ltr' id='par_1_45' title="bbox 479 3237 2042 3310">
     <span class='ocr_line' id='line_1_45' title="bbox 479 3237 2042 3310; baseline -0.001 -16"><span class='ocrx_word' id='word_1_306' title='bbox 479 3239 610 3294; x_wconf 91' lang='lat' dir='ltr'><strong>dere</strong></span> <span class='ocrx_word' id='word_1_307' title='bbox 639 3237 902 3310; x_wconf 77' lang='lat' dir='ltr'><strong>agnoscit.</strong></span> <span class='ocrx_word' id='word_1_308' title='bbox 935 3237 1300 3306; x_wconf 78' lang='lat' dir='ltr'><strong>Quamobrem</strong></span> <span class='ocrx_word' id='word_1_309' title='bbox 1337 3244 1420 3293; x_wconf 91' lang='lat' dir='ltr'><strong>vir</strong></span> <span class='ocrx_word' id='word_1_310' title='bbox 1464 3239 1530 3292; x_wconf 92' lang='lat' dir='ltr'><strong>iis</strong></span> <span class='ocrx_word' id='word_1_311' title='bbox 1576 3237 1800 3291; x_wconf 89' lang='lat' dir='ltr'><strong>minime</strong></span> <span class='ocrx_word' id='word_1_312' title='bbox 1842 3239 2042 3292; x_wconf 84' lang='lat' dir='ltr'><strong>manci-</strong></span> 
     </span>
    </p>
   </div>
   <div class='ocr_carea' id='block_1_46' title="bbox 478 3309 2041 3390">
    <p class='ocr_par' dir='ltr' id='par_1_46' title="bbox 478 3309 2041 3390">
     <span class='ocr_line' id='line_1_46' title="bbox 478 3309 2041 3390; baseline -0.001 -29"><span class='ocrx_word' id='word_1_313' title='bbox 478 3309 975 3390; x_wconf 33' lang='lat' dir='ltr'><strong>patus,’jacluram</strong></span> <span class='ocrx_word' id='word_1_314' title='bbox 1022 3310 1235 3390; x_wconf 86' lang='lat' dir='ltr'><strong>illarum</strong></span> <span class='ocrx_word' id='word_1_315' title='bbox 1282 3325 1437 3376; x_wconf 63' lang='lat' dir='ltr'><strong>aequo</strong></span> <span class='ocrx_word' id='word_1_316' title='bbox 1475 3311 1598 3390; x_wconf 43' lang='lat' dir='ltr'><strong>[fert</strong></span> <span class='ocrx_word' id='word_1_317' title='bbox 1636 3310 1837 3372; x_wconf 88' lang='lat' dir='ltr'><strong>animo,</strong></span> <span class='ocrx_word' id='word_1_318' title='bbox 1867 3318 2041 3390; x_wconf 65' lang='lat' dir='ltr'><strong>atque</strong></span> 
     </span>
    </p>
   </div>
   <div class='ocr_carea' id='block_1_47' title="bbox 479 3378 2036 3449">
    <p class='ocr_par' dir='ltr' id='par_1_47' title="bbox 479 3378 2036 3449">
     <span class='ocr_line' id='line_1_47' title="bbox 479 3378 2036 3449; baseline -0.001 -17"><span class='ocrx_word' id='word_1_319' title='bbox 479 3378 686 3433; x_wconf 87' lang='lat' dir='ltr'><strong>idcirco</strong></span> <span class='ocrx_word' id='word_1_320' title='bbox 712 3380 904 3449; x_wconf 90' lang='lat' dir='ltr'><strong>spiritu</strong></span> <span class='ocrx_word' id='word_1_321' title='bbox 939 3393 1065 3433; x_wconf 87' lang='lat' dir='ltr'><strong>vere</strong></span> <span class='ocrx_word' id='word_1_322' title='bbox 1099 3388 1180 3431; x_wconf 87' lang='lat' dir='ltr'><strong>est</strong></span> <span class='ocrx_word' id='word_1_323' title='bbox 1207 3394 1434 3446; x_wconf 85' lang='lat' dir='ltr'><strong>pauper.</strong></span> <span class='ocrx_word' id='word_1_324' title='bbox 1471 3378 1666 3432; x_wconf 91' lang='lat' dir='ltr'><strong>Contra</strong></span> <span class='ocrx_word' id='word_1_325' title='bbox 1695 3393 1823 3431; x_wconf 87' lang='lat' dir='ltr'><strong>vero</strong></span> <span class='ocrx_word' id='word_1_326' title='bbox 1866 3378 1911 3413; x_wconf 83' lang='grc'><strong><em>⁶⁸</em></strong></span> <span class='ocrx_word' id='word_1_327' title='bbox 1945 3379 2036 3446; x_wconf 92' lang='lat' dir='ltr'><strong>qui</strong></span> 
     </span>
    </p>
   </div>
   <div class='ocr_carea' id='block_1_48' title="bbox 477 3449 2040 3519">
    <p class='ocr_par' dir='ltr' id='par_1_48' title="bbox 477 3449 2040 3519">
     <span class='ocr_line' id='line_1_48' title="bbox 477 3449 2040 3519; baseline 0 -18"><span class='ocrx_word' id='word_1_328' title='bbox 477 3449 695 3502; x_wconf 89' lang='lat' dir='ltr'><strong>easdem</strong></span> <span class='ocrx_word' id='word_1_329' title='bbox 739 3465 870 3519; x_wconf 88' lang='lat' dir='ltr'><strong>opes</strong></span> <span class='ocrx_word' id='word_1_330' title='bbox 910 3449 1014 3503; x_wconf 91' lang='lat' dir='ltr'><strong>fert</strong></span> <span class='ocrx_word' id='word_1_331' title='bbox 1054 3451 1257 3513; x_wconf 85' lang='lat' dir='ltr'><strong>animo,</strong></span> <span class='ocrx_word' id='word_1_332' title='bbox 1298 3460 1360 3519; x_wconf 87' lang='lat' dir='ltr'><strong>et</strong></span> <span class='ocrx_word' id='word_1_333' title='bbox 1393 3451 1865 3519; x_wconf 5' lang='lat' dir='ltr'><strong>quotidieqaugere</strong></span> <span class='ocrx_word' id='word_1_334' title='bbox 1893 3451 2040 3514; x_wconf 75' lang='lat' dir='ltr'><strong>cegi-</strong></span> 
     </span>
    </p>
   </div>
   <div class='ocr_carea' id='block_1_49' title="bbox 479 3517 2041 3587">
    <p class='ocr_par' dir='ltr' id='par_1_49' title="bbox 479 3517 2041 3587">
     <span class='ocr_line' id='line_1_49' title="bbox 479 3517 2041 3587; baseline 0 -17"><span class='ocrx_word' id='word_1_335' title='bbox 479 3527 580 3582; x_wconf 90' lang='lat' dir='ltr'><strong>tat,</strong></span> <span class='ocrx_word' id='word_1_336' title='bbox 609 3519 698 3572; x_wconf 90' lang='lat' dir='ltr'><strong>ille</strong></span> <span class='ocrx_word' id='word_1_337' title='bbox 726 3517 910 3573; x_wconf 82' lang='lat' dir='ltr'><strong>mundi</strong></span> <span class='ocrx_word' id='word_1_338' title='bbox 939 3519 1185 3573; x_wconf 86' lang='lat' dir='ltr'><strong>irretitus</strong></span> <span class='ocrx_word' id='word_1_339' title='bbox 1229 3529 1313 3572; x_wconf 90' lang='lat' dir='ltr'><strong>est</strong></span> <span class='ocrx_word' id='word_1_340' title='bbox 1353 3517 1580 3587; x_wconf 82' lang='lat' dir='ltr'><strong>laqueis.</strong></span> <span class='ocrx_word' id='word_1_341' title='bbox 1617 3517 1693 3570; x_wconf 72' lang='lat' dir='ltr'><strong>Ex</strong></span> <span class='ocrx_word' id='word_1_342' title='bbox 1720 3520 1911 3585; x_wconf 91' lang='lat' dir='ltr'><strong>quibus</strong></span> <span class='ocrx_word' id='word_1_343' title='bbox 1943 3525 2041 3572; x_wconf 85' lang='lat' dir='ltr'><strong>du-</strong></span> 
     </span>
    </p>
   </div>
   <div class='ocr_carea' id='block_1_50' title="bbox 480 3587 2039 3656">
    <p class='ocr_par' dir='ltr' id='par_1_50' title="bbox 480 3587 2039 3656">
     <span class='ocr_line' id='line_1_50' title="bbox 480 3587 2039 3656; baseline 0.001 -16"><span class='ocrx_word' id='word_1_344' title='bbox 480 3587 676 3656; x_wconf 90' lang='lat' dir='ltr'><strong>plicein</strong></span> <span class='ocrx_word' id='word_1_345' title='bbox 705 3599 895 3642; x_wconf 88' lang='lat' dir='ltr'><strong>auctor</strong></span> <span class='ocrx_word' id='word_1_346' title='bbox 922 3602 1106 3641; x_wconf 89' lang='lat' dir='ltr'><strong>uoster</strong></span> <span class='ocrx_word' id='word_1_347' title='bbox 1137 3588 1540 3642; x_wconf 84' lang='lat' dir='ltr'><strong>conclusionem</strong></span> <span class='ocrx_word' id='word_1_348' title='bbox 1564 3589 1711 3641; x_wconf 88' lang='lat' dir='ltr'><strong>elicit</strong></span> <span class='ocrx_word' id='word_1_349' title='bbox 1736 3605 1749 3641; x_wconf 88' lang='lat'><strong>:</strong></span> <span class='ocrx_word' id='word_1_350' title='bbox 1779 3603 1840 3640; x_wconf 90' lang='lat' dir='ltr'><strong>ac</strong></span> <span class='ocrx_word' id='word_1_351' title='bbox 1865 3590 2039 3656; x_wconf 91' lang='lat' dir='ltr'><strong>primo</strong></span> 
     </span>
    </p>
   </div>
   <div class='ocr_carea' id='block_1_51' title="bbox 478 3657 2039 3724">
    <p class='ocr_par' dir='ltr' id='par_1_51' title="bbox 478 3657 2039 3724">
     <span class='ocr_line' id='line_1_51' title="bbox 478 3657 2039 3724; baseline 0.002 -16"><span class='ocrx_word' id='word_1_352' title='bbox 478 3657 694 3724; x_wconf 88' lang='lat' dir='ltr'><strong>quidem</strong></span> <span class='ocrx_word' id='word_1_353' title='bbox 722 3657 936 3711; x_wconf 87' lang='lat' dir='ltr'><strong>divitias</strong></span> <span class='ocrx_word' id='word_1_354' title='bbox 968 3673 1035 3712; x_wconf 81' lang='lat' dir='ltr'><strong>ex</strong></span> <span class='ocrx_word' id='word_1_355' title='bbox 1075 3672 1259 3710; x_wconf 86' lang='lat' dir='ltr'><strong>earum</strong></span> <span class='ocrx_word' id='word_1_356' title='bbox 1296 3673 1394 3710; x_wconf 92' lang='lat' dir='ltr'><strong>usu</strong></span> <span class='ocrx_word' id='word_1_357' title='bbox 1427 3666 1519 3710; x_wconf 91' lang='lat' dir='ltr'><strong>aut</strong></span> <span class='ocrx_word' id='word_1_358' title='bbox 1563 3659 1729 3712; x_wconf 90' lang='lat' dir='ltr'><strong>bonas</strong></span> <span class='ocrx_word' id='word_1_359' title='bbox 1773 3672 1914 3722; x_wconf 85' lang='lat' dir='ltr'><strong>esse,</strong></span> <span class='ocrx_word' id='word_1_360' title='bbox 1946 3668 2039 3711; x_wconf 92' lang='lat' dir='ltr'><strong>aut</strong></span> 
     </span>
    </p>
   </div>
   <div class='ocr_carea' id='block_1_52' title="bbox 479 3727 2040 3782">
    <p class='ocr_par' dir='ltr' id='par_1_52' title="bbox 479 3727 2040 3782">
     <span class='ocr_line' id='line_1_52' title="bbox 479 3727 2040 3782; baseline -0.001 -2"><span class='ocrx_word' id='word_1_361' title='bbox 479 3729 670 3782; x_wconf 84' lang='lat' dir='ltr'><strong>malas.</strong></span> <span class='ocrx_word' id='word_1_362' title='bbox 701 3727 902 3782; x_wconf 87' lang='lat' dir='ltr'><strong>Deinde</strong></span> <span class='ocrx_word' id='word_1_363' title='bbox 929 3742 1060 3782; x_wconf 90' lang='lat' dir='ltr'><strong>vero</strong></span> <span class='ocrx_word' id='word_1_364' title='bbox 1103 3727 1148 3758; x_wconf 80' lang='lat'><strong>“</strong></span> <span class='ocrx_word' id='word_1_365' title='bbox 1195 3729 1308 3781; x_wconf 67' lang='lat' dir='ltr'><strong>hinc</strong></span> <span class='ocrx_word' id='word_1_366' title='bbox 1344 3727 1552 3782; x_wconf 89' lang='lat' dir='ltr'><strong>Christi</strong></span> <span class='ocrx_word' id='word_1_367' title='bbox 1582 3729 1743 3782; x_wconf 89' lang='lat' dir='ltr'><strong>verba</strong></span> <span class='ocrx_word' id='word_1_368' title='bbox 1777 3743 1791 3779; x_wconf 89' lang='lat'><strong>:</strong></span> <span class='ocrx_word' id='word_1_369' title='bbox 1832 3745 1851 3777; x_wconf 78' lang='grc' dir='ltr'><strong>ι</strong></span> <span class='ocrx_word' id='word_1_370' title='bbox 1894 3729 2040 3780; x_wconf 89' lang='lat' dir='ltr'><strong>Divi-</strong></span> 
     </span>
    </p>
   </div>
   <div class='ocr_carea' id='block_1_53' title="bbox 478 3795 2038 3864">
    <p class='ocr_par' dir='ltr' id='par_1_53' title="bbox 478 3795 2038 3864">
     <span class='ocr_line' id='line_1_53' title="bbox 478 3795 2038 3864; baseline 0.001 -14"><span class='ocrx_word' id='word_1_371' title='bbox 478 3797 632 3850; x_wconf 72' lang='lat' dir='ltr'><strong>tesin</strong></span> <span class='ocrx_word' id='word_1_372' title='bbox 667 3811 890 3864; x_wconf 91' lang='lat' dir='ltr'><strong>regnum</strong></span> <span class='ocrx_word' id='word_1_373' title='bbox 917 3797 1008 3851; x_wconf 85' lang='lat' dir='ltr'><strong>Dei</strong></span> <span class='ocrx_word' id='word_1_374' title='bbox 1042 3795 1256 3851; x_wconf 85' lang='lat' dir='ltr'><strong>dilIicile</strong></span> <span class='ocrx_word' id='word_1_375' title='bbox 1288 3799 1606 3861; x_wconf 89' lang='lat' dir='ltr'><strong>introibuut,</strong></span> <span class='ocrx_word' id='word_1_376' title='bbox 1639 3815 1658 3849; x_wconf 87' lang='grc'><strong>›</strong></span> <span class='ocrx_word' id='word_1_377' title='bbox 1689 3813 1791 3850; x_wconf 92' lang='lat' dir='ltr'><strong>non</strong></span> <span class='ocrx_word' id='word_1_378' title='bbox 1818 3797 2038 3851; x_wconf 88' lang='lat' dir='ltr'><strong>litterali</strong></span> 
     </span>
    </p>
   </div>
   <div class='ocr_carea' id='block_1_54' title="bbox 478 3866 2037 3936">
    <p class='ocr_par' dir='ltr' id='par_1_54' title="bbox 478 3866 2037 3936">
     <span class='ocr_line' id='line_1_54' title="bbox 478 3866 2037 3936; baseline 0.001 -16"><span class='ocrx_word' id='word_1_379' title='bbox 478 3868 574 3920; x_wconf 83' lang='lat' dir='ltr'><strong>sed</strong></span> <span class='ocrx_word' id='word_1_380' title='bbox 613 3866 880 3922; x_wconf 88' lang='lat' dir='ltr'><strong>subtiliori</strong></span> <span class='ocrx_word' id='word_1_381' title='bbox 918 3881 1078 3922; x_wconf 90' lang='lat' dir='ltr'><strong>sensu</strong></span> <span class='ocrx_word' id='word_1_382' title='bbox 1115 3881 1234 3920; x_wconf 88' lang='lat' dir='ltr'><strong>esse</strong></span> <span class='ocrx_word' id='word_1_383' title='bbox 1279 3867 1618 3936; x_wconf 89' lang='lat' dir='ltr'><strong>accipienda.</strong></span> <span class='ocrx_word' id='word_1_384' title='bbox 1651 3867 1766 3921; x_wconf 81' lang='lat' dir='ltr'><strong>Non</strong></span> <span class='ocrx_word' id='word_1_385' title='bbox 1812 3869 1956 3921; x_wconf 89' lang='lat' dir='ltr'><strong>enim</strong></span> <span class='ocrx_word' id='word_1_386' title='bbox 1983 3870 2037 3921; x_wconf 92' lang='lat' dir='ltr'><strong>in</strong></span> 
     </span>
    </p>
   </div>
   <div class='ocr_carea' id='block_1_55' title="bbox 477 3938 2037 4008">
    <p class='ocr_par' dir='ltr' id='par_1_55' title="bbox 477 3938 2037 4008">
     <span class='ocr_line' id='line_1_55' title="bbox 477 3938 2037 4008; baseline 0.002 -19"><span class='ocrx_word' id='word_1_387' title='bbox 477 3948 668 4008; x_wconf 73' lang='lat' dir='ltr'><strong>earum</strong></span> <span class='ocrx_word' id='word_1_388' title='bbox 696 3939 1094 4008; x_wconf 74' lang='lat' dir='ltr'><strong>possessione,</strong></span> <span class='ocrx_word' id='word_1_389' title='bbox 1148 3940 1226 3992; x_wconf 88' lang='lat' dir='ltr'><strong>uti</strong></span> <span class='ocrx_word' id='word_1_390' title='bbox 1265 3939 1512 4006; x_wconf 87' lang='lat' dir='ltr'><strong>corporis</strong></span> <span class='ocrx_word' id='word_1_391' title='bbox 1560 3939 1808 4006; x_wconf 82' lang='lat' dir='ltr'><strong>exemplo</strong></span> <span class='ocrx_word' id='word_1_392' title='bbox 1862 3938 2037 4008; x_wconf 87' lang='lat' dir='ltr'><strong>palam</strong></span> 
     </span>
    </p>
   </div>
   <div class='ocr_carea' id='block_1_56' title="bbox 478 4004 1512 4077">
    <p class='ocr_par' dir='ltr' id='par_1_56' title="bbox 478 4004 1512 4077">
     <span class='ocr_line' id='line_1_56' title="bbox 478 4004 1512 4077; baseline 0.004 -19"><span class='ocrx_word' id='word_1_393' title='bbox 478 4004 570 4077; x_wconf 86' lang='lat' dir='ltr'><strong>ille</strong></span> <span class='ocrx_word' id='word_1_394' title='bbox 605 4004 756 4071; x_wconf 81' lang='lat' dir='ltr'><strong>facit,</strong></span> <span class='ocrx_word' id='word_1_395' title='bbox 802 4008 949 4061; x_wconf 87' lang='lat' dir='ltr'><strong>salus</strong></span> <span class='ocrx_word' id='word_1_396' title='bbox 980 4019 1165 4061; x_wconf 89' lang='lat' dir='ltr'><strong>nostra</strong></span> <span class='ocrx_word' id='word_1_397' title='bbox 1202 4004 1379 4077; x_wconf 74' lang='lat' dir='ltr'><strong>posita</strong></span> <span class='ocrx_word' id='word_1_398' title='bbox 1407 4017 1512 4062; x_wconf 91' lang='lat' dir='ltr'><strong>est.</strong></span> 
     </span>
    </p>
   </div>
   <div class='ocr_carea' id='block_1_57' title="bbox 544 4076 2036 4148">
    <p class='ocr_par' dir='ltr' id='par_1_57' title="bbox 544 4076 2036 4148">
     <span class='ocr_line' id='line_1_57' title="bbox 544 4076 2036 4148; baseline 0.002 -18"><span class='ocrx_word' id='word_1_399' title='bbox 544 4076 648 4145; x_wconf 85' lang='lat' dir='ltr'><strong>Qui</strong></span> <span class='ocrx_word' id='word_1_400' title='bbox 695 4078 988 4133; x_wconf 89' lang='lat' dir='ltr'><strong>virtutibus</strong></span> <span class='ocrx_word' id='word_1_401' title='bbox 1035 4076 1214 4146; x_wconf 77' lang='lat' dir='ltr'><strong>igitur</strong></span> <span class='ocrx_word' id='word_1_402' title='bbox 1236 4077 1432 4142; x_wconf 90' lang='lat' dir='ltr'><strong>fretus,</strong></span> <span class='ocrx_word' id='word_1_403' title='bbox 1502 4077 1578 4132; x_wconf 93' lang='lat' dir='ltr'><strong>uti</strong></span> <span class='ocrx_word' id='word_1_404' title='bbox 1625 4077 1716 4133; x_wconf 91' lang='lat' dir='ltr'><strong>ille</strong></span> <span class='ocrx_word' id='word_1_405' title='bbox 1761 4079 1939 4148; x_wconf 82' lang='lat' dir='ltr'><strong>pergit</strong></span> <span class='ocrx_word' id='word_1_406' title='bbox 1967 4079 2036 4146; x_wconf 74' lang='lat'><strong>&quot;,</strong></span> 
     </span>
    </p>
   </div>
   <div class='ocr_carea' id='block_1_58' title="bbox 476 4140 2036 4216">
    <p class='ocr_par' dir='ltr' id='par_1_58' title="bbox 476 4140 2036 4216">
     <span class='ocr_line' id='line_1_58' title="bbox 476 4140 2036 4216; baseline 0.002 -16"><span class='ocrx_word' id='word_1_407' title='bbox 476 4140 696 4216; x_wconf 61' lang='lat' dir='ltr'><strong>ioriuna</strong></span> <span class='ocrx_word' id='word_1_408' title='bbox 733 4162 831 4201; x_wconf 88' lang='lat' dir='ltr'><strong>sua</strong></span> <span class='ocrx_word' id='word_1_409' title='bbox 873 4163 977 4202; x_wconf 89' lang='lat' dir='ltr'><strong>non</strong></span> <span class='ocrx_word' id='word_1_410' title='bbox 1025 4140 1228 4216; x_wconf 75' lang='lat' dir='ltr'><strong>absque</strong></span> <span class='ocrx_word' id='word_1_411' title='bbox 1277 4150 1382 4203; x_wconf 87' lang='lat' dir='ltr'><strong>lide</strong></span> <span class='ocrx_word' id='word_1_412' title='bbox 1411 4140 1464 4202; x_wconf 86' lang='lat' dir='ltr'><strong>et</strong></span> <span class='ocrx_word' id='word_1_413' title='bbox 1509 4140 1800 4203; x_wconf 73' lang='lat' dir='ltr'><strong>sanctitate</strong></span> <span class='ocrx_word' id='word_1_414' title='bbox 1843 4140 2036 4213; x_wconf 59' lang='lat' dir='ltr'><strong>uiitur,</strong></span> 
     </span>
    </p>
   </div>
   <div class='ocr_carea' id='block_1_59' title="bbox 476 4214 2036 4288">
    <p class='ocr_par' dir='ltr' id='par_1_59' title="bbox 476 4214 2036 4288">
     <span class='ocr_line' id='line_1_59' title="bbox 476 4214 2036 4288; baseline 0.003 -20"><span class='ocrx_word' id='word_1_415' title='bbox 476 4214 525 4288; x_wconf 87' lang='lat' dir='ltr'><strong>i_s</strong></span> <span class='ocrx_word' id='word_1_416' title='bbox 560 4219 762 4271; x_wconf 92' lang='lat' dir='ltr'><strong>mundo</strong></span> <span class='ocrx_word' id='word_1_417' title='bbox 784 4220 949 4272; x_wconf 89' lang='lat' dir='ltr'><strong>corde</strong></span> <span class='ocrx_word' id='word_1_418' title='bbox 975 4227 1080 4282; x_wconf 89' lang='lat' dir='ltr'><strong>est,</strong></span> <span class='ocrx_word' id='word_1_419' title='bbox 1105 4214 1162 4272; x_wconf 78' lang='lat' dir='ltr'><strong>et</strong></span> <span class='ocrx_word' id='word_1_420' title='bbox 1191 4221 1242 4271; x_wconf 91' lang='lat' dir='ltr'><strong>in</strong></span> <span class='ocrx_word' id='word_1_421' title='bbox 1280 4234 1506 4288; x_wconf 90' lang='lat' dir='ltr'><strong>regnum</strong></span> <span class='ocrx_word' id='word_1_422' title='bbox 1554 4219 1646 4273; x_wconf 85' lang='lat' dir='ltr'><strong>Dei</strong></span> <span class='ocrx_word' id='word_1_423' title='bbox 1676 4221 2036 4288; x_wconf 82' lang='lat' dir='ltr'><strong>ingredietur.</strong></span> 
     </span>
    </p>
   </div>
   <div class='ocr_carea' id='block_1_60' title="bbox 476 4285 2040 4359">
    <p class='ocr_par' dir='ltr' id='par_1_60' title="bbox 476 4285 2040 4359">
     <span class='ocr_line' id='line_1_60' title="bbox 476 4285 2040 4359; baseline 0.002 -20"><span class='ocrx_word' id='word_1_424' title='bbox 476 4285 704 4359; x_wconf 78' lang='lat' dir='ltr'><strong>Quando</strong></span> <span class='ocrx_word' id='word_1_425' title='bbox 742 4301 874 4343; x_wconf 88' lang='lat' dir='ltr'><strong>vero</strong></span> <span class='ocrx_word' id='word_1_426' title='bbox 917 4289 1066 4342; x_wconf 89' lang='lat' dir='ltr'><strong>diviti</strong></span> <span class='ocrx_word' id='word_1_427' title='bbox 1113 4285 1366 4342; x_wconf 77' lang='lat' dir='ltr'><strong>Christus</strong></span> <span class='ocrx_word' id='word_1_428' title='bbox 1398 4289 1579 4342; x_wconf 77' lang='lat' dir='ltr'><strong>dixit:</strong></span> <span class='ocrx_word' id='word_1_429' title='bbox 1618 4307 1638 4340; x_wconf 82' lang='grc' dir='ltr'><strong>ι</strong></span> <span class='ocrx_word' id='word_1_430' title='bbox 1694 4285 1875 4344; x_wconf 66' lang='lat' dir='ltr'><strong>vende</strong></span> <span class='ocrx_word' id='word_1_431' title='bbox 1918 4305 2040 4359; x_wconf 67' lang='lat' dir='ltr'><strong>quae</strong></span> 
     </span>
    </p>
   </div>
   <div class='ocr_carea' id='block_1_61' title="bbox 477 4355 2041 4428">
    <p class='ocr_par' dir='ltr' id='par_1_61' title="bbox 477 4355 2041 4428">
     <span class='ocr_line' id='line_1_61' title="bbox 477 4355 2041 4428; baseline 0.003 -20"><span class='ocrx_word' id='word_1_432' title='bbox 477 4355 665 4422; x_wconf 87' lang='lat' dir='ltr'><strong>babes,</strong></span> <span class='ocrx_word' id='word_1_433' title='bbox 701 4375 722 4409; x_wconf 74' lang='grc' dir='ltr'><strong>ι</strong></span> <span class='ocrx_word' id='word_1_434' title='bbox 771 4373 876 4412; x_wconf 90' lang='lat' dir='ltr'><strong>non</strong></span> <span class='ocrx_word' id='word_1_435' title='bbox 911 4373 976 4413; x_wconf 92' lang='lat' dir='ltr'><strong>eo</strong></span> <span class='ocrx_word' id='word_1_436' title='bbox 1019 4373 1178 4413; x_wconf 86' lang='lat' dir='ltr'><strong>sensu</strong></span> <span class='ocrx_word' id='word_1_437' title='bbox 1221 4361 1273 4411; x_wconf 90' lang='lat' dir='ltr'><strong>id</strong></span> <span class='ocrx_word' id='word_1_438' title='bbox 1320 4361 1368 4412; x_wconf 91' lang='lat' dir='ltr'><strong>ei</strong></span> <span class='ocrx_word' id='word_1_439' title='bbox 1413 4363 1701 4428; x_wconf 67' lang='lat' dir='ltr'><strong>prmcepit,</strong></span> <span class='ocrx_word' id='word_1_440' title='bbox 1749 4371 1806 4413; x_wconf 94' lang='lat' dir='ltr'><strong>ut</strong></span> <span class='ocrx_word' id='word_1_441' title='bbox 1852 4355 2041 4414; x_wconf 82' lang='lat' dir='ltr'><strong>veiidi-</strong></span> 
     </span>
    </p>
   </div>
   <div class='ocr_carea' id='block_1_62' title="bbox 478 4428 2039 4498">
    <p class='ocr_par' dir='ltr' id='par_1_62' title="bbox 478 4428 2039 4498">
     <span class='ocr_line' id='line_1_62' title="bbox 478 4428 2039 4498; baseline 0.004 -20"><span class='ocrx_word' id='word_1_442' title='bbox 478 4432 656 4479; x_wconf 81' lang='lat' dir='ltr'><strong>torum</strong></span> <span class='ocrx_word' id='word_1_443' title='bbox 699 4428 1025 4496; x_wconf 68' lang='lat' dir='ltr'><strong>prmdioruin</strong></span> <span class='ocrx_word' id='word_1_444' title='bbox 1052 4429 1284 4497; x_wconf 88' lang='lat' dir='ltr'><strong>pretium</strong></span> <span class='ocrx_word' id='word_1_445' title='bbox 1331 4431 1592 4498; x_wconf 85' lang='lat' dir='ltr'><strong>reeipiat;</strong></span> <span class='ocrx_word' id='word_1_446' title='bbox 1624 4432 1716 4483; x_wconf 85' lang='lat' dir='ltr'><strong>sed</strong></span> <span class='ocrx_word' id='word_1_447' title='bbox 1761 4441 1820 4484; x_wconf 95' lang='lat' dir='ltr'><strong>ut</strong></span> <span class='ocrx_word' id='word_1_448' title='bbox 1867 4433 2039 4484; x_wconf 88' lang='lat' dir='ltr'><strong>bonos</strong></span> 
     </span>
    </p>
   </div>
   <div class='ocr_carea' id='block_1_63' title="bbox 2149 513 3700 584">
    <p class='ocr_par' dir='ltr' id='par_1_63' title="bbox 2149 513 3700 584">
     <span class='ocr_line' id='line_1_63' title="bbox 2149 513 3700 584; baseline -0.001 -16"><span class='ocrx_word' id='word_1_449' title='bbox 2149 516 2250 578; x_wconf 90' lang='lat' dir='ltr'><strong>eis,</strong></span> <span class='ocrx_word' id='word_1_450' title='bbox 2272 532 2391 584; x_wconf 56' lang='lat' dir='ltr'><strong>qua:</strong></span> <span class='ocrx_word' id='word_1_451' title='bbox 2413 513 2592 568; x_wconf 19' lang='lat' dir='ltr'><strong>isaluti</strong></span> <span class='ocrx_word' id='word_1_452' title='bbox 2621 513 2880 577; x_wconf 80' lang='lat' dir='ltr'><strong>alliciunt,</strong></span> <span class='ocrx_word' id='word_1_453' title='bbox 2905 513 3268 584; x_wconf 84' lang='lat' dir='ltr'><strong>obtemperat,</strong></span> <span class='ocrx_word' id='word_1_454' title='bbox 3293 513 3600 584; x_wconf 77' lang='lat' dir='ltr'><strong>centuplum</strong></span> <span class='ocrx_word' id='word_1_455' title='bbox 3625 531 3700 570; x_wconf 84' lang='lat' dir='ltr'><strong>re-</strong></span> 
     </span>
    </p>
   </div>
   <div class='ocr_carea' id='block_1_64' title="bbox 2148 580 3698 653">
    <p class='ocr_par' dir='ltr' id='par_1_64' title="bbox 2148 580 3698 653">
     <span class='ocr_line' id='line_1_64' title="bbox 2148 580 3698 653; baseline 0 -15"><span class='ocrx_word' id='word_1_456' title='bbox 2148 580 2452 653; x_wconf 78' lang='lat' dir='ltr'><strong>cepturum.</strong></span> <span class='ocrx_word' id='word_1_457' title='bbox 2483 585 2634 649; x_wconf 84' lang='lat' dir='ltr'><strong>Quod</strong></span> <span class='ocrx_word' id='word_1_458' title='bbox 2660 593 2810 653; x_wconf 86' lang='lat' dir='ltr'><strong>certe</strong></span> <span class='ocrx_word' id='word_1_459' title='bbox 2834 583 3020 636; x_wconf 85' lang='lat' dir='ltr'><strong>eodem</strong></span> <span class='ocrx_word' id='word_1_460' title='bbox 3047 581 3206 649; x_wconf 89' lang='lat' dir='ltr'><strong>plane</strong></span> <span class='ocrx_word' id='word_1_461' title='bbox 3240 580 3400 635; x_wconf 90' lang='lat' dir='ltr'><strong>modo</strong></span> <span class='ocrx_word' id='word_1_462' title='bbox 3420 583 3488 653; x_wconf 85' lang='lat' dir='ltr'><strong>de</strong></span> <span class='ocrx_word' id='word_1_463' title='bbox 3514 595 3698 651; x_wconf 88' lang='lat' dir='ltr'><strong>matre,</strong></span> 
     </span>
    </p>
   </div>
   <div class='ocr_carea' id='block_1_65' title="bbox 2149 652 3706 722">
    <p class='ocr_par' dir='ltr' id='par_1_65' title="bbox 2149 652 3706 722">
     <span class='ocr_line' id='line_1_65' title="bbox 2149 652 3706 722; baseline 0.002 -16"><span class='ocrx_word' id='word_1_464' title='bbox 2149 652 2334 717; x_wconf 79' lang='lat' dir='ltr'><strong>fratre,</strong></span> <span class='ocrx_word' id='word_1_465' title='bbox 2369 669 2577 713; x_wconf 88' lang='lat' dir='ltr'><strong>sorore,</strong></span> <span class='ocrx_word' id='word_1_466' title='bbox 2604 661 2659 706; x_wconf 90' lang='lat' dir='ltr'><strong>et</strong></span> <span class='ocrx_word' id='word_1_467' title='bbox 2691 652 2811 706; x_wconf 92' lang='lat' dir='ltr'><strong>aliis</strong></span> <span class='ocrx_word' id='word_1_468' title='bbox 2833 652 3342 722; x_wconf 89' lang='lat' dir='ltr'><strong>parentibus,atque</strong></span> <span class='ocrx_word' id='word_1_469' title='bbox 3358 652 3528 705; x_wconf 87' lang='lat' dir='ltr'><strong>etiam</strong></span> <span class='ocrx_word' id='word_1_470' title='bbox 3548 654 3614 708; x_wconf 86' lang='lat' dir='ltr'><strong>de</strong></span> <span class='ocrx_word' id='word_1_471' title='bbox 3628 657 3706 709; x_wconf 82' lang='lat' dir='ltr'><strong>di-</strong></span> 
     </span>
    </p>
   </div>
   <div class='ocr_carea' id='block_1_66' title="bbox 2147 722 2931 792">
    <p class='ocr_par' dir='ltr' id='par_1_66' title="bbox 2147 722 2931 792">
     <span class='ocr_line' id='line_1_66' title="bbox 2147 722 2931 792; baseline -0.001 -17"><span class='ocrx_word' id='word_1_472' title='bbox 2147 724 2292 776; x_wconf 87' lang='lat' dir='ltr'><strong>vitiis</strong></span> <span class='ocrx_word' id='word_1_473' title='bbox 2321 724 2724 792; x_wconf 86' lang='lat' dir='ltr'><strong>intelligendum</strong></span> <span class='ocrx_word' id='word_1_474' title='bbox 2751 733 2838 775; x_wconf 88' lang='lat' dir='ltr'><strong>est</strong></span> <span class='ocrx_word' id='word_1_475' title='bbox 2865 722 2931 774; x_wconf 78' lang='grc'><strong>⁷⁸.</strong></span> 
     </span>
    </p>
   </div>
   <div class='ocr_carea' id='block_1_67' title="bbox 2215 791 3713 859">
    <p class='ocr_par' dir='ltr' id='par_1_67' title="bbox 2215 791 3713 859">
     <span class='ocr_line' id='line_1_67' title="bbox 2215 791 3713 859; baseline 0.001 -14"><span class='ocrx_word' id='word_1_476' title='bbox 2215 794 2346 859; x_wconf 85' lang='lat' dir='ltr'><strong>Quia</strong></span> <span class='ocrx_word' id='word_1_477' title='bbox 2385 791 2515 846; x_wconf 81' lang='lat' dir='ltr'><strong>vero</strong></span> <span class='ocrx_word' id='word_1_478' title='bbox 2543 794 2791 847; x_wconf 86' lang='lat' dir='ltr'><strong>Christus</strong></span> <span class='ocrx_word' id='word_1_479' title='bbox 2827 791 3066 850; x_wconf 86' lang='lat' dir='ltr'><strong>addidit,</strong></span> <span class='ocrx_word' id='word_1_480' title='bbox 3099 807 3119 840; x_wconf 73' lang='grc' dir='ltr'><strong>ι</strong></span> <span class='ocrx_word' id='word_1_481' title='bbox 3147 803 3269 844; x_wconf 91' lang='lat' dir='ltr'><strong>cum</strong></span> <span class='ocrx_word' id='word_1_482' title='bbox 3308 794 3713 858; x_wconf 50' lang='lat' dir='ltr'><strong>persecutioni-i</strong></span> 
     </span>
    </p>
   </div>
   <div class='ocr_carea' id='block_1_68' title="bbox 2147 859 3705 930">
    <p class='ocr_par' dir='ltr' id='par_1_68' title="bbox 2147 859 3705 930">
     <span class='ocr_line' id='line_1_68' title="bbox 2147 859 3705 930; baseline -0.001 -14"><span class='ocrx_word' id='word_1_483' title='bbox 2147 865 2269 928; x_wconf 90' lang='lat' dir='ltr'><strong>bus,</strong></span> <span class='ocrx_word' id='word_1_484' title='bbox 2325 883 2343 914; x_wconf 79' lang='lat' dir='ltr'><strong>i</strong></span> <span class='ocrx_word' id='word_1_485' title='bbox 2385 864 2648 930; x_wconf 87' lang='lat' dir='ltr'><strong>duplicem</strong></span> <span class='ocrx_word' id='word_1_486' title='bbox 2679 872 2872 915; x_wconf 89' lang='lat' dir='ltr'><strong>auctor</strong></span> <span class='ocrx_word' id='word_1_487' title='bbox 2910 870 3096 915; x_wconf 92' lang='lat' dir='ltr'><strong>noster</strong></span> <span class='ocrx_word' id='word_1_488' title='bbox 3129 859 3425 928; x_wconf 87' lang='lat' dir='ltr'><strong>distinguit</strong></span> <span class='ocrx_word' id='word_1_489' title='bbox 3461 877 3705 928; x_wconf 87' lang='lat' dir='ltr'><strong>persecu-</strong></span> 
     </span>
    </p>
   </div>
   <div class='ocr_carea' id='block_1_69' title="bbox 2149 930 3706 998">
    <p class='ocr_par' dir='ltr' id='par_1_69' title="bbox 2149 930 3706 998">
     <span class='ocr_line' id='line_1_69' title="bbox 2149 930 3706 998; baseline 0.003 -14"><span class='ocrx_word' id='word_1_490' title='bbox 2149 936 2385 998; x_wconf 89' lang='lat' dir='ltr'><strong>tionem;</strong></span> <span class='ocrx_word' id='word_1_491' title='bbox 2419 943 2474 986; x_wconf 88' lang='lat' dir='ltr'><strong>ct</strong></span> <span class='ocrx_word' id='word_1_492' title='bbox 2500 948 2659 985; x_wconf 91' lang='lat' dir='ltr'><strong>unam</strong></span> <span class='ocrx_word' id='word_1_493' title='bbox 2697 931 2913 998; x_wconf 90' lang='lat' dir='ltr'><strong>quidem</strong></span> <span class='ocrx_word' id='word_1_494' title='bbox 2949 930 3317 992; x_wconf 78' lang='lat' dir='ltr'><strong>extrinsecus,</strong></span> <span class='ocrx_word' id='word_1_495' title='bbox 3355 933 3614 986; x_wconf 85' lang='lat' dir='ltr'><strong>nimirum</strong></span> <span class='ocrx_word' id='word_1_496' title='bbox 3641 947 3706 990; x_wconf 77' lang='lat' dir='ltr'><strong>ex</strong></span> 
     </span>
    </p>
   </div>
   <div class='ocr_carea' id='block_1_70' title="bbox 2147 1000 3704 1069">
    <p class='ocr_par' dir='ltr' id='par_1_70' title="bbox 2147 1000 3704 1069">
     <span class='ocr_line' id='line_1_70' title="bbox 2147 1000 3704 1069; baseline 0.001 -14"><span class='ocrx_word' id='word_1_497' title='bbox 2147 1004 2472 1068; x_wconf 91' lang='lat' dir='ltr'><strong>hominibus,</strong></span> <span class='ocrx_word' id='word_1_498' title='bbox 2506 1013 2598 1055; x_wconf 88' lang='lat' dir='ltr'><strong>aut</strong></span> <span class='ocrx_word' id='word_1_499' title='bbox 2634 1001 2900 1054; x_wconf 87' lang='lat' dir='ltr'><strong>diabolica</strong></span> <span class='ocrx_word' id='word_1_500' title='bbox 2933 1000 3278 1069; x_wconf 83' lang='lat' dir='ltr'><strong>suggestione</strong></span> <span class='ocrx_word' id='word_1_501' title='bbox 3306 1002 3704 1057; x_wconf 84' lang='lat' dir='ltr'><strong>advenientem.</strong></span> 
     </span>
    </p>
   </div>
   <div class='ocr_carea' id='block_1_71' title="bbox 2145 1070 3710 1138">
    <p class='ocr_par' dir='ltr' id='par_1_71' title="bbox 2145 1070 3710 1138">
     <span class='ocr_line' id='line_1_71' title="bbox 2145 1070 3710 1138; baseline 0.001 -13"><span class='ocrx_word' id='word_1_502' title='bbox 2145 1073 2326 1125; x_wconf 85' lang='lat' dir='ltr'><strong>Altera</strong></span> <span class='ocrx_word' id='word_1_503' title='bbox 2364 1084 2565 1136; x_wconf 88' lang='lat' dir='ltr'><strong>autem,</strong></span> <span class='ocrx_word' id='word_1_504' title='bbox 2610 1085 2785 1138; x_wconf 89' lang='lat' dir='ltr'><strong>eaque</strong></span> <span class='ocrx_word' id='word_1_505' title='bbox 2821 1071 3162 1138; x_wconf 87' lang='lat' dir='ltr'><strong>gravissima,</strong></span> <span class='ocrx_word' id='word_1_506' title='bbox 3216 1070 3452 1138; x_wconf 66' lang='lat' dir='ltr'><strong>interior</strong></span> <span class='ocrx_word' id='word_1_507' title='bbox 3503 1082 3606 1134; x_wconf 92' lang='lat' dir='ltr'><strong>est,</strong></span> <span class='ocrx_word' id='word_1_508' title='bbox 3657 1083 3710 1128; x_wconf 82' lang='lat' dir='ltr'><strong>et</strong></span> 
     </span>
    </p>
   </div>
   <div class='ocr_carea' id='block_1_72' title="bbox 2147 1140 3702 1210">
    <p class='ocr_par' dir='ltr' id='par_1_72' title="bbox 2147 1140 3702 1210">
     <span class='ocr_line' id='line_1_72' title="bbox 2147 1140 3702 1210; baseline -0.001 -15"><span class='ocrx_word' id='word_1_509' title='bbox 2147 1157 2211 1195; x_wconf 71' lang='lat' dir='ltr'><strong>ex</strong></span> <span class='ocrx_word' id='word_1_510' title='bbox 2255 1143 2434 1208; x_wconf 82' lang='lat' dir='ltr'><strong>impiis</strong></span> <span class='ocrx_word' id='word_1_511' title='bbox 2464 1145 2766 1208; x_wconf 67' lang='lat' dir='ltr'><strong>depravata:</strong></span> <span class='ocrx_word' id='word_1_512' title='bbox 2814 1143 3009 1194; x_wconf 67' lang='lat' dir='ltr'><strong>animae</strong></span> <span class='ocrx_word' id='word_1_513' title='bbox 3052 1140 3365 1202; x_wconf 76' lang='lat' dir='ltr'><strong>desideriis’,</strong></span> <span class='ocrx_word' id='word_1_514' title='bbox 3420 1143 3702 1210; x_wconf 86' lang='lat' dir='ltr'><strong>pravisque</strong></span> 
     </span>
    </p>
   </div>
   <div class='ocr_carea' id='block_1_73' title="bbox 2147 1211 3704 1279">
    <p class='ocr_par' dir='ltr' id='par_1_73' title="bbox 2147 1211 3704 1279">
     <span class='ocr_line' id='line_1_73' title="bbox 2147 1211 3704 1279; baseline 0.001 -15"><span class='ocrx_word' id='word_1_515' title='bbox 2147 1211 2424 1265; x_wconf 77' lang='lat' dir='ltr'><strong>alfecdbus</strong></span> <span class='ocrx_word' id='word_1_516' title='bbox 2456 1214 2648 1265; x_wconf 90' lang='lat' dir='ltr'><strong>oritur.</strong></span> <span class='ocrx_word' id='word_1_517' title='bbox 2692 1211 2827 1264; x_wconf 90' lang='lat' dir='ltr'><strong>Cum</strong></span> <span class='ocrx_word' id='word_1_518' title='bbox 2872 1211 2975 1265; x_wconf 90' lang='lat' dir='ltr'><strong>hac</strong></span> <span class='ocrx_word' id='word_1_519' title='bbox 3017 1211 3204 1279; x_wconf 87' lang='lat' dir='ltr'><strong>itaque</strong></span> <span class='ocrx_word' id='word_1_520' title='bbox 3235 1213 3477 1262; x_wconf 89' lang='lat' dir='ltr'><strong>secunda</strong></span> <span class='ocrx_word' id='word_1_521' title='bbox 3524 1226 3704 1278; x_wconf 87' lang='lat' dir='ltr'><strong>perse-</strong></span> 
     </span>
    </p>
   </div>
   <div class='ocr_carea' id='block_1_74' title="bbox 2147 1280 3704 1349">
    <p class='ocr_par' dir='ltr' id='par_1_74' title="bbox 2147 1280 3704 1349">
     <span class='ocr_line' id='line_1_74' title="bbox 2147 1280 3704 1349; baseline 0.003 -17"><span class='ocrx_word' id='word_1_522' title='bbox 2147 1283 2364 1334; x_wconf 89' lang='lat' dir='ltr'><strong>cutione</strong></span> <span class='ocrx_word' id='word_1_523' title='bbox 2411 1283 2500 1349; x_wconf 86' lang='lat' dir='ltr'><strong>qui</strong></span> <span class='ocrx_word' id='word_1_524' title='bbox 2557 1282 2778 1343; x_wconf 87' lang='lat' dir='ltr'><strong>fratres,</strong></span> <span class='ocrx_word' id='word_1_525' title='bbox 2824 1281 3160 1347; x_wconf 89' lang='lat' dir='ltr'><strong>deliciasque</strong></span> <span class='ocrx_word' id='word_1_526' title='bbox 3210 1280 3486 1342; x_wconf 87' lang='lat' dir='ltr'><strong>carnales,</strong></span> <span class='ocrx_word' id='word_1_527' title='bbox 3519 1298 3704 1336; x_wconf 83' lang='lat' dir='ltr'><strong>carna-</strong></span> 
     </span>
    </p>
   </div>
   <div class='ocr_carea' id='block_1_75' title="bbox 2149 1350 3704 1420">
    <p class='ocr_par' dir='ltr' id='par_1_75' title="bbox 2149 1350 3704 1420">
     <span class='ocr_line' id='line_1_75' title="bbox 2149 1350 3704 1420; baseline 0.003 -18"><span class='ocrx_word' id='word_1_528' title='bbox 2149 1350 2324 1417; x_wconf 87' lang='lat' dir='ltr'><strong>liaque</strong></span> <span class='ocrx_word' id='word_1_529' title='bbox 2371 1353 2546 1420; x_wconf 89' lang='lat' dir='ltr'><strong>aliqua</strong></span> <span class='ocrx_word' id='word_1_530' title='bbox 2598 1353 2822 1420; x_wconf 87' lang='lat' dir='ltr'><strong>pignora</strong></span> <span class='ocrx_word' id='word_1_531' title='bbox 2879 1352 3150 1410; x_wconf 86' lang='lat' dir='ltr'><strong>habuerit,</strong></span> <span class='ocrx_word' id='word_1_532' title='bbox 3205 1364 3268 1403; x_wconf 88' lang='lat' dir='ltr'><strong>ea</strong></span> <span class='ocrx_word' id='word_1_533' title='bbox 3311 1352 3502 1403; x_wconf 87' lang='lat' dir='ltr'><strong>omnia</strong></span> <span class='ocrx_word' id='word_1_534' title='bbox 3557 1353 3704 1406; x_wconf 82' lang='lat' dir='ltr'><strong>debet</strong></span> 
     </span>
    </p>
   </div>
   <div class='ocr_carea' id='block_1_76' title="bbox 2147 1419 3702 1490">
    <p class='ocr_par' dir='ltr' id='par_1_76' title="bbox 2147 1419 3702 1490">
     <span class='ocr_line' id='line_1_76' title="bbox 2147 1419 3702 1490; baseline 0 -16"><span class='ocrx_word' id='word_1_535' title='bbox 2147 1419 2474 1489; x_wconf 85' lang='lat' dir='ltr'><strong>relinquere,</strong></span> <span class='ocrx_word' id='word_1_536' title='bbox 2507 1419 2674 1490; x_wconf 83' lang='lat' dir='ltr'><strong>atque</strong></span> <span class='ocrx_word' id='word_1_537' title='bbox 2715 1422 2906 1473; x_wconf 71' lang='lat' dir='ltr'><strong>animm</strong></span> <span class='ocrx_word' id='word_1_538' title='bbox 2936 1436 3046 1474; x_wconf 70' lang='lat' dir='ltr'><strong>suae</strong></span> <span class='ocrx_word' id='word_1_539' title='bbox 3086 1419 3492 1474; x_wconf 84' lang='lat' dir='ltr'><strong>consolatorem</strong></span> <span class='ocrx_word' id='word_1_540' title='bbox 3533 1436 3593 1472; x_wconf 87' lang='lat' dir='ltr'><strong>ac</strong></span> <span class='ocrx_word' id='word_1_541' title='bbox 3615 1439 3702 1489; x_wconf 88' lang='lat' dir='ltr'><strong>pa-</strong></span> 
     </span>
    </p>
   </div>
   <div class='ocr_carea' id='block_1_77' title="bbox 2151 1491 3703 1561">
    <p class='ocr_par' dir='ltr' id='par_1_77' title="bbox 2151 1491 3703 1561">
     <span class='ocr_line' id='line_1_77' title="bbox 2151 1491 3703 1561; baseline 0.003 -20"><span class='ocrx_word' id='word_1_542' title='bbox 2151 1501 2384 1561; x_wconf 79' lang='lat' dir='ltr'><strong>tronum,</strong></span> <span class='ocrx_word' id='word_1_543' title='bbox 2407 1492 2499 1558; x_wconf 90' lang='lat' dir='ltr'><strong>qui</strong></span> <span class='ocrx_word' id='word_1_544' title='bbox 2525 1503 2786 1546; x_wconf 72' lang='lat' dir='ltr'><strong>azternaui</strong></span> <span class='ocrx_word' id='word_1_545' title='bbox 2811 1491 2972 1544; x_wconf 89' lang='lat' dir='ltr'><strong>vitam</strong></span> <span class='ocrx_word' id='word_1_546' title='bbox 3005 1491 3080 1543; x_wconf 89' lang='lat' dir='ltr'><strong>illi</strong></span> <span class='ocrx_word' id='word_1_547' title='bbox 3113 1492 3343 1543; x_wconf 90' lang='lat' dir='ltr'><strong>daturus</strong></span> <span class='ocrx_word' id='word_1_548' title='bbox 3376 1502 3484 1554; x_wconf 86' lang='lat' dir='ltr'><strong>est,</strong></span> <span class='ocrx_word' id='word_1_549' title='bbox 3513 1491 3703 1561; x_wconf 81' lang='lat' dir='ltr'><strong>eligere</strong></span> 
     </span>
    </p>
   </div>
   <div class='ocr_carea' id='block_1_78' title="bbox 2147 1559 2505 1613">
    <p class='ocr_par' dir='ltr' id='par_1_78' title="bbox 2147 1559 2505 1613">
     <span class='ocr_line' id='line_1_78' title="bbox 2147 1559 2505 1613; baseline 0 0"><span class='ocrx_word' id='word_1_550' title='bbox 2147 1559 2505 1613; x_wconf 89' lang='lat' dir='ltr'><strong>Salvatorem.</strong></span> 
     </span>
    </p>
   </div>
   <div class='ocr_carea' id='block_1_79' title="bbox 2218 1627 3702 1686">
    <p class='ocr_par' dir='ltr' id='par_1_79' title="bbox 2218 1627 3702 1686">
     <span class='ocr_line' id='line_1_79' title="bbox 2218 1627 3702 1686; baseline 0.001 -4"><span class='ocrx_word' id='word_1_551' title='bbox 2218 1629 2273 1682; x_wconf 93' lang='lat' dir='ltr'><strong>lu</strong></span> <span class='ocrx_word' id='word_1_552' title='bbox 2321 1631 2525 1685; x_wconf 90' lang='lat' dir='ltr'><strong>ultimis</strong></span> <span class='ocrx_word' id='word_1_553' title='bbox 2576 1633 2791 1686; x_wconf 90' lang='lat' dir='ltr'><strong>tandem</strong></span> <span class='ocrx_word' id='word_1_554' title='bbox 2837 1629 3036 1683; x_wconf 90' lang='lat' dir='ltr'><strong>Christi</strong></span> <span class='ocrx_word' id='word_1_555' title='bbox 3080 1627 3304 1682; x_wconf 85' lang='lat' dir='ltr'><strong>verbis:</strong></span> <span class='ocrx_word' id='word_1_556' title='bbox 3343 1647 3365 1680; x_wconf 77' lang='grc' dir='ltr'>σ</span> <span class='ocrx_word' id='word_1_557' title='bbox 3418 1629 3588 1682; x_wconf 84' lang='lat' dir='ltr'><strong>Erunt</strong></span> <span class='ocrx_word' id='word_1_558' title='bbox 3617 1646 3702 1684; x_wconf 86' lang='lat' dir='ltr'><strong>no-</strong></span> 
     </span>
    </p>
   </div>
   <div class='ocr_carea' id='block_1_80' title="bbox 2148 1699 3701 1768">
    <p class='ocr_par' dir='ltr' id='par_1_80' title="bbox 2148 1699 3701 1768">
     <span class='ocr_line' id='line_1_80' title="bbox 2148 1699 3701 1768; baseline 0.001 -16"><span class='ocrx_word' id='word_1_559' title='bbox 2148 1699 2356 1752; x_wconf 87' lang='lat' dir='ltr'><strong>vissimi</strong></span> <span class='ocrx_word' id='word_1_560' title='bbox 2387 1700 2574 1768; x_wconf 88' lang='lat' dir='ltr'><strong>primi,</strong></span> <span class='ocrx_word' id='word_1_561' title='bbox 2616 1719 2635 1752; x_wconf 84' lang='grc'><strong>›</strong></span> <span class='ocrx_word' id='word_1_562' title='bbox 2673 1712 2777 1755; x_wconf 86' lang='lat' dir='ltr'><strong>cie.</strong></span> <span class='ocrx_word' id='word_1_563' title='bbox 2809 1701 2879 1762; x_wconf 76' lang='grc'><strong>⁷⁸,</strong></span> <span class='ocrx_word' id='word_1_564' title='bbox 2907 1701 3159 1767; x_wconf 83' lang='lat' dir='ltr'><strong>quamvis</strong></span> <span class='ocrx_word' id='word_1_565' title='bbox 3210 1700 3354 1751; x_wconf 88' lang='lat' dir='ltr'><strong>haud</strong></span> <span class='ocrx_word' id='word_1_566' title='bbox 3409 1715 3598 1768; x_wconf 89' lang='lat' dir='ltr'><strong>parum</strong></span> <span class='ocrx_word' id='word_1_567' title='bbox 3628 1716 3701 1754; x_wconf 88' lang='lat' dir='ltr'><strong>re-</strong></span> 
     </span>
    </p>
   </div>
   <div class='ocr_carea' id='block_1_81' title="bbox 2149 1769 3701 1838">
    <p class='ocr_par' dir='ltr' id='par_1_81' title="bbox 2149 1769 3701 1838">
     <span class='ocr_line' id='line_1_81' title="bbox 2149 1769 3701 1838; baseline 0 -14"><span class='ocrx_word' id='word_1_568' title='bbox 2149 1770 2351 1824; x_wconf 90' lang='lat' dir='ltr'><strong>c0iiditi</strong></span> <span class='ocrx_word' id='word_1_569' title='bbox 2403 1784 2596 1824; x_wconf 89' lang='lat' dir='ltr'><strong>sensus</strong></span> <span class='ocrx_word' id='word_1_570' title='bbox 2642 1772 2856 1838; x_wconf 81' lang='lat' dir='ltr'><strong>subsit;</strong></span> <span class='ocrx_word' id='word_1_571' title='bbox 2907 1770 3030 1838; x_wconf 85' lang='lat' dir='ltr'><strong>quia</strong></span> <span class='ocrx_word' id='word_1_572' title='bbox 3086 1779 3268 1822; x_wconf 86' lang='lat' dir='ltr'><strong>tamen</strong></span> <span class='ocrx_word' id='word_1_573' title='bbox 3319 1769 3387 1822; x_wconf 81' lang='lat' dir='ltr'><strong>ad</strong></span> <span class='ocrx_word' id='word_1_574' title='bbox 3444 1785 3599 1822; x_wconf 90' lang='lat' dir='ltr'><strong>suum</strong></span> <span class='ocrx_word' id='word_1_575' title='bbox 3641 1771 3701 1824; x_wconf 89' lang='lat' dir='ltr'><strong>de</strong></span> 
     </span>
    </p>
   </div>
   <div class='ocr_carea' id='block_1_82' title="bbox 2151 1839 3700 1911">
    <p class='ocr_par' dir='ltr' id='par_1_82' title="bbox 2151 1839 3700 1911">
     <span class='ocr_line' id='line_1_82' title="bbox 2151 1839 3700 1911; baseline -0.001 -18"><span class='ocrx_word' id='word_1_576' title='bbox 2151 1840 2411 1911; x_wconf 82' lang='lat' dir='ltr'><strong>divitibus</strong></span> <span class='ocrx_word' id='word_1_577' title='bbox 2458 1851 2834 1911; x_wconf 87' lang='lat' dir='ltr'><strong>argumentum</strong></span> <span class='ocrx_word' id='word_1_578' title='bbox 2862 1855 2923 1892; x_wconf 88' lang='lat' dir='ltr'><strong>ea</strong></span> <span class='ocrx_word' id='word_1_579' title='bbox 2959 1839 3444 1911; x_wconf 80' lang='lat' dir='ltr'><strong>iiiliilfaciehaiit,</strong></span> <span class='ocrx_word' id='word_1_580' title='bbox 3498 1839 3700 1911; x_wconf 83' lang='lat' dir='ltr'><strong>illorum</strong></span> 
     </span>
    </p>
   </div>
   <div class='ocr_carea' id='block_1_83' title="bbox 2148 1908 3700 1978">
    <p class='ocr_par' dir='ltr' id='par_1_83' title="bbox 2148 1908 3700 1978">
     <span class='ocr_line' id='line_1_83' title="bbox 2148 1908 3700 1978; baseline -0.002 -14"><span class='ocrx_word' id='word_1_581' title='bbox 2148 1908 2764 1978; x_wconf 43' lang='lat' dir='ltr'><strong>explicatione—auctor</strong></span> <span class='ocrx_word' id='word_1_582' title='bbox 2833 1919 3016 1962; x_wconf 88' lang='lat' dir='ltr'><strong>noster</strong></span> <span class='ocrx_word' id='word_1_583' title='bbox 3074 1909 3174 1962; x_wconf 89' lang='lat' dir='ltr'><strong>sibi</strong></span> <span class='ocrx_word' id='word_1_584' title='bbox 3243 1908 3700 1976; x_wconf 86' lang='lat' dir='ltr'><strong>supersedendum</strong></span> 
     </span>
    </p>
   </div>
   <div class='ocr_carea' id='block_1_84' title="bbox 2147 1978 3702 2036">
    <p class='ocr_par' dir='ltr' id='par_1_84' title="bbox 2147 1978 3702 2036">
     <span class='ocr_line' id='line_1_84' title="bbox 2147 1978 3702 2036; baseline -0.001 -2"><span class='ocrx_word' id='word_1_585' title='bbox 2147 1996 2266 2034; x_wconf 88' lang='lat' dir='ltr'><strong>esse</strong></span> <span class='ocrx_word' id='word_1_586' title='bbox 2295 1980 2463 2033; x_wconf 78' lang='lat' dir='ltr'><strong>duxit.</strong></span> <span class='ocrx_word' id='word_1_587' title='bbox 2510 1980 2620 2036; x_wconf 87' lang='lat' dir='ltr'><strong>Suo</strong></span> <span class='ocrx_word' id='word_1_588' title='bbox 2658 1980 2858 2033; x_wconf 88' lang='lat' dir='ltr'><strong>etenim</strong></span> <span class='ocrx_word' id='word_1_589' title='bbox 2892 1979 3069 2032; x_wconf 85' lang='lat' dir='ltr'><strong>ollicio</strong></span> <span class='ocrx_word' id='word_1_590' title='bbox 3098 1981 3231 2032; x_wconf 89' lang='lat' dir='ltr'><strong>satis</strong></span> <span class='ocrx_word' id='word_1_591' title='bbox 3281 1993 3342 2031; x_wconf 88' lang='lat' dir='ltr'><strong>se</strong></span> <span class='ocrx_word' id='word_1_592' title='bbox 3387 1978 3580 2032; x_wconf 80' lang='lat' dir='ltr'><strong>fecisse</strong></span> <span class='ocrx_word' id='word_1_593' title='bbox 3617 1979 3702 2032; x_wconf 83' lang='lat' dir='ltr'><strong>de-</strong></span> 
     </span>
    </p>
   </div>
   <div class='ocr_carea' id='block_1_85' title="bbox 2150 2049 3702 2118">
    <p class='ocr_par' dir='ltr' id='par_1_85' title="bbox 2150 2049 3702 2118">
     <span class='ocr_line' id='line_1_85' title="bbox 2150 2049 3702 2118; baseline -0.001 -14"><span class='ocrx_word' id='word_1_594' title='bbox 2150 2052 2344 2113; x_wconf 89' lang='lat' dir='ltr'><strong>clarat,</strong></span> <span class='ocrx_word' id='word_1_595' title='bbox 2381 2067 2502 2103; x_wconf 91' lang='lat' dir='ltr'><strong>cum</strong></span> <span class='ocrx_word' id='word_1_596' title='bbox 2544 2052 2852 2118; x_wconf 86' lang='lat' dir='ltr'><strong>probaverit</strong></span> <span class='ocrx_word' id='word_1_597' title='bbox 2884 2050 3145 2103; x_wconf 84' lang='lat' dir='ltr'><strong>divitibus</strong></span> <span class='ocrx_word' id='word_1_598' title='bbox 3176 2049 3328 2102; x_wconf 91' lang='lat' dir='ltr'><strong>nullo</strong></span> <span class='ocrx_word' id='word_1_599' title='bbox 3359 2049 3520 2116; x_wconf 82' lang='lat' dir='ltr'><strong>plane</strong></span> <span class='ocrx_word' id='word_1_600' title='bbox 3560 2050 3702 2102; x_wconf 86' lang='lat' dir='ltr'><strong>modo</strong></span> 
     </span>
    </p>
   </div>
   <div class='ocr_carea' id='block_1_86' title="bbox 2148 2117 3700 2187">
    <p class='ocr_par' dir='ltr' id='par_1_86' title="bbox 2148 2117 3700 2187">
     <span class='ocr_line' id='line_1_86' title="bbox 2148 2117 3700 2187; baseline -0.003 -15"><span class='ocrx_word' id='word_1_601' title='bbox 2148 2123 2214 2173; x_wconf 89' lang='lat' dir='ltr'><strong>ad</strong></span> <span class='ocrx_word' id='word_1_602' title='bbox 2267 2135 2487 2187; x_wconf 87' lang='lat' dir='ltr'><strong>regnum</strong></span> <span class='ocrx_word' id='word_1_603' title='bbox 2529 2117 2750 2174; x_wconf 62' lang='lat' dir='ltr'><strong>caeleste</strong></span> <span class='ocrx_word' id='word_1_604' title='bbox 2800 2138 2829 2173; x_wconf 87' lang='lat' dir='ltr'><strong>a</strong></span> <span class='ocrx_word' id='word_1_605' title='bbox 2879 2118 3095 2173; x_wconf 90' lang='lat' dir='ltr'><strong>Christo</strong></span> <span class='ocrx_word' id='word_1_606' title='bbox 3147 2122 3356 2172; x_wconf 89' lang='lat' dir='ltr'><strong>aditum</strong></span> <span class='ocrx_word' id='word_1_607' title='bbox 3410 2117 3700 2179; x_wconf 84' lang='lat' dir='ltr'><strong>intercludi,</strong></span> 
     </span>
    </p>
   </div>
   <div class='ocr_carea' id='block_1_87' title="bbox 2151 2189 3705 2258">
    <p class='ocr_par' dir='ltr' id='par_1_87' title="bbox 2151 2189 3705 2258">
     <span class='ocr_line' id='line_1_87' title="bbox 2151 2189 3705 2258; baseline -0.001 -16"><span class='ocrx_word' id='word_1_608' title='bbox 2151 2191 2312 2243; x_wconf 87' lang='lat' dir='ltr'><strong>modo</strong></span> <span class='ocrx_word' id='word_1_609' title='bbox 2354 2192 2493 2243; x_wconf 85' lang='lat' dir='ltr'><strong>illius</strong></span> <span class='ocrx_word' id='word_1_610' title='bbox 2522 2193 2792 2244; x_wconf 88' lang='lat' dir='ltr'><strong>mandatis</strong></span> <span class='ocrx_word' id='word_1_611' title='bbox 2825 2204 3028 2243; x_wconf 87' lang='lat' dir='ltr'><strong>morem</strong></span> <span class='ocrx_word' id='word_1_612' title='bbox 3070 2191 3330 2258; x_wconf 86' lang='lat' dir='ltr'><strong>gerendo,</strong></span> <span class='ocrx_word' id='word_1_613' title='bbox 3363 2189 3568 2241; x_wconf 84' lang='lat' dir='ltr'><strong>divitiis</strong></span> <span class='ocrx_word' id='word_1_614' title='bbox 3590 2189 3705 2258; x_wconf 84' lang='lat' dir='ltr'><strong>suis</strong></span> 
     </span>
    </p>
   </div>
   <div class='ocr_carea' id='block_1_88' title="bbox 2150 2256 3704 2320">
    <p class='ocr_par' dir='ltr' id='par_1_88' title="bbox 2150 2256 3704 2320">
     <span class='ocr_line' id='line_1_88' title="bbox 2150 2256 3704 2320; baseline -0.003 -8"><span class='ocrx_word' id='word_1_615' title='bbox 2150 2260 2286 2313; x_wconf 89' lang='lat' dir='ltr'><strong>bene</strong></span> <span class='ocrx_word' id='word_1_616' title='bbox 2337 2270 2576 2314; x_wconf 90' lang='lat' dir='ltr'><strong>utantur.</strong></span> <span class='ocrx_word' id='word_1_617' title='bbox 2616 2259 2790 2314; x_wconf 86' lang='lat' dir='ltr'><strong>Secus</strong></span> <span class='ocrx_word' id='word_1_618' title='bbox 2836 2274 2986 2320; x_wconf 83' lang='lat' dir='ltr'><strong>vero,</strong></span> <span class='ocrx_word' id='word_1_619' title='bbox 3020 2256 3233 2312; x_wconf 82' lang='lat' dir='ltr'><strong>facilius</strong></span> <span class='ocrx_word' id='word_1_620' title='bbox 3279 2261 3390 2312; x_wconf 90' lang='lat' dir='ltr'><strong>erit</strong></span> <span class='ocrx_word' id='word_1_621' title='bbox 3431 2256 3704 2318; x_wconf 90' lang='lat' dir='ltr'><strong>cameluiii,</strong></span> 
     </span>
    </p>
   </div>
   <div class='ocr_carea' id='block_1_89' title="bbox 2149 2326 3703 2398">
    <p class='ocr_par' dir='ltr' id='par_1_89' title="bbox 2149 2326 3703 2398">
     <span class='ocr_line' id='line_1_89' title="bbox 2149 2326 3703 2398; baseline 0.001 -17"><span class='ocrx_word' id='word_1_622' title='bbox 2149 2330 2217 2382; x_wconf 87' lang='lat' dir='ltr'><strong>de</strong></span> <span class='ocrx_word' id='word_1_623' title='bbox 2244 2345 2351 2396; x_wconf 93' lang='lat' dir='ltr'><strong>quo</strong></span> <span class='ocrx_word' id='word_1_624' title='bbox 2380 2330 2470 2384; x_wconf 92' lang='lat' dir='ltr'><strong>ille</strong></span> <span class='ocrx_word' id='word_1_625' title='bbox 2504 2330 2610 2383; x_wconf 89' lang='lat' dir='ltr'><strong>alio</strong></span> <span class='ocrx_word' id='word_1_626' title='bbox 2655 2331 2706 2383; x_wconf 92' lang='lat' dir='ltr'><strong>in</strong></span> <span class='ocrx_word' id='word_1_627' title='bbox 2739 2333 2874 2383; x_wconf 92' lang='lat' dir='ltr'><strong>libro</strong></span> <span class='ocrx_word' id='word_1_628' title='bbox 2903 2332 3300 2398; x_wconf 89' lang='lat' dir='ltr'><strong>disputaverat,</strong></span> <span class='ocrx_word' id='word_1_629' title='bbox 3335 2343 3435 2396; x_wconf 90' lang='lat' dir='ltr'><strong>per</strong></span> <span class='ocrx_word' id='word_1_630' title='bbox 3475 2326 3703 2382; x_wconf 74' lang='lat' dir='ltr'><strong>foramen</strong></span> 
     </span>
    </p>
   </div>
   <div class='ocr_carea' id='block_1_90' title="bbox 2149 2401 3544 2469">
    <p class='ocr_par' dir='ltr' id='par_1_90' title="bbox 2149 2401 3544 2469">
     <span class='ocr_line' id='line_1_90' title="bbox 2149 2401 3544 2469; baseline -0.001 -19"><span class='ocrx_word' id='word_1_631' title='bbox 2149 2414 2302 2465; x_wconf 90' lang='lat' dir='ltr'><strong>acus,</strong></span> <span class='ocrx_word' id='word_1_632' title='bbox 2329 2416 2488 2468; x_wconf 88' lang='lat' dir='ltr'><strong>quam</strong></span> <span class='ocrx_word' id='word_1_633' title='bbox 2522 2401 2642 2454; x_wconf 84' lang='lat' dir='ltr'><strong>illos</strong></span> <span class='ocrx_word' id='word_1_634' title='bbox 2674 2401 2725 2452; x_wconf 94' lang='lat' dir='ltr'><strong>in</strong></span> <span class='ocrx_word' id='word_1_635' title='bbox 2759 2415 2978 2469; x_wconf 88' lang='lat' dir='ltr'><strong>regnum</strong></span> <span class='ocrx_word' id='word_1_636' title='bbox 3010 2411 3217 2453; x_wconf 83' lang='lat' dir='ltr'><strong>intrare</strong></span> <span class='ocrx_word' id='word_1_637' title='bbox 3257 2401 3544 2453; x_wconf 60' lang='lat' dir='ltr'><strong>calorum.</strong></span> 
     </span>
    </p>
   </div>
   <div class='ocr_carea' id='block_1_91' title="bbox 2219 2467 3704 2538">
    <p class='ocr_par' dir='ltr' id='par_1_91' title="bbox 2219 2467 3704 2538">
     <span class='ocr_line' id='line_1_91' title="bbox 2219 2467 3704 2538; baseline -0.001 -15"><span class='ocrx_word' id='word_1_638' title='bbox 2219 2467 2482 2524; x_wconf 82' lang='lat' dir='ltr'><strong>Omnibus</strong></span> <span class='ocrx_word' id='word_1_639' title='bbox 2505 2470 2706 2524; x_wconf 89' lang='lat' dir='ltr'><strong>Christi</strong></span> <span class='ocrx_word' id='word_1_640' title='bbox 2738 2467 2917 2524; x_wconf 76' lang='lat' dir='ltr'><strong>verbis</strong></span> <span class='ocrx_word' id='word_1_641' title='bbox 2949 2473 3021 2521; x_wconf 90' lang='lat' dir='ltr'><strong>ita</strong></span> <span class='ocrx_word' id='word_1_642' title='bbox 3065 2469 3386 2538; x_wconf 87' lang='lat' dir='ltr'><strong>singulatim</strong></span> <span class='ocrx_word' id='word_1_643' title='bbox 3416 2467 3704 2535; x_wconf 81' lang='lat' dir='ltr'><strong>explicatis,</strong></span> 
     </span>
    </p>
   </div>
   <div class='ocr_carea' id='block_1_92' title="bbox 2149 2539 3704 2594">
    <p class='ocr_par' dir='ltr' id='par_1_92' title="bbox 2149 2539 3704 2594">
     <span class='ocr_line' id='line_1_92' title="bbox 2149 2539 3704 2594; baseline -0.001 -2"><span class='ocrx_word' id='word_1_644' title='bbox 2149 2543 2386 2593; x_wconf 87' lang='lat' dir='ltr'><strong>ostendit</strong></span> <span class='ocrx_word' id='word_1_645' title='bbox 2437 2551 2625 2594; x_wconf 86' lang='lat' dir='ltr'><strong>auctor</strong></span> <span class='ocrx_word' id='word_1_646' title='bbox 2675 2550 2859 2594; x_wconf 86' lang='lat' dir='ltr'><strong>noster</strong></span> <span class='ocrx_word' id='word_1_647' title='bbox 2904 2540 2949 2571; x_wconf 81' lang='lat'><strong>&quot;</strong></span> <span class='ocrx_word' id='word_1_648' title='bbox 2997 2541 3217 2593; x_wconf 88' lang='lat' dir='ltr'><strong>divitias</strong></span> <span class='ocrx_word' id='word_1_649' title='bbox 3266 2555 3298 2592; x_wconf 74' lang='grc' dir='ltr'>ει</span> <span class='ocrx_word' id='word_1_650' title='bbox 3350 2539 3568 2592; x_wconf 89' lang='lat' dir='ltr'><strong>Christo</strong></span> <span class='ocrx_word' id='word_1_651' title='bbox 3613 2554 3704 2591; x_wconf 89' lang='lat' dir='ltr'><strong>non</strong></span> 
     </span>
    </p>
   </div>
   <div class='ocr_carea' id='block_1_93' title="bbox 2151 2609 3706 2679">
    <p class='ocr_par' dir='ltr' id='par_1_93' title="bbox 2151 2609 3706 2679">
     <span class='ocr_line' id='line_1_93' title="bbox 2151 2609 3706 2679; baseline -0.001 -17"><span class='ocrx_word' id='word_1_652' title='bbox 2151 2611 2467 2678; x_wconf 86' lang='lat' dir='ltr'><strong>improbari,</strong></span> <span class='ocrx_word' id='word_1_653' title='bbox 2505 2621 2595 2662; x_wconf 91' lang='lat' dir='ltr'><strong>aut</strong></span> <span class='ocrx_word' id='word_1_654' title='bbox 2635 2620 2695 2663; x_wconf 91' lang='lat' dir='ltr'><strong>ut</strong></span> <span class='ocrx_word' id='word_1_655' title='bbox 2744 2609 3101 2679; x_wconf 84' lang='lat' dir='ltr'><strong>projiciaiitur</strong></span> <span class='ocrx_word' id='word_1_656' title='bbox 3133 2609 3311 2674; x_wconf 88' lang='lat' dir='ltr'><strong>juheri</strong></span> <span class='ocrx_word' id='word_1_657' title='bbox 3344 2625 3359 2662; x_wconf 93' lang='lat'><strong>:</strong></span> <span class='ocrx_word' id='word_1_658' title='bbox 3395 2612 3491 2661; x_wconf 88' lang='lat' dir='ltr'><strong>sed</strong></span> <span class='ocrx_word' id='word_1_659' title='bbox 3520 2624 3613 2662; x_wconf 85' lang='lat' dir='ltr'><strong>nos</strong></span> <span class='ocrx_word' id='word_1_660' title='bbox 3647 2609 3706 2660; x_wconf 88' lang='lat' dir='ltr'><strong>ab</strong></span> 
     </span>
    </p>
   </div>
   <div class='ocr_carea' id='block_1_94' title="bbox 2150 2680 3705 2746">
    <p class='ocr_par' dir='ltr' id='par_1_94' title="bbox 2150 2680 3705 2746">
     <span class='ocr_line' id='line_1_94' title="bbox 2150 2680 3705 2746; baseline -0.001 -14"><span class='ocrx_word' id='word_1_661' title='bbox 2150 2694 2215 2733; x_wconf 90' lang='lat' dir='ltr'><strong>eo</strong></span> <span class='ocrx_word' id='word_1_662' title='bbox 2253 2681 2532 2733; x_wconf 85' lang='lat' dir='ltr'><strong>informari</strong></span> <span class='ocrx_word' id='word_1_663' title='bbox 2566 2683 2832 2746; x_wconf 92' lang='lat' dir='ltr'><strong>quomodo</strong></span> <span class='ocrx_word' id='word_1_664' title='bbox 2865 2683 2932 2735; x_wconf 88' lang='lat' dir='ltr'><strong>iis</strong></span> <span class='ocrx_word' id='word_1_665' title='bbox 2963 2680 3248 2740; x_wconf 86' lang='lat' dir='ltr'><strong>utendum,</strong></span> <span class='ocrx_word' id='word_1_666' title='bbox 3289 2689 3348 2732; x_wconf 89' lang='lat' dir='ltr'><strong>et</strong></span> <span class='ocrx_word' id='word_1_667' title='bbox 3375 2681 3488 2731; x_wconf 85' lang='lat' dir='ltr'><strong>vita</strong></span> <span class='ocrx_word' id='word_1_668' title='bbox 3521 2689 3705 2732; x_wconf 74' lang='lat' dir='ltr'><strong>aeterna</strong></span> 
     </span>
    </p>
   </div>
   <div class='ocr_carea' id='block_1_95' title="bbox 2149 2751 3705 2819">
    <p class='ocr_par' dir='ltr' id='par_1_95' title="bbox 2149 2751 3705 2819">
     <span class='ocr_line' id='line_1_95' title="bbox 2149 2751 3705 2819; baseline -0.002 -15"><span class='ocrx_word' id='word_1_669' title='bbox 2149 2753 2512 2817; x_wconf 87' lang='lat' dir='ltr'><strong>comparanda</strong></span> <span class='ocrx_word' id='word_1_670' title='bbox 2559 2756 2650 2803; x_wconf 87' lang='lat' dir='ltr'><strong>sit.</strong></span> <span class='ocrx_word' id='word_1_671' title='bbox 2685 2752 2838 2814; x_wconf 83' lang='lat' dir='ltr'><strong>Quod</strong></span> <span class='ocrx_word' id='word_1_672' title='bbox 2883 2751 3100 2819; x_wconf 90' lang='lat' dir='ltr'><strong>quidem</strong></span> <span class='ocrx_word' id='word_1_673' title='bbox 3144 2758 3204 2802; x_wconf 89' lang='lat' dir='ltr'><strong>ut</strong></span> <span class='ocrx_word' id='word_1_674' title='bbox 3241 2751 3458 2802; x_wconf 90' lang='lat' dir='ltr'><strong>lirmius</strong></span> <span class='ocrx_word' id='word_1_675' title='bbox 3494 2757 3705 2819; x_wconf 81' lang='lat' dir='ltr'><strong>asserat,</strong></span> 
     </span>
    </p>
   </div>
   <div class='ocr_carea' id='block_1_96' title="bbox 2151 2817 3706 2888">
    <p class='ocr_par' dir='ltr' id='par_1_96' title="bbox 2151 2817 3706 2888">
     <span class='ocr_line' id='line_1_96' title="bbox 2151 2817 3706 2888; baseline -0.001 -16"><span class='ocrx_word' id='word_1_676' title='bbox 2151 2834 2216 2872; x_wconf 89' lang='lat' dir='ltr'><strong>ac</strong></span> <span class='ocrx_word' id='word_1_677' title='bbox 2251 2837 2499 2887; x_wconf 72' lang='lat' dir='ltr'><strong>quaenam</strong></span> <span class='ocrx_word' id='word_1_678' title='bbox 2539 2817 2914 2888; x_wconf 64' lang='lat' dir='ltr'><strong>adipiscendae</strong></span> <span class='ocrx_word' id='word_1_679' title='bbox 2945 2819 3151 2888; x_wconf 85' lang='lat' dir='ltr'><strong>salutis</strong></span> <span class='ocrx_word' id='word_1_680' title='bbox 3189 2833 3317 2887; x_wconf 88' lang='lat' dir='ltr'><strong>spes</strong></span> <span class='ocrx_word' id='word_1_681' title='bbox 3362 2819 3614 2872; x_wconf 88' lang='lat' dir='ltr'><strong>divitibus</strong></span> <span class='ocrx_word' id='word_1_682' title='bbox 3645 2817 3706 2870; x_wconf 81' lang='lat' dir='ltr'><strong>ab</strong></span> 
     </span>
    </p>
   </div>
   <div class='ocr_carea' id='block_1_97' title="bbox 2151 2887 3701 2954">
    <p class='ocr_par' dir='ltr' id='par_1_97' title="bbox 2151 2887 3701 2954">
     <span class='ocr_line' id='line_1_97' title="bbox 2151 2887 3701 2954; baseline -0.003 -11"><span class='ocrx_word' id='word_1_683' title='bbox 2151 2891 2340 2943; x_wconf 91' lang='lat' dir='ltr'><strong>eodem</strong></span> <span class='ocrx_word' id='word_1_684' title='bbox 2369 2892 2585 2945; x_wconf 87' lang='lat' dir='ltr'><strong>Christo</strong></span> <span class='ocrx_word' id='word_1_685' title='bbox 2610 2887 2757 2954; x_wconf 88' lang='lat' dir='ltr'><strong>data,</strong></span> <span class='ocrx_word' id='word_1_686' title='bbox 2789 2902 2883 2944; x_wconf 91' lang='lat' dir='ltr'><strong>aut</strong></span> <span class='ocrx_word' id='word_1_687' title='bbox 2922 2890 3101 2942; x_wconf 84' lang='lat' dir='ltr'><strong>ablata</strong></span> <span class='ocrx_word' id='word_1_688' title='bbox 3134 2887 3321 2950; x_wconf 86' lang='lat' dir='ltr'><strong>luerit,</strong></span> <span class='ocrx_word' id='word_1_689' title='bbox 3358 2892 3701 2950; x_wconf 75' lang='lat' dir='ltr'><strong>demonsuet,</strong></span> 
     </span>
    </p>
   </div>
   <div class='ocr_carea' id='block_1_98' title="bbox 2151 2958 3705 3028">
    <p class='ocr_par' dir='ltr' id='par_1_98' title="bbox 2151 2958 3705 3028">
     <span class='ocr_line' id='line_1_98' title="bbox 2151 2958 3705 3028; baseline -0.001 -16"><span class='ocrx_word' id='word_1_690' title='bbox 2151 2961 2223 3015; x_wconf 93' lang='lat' dir='ltr'><strong>ibi</strong></span> <span class='ocrx_word' id='word_1_691' title='bbox 2265 2964 2613 3014; x_wconf 89' lang='lat' dir='ltr'><strong>continenter</strong></span> <span class='ocrx_word' id='word_1_692' title='bbox 2652 2962 2741 3014; x_wconf 91' lang='lat' dir='ltr'><strong>ille</strong></span> <span class='ocrx_word' id='word_1_693' title='bbox 2787 2965 2980 3028; x_wconf 87' lang='lat' dir='ltr'><strong>probat</strong></span> <span class='ocrx_word' id='word_1_694' title='bbox 3024 2962 3126 3013; x_wconf 89' lang='lat' dir='ltr'><strong>hoc</strong></span> <span class='ocrx_word' id='word_1_695' title='bbox 3177 2959 3474 3028; x_wconf 86' lang='lat' dir='ltr'><strong>ipsiusuret</strong></span> <span class='ocrx_word' id='word_1_696' title='bbox 3521 2958 3705 3011; x_wconf 84' lang='lat' dir='ltr'><strong>Christi</strong></span> 
     </span>
    </p>
   </div>
   <div class='ocr_carea' id='block_1_99' title="bbox 2150 3030 3704 3101">
    <p class='ocr_par' dir='ltr' id='par_1_99' title="bbox 2150 3030 3704 3101">
     <span class='ocr_line' id='line_1_99' title="bbox 2150 3030 3704 3101; baseline -0.003 -17"><span class='ocrx_word' id='word_1_697' title='bbox 2150 3033 2448 3084; x_wconf 87' lang='lat' dir='ltr'><strong>niaiidato:</strong></span> <span class='ocrx_word' id='word_1_698' title='bbox 2485 3049 2502 3081; x_wconf 81' lang='grc' dir='ltr'><strong>ι</strong></span> <span class='ocrx_word' id='word_1_699' title='bbox 2543 3032 2741 3101; x_wconf 74' lang='lat' dir='ltr'><strong>Diliges</strong></span> <span class='ocrx_word' id='word_1_700' title='bbox 2791 3033 3075 3101; x_wconf 86' lang='lat' dir='ltr'><strong>Dominum</strong></span> <span class='ocrx_word' id='word_1_701' title='bbox 3107 3030 3276 3083; x_wconf 91' lang='lat' dir='ltr'><strong>Deum</strong></span> <span class='ocrx_word' id='word_1_702' title='bbox 3327 3039 3486 3101; x_wconf 87' lang='lat' dir='ltr'><strong>tuum</strong></span> <span class='ocrx_word' id='word_1_703' title='bbox 3513 3044 3576 3084; x_wconf 79' lang='lat' dir='ltr'><strong>ex</strong></span> <span class='ocrx_word' id='word_1_704' title='bbox 3607 3039 3704 3082; x_wconf 80' lang='lat' dir='ltr'><strong>tota</strong></span> 
     </span>
    </p>
   </div>
   <div class='ocr_carea' id='block_1_100' title="bbox 2149 3100 3545 3168">
    <p class='ocr_par' dir='ltr' id='par_1_100' title="bbox 2149 3100 3545 3168">
     <span class='ocr_line' id='line_1_100' title="bbox 2149 3100 3545 3168; baseline 0.001 -16"><span class='ocrx_word' id='word_1_705' title='bbox 2149 3103 2332 3153; x_wconf 90' lang='lat' dir='ltr'><strong>anima</strong></span> <span class='ocrx_word' id='word_1_706' title='bbox 2364 3112 2417 3155; x_wconf 92' lang='lat' dir='ltr'><strong>et</strong></span> <span class='ocrx_word' id='word_1_707' title='bbox 2443 3100 2666 3164; x_wconf 86' lang='lat' dir='ltr'><strong>virtute,</strong></span> <span class='ocrx_word' id='word_1_708' title='bbox 2699 3120 2718 3152; x_wconf 70' lang='grc' dir='ltr'><strong>ι</strong></span> <span class='ocrx_word' id='word_1_709' title='bbox 2761 3102 2964 3154; x_wconf 91' lang='lat' dir='ltr'><strong>nullum</strong></span> <span class='ocrx_word' id='word_1_710' title='bbox 2997 3100 3157 3168; x_wconf 89' lang='lat' dir='ltr'><strong>plane</strong></span> <span class='ocrx_word' id='word_1_711' title='bbox 3187 3112 3310 3153; x_wconf 82' lang='lat' dir='ltr'><strong>esse</strong></span> <span class='ocrx_word' id='word_1_712' title='bbox 3350 3100 3545 3166; x_wconf 88' lang='lat' dir='ltr'><strong>majus.</strong></span> 
     </span>
    </p>
   </div>
   <div class='ocr_carea' id='block_1_101' title="bbox 2221 3168 3703 3238">
    <p class='ocr_par' dir='ltr' id='par_1_101' title="bbox 2221 3168 3703 3238">
     <span class='ocr_line' id='line_1_101' title="bbox 2221 3168 3703 3238; baseline -0.001 -16"><span class='ocrx_word' id='word_1_713' title='bbox 2221 3169 2352 3222; x_wconf 79' lang='lat' dir='ltr'><strong>Nam</strong></span> <span class='ocrx_word' id='word_1_714' title='bbox 2421 3187 2542 3224; x_wconf 89' lang='lat' dir='ltr'><strong>cuiu</strong></span> <span class='ocrx_word' id='word_1_715' title='bbox 2597 3173 2835 3225; x_wconf 89' lang='lat' dir='ltr'><strong>secundo</strong></span> <span class='ocrx_word' id='word_1_716' title='bbox 2897 3172 3151 3224; x_wconf 88' lang='lat' dir='ltr'><strong>mandato</strong></span> <span class='ocrx_word' id='word_1_717' title='bbox 3198 3169 3361 3237; x_wconf 87' lang='lat' dir='ltr'><strong>jubet</strong></span> <span class='ocrx_word' id='word_1_718' title='bbox 3419 3168 3703 3238; x_wconf 80' lang='lat' dir='ltr'><strong>proximum</strong></span> 
     </span>
    </p>
   </div>
   <div class='ocr_carea' id='block_1_102' title="bbox 2145 3237 3704 3312">
    <p class='ocr_par' dir='ltr' id='par_1_102' title="bbox 2145 3237 3704 3312">
     <span class='ocr_line' id='line_1_102' title="bbox 2145 3237 3704 3312; baseline -0.004 -16"><span class='ocrx_word' id='word_1_719' title='bbox 2145 3241 2287 3296; x_wconf 89' lang='lat' dir='ltr'><strong>sicut</strong></span> <span class='ocrx_word' id='word_1_720' title='bbox 2315 3242 2551 3310; x_wconf 89' lang='lat' dir='ltr'><strong>seipsum</strong></span> <span class='ocrx_word' id='word_1_721' title='bbox 2581 3243 2751 3312; x_wconf 84' lang='lat' dir='ltr'><strong>diligi,</strong></span> <span class='ocrx_word' id='word_1_722' title='bbox 2805 3243 2928 3294; x_wconf 91' lang='lat' dir='ltr'><strong>inde</strong></span> <span class='ocrx_word' id='word_1_723' title='bbox 2971 3249 3164 3294; x_wconf 89' lang='lat' dir='ltr'><strong>auctor</strong></span> <span class='ocrx_word' id='word_1_724' title='bbox 3215 3237 3704 3308; x_wconf 25' lang='lat' dir='ltr'><strong>iioster’colligit&quot;</strong></span> 
     </span>
    </p>
   </div>
   <div class='ocr_carea' id='block_1_103' title="bbox 2146 3311 3706 3380">
    <p class='ocr_par' dir='ltr' id='par_1_103' title="bbox 2146 3311 3706 3380">
     <span class='ocr_line' id='line_1_103' title="bbox 2146 3311 3706 3380; baseline -0.002 -15"><span class='ocrx_word' id='word_1_725' title='bbox 2146 3327 2265 3365; x_wconf 90' lang='lat' dir='ltr'><strong>eum</strong></span> <span class='ocrx_word' id='word_1_726' title='bbox 2304 3314 2460 3375; x_wconf 84' lang='lat' dir='ltr'><strong>velle,</strong></span> <span class='ocrx_word' id='word_1_727' title='bbox 2487 3321 2546 3364; x_wconf 91' lang='lat' dir='ltr'><strong>ut</strong></span> <span class='ocrx_word' id='word_1_728' title='bbox 2584 3311 2725 3366; x_wconf 83' lang='lat' dir='ltr'><strong>Deus</strong></span> <span class='ocrx_word' id='word_1_729' title='bbox 2751 3314 2818 3365; x_wconf 89' lang='lat' dir='ltr'><strong>ali</strong></span> <span class='ocrx_word' id='word_1_730' title='bbox 2853 3315 3077 3366; x_wconf 85' lang='lat' dir='ltr'><strong>homine</strong></span> <span class='ocrx_word' id='word_1_731' title='bbox 3102 3325 3266 3378; x_wconf 85' lang='lat' dir='ltr'><strong>supra</strong></span> <span class='ocrx_word' id='word_1_732' title='bbox 3307 3312 3547 3380; x_wconf 88' lang='lat' dir='ltr'><strong>seipsum</strong></span> <span class='ocrx_word' id='word_1_733' title='bbox 3580 3323 3706 3362; x_wconf 83' lang='lat' dir='ltr'><strong>ame-</strong></span> 
     </span>
    </p>
   </div>
   <div class='ocr_carea' id='block_1_104' title="bbox 2148 3380 3705 3448">
    <p class='ocr_par' dir='ltr' id='par_1_104' title="bbox 2148 3380 3705 3448">
     <span class='ocr_line' id='line_1_104' title="bbox 2148 3380 3705 3448; baseline -0.003 -14"><span class='ocrx_word' id='word_1_734' title='bbox 2148 3391 2253 3434; x_wconf 91' lang='lat' dir='ltr'><strong>tur.</strong></span> <span class='ocrx_word' id='word_1_735' title='bbox 2309 3381 2544 3435; x_wconf 76' lang='lat' dir='ltr'><strong>Proximi</strong></span> <span class='ocrx_word' id='word_1_736' title='bbox 2597 3395 2775 3436; x_wconf 85' lang='lat' dir='ltr'><strong>autem</strong></span> <span class='ocrx_word' id='word_1_737' title='bbox 2828 3383 3045 3434; x_wconf 89' lang='lat' dir='ltr'><strong>nomine</strong></span> <span class='ocrx_word' id='word_1_738' title='bbox 3091 3380 3401 3448; x_wconf 76' lang='lat' dir='ltr'><strong>quemlibet</strong></span> <span class='ocrx_word' id='word_1_739' title='bbox 3450 3380 3705 3435; x_wconf 85' lang='lat' dir='ltr'><strong>hominem</strong></span> 
     </span>
    </p>
   </div>
   <div class='ocr_carea' id='block_1_105' title="bbox 2145 3451 3707 3520">
    <p class='ocr_par' dir='ltr' id='par_1_105' title="bbox 2145 3451 3707 3520">
     <span class='ocr_line' id='line_1_105' title="bbox 2145 3451 3707 3520; baseline -0.003 -16"><span class='ocrx_word' id='word_1_740' title='bbox 2145 3454 2421 3519; x_wconf 88' lang='lat' dir='ltr'><strong>proposita</strong></span> <span class='ocrx_word' id='word_1_741' title='bbox 2467 3467 2498 3504; x_wconf 87' lang='lat' dir='ltr'><strong>a</strong></span> <span class='ocrx_word' id='word_1_742' title='bbox 2546 3451 2764 3506; x_wconf 85' lang='lat' dir='ltr'><strong>Christo</strong></span> <span class='ocrx_word' id='word_1_743' title='bbox 2808 3451 3140 3506; x_wconf 81' lang='lat' dir='ltr'><strong>Saniaritani</strong></span> <span class='ocrx_word' id='word_1_744' title='bbox 3185 3453 3458 3520; x_wconf 84' lang='lat' dir='ltr'><strong>parabola</strong></span> <span class='ocrx_word' id='word_1_745' title='bbox 3488 3453 3707 3504; x_wconf 82' lang='lat' dir='ltr'><strong>ostendit</strong></span> 
     </span>
    </p>
   </div>
   <div class='ocr_carea' id='block_1_106' title="bbox 2145 3522 3708 3592">
    <p class='ocr_par' dir='ltr' id='par_1_106' title="bbox 2145 3522 3708 3592">
     <span class='ocr_line' id='line_1_106' title="bbox 2145 3522 3708 3592; baseline -0.001 -18"><span class='ocrx_word' id='word_1_746' title='bbox 2145 3537 2267 3575; x_wconf 80' lang='lat' dir='ltr'><strong>esse</strong></span> <span class='ocrx_word' id='word_1_747' title='bbox 2342 3522 2786 3592; x_wconf 90' lang='lat' dir='ltr'><strong>intelligendum,</strong></span> <span class='ocrx_word' id='word_1_748' title='bbox 2849 3538 2912 3576; x_wconf 86' lang='lat' dir='ltr'><strong>ac</strong></span> <span class='ocrx_word' id='word_1_749' title='bbox 2974 3522 3227 3575; x_wconf 91' lang='lat' dir='ltr'><strong>eumdem</strong></span> <span class='ocrx_word' id='word_1_750' title='bbox 3291 3522 3570 3575; x_wconf 88' lang='lat' dir='ltr'><strong>Christum</strong></span> <span class='ocrx_word' id='word_1_751' title='bbox 3624 3525 3708 3592; x_wconf 74' lang='lat' dir='ltr'><strong>qui</strong></span> 
     </span>
    </p>
   </div>
   <div class='ocr_carea' id='block_1_107' title="bbox 2146 3589 3703 3661">
    <p class='ocr_par' dir='ltr' id='par_1_107' title="bbox 2146 3589 3703 3661">
     <span class='ocr_line' id='line_1_107' title="bbox 2146 3589 3703 3661; baseline -0.001 -18"><span class='ocrx_word' id='word_1_752' title='bbox 2146 3601 2484 3659; x_wconf 89' lang='lat' dir='ltr'><strong>peccatorum</strong></span> <span class='ocrx_word' id='word_1_753' title='bbox 2523 3589 2830 3646; x_wconf 78' lang='lat' dir='ltr'><strong>nostrorum</strong></span> <span class='ocrx_word' id='word_1_754' title='bbox 2885 3593 3098 3646; x_wconf 86' lang='lat' dir='ltr'><strong>sanavit</strong></span> <span class='ocrx_word' id='word_1_755' title='bbox 3145 3592 3407 3656; x_wconf 88' lang='lat' dir='ltr'><strong>vulnera,</strong></span> <span class='ocrx_word' id='word_1_756' title='bbox 3440 3596 3578 3661; x_wconf 91' lang='lat' dir='ltr'><strong>pium</strong></span> <span class='ocrx_word' id='word_1_757' title='bbox 3605 3589 3703 3661; x_wconf 77' lang='lat' dir='ltr'><strong>dici</strong></span> 
     </span>
    </p>
   </div>
   <div class='ocr_carea' id='block_1_108' title="bbox 2147 3659 3702 3731">
    <p class='ocr_par' dir='ltr' id='par_1_108' title="bbox 2147 3659 3702 3731">
     <span class='ocr_line' id='line_1_108' title="bbox 2147 3659 3702 3731; baseline 0.005 -18"><span class='ocrx_word' id='word_1_758' title='bbox 2147 3663 2292 3714; x_wconf 91' lang='lat' dir='ltr'><strong>illum</strong></span> <span class='ocrx_word' id='word_1_759' title='bbox 2327 3661 2751 3715; x_wconf 84' lang='lat' dir='ltr'><strong>Samaritanum.</strong></span> <span class='ocrx_word' id='word_1_760' title='bbox 2785 3664 3035 3718; x_wconf 90' lang='lat' dir='ltr'><strong>Christus</strong></span> <span class='ocrx_word' id='word_1_761' title='bbox 3065 3663 3274 3729; x_wconf 83' lang='lat' dir='ltr'><strong>itaque,</strong></span> <span class='ocrx_word' id='word_1_762' title='bbox 3313 3659 3489 3731; x_wconf 74' lang='lat' dir='ltr'><strong>pergit</strong></span> <span class='ocrx_word' id='word_1_763' title='bbox 3535 3661 3612 3714; x_wconf 88' lang='lat' dir='ltr'><strong>ille</strong></span> <span class='ocrx_word' id='word_1_764' title='bbox 3642 3659 3702 3720; x_wconf 74' lang='grc'><strong>’⁸.</strong></span> 
     </span>
    </p>
   </div>
   <div class='ocr_carea' id='block_1_109' title="bbox 2144 3731 3703 3802">
    <p class='ocr_par' dir='ltr' id='par_1_109' title="bbox 2144 3731 3703 3802">
     <span class='ocr_line' id='line_1_109' title="bbox 2144 3731 3703 3802; baseline 0.001 -20"><span class='ocrx_word' id='word_1_765' title='bbox 2144 3732 2235 3798; x_wconf 90' lang='lat' dir='ltr'><strong>qui</strong></span> <span class='ocrx_word' id='word_1_766' title='bbox 2269 3742 2472 3785; x_wconf 90' lang='lat' dir='ltr'><strong>tantam</strong></span> <span class='ocrx_word' id='word_1_767' title='bbox 2507 3736 2573 3787; x_wconf 91' lang='lat' dir='ltr'><strong>ad</strong></span> <span class='ocrx_word' id='word_1_768' title='bbox 2622 3749 2719 3787; x_wconf 91' lang='lat' dir='ltr'><strong>nos</strong></span> <span class='ocrx_word' id='word_1_769' title='bbox 2752 3735 3025 3788; x_wconf 86' lang='lat' dir='ltr'><strong>sanandos</strong></span> <span class='ocrx_word' id='word_1_770' title='bbox 3058 3747 3286 3801; x_wconf 87' lang='lat' dir='ltr'><strong>operam</strong></span> <span class='ocrx_word' id='word_1_771' title='bbox 3317 3732 3597 3802; x_wconf 86' lang='lat' dir='ltr'><strong>impendit,</strong></span> <span class='ocrx_word' id='word_1_772' title='bbox 3621 3731 3703 3784; x_wconf 89' lang='lat' dir='ltr'><strong>de-</strong></span> 
     </span>
    </p>
   </div>
   <div class='ocr_carea' id='block_1_110' title="bbox 2145 3802 3704 3873">
    <p class='ocr_par' dir='ltr' id='par_1_110' title="bbox 2145 3802 3704 3873">
     <span class='ocr_line' id='line_1_110' title="bbox 2145 3802 3704 3873; baseline -0.001 -19"><span class='ocrx_word' id='word_1_773' title='bbox 2145 3802 2233 3873; x_wconf 90' lang='lat' dir='ltr'><strong>bet</strong></span> <span class='ocrx_word' id='word_1_774' title='bbox 2275 3817 2430 3870; x_wconf 83' lang='lat' dir='ltr'><strong>aeque</strong></span> <span class='ocrx_word' id='word_1_775' title='bbox 2479 3819 2544 3858; x_wconf 88' lang='lat' dir='ltr'><strong>ac</strong></span> <span class='ocrx_word' id='word_1_776' title='bbox 2595 3804 2740 3859; x_wconf 88' lang='lat' dir='ltr'><strong>Deus</strong></span> <span class='ocrx_word' id='word_1_777' title='bbox 2803 3805 2974 3873; x_wconf 86' lang='lat' dir='ltr'><strong>diligi.</strong></span> <span class='ocrx_word' id='word_1_778' title='bbox 3006 3805 3087 3856; x_wconf 76' lang='lat' dir='ltr'><strong>Ab</strong></span> <span class='ocrx_word' id='word_1_779' title='bbox 3132 3818 3199 3857; x_wconf 86' lang='lat' dir='ltr'><strong>eo</strong></span> <span class='ocrx_word' id='word_1_780' title='bbox 3247 3813 3434 3856; x_wconf 89' lang='lat' dir='ltr'><strong>autem</strong></span> <span class='ocrx_word' id='word_1_781' title='bbox 3466 3803 3704 3871; x_wconf 84' lang='lat' dir='ltr'><strong>diligitur,</strong></span> 
     </span>
    </p>
   </div>
   <div class='ocr_carea' id='block_1_111' title="bbox 2145 3872 3704 3945">
    <p class='ocr_par' dir='ltr' id='par_1_111' title="bbox 2145 3872 3704 3945">
     <span class='ocr_line' id='line_1_111' title="bbox 2145 3872 3704 3945; baseline 0.001 -21"><span class='ocrx_word' id='word_1_782' title='bbox 2145 3872 2235 3940; x_wconf 89' lang='lat' dir='ltr'><strong>qui</strong></span> <span class='ocrx_word' id='word_1_783' title='bbox 2262 3872 2380 3939; x_wconf 91' lang='lat' dir='ltr'><strong>ejus</strong></span> <span class='ocrx_word' id='word_1_784' title='bbox 2410 3874 2670 3936; x_wconf 89' lang='lat' dir='ltr'><strong>voluntati</strong></span> <span class='ocrx_word' id='word_1_785' title='bbox 2697 3884 2752 3930; x_wconf 90' lang='lat' dir='ltr'><strong>et</strong></span> <span class='ocrx_word' id='word_1_786' title='bbox 2793 3872 3080 3945; x_wconf 74' lang='lat' dir='ltr'><strong>praeceptis</strong></span> <span class='ocrx_word' id='word_1_787' title='bbox 3113 3881 3272 3943; x_wconf 87' lang='lat' dir='ltr'><strong>paret</strong></span> <span class='ocrx_word' id='word_1_788' title='bbox 3307 3884 3474 3943; x_wconf 91' lang='lat' dir='ltr'><strong>atque</strong></span> <span class='ocrx_word' id='word_1_789' title='bbox 3515 3880 3704 3927; x_wconf 86' lang='lat' dir='ltr'><strong>obtem-</strong></span> 
     </span>
    </p>
   </div>
   <div class='ocr_carea' id='block_1_112' title="bbox 2144 3955 2317 4009">
    <p class='ocr_par' dir='ltr' id='par_1_112' title="bbox 2144 3955 2317 4009">
     <span class='ocr_line' id='line_1_112' title="bbox 2144 3955 2317 4009; baseline 0.023 -15"><span class='ocrx_word' id='word_1_790' title='bbox 2144 3955 2317 4009; x_wconf 85' lang='lat' dir='ltr'><strong>perat.</strong></span> 
     </span>
    </p>
   </div>
   <div class='ocr_carea' id='block_1_113' title="bbox 2217 4011 3704 4084">
    <p class='ocr_par' dir='ltr' id='par_1_113' title="bbox 2217 4011 3704 4084">
     <span class='ocr_line' id='line_1_113' title="bbox 2217 4011 3704 4084; baseline 0.001 -19"><span class='ocrx_word' id='word_1_791' title='bbox 2217 4011 2351 4066; x_wconf 93' lang='lat' dir='ltr'><strong>Tum</strong></span> <span class='ocrx_word' id='word_1_792' title='bbox 2381 4012 2573 4069; x_wconf 90' lang='lat' dir='ltr'><strong>deinde</strong></span> <span class='ocrx_word' id='word_1_793' title='bbox 2597 4015 2646 4046; x_wconf 83' lang='lat'><strong>&quot;</strong></span> <span class='ocrx_word' id='word_1_794' title='bbox 2671 4015 2976 4069; x_wconf 91' lang='lat' dir='ltr'><strong>honorandi</strong></span> <span class='ocrx_word' id='word_1_795' title='bbox 3012 4014 3348 4084; x_wconf 90' lang='lat' dir='ltr'><strong>colendique</strong></span> <span class='ocrx_word' id='word_1_796' title='bbox 3379 4025 3508 4070; x_wconf 92' lang='lat' dir='ltr'><strong>sunt</strong></span> <span class='ocrx_word' id='word_1_797' title='bbox 3538 4011 3704 4069; x_wconf 71' lang='lat' dir='ltr'><strong>ﬁdeles</strong></span> 
     </span>
    </p>
   </div>
   <div class='ocr_carea' id='block_1_114' title="bbox 2144 4082 3701 4155">
    <p class='ocr_par' dir='ltr' id='par_1_114' title="bbox 2144 4082 3701 4155">
     <span class='ocr_line' id='line_1_114' title="bbox 2144 4082 3701 4155; baseline 0 -19"><span class='ocrx_word' id='word_1_798' title='bbox 2144 4082 2382 4155; x_wconf 81' lang='lat' dir='ltr'><strong>ejusdem</strong></span> <span class='ocrx_word' id='word_1_799' title='bbox 2407 4085 2609 4138; x_wconf 85' lang='lat' dir='ltr'><strong>Christi</strong></span> <span class='ocrx_word' id='word_1_800' title='bbox 2647 4086 2923 4155; x_wconf 87' lang='lat' dir='ltr'><strong>discipuli,</strong></span> <span class='ocrx_word' id='word_1_801' title='bbox 2947 4086 3002 4138; x_wconf 92' lang='lat' dir='ltr'><strong>in</strong></span> <span class='ocrx_word' id='word_1_802' title='bbox 3033 4100 3176 4153; x_wconf 88' lang='lat' dir='ltr'><strong>quos</strong></span> <span class='ocrx_word' id='word_1_803' title='bbox 3207 4082 3481 4155; x_wconf 79' lang='lat' dir='ltr'><strong>quidquid</strong></span> <span class='ocrx_word' id='word_1_804' title='bbox 3510 4088 3588 4147; x_wconf 85' lang='lat' dir='ltr'><strong>lit,</strong></span> <span class='ocrx_word' id='word_1_805' title='bbox 3615 4088 3701 4155; x_wconf 87' lang='lat' dir='ltr'><strong>hoc</strong></span> 
     </span>
    </p>
   </div>
   <div class='ocr_carea' id='block_1_115' title="bbox 2147 4153 3703 4225">
    <p class='ocr_par' dir='ltr' id='par_1_115' title="bbox 2147 4153 3703 4225">
     <span class='ocr_line' id='line_1_115' title="bbox 2147 4153 3703 4225; baseline 0.001 -21"><span class='ocrx_word' id='word_1_806' title='bbox 2147 4153 2237 4225; x_wconf 67' lang='lat' dir='ltr'><strong>ille</strong></span> <span class='ocrx_word' id='word_1_807' title='bbox 2257 4156 2382 4225; x_wconf 91' lang='lat' dir='ltr'><strong>_sibi</strong></span> <span class='ocrx_word' id='word_1_808' title='bbox 2424 4155 2526 4224; x_wconf 83' lang='lat' dir='ltr'><strong>ipsi</strong></span> <span class='ocrx_word' id='word_1_809' title='bbox 2561 4156 2762 4211; x_wconf 86' lang='lat' dir='ltr'><strong>factum</strong></span> <span class='ocrx_word' id='word_1_810' title='bbox 2790 4153 3059 4210; x_wconf 72' lang='lat' dir='ltr'><strong>ascribit.</strong></span> <span class='ocrx_word' id='word_1_811' title='bbox 3107 4153 3461 4225; x_wconf 29' lang='lat' dir='ltr'><strong>Eos’quippe</strong></span> <span class='ocrx_word' id='word_1_812' title='bbox 3500 4154 3703 4225; x_wconf 78' lang='lat' dir='ltr'><strong>appellat</strong></span> 
     </span>
    </p>
   </div>
   <div class='ocr_carea' id='block_1_116' title="bbox 2143 4223 3702 4296">
    <p class='ocr_par' dir='ltr' id='par_1_116' title="bbox 2143 4223 3702 4296">
     <span class='ocr_line' id='line_1_116' title="bbox 2143 4223 3702 4296; baseline -0.001 -18"><span class='ocrx_word' id='word_1_813' title='bbox 2143 4223 2303 4293; x_wconf 80' lang='lat'><strong>337</strong></span> <span class='ocrx_word' id='word_1_814' title='bbox 2339 4223 2500 4289; x_wconf 85' lang='lat' dir='ltr'><strong>lilios,</strong></span> <span class='ocrx_word' id='word_1_815' title='bbox 2543 4240 2758 4295; x_wconf 89' lang='lat' dir='ltr'><strong>pueros,</strong></span> <span class='ocrx_word' id='word_1_816' title='bbox 2806 4226 3068 4290; x_wconf 83' lang='lat' dir='ltr'><strong>infantes,</strong></span> <span class='ocrx_word' id='word_1_817' title='bbox 3092 4223 3307 4296; x_wconf 80' lang='lat' dir='ltr'><strong>amicos</strong></span> <span class='ocrx_word' id='word_1_818' title='bbox 3356 4223 3413 4282; x_wconf 73' lang='lat' dir='ltr'><strong>ei</strong></span> <span class='ocrx_word' id='word_1_819' title='bbox 3459 4223 3702 4296; x_wconf 79' lang='lat' dir='ltr'><strong>parvulos,</strong></span> 
     </span>
    </p>
   </div>
   <div class='ocr_carea' id='block_1_117' title="bbox 2143 4295 3701 4366">
    <p class='ocr_par' dir='ltr' id='par_1_117' title="bbox 2143 4295 3701 4366">
     <span class='ocr_line' id='line_1_117' title="bbox 2143 4295 3701 4366; baseline 0.001 -22"><span class='ocrx_word' id='word_1_820' title='bbox 2143 4311 2374 4366; x_wconf 71' lang='lat' dir='ltr'><strong>quorum</strong></span> <span class='ocrx_word' id='word_1_821' title='bbox 2405 4298 2581 4350; x_wconf 88' lang='lat' dir='ltr'><strong>minor</strong></span> <span class='ocrx_word' id='word_1_822' title='bbox 2626 4298 2682 4350; x_wconf 91' lang='lat' dir='ltr'><strong>iii</strong></span> <span class='ocrx_word' id='word_1_823' title='bbox 2719 4311 2884 4366; x_wconf 85' lang='lat' dir='ltr'><strong>regno</strong></span> <span class='ocrx_word' id='word_1_824' title='bbox 2921 4297 3188 4350; x_wconf 62' lang='lat' dir='ltr'><strong>caelorum</strong></span> <span class='ocrx_word' id='word_1_825' title='bbox 3236 4295 3472 4351; x_wconf 74' lang='lat' dir='ltr'><strong>Joanne</strong></span> <span class='ocrx_word' id='word_1_826' title='bbox 3492 4305 3569 4350; x_wconf 88' lang='lat' dir='ltr'><strong>est</strong></span> <span class='ocrx_word' id='word_1_827' title='bbox 3607 4308 3701 4366; x_wconf 41' lang='lat' dir='ltr'><strong>tua:</strong></span> 
     </span>
    </p>
   </div>
   <div class='ocr_carea' id='block_1_118' title="bbox 2139 4363 3700 4436">
    <p class='ocr_par' dir='ltr' id='par_1_118' title="bbox 2139 4363 3700 4436">
     <span class='ocr_line' id='line_1_118' title="bbox 2139 4363 3700 4436; baseline -0.002 -18"><span class='ocrx_word' id='word_1_828' title='bbox 2139 4364 2229 4436; x_wconf 83' lang='lat' dir='ltr'><strong>jor</strong></span> <span class='ocrx_word' id='word_1_829' title='bbox 2275 4363 2343 4419; x_wconf 86' lang='lat'><strong>&quot;.</strong></span> <span class='ocrx_word' id='word_1_830' title='bbox 2396 4367 2472 4418; x_wconf 76' lang='lat' dir='ltr'><strong>Ex</strong></span> <span class='ocrx_word' id='word_1_831' title='bbox 2517 4363 2826 4420; x_wconf 70' lang='lat' dir='ltr'><strong>mammona</strong></span> <span class='ocrx_word' id='word_1_832' title='bbox 2877 4367 3040 4436; x_wconf 86' lang='lat' dir='ltr'><strong>igitur</strong></span> <span class='ocrx_word' id='word_1_833' title='bbox 3080 4368 3394 4435; x_wconf 86' lang='lat' dir='ltr'><strong>iniquitatis</strong></span> <span class='ocrx_word' id='word_1_834' title='bbox 3433 4367 3477 4421; x_wconf 89' lang='lat' dir='ltr'><strong>si</strong></span> <span class='ocrx_word' id='word_1_835' title='bbox 3525 4363 3700 4432; x_wconf 84' lang='lat' dir='ltr'><strong>aliquid</strong></span> 
     </span>
    </p>
   </div>
   <div class='ocr_carea' id='block_1_119' title="bbox 2144 4435 3702 4507">
    <p class='ocr_par' dir='ltr' id='par_1_119' title="bbox 2144 4435 3702 4507">
     <span class='ocr_line' id='line_1_119' title="bbox 2144 4435 3702 4507; baseline -0.001 -19"><span class='ocrx_word' id='word_1_836' title='bbox 2144 4435 2224 4488; x_wconf 91' lang='lat' dir='ltr'><strong>eis</strong></span> <span class='ocrx_word' id='word_1_837' title='bbox 2256 4446 2534 4504; x_wconf 83' lang='lat' dir='ltr'><strong>erogatur,</strong></span> <span class='ocrx_word' id='word_1_838' title='bbox 2569 4452 2778 4490; x_wconf 88' lang='lat' dir='ltr'><strong>merces</strong></span> <span class='ocrx_word' id='word_1_839' title='bbox 2828 4435 3014 4490; x_wconf 89' lang='lat' dir='ltr'><strong>dantis</strong></span> <span class='ocrx_word' id='word_1_840' title='bbox 3063 4453 3348 4507; x_wconf 86' lang='lat' dir='ltr'><strong>nunquam</strong></span> <span class='ocrx_word' id='word_1_841' title='bbox 3401 4440 3611 4507; x_wconf 79' lang='lat' dir='ltr'><strong>peribit.</strong></span> <span class='ocrx_word' id='word_1_842' title='bbox 3641 4439 3702 4487; x_wconf 76' lang='lat' dir='ltr'><strong>At</strong></span> 
     </span>
    </p>
   </div>
   <div class='ocr_carea' id='block_1_120' title="bbox 476 4497 3702 4578">
    <p class='ocr_par' dir='ltr' id='par_1_120' title="bbox 476 4497 3702 4578">
     <span class='ocr_line' id='line_1_120' title="bbox 476 4497 3702 4578; baseline 0.002 -29"><span class='ocrx_word' id='word_1_843' title='bbox 476 4505 813 4578; x_wconf 76' lang='lat' dir='ltr'><strong>sanctosque</strong></span> <span class='ocrx_word' id='word_1_844' title='bbox 855 4499 1024 4578; x_wconf 83' lang='lat' dir='ltr'><strong>animi</strong></span> <span class='ocrx_word' id='word_1_845' title='bbox 1061 4497 1314 4562; x_wconf 79' lang='lat' dir='ltr'><strong>allectus,</strong></span> <span class='ocrx_word' id='word_1_846' title='bbox 1346 4497 1789 4568; x_wconf 32' lang='lat' dir='ltr'><strong>qui’spirituales</strong></span> <span class='ocrx_word' id='word_1_847' title='bbox 1837 4500 2042 4556; x_wconf 75' lang='lat' dir='ltr'><strong>divitiae</strong></span> <span class='ocrx_word' id='word_1_848' title='bbox 2071 4502 2115 4557; x_wconf 95' lang='lat' dir='ltr'><strong>D</strong></span> <span class='ocrx_word' id='word_1_849' title='bbox 2149 4507 2200 4578; x_wconf 80' lang='lat' dir='ltr'><strong>id</strong></span> <span class='ocrx_word' id='word_1_850' title='bbox 2228 4497 2531 4578; x_wconf 57' lang='lat' dir='ltr'><strong>llOII-tllotld</strong></span> <span class='ocrx_word' id='word_1_851' title='bbox 2555 4507 2908 4578; x_wconf 75' lang='lat' dir='ltr'><strong>exigentibus</strong></span> <span class='ocrx_word' id='word_1_852' title='bbox 2936 4517 2991 4562; x_wconf 91' lang='lat' dir='ltr'><strong>et</strong></span> <span class='ocrx_word' id='word_1_853' title='bbox 3021 4497 3360 4578; x_wconf 72' lang='lat' dir='ltr'><strong>importune</strong></span> <span class='ocrx_word' id='word_1_854' title='bbox 3401 4497 3702 4578; x_wconf 78' lang='lat' dir='ltr'><strong>postulanti-</strong></span> 
     </span>
    </p>
   </div>
   <div class='ocr_carea' id='block_1_121' title="bbox 478 4569 1414 4636">
    <p class='ocr_par' dir='ltr' id='par_1_121' title="bbox 478 4569 1414 4636">
     <span class='ocr_line' id='line_1_121' title="bbox 478 4569 1414 4636; baseline 0.005 -17"><span class='ocrx_word' id='word_1_855' title='bbox 478 4574 627 4636; x_wconf 84' lang='lat' dir='ltr'><strong>sur_i_t,</strong></span> <span class='ocrx_word' id='word_1_856' title='bbox 659 4569 907 4636; x_wconf 88' lang='lat' dir='ltr'><strong>acquirat</strong></span> <span class='ocrx_word' id='word_1_857' title='bbox 937 4577 991 4622; x_wconf 91' lang='lat' dir='ltr'><strong>et</strong></span> <span class='ocrx_word' id='word_1_858' title='bbox 1029 4580 1414 4634; x_wconf 88' lang='lat' dir='ltr'><strong>consequatur.</strong></span> 
     </span>
    </p>
   </div>
   <div class='ocr_carea' id='block_1_122' title="bbox 549 4633 2038 4711">
    <p class='ocr_par' dir='ltr' id='par_1_122' title="bbox 549 4633 2038 4711">
     <span class='ocr_line' id='line_1_122' title="bbox 549 4633 2038 4711; baseline 0.006 -22"><span class='ocrx_word' id='word_1_859' title='bbox 549 4633 757 4711; x_wconf 78' lang='lat' dir='ltr'><strong>Verum</strong></span> <span class='ocrx_word' id='word_1_860' title='bbox 779 4638 930 4691; x_wconf 85' lang='lat' dir='ltr'><strong>dives</strong></span> <span class='ocrx_word' id='word_1_861' title='bbox 967 4639 1070 4692; x_wconf 91' lang='lat' dir='ltr'><strong>iste</strong></span> <span class='ocrx_word' id='word_1_862' title='bbox 1113 4638 1179 4711; x_wconf 48' lang='grc' dir='ltr'><strong>φ,</strong></span> <span class='ocrx_word' id='word_1_863' title='bbox 1213 4633 1319 4706; x_wconf 81' lang='lat' dir='ltr'><strong>qui</strong></span> <span class='ocrx_word' id='word_1_864' title='bbox 1349 4639 1624 4695; x_wconf 87' lang='lat' dir='ltr'><strong>Christum</strong></span> <span class='ocrx_word' id='word_1_865' title='bbox 1671 4641 2038 4711; x_wconf 80' lang='lat' dir='ltr'><strong>interrogave-</strong></span> 
     </span>
    </p>
   </div>
   <div class='ocr_carea' id='block_1_123' title="bbox 475 4707 2038 4786">
    <p class='ocr_par' dir='ltr' id='par_1_123' title="bbox 475 4707 2038 4786">
     <span class='ocr_line' id='line_1_123' title="bbox 475 4707 2038 4786; baseline 0.005 -28"><span class='ocrx_word' id='word_1_866' title='bbox 475 4707 850 4786; x_wconf 12' lang='lat' dir='ltr'><strong>rat,r.huju‘s.c_e</strong></span> <span class='ocrx_word' id='word_1_867' title='bbox 901 4709 1274 4786; x_wconf 73' lang='lat' dir='ltr'><strong>responsionis</strong></span> <span class='ocrx_word' id='word_1_868' title='bbox 1316 4725 1534 4764; x_wconf 88' lang='lat' dir='ltr'><strong>sensum</strong></span> <span class='ocrx_word' id='word_1_869' title='bbox 1574 4725 1679 4764; x_wconf 90' lang='lat' dir='ltr'><strong>non</strong></span> <span class='ocrx_word' id='word_1_870' title='bbox 1717 4707 2038 4786; x_wconf 76' lang='lat' dir='ltr'><strong>percipiens,</strong></span> 
     </span>
    </p>
   </div>
   <div class='ocr_carea' id='block_1_124' title="bbox 483 4777 2040 4852">
    <p class='ocr_par' dir='ltr' id='par_1_124' title="bbox 483 4777 2040 4852">
     <span class='ocr_line' id='line_1_124' title="bbox 483 4777 2040 4852; baseline 0.005 -24"><span class='ocrx_word' id='word_1_871' title='bbox 483 4777 676 4852; x_wconf 63' lang='lat' dir='ltr'><strong>tristis</strong></span> <span class='ocrx_word' id='word_1_872' title='bbox 705 4777 860 4852; x_wconf 79' lang='lat' dir='ltr'><strong>abiit,</strong></span> <span class='ocrx_word' id='word_1_873' title='bbox 912 4788 1076 4852; x_wconf 75' lang='lat' dir='ltr'><strong>atque</strong></span> <span class='ocrx_word' id='word_1_874' title='bbox 1127 4779 1239 4843; x_wconf 89' lang='lat' dir='ltr'><strong>ille,</strong></span> <span class='ocrx_word' id='word_1_875' title='bbox 1305 4793 1412 4834; x_wconf 85' lang='lat' dir='ltr'><strong>non</strong></span> <span class='ocrx_word' id='word_1_876' title='bbox 1446 4795 1628 4852; x_wconf 78' lang='lat' dir='ltr'><strong>__secus</strong></span> <span class='ocrx_word' id='word_1_877' title='bbox 1680 4777 1746 4835; x_wconf 80' lang='lat' dir='ltr'><strong>ac</strong></span> <span class='ocrx_word' id='word_1_878' title='bbox 1795 4777 2040 4852; x_wconf 79' lang='lat' dir='ltr'><strong>ejusdem</strong></span> 
     </span>
    </p>
   </div>
   <div class='ocr_carea' id='block_1_125' title="bbox 477 4843 2038 4921">
    <p class='ocr_par' dir='ltr' id='par_1_125' title="bbox 477 4843 2038 4921">
     <span class='ocr_line' id='line_1_125' title="bbox 477 4843 2038 4921; baseline 0.005 -24"><span class='ocrx_word' id='word_1_879' title='bbox 477 4843 676 4921; x_wconf 72' lang='lat' dir='ltr'><strong>Christi</strong></span> <span class='ocrx_word' id='word_1_880' title='bbox 729 4843 1016 4921; x_wconf 58' lang='lat' dir='ltr'><strong>discipuli,</strong></span> <span class='ocrx_word' id='word_1_881' title='bbox 1058 4849 1131 4921; x_wconf 87' lang='lat' dir='ltr'><strong>in</strong></span> <span class='ocrx_word' id='word_1_882' title='bbox 1165 4856 1284 4915; x_wconf 85' lang='lat' dir='ltr'><strong>ejus</strong></span> <span class='ocrx_word' id='word_1_883' title='bbox 1330 4849 1591 4903; x_wconf 85' lang='lat' dir='ltr'><strong>familiam</strong></span> <span class='ocrx_word' id='word_1_884' title='bbox 1643 4843 2038 4921; x_wconf 60' lang='lat' dir='ltr'><strong>iiuper&#39;asciti,</strong></span> 
     </span>
    </p>
   </div>
   <div class='ocr_carea' id='block_1_126' title="bbox 476 4912 2040 4989">
    <p class='ocr_par' dir='ltr' id='par_1_126' title="bbox 476 4912 2040 4989">
     <span class='ocr_line' id='line_1_126' title="bbox 476 4912 2040 4989; baseline 0.006 -22"><span class='ocrx_word' id='word_1_885' title='bbox 476 4912 732 4989; x_wconf 65' lang='lat' dir='ltr'><strong>futuranr</strong></span> <span class='ocrx_word' id='word_1_886' title='bbox 770 4912 1006 4989; x_wconf 87' lang='lat' dir='ltr'><strong>_divituui</strong></span> <span class='ocrx_word' id='word_1_887' title='bbox 1060 4912 1288 4973; x_wconf 41' lang='lat' dir='ltr'><strong>salut-em</strong></span> <span class='ocrx_word' id='word_1_888' title='bbox 1343 4912 1736 4989; x_wconf 56' lang='lat' dir='ltr'><strong>desperavere:</strong></span> <span class='ocrx_word' id='word_1_889' title='bbox 1790 4912 2040 4978; x_wconf 81' lang='lat' dir='ltr'><strong>Christus</strong></span> 
     </span>
    </p>
   </div>
   <div class='ocr_carea' id='block_1_127' title="bbox 477 4986 2040 5058">
    <p class='ocr_par' dir='ltr' id='par_1_127' title="bbox 477 4986 2040 5058">
     <span class='ocr_line' id='line_1_127' title="bbox 477 4986 2040 5058; baseline 0.007 -22"><span class='ocrx_word' id='word_1_890' title='bbox 477 4986 737 5058; x_wconf 13' lang='lat' dir='ltr'><strong>autem,&quot;</strong></span> <span class='ocrx_word' id='word_1_891' title='bbox 768 4987 834 5041; x_wconf 89' lang='lat' dir='ltr'><strong>iis</strong></span> <span class='ocrx_word' id='word_1_892' title='bbox 881 4992 1159 5057; x_wconf 88' lang='lat' dir='ltr'><strong>respondit</strong></span> <span class='ocrx_word' id='word_1_893' title='bbox 1207 4986 1478 5058; x_wconf 82' lang='lat' dir='ltr'><strong>hominem</strong></span> <span class='ocrx_word' id='word_1_894' title='bbox 1527 5006 1633 5043; x_wconf 91' lang='lat' dir='ltr'><strong>non</strong></span> <span class='ocrx_word' id='word_1_895' title='bbox 1680 5007 1800 5058; x_wconf 87' lang='lat' dir='ltr'><strong>sua,</strong></span> <span class='ocrx_word' id='word_1_896' title='bbox 1830 4997 1926 5046; x_wconf 87' lang='lat' dir='ltr'><strong>sed</strong></span> <span class='ocrx_word' id='word_1_897' title='bbox 1959 4995 2040 5047; x_wconf 86' lang='lat' dir='ltr'><strong>di-</strong></span> 
     </span>
    </p>
   </div>
   <div class='ocr_carea' id='block_1_128' title="bbox 476 5057 2038 5129">
    <p class='ocr_par' dir='ltr' id='par_1_128' title="bbox 476 5057 2038 5129">
     <span class='ocr_line' id='line_1_128' title="bbox 476 5057 2038 5129; baseline 0.008 -24"><span class='ocrx_word' id='word_1_898' title='bbox 476 5057 602 5108; x_wconf 85' lang='lat' dir='ltr'><strong>vina</strong></span> <span class='ocrx_word' id='word_1_899' title='bbox 634 5057 878 5129; x_wconf 76' lang='lat' dir='ltr'><strong>virtute,</strong></span> <span class='ocrx_word' id='word_1_900' title='bbox 907 5073 1029 5111; x_wconf 92' lang='lat' dir='ltr'><strong>cum</strong></span> <span class='ocrx_word' id='word_1_901' title='bbox 1068 5060 1317 5112; x_wconf 88' lang='lat' dir='ltr'><strong>vitiorum</strong></span> <span class='ocrx_word' id='word_1_902' title='bbox 1351 5057 1750 5129; x_wconf 68' lang='lat' dir='ltr'><strong>allectuumque</strong></span> <span class='ocrx_word' id='word_1_903' title='bbox 1798 5064 2038 5117; x_wconf 80' lang='lat' dir='ltr'><strong>vacuita-</strong></span> 
     </span>
    </p>
   </div>
   <div class='ocr_carea' id='block_1_129' title="bbox 476 5128 2040 5201">
    <p class='ocr_par' dir='ltr' id='par_1_129' title="bbox 476 5128 2040 5201">
     <span class='ocr_line' id='line_1_129' title="bbox 476 5128 2040 5201; baseline 0.008 -25"><span class='ocrx_word' id='word_1_904' title='bbox 476 5132 585 5201; x_wconf 84' lang='lat' dir='ltr'><strong>tem</strong></span> <span class='ocrx_word' id='word_1_905' title='bbox 610 5128 1204 5201; x_wconf 78' lang='lat' dir='ltr'><strong>sinceredesiderabit,</strong></span> <span class='ocrx_word' id='word_1_906' title='bbox 1229 5143 1387 5198; x_wconf 86' lang='lat' dir='ltr'><strong>posse</strong></span> <span class='ocrx_word' id='word_1_907' title='bbox 1417 5132 1589 5201; x_wconf 85' lang='lat' dir='ltr'><strong>reipsa</strong></span> <span class='ocrx_word' id='word_1_908' title='bbox 1612 5128 1870 5186; x_wconf 75' lang='lat' dir='ltr'><strong>aeternam</strong></span> <span class='ocrx_word' id='word_1_909' title='bbox 1901 5137 2040 5188; x_wconf 88' lang='lat' dir='ltr'><strong>hanc</strong></span> 
     </span>
    </p>
   </div>
   <div class='ocr_carea' id='block_1_130' title="bbox 477 5193 1000 5252">
    <p class='ocr_par' dir='ltr' id='par_1_130' title="bbox 477 5193 1000 5252">
     <span class='ocr_line' id='line_1_130' title="bbox 477 5193 1000 5252; baseline 0.008 -6"><span class='ocrx_word' id='word_1_910' title='bbox 477 5193 706 5249; x_wconf 83' lang='lat' dir='ltr'><strong>salutem</strong></span> <span class='ocrx_word' id='word_1_911' title='bbox 733 5196 1000 5252; x_wconf 88' lang='lat' dir='ltr'><strong>obtinere.</strong></span> 
     </span>
    </p>
   </div>
   <div class='ocr_carea' id='block_1_131' title="bbox 545 5266 2046 5346">
    <p class='ocr_par' dir='ltr' id='par_1_131' title="bbox 545 5266 2046 5346">
     <span class='ocr_line' id='line_1_131' title="bbox 545 5266 2046 5346; baseline 0.007 -28"><span class='ocrx_word' id='word_1_912' title='bbox 545 5268 663 5344; x_wconf 76' lang='lat' dir='ltr'><strong>Quo</strong></span> <span class='ocrx_word' id='word_1_913' title='bbox 680 5267 898 5346; x_wconf 75' lang='lat' dir='ltr'><strong>quidem</strong></span> <span class='ocrx_word' id='word_1_914' title='bbox 915 5266 1111 5346; x_wconf 79' lang='lat' dir='ltr'><strong>Petrus</strong></span> <span class='ocrx_word' id='word_1_915' title='bbox 1135 5268 1319 5346; x_wconf 77' lang='lat' dir='ltr'><strong>audito</strong></span> <span class='ocrx_word' id='word_1_916' title='bbox 1333 5269 1552 5346; x_wconf 74' lang='lat' dir='ltr'><strong>&quot;,dixit</strong></span> <span class='ocrx_word' id='word_1_917' title='bbox 1568 5286 1627 5326; x_wconf 88' lang='lat' dir='ltr'><strong>se</strong></span> <span class='ocrx_word' id='word_1_918' title='bbox 1653 5273 1858 5337; x_wconf 88' lang='lat' dir='ltr'><strong>omnia,</strong></span> <span class='ocrx_word' id='word_1_919' title='bbox 1888 5273 1939 5327; x_wconf 94' lang='lat' dir='ltr'><strong>id</strong></span> <span class='ocrx_word' id='word_1_920' title='bbox 1963 5282 2046 5328; x_wconf 87' lang='lat' dir='ltr'><strong>est</strong></span> 
     </span>
    </p>
   </div>
   <div class='ocr_carea' id='block_1_132' title="bbox 475 5339 2043 5411">
    <p class='ocr_par' dir='ltr' id='par_1_132' title="bbox 475 5339 2043 5411">
     <span class='ocr_line' id='line_1_132' title="bbox 475 5339 2043 5411; baseline 0.006 -24"><span class='ocrx_word' id='word_1_921' title='bbox 475 5339 642 5411; x_wconf 84' lang='lat' dir='ltr'><strong>animi</strong></span> <span class='ocrx_word' id='word_1_922' title='bbox 667 5339 1290 5411; x_wconf 73' lang='lat' dir='ltr'><strong>vitia__et_a:gritudines,</strong></span> <span class='ocrx_word' id='word_1_923' title='bbox 1322 5352 1378 5394; x_wconf 92' lang='lat' dir='ltr'><strong>tit</strong></span> <span class='ocrx_word' id='word_1_924' title='bbox 1406 5341 1678 5396; x_wconf 86' lang='lat' dir='ltr'><strong>Christum</strong></span> <span class='ocrx_word' id='word_1_925' title='bbox 1704 5356 2043 5411; x_wconf 83' lang='lat' dir='ltr'><strong>sequeretur,</strong></span> 
     </span>
    </p>
   </div>
   <div class='ocr_carea' id='block_1_133' title="bbox 475 5407 2044 5480">
    <p class='ocr_par' dir='ltr' id='par_1_133' title="bbox 475 5407 2044 5480">
     <span class='ocr_line' id='line_1_133' title="bbox 475 5407 2044 5480; baseline 0.008 -25"><span class='ocrx_word' id='word_1_926' title='bbox 475 5410 694 5474; x_wconf 86' lang='lat' dir='ltr'><strong>penitus</strong></span> <span class='ocrx_word' id='word_1_927' title='bbox 725 5407 1030 5476; x_wconf 79' lang='lat' dir='ltr'><strong>reliquisse.</strong></span> <span class='ocrx_word' id='word_1_928' title='bbox 1069 5408 1116 5461; x_wconf 85' lang='lat' dir='ltr'><strong>A</strong></span> <span class='ocrx_word' id='word_1_929' title='bbox 1141 5409 1364 5480; x_wconf 85' lang='lat' dir='ltr'><strong>Christo</strong></span> <span class='ocrx_word' id='word_1_930' title='bbox 1393 5422 1572 5464; x_wconf 88' lang='lat' dir='ltr'><strong>autem</strong></span> <span class='ocrx_word' id='word_1_931' title='bbox 1609 5407 1924 5480; x_wconf 73' lang='lat' dir='ltr'><strong>responsum</strong></span> <span class='ocrx_word' id='word_1_932' title='bbox 1952 5407 2044 5468; x_wconf 52' lang='lat' dir='ltr'><strong>ac?-</strong></span> 
     </span>
    </p>
   </div>
   <div class='ocr_carea' id='block_1_134' title="bbox 475 5479 2045 5554">
    <p class='ocr_par' dir='ltr' id='par_1_134' title="bbox 475 5479 2045 5554">
     <span class='ocr_line' id='line_1_134' title="bbox 475 5479 2045 5554; baseline 0.006 -27"><span class='ocrx_word' id='word_1_933' title='bbox 475 5486 619 5542; x_wconf 87' lang='lat' dir='ltr'><strong>cepit</strong></span> <span class='ocrx_word' id='word_1_934' title='bbox 657 5491 803 5542; x_wconf 86' lang='lat' dir='ltr'><strong>eum,</strong></span> <span class='ocrx_word' id='word_1_935' title='bbox 831 5480 921 5547; x_wconf 90' lang='lat' dir='ltr'><strong>qui</strong></span> <span class='ocrx_word' id='word_1_936' title='bbox 948 5487 1157 5548; x_wconf 89' lang='lat' dir='ltr'><strong>patrem</strong></span> <span class='ocrx_word' id='word_1_937' title='bbox 1197 5479 1496 5549; x_wconf 82' lang='lat' dir='ltr'><strong>reliquerit,</strong></span> <span class='ocrx_word' id='word_1_938' title='bbox 1528 5481 1631 5535; x_wconf 89' lang='lat' dir='ltr'><strong>hoc</strong></span> <span class='ocrx_word' id='word_1_939' title='bbox 1664 5479 1771 5546; x_wconf 53' lang='lat' dir='ltr'><strong>est,</strong></span> <span class='ocrx_word' id='word_1_940' title='bbox 1820 5488 1912 5553; x_wconf 91' lang='lat' dir='ltr'><strong>qui</strong></span> <span class='ocrx_word' id='word_1_941' title='bbox 1951 5500 2045 5554; x_wconf 89' lang='lat' dir='ltr'><strong>pa-</strong></span> 
     </span>
    </p>
   </div>
   <div class='ocr_carea' id='block_1_135' title="bbox 545 5608 1205 5734">
    <p class='ocr_par' dir='ltr' id='par_1_135' title="bbox 545 5608 1205 5734">
     <span class='ocr_line' id='line_1_135' title="bbox 545 5608 1205 5686; baseline 0.011 -22"><span class='ocrx_word' id='word_1_942' title='bbox 545 5608 592 5641; x_wconf 84' lang='grc'>⁶⁶</span> <span class='ocrx_word' id='word_1_943' title='bbox 630 5609 778 5682; x_wconf 62' lang='grc' dir='ltr'><strong>διο.</strong></span> <span class='ocrx_word' id='word_1_944' title='bbox 854 5614 897 5645; x_wconf 77' lang='grc'><strong>⁸⁸</strong></span> <span class='ocrx_word' id='word_1_945' title='bbox 937 5614 965 5686; x_wconf 77' lang='lat'><strong>§</strong></span> <span class='ocrx_word' id='word_1_946' title='bbox 999 5616 1085 5671; x_wconf 77' lang='grc' dir='ltr'><strong>Η.</strong></span> <span class='ocrx_word' id='word_1_947' title='bbox 1162 5619 1205 5650; x_wconf 84' lang='grc'><strong>⁶¹</strong></span> 
     </span>
     <span class='ocr_line' id='line_1_136' title="bbox 561 5678 1187 5734; baseline 0 0"><span class='ocrx_word' id='word_1_948' title='bbox 561 5678 696 5734; x_wconf 63' lang='grc'><strong>521.</strong></span> <span class='ocrx_word' id='word_1_949' title='bbox 771 5683 816 5714; x_wconf 81' lang='grc'><strong>⁷⁸</strong></span> <span class='ocrx_word' id='word_1_950' title='bbox 858 5683 982 5734; x_wconf 65' lang='lat'><strong>822</strong></span> <span class='ocrx_word' id='word_1_951' title='bbox 1016 5698 1077 5734; x_wconf 83' lang='grc' dir='ltr'>ει-</span> <span class='ocrx_word' id='word_1_952' title='bbox 1097 5687 1187 5734; x_wconf 71' lang='lat'><strong>23-</strong></span> 
     </span>
    </p>
   </div>
   <div class='ocr_carea' id='block_1_136' title="bbox 477 5675 1187 5804">
    <p class='ocr_par' dir='ltr' id='par_1_136' title="bbox 477 5675 1187 5804">
     <span class='ocr_line' id='line_1_137' title="bbox 477 5675 1187 5804; baseline 0.014 -70"><span class='ocrx_word' id='word_1_953' title='bbox 477 5675 522 5709; x_wconf 85' lang='grc'><strong>⁸⁸</strong></span> <span class='ocrx_word' id='word_1_954' title='bbox 560 5675 696 5804; x_wconf 58' lang='grc' dir='ltr'><strong>ξὲἶ.</strong></span> <span class='ocrx_word' id='word_1_955' title='bbox 771 5683 816 5714; x_wconf 83' lang='grc'><strong>’⁸</strong></span> <span class='ocrx_word' id='word_1_956' title='bbox 857 5675 982 5755; x_wconf 61' lang='grc' dir='ltr'><strong>μὶ</strong></span> <span class='ocrx_word' id='word_1_957' title='bbox 1016 5687 1187 5744; x_wconf 66' lang='grc' dir='ltr'>ει-Ξὸ.</span> 
     </span>
     <span class='ocr_line' id='line_1_138' title="bbox 477 5752 1131 5804; baseline 0.003 -2"><span class='ocrx_word' id='word_1_958' title='bbox 477 5758 531 5802; x_wconf 78' lang='grc' dir='ltr'><strong>ει</strong></span> <span class='ocrx_word' id='word_1_959' title='bbox 605 5753 650 5804; x_wconf 81' lang='grc'><strong>’.</strong></span> <span class='ocrx_word' id='word_1_960' title='bbox 726 5752 770 5783; x_wconf 77' lang='grc'>⁷⁸</span> <span class='ocrx_word' id='word_1_961' title='bbox 810 5752 928 5804; x_wconf 64' lang='grc' dir='ltr'><strong>δολί</strong></span> <span class='ocrx_word' id='word_1_962' title='bbox 955 5768 1006 5804; x_wconf 83' lang='lat' dir='ltr'><strong>et</strong></span> <span class='ocrx_word' id='word_1_963' title='bbox 1041 5757 1131 5804; x_wconf 72' lang='lat'><strong>35-</strong></span> 
     </span>
    </p>
   </div>
   <div class='ocr_carea' id='block_1_137' title="bbox 475 5752 1131 5824">
    <p class='ocr_par' dir='ltr' id='par_1_137' title="bbox 475 5752 1131 5824">
     <span class='ocr_line' id='line_1_139' title="bbox 475 5752 1131 5824; baseline 0.015 -20"><span class='ocrx_word' id='word_1_964' title='bbox 475 5758 531 5802; x_wconf 79' lang='lat' dir='ltr'><strong>ei</strong></span> <span class='ocrx_word' id='word_1_965' title='bbox 561 5752 650 5804; x_wconf 75' lang='lat'><strong>55.</strong></span> <span class='ocrx_word' id='word_1_966' title='bbox 726 5752 770 5783; x_wconf 78' lang='grc' dir='ltr'><strong>το</strong></span> <span class='ocrx_word' id='word_1_967' title='bbox 809 5752 928 5824; x_wconf 59' lang='lat' dir='ltr'><strong>tbi</strong></span> <span class='ocrx_word' id='word_1_968' title='bbox 955 5768 1006 5811; x_wconf 88' lang='grc' dir='ltr'><strong>ει</strong></span> <span class='ocrx_word' id='word_1_969' title='bbox 1041 5757 1131 5814; x_wconf 74' lang='lat' dir='ltr'><strong>ss.</strong></span> 
     </span>
    </p>
   </div>
   <div class='ocr_carea' id='block_1_138' title="bbox 1246 5617 2046 5698">
    <p class='ocr_par' dir='ltr' id='par_1_138' title="bbox 1246 5617 2046 5698">
     <span class='ocr_line' id='line_1_140' title="bbox 1246 5617 2046 5698; baseline 0 0"><span class='ocrx_word' id='word_1_970' title='bbox 1246 5617 1478 5698; x_wconf 57' lang='lat'><strong>5.1.9.6.!</strong></span> <span class='ocrx_word' id='word_1_971' title='bbox 1529 5621 1615 5698; x_wconf 59' lang='lat'><strong>1?.-</strong></span> <span class='ocrx_word' id='word_1_972' title='bbox 1655 5621 1804 5698; x_wconf 62' lang='grc' dir='ltr'><strong>,Ἃ</strong></span> <span class='ocrx_word' id='word_1_973' title='bbox 1838 5625 1926 5698; x_wconf 47' lang='grc' dir='ltr'><strong>Ηξ</strong></span> <span class='ocrx_word' id='word_1_974' title='bbox 1981 5627 2046 5698; x_wconf 59' lang='lat'><strong>,“</strong></span> 
     </span>
    </p>
   </div>
   <div class='ocr_carea' id='block_1_139' title="bbox 1267 5690 1804 5762">
    <p class='ocr_par' dir='ltr' id='par_1_139' title="bbox 1267 5690 1804 5762">
     <span class='ocr_line' id='line_1_141' title="bbox 1267 5690 1804 5762; baseline 0.009 -17"><span class='ocrx_word' id='word_1_975' title='bbox 1267 5690 1309 5721; x_wconf 78' lang='grc' dir='ltr'>τι</span> <span class='ocrx_word' id='word_1_976' title='bbox 1337 5691 1364 5761; x_wconf 79' lang='lat'><strong><em>§</em></strong></span> <span class='ocrx_word' id='word_1_977' title='bbox 1401 5690 1491 5748; x_wconf 78' lang='lat'><strong>25.</strong></span> <span class='ocrx_word' id='word_1_978' title='bbox 1567 5693 1612 5723; x_wconf 69' lang='grc' dir='ltr'><strong>τ’</strong></span> <span class='ocrx_word' id='word_1_979' title='bbox 1652 5690 1680 5762; x_wconf 82' lang='lat'><strong>§</strong></span> <span class='ocrx_word' id='word_1_980' title='bbox 1712 5690 1804 5752; x_wconf 74' lang='lat'><strong>26&#39;.</strong></span> 
     </span>
    </p>
   </div>
   <div class='ocr_carea' id='block_1_140' title="bbox 2091 5627 2765 5706">
    <p class='ocr_par' dir='ltr' id='par_1_140' title="bbox 2091 5627 2765 5706">
     <span class='ocr_line' id='line_1_142' title="bbox 2091 5627 2765 5706; baseline 0.006 -22"><span class='ocrx_word' id='word_1_981' title='bbox 2091 5627 2322 5706; x_wconf 74' lang='lat' dir='ltr'><strong>§i5__e_i</strong></span> <span class='ocrx_word' id='word_1_982' title='bbox 2368 5632 2455 5706; x_wconf 72' lang='lat' dir='ltr'><strong>is.</strong></span> <span class='ocrx_word' id='word_1_983' title='bbox 2533 5633 2577 5706; x_wconf 62' lang='grc' dir='ltr'><strong>ξε</strong></span> <span class='ocrx_word' id='word_1_984' title='bbox 2623 5633 2765 5706; x_wconf 84' lang='lat' dir='ltr'><strong>§l7.</strong></span> 
     </span>
    </p>
   </div>
   <div class='ocr_carea' id='block_1_141' title="bbox 1879 5697 2130 5769">
    <p class='ocr_par' dir='ltr' id='par_1_141' title="bbox 1879 5697 2130 5769">
     <span class='ocr_line' id='line_1_143' title="bbox 1879 5697 2130 5769; baseline 0.008 -18"><span class='ocrx_word' id='word_1_985' title='bbox 1879 5697 1925 5728; x_wconf 75' lang='grc' dir='ltr'>τι</span> <span class='ocrx_word' id='word_1_986' title='bbox 1968 5697 1996 5769; x_wconf 67' lang='lat'><strong>5</strong></span> <span class='ocrx_word' id='word_1_987' title='bbox 2039 5697 2130 5754; x_wconf 71' lang='lat'><strong>27‘.</strong></span> 
     </span>
    </p>
   </div>
   <div class='ocr_carea' id='block_1_142' title="bbox 2147 4575 3703 4647">
    <p class='ocr_par' dir='ltr' id='par_1_142' title="bbox 2147 4575 3703 4647">
     <span class='ocr_line' id='line_1_144' title="bbox 2147 4575 3703 4647; baseline -0.001 -18"><span class='ocrx_word' id='word_1_988' title='bbox 2147 4575 2412 4647; x_wconf 84' lang='lat' dir='ltr'><strong>bus,_vult</strong></span> <span class='ocrx_word' id='word_1_989' title='bbox 2438 4576 2686 4631; x_wconf 89' lang='lat' dir='ltr'><strong>Christus</strong></span> <span class='ocrx_word' id='word_1_990' title='bbox 2721 4578 2908 4642; x_wconf 90' lang='lat' dir='ltr'><strong>tribui,</strong></span> <span class='ocrx_word' id='word_1_991' title='bbox 2935 4577 3033 4631; x_wconf 82' lang='lat' dir='ltr'><strong>sed</strong></span> <span class='ocrx_word' id='word_1_992' title='bbox 3083 4575 3182 4632; x_wconf 85' lang='lat' dir='ltr'><strong>eos</strong></span> <span class='ocrx_word' id='word_1_993' title='bbox 3226 4579 3280 4631; x_wconf 91' lang='lat' dir='ltr'><strong>iii</strong></span> <span class='ocrx_word' id='word_1_994' title='bbox 3317 4575 3505 4647; x_wconf 78' lang='lat' dir='ltr'><strong>priiiiis</strong></span> <span class='ocrx_word' id='word_1_995' title='bbox 3533 4576 3703 4644; x_wconf 63' lang='lat' dir='ltr'><strong>queri,</strong></span> 
     </span>
    </p>
   </div>
   <div class='ocr_carea' id='block_1_143' title="bbox 2149 4645 3703 4714">
    <p class='ocr_par' dir='ltr' id='par_1_143' title="bbox 2149 4645 3703 4714">
     <span class='ocr_line' id='line_1_145' title="bbox 2149 4645 3703 4714; baseline 0.001 -18"><span class='ocrx_word' id='word_1_996' title='bbox 2149 4645 2290 4712; x_wconf 90' lang='lat' dir='ltr'><strong>apud</strong></span> <span class='ocrx_word' id='word_1_997' title='bbox 2327 4661 2464 4714; x_wconf 91' lang='lat' dir='ltr'><strong>quos</strong></span> <span class='ocrx_word' id='word_1_998' title='bbox 2511 4649 2830 4701; x_wconf 86' lang='lat' dir='ltr'><strong>beiielieiuiii</strong></span> <span class='ocrx_word' id='word_1_999' title='bbox 2880 4649 2996 4701; x_wconf 89' lang='lat' dir='ltr'><strong>sine</strong></span> <span class='ocrx_word' id='word_1_1000' title='bbox 3046 4645 3357 4712; x_wconf 82' lang='lat' dir='ltr'><strong>murmure,</strong></span> <span class='ocrx_word' id='word_1_1001' title='bbox 3401 4650 3608 4702; x_wconf 82' lang='lat' dir='ltr'><strong>tristitia</strong></span> <span class='ocrx_word' id='word_1_1002' title='bbox 3652 4652 3703 4698; x_wconf 87' lang='lat' dir='ltr'><strong>et</strong></span> 
     </span>
    </p>
   </div>
   <div class='ocr_carea' id='block_1_144' title="bbox 2148 4719 3703 4782">
    <p class='ocr_par' dir='ltr' id='par_1_144' title="bbox 2148 4719 3703 4782">
     <span class='ocr_line' id='line_1_146' title="bbox 2148 4719 3703 4782; baseline 0 -13"><span class='ocrx_word' id='word_1_1003' title='bbox 2148 4729 2504 4782; x_wconf 89' lang='lat' dir='ltr'><strong>personarum</strong></span> <span class='ocrx_word' id='word_1_1004' title='bbox 2534 4719 2883 4772; x_wconf 88' lang='lat' dir='ltr'><strong>distinctione</strong></span> <span class='ocrx_word' id='word_1_1005' title='bbox 2928 4735 3034 4772; x_wconf 88' lang='lat' dir='ltr'><strong>iion</strong></span> <span class='ocrx_word' id='word_1_1006' title='bbox 3061 4720 3238 4774; x_wconf 87' lang='lat' dir='ltr'><strong>semel</strong></span> <span class='ocrx_word' id='word_1_1007' title='bbox 3275 4729 3334 4774; x_wconf 90' lang='lat' dir='ltr'><strong>et</strong></span> <span class='ocrx_word' id='word_1_1008' title='bbox 3365 4719 3574 4781; x_wconf 88' lang='lat' dir='ltr'><strong>iterum,</strong></span> <span class='ocrx_word' id='word_1_1009' title='bbox 3617 4719 3703 4770; x_wconf 84' lang='lat' dir='ltr'><strong>sed</strong></span> 
     </span>
    </p>
   </div>
   <div class='ocr_carea' id='block_1_145' title="bbox 2148 4787 2990 4854">
    <p class='ocr_par' dir='ltr' id='par_1_145' title="bbox 2148 4787 2990 4854">
     <span class='ocr_line' id='line_1_147' title="bbox 2148 4787 2990 4854; baseline 0.005 -16"><span class='ocrx_word' id='word_1_1010' title='bbox 2148 4797 2563 4854; x_wconf 85' lang='lat' dir='ltr'><strong>perseveranter</strong></span> <span class='ocrx_word' id='word_1_1011' title='bbox 2598 4789 2894 4843; x_wconf 85' lang='lat' dir='ltr'><strong>collocetur</strong></span> <span class='ocrx_word' id='word_1_1012' title='bbox 2920 4787 2990 4842; x_wconf 82' lang='lat'><strong>&quot;.</strong></span> 
     </span>
    </p>
   </div>
   <div class='ocr_carea' id='block_1_146' title="bbox 2215 4856 3706 4931">
    <p class='ocr_par' dir='ltr' id='par_1_146' title="bbox 2215 4856 3706 4931">
     <span class='ocr_line' id='line_1_148' title="bbox 2215 4856 3706 4931; baseline 0.001 -23"><span class='ocrx_word' id='word_1_1013' title='bbox 2215 4856 2402 4931; x_wconf 73' lang='lat' dir='ltr'><strong>Neque</strong></span> <span class='ocrx_word' id='word_1_1014' title='bbox 2427 4860 2570 4912; x_wconf 87' lang='lat' dir='ltr'><strong>enim</strong></span> <span class='ocrx_word' id='word_1_1015' title='bbox 2596 4859 2957 4931; x_wconf 87' lang='lat' dir='ltr'><strong>repellendus,</strong></span> <span class='ocrx_word' id='word_1_1016' title='bbox 2990 4870 3085 4914; x_wconf 87' lang='lat' dir='ltr'><strong>aut</strong></span> <span class='ocrx_word' id='word_1_1017' title='bbox 3119 4861 3315 4931; x_wconf 90' lang='lat' dir='ltr'><strong>inique</strong></span> <span class='ocrx_word' id='word_1_1018' title='bbox 3345 4860 3591 4931; x_wconf 80' lang='lat' dir='ltr'><strong>ferendus</strong></span> <span class='ocrx_word' id='word_1_1019' title='bbox 3617 4857 3706 4910; x_wconf 81' lang='lat' dir='ltr'><strong>de-</strong></span> 
     </span>
    </p>
   </div>
   <div class='ocr_carea' id='block_1_147' title="bbox 2147 4925 3706 5002">
    <p class='ocr_par' dir='ltr' id='par_1_147' title="bbox 2147 4925 3706 5002">
     <span class='ocr_line' id='line_1_149' title="bbox 2147 4925 3706 5002; baseline -0.001 -22"><span class='ocrx_word' id='word_1_1020' title='bbox 2147 4925 2361 4993; x_wconf 79' lang='lat' dir='ltr'><strong>formis,</strong></span> <span class='ocrx_word' id='word_1_1021' title='bbox 2393 4925 2672 5002; x_wconf 77' lang='lat' dir='ltr'><strong>pannosus</strong></span> <span class='ocrx_word' id='word_1_1022' title='bbox 2706 4941 2760 4982; x_wconf 89' lang='lat' dir='ltr'><strong>et</strong></span> <span class='ocrx_word' id='word_1_1023' title='bbox 2799 4930 3038 5002; x_wconf 85' lang='lat' dir='ltr'><strong>debilis;</strong></span> <span class='ocrx_word' id='word_1_1024' title='bbox 3092 4925 3534 5002; x_wconf 77' lang='lat' dir='ltr'><strong>quandoquidem</strong></span> <span class='ocrx_word' id='word_1_1025' title='bbox 3581 4929 3706 5002; x_wconf 82' lang='lat' dir='ltr'><strong>inte-</strong></span> 
     </span>
    </p>
   </div>
   <div class='ocr_carea' id='block_1_148' title="bbox 2146 4999 3705 5121">
    <p class='ocr_par' dir='ltr' id='par_1_148' title="bbox 2146 4999 3705 5121">
     <span class='ocr_line' id='line_1_150' title="bbox 2146 4999 3705 5121; baseline 0 -72"><span class='ocrx_word' id='word_1_1026' title='bbox 2146 5002 2259 5121; x_wconf 53' lang='lat' dir='ltr'><strong>{lior</strong></span> <span class='ocrx_word' id='word_1_1027' title='bbox 2286 5000 2562 5066; x_wconf 87' lang='lat' dir='ltr'><strong>opulentia</strong></span> <span class='ocrx_word' id='word_1_1028' title='bbox 2593 5009 2648 5053; x_wconf 88' lang='lat' dir='ltr'><strong>et</strong></span> <span class='ocrx_word' id='word_1_1029' title='bbox 2671 4999 3021 5070; x_wconf 84' lang='lat' dir='ltr'><strong>pulchritudo</strong></span> <span class='ocrx_word' id='word_1_1030' title='bbox 3049 4999 3385 5059; x_wconf 23' lang='lat' dir='ltr'><strong>iu’testace—u</strong></span> <span class='ocrx_word' id='word_1_1031' title='bbox 3403 5018 3526 5056; x_wconf 88' lang='lat' dir='ltr'><strong>vase</strong></span> <span class='ocrx_word' id='word_1_1032' title='bbox 3547 5000 3705 5053; x_wconf 83' lang='lat' dir='ltr'><strong>inclu-</strong></span> 
     </span>
     <span class='ocr_line' id='line_1_151' title="bbox 2185 5078 2312 5121; baseline -0.008 0"><span class='ocrx_word' id='word_1_1033' title='bbox 2185 5078 2312 5121; x_wconf 87' lang='lat' dir='ltr'><strong>itur.</strong></span> 
     </span>
    </p>
   </div>
   <div class='ocr_carea' id='block_1_149' title="bbox 2185 5078 2312 5121">
    <p class='ocr_par' dir='ltr' id='par_1_149' title="bbox 2185 5078 2312 5121">
     <span class='ocr_line' id='line_1_152' title="bbox 2185 5078 2312 5121; baseline -0.008 0"><span class='ocrx_word' id='word_1_1034' title='bbox 2185 5078 2312 5121; x_wconf 76' lang='lat' dir='ltr'><strong>Illﬂ&#39;o</strong></span> 
     </span>
    </p>
   </div>
   <div class='ocr_carea' id='block_1_150' title="bbox 2217 5136 3706 5207">
    <p class='ocr_par' dir='ltr' id='par_1_150' title="bbox 2217 5136 3706 5207">
     <span class='ocr_line' id='line_1_153' title="bbox 2217 5136 3706 5207; baseline 0.005 -18"><span class='ocrx_word' id='word_1_1035' title='bbox 2217 5136 2559 5207; x_wconf 80' lang='lat' dir='ltr'><strong>Quapropter</strong></span> <span class='ocrx_word' id='word_1_1036' title='bbox 2606 5148 2797 5195; x_wconf 89' lang='lat' dir='ltr'><strong>auctor</strong></span> <span class='ocrx_word' id='word_1_1037' title='bbox 2847 5152 3036 5197; x_wconf 88' lang='lat' dir='ltr'><strong>noster</strong></span> <span class='ocrx_word' id='word_1_1038' title='bbox 3087 5144 3311 5198; x_wconf 86' lang='lat' dir='ltr'><strong>divitem</strong></span> <span class='ocrx_word' id='word_1_1039' title='bbox 3367 5145 3606 5201; x_wconf 80' lang='lat' dir='ltr'><strong>hortatur</strong></span> <span class='ocrx_word' id='word_1_1040' title='bbox 3636 5140 3706 5205; x_wconf 77' lang='grc' dir='ltr'><strong>τ’,</strong></span> 
     </span>
    </p>
   </div>
   <div class='ocr_carea' id='block_1_151' title="bbox 2147 5208 3703 5282">
    <p class='ocr_par' dir='ltr' id='par_1_151' title="bbox 2147 5208 3703 5282">
     <span class='ocr_line' id='line_1_154' title="bbox 2147 5208 3703 5282; baseline 0.002 -21"><span class='ocrx_word' id='word_1_1041' title='bbox 2147 5219 2208 5261; x_wconf 88' lang='grc' dir='ltr'><strong>ιιι</strong></span> <span class='ocrx_word' id='word_1_1042' title='bbox 2251 5208 2617 5282; x_wconf 81' lang='lat' dir='ltr'><strong>facultatibus</strong></span> <span class='ocrx_word' id='word_1_1043' title='bbox 2643 5221 2697 5263; x_wconf 89' lang='lat' dir='ltr'><strong>et</strong></span> <span class='ocrx_word' id='word_1_1044' title='bbox 2733 5212 2928 5282; x_wconf 90' lang='lat' dir='ltr'><strong>opibus</strong></span> <span class='ocrx_word' id='word_1_1045' title='bbox 2969 5214 3085 5267; x_wconf 90' lang='lat' dir='ltr'><strong>suis</strong></span> <span class='ocrx_word' id='word_1_1046' title='bbox 3127 5217 3434 5269; x_wconf 72' lang='lat' dir='ltr'><strong>exercitum</strong></span> <span class='ocrx_word' id='word_1_1047' title='bbox 3469 5219 3703 5275; x_wconf 78' lang='lat' dir='ltr'><strong>instruat,</strong></span> 
     </span>
    </p>
   </div>
   <div class='ocr_carea' id='block_1_152' title="bbox 2149 5281 3706 5354">
    <p class='ocr_par' dir='ltr' id='par_1_152' title="bbox 2149 5281 3706 5354">
     <span class='ocr_line' id='line_1_155' title="bbox 2149 5281 3706 5354; baseline 0.006 -23"><span class='ocrx_word' id='word_1_1048' title='bbox 2149 5288 2413 5354; x_wconf 75' lang='lat' dir='ltr'><strong>cogatque</strong></span> <span class='ocrx_word' id='word_1_1049' title='bbox 2467 5281 2776 5345; x_wconf 77' lang='lat' dir='ltr'><strong>satellites,</strong></span> <span class='ocrx_word' id='word_1_1050' title='bbox 2803 5285 3067 5338; x_wconf 90' lang='lat' dir='ltr'><strong>nimirum</strong></span> <span class='ocrx_word' id='word_1_1051' title='bbox 3120 5301 3305 5346; x_wconf 86' lang='lat' dir='ltr'><strong>senes,</strong></span> <span class='ocrx_word' id='word_1_1052' title='bbox 3345 5287 3586 5354; x_wconf 79' lang='lat' dir='ltr'><strong>pupillos,</strong></span> <span class='ocrx_word' id='word_1_1053' title='bbox 3625 5285 3706 5332; x_wconf 68' lang='grc' dir='ltr'><strong>νὶ-</strong></span> 
     </span>
    </p>
   </div>
   <div class='ocr_carea' id='block_1_153' title="bbox 2151 5350 3706 5424">
    <p class='ocr_par' dir='ltr' id='par_1_153' title="bbox 2151 5350 3706 5424">
     <span class='ocr_line' id='line_1_156' title="bbox 2151 5350 3706 5424; baseline 0 -22"><span class='ocrx_word' id='word_1_1054' title='bbox 2151 5350 2284 5402; x_wconf 87' lang='lat' dir='ltr'><strong>duas</strong></span> <span class='ocrx_word' id='word_1_1055' title='bbox 2310 5361 2380 5424; x_wconf 87' lang='lat' dir='ltr'><strong>_et</strong></span> <span class='ocrx_word' id='word_1_1056' title='bbox 2417 5365 2700 5419; x_wconf 89' lang='lat' dir='ltr'><strong>pauperes,</strong></span> <span class='ocrx_word' id='word_1_1057' title='bbox 2751 5354 2840 5422; x_wconf 92' lang='lat' dir='ltr'><strong>qui</strong></span> <span class='ocrx_word' id='word_1_1058' title='bbox 2893 5358 3170 5422; x_wconf 90' lang='lat' dir='ltr'><strong>precibus,</strong></span> <span class='ocrx_word' id='word_1_1059' title='bbox 3219 5350 3507 5424; x_wconf 80' lang='lat' dir='ltr'><strong>gemitibus</strong></span> <span class='ocrx_word' id='word_1_1060' title='bbox 3545 5372 3601 5408; x_wconf 83' lang='lat' dir='ltr'><strong>ac</strong></span> <span class='ocrx_word' id='word_1_1061' title='bbox 3627 5355 3706 5404; x_wconf 75' lang='lat' dir='ltr'><strong>la-</strong></span> 
     </span>
    </p>
   </div>
   <div class='ocr_carea' id='block_1_154' title="bbox 2151 5421 3706 5492">
    <p class='ocr_par' dir='ltr' id='par_1_154' title="bbox 2151 5421 3706 5492">
     <span class='ocr_line' id='line_1_157' title="bbox 2151 5421 3706 5492; baseline 0.001 -20"><span class='ocrx_word' id='word_1_1062' title='bbox 2151 5421 2361 5492; x_wconf 79' lang='lat' dir='ltr'><strong>Cryiiiis</strong></span> <span class='ocrx_word' id='word_1_1063' title='bbox 2395 5421 2785 5490; x_wconf 82' lang='lat' dir='ltr'><strong>imperatorem</strong></span> <span class='ocrx_word' id='word_1_1064' title='bbox 2832 5421 3000 5478; x_wconf 84' lang='lat' dir='ltr'><strong>Deum</strong></span> <span class='ocrx_word' id='word_1_1065' title='bbox 3047 5421 3294 5489; x_wconf 73' lang='lat' dir='ltr'><strong>llectaiit,</strong></span> <span class='ocrx_word' id='word_1_1066' title='bbox 3342 5438 3498 5492; x_wconf 83' lang='lat' dir='ltr'><strong>atque</strong></span> <span class='ocrx_word' id='word_1_1067' title='bbox 3535 5431 3706 5476; x_wconf 79' lang='lat' dir='ltr'><strong>admo-</strong></span> 
     </span>
    </p>
   </div>
   <div class='ocr_carea' id='block_1_155' title="bbox 2153 5491 3705 5566">
    <p class='ocr_par' dir='ltr' id='par_1_155' title="bbox 2153 5491 3705 5566">
     <span class='ocr_line' id='line_1_158' title="bbox 2153 5491 3705 5566; baseline 0.004 -24"><span class='ocrx_word' id='word_1_1068' title='bbox 2153 5491 2473 5555; x_wconf 87' lang='lat' dir='ltr'><strong>nitionibus,</strong></span> <span class='ocrx_word' id='word_1_1069' title='bbox 2507 5496 2943 5563; x_wconf 88' lang='lat' dir='ltr'><strong>correptionibus</strong></span> <span class='ocrx_word' id='word_1_1070' title='bbox 2972 5504 3029 5550; x_wconf 89' lang='lat' dir='ltr'><strong>et</strong></span> <span class='ocrx_word' id='word_1_1071' title='bbox 3077 5499 3327 5552; x_wconf 88' lang='lat' dir='ltr'><strong>consiliis</strong></span> <span class='ocrx_word' id='word_1_1072' title='bbox 3361 5491 3528 5566; x_wconf 80' lang='lat' dir='ltr'><strong>ipsum</strong></span> <span class='ocrx_word' id='word_1_1073' title='bbox 3562 5495 3705 5560; x_wconf 79' lang='lat' dir='ltr'><strong>adju-</strong></span> 
     </span>
    </p>
   </div>
   <div class='ocr_carea' id='block_1_156' title="bbox 2843 5634 3216 5706">
    <p class='ocr_par' dir='ltr' id='par_1_156' title="bbox 2843 5634 3216 5706">
     <span class='ocr_line' id='line_1_159' title="bbox 2843 5634 3216 5706; baseline 0.003 -17"><span class='ocrx_word' id='word_1_1074' title='bbox 2843 5635 2888 5666; x_wconf 76' lang='grc' dir='ltr'><strong>σο</strong></span> <span class='ocrx_word' id='word_1_1075' title='bbox 2929 5634 2957 5706; x_wconf 71' lang='lat'>5</span> <span class='ocrx_word' id='word_1_1076' title='bbox 3003 5637 3092 5691; x_wconf 82' lang='lat' dir='ltr'><strong>is.</strong></span> <span class='ocrx_word' id='word_1_1077' title='bbox 3173 5637 3216 5668; x_wconf 71' lang='grc' dir='ltr'>ιτ</span> 
     </span>
    </p>
   </div>
   <div class='ocr_carea' id='block_1_157' title="bbox 3263 5628 3706 5708">
    <p class='ocr_par' dir='ltr' id='par_1_157' title="bbox 3263 5628 3706 5708">
     <span class='ocr_line' id='line_1_160' title="bbox 3263 5628 3706 5708; baseline 0.002 0"><span class='ocrx_word' id='word_1_1078' title='bbox 3263 5636 3290 5708; x_wconf 80' lang='lat'><strong>§</strong></span> <span class='ocrx_word' id='word_1_1079' title='bbox 3330 5637 3412 5692; x_wconf 76' lang='grc' dir='ltr'><strong>¹9σ</strong></span> <span class='ocrx_word' id='word_1_1080' title='bbox 3486 5628 3706 5708; x_wconf 45' lang='grc' dir='ltr'><strong>’ἶὲέρτ</strong></span> 
     </span>
    </p>
   </div>
   <div class='ocr_carea' id='block_1_158' title="bbox 2209 5701 3708 5778">
    <p class='ocr_par' dir='ltr' id='par_1_158' title="bbox 2209 5701 3708 5778">
     <span class='ocr_line' id='line_1_161' title="bbox 2209 5701 3708 5778; baseline 0.001 -17"><span class='ocrx_word' id='word_1_1081' title='bbox 2209 5701 2452 5773; x_wconf 66' lang='lat' dir='ltr'><strong>“sas.</strong></span> <span class='ocrx_word' id='word_1_1082' title='bbox 2531 5701 2777 5775; x_wconf 68' lang='lat' dir='ltr'><strong>&quot;gas.</strong></span> <span class='ocrx_word' id='word_1_1083' title='bbox 2854 5701 3108 5776; x_wconf 61' lang='lat' dir='ltr'><strong>&quot;s50.</strong></span> <span class='ocrx_word' id='word_1_1084' title='bbox 3185 5701 3423 5778; x_wconf 60' lang='grc' dir='ltr'><strong>ττςδι.</strong></span> <span class='ocrx_word' id='word_1_1085' title='bbox 3509 5702 3708 5771; x_wconf 65' lang='lat' dir='ltr'><strong>&quot;is:</strong></span> 
     </span>
    </p>
   </div>
  </div>
