3848 6540
62 351 239 409 1445

1218 347 1306 404 DE
1343 345 1521 402 ALlIS
1547 344 1752 401 CLEM.
1795 341 2000 400 ALEX.
2041 341 2244 399 OPER.

3193 340 3334 396 “46

58 484 243 536 vent,
292 488 357 528 ac
393 487 514 528 cum
545 470 780 537 Christo,
812 469 902 537 qui
930 467 1040 536 iam
1072 467 1126 521 in
1167 466 1261 521 illo
1294 467 1412 534 ipso
1439 464 1668 527 habitat,
1700 466 1744 521 Α
1772 469 1954 537 postea
1989 458 2263 537 lcoiiensis
2295 456 2755 537 archiepiscopus,
2805 457 2946 537 inter
2974 455 3190 537 Graecos
3210 455 3331 537 “Va.

59 544 505 614 colloquantur.
557 541 632 594 Ex
685 543 748 597 iis
781 541 1044 614 siquidem
1075 539 1119 569 ⁸ο
1175 538 1337 614 aliqui
1389 551 1466 614 e_o_
1501 537 1672 602 magis

64 625 220 668 sunt
260 606 544 676 'illustres,
572 628 678 681 quo
725 606 896 680 magis
925 624 988 662 ex
1027 609 1209 662 mundi
1248 606 1499 681 procellis
1551 621 1674 681 sese

65 685 442 744 subduxere.
482 698 544 737 ac
589 677 848 750 pietatem
894 695 1044 750 suam
1077 687 1140 750 et
1175 677 1518 750 sanctitatem
1547 678 1673 730 abs-

64 756 344 810 condere
398 747 687 808 conantur.
728 752 791 805 Hi
822 765 982 818 porro
1012 748 1100 802 Dei
1130 747 1672 818 hmredes,illiusque

66 840 220 878 vera
267 824 448 894 proles
481 833 536 877 et
570 824 746 890 imago
863 821 1006 894 hunc
1029 820 1308 894 mundum,
1343 817 1477 894 alios
1517 832 1670 894 eser-

64 888 447 963 ceudi'ergo,
481 903 644 959 atque
683 888 996 947 excolendae
1025 888 1241 942 virtutis
1282 899 1378 941 aut
1409 889 1672 941 doctrinae

62 965 276 1034 gratia
325 964 471 1019 missi
500 972 644 1018 sunt.

147 1035 304 1089 Post
336 1035 451 1089 haec
505 1043 695 1086 auctor
728 1039 914 1086 noster
957 1029 1002 1060 “
1043 1030 1182 1083 hanc
1212 1036 1270 1082 ut
1295 1028 1480 1097 egenis
1509 1043 1667 1094 opem

66 1107 279 1160 ferant
306 1104 568 1173 opulenti,
606 1102 785 1173 reddit
830 1101 1003 1156 adhuc
1029 1100 1290 1173 rationem
1315 1116 1339 1173 ;Δ
1362 1099 1484 1173 quia
1514 1099 1670 1173 _Deus

64 1168 356 1231 charitas
389 1185 498 1238 est,
551 1182 605 1227 et
644 1172 892 1227 Christus
944 1186 1052 1226 non
1102 1172 1277 1223 solum
1327 1168 1668 1224 inﬁrmitates

67 1244 382 1300 hominum
443 1243 712 1312 suscepit,
763 1243 857 1297 sed
903 1257 1002 1311 pro
1058 1240 1504 1312 nobisimortuus
1554 1249 1662 1312 est,

65 1330 192 1383 quo
243 1317 490 1370 animam
541 1329 568 1366 a
607 1310 778 1368 nobis
809 1310 1168 1383 qqune__pro
1200 1310 1322 1363 aliis
1363 1310 1665 1383 ponendam

67 1380 210 1440 esse
263 1389 512 1442 doceret.
550 1384 712 1451 Atqui
763 1384 808 1437 si
855 1397 952 1451 pro
987 1381 1109 1435 aliis
1140 1391 1367 1451 mortem
1397 1380 1549 1433 obire
1577 1382 1670 1433 de-

66 1462 318 1522 bemus,
359 1466 564 1524 quanto
602 1450 772 1523 magis
812 1450 1007 1524 divites
1041 1453 1228 1524 omnia
1264 1450 1400 1503 bona
1432 1465 1559 1524 sua,
1585 1465 1670 1504 co-

68 1529 203 1595 pias
254 1521 315 1582 et
368 1521 585 1580 divitias
634 1521 715 1576 ad'
757 1522 1143 1595 sublevandam
1193 1535 1518 1595 pauperunr
1548 1521 1667 1595 ino-

68 1588 235 1665 piam
287 1596 619 1665 impendere”
641 1602 914 1665 tenentur,
947 1591 1096 1665 Quod
1127 1588 1340 1665 quidem
1367 1588 1461 1665 _ille
1497 1590 1667 1665 _ipsis-

70 1659 197 1720 inet
253 1659 486 1723 Joannis
508 1674 562 1720 et
591 1663 743 1718 Pauli
767 1665 832 1716 de
863 1661 1130 1717 charitate
1159 1660 1339 1715 verbis
1366 1659 1669 1717 luculenter

67 1737 384 1792 conﬁrmat
414 1736 480 1789 ⁸³.

147 1808 242 1862 Ex
287 1803 722 1877 quibus,_inquit
766 1801 836 1864 ⁸³,
887 1800 1201 1877 intelligitur
1241 1798 1364 1877 quis
1401 1798 1552 1877 dives
1589 1800 1664 1854 lo-
1697 1807 1740 1862 Β

71 1894 210 1933 cum
244 1870 492 1932 in'ctnlis
523 1870 738 1938 habeat,
771 1881 866 1926 aut
899 1888 1001 1924 non
1049 1872 1263 1925 habeat.
1302 1870 1660 1935 Quemadmo-

69 1950 212 2002 dum
261 1949 410 2015 enim
451 1947 504 1998 in
551 1946 786 2015 peccatis
820 1951 1087 2015 mortuus,
1140 1941 1262 2015 inde
1307 1941 1657 2015 excluditur;

71 2020 149 2074 ita
189 2018 348 2073 Deus
374 2011 653 2070 Pater-ibi
704 2015 853 2067 illum
885 2011 1253 2065 lubentissime
1282 2011 1522 2077 suscipit,
1566 2013 1658 2079 qui

69 2092 140 2143 ad
178 2104 317 2144 eum
369 2097 480 2140 teto
511 2087 675 2140 corde
723 2081 1081 2139 convertitur.
1124 2080 1261 2134 Hinc
1311 2079 1656 2134 tnanifestnm

71 2170 287 2214 auctor
321 2158 450 2211 facit
481 2156 528 2188 ⁸⁸
561 2171 681 2225 quae
710 2169 835 2207 vera
883 2153 958 2207 sit
1007 2151 1352 2225 poenitentia,
1397 2159 1454 2203 et
1497 2152 1659 2218 quale

72 2233 146 2283 sit
200 2229 261 2283 in
321 2227 472 2283 caelis
525 2221 594 2281 de
651 2232 981 2295 peccatore,_
1016 2221 1388 2295 pmtiitentiam
1441 2229 1654 2288 agente,

72 2299 352 2363 gaudium
388 2297 596 2364 angelis
637 2292 703 2350 ac
731 2294 862 2352 Deo,
893 2293 984 2361 qui
1017 2292 1164 2364 solus
1211 2298 1389 2358 potest
1412 2301 1656 2364 _peccata

25 2398 30 2404 -
72 2359 389 2423 dimittere.
437 2359 518 2421 Kd
569 2381 690 2420 eam
743 2359 926 2432 porro‘
961 2361 1246 2432 agendam“
1282 2359 1656 2432 pwuiteniiam

74 2440 334 2492 maxima
385 2435 476 2491 ille
531 2429 911 2506 probat—opus
970 2429 1091 2487 esse
1157 2429 1456 2506 diligentia.
1520 2429 1654 2506 riam

73 2508 346 2576 quamvis
386 2499 560 2562 inoliti
591 2504 739 2575 pravi
783 2499 1013 2576 allectus
1054 2499 1360 2576 coniestim,
1389 2500 1657 2576 simulque

75 2571 314 2645 praecidi
383 2571 610 2630 forsitan
668 2590 774 2629 non
806 2572 1049 2645 possint,
1091 2571 1182 2625 Dei
1231 2582 1408 2623 tamen
1443 2571 1657 2645 _virtute

73 2640 432 2717 fratrumque
459 2646 716 2717 precibus
739 2653 794 2698 et
813 2640 1042 2705 auxilio,
1065 2657 1128 2696 ac
1157 2655 1280 2717 _vera
1314 2640 1652 2717 poenitcniia,

73 2710 420 2787 assiduaq'ue
459 2710 830 2787 'meditatione
873 2710 1168 2783 expugnari
1224 2720 1497 2787 poterunt.
1548 2713 1654 2766 Sed

77 2790 144 2842 ad
197 2789 257 2842 id
315 2782 750 2856 consequendum
787 2782 1122 2856 necesser’est
1169 2793 1237 2856 u_t_
1266 2782 1384 2856 pius
1415 2791 1659 2856 sanctus-

76 2873 186 2928 que
219 2867 413 2913 rector
445 2849 512 2910 ac
541 2857 871 2928 gubernator
899 2855 1152 2906 audietur
1192 2850 1261 2914 ⁸⁸,
1297 2849 1387 2918 qui
1429 2849 1654 2928 salutari

77 2922 205 2984 cum
235 2922 674 2983 severitate—tum
720 2924 941 2978 lenitate
964 2931 1302 2992 peccatorem
1335 2931 1430 2992 aut
1455 2922 1655 2976 excitet

78 3010 134 3052 et
177 3007 443 3063 exacuat,
482 3006 575 3050 aut
623 2993 846 3050 deliuiat
900 2991 1240 3057 et’alliciat;
1277 2991 1366 3058 qui
1416 3005 1538 3063 cum
1588 3009 1652 3046 eo

76 3068 276 3124 fundat
335 3062 623 3138 lacrymas,
673 3079 736 3118 ac
784 3078 880 3131 pro
923 3078 990 3138 eo
1031 3063 1194 3138 Deum
1237 3062 1508 3138 precando
1553 3078 1650 3116 no-

77 3150 195 3194 ctes
223 3141 392 3193 ducat
411 3131 720 3200 insomnes;
740 3149 898 3204 quem
925 3135 1154 3208 denique
1177 3143 1428 3199 peccator
1452 3131 1659 3198 timeat,
1687 3150 1730 3208 (ς

80 3224 321 3277 quocum
362 3210 574 3274 doleat,
626 3203 790 3276 atque
831 3217 1024 3275 pteuas
1079 3203 1462 3272 deprecantem
1515 3213 1657 3260 ante-

77 3288 287 3333 vertat.

152 3347 218 3404 Ut
271 3357 457 3404 autem
510 3348 566 3403 id
613 3346 827 3402 facilius
861 3353 1056 3400 auctor
1100 3351 1288 3398 noster
1328 3343 1657 3412 persuadere

80 3429 250 3488 queat
277 3421 348 3487 ⁸⁸,
387 3421 655 3488 integram
705 3417 985 3488 describi_t_
1011 3415 1323 3488 historiam,
1359 3412 1656 3488 qua_.loan-

83 3479 181 3544 lies
203 3479 542 3561 evangelista
567 3487 844 3556 cujusdam
867 3479 1040 3561 urbis,
1065 3485 1202 3561 haud
1228 3479 1417 3561 proelii
1444 3483 1656 3561 Epheso

82 3561 312 3640 dissitas,
349 3553 603 3640 Episcopo
632 3553 896 3640 jurenem
926 3557 1158 3626 eleganti
1191 3555 1448 3640 corporis
1480 3553 1656 3640 forma

83 3630 349 3702 bonaque
376 3627 555 3684 indole
588 3627 870 3702 praeditum
912 3627 1331 3702 commendasse
1377 3636 1652 3680 narratur.

84 3697 562 3770 Hunc-episc0pus
589 3697 647 3753 in
686 3699 842 3753 tectis
865 3707 942 3770 _et
986 3697 1192 3770 aedibus
1221 3697 1336 3770 suis
1373 3706 1653 3770 receptum

85 3766 513 3841 educatumque.
562 3783 720 3825 sacro
755 3766 1274 3841 paulopostabluit
1314 3766 1655 3841 baptismatis

84 3840 257 3898 fonte.
315 3835 424 3897 Sed
473 3841 695 3898 remissa
741 3835 1000 3908 paulatim
1053 3837 1393 3908 illiusicura,
1439 3835 1655 3908 juvenis

85 3910 380 3967 immatura
410 3911 656 3966 libertate
693 3906 916 3980 potitus,
959 3906 1245 3980 ﬂagitiosis
1282 3914 1338 3980 et
1371 3906 1651 3980 sceleratis

85 3981 400 4047 hominibus
442 3997 502 4036 se
548 3975 827 4050 adjutixit,
873 3993 941 4032 ac
986 3975 1254 4050 latronum
1301 3976 1407 4028 dux
1455 3975 1651 4041 factus,

85 4063 315 4123 caeteros
358 4052 577 4123 ﬂagitiis
610 4048 922 4120 superabat.
969 4048 1262 4123 Aliquanto
1300 4059 1430 4123 vero
1461 4056 1652 4123 postea

85 4117 324 4181 Joannes
381 4117 585 4188 re'dux,
635 4117 934 4191 depositum
972 4119 1236 4191 juvenem
1283 4118 1352 4169 ab
1393 4119 1653 4191 episcopo

88 4197 419 4266 tepoposcit.
469 4196 575 4249 Sed
626 4190 790 4266 abeo
837 4190 1104 4266 omnium,
1132 4203 1253 4266 qua:
1288 4190 1650 4266 contigerant,

86 4257 290 4322 certi-or
333 4268 531 4330 factus,
560 4264 827 4335 protinus,
859 4260 1111 4335 nullaque
1147 4257 1466 4335 interposita
1496 4272 1649 4335 mora

89 4339 332 4401 perrexit
360 4339 428 4392 ad
472 4327 748 4406 juvenem,
779 4346 954 4406 quem
973 4327 1265 4406 salutarem
1309 4327 1534 4406 adduxit
1582 4328 1651 4381 ad

87 4398 490 4474 paenitentiam;
525 4421 588 4460 ac
613 4398 811 4476 postea
833 4399 1088 4476 Ecclesiae
1119 4398 1378 4455 restituit.

151 4479 239 4555 Er
285 4481 386 4555 hac
429 4470 966 4555 porro'narratione
1029 4470 1171 4523 idem
1227 4477 1418 4555 aucth
1471 4475 1652 4522 noster
1684 4499 1730 4555 ι)

87 4550 366 4605 concludit
396 4538 465 4602 ab
492 4561 580 4611 eo,
611 4544 704 4615 qui
747 4538 1502 4615 peccatorumpmuitentiam
1541 4553 1654 4592 non

88 4621 217 4688 agit,
256 4633 358 4674 nec
385 4609 572 4672 Deum
597 4609 828 4688 idcirco,
865 4626 964 4666 nec
1003 4609 1368 4688 divitias-sed
1417 4609 1655 4674 seipsum

88 4679 214 4745 esse.
239 4690 616 4745 incusaudum.
653 4685 855 4740 Contra
893 4695 1042 4744 vero,
1077 4681 1170 4747 qui
1217 4679 1488 4731 sinceram
1537 4691 1662 4746 pec-

89 4770 335 4815 catorum
379 4759 553 4829 egerit
600 4752 976 4829 painitentﬁiam
1005 4791 1020 4815 ,
1066 4765 1128 4804 ac
1155 4749 1364 4829 _salutis
1407 4763 1518 4829 suis
1551 4762 1658 4829 icu-

90 4842 204 4885 ram
252 4843 383 4886 vere
412 4818 619 4889 habet;
669 4823 797 4878 huic
848 4820 1009 4876 Pater
1064 4819 1306 4874 cmlestis
1353 4818 1654 4889 perfectam

91 4899 478 4956 absolutionem
537 4887 910 4962 aeternamque
954 4892 1123 4947 vitam
1186 4889 1388 4944 tribuet
1439 4903 1505 4943 ac
1567 4887 1659 4943 do-

91 4973 260 5028 habit.

619 5076 1017 5139 ARTICULUS
1053 5076 1120 5133 ll.

94 5201 364 5267 Quomodo
391 5200 477 5255 hic
512 5199 643 5254 liber
672 5205 723 5269 et
748 5209 971 5269 quorum
1003 5207 1161 5269 opera
1187 5190 1255 5243 ad
1286 5205 1384 5269 rios
1414 5203 1657 5269 pervene-

159 5277 248 5340 rit,
283 5289 346 5327 ac
378 5273 442 5326 de
468 5271 628 5325 uariis
657 5264 809 5323 illius
840 5264 1182 5340 editionibus,
1206 5264 1576 5326 variorumque
1599 5264 1657 5312 in

155 5335 271 5399 curn
299 5340 744 5398 observationibus
778 5347 829 5393 et
858 5335 1014 5390 notis.

158 5455 444 5511 Tractatus
479 5455 584 5510 iste
614 5453 706 5508 diu
753 5464 890 5506 sane
919 5449 973 5504 in
1011 5447 1463 5503 bibliothecarum
1495 5440 1657 5497 rude-

97 5528 239 5583 ribus
277 5538 333 5581 et
375 5525 728 5581 obscuritatis
782 5520 1007 5576 latebris
1055 5519 1294 5574 delituit.
1343 5514 1458 5569 Non
1503 5521 1654 5583 octo-

95 5582 235 5666 ginta
285 5597 487 5653 etenim
533 5605 660 5649 ante
700 5607 872 5647 annos
925 5590 1208 5645 Matthteus
1263 5582 1649 5654 Cariophylus,

1780 527 1968 584 ticanae
2011 529 2345 582 bibliothecae
2367 529 2584 583 codices
2614 529 2762 582 illum
2792 530 2862 582 ad
2903 529 3173 581 variarum
3203 527 3331 582 Ori—

1774 602 1925 670 genis
1961 599 2303 651 homiliarum
2335 597 2538 670 calcem
2583 607 2878 670 repertum,
2913 597 3102 652 Latine
3150 599 3327 670 reddi-

1773 668 1871 724 dit.
1917 671 1993 723 Ex
2027 674 2130 722 hoc
2161 677 2337 723 autem
2374 668 2581 730 codice,
2619 668 2828 736 hacque
2857 669 3328 736 interpretatione,

1773 755 1837 793 ac
1869 740 2089 807 prmlixo
2119 739 2324 792 ultimae
2370 736 2617 806 Origenis
2645 738 2884 807 homilia:
2914 737 3073 791 titulo
3099 737 3331 792 Michael

1772 805 2074 864 Ghi‘slerius
2116 809 2362 862 eumdem
2410 805 2555 860 hunc
2603 805 2796 875 librum
2840 817 2963 875 post
2998 822 3124 861 suos
3154 809 3206 861 in
3249 807 3340 862 .le-

1773 881 1992 932 remiam
2020 877 2617 948 commentariostypis
2641 874 2854 948 Graacis
2877 888 2930 932 et
2956 877 3164 932 Latinis
3188 894 3332 948 anno

1772 949 1910 1003 1625
1948 948 2188 1014 Lugduni
2233 946 2464 1016 imprimi
2502 946 2896 1016 'tlivtilgarique
2946 948 3176 1002 curavit.
3226 946 3333 1003 Sed

1771 1020 1894 1088 quia
1925 1029 2101 1071 textus
2130 1017 2349 1072 Grmcns
2377 1016 2531 1088 valde
2573 1015 2940 1084 imperfectus,
2988 1032 3053 1070 ac
3091 1018 3336 1086 pluribus

1773 1087 1828 1143 in
1876 1090 2012 1144 locis
2041 1103 2263 1141 mancus
2291 1095 2344 1141 et
2375 1087 2596 1141 mutilus
2633 1096 2770 1153 erat,
2814 1102 2912 1141 nec
2955 1088 3094 1141 alius
3137 1089 3332 1152 codex,

1771 1174 1879 1228 quo
1933 1159 2021 1211 ille
2061 1158 2459 1220 emendaretur,
2513 1157 2742 1210 inveniri
2789 1158 2988 1225 potuit,
3031 1157 3232 1228 idcirco
3278 1159 3334 1212 in

1771 1230 1875 1284 hac
1915 1241 2128 1298 quoque
2157 1228 2393 1282 editione
2429 1229 2594 1282 va‘ria:
2623 1238 2751 1298 sunt
2795 1230 3002 1281 lacuna:
3031 1237 3087 1280 et
3133 1227 3334 1282 hiatus.

1845 1295 1969 1354 Post
2015 1299 2129 1351 lucc
2157 1312 2285 1352 vero
2327 1313 2449 1350 cum
2499 1295 2800 1352 Ghislerius
2843 1297 3191 1365 comperisset
3228 1298 3334 1352 hoc

1771 1370 2087 1439 opusculum
2134 1384 2236 1439 non
2267 1369 2335 1421 ab
2365 1367 2617 1436 Origene,
2651 1368 2754 1439 sed
2781 1383 2808 1419 a
2840 1367 3116 1422 Clemente
3150 1378 3334 1422 nostro

1767 1435 2135 1494 Alexandrino
2181 1438 2350 1493 fuisse
2393 1435 2580 1491 revera
2629 1435 2954 1504 profectum,
3007 1439 3060 1491 in
3117 1453 3212 1491 sua
3263 1439 3330 1491 ad

1769 1513 1985 1566 eosdem
2025 1508 2273 1564 Jeremiaa
2299 1509 2717 1562 commentarios
2745 1507 3062 1574 praefatione
3091 1507 3335 1561 correxit

1768 1595 2031 1644 errorem,
2070 1580 2353 1648 palamque
2387 1579 2662 1646 professus
2694 1585 2786 1648 est
2831 1576 2962 1630 illud
2994 1577 3168 1648 eidem
3200 1576 3328 1632 Cle-

1768 1653 1935 1704 menti
1978 1646 2345 1704 Alexandrino
2392 1659 2540 1704 recte
2581 1650 2650 1703 ab
2690 1646 2948 1714 Eusebio,
3001 1647 3336 1717 Hieronymo

1768 1733 1822 1776 et
1846 1721 2038 1776 Photio
2067 1719 2390 1789 adiudicari.

1842 1792 1893 1844 lu
1930 1786 2151 1857 hujusce
2181 1803 2342 1857 porro
2370 1789 2492 1842 libri
2526 1787 2765 1842 editione
2793 1787 2967 1856 pluris
3023 1786 3165 1841 idem
3212 1787 3338 1843 Chi-

1767 1860 1984 1923 slerius,
2016 1860 2110 1914 sed
2145 1861 2354 1923 breves,
2379 1868 2432 1912 et
2459 1859 2524 1912 ad
2560 1859 2858 1927 marginem
2903 1867 3110 1911 tantum
3135 1857 3334 1927 adjecit

1761 1933 2096 1992 notationes,
2154 1930 2352 1997 quibus
2401 1929 2484 1983 vel
2517 1943 2580 1982 ea
2617 1943 2736 1997 quae
2789 1929 2841 1980 in
2892 1928 3131 1982 auctoris
3180 1939 3331 1983 textu

1759 2001 2229 2054 animadversione
2278 1999 2436 2067 digna
2476 1998 2780 2064 judicabat,
2826 1999 3013 2066 paucis
3054 1999 3332 2065 edisserit,

1757 2070 1842 2123 vel
1888 2072 2172 2137 quosdam,
2215 2069 2292 2122 uti
2328 2070 2400 2122 illi
2451 2069 2754 2129 videbatur,
2791 2069 2970 2134 arguit
2999 2067 3143 2122 illius
3188 2083 3337 2124 erro-

1758 2155 1870 2202 res,
1906 2140 1986 2192 vel
2025 2143 2238 2192 tandem
2279 2137 2380 2191 alia
2429 2139 2678 2207 quadam
2733 2137 2954 2204 indicat,
2987 2153 3108 2206 qua:
3160 2139 3334 2196 voluit

1758 2224 1817 2264 ca
1839 2219 1915 2264 tte
1944 2210 2012 2263 ab
2041 2210 2292 2263 omnibus
2327 2209 2456 2279 legi.
2565 2221 2599 2262 ς.

1826 2303 2013 2374 Longo
2050 2303 2246 2374 dehinc
2295 2301 2482 2374 elapso
2524 2299 2794 2374 temporis
2821 2299 3129 2374 _intervallo
3167 2300 3333 2374 Com-

1756 2371 1976 2428 belisius
1998 2373 2226 2428 celebris
2250 2387 2314 2426 ex
2351 2372 2536 2440 Sancti
2571 2371 2833 2426 Dominici
2862 2372 3053 2440 ordine
3075 2371 3328 2440 scriptor,

1757 2445 1812 2497 in
1861 2459 1957 2497 suo
2004 2442 2306 2498 Gra’corum
2344 2439 2566 2495 Patrum
2624 2442 2875 2494 Auctario
2915 2439 3140 2497 Parisiis
3185 2439 3334 2496 anno

1757 2513 1898 2568 1672
1920 2514 2082 2567 aliam
2108 2514 2265 2582 hujus
2297 2512 2446 2578 libri,
2470 2512 2554 2582 cui
2590 2511 2884 2582 Clementis
2901 2511 3082 2582 hostri
3105 2510 3336 2565 Alexan-

1759 2585 1902 2639 drini
1924 2579 2198 2650 inscripsit
2238 2597 2458 2646 nomen,
2477 2579 2666 2636 Graeco
2695 2580 2994 2647 Latinoque
3022 2581 3334 2636 charactere

1753 2654 2044 2708 editionem
2083 2654 2394 2723 publicavit.
2438 2653 2494 2705 lu
2527 2666 2604 2723 _ea
2634 2662 2828 2723 autem
2862 2650 3116 2723 Gracuni
3145 2660 3334 2706 aucto-

1754 2725 1834 2778 ris
1868 2719 2244 2777 textttm'nova
2273 2722 2493 2776 donavit
2526 2719 2837 2783 Latinitate,
2886 2735 2949 2774 ac
2998 2720 3331 2787 conjecturts

1755 2795 1868 2848 suis
1904 2794 2165 2862 quosdam
2205 2795 2320 2859 ejus
2348 2793 2526 2845 hiatus
2553 2791 2773 2862 explere
2807 2800 3036 2862 conatus
3069 2800 3171 2846 est.
3203 2789 3336 2862 Mul-

1755 2873 1838 2918 tos
1869 2860 2072 2927 tamen,
2103 2863 2194 2932 qui
2224 2863 2343 2916 sine
2375 2861 2866 2928 manuscriptorum
2903 2861 3148 2932 codicum
3175 2860 3332 2932 auxi-

1755 2932 1827 2987 lio
1857 2935 1948 2987 vix
1985 2933 2052 2986 ab
2090 2930 2198 2985 ullo
2239 2947 2473 3001 unquam
2520 2939 2775 3000 poterunt
2823 2930 3061 2999 restitui,
3112 2931 3334 3000 penitus

1754 3003 1991 3058 intactos
2021 3003 2262 3074 reliquit.

1832 3094 2101 3149 Plurimas
2144 3105 2321 3149 autem
2371 3102 2422 3150 et
2464 3091 2699 3163 prolixas
2745 3091 2797 3145 in
2840 3091 3062 3162 hujusce
3107 3091 3256 3155 libri,
3300 3105 3331 3146 a

1762 3182 1819 3222 se
1850 3167 2002 3229 editi,
2037 3167 2140 3220 line
2172 3164 2370 3232 adjecit
2404 3177 2557 3217 notas
2590 3172 2644 3217 et
2674 3165 3110 3232 observationes,
3137 3163 3332 3230 quibus

1759 3236 1924 3290 multa
1990 3231 2279 3290 en’tendare
2333 3235 2632 3289 connititur
2682 3231 2858 3288 Grieci
2910 3241 3092 3286 textus
3144 3235 3332 3300 verba,

1757 3322 1879 3431 quae
1908 3305 2048 3360 male
2076 3306 2266 3360 Graeco
2303 3305 2356 3359 in
2384 3305 2572 3360 codice
2615 3305 2819 3372 scripta
2865 3311 3044 3368 erant,
3081 3301 3164 3356 vel
3211 3317 3332 3382 quae

1802 3375 2118 3431 arionhvlus
2152 3381 2382 3429 adverso
2425 3373 2810 3431 contrariaque
2848 3387 3008 3428 sensu
3053 3385 3332 3431 accepisse

1802 3375 2118 3445 ariophylus
2152 3381 2382 3429 adverso
2425 3373 2810 3445 contrariaque
2848 3373 3332 3445 sensuaccepisse

1756 3447 1862 3514 ipsi
1880 3443 2187 3501 videbatur.
2206 3445 2533 3516 Aggreditur
2565 3444 2788 3516 insuper
2822 3443 2936 3497 suis
2955 3443 3333 3516 _adnotationi-

1756 3512 1857 3571 bus
1889 3512 2547 3570 obscuriorem'auctoris
2589 3512 2881 3569 dictionem
2919 3512 3210 3582 aliquando
3239 3529 3329 3568 ex-

1755 3587 1960 3656 plicare
1983 3595 2038 3640 et
2066 3585 2372 3640 enucleare.
2404 3585 2656 3639 Pluribus
2685 3586 2904 3656 demum
2949 3584 3008 3656 in
3045 3583 3178 3656 locis
3207 3598 3328 3656 pro:

1757 3653 1886 3711 bare
1923 3665 2154 3712 conatur
2194 3656 2468 3709 immerito
2497 3669 2722 3723 prorsus
2771 3655 2928 3723 hujus
2959 3653 3081 3708 libri
3117 3654 3328 3722 parenti

1757 3727 1989 3782 inustam
2021 3727 2188 3797 338
2221 3742 2251 3778 a
2285 3725 2612 3797 Cariophylo
2643 3724 2729 3797 vel
2759 3723 3036 3797 Ghisierio
3067 3738 3331 3797 quorum-

1755 3800 1879 3852 dam
1914 3793 2233 3866 prav'oru'm,
2262 3811 2326 3851 ac
2359 3793 2662 3864 praise‘rtim
2688 3793 2945 3866 0rigenis
2973 3793 3330 3866 errorumila-

1753 3867 1878 3922 hem
1908 3864 1963 3922 et
2007 3867 2300 3922 maculam.
2333 3866 2530 3920 Verum
2554 3866 2599 3919 si
2624 3865 2799 3920 doctis
2839 3864 3163 3933 quibusdam
3193 3865 3329 3918 viris

1755 3938 1968 4000 credas,
2008 3937 2156 3992 illum
2202 3950 2308 3990 uno
2356 3935 2658 4004 praesertim
2692 3935 2745 3988 in
2796 3934 2920 3989 loco
2970 3933 3039 3987 ab
3082 3933 3323 4000 ejusdem

1754 4007 2005 4076 Origeuis
2050 4010 2116 4060 de
2153 4007 2503 4076 animarum,
2541 4015 2600 4059 ut
2641 4006 2850 4076 aiunt,
2893 4004 3330 4076 prmexsistentia

1753 4073 1946 4202 Errare
1977 4092 2081 4131 non
2121 4091 2344 4146 prorsus
2379 4074 2682 4129 vindicavit
2710 4083 2766 4128 et
2797 4073 3068 4128 liberavit.
3105 4073 3214 4127 Sed
3256 4077 3326 4126 de

1795 4162 1838 4201 IS
1877 4157 2083 4202 postea.

1795 4157 1838 4201 is
1876 4157 2083 4215 postea.

1824 4240 2092 4294 Prmterea
2125 4252 2259 4293 vero
2309 4237 2398 4292 hic
2446 4235 2586 4292 liber
2627 4235 2927 4291 Clementis
2970 4232 3329 4288 Alexandrini

1753 4313 1973 4365 nomine
2001 4309 2223 4374 Oxonii,
2252 4321 2282 4361 e
2311 4309 2524 4362 theatro
2555 4305 2922 4361 Sheldoniano
2957 4304 3097 4373 typis
3126 4301 3333 4374 Graecis

1753 4392 1811 4437 et
1844 4381 2057 4434 Latinis
2086 4372 2230 4432 anno
2260 4378 2401 4432 l685
2427 4391 2660 4432 excusus
2684 4385 2784 4430 est.
2829 4374 2937 4430 Sed
2968 4372 3109 4428 totus
3137 4372 3230 4427 ille
3262 4373 3331 4426 li-

1758 4456 1856 4506 ber
1890 4451 2012 4505 talis
2063 4450 2190 4504 inde
2222 4448 2440 4516 prodiit,
2491 4447 2670 4517 qualis
2714 4461 2740 4498 a
2777 4444 3109 4517 Combellsio
3153 4442 3332 4498 editus

1759 4532 1916 4575 antea
1959 4521 2156 4574 fuerat.
2191 4513 2330 4573 Huic
2358 4513 2538 4572 autem
2566 4515 2789 4571 editioni
2817 4513 3108 4585 praefectus
3137 4527 3330 4569 omnes

1759 4592 1828 4645 ab
1864 4591 1969 4646 iliis
1999 4591 2052 4644 in
2105 4590 2310 4642 huncce
2361 4597 2653 4642 tractatum
2703 4583 2856 4657 prius
2893 4583 3199 4657 divulgatas
3232 4585 3331 4657 ob-

1758 4661 2094 4716 servationes
2121 4659 2332 4728 penitus
2363 4658 2546 4727 ejecit.
2586 4654 2869 4728 nec'aliud
2905 4655 3196 4728 quidquam
3213 4654 3329 4728 _ad-

1758 4731 1896 4787 didit
1927 4747 2087 4801 quam
2117 4723 2280 4801 breve
2307 4723 2665 4801 prooemium,
2686 4740 2800 4801 quo
2819 4723 2959 4801 hunc
2986 4723 3180 4801 librum
3203 4723 3327 4777 Cle-

1760 4801 1930 4856 menti
1944 4795 2326 4855 'Alexandrino
2365 4807 2474 4851 tam
2509 4795 2726 4851 Eusebii
2761 4795 3132 4857 Caesariensis,
3165 4807 3328 4862 quam

1760 4871 2079 4943 Hieronymi
2122 4868 2410 4943 Photiique
2459 4867 2768 4943 testimoiiio
2800 4874 2854 4943 ei.
2878 4865 3202 4943 auctoritate
3242 4876 3331 4917 as-

1761 4955 1946 4996 serere
1970 4932 2188 4995 iiititur.
2246 4932 2337 4994 Ad'
2373 4939 2485 4993 haec
2511 4953 2643 4992 vero
2678 4936 2770 4992 ille
2799 4937 3052 4991 observat
3079 4932 3328 4986 ultimam

1762 5010 2042 5083 periodum
2075 5004 2184 5063 :'0
2212 5007 2300 5062 διὰ
2333 5007 2429 5063 τοῦ
2476 5007 2877 5083 ’μετίῃδόςρηειρη¹
2899 5019 2931 5060 a
2960 5003 3204 5083 librario,
3235 5000 3328 5083 qui

1761 5072 2011 5138 cumdem
2065 5089 2357 5136 tractatum
2393 5093 2493 5150 pro
2533 5072 2758 5150 homilia
2788 5072 3331 5150 Origenianaivendi-

1763 5161 1881 5208 tare
1909 5149 2364 5222 volebat,--luisse
2393 5141 2619 5222 omnino
2666 5141 2996 5222 praepostere
3041 5141 3327 5222 adiectam.

1761 5223 1901 5289 Quid
1929 5237 2078 5289 vero,
2105 5211 2148 5276 si
2181 5221 2240 5277 in
2273 5221 2377 5275 hoc
2404 5220 2563 5284 libro,
2594 5211 2924 5289 ex'quadam
2952 5222 3045 5268 aut
3081 5211 3328 5280 pluribus

1763 5287 2033 5358 homiliis,
2063 5287 2177 5348 seu
2225 5291 2583 5347 eoncionibus
2634 5287 2938 5358 composito
2989 5299 3111 5339 eam
3141 5291 3330 5336 auctor

1766 5356 2107 5418 retinendam
2137 5362 2450 5417 censuerit?
2481 5362 2554 5432 At
2579 5359 2648 5432 de
2676 5356 2772 5432 his
2794 5356 2956 5409 intra.
3203 5421 3216 5432 ε
3279 5419 3294 5432 ⁸

1839 5433 1946 5487 Nos
1970 5433 2207 5502 denique
2231 5432 2322 5486 ille
2347 5431 2580 5485 monitos
2614 5429 2744 5502 fecit
2774 5440 2833 5481 se
2865 5437 3026 5502 quam
3050 5421 3328 5502 _paucissiu

1763 5505 1867 5558 mis
1896 5493 2133 5558 vocibus.
2156 5503 2511 5571 interpositis,
2561 5498 2824 5569 quasdam
2853 5493 3157 5571 explevisse
3185 5493 3336 5571 lacu-

1759 5590 1880 5640 nas,
1910 5573 2128 5644 quibus,
2168 5572 2243 5626 uti
2270 5561 2384 5645 jam
2415 5561 2670 5639 diximus,
2700 5577 2854 5623 vetus
2880 5561 3158 5634 eiemplar
3186 5561 3333 5616 aliin-

214 5799 258 5837 ὀ
297 5805 437 5878 sas.
513 5793 563 5837 σι’
603 5799 746 5874 δεῖ.
825 5798 870 5831 ι’
913 5799 940 5870 §
985 5798 1073 5855 ss.
1152 5794 1199 5828 ⁸³
1241 5793 1270 5865 §
1310 5793 1399 5852 se.
1476 5791 1523 5825 ιδ
1563 5789 1591 5863 5
1632 5792 1658 5846 t

1793 5788 1838 5820 ιι
1881 5785 2005 5859 μί.
2082 5785 2129 5819 ει
2167 5784 2194 5856 §
2226 5782 2341 5840 t2.-
