3874 6580
202 392 331 452 1449
381 427 383 430 -

1231 391 1316 447 DE
1350 391 1531 447 ALIIS
1565 391 1766 448 CLEM.
1807 391 2013 448 ALEX.
2053 390 2257 448 OPER.

3302 405 3441 462 1450

197 504 625 587 evidentissi.mo_
647 504 814 587 trium
867 506 1061 587 horum
1111 505 1549 587 doctissimorum
1581 508 1756 562 homi-
1784 514 1827 568 Α
1861 506 2597 587 praecedentium__ﬁbrorum
2631 512 2880 587 materia,
2932 517 3321 587 scribendique
3347 536 3444 574 ra-

198 595 314 632 num
351 577 669 646 testimonio,
697 576 856 644 plane
895 577 1256 631 convincitur.
1315 576 1446 630 Nam
1486 579 1520 631 ii
1562 593 1758 646 magno

197 662 315 703 sane
345 661 614 700 consensu
660 645 802 700 hanc
849 646 1019 714 ipsam
1076 646 1510 700 lucubrationem
1561 645 1756 700 librum

197 717 485 786 appellant,
519 724 572 771 et
605 715 747 770 inter
792 714 926 770 alios
951 715 1243 771 Clementis
1278 717 1446 771 nostri
1478 716 1645 772 libros
1674 731 1759 770 re-

196 795 431 843 censent.

166 849 168 851 b
261 857 452 912 Utrum
478 868 606 908 vero
635 852 681 908 is
712 852 846 908 liber
869 869 936 910 ex
967 854 1230 923 pluribus,
1266 863 1362 908 aut
1389 869 1492 908 una
1525 855 1756 922 quadam

195 925 428 994 humilia,
460 940 497 994 7a
531 923 810 978 Clemente
841 935 1028 978 nostro
1053 924 1118 979 ad
1151 924 1406 994 populum
1438 923 1760 979 Alexandri-

195 1011 313 1048 num
344 993 554 1063 habita,
585 1008 648 1047 ac
679 993 1020 1063 postmodum
1053 993 1162 1047 non
1186 996 1304 1048 sine
1329 993 1758 1063 amplificatione

197 1066 246 1118 iu
270 1065 388 1117 libri
423 1062 654 1116 formam
683 1062 932 1126 redacta,
970 1065 1302 1134 compositus
1331 1062 1430 1134 sit,
1459 1064 1621 1117 sicuti
1658 1065 1756 1119 de-

196 1135 345 1188 linire
371 1148 478 1187 non
515 1134 797 1196 audemus,
839 1134 912 1187 ita
944 1133 1322 1188 haud'temere
1345 1133 1530 1187 dicere
1570 1149 1759 1202 possu-

197 1221 312 1258 mus
347 1204 436 1256 vix
473 1202 636 1256 ullam
662 1201 714 1256 in
739 1217 804 1257 eo
834 1203 1064 1272 amplius
1094 1213 1308 1258 exstare
1333 1201 1608 1258 concionis
1636 1218 1758 1272 Spe-

194 1276 348 1337 ciem,
384 1287 561 1342 neque
592 1272 748 1335 alios,
781 1272 885 1326 nisi
922 1272 1058 1342 libri
1091 1274 1341 1328 omnibus
1372 1273 1488 1342 suis
1516 1275 1757 1329 numeris

193 1344 381 1411 eXpleti
424 1341 795 1397 characteres.
834 1341 1061 1408 Quidam
1096 1353 1272 1396 tamen
1305 1341 1357 1396 in
1399 1341 1492 1396 illo
1524 1343 1757 1397 nonnul-

195 1414 266 1468 las
295 1412 576 1467 concionis
626 1421 782 1464 notas
816 1412 1271 1465 animadvertisse
1325 1411 1427 1466 sibi
1459 1411 1558 1465 visi
1608 1423 1753 1473 sunt.

191 1483 380 1552 quibus
411 1482 456 1537 si
512 1479 826 1552 sulfraginm
857 1491 1100 1552 nostrum
1153 1481 1434 1552 ferendum
1461 1495 1584 1536 esse
1612 1494 1757 1539 recte

191 1551 524 1622 probaveris,
558 1551 887 1622 haudplane
917 1551 1311 1622 refragabimur
1331 1551 1397 1604 ".
1745 1575 1750 1579 ·

252 1625 366 1688 Qua
403 1631 587 1676 autem
625 1620 836 1674 ratione
884 1621 950 1675 ad
984 1635 1106 1674 eum
1140 1620 1486 1675 scribendum
1517 1631 1751 1676 mentem

189 1705 336 1746 suam
372 1701 568 1746 auctor
590 1690 878 1756 appulerit,
913 1690 1056 1743 hunc
1090 1689 1143 1742 in
1176 1690 1391 1744 modum
1416 1692 1652 1744 declarat
1674 1695 1750 1746 “z

193 1761 372 1815 «Nihil
405 1762 488 1815 sic
529 1757 704 1828 juvat,
737 1773 801 1813 ac
835 1760 946 1829 ipsa
981 1774 1171 1829 rursus
1196 1760 1388 1829 audire
1417 1761 1599 1824 verba,
1634 1776 1752 1828 quae

188 1831 236 1884 in
265 1827 573 1900 Evangeliis
596 1827 866 1898 exposita,
899 1843 998 1884 nec
1019 1827 1167 1900 justo
1194 1828 1328 1900 satis
1359 1831 1632 1900 examine,
1653 1827 1750 1885 iat-
1785 1845 1829 1899 Β

186 1915 285 1968 que
309 1898 500 1954 errare
529 1900 872 1954 auditoribus
898 1915 1007 1969 prie
1048 1898 1275 1952 infantia
1309 1899 1504 1969 mentis
1532 1909 1750 1969 accepta

187 1971 448 2024 hactenus
477 1985 572 2025 vos
601 1968 1013 2023 conturbarunt.
1034 1985 1052 2019 ι
1097 1970 1167 2022 At
1195 1969 1282 2022 his
1313 1968 1401 2023 ille
1429 1971 1608 2024 verbis
1635 1968 1751 2038 pla-

185 2055 307 2092 num
340 2040 597 2094 omnibus
623 2038 754 2092 facit
778 2041 1039 2106 quosdam
1063 2053 1162 2092 suo
1185 2040 1462 2093 exstitisse
1491 2048 1750 2108 tempore,

185 2125 316 2178 quos
339 2111 542 2163 Christi
567 2111 632 2161 ad
659 2109 879 2162 divitem
905 2111 1064 2162 verba
1089 2110 1570 2163 conturbaverant.
1613 2110 1748 2163 Nam

183 2194 243 2232 ea
289 2195 421 2234 vero
455 2188 715 2247 rectoque
764 2192 927 2232 sensu
975 2193 1080 2232 non
1129 2178 1482 2246 accipientes,
1536 2192 1751 2233 omnem

184 2263 404 2314 prorsus
437 2250 503 2301 de
531 2249 756 2302 divitum
789 2248 963 2301 salute
993 2261 1143 2315 spem
1165 2247 1470 2318 perdidisse
1499 2247 1754 2318 videban-

187 2327 288 2374 tur.
327 2319 406 2372 Διί
439 2333 560 2372 eam
589 2320 770 2386 itaque
795 2317 1234 2382 commotionem,
1261 2317 1749 2384 perturbationem-

181 2402 282 2455 que
317 2389 637 2454 sedandam,
687 2403 751 2441 ac
785 2387 998 2449 falsam,
1034 2401 1136 2455 qua
1175 2387 1384 2456 imbuti
1415 2395 1589 2448 erant,
1635 2388 1753 2456 Opi-

186 2461 398 2511 nionem
434 2473 503 2511 ex
549 2473 735 2512 eorum
767 2456 965 2510 animis
1012 2457 1226 2524 penitus
1273 2455 1630 2521 evellendam,
1674 2455 1748 2512 ad

185 2527 321 2596 hanc
353 2527 790 2581 lucubrationem
826 2526 1171 2580 scribendam
1202 2526 1445 2580 animum
1491 2541 1552 2581 se
1579 2542 1751 2596 appu-

184 2595 312 2666 lisse
341 2597 483 2650 haud
512 2598 748 2651 obscure
778 2595 1067 2666 signiﬁcat.

246 2665 422 2736 Dictu
457 2665 623 2733 igitur
666 2663 1127 2736 longe'dilftcilius
1158 2673 1240 2736 est
1287 2677 1449 2736 quem
1498 2663 1750 2736 Clemens

181 2736 362 2790 varias
411 2735 558 2790 inter
589 2751 717 2791 suas
762 2733 1159 2790 lucubrationes
1209 2734 1333 2789 huic
1381 2733 1522 2790 libro
1568 2735 1745 2789 locum

182 2806 406 2874 dederit.
451 2804 506 2858 lu
538 2805 862 2874 quibusdam
894 2805 1159 2874 siquidem
1206 2803 1482 2874 codicibus
1518 2810 1744 2860 octavu’s

180 2873 506 2944 Stramgtum
557 2873 677 2944 ejus
739 2876 893 2940 liber,
932 2883 1068 2928 teste
1110 2873 1303 2928 PhOtio
1327 2873 1395 2939 ’³,
1451 2874 1745 2944 inscriptus

180 2943 301 2999 fuit.
344 2943 451 2999 Sed
502 2943 694 2999 falsum
726 2947 947 2999 omnino
989 2959 1111 2998 esse
1161 2945 1303 2998 hunc
1351 2944 1566 2996 titulum
1619 2943 1744 2998 inde

177 3015 411 3083 primum
437 3016 843 3070 evidentissime
867 3016 1290 3076 demonstratur,
1317 3014 1459 3081 quod
1489 3015 1576 3067 hic
1603 3015 1744 3068 liber

177 3085 242 3137 ab
274 3085 394 3152 ipso
424 3085 756 3139 Stromatnm
789 3085 1024 3146 nomine,
1059 3093 1114 3137 et
1155 3083 1222 3138 ab
1257 3084 1395 3151 ipsa,
1435 3098 1540 3151 qua
1583 3083 1740 3139 Stro-

121 3199 134 3204 _.
175 3165 377 3235 rnatum
408 3155 528 3234 libri
559 3154 750 3235 scripti
781 3163 929 3218 sunt,
958 3153 1168 3207 ratione
1199 3154 1424 3235 penitus
1451 3157 1737 3234 discrepet.
1769 3177 1810 3235 α

176 3222 304 3276 Ηάτο
337 3225 536 3293 quippe
566 3222 898 3278 Stromatum
945 3226 1354 3284 commentaria,
1391 3223 1476 3293 uti
1501 3240 1567 3278 ex
1598 3225 1742 3293 ipso-

175 3302 288 3346 met
332 3291 613 3347 Clemente
658 3295 908 3362 superius
969 3293 1347 3346 adnotavimus
1387 3291 1468 3357 ⁸³⁸,
1514 3313 1539 3362 ί(
1592 3291 1744 3348 varia

173 3369 324 3424 sunt,
377 3373 432 3417 et
478 3374 537 3417 ut
566 3361 746 3430 ipsum
779 3377 971 3416 nomen
1025 3363 1244 3424 indicat,
1297 3362 1443 3416 varie
1469 3361 1743 3428 contexta,

173 3431 242 3502 ab
269 3431 382 3485 alio
409 3433 474 3486 ad
507 3433 654 3488 aliud
701 3433 986 3486 continens
1025 3433 1390 3495 trauseuntia,
1419 3443 1474 3486 et
1505 3449 1600 3502 per
1627 3449 1747 3487 ver-

172 3500 370 3573 borum
400 3504 618 3573 quidem
652 3505 870 3561 seriem.
895 3572 900 3573 ί
921 3516 986 3554 ac
1018 3513 1353 3573 contextum,
1403 3500 1545 3556 aliud
1581 3503 1744 3573 signi-

175 3571 419 3634 ﬁcantia,
450 3572 594 3626 aliud
624 3588 753 3626 vero
796 3572 1110 3626 indicantia.
1139 3589 1158 3622 ›
1231 3573 1508 3637 Quocirca
1561 3571 1749 3628 rursus

168 3641 304 3694 alibi
340 3643 410 3712 de
442 3643 548 3697 illis
588 3644 663 3696 ita
697 3643 975 3711 loquitur:
1006 3661 1024 3694 ι
1051 3642 1122 3697 lis
1155 3657 1297 3711 qum,
1333 3651 1492 3712 prout
1531 3648 1749 3700 occasio

169 3725 294 3784 sese
322 3711 546 3775 obtulit,
574 3712 706 3784 mihi
732 3719 993 3766 venerunt
1012 3713 1064 3765 in
1102 3711 1358 3777 mentem,
1390 3722 1441 3766 et
1461 3729 1634 3784 neque
1662 3731 1749 3768 or-

169 3781 322 3844 dine,
357 3796 535 3852 neque
576 3783 814 3836 dictione
844 3792 971 3836 sunt
992 3793 1312 3852 expurgata,
1359 3784 1453 3838 sed
1479 3781 1563 3838 de
1595 3787 1749 3838 indu-

168 3853 308 3923 stria
339 3851 587 3923 dispersa
615 3862 761 3915 sunt,
788 3851 1084 3920 permistim
1109 3853 1264 3907 nobis
1291 3855 1460 3906 instar
1487 3857 1626 3923 prati
1658 3870 1749 3908 va-

169 3921 312 3973 riata
337 3920 771 3976 est’Stromatunt
797 3923 1109 3990 descriptio.
1131 3939 1148 3970 ι

241 3991 457 4047 Deinde
483 4006 613 4046 vero
641 3993 839 4045 ibidem
870 3993 1208 4046 ostendimus
1236 4005 1404 4046 sacrae
1436 4003 1633 4048 nostra:
1662 3995 1752 4050 do-

167 4063 815 4132 ctrintenostrorumqne
843 4063 1199 4132 sacratiorum
1235 4063 1616 4132 mysteriorum
1654 4080 1749 4118 ex-

171 4131 551 4196 planationem
583 4131 666 4184 his
705 4132 761 4184 in
807 4131 967 4186 libris
993 4145 1115 4202 cum
1149 4131 1490 4186 ethnicorum
1522 4135 1748 4202 placito-

169 4217 291 4273 rum
322 4214 391 4273 et
429 4203 743 4273 dogmatum
790 4201 1129 4270 expositione
1163 4203 1362 4270 passim
1396 4201 1596 4273 ubique
1630 4221 1749 4272 per-

166 4271 420 4344 misceri,
447 4286 511 4325 ac
535 4271 874 4344 Clementem
897 4280 953 4324 et
979 4285 1008 4324 a
1056 4273 1341 4344 proposito
1364 4271 1521 4339 swpei
1555 4271 1750 4344 saepius

165 4343 408 4410 digredi,
435 4351 489 4394 et
531 4341 970 4408 frequentissime
1016 4345 1086 4394 ab
1131 4341 1237 4396 uno
1279 4343 1346 4396 ad
1391 4344 1537 4398 aliud
1581 4341 1746 4411 argu-

163 4421 420 4465 mentum
446 4413 699 4475 transire,
715 4421 877 4480 atque
895 4430 924 4465 a
950 4413 1246 4480 posteriore
1266 4412 1331 4466 ad
1354 4412 1504 4480 prius
1527 4415 1745 4469 reverti.

237 4481 411 4548 Atqui
464 4484 783 4552 econtrario
826 4481 880 4534 in
925 4482 1049 4544 hoc,
1087 4497 1202 4552 quo
1231 4483 1296 4536 de
1348 4481 1577 4552 agimus,
1609 4486 1746 4540 libro

161 4567 376 4620 magna
423 4562 507 4605 est
557 4551 819 4604 orationis
869 4551 1136 4606 connexio
1162 4561 1218 4605 et
1260 4551 1610 4618 cohaerentia,
1653 4557 1740 4608 vix

163 4622 278 4675 ulla
306 4639 336 4673 a
375 4623 674 4692 proposito,
703 4620 988 4690 digressio,
1021 4623 1276 4691 nullaque
1303 4638 1522 4692 prorsus
1562 4627 1744 4692 profa-

163 4694 222 4745 ni
247 4700 429 4764 atque
467 4691 676 4764 etbnici
723 4693 990 4764 dogmatis
1022 4691 1313 4764 admistio.’
1334 4691 1659 4764 Quisigitur
1690 4697 1740 4748 in

161 4761 420 4814 animum
443 4761 545 4816 sibi
573 4761 796 4814 inducat
820 4762 1150 4816 Clementem
1175 4761 1622 4828 Alexandrinum,
1655 4781 1743 4819 nea

161 4831 319 4885 tuine
344 4831 495 4898 prius
527 4831 830 4896 admonito,
864 4847 983 4885 eam
1019 4832 1442 4886 lucubrationem
1477 4848 1573 4900 pro
1599 4847 1743 4888 octa-

159 4915 259 4965 vo,
295 4915 460 4968 quem
483 4901 829 4974 promiserat,
858 4899 1178 4956 Stromatum
1205 4903 1340 4974 libro
1361 4899 1594 4968 dedisse,
1624 4919 1743 4974 quae

162 4986 192 5024 a
222 4982 440 5038 septem
466 4972 588 5024 aliis
644 4987 752 5024 non
787 4973 960 5025 minus
991 4987 1153 5041 quam
1183 4973 1376 5027 malum
1411 4987 1441 5025 a
1477 4983 1622 5029 terra
1645 4972 1744 5028 'di-

161 5052 306 5106 stat,
339 5041 612 5109 planeque
639 5041 903 5095 dissidet?

235 5112 424 5166 Nescii
453 5112 668 5179 quidem
702 5126 818 5181 non_
837 5127 1024 5166 sumus
1048 5113 1162 5167 haec
1197 5112 1474 5181 ipsiusmet
1499 5111 1746 5167 Clemen-

163 5182 238 5238 tis
270 5197 400 5236 esse
445 5183 498 5234 in
533 5181 745 5249 septimi
780 5179 1103 5235 Stromatum
1140 5179 1263 5237 libri
1318 5187 1422 5236 line
1470 5184 1632 5238 verba
1658 5185 1741 5238 ":

166 5256 396 5320 «Atque
443 5253 582 5304 adeo
617 5260 737 5319 post
765 5252 932 5321 hunc
965 5256 1255 5321 septimuut
1298 5253 1493 5306 librum
1547 5255 1612 5306 de
1655 5254 1742 5318 iis,

157 5337 290 5391 qua:
337 5331 672 5392 sequuntur,
725 5320 868 5392 aliud
921 5320 1201 5376 sumamus
1258 5325 1565 5378 exordium.
1596 5342 1615 5374 ι
1674 5326 1746 5378 At

154 5389 320 5448 certe
371 5389 723 5461 quantumvis
775 5389 972 5444 dixerit
1028 5393 1302 5447 diversmn
1350 5395 1419 5446 ab
1459 5394 1580 5447 aliis
1626 5392 1744 5447 fore

154 5462 349 5518 octavi
380 5460 468 5516 Sui
505 5460 834 5514 Stromatum
887 5461 1014 5514 libri
1060 5465 1370 5526 exordium,
1414 5466 1501 5517 cui
1561 5474 1741 5518 tamen

153 5532 432 5588 credibile
487 5534 581 5585 tiet
627 5530 980 5594 Clementem,
1028 5535 1243 5586 nemine
1277 5534 1424 5586 ullibi
1460 5534 1628 5602 prius,
1667 5536 1740 5586 uti

149 5604 610 5665 observavimus,
663 5616 894 5669 unquam
940 5602 1397 5666 contmonelacto,
1448 5619 1742 5675 argumen-

153 5688 282 5730 tum
317 5677 375 5728 in
409 5686 481 5726 eo
529 5681 724 5725 octavo
758 5677 895 5725 libro
945 5674 1385 5740 pertractavisse,
1415 5677 1484 5728 ab
1511 5674 1741 5728 aliorum

233 5770 279 5801 οι
302 5785 360 5841 p.
389 5766 502 5841 465
537 5772 595 5819 et
627 5763 750 5818 m.
773 5763 999 5841 __°_=§t_.

145 5841 206 5874 οι
232 5834 444 5899 “iam,
479 5837 519 5892 ι.
556 5850 640 5898 ιιι,
680 5852 730 5903 p.
759 5834 857 5888 451
888 5834 942 5890 et
966 5837 1093 5892 ῆι.

485 5932 769 5990 Pauor“
812 5930 928 5992 Gn.
967 5930 1080 5993 1X.

1095 5765 1143 5800 ³³
1169 5764 1271 5822 loc.
1299 5769 1394 5823 cit.
1465 5769 1512 5800 “
1552 5769 1771 5822 dissert.
1800 5783 1984 5835 super.
2033 5767 2087 5833 2,
2119 5783 2168 5822 c.
2222 5768 2277 5831 2,
2312 5777 2417 5820 art.
2469 5765 2524 5830 5,
2557 5780 2610 5833 p.
2662 5764 2787 5820 890.

1165 5838 1208 5871 ³⁷
1239 5837 1343 5908 §5.
1414 5839 1459 5873 ⁸⁸
1489 5839 1638 5895 Paul.
1667 5838 1734 5894 ad
1775 5837 1906 5894 lien.
1941 5854 2025 5907 Xl,
2071 5839 2175 5908 t5,
2229 5850 2282 5893 ct
2323 5839 2343 5892 l
2372 5838 2515 5892 l’ctr.
2548 5852 2585 5892 ti
2612 5875 2626 5902 ,
2664 5837 2746 5890 tl.

1863 575 2006 654 tione
2033 580 2255 654 omning
2279 575 2560 654 dilferens,
2587 596 2650 654 ac
2685 575 2900 649 penitus
2927 586 3188 642 dissimile
3204 575 3247 641 γ’
3267 589 3438 654 Quin-

1859 646 1970 724 imo
1996 662 2186 724 omnes
2219 646 2376 701 facile
2406 646 2728 724 concedent,
2754 668 2889 724 cum
2923 655 3024 709 sub
3056 646 3436 724 septimi‘libri

1859 715 2016 770 ﬁnem
2049 718 2303 797 Clemens
2330 716 2660 797 scrip_serit_:
2695 737 2716 768 ι
2738 715 3138 797 Aggrediamur
3170 729 3314 797 qttnd
3351 744 3442 783 sn-

1858 801 1980 857 rnus
2004 787 2246 856 polliciti,
2267 805 2286 838 ι
2321 802 2444 841 eum
2476 786 2526 838 in
2557 786 2934 857 subsequenti,
2984 794 3029 847 si
3067 786 3244 852 tamen
3283 798 3435 854 illutn

1858 855 2149 932 aliquando
2177 857 2562 932 composuerit,
2617 855 2757 912 libro
2790 860 2968 932 deliis
3009 865 3333 932 disputasse,
3366 869 3437 922 de

1857 926 2056 1003 quibus
2106 941 2166 980 se
2214 927 2610 1003 disputaturum
2666 943 2788 982 esse
2843 930 3042 1003 ibidem
3091 926 3436 1003 promise—rat.

1856 995 2119 1073 Attidem
2158 995 2314 1050 suam
2368 996 2440 1073 ibi
2473 995 2817 1073 obligat-erat
2872 1000 2990 1054 fore
3030 995 3105 1055 ιη’
3139 1007 3434 1073 aliquando

1856 1063 2296 1136 philosophorum
2347 1063 2717 1136 ethnicorum,
2769 1075 2932 1136 atque
2967 1063 3273 1127 nostrorum
3321 1077 3433 1128 haz-

1859 1134 2174 1198 reticorum,
2227 1149 2292 1189 ac
2339 1134 2660 1188 nominatim
2717 1134 2931 1192 Prodici
2968 1151 3027 1194 et
3088 1141 3434 1198 Marcionita-

1858 1217 1983 1276 rnm
2008 1204 2363 1276 impugnaret
2393 1219 2630 1267 errores,
2659 1216 2824 1276 atque
2855 1208 3020 1262 etiam
3063 1210 3128 1265 de
3160 1228 3298 1267 vera:
3331 1214 3432 1268 Ec-

1857 1271 2038 1351 clesia;
2064 1271 2208 1351 notis
2235 1284 2290 1330 et
2319 1271 2752 1351 characteribus,
2779 1277 3018 1351 aliisque
3033 1280 3098 1334 de
3123 1282 3284 1334 rebus
3308 1299 3435 1351 age-

1859 1351 1962 1407 ret,
1980 1344 2061 1418 ‘de
2091 1345 2286 1418 quibus
2319 1344 2452 1418 nihil
2481 1344 2660 1411 plane,
2698 1362 2762 1418 ac
2793 1361 2860 1397 ne
2889 1347 3172 1418 minimum
3208 1344 3430 1418 quidem

1857 1413 2145 1488 vestigium
2195 1415 2367 1488 ineo,
2416 1414 2483 1488 de
2532 1429 2639 1488 quo
2670 1416 2900 1485 agimus,
2951 1416 3092 1472 libro
3140 1413 3429 1488 reperitur.

1856 1480 2158 1555 Singularis
2193 1485 2375 1553 itaque
2418 1481 2504 1555 hic
2551 1480 2690 1538 liber
2706 1480 2834 1547 'est,
2870 1501 2900 1536 ει
2936 1497 3141 1555 septem
3187 1480 3429 1542 Simma-

1855 1561 1966 1604 tum
2002 1552 2154 1608 libris
2180 1551 2402 1608 omnino
2429 1551 2700 1620 diversus,
2727 1569 2827 1609 nec
2853 1551 3040 1608 eorum
3065 1567 3290 1612 octavus
3318 1560 3425 1612 ullo

1855 1636 2095 1690 unquam
2121 1622 2243 1690 jure
2265 1623 2369 1678 dici
2403 1622 2595 1690 potuit.

1925 1693 2042 1756 Quo
2075 1706 2256 1747 autem
2294 1704 2534 1760 tempore
2571 1707 2600 1745 a
2630 1691 2907 1748 Clemente
2943 1693 3337 1758 Alexandrino,
3374 1696 3423 1751 si

1854 1776 2044 1834 revera
2093 1765 2215 1832 ejus
2259 1770 2454 1834 auctor
2485 1761 2669 1824 fuerit,
2722 1764 2920 1830 publici
2953 1764 3131 1817 factus
3161 1766 3230 1818 sit
3259 1765 3422 1834 juris,

1856 1831 1999 1902 dictu
2036 1831 2140 1886 non
2171 1833 2389 1886 omnino
2412 1841 2720 1902 promptum
2743 1843 2795 1885 et
2817 1835 3124 1902 expeditum
3152 1831 3269 1890 est.’
3295 1834 3424 1888 Nul-

1856 1899 1962 1952 lam
1994 1904 2195 1955 etenim
2223 1903 2364 1955 illius
2393 1899 2579 1954 aetatis
2602 1902 2762 1953 aliam
2795 1903 2845 1956 in
2872 1899 2936 1956 eo
2963 1905 3420 1969 deprehettditttus

1855 1979 2058 2034 notam,
2103 1971 2207 2025 nisi
2252 1971 2351 2040 tibi
2385 1981 2576 2023 auctor
2623 1971 2689 2024 ad
2721 1986 2872 2025 sunm
2907 1989 2925 2023 ι
2953 1974 3338 2040 principiorum
3369 1985 3425 2028 et

1856 2041 2138 2113 theologia:
2165 2039 2328 2112 340
2349 2040 2764 2113 expositionem,
2783 2041 2892 2113 ei?)
2913 2039 3094 2113 ἀρχῶν
3121 2039 3216 2096 καὶ
3244 2042 3424 2097 θεολο-

1851 2109 1976 2177 γίας
2036 2109 2315 2182 ἐξήγήσῐνί,
2366 2125 2464 2182 nos
2494 2111 2680 2182 mittit.
2707 2128 2738 2182 ζ
2766 2109 2859 2164 Δι’
2885 2127 2929 2165 SI
2955 2109 3024 2165 eo
3055 2115 3270 2182 nomine
3311 2125 3422 2167 tra-

1853 2190 2034 2250 ctatus
2068 2177 2371 2250 itl'e,'quem
2420 2179 2668 2250 intertio
2700 2177 3025 2250 Stromqtum
3074 2180 3212 2235 libro
3255 2183 3423 2237 semel

1852 2257 1906 2302 et
1948 2249 2143 2303 iterum
2171 2248 2250 2304 De
2279 2249 2555 2316 principiis
2604 2248 2864 2302 adversus
2893 2249 3266 2306 Marcionistas
3294 2269 3426 2307 con-

1852 2318 2183 2392 scripturum
2211 2335 2268 2375 se
2296 2335 2417 2372 esse
2462 2319 2577 2384 ipse
2619 2318 3070 2392 spoponderat”,
3123 2321 3428 2392 intelligem-

1852 2387 1952 2442 dus
1983 2389 2074 2453 sit,
2127 2399 2278 2442 certe
2331 2403 2504 2456 neque
2549 2397 2674 2440 ante
2725 2387 2997 2456 perfectos
3044 2397 3099 2443 et
3147 2387 3426 2447 absolutos

1849 2467 2055 2524 septem
2109 2458 2441 2513 Stromatunt
2489 2457 2676 2519 libros,
2739 2473 2916 2526 neque
2975 2472 3100 2513 ante
3132 2472 3422 2524 octavum,

1852 2529 2012 2582 modo
2043 2537 2222 2582 tamen
2254 2543 2378 2582 eum
2407 2527 2777 2596 composuisse
2814 2529 3091 2596 probetur.
3120 2529 3246 2584 huic
3277 2545 3425 2586 com-

1850 2598 2174 2651 mentationi
2201 2613 2418 2651 manum
2441 2599 2732 2652 admovere
2758 2598 2957 2664 potuit.
2984 2596 3230 2654 Vidimus
3256 2602 3425 2654 enim-

1848 2679 1984 2720 vero
2011 2682 2201 2722 omnes
2238 2667 2568 2721 Stromatum
2602 2667 2770 2721 libros
2801 2670 2878 2720 sic
2907 2668 3007 2721 sibi
3042 2669 3275 2723 invicem
3301 2684 3424 2724 esse

1848 2735 2168 2809 conjunctos
2201 2752 2264 2789 ac
2293 2738 2656 2809 cohaerentes,
2694 2747 2753 2789 ut
2778 2737 2982 2790 nullum
3009 2737 3154 2792 aliud
3181 2755 3319 2809 Opus
3341 2741 3423 2796 eis

1847 2803 2013 2861 fuerit
2047 2806 2452 2876 interpositum.

2365 2896 2761 2954 ARTICULUS
2800 2897 2888 2953 ιιι.

1847 2991 2011 3046 Nova:
2042 2991 2181 3043 hunc
2213 2991 2267 3044 in
2295 2989 2487 3043 librum
2529 3001 2664 3044 noto:
2703 3001 2750 3045 et
2788 2991 3197 3054 observationes,
3233 2993 3324 3046 ubi
3355 2995 3422 3049 dc

1912 3063 2017 3115 alio
2041 3061 2195 3124 libro,
2221 3062 2308 3129 qui
2334 3071 2543 3114 octavus
2573 3060 2900 3115 Stromatum
2941 3062 3272 3118 inscribitur.

1915 3153 2160 3225 Diximus
2187 3151 2348 3225 hujus
2379 3150 2503 3205 libri
2535 3140 3159 3225 auctoi'eni__var_iorum,
3187 3169 3252 3209 ac
3284 3171 3426 3225 prag-

1846 3224 2034 3296 sertim
2071 3221 2320 3296 Origenis
2369 3237 2618 3296 errorum
2661 3237 2690 3274 a
2732 3223 3084 3296 quibusdam
3108 3237 3258 3276 reum
3284 3221 3422 3296 'agi,

1846 3291 2134 3372 palamque
2167 3290 2710 3372 insimulari._l_Jtrum
2737 3301 2919 3372 autem
2951 3291 3045 3371 ille
3066 3292 3191 3372 jure
3221 3295 3306 3348 vel
3341 3290 3424 3350 iit-

1842 3361 1985 3434 j_uria
2015 3374 2334 3434 accusetur,
2369 3363 2585 3434 a‘pobis
2615 3361 2806 3434 sedulo
2851 3362 3276 3417 examinandum
3316 3376 3419 3420 est.

1847 3430 2088 3502 Primum
2128 3432 2320 3502 itaque
2365 3430 2459 3486 ubi
2500 3431 2751 3502 hicipse
2778 3440 2972 3484 auctor
3016 3441 3204 3486 noster
3231 3436 3423 3490 scribit

1848 3501 2092 3571 divitem,
2128 3500 2527 3571 qui'rnandatis
2560 3500 2765 3556 Christi
2797 3516 3004 3555 morem
3035 3503 3288 3568 gesserit,
3321 3507 3423 3559 ho-

1849 3570 1935 3642 nis
1960 3570 2216 3640 operibus
2241 3571 2452 3642 cielesti
2482 3571 2706 3642 dignum
2739 3585 2862 3625 esse
2891 3571 3089 3639 patria,
3127 3583 3254 3626 tunc
3284 3590 3418 3628 con-

1849 3641 2088 3695 tinenter
2114 3643 2300 3711 adjicit
2325 3641 2370 3673 ⁰⁷
2398 3659 2412 3694 :
2447 3659 2465 3692 ι
2509 3641 2563 3695 In
2593 3657 2756 3710 quam
2785 3656 2986 3695 corona
3015 3642 3251 3696 donatus
3277 3683 3292 3708 ,
3321 3661 3423 3698 an.

1848 3711 2199 3781 gelorumque
2240 3713 2534 3780 praeconio,
2561 3713 2872 3766 revertitur.
2913 3729 2933 3762 ι
2971 3712 3038 3765 At
3086 3712 3199 3765 hinc
3238 3725 3420 3781 poste-

1849 3782 1996 3836 riora
2029 3785 2193 3836 verba
2227 3781 2280 3835 in
2311 3781 2672 3836 Ghislerianae
2719 3782 2977 3835 editionis
3025 3783 3274 3850 margine
3319 3785 3422 3841 hac

1849 3850 2002 3920 gravi
2036 3852 2325 3906 inuruntur
2355 3865 2586 3907 censura
2613 3869 2627 3905 :
2664 3870 2683 3903 ι
2708 3851 2958 3920 Origeuis
2989 3851 3231 3905 innuitur
3262 3852 3419 3906 dani-

1849 3931 1976 3991 nata
1998 3921 2182 3991 Opinio
2209 3923 2274 3975 de
2301 3923 2737 3988 przeexsistentia
2763 3923 3066 3973 animarum
3099 3921 3149 3973 in
3188 3923 3361 3991 ctelis.
3394 3943 3414 3975 ι

1849 3990 1958 4046 Sed
1985 3990 2258 4044 immerito
2292 3995 2457 4060 plane
2483 4001 2538 4045 et
2569 3991 2982 4061 perperam,_uti
3014 3999 3155 4044 scite
3183 3990 3418 4046 Coinbe-

1849 4062 2002 4115 fisius
2034 4059 2457 4125 animadvertit,
2496 4062 2550 4115 id
2570 4059 2813 4123 dicitur.
2857 4059 2992 4113 Nam
3037 4071 3160 4128 post
3201 4073 3421 4128 aposto—

1849 4130 1930 4186 los
1957 4131 2004 4162 ’⁸
2037 4131 2281 4200 plerique
2306 4146 2495 4185 omnes
2541 4129 2792 4184 Ecclesia
2843 4128 3037 4200 Patres
3085 4132 3285 4184 docent
3317 4148 3418 4187 nos

1850 4201 1904 4254 in
1939 4202 2043 4255 hac
2086 4199 2206 4255 vita
2231 4216 2354 4255 esse
2396 4203 2712 4270 peregrinos
2745 4210 2802 4254 et
2847 4199 3228 4270 hospites,_ac
3256 4203 3422 4256 caele-

1848 4280 1986 4325 stem
2011 4271 2288 4339 inquirere
2315 4266 2568 4340 pairiani,
2591 4271 2657 4324 ad
2688 4285 2875 4338 quam,
2900 4266 3104 4337 si’justi
3129 4266 3417 4334 fuerimus,

1850 4351 1971 4410 post
2005 4349 2236 4395 mortem
2269 4349 2625 4395 revertemur.
2653 4340 2734 4393 Ad
2767 4341 3206 4410 eamsiquidem
3241 4340 3418 4408 prima

1852 4408 2036 4466 nostra
2067 4412 2278 4481 origine
2295 4411 2386 4478 jus
2415 4411 2674 4464 habemus
2702 4426 2716 4462 :
2743 4411 2838 4464 sed
2864 4408 2993 4462 illud
3025 4410 3168 4462 sicut
3194 4423 3418 4478 peccato

1850 4497 1972 4536 cum
2009 4481 2285 4552 originali,
2316 4492 2428 4552 tum
2461 4481 2584 4534 aliis
2619 4481 2963 4552 gravioribus
2994 4489 3181 4547 postea
3225 4494 3422 4549 perpe-

1778 4539 1820 4594 D
1854 4553 2011 4606 tratis
2047 4539 2345 4605 amittimus
2368 4591 2384 4616 ,
2416 4551 2489 4604 ita
2524 4539 2843 4620 pmiiitentia
2877 4558 2932 4603 et
2965 4539 3203 4618 pietate,
3225 4539 3296 4604 ac
3325 4539 3422 4604 ἀι-

1851 4625 1975 4675 vina
2047 4623 2217 4690 gratia
2294 4618 2697 4689 recuperamus.
2775 4618 3301 4690 Quapropterhcuni
3364 4623 3417 4676 in

1849 4687 2144 4762 gratiafut
2181 4692 2353 4754 aiunt,
2387 4687 2766 4762 sanctiﬁcante
2807 4687 3039 4743 mortem
3078 4687 3317 4762 obimus,
3350 4697 3417 4745 ad

1850 4760 2129 4841 cretestem
2167 4763 2400 4831 patriam
2441 4762 2624 4816 redire
2657 4760 2800 4815 haud
2835 4774 3063 4829 prorsus
3102 4760 3285 4828 inepte
3331 4762 3416 4815 di-

1851 4847 2048 4886 Clllllll‘.

1922 4901 2037 4954 Non
2093 4901 2288 4972 potiori
2344 4901 2557 4954 ratione
2595 4898 2842 4972 eumdem
2880 4896 3130 4968 Origenis
3171 4910 3416 4956 errorem

1853 4985 2046 5038 sapere
2097 4981 2403 5041 arguuntur
2448 4973 2585 5041 ha:c_
2618 4971 2798 5024 adhuc
2847 4971 2914 5023 de
2961 4971 3128 5021 divite
3174 4971 3418 5026 auctoris

1855 5045 2024 5095 nostri
2061 5039 2224 5095 verba
2250 5042 2294 5072 ’³
2323 5058 2337 5094 :
2371 5057 2392 5092 ι
2427 5041 2470 5094 Α
2503 5039 2662 5109 culpa
2700 5041 3078 5109 remotius__est
3099 5075 3113 5098 ,
3141 5049 3190 5109 si
3229 5041 3416 5109 statim

1854 5127 1883 5163 a
1913 5114 2020 5166 Deo
2042 5112 2315 5182 praebente
2338 5103 2728 5182 θιιίιιψιηξάπὸ
2746 5110 2838 5162 τοῦ
2853 5107 2988 5182 Θεοῦ
3011 5108 3106 5179 τὴν
3124 5103 3302 5179 ψυχὴν
3328 5109 3416 5163 νέ-

1858 5180 2070 5251 μοντοέ,
2098 5184 2149 5236 iit
2177 5182 2396 5235 domum
2430 5180 2690 5251 ejusmodi
2718 5181 2994 5234 hominum
3028 5185 3302 5250 (divitum)
3326 5196 3419 5248 ge-

1854 5249 2064 5320 nusque
2098 5249 2712 5322 copiosum'statpxtcliq
2737 5288 2752 5313 ,
2803 5253 3052 5322 inductus
3091 5263 3174 5305 est
3203 5292 3218 5316 ,
3258 5267 3276 5298 ι
3312 5251 3414 5313 vel,

1855 5332 1912 5375 ut
1939 5324 2099 5376 vertit
2123 5321 2503 5392 CariOphylus,
2521 5321 2794 5374 immissus
2813 5331 2924 5392 est.
2955 5321 3089 5373 Cum
3112 5324 3187 5376 ibi
3211 5330 3414 5392 etenim

1853 5393 2034 5446 anima
2069 5390 2338 5446 dicatur'a
2372 5394 2482 5445 Deo
2511 5392 2761 5461 praeberi,
2808 5390 2912 5461 hoc
2961 5401 3111 5444 certe
3159 5391 3416 5460 loquendi

1854 5465 2014 5516 modo
2041 5471 2226 5530 aperte
2256 5459 2592 5532 signiﬁcatur
2617 5475 2789 5532 canta
2821 5459 2929 5532 Deo
2960 5462 3134 5515 creari
3161 5481 3176 5528 ;
3207 5459 3270 5532 ac
3296 5467 3416 5528 post

1853 5549 2005 5585 suam
2038 5530 2366 5586 creationem
2405 5533 2454 5584 itt
2488 5534 2705 5582 domum
2733 5530 2936 5600 divitiis
2966 5539 3019 5584 et
3041 5532 3234 5600 opibus
3261 5531 3410 5582 low-

1853 5606 2109 5670 pletatam
2156 5601 2339 5656 ittdttci
2362 5642 2376 5661 ,
2409 5613 2480 5664 et,
2536 5603 2580 5653 si
2612 5600 2743 5653 velis
2767 5640 2780 5664 ,
2833 5599 3085 5654 immitti.
3115 5604 3186 5654 At
3217 5602 3412 5654 frustra

1853 5687 2009 5737 sane,
2045 5688 2109 5726 ac
2141 5673 2296 5742 plane
2339 5684 2619 5739 perperam
2655 5671 2756 5722 hoc
2786 5671 2976 5723 ultimo
3005 5671 3170 5726 verbo
3205 5672 3410 5742 signiti-

2895 5767 2940 5839 ’ξ
2966 5766 3000 5839 l.
3018 5781 3130 5839 _vtt,
3189 5783 3241 5839 p.
3292 5764 3410 5820 767.

2823 5836 2867 5869 ’θ
2912 5835 2940 5906 §
2968 5835 3060 5891 ~26.

3025 5931 3104 5990 Mi
