3874 6598
464 419 594 476 “5|

1129 417 1196 474 IN
1235 415 1652 474 CLEMENTEM
1693 418 1896 476 ALEX.
1935 419 1997 474 D.
2040 417 2127 472 LE
2161 417 2445 476 NOURRY
2491 421 2938 482 DlSSERTATlO
2975 425 3064 482 ιιι.

3513 455 3518 458 '
3557 438 3670 495 “5’2

461 541 572 594 cari
606 539 788 612 volunt
818 538 1068 612 animam
1084 538 1235 607 prius
1274 540 1582 607 exstitisse,
1614 549 1776 610 atque
1799 541 1870 596 ob
1893 554 2019 611 pec-
2049 545 2094 603 Α
2125 539 2370 612 difﬁteri.
2399 541 2462 612 Et
2494 556 2644 606 vero,
2669 558 2772 597 non
2798 543 2958 598 aliam
2980 537 3128 602 certe
3147 547 3219 601 ob
3250 563 3475 606 causam
3500 546 3668 612 Cario.

463 621 585 664 cata
612 610 764 680 prius
790 609 1022 680 admissa
1057 609 1110 662 itt
1141 623 1335 677 corpus
1363 619 1614 678 tanquam
1648 609 1700 665 in
1737 609 2011 665 carcerem

465 678 699 733 detrudi.
730 678 868 732 Nihil
898 680 1094 748 quippe
1119 680 1185 731 ab
1217 681 1454 734 auctoris
1487 683 1657 736 nostri
1697 693 1874 734 meme
1904 696 2016 732 ma-

463 750 546 819 gis
591 751 824 820 alienum
867 749 992 820 ﬁngi
1055 758 1228 820 potest
1266 769 1281 816 ;
1333 752 1764 820 quandoquidem
1805 751 1893 805 ille
1940 750 2012 803 ibi

466 821 749 887 perspicue
765 819 1002 872 declarat
1027 819 1261 873 animam
1297 837 1361 874 eo
1393 823 1508 887 ipso
1538 819 1792 889 tetnporis
1816 830 2015 888 puncto

461 904 491 942 a
521 889 628 943 Deo
648 889 842 960 creari,
867 889 1043 958 quoin
1073 904 1266 960 corpus
1285 891 1591 944 immittitur
1615 901 1666 943 et
1696 889 2011 944 infunditur.

535 960 733 1012 Eodem
776 959 934 1026 plane
989 959 1259 1014 sensn’ab
1299 961 1486 1013 eodem
1545 970 1766 1014 auctore
1823 971 2014 1015 nostro

461 1039 643 1098 postea
663 1029 864 1082 dictum
886 1029 1144 1098 legimus1
1173 1048 1188 1084 :
1225 1049 1242 1078 ι
1277 1028 1387 1082 lloc
1419 1045 1602 1084 semen
1631 1031 1862 1092 (scilicet
1885 1046 2016 1099 pan-

461 1101 671 1168 pernm)
700 1139 712 1151 .
743 1137 756 1152 .
784 1138 798 1153 .
824 1136 838 1150 .
869 1139 883 1153 .
923 1100 1066 1152 velut
1097 1099 1150 1153 in
1185 1100 1434 1153 exsilium
1458 1101 1746 1168 quoddam,
1773 1117 1837 1155 ac
1858 1117 2014 1168 pere-

459 1171 822 1239 grinationi-tn
875 1183 1066 1237 magno
1127 1171 1292 1236 patris
1345 1171 1690 1238 propensiore
1749 1172 2010 1237 consilio,

459 1253 808 1308 congrnaque
847 1241 924 1292 eis
965 1239 1203 1301 ratione,
1247 1255 1311 1292 ac
1364 1250 1509 1293 sorte
1549 1239 1652 1292 ltuc
1694 1242 1946 1294 mittitur.
1991 1259 2008 1292 ι

460 1310 750 1382 Enimvero
802 1325 922 1362 cum
964 1309 1036 1382 ibi
1076 1309 1302 1382 dixerit,
1347 1309 1534 1382 ὤσπερ
1585 1309 1838 1382 ὲπιντινα
1881 1313 2015 1377 ξενι-

457 1379 630 1444 τείαν,
660 1397 678 1430 t
702 1391 954 1447 tanquam
983 1379 1599 1450 inperegrinalionet’nq
1623 1390 1678 1435 et
1700 1381 2011 1450 hospitium.

460 1451 606 1504 haud
652 1451 885 1503 obscure
939 1448 1211 1518 colligitur
1266 1449 1413 1502 illum
1458 1451 1524 1502 ad
1574 1449 1714 1504 Petri
1761 1448 1814 1505 et
1863 1453 2012 1507 Panli

456 1521 622 1574 verba
645 1562 659 1583 ,
696 1535 724 1571 a
761 1518 914 1572 nobis
943 1519 1101 1590 paulo
1131 1527 1254 1590 ante
1285 1519 1449 1574 citata
1470 1559 1486 1582 ,
1519 1519 1786 1587 allusisse,
1819 1525 2014 1590 quibus

457 1606 558 1644 nos
587 1591 640 1642 in
673 1591 772 1643 hoc
819 1589 1016 1642 ntnndo
1051 1588 1290 1660 hospites
1336 1599 1393 1642 et
1436 1591 1751 1660 peregrinos
1789 1588 1909 1648 esse
1940 1594 2012 1647 illi

455 1661 895 1732 pronuntiarunt.
928 1660 1013 1732 At
1038 1659 1082 1711 si
1123 1658 1175 1711 in
1209 1658 1688 1732 eoreverarsit‘nns
1721 1664 2012 1732 peregrini,

453 1741 617 1799 atque
653 1727 1077 1800 etiantrexsules
1104 1767 1120 1792 ,
1164 1729 1292 1797 quid
1337 1730 1588 1800 prohibet
1634 1727 1922 1800 (ιυὸιιιίιιὶιε
1961 1736 2012 1787 itt

453 1797 601 1853 illum
633 1799 766 1852 mitti
797 1797 1084 1852 dicamur?

2123 611 2314 684 pltylus
2329 621 2381 665 et
2397 611 2698 684 Gltislerius
2716 613 2798 667 his
2817 615 3048 684 aliisque
3062 620 3303 673 auctoris
3324 623 3490 675 n0stri
3513 624 3561 676 in
3581 611 3672 680 ver-

2121 680 2220 756 bis
2243 681 2505 736 absurdas
2533 682 2784 756 Origenis
2830 680 3110 756 opiniones
3149 688 3552 756 deprehendere
3590 697 3670 753 sibi

2121 751 2220 820 visi
2243 761 2392 814 sunt,
2410 768 2568 820 quam
2587 751 2711 820 quia
2740 754 2791 805 in
2812 751 3049 808 animum
3068 757 3170 810 sibi
3201 751 3341 812 falso
3373 751 3673 820 induxerant

2122 817 2406 894 Origenem
2429 817 2556 894 esse
2587 817 2748 889 hujus
2776 823 2893 876 libri
2924 835 3200 894 parentem
3241 839 3295 882 et
3329 841 3614 890 auctorem.

2192 891 2428 962 Alterius
2454 892 2772 962 Origeniani
2815 891 3019 949 erroris
3067 906 3263 950 auctor
3313 912 3500 954 noster
3529 916 3669 957 accu-

2122 969 2293 1042 satur.
2329 961 2415 1014 ubi
2440 965 2518 1042 de
2542 961 2762 1042 angelis
2797 963 2910 1018 hac
2945 966 3137 1019 scribit
3162 967 3183 999 ³
3214 985 3227 1020 :
3263 985 3282 1019 ι
3327 968 3428 1024 Hic
3455 979 3564 1033 est,
3593 974 3668 1042 qui

2122 1030 2363 1102 angelos,
2397 1041 2451 1102 et
2474 1032 2829 1099 principatus.
2862 1045 2916 1088 et
2949 1045 3269 1102 potestates,
3304 1050 3360 1091 ttt
3399 1030 3560 1094 nobis
3580 1030 3670 1095 nii.

2122 1099 2348 1177 nis’terio
2374 1099 2724 1177 fungantur,
2759 1103 2859 1157 sub
2907 1099 3096 1173 magna
3117 1099 3404 1177 “mercede
3435 1110 3665 1177 subjecit.

2123 1167 2258 1222 Nam
2292 1181 2345 1223 et
2374 1171 2471 1237 ipsi
2493 1167 2878 1226 liberabuntur
2904 1190 2931 1227 a
2965 1167 3150 1229 mundi
3181 1177 3430 1233 vanitate
3455 1179 3505 1232 in
3529 1167 3668 1235 rever

2122 1237 2322 1312 latione
2347 1239 2505 1312 341
2546 1241 2732 1310 gloria:
2768 1241 2999 1296 ﬁliorum
3039 1245 3154 1298 Dei.
3193 1265 3214 1297 ι
3267 1246 3368 1301 Ubi
3410 1249 3498 1303 ille
3524 1250 3670 1304 dubio

2121 1310 2304 1431 procul
2338 1322 2402 1363 ad
2426 1310 2513 1362 ’ea
2562 1313 2802 1380 Apostoli
2851 1314 2916 1366 ad
2967 1312 3242 1368 Romanos
3284 1319 3570 1372 scribentis
3604 1321 3670 1372 al-

2145 1380 2257 1431 ttdit
2285 1380 2528 1431 verba‘:
2574 1398 2592 1429 ι
2637 1380 2771 1431 Ottia
2820 1391 2875 1431 et
2905 1385 3019 1431 ipsa
3065 1395 3320 1431 creatura
3374 1388 3667 1431 liberabitur

2145 1380 2257 1432 ndit
2285 1380 2528 1434 verba‘:
2574 1398 2592 1429 ι
2637 1380 2772 1446 Quia
2820 1391 2875 1436 et
2905 1385 3019 1452 ipsa
3065 1395 3320 1439 creatura
3374 1388 3667 1442 liberabitur

2124 1464 2152 1501 a
2183 1452 2442 1570 senStute
2471 1453 2835 1522 corruptionis
2874 1454 2926 1508 in
2978 1455 3281 1509 libertatem
3319 1457 3505 1526 gloria:
3548 1461 3664 1515 tilio-

2124 1534 2241 1570 rnm
2322 1535 2394 1570 et.
2441 1538 2459 1570 ι

2124 1534 2241 1572 rum
2281 1534 2394 1573 υΘΙ.
2441 1538 2459 1571 1

2199 1587 2458 1661 Fatentur
2485 1597 2662 1661 tamen
2699 1589 2935 1661 theologi
2967 1607 3090 1646 eum
3129 1595 3359 1660 erroris,
3402 1596 3470 1651 ab
3505 1597 3660 1653 Eccle-

2121 1659 2199 1712 sia
2245 1659 2555 1725 sanctisque
2603 1660 2858 1730 Patribus
2889 1659 3287 1730 “condemnati,
3337 1680 3522 1719 revera
3565 1685 3658 1723 esse

2124 1743 2295 1792 reum,
2324 1730 2414 1796 qui
2439 1729 2912 1800 dixeritangelos,
2939 1747 3050 1786 sua:
3087 1729 3284 1787 salutis
3319 1736 3653 1792 bactenusin-

2122 1809 2322 1872 certos,
2357 1807 2597 1872 nostram
2624 1798 2762 1872 ideo
2797 1811 3114 1869 exspectare
3159 1805 3572 1872 liberationem,
3611 1819 3658 1862 ut

525 1873 591 1923 At
623 1868 782 1938 hujus
805 1910 820 1931 ,
852 1868 1135 1934 inquiunt,
1165 1868 1475 1938 Origeniani
1517 1871 1721 1925 erroris
1746 1886 2010 1926 venenum
2047 1903 2089 1957 Β
2121 1879 2174 1921 et
2220 1869 2319 1936 ipsi
2350 1883 2457 1991 ipro
2495 1869 2685 1923 oﬂiciis
2728 1869 2781 1922 in
2830 1868 2929 1925 uos
2971 1873 3106 1926 bene
3143 1885 3238 1926 aut
3275 1874 3417 1928 male
3454 1868 3659 1940 εοῖιέιιίε.

525 1941 625 1991 lam
661 1954 723 1991 ac
753 1937 1039 1991 manifeste
1067 1940 1150 1991 his
1173 1941 1493 1991 nroninatnr
1530 1943 1708 1991 verbis
1731 1944 1786 1991 ἐ
1825 1944 2016 1991 Σνῆιια
2118 1947 2319 1990 aeterna
2373 1938 2646 1991 eltcitate.
2678 1951 2772 1991 aut
2802 1942 3131 1991 cruciatibus
3175 1945 3523 1991 sempiternis
3560 1947 3659 1991 ιιῐῆ-

451 1941 625 2015 palam
639 1937 723 2015 _:tc
753 1937 1039 2015 manifeste
1067 1937 1493 2015 ltis_propitta_tnr
1530 1943 1708 2015 verbis
1731 1944 1786 1995 ἐ
1824 1944 2016 2015 Σχῆμα

447 2007 592 2085 ὲᾳῦτ’
638 2007 780 2061 ἐστιν
809 2007 1022 2085 ἔξωθεν
1049 2011 1192 2085 ,ὑμῖν
1232 2009 1710 2085 ιπεριὸεᾷλημένον
1729 2051 1743 2074 ,
1921 2007 2017 2080 ἐἰς

446 2081 649 2150 κόσμον
679 2078 911 2148 παρόδου
958 2078 1284 2150 πρόσφασις·
1314 2078 1401 2150 ἶνα
1435 2078 1611 2144 εἰς’λτὸ
1641 2083 1818 2136 κοινὸν
1842 2078 2014 2139 ’τοῦτό

447 2149 829 2220 παιδευτήριον
880 2149 1138 2203 εἰσελθεῖν
1185 2149 1521 2220 δυνηθῶμεν.
1576 2169 1594 2202 ι
1652 2153 1878 2210 Habitus
1928 2158 2016 2211 hic

448 2220 606 2274 nobis
635 2223 873 2274 exterius
904 2221 1178 2275 adhibitus
1207 2230 1327 2284 est,
1360 2221 1529 2275 nostri
1578 2222 1630 2275 in
1664 2221 1805 2278 hunc
1852 2243 2007 2280 mun-

444 2291 571 2343 dntn
630 2291 1159 2359 ingressusoccasio
1201 2306 1216 2354 ;
1276 2301 1335 2343 ut
1380 2290 1432 2342 in
1477 2306 1823 2346 comnmnem
1873 2296 2013 2351 hanc

448 2358 707 2414 scholam"
743 2358 951 2428 ingredi
1003 2361 1293 2426 possimus.
1337 2377 1357 2410 ι
1413 2359 1608 2415 Verum
1653 2360 2014 2421 Comheﬁsius

445 2429 689 2484 declarat
714 2445 772 2483 se
800 2445 905 2482 non
921 2430 1104 2484 videre
1133 2445 1232 2484 cur
1257 2429 1324 2482 ibi
1350 2437 1539 2484 auctdr
1569 2441 1753 2484 noster
1785 2433 1867 2487 his
1899 2445 2008 2489 tam

444 2502 636 2566 paucis
664 2499 862 2561 verbis,
903 2513 1001 2553 nec
1042 2499 1113 2552 ita
1146 2514 1277 2554 sane
1301 2499 1467 2553 claris
1493 2509 1542 2551 et
1579 2502 1782 2568 apertis
1822 2505 1872 2556 in
1907 2504 2006 2558 htt-

436 2569 593 2635 juscc
660 2568 972 2641 Origeniani
1030 2569 1096 2624 tle
1149 2569 1452 2641 animarum
1508 2572 2007 2641 lra'nsmigratione,

441 2655 537 2693 seu
571 2640 747 2707 potius
777 2654 963 2691 earum
994 2679 1009 2700 ,
1061 2641 1137 2694 uti
1187 2639 1484 2707 loquuntur
1509 2679 1525 2703 ,
1575 2639 2006 2708 prices—sistentia

441 2710 645 2761 erroris
695 2709 972 2776 scopulum
1041 2712 1332 2778 itnpegisse
1381 2710 1659 2763 credatur.
1723 2713 1814 2766 Ait
1861 2717 2004 2768 enim

441 2779 802 2832 Conibcﬁsins
858 2779 926 2831 ibi
979 2780 1047 2834 ab
1079 2791 1301 2832 auctore
1349 2790 1536 2832 nostro
1588 2789 1794 2834 tantum
1835 2785 2006 2840 asseri

443 2850 684 2920 animam
719 2850 772 2902 in
801 2863 1018 2916 corpus,
1044 2849 1208 2920 veluti
1240 2849 1291 2901 itt
1323 2849 1561 2903 scholam
1590 2859 1642 2904 et
1674 2851 2002 2920 palaestram,

441 2918 532 2992 ubi
555 2933 686 2992 sese
716 2919 1227 2992 exerceat,__ven_ire,
1255 2934 1559 2987 corpusque
1587 2918 1824 2984 adeam,
1849 2918 2002 2992 quasi

439 2988 656 3060 habitus
679 3029 696 3054 ,
723 2991 865 3058 quod
900 2990 951 3042 itt
982 2989 1070 3060 illa
1107 2989 1344 3042 divinum
1389 3001 1474 3043 est
1502 3028 1518 3060 ,
1555 2988 1880 3060 obtegentis'
1903 2996 2005 3048 ba—

437 3056 567 3113 bere
602 3056 890 3113 rationem.
923 3059 1001 3112 Ad
1053 3060 1103 3112 id
1147 3070 1329 3112 autem
1384 3059 1516 3112 nihil
1565 3056 1789 3114 necesse
1829 3074 1913 3118 est
1948 3075 2003 3119 ttt

434 3131 616 3180 anima
651 3131 797 3188 prius
822 3131 1096 3183 exstiterit
1123 3146 1137 3183 :
1180 3128 1272 3182 sed
1298 3129 1496 3182 suﬁicit
1524 3143 1643 3184 eam
1675 3147 1703 3182 a
1735 3130 1846 3186 Deo
1879 3151 2001 3188 cum

437 3198 724 3267 originalis
754 3200 969 3294 peccati|
1006 3200 1358 3294 'contrabcndi
1408 3200 1587 3253 debito
1633 3207 1764 3294 tune
1800 3205 1999 3294 crleari,
2031 3237 2072 3294 α

437 3281 555 3294 nn...
576 3270 624 3294 ζ-.
644 3285 835 3294 ’.Α-..ηε
862 3284 919 3294 Λι-
991 3291 998 3294 .
1025 3271 1128 3294 ...με
1153 3271 1330 3294 -...Ιζ...ι
1347 3280 1656 3294 ..μηη-..ιηηιι
1683 3272 1730 3294 ζ..
1763 3288 1829 3294 η..
1877 3276 1979 3294 !.___

433 3281 556 3339 cum
576 3270 625 3322 in
641 3285 839 3338 corpus
859 3284 922 3322 ex
937 3269 1129 3322 Adatni
1153 3271 1331 3322 radice
1345 3280 1658 3339 generatum
1683 3269 2001 3331 infunditur.

508 3338 634 3412 Sed»
663 3341 776 3392 hwc
823 3338 1519 3412 Combeﬁsiirexplanatio,
1563 3355 1669 3412 qua
1726 3347 2001 3412 proposita

433 3406 728 3463 dillicultas
761 3410 895 3464 solvi
935 3423 1040 3463 nan
1072 3406 1304 3472 videtur,
1330 3409 1449 3463 aliis
1477 3406 1700 3465 omnino
1726 3406 1841 3466 non
1862 3417 1999 3469 arri-

432 3479 524 3552 sit.
557 3475 664 3552 1_\‘ec
693 3479 850 3547 plane
875 3481 1093 3549 quidem
1134 3479 1427 3552 immerito.
1466 3479 1681 3536 Nemini
1733 3483 1999 3552 siquidem

432 3547 526 3618 ille
561 3548 715 3602 facile
747 3547 982 3618 unquam
1029 3548 1374 3618 persuadebit
1419 3559 1698 3604 anetorem
1747 3547 1996 3609 nostrum

431 3616 509 3688 ibi
556 3620 734 3686 potius
773 3616 852 3672 de‘
887 3616 1116 3688 peccato
1154 3619 1448 3688 originali,
1491 3635 1653 3687 quam
1706 3623 1772 3674 de
1822 3625 2000 3680 anima

431 3685 612 3759 longo,
646 3699 771 3742 ante
807 3685 1006 3759 corpus
1038 3685 1278 3758 tempore
1305 3685 1522 3754 creata,
1545 3691 1710 3744 fuisse
1737 3691 1996 3748 locutum.

431 3755 602 3832 _Nobis
653 3755 1094 3832 itaquetacilius
1138 3755 1456 3827 probabitur
1507 3761 1661 3832 illum
1713 3777 1886 3832 neque
1932 3767 1999 3820 ad

429 3828 559 3902 hoc,
595 3829 863 3902 neqnead
900 3829 1030 3902 illud
1059 3838 1358 3902 Spectasse,
1383 3843 1459 3902 ac
1487 3830 1554 3902 de
1587 3830 1654 3884 iis
1683 3845 1748 3886 ne
1781 3828 1997 3902 quidem

423 3898 1055 3973 cogitasse._llii_etettitn
1090 3899 1179 3952 ille
1213 3899 1499 3973 perspicue
1527 3901 1686 3973 docet
1709 3898 1996 3973 pauperes,

422 3969 498 4022 ob
533 3969 783 4036 corporis
815 3970 1209 4023 deformitatem
1243 3979 1334 4021 aut
1365 3969 1761 4035 intirtnitatetit,
1796 3969 1832 4029 a'
1859 3969 1998 4030 divi;

427 4038 575 4092 tibus
618 4055 722 4091 non
774 4055 894 4093 esse
956 4040 1382 4093 contemnendos
1425 4049 1516 4094 aut
1548 4046 1994 4108 pessuntdandos.

427 4108 677 4162 liomints
722 4111 922 4178 quippe
973 4124 1172 4178 corpus
1225 4118 1309 4164 cst
1356 4120 1563 4164 tantum
1614 4112 1868 4178 habitus,
1913 4117 1996 4170 vel

423 4179 626 4248 forma,
659 4180 773 4232 sive
802 4185 974 4248 ttgnra
1003 4182 1334 4239 extrinseca,
1363 4182 1458 4234 sed
1489 4183 1634 4237 intus
1667 4185 1718 4236 in
1742 4184 1832 4238 illo
1857 4187 1996 4241 Dens

402 4247 610 4314 J’atcr,
636 4260 688 4302 et
721 4247 914 4315 Filius,
947 4251 1037 4319 qui
1070 4267 1166 4319 pro
1198 4251 1354 4304 nobis
1394 4265 1644 4306 mortuus
1684 4267 1798 4319 est,
1834 4257 1992 4311 inha-

423 4319 621 4373 bitant.
653 4319 840 4374 Graeca
890 4333 1071 4375 autem
1103 4323 1267 4376 verba
1295 4365 1311 4389 ,
1345 4323 1595 4392 superius
1641 4323 1848 4392 objecta
1869 4364 1884 4389 ,
1911 4329 1992 4380 sic

422 4392 719 4466 La_tt_ttc_ad
761 4393 994 4466 litteram
1046 4395 1192 4448 reddi
1239 4405 1463 4466 possunt
1506 4415 1521 4452 :
1572 4415 1590 4448 ι
1623 4393 1823 4466 Figura
1875 4399 1992 4452 haec

422 4460 581 4541 nobis
609 4461 703 4528 (ibi
735 4464 879 4541 enim
915 4467 1080 4537 ἡμῖν,
1110 4475 1164 4521 et
1208 4460 1314 4522 non
1349 4466 1479 4537 ὑμῖν
1506 4508 1537 4541 ,_
1565 4460 1850 4541 legendum
1881 4467 1989 4541 est)

421 4533 765 4586 extrinsecus
814 4533 1149 4591 circiimdata
1195 4546 1318 4602 est,
1368 4533 1538 4591 nostri
1601 4533 1653 4590 iit
1726 4533 1986 4591 mundum

425 4602 691 4657 transitus
722 4619 886 4657 causa
920 4621 935 4671 ;
971 4617 1028 4659 ut
1079 4607 1129 4660 in
1158 4621 1446 4661 commune
1488 4607 1592 4662 hoc
1619 4607 1880 4661 doctrina:
1909 4609 1990 4662 di-

421 4673 726 4745 versorium
763 4675 970 4742 ingredi
1016 4677 1307 4744 possimus,
1354 4695 1374 4729 ι
1430 4678 1481 4730 id
1515 4687 1599 4731 est
1636 4691 1837 4745 corpus
1893 4695 1990 4732 no-

421 4754 594 4795 strutn
629 4743 920 4796 formatum
950 4743 1346 4815 et’figuratum,
1378 4761 1540 4801 causa
1565 4755 1650 4799 est
1676 4743 1777 4800 cur
1807 4749 1986 4801 anima

421 4823 628 4887 nostra,
659 4829 687 4865 a
716 4815 1057 4887 Deoicreata,
1105 4818 1158 4868 in
1187 4818 1318 4870 illud
1351 4816 1692 4887 infundatur,
1723 4827 1884 4887 atque
1913 4819 1982 4871 ita

421 4882 476 4936 itt
511 4883 657 4937 hunc
685 4886 968 4948 mundum,
1000 4886 1143 4954 quod
1191 4902 1480 4940 commune
1505 4886 1769 4940 doctrina:
1796 4882 1985 4943 diver-

419 4955 624 5028 sorium
661 4964 767 5016 est,
808 4955 1010 5028 ingredi
1039 4956 1329 5024 possimus.
1373 4956 1451 5010 Ex
1486 4957 1687 5028 quibus
1720 4957 1991 5028 colligitur

419 5026 671 5099 eumdem
699 5039 818 5078 esse
847 5026 1040 5079 borum
1069 5028 1308 5080 auctoris
1327 5026 1499 5080 nostri
1519 5027 1806 5099 verborum
1825 5026 1990 5099 atque

419 5095 758 5162 superiorum
797 5109 1055 5159 sensum,
1100 5099 1454 5164 eamdemque
1502 5096 1661 5164 plane
1705 5095 1989 5152 veram'et

417 5165 778 5238 orthodoxam
817 5165 1304 5238 _signiticationem.
1331 5168 1556 5238 inﬁcias
1606 5177 1786 5238 tamen
1831 5168 1990 5238 plane

419 5248 527 5287 non
573 5235 771 5289 ibimus
815 5235 866 5288 itt
901 5236 986 5289 his
1018 5238 1228 5290 verbis:
1265 5253 1284 5286 ς
1313 5237 1511 5292 Anima
1550 5238 1744 5292 transit
1773 5235 1988 5292 in'cor-

417 5318 537 5370 pus,
567 5321 584 5355 ι
618 5304 702 5358 vel
732 5306 1093 5378 ¢__anitnaltoc
1128 5308 1356 5361 transitu
1385 5307 1439 5362 itt
1466 5309 1724 5362 mundum
1753 5308 1989 5378 ingredi-

420 5384 532 5447 tur,
571 5391 602 5447 ε
627 5384 681 5429 et
708 5375 831 5428 aliis
864 5375 1134 5431 similibus
1168 5377 1218 5431 si
1242 5379 1310 5432 ab
1342 5379 1558 5432 homine
1582 5416 1599 5442 ,
1633 5375 1985 5447 Urigetiiana,

420 5445 505 5496 vel
535 5444 641 5498 alia
676 5458 842 5512 prava
871 5447 1252 5502 haereticorum
1294 5450 1360 5502 de
1403 5449 1580 5502 anima
1606 5487 1623 5512 ,
1659 5444 1786 5501 ante
1829 5463 1988 5502 suum

419 5515 714 5586 exsistente
757 5529 996 5586 corpus,
1047 5519 1305 5586 opinione
1350 5518 1556 5572 itnbuto
1587 5516 1987 5586 proferrentur,

419 5584 808 5656 possealiquid
835 5586 1033 5640 habere
1054 5584 1301 5642 insidiosi
1331 5599 1386 5642 et
1417 5584 1683 5656 suspecti:
1716 5590 1810 5640 sed
1841 5599 1990 5642 recto

419 5653 801 5722 catholicoque
855 5671 1017 5710 sensu
1064 5660 1132 5711 ab
1171 5659 1294 5712 aliis
1335 5653 1658 5712 orlbodoxis
1697 5658 1831 5710 viris
1873 5659 1988 5711 haec

418 5721 524 5774 dici
556 5721 753 5791 posse,
796 5739 954 5779 nemo
983 5729 1057 5781 uti
1094 5737 1377 5795 putamus,
1408 5727 1530 5794 jure
1562 5725 1757 5780 merito
1787 5728 1990 5795 poterit

2118 1947 2319 2010 aeterna
2350 1938 2646 2010 felicitate,
2678 1951 2772 1994 aut
2802 1942 3131 1996 cruciatibus
3175 1945 3523 2010 sempiternis
3560 1938 3661 2000 aflié

2118 2009 2354 2060 ciantur.
2393 2007 2621 2074 Quidam
2650 2024 2781 2063 vero
2827 2011 2970 2064 hunc
3011 2026 3256 2066 errorem
3292 2007 3346 2066 in
3395 2015 3542 2070 libris
3573 2014 3659 2070 Pe-

2118 2078 2362 2154 [ἱανεροη
2398 2079 2749 2154 simpliciter,
2793 2080 2917 2145 alii,
2956 2080 3047 2135 lib.
3082 2097 3110 2154 t7
3140 2083 3299 2154 hujus
3328 2087 3525 2153 operis,
3557 2102 3659 2154 cap.

2117 2145 2332 2217 777et8,
2381 2150 2448 2201 ab
2491 2150 2728 2217 Origene
2767 2160 3034 2204 assertum
3090 2145 3260 2206 fuisse
3305 2145 3660 2208 observarunt.

2117 2216 2314 2270 Verum
2349 2218 2478 2288 illud
2512 2216 2666 2284 longe
2695 2220 2896 2272 clarius
2919 2222 2988 2272 ab
3029 2235 3096 2275 eo
3127 2223 3368 2276 traditur
3401 2224 3531 2278 libro
3556 2242 3658 2288 vm,

2123 2301 2246 2362 cap.
2267 2287 2602 2362 _'l_,_in_l’auli
2631 2289 2696 2341 ad
2719 2289 3002 2362 itomanos
3033 2291 3369 2362 Epistolam,
3397 2304 3550 2362 atque
3579 2287 3660 2348 bo¥

2115 2359 2231 2432 tnil.
2261 2357 2401 2432 13in
2426 2356 2647 2432 Lucam,
2677 2358 2767 2411 ubi
2784 2360 2920 2432 hch
2941 2356 3232 2432 leguntur:
3265 2380 3284 2413 ι
3314 2361 3382 2417 Et
3401 2356 3504 2432 quo
3527 2368 3662 2419 modo

2117 2427 2280 2504 homo
2305 2427 2348 2482 si
2379 2429 2725 2504 commissam
2749 2430 2850 2504 sibi
2874 2427 3341 2504 dispensationem
3371 2427 3503 2487 bene
3522 2445 3659 2504 gerit,

2111 2495 2360 2571 laudatur
2387 2498 2695 2571 abomino,
2729 2501 2772 2551 si
2803 2495 2974 2566 male,
2991 2499 3148 2571 culpa
3179 2511 3238 2554 et
3262 2504 3398 2555 vitio
3422 2495 3654 2571 subj'acet,

2111 2566 2191 2643 sic
2214 2576 2268 2643 et
2290 2568 2543 2643 angelus._
2561 2569 2838 2643 Scriptum
2860 2579 2945 2643 est
2962 2566 3107 2623 enim
3122 2573 3176 2626 in
3190 2566 3660 2643 Apocalypsi'loan-

2111 2638 2196 2690 nis
2223 2637 2279 2690 '2
2317 2636 2422 2690 Sed
2453 2637 2610 2690 habes
2641 2639 2713 2688 ibi
2739 2642 2950 2692 nomina
2982 2654 3153 2706 pauca
3182 2679 3195 2691 .
3303 2680 3317 2692 .
3336 2636 3656 2696 et'a'cutsan-r

2108 2714 2199 2758 tur
2221 2708 2419 2776 angeli,
2445 2707 2637 2776 'qntbns
2663 2709 2881 2761 creditae
2912 2719 3035 2762 sunt
3069 2708 3352 2764 Et-cleszae.
3385 2715 3543 2766 Porro
3569 2714 3659 2764 fre-

2107 2787 2336 2847 quenter
2369 2780 2583 2840 evenit,
2637 2787 2697 2830 ut
2743 2777 2901 2832 nobis
2943 2778 3362 2847 laborantibus,
3407 2783 3483 2837 illi
3524 2796 3655 2836 suum

2107 2847 2351 2901 officium
2383 2863 2488 2900 non
2528 2847 2802 2915 expleant,
2831 2857 2888 2900 et
2928 2847 2980 2901 itt
3007 2848 3185 2915 culpis
3213 2851 3347 2905 sint.
3384 2869 3402 2903 ι
3439 2849 3544 2906 Nec
3568 2851 3655 2903 nti-

2110 2931 2210 2970 nus
2239 2917 2385 2970 clare
2407 2919 2528 2991 loco
2552 2933 2579 2969 a
2612 2917 2769 2991 nobis
2804 2919 2956 2986 prius
2989 2918 3210 2991 laudato
3246 2939 3260 2973 :
3302 2936 3323 2971 ι
3356 2922 3489 2991 Spes
3527 2935 3656 2991 nam-

2108 3001 2214 3056 que
2247 2988 2438 3059 estab
2490 2986 2557 3040 iis
2599 2989 2760 3059 rebus
2806 2989 3101 3059 corporeis,
3126 2999 3180 3041 et
3235 2986 3658 3059 curru-ptibihbus

2108 3057 2402 3126 aliquando
2448 3057 2794 3130 cessandum.
2831 3056 3162 3130 llancenitn
3207 3059 3376 3114 habet
3410 3056 3656 3130 exspecta-

2110 3137 2307 3180 tionem
2331 3137 2578 3180 creatura
2604 3127 2706 3179 ista
2731 3143 2750 3176 ι
2779 3127 3148 3181 rationabilis:
3179 3147 3200 3180 ι
3229 3141 3288 3182 ut
3319 3127 3657 3185 revelatioliat

2108 3198 2340 3252 ﬁliorum
2381 3197 2494 3260 Dei,
2524 3207 2745 3267 propter
2784 3212 2922 3265 quos
2957 3199 3132 3266 angi-li
3179 3201 3476 3253 mittuntur
3502 3198 3655 3254 inuti-

2108 3268 2414 3330 niswrium,
2446 3277 2503 3321 ut
2535 3277 2590 3321 et
2620 3268 2722 3335 ipsi
2754 3281 2874 3320 cum
2907 3270 3011 3330 bis,
3041 3269 3242 3334 quibus
3275 3270 3652 3324 tninistrarunt.

2106 3338 2477 3391 baareditatent
2502 3338 2718 3406 capiant
2745 3338 2937 3391 salutis
2962 3354 2976 3402 ;
3007 3350 3066 3390 ut
3099 3341 3463 3406 terrestrium,
3484 3351 3534 3394 et
3559 3351 3654 3391 cte-

2105 3409 2320 3462 lesttum
2357 3411 2450 3460 liat
2483 3422 2624 3460 unus
2653 3422 2807 3474 grex,
2839 3417 2891 3474 et
2923 3422 3060 3459 unus
3099 3421 3312 3474 pastor,
3359 3421 3413 3463 et
3441 3411 3507 3464 sit
3534 3409 3654 3463 Deus

2102 3478 2283 3533 omnia
2333 3478 2384 3531 iu
2426 3473 2708 3549 omnibus.
2759 3473 3203 3549 nullithuicm
3264 3481 3514 3549 Urigenis
3562 3490 3653 3549 non

2104 3557 2213 3602 tam
2254 3549 2321 3601 dc
2360 3547 2633 3602 salvandis
2658 3585 2673 3609 ,
2729 3548 2804 3600 uti
2867 3547 3088 3615 quidam
3153 3549 3310 3601 aittnt
3337 3546 3654 3614 [daemoni-

2101 3618 2246 3685 bus,
2286 3634 2446 3687 quam
2489 3619 2552 3670 de
2604 3618 2764 3670 dubia
2808 3617 2985 3670 adhuc
3053 3625 3112 3670 et
3171 3618 3386 3673 incerta
3460 3618 3652 3687 angelo.

2103 3704 2261 3753 rum,
2330 3689 2581 3741 humana:
2647 3688 2902 3741 custodite
2982 3690 3445 3755 pra-positorum,
3504 3687 3650 3742 salute

2100 3759 2338 3828 opinioni
2373 3769 2617 3811 nostrum
2642 3769 2924 3828 auctorum
2949 3754 3238 3828 sntfragai'i
3264 3754 3649 3814 arbitratisunt.

2178 3829 2285 3882 Sed
2311 3827 2670 3882 Combetis‘ins
2702 3825 2979 3880 existimat
3005 3825 3171 3880 ettztta
3204 3829 3354 3884 illius
3381 3831 3537 3884 verba
3562 3828 3650 3878 hoc

2099 3899 2403 3967 benigniori
2439 3909 2492 3951 et
2519 3897 2823 3951 orthodoxo
2858 3912 3019 3968 sensu
3049 3913 3213 3966 posse
3247 3899 3537 3968 explicari:
3565 3911 3650 3968 an-

2099 3966 2268 4041 gelos,
2299 3969 2389 4038 qui
2415 3979 2620 4041 teterna
2643 3979 2696 4021 et
2726 3966 3066 4041 immutabili,
3095 3971 3235 4041 sive,
3264 3966 3652 4022 utaiuntscboo

2100 4038 2314 4103 iastici,
2366 4038 2644 4093 essentialt
2699 4039 2978 4108 potiuntur
3027 4038 3406 4102 beatitudine,
3459 4042 3653 4108 propter

2098 4127 2214 4176 nos,
2243 4119 2399 4182 prout
2426 4110 2563 4182 bene
2592 4117 2684 4159 aut
2711 4107 2851 4182 male
2878 4107 3112 4182 agimus,
3142 4107 3651 4182 metaphoricoquo:

2097 4184 2220 4253 dant
2241 4177 2526 4253 ntododici
2551 4187 2646 4230 aut
2668 4179 2900 4253 gaudere
2926 4186 2980 4229 et
3003 4177 3201 4253 laetari,
3237 4177 3649 4253 autcontristari

2094 4262 2148 4305 et
2181 4251 2331 4305 ﬂere.
2367 4247 2530 4302 Nobis
2563 4262 2690 4300 vero
2727 4249 2794 4299 de
2823 4248 2926 4298 hac
2958 4261 2988 4299 a
3032 4249 3383 4303 scholasricis
3416 4247 3652 4315 theologi-

2094 4323 2174 4375 cis
2196 4321 2500 4390 excogitata
2525 4316 2947 4390 beatitudinisin
2976 4318 3380 4390 accidentalem
3407 4329 3460 4372 et
3485 4330 3652 4371 essen-

2094 4393 2276 4446 tialent
2313 4388 2665 4443 distinctione
2704 4403 2769 4440 eo
2816 4389 2994 4440 minus
3021 4388 3302 4457 cogitasse
3335 4389 3540 4442 videtur
3562 4400 3647 4457 att-

2092 4473 2211 4516 ctor
2244 4471 2426 4514 noster
2449 4499 2464 4522 ,
2517 4474 2625 4527 quo
2661 4457 2845 4527 magis
2874 4471 2942 4509 ex
2969 4526 2974 4527 γ
3000 4455 3120 4523 ejus
3153 4459 3338 4512 verbis
3366 4457 3494 4512 nihil
3523 4455 3650 4509 unde

2093 4546 2155 4586 ea
2187 4532 2462 4586 distinctio
2493 4525 2672 4596 colligi
2705 4525 2894 4593 possit.
2928 4526 3086 4594 plane
3109 4527 3494 4581 discernimus.

2170 4605 2360 4657 Posset
2400 4604 2579 4667 itaque
2628 4594 2812 4666 potior
2852 4596 2995 4649 illius
3032 4601 3340 4652 excusandi
3389 4598 3520 4651 ratio
3553 4594 3645 4664 peti

2096 4689 2160 4728 ex
2191 4673 2489 4740 Augustino
2512 4708 2527 4731 ,
2559 4683 2648 4736 qni
2687 4676 2752 4719 de
2793 4668 3236 4740 hacqntnstione
3276 4679 3332 4740 et.
3374 4675 3441 4722 de
3468 4667 3649 4740 ‘citatis

2093 4737 2336 4812 Apostoli
2367 4741 2547 4792 verbis
2581 4744 2723 4791 nunc
2751 4737 2942 4812 scribit
2969 4739 3020 4790 in
3051 4739 3274 4812 modum
3303 4738 3324 4768 ‘
3359 4756 3376 4794 :
3403 4755 3434 4812 rt
3467 4737 3648 4812 Deinde

2094 4806 2427 4867 liberandam
2474 4820 2778 4862 creaturam
2820 4806 2958 4860 dixit
3000 4821 3031 4860 a
3082 4810 3354 4863 servitute
3401 4809 3644 4865 interitus,

2092 4901 2204 4954 quo
2233 4881 2352 4935 illos
2375 4880 2666 4946 cecidisse,
2693 4877 2784 4945 qui
2816 4876 2868 4930 in
2894 4875 3049 4954 curiis
3066 4887 3248 4954 _a__gunt
3273 4882 3439 4954 vitam
3471 4876 3646 4932 beatis-

2096 4947 2310 5015 simam,
2346 4964 2452 5002 non
2477 4962 2762 5018 possumus
2791 4951 3034 5000 credere.
3065 4947 3274 5001 Tamen
3308 4949 3442 5003 nihil
3468 4958 3643 5000 temere

2095 5023 2524 5078 conﬁrmandum
2560 5027 2667 5082 est,
2708 5020 2803 5070 sed
2859 5017 2946 5085 pia
2985 5018 3269 5086 diligentia
3302 5023 3464 5074 etiam
3503 5026 3642 5081 atque

2093 5096 2256 5150 etiam
2291 5090 2455 5144 verba
2506 5089 2685 5140 divina
2738 5091 3020 5142 tractanda
3067 5097 3236 5152 sunt;
3284 5105 3354 5143 ne
3384 5093 3515 5142 torte
3537 5098 3640 5152 qua:

2095 5161 2469 5233 congemiscit,
2501 5168 2555 5233 et
2588 5157 2853 5233 dolet_.__et
2880 5160 3108 5233 vanitati
3133 5159 3383 5233 subjecta
3413 5170 3512 5222 est,
3537 5169 3642 5233 pus-

2094 5238 2167 5288 sit
2200 5225 2393 5302 aliquo
2436 5229 2595 5302 modo
2631 5227 2854 5302 intelligi
2883 5266 2899 5291 ,
2949 5239 3008 5282 ut
3040 5230 3134 5302 _de_
3167 5225 3403 5283 suminis
3439 5225 3635 5302 angelis.

2094 5297 2333 5374 qnattdin
2362 5299 2687 5374 _in_tirmi_tat_i
2722 5310 2921 5374 nostra:
2941 5297 3330 5374 opitulantur,
3357 5313 3461 5352 non
3497 5297 3638 5374 napis

2094 5367 2268 5445 possit
2291 5369 2752 5445 existimari_._'5ed
2774 5369 2907 5445 sive
2939 5370 3027 5421 illa
3048 5407 3064 5432 ,
3089 5383 3268 5445 quam
3299 5367 3532 5445 exsecuti
3557 5379 3635 5416 su-

2099 5437 2254 5507 inus,
2279 5443 2392 5496 sive
2423 5439 2528 5491 alia
2558 5437 2738 5508 aliqua
2773 5439 2928 5507 hujus
2979 5438 3204 5508 capituli
3242 5441 3505 5509 expositio
3526 5449 3630 5505 pro-

2096 5516 2303 5570 feratur
2327 5552 2342 5574 ,
2371 5511 2421 5563 id
2471 5518 2681 5561 tantum
2724 5514 3018 5562 curandum
3064 5519 3189 5572 est,
3230 5525 3298 5563 ne
3335 5513 3489 5562 violet
3513 5545 3527 5570 ,
3554 5511 3630 5554 ειυι

2097 5586 2343 5637 vulneret
2373 5578 2697 5652 catholicam
2733 5579 3072 5652 lidem.Scio
3100 5584 3247 5633 enim
3286 5592 3454 5652 vanos
3482 5581 3618 5652 haere-

2095 5658 2234 5708 ticos
2279 5655 2345 5704 de
2394 5649 2496 5702 hoc
2538 5659 2779 5714 eatpttuto
2829 5651 2994 5702 multa
3045 5650 3213 5718 impia
3255 5661 3312 5704 et
3359 5650 3527 5717 inepta
3561 5649 3633 5710 ja-

2094 5736 2295 5780 ctasse.
2333 5739 2351 5771 ι
2384 5719 2548 5773 Docet
2594 5729 2777 5786 Itaque
2820 5721 3156 5789 Augustinus
3191 5733 3364 5774 vanos
3399 5718 3628 5788 quosdam

494 5813 516 5891 ξ
550 5812 708 5891 §5ti_.-_
759 5817 780 5846 ¹
805 5816 834 5888 §
857 5819 946 5873 53.
1022 5820 1042 5849 ³
1067 5819 1098 5888 §
1125 5820 1217 5875 29.
1293 5819 1503 5891 ‘ORom.
1541 5833 1657 5883 vnt,
1691 5819 1779 5872 Ἃ.
1850 5821 1870 5851 ⁸
1902 5822 2072 5889 Apoc.
2105 5834 2184 5887 tn,
2218 5825 2270 5877 4.
2330 5812 2352 5843 ⁸
2390 5822 2518 5868 tom.
2548 5810 2631 5878 Vl,
2675 5813 2747 5871 De
2769 5815 2968 5870 divers.
2997 5822 3190 5884 quaest.
3225 5813 3318 5882 83,
3349 5802 3624 5881 quanam.

418 5881 446 5952 ς
483 5881 538 5950 7,
653 5885 738 5939 5!.
