3874 6548
375 415 504 469 (-5.59

1042 419 1108 474 IN
1149 419 1566 475 CLEMENTEM
1608 417 1808 474 ALEX.
1852 416 1913 470 Ι).
1950 413 2038 468 LE
2065 412 2350 469 NOUl‘tliY
2394 411 2846 470 DlSSERTATlO
2885 409 2974 466 Ill.

3480 404 3608 460 “()0

1663 608 2044 698 CAPUT
2145 607 2330 693 Ill.

557 797 648 862 De
679 799 994 878 Opusculo
1029 801 1202 880 quod
1242 799 1304 880 in
1339 801 1554 880 Graece
1578 805 1653 880 et
1690 796 1910 856 Latine
1943 793 2261 880 editorum
2309 794 2654 856 Clementis
2703 794 3125 857 Alexandrini
3159 796 3451 871 Operutn

1241 879 1363 940 line
1392 877 1627 938 Graecis
1660 882 1901 937 tantum
1938 873 2208 953 typis(l)
2242 891 2549 936 excusum
2580 881 2694 935 est.

908 1203 1298 1262 ARTICULUS
1336 1203 1375 1257 l.

648 1316 891 1386 Aualysis
937 1317 1156 1384 hujusce
1182 1314 1357 1369 (ἐι-(ι’σὶ
1396 1315 1658 1384 opusculi.

439 1411 496 1467 lu
550 1407 981 1464 Graeco-Latinis
1029 1406 1324 1462 Clementis
1370 1407 1540 1459 nostri
1581 1407 1940 1463 Alexandrini

369 1483 622 1552 Operibtts
675 1488 793 1548 post
825 1489 985 1552 octo,
1013 1479 1078 1530 de
1107 1478 1303 1552 quibus
1334 1477 1594 1532 hactenus
1641 1479 1944 1552 disputavi-

372 1546 508 1613 mus,
563 1546 886 1603 Strematum
933 1548 1100 1601 libros
1141 1546 1414 1616 adjectum
1464 1556 1549 1600 est
1599 1548 1940 1614 opusculum,

371 1619 578 1678 Graecis
605 1619 866 1671 duntaxat
889 1619 1088 1672 editum
1119 1618 1284 1687 typis,
1315 1625 1370 1687 et
1403 1619 1455 1669 in
1481 1625 1616 1670 (tuas
1652 1628 1837 1687 partes
1858 1618 1943 1668 di-

376 1695 548 1745 visum
585 1688 650 1740 ³².
684 1687 862 1740 Prima
899 1696 1079 1741 autem
1112 1685 1214 1740 hoc
1249 1685 1405 1740 titulo
1435 1685 1792 1740 inScribitur:
1849 1687 1943 1740 Ἐκ

369 1759 462 1814 τοῦ
485 1757 760 1820 Θεοδότου,
788 1757 882 1827 καὶ
923 1757 1021 1826 τῆς
1057 1756 1401 1827 Ἀνατολικῆς
1430 1756 1770 1827 καλουμένης
1794 1755 1939 1827 διδαν-
1978 1759 1984 1768 ”

373 1828 619 1891 σκαλεας,
672 1826 812 1880 κατὰ
838 1828 964 1890 τοὺς
992 1826 1346 1897 Οὑαλεντίνοιξ
1390 1827 1613 1897 χρόνους
1662 1826 1939 1896 ὲτέιτομαί.

374 1915 398 1952 ε
456 1899 698 1966 Epitome
753 1897 1012 1966 doctrinae
1065 1906 1174 1949 tam
1226 1911 1255 1949 a
1307 1895 1607 1956 Theodoto,
1659 1895 1832 1966 quam
1887 1898 1940 1951 itt

371 1965 614 2027 Oriente,
643 1967 787 2020 circa
821 1965 1089 2020 Valentini
1115 1977 1355 2033 tempora
1393 1967 1623 2020 traditae.
1657 1987 1676 2018 ι

441 2039 494 2092 ln
519 2039 619 2092 hac
650 2052 776 2090 vero
810 2037 985 2106 prima
1021 2037 1180 2106 hujus
1202 2036 1441 2104 opusculi
1474 2045 1625 2104 parte
1654 2037 1798 2091 varia
1831 2036 1940 2090 Ve-

373 2109 503 2162 teris
533 2106 778 2176 Novique
824 2104 1156 2160 Testamenti
1187 2106 1306 2159 loca
1343 2106 1454 2159 ttllo
1492 2108 1697 2174 absque
1729 2108 1940 2170 ordine,

370 2179 586 2247 ullaque
634 2175 753 2230 sine
815 2177 1152 2247 coluerentia
1199 2186 1255 2230 et
1294 2177 1631 2247 connexione
1688 2193 1943 2230 accumu-

372 2245 573 2311 lautur,
623 2261 724 2300 nec
756 2247 936 2316 rectis
974 2246 1230 2316 sanisqtte
1270 2245 1586 2313 plerumque
1617 2246 1942 2316 interpreta-

371 2317 612 2372 tionibus
642 2315 1002 2384 explicantur.
1029 2315 1168 2380 Quid
1200 2317 1371 2379 enim,
1400 2316 1596 2369 amabo
1621 2328 1692 2377 te,
1733 2315 1772 2368 a’
1796 2327 1942 2369 recto

372 2402 610 2456 veroque
639 2399 812 2439 sacra:
843 2384 1138 2451 Scriptum
1179 2399 1340 2439 sensu
1385 2385 1559 2456 magis
1595 2386 1829 2439 alienum
1885 2397 1940 2439 et

371 2452 696 2524 abhorrens,
743 2469 905 2524 quam
949 2456 1096 2523 quod
1119 2457 1324 2524 [auctor
1353 2452 1576 2520 hujusce
1609 2464 1941 2508 commenta-

374 2527 537 2579 tionis
563 2527 632 2580 ab
655 2523 773 2592 ipso
795 2523 1126 2577 illiusinitio
1145 2524 1400 2577 tradidit?
1429 2524 1559 2578 Post
1589 2525 1745 2576 allata
1769 2524 1940 2592 siqui-

367 2596 491 2649 dem
530 2597 644 2649 haec
676 2593 1071 2666 Christi_verba
1101 2593 1182 2646 ³³ε
1219 2593 1430 2666 Πατὴρ,
1455 2593 1834 2666 ⁸ἰτεςιραπίοιεξλαλ
1866 2610 1950 2647 σοι

373 2667 450 2736 (.n
485 2681 642 2736 sacro
677 2671 856 2736 autem
895 2662 1055 2717 Lucae
1084 2673 1261 2736 textu,
1295 2662 1704 2736 πάραθήὲπὸμαι)
1734 2662 1814 2727 εἰς
1839 2667 1951 2734 χεῖ-

374 2731 472 2804 ρας
499 2735 559 2787 τὸ
588 2731 806 2804 πνεῦμά
856 2749 980 2804 μου·
1021 2750 1040 2784 ι
1081 2733 1265 2796 Pater,
1297 2735 1350 2788 in
1377 2731 1598 2786 'tnanns'
1631 2731 1752 2787 tuas
1793 2731 1948 2788 coin-

374 2808 568 2858 mendo
626 2805 878 2874 spiritum
927 2817 1152 2866 meum,
1219 2819 1238 2853 ι
1308 2805 1594 2858 confestim
1654 2806 1743 2858 ille
1800 2805 1951 2858 addit

373 2873 706 2929 Salvatorem
736 2873 881 2927 Patri
909 2889 1008 2928 suo
1038 2874 1446 2928 commendasse
1469 2875 1813 2942 sapientiam,
1837 2886 1948 2927 tum

374 2955 431 2997 ut
459 2960 587 3014 eam
627 2945 916 3014 acciperet,
973 2953 1083 2996 tum
1139 2943 1305 3014 etiam
1348 2958 1414 2997 ne
1457 2945 1515 3003 ii,
1555 2963 1581 2996 a
1637 2945 1835 3014 quibus
1885 2959 1947 3014 ea

371 3013 592 3083 spoliari
640 3013 934 3083 aliquando
969 3024 1198 3080 poterat,
1235 3013 1380 3066 illam
1423 3013 1734 3067 retinerent.
1796 3013 1947 3079 Quod

375 3085 588 3163 quidem
609 3084 1096 3163 ‘qu'amabsurdunt
1126 3084 1433 3163 falsumque
1456 3087 1544 3143 sit,
1574 3100 1734 3163 nemo
1754 3095 1838 3137 est
1858 3083 1948 3163 qui

375 3169 480 3207 non
535 3152 733 3207 videat.
792 3152 952 3206 Plura
1005 3153 1108 3205 alia
1150 3163 1345 3207 auctor
1379 3155 1469 3207 illc
1505 3173 1610 3207 non
1663 3154 1844 3208 minus
1873 3152 1952 3206 in-

371 3233 520 3292 epta,
556 3223 779 3278 ridicula
815 3231 870 3278 et
903 3223 1136 3277 absurda
1181 3225 1379 3290 passittt
1425 3227 1630 3292 spargit
1665 3234 1718 3276 ct
1779 3228 1951 3277 disse-

375 3295 563 3348 ntinat.
585 3295 794 3364 Aperte
816 3295 1082 3362 siquidem
1110 3295 1265 3364 docet
1298 3299 1542 3363 quaedam
1576 3311 1693 3347 esse
1725 3292 1950 3364 σώματα.

371 3363 532 3434 νοερά
554 3363 624 3427 ﬁ,
649 3363 885 3432 corpora
913 3363 1239 3433 spiritualia,
1281 3380 1345 3417 ac
1373 3369 1668 3424 daemones,
1707 3363 1948 3434 angelos,

372 3443 534 3502 atque
559 3436 771 3488 animas
800 3445 1008 3487 naturae
1036 3449 1156 3486 esse
1189 3449 1462 3503 corporea:
1487 3434 1553 3496 ³⁸,
1579 3435 1835 3503 ipsosmet
1855 3451 1951 3486 an-

373 3508 524 3626 gelos
554 3519 712 3558 sacro
753 3505 953 3558 tinctos
983 3503 1151 3556 fuisse
1183 3514 1238 3557 et
1277 3505 1490 3558 ablutos
1526 3506 1848 3572 baptismate
1880 3505 1945 3558 ⁸⁸.

399 3573 579 3626 ‘aetera
616 3588 743 3626 vero
759 3583 956 3626 errata.
979 3576 1210 3626 somnia.
1241 3584 1296 3626 ct
1327 3575 1711 3626 deliramenta.
1736 3575 1786 3626 in
1813 3575 1945 3626 hanc

399 3573 579 3626 iantera
616 3588 743 3628 vero
759 3583 956 3635 errata,
979 3576 1210 3635 somnia,
1241 3584 1296 3628 ct
1327 3575 1711 3635 deliramenta,
1736 3575 1786 3626 in
1813 3575 1952 3628 hanc

375 3645 732 3712 scriptionem
759 3644 959 3712 passim
992 3654 1270 3712 congesta,
1307 3644 1621 3712 singillatim
1644 3659 1951 3708 recensere,

375 3723 486 3764 tam
517 3713 988 3784 sttperlluttttrest,
1019 3714 1304 3784 quamilla
1321 3715 1500 3768 omnia
1535 3726 1949 3780 repraesentare,

374 3798 494 3849 quae
520 3782 710 3837 auctor
750 3784 816 3836 de
848 3782 1122 3846 Basilidis,
1160 3783 1498 3846 aliorumque
1545 3785 1951 3846 haereticorum,

373 3867 437 3905 ac
463 3855 760 3920 praesertim
801 3853 1301 3907 Valentinianortnn
1335 3854 1633 3917 erroribus,
1668 3855 1732 3908 de
1754 3854 1954 3922 quibus

1967 1207 2014 1263 Α
2045 1202 2329 1271 scripturis
2353 1203 2740 1270 prophetarum
2771 1199 2963 1271 electa,
2991 1220 3008 1252 ι
3031 1200 3124 1253 Ἐκ
3144 1198 3254 1253 τῶν
3272 1199 3612 1271 προφητικῶν

2048 1270 2292 1341 ἐκλογαί,
2322 1272 2653 1333 inscribitur,
2674 1271 2745 1324 ab
2772 1270 2838 1323 iis
2863 1271 3046 1324 verbis
3062 1272 3355 1341 exordium
3372 1270 3612 1332 sumitur,

2048 1359 2168 1406 quae
2190 1339 2390 1395 Daniel
2415 1358 2442 1393 a
2474 1341 2648 1396 tribus
2688 1341 2873 1408 pueris
2908 1341 2958 1395 iu
2994 1342 3215 1393 camino
3249 1339 3392 1404 ignis
3432 1341 3614 1391 arden-

2049 1415 2116 1467 tis
2157 1413 2223 1464 ad
2269 1413 2692 1464 benedicemlnm
2743 1410 2911 1463 Deum
2962 1409 3166 1476 prolata
3229 1408 3402 1461 fuisse
3437 1419 3615 1461 auctor

2052 1493 2279 1535 testatur
2309 1483 2375 1533 ³⁹.
2426 1481 2517 1534 Ille
2555 1492 2736 1533 autem
2773 1480 2839 1533 ah
2890 1481 3078 1534 eodem
3122 1479 3347 1531 Daniele
3375 1481 3485 1531 haec
3512 1494 3616 1530 ver-

2049 1552 2113 1606 ha
2147 1551 2193 1584 ‘°
2223 1567 2238 1603 :
2278 1569 2297 1600 σ
2343 1549 2662 1604 Benedictus
2685 1565 2765 1614 es,
2807 1553 2898 1616 qui
2933 1550 3159 1601 intueris
3192 1552 3442 1617 abyssos,
3473 1567 3493 1600 ι
3527 1563 3613 1599 eo-

2047 1626 2169 1674 dem
2198 1635 2384 1685 sensu,
2413 1636 2519 1686 quo
2544 1620 2729 1674 isthaee
2752 1620 2818 1672 ab
2837 1620 3055 1673 Enocho
3093 1635 3108 1674 :
3142 1637 3161 1668 ι
3205 1618 3270 1670 Et
3301 1619 3411 1670 vidi
3442 1633 3616 1670 omnes

2050 1692 2322 1745 materias.
2358 1709 2376 1741 ι
2427 1691 2570 1742 dicta
2625 1705 2746 1742 esse
2796 1691 2971 1743 docet.
3013 1687 3382 1742 Continenter
3430 1702 3554 1740 vero
3574 1687 3610 1718 “

2048 1761 2236 1830 primis
2272 1759 2548 1815 Geneseos
2582 1761 2766 1814 verbis
2792 1758 2836 1790 ⁶²
2873 1777 2887 1812 :
2934 1777 2952 1809 ι
2991 1758 3062 1830 In,
3096 1758 3374 1826 principio
3424 1759 3616 1830 creavit

2052 1827 2193 1886 Deus
2221 1830 2417 1884 cmlum
2461 1839 2516 1882 et
2544 1840 2770 1892 terram,
2804 1847 2823 1880 ι
2859 1829 3103 1884 coelestia
3151 1837 3211 1880 et
3251 1827 3530 1880 terrestria
3554 1827 3622 1879 si-

2047 1899 2428 1971 gnilicari,_ac
2475 1897 2668 1971 Filium
2711 1899 2802 1953 Dei
2851 1914 2973 1971 esse
3028 1898 3227 1970 ἀρχήν,
3279 1897 3618 1971 principium,

2047 1966 2282 2040 quodam
2313 1968 2464 2024 Oscae
2489 1969 2765 2040 pr0phetae
2800 1966 3107 2040 testimonio
3122 1966 3428 2040 Ao‘stendere
3461 1981 3619 2019 cona-

2051 2037 2160 2095 t'ur.
2193 2040 2267 2093 lbi
2315 2054 2476 2108 porro
2506 2038 2551 2070 “
2597 2040 2780 2093 citatis
2824 2039 2945 2091 aliis
2977 2037 3223 2105 ejusdem
3260 2037 3536 2108 prophetae
3560 2045 3622 2108 _et

2046 2104 2400 2176 sequentibus
2446 2107 2724 2163 Geneseus
2783 2109 2962 2161 verbis
3009 2104 3056 2139 “
3107 2124 3121 2160 :
3194 2124 3212 2156 ι
3265 2104 3623 2176 Spiritusle-

2051 2175 2274 2234 rebatur
2299 2194 2460 2248 super
2495 2178 2774 2250 abyssum,
2805 2196 2824 2230 ι
2861 2178 3028 2232 multa
3058 2179 3129 2232 de
3161 2177 3491 2246 baptismate
3513 2175 3619 2230 dis-

2091 2267 2226 2302 lll:|l.

2050 2267 2083 2320 ν
2122 2320 2330 2373 Dehinc
2363 2315 2506 2370 nulla
2538 2315 2679 2371 facta
2707 2315 3048 2382 transitione,
3094 2317 3186 2370 ille
3225 2315 3418 2369 scribit
3454 2314 3619 2368 timori

2050 2390 2347 2442 bonitatem
2387 2405 2414 2440 a
2471 2389 2579 2441 Deo
2633 2387 2998 2451 commisceri,
3055 2402 3180 2438 eum
3239 2386 3430 2439 lideles
3481 2386 3620 2437 malis

2049 2458 2372 2528 quibusdam
2405 2457 2588 2512 vexari
2625 2457 2915 2528 permitt’t;
2941 2457 3314 2522 Quamobrem
3363 2469 3540 2518 senes,
3572 2466 3624 2508 ut

2055 2527 2165 2592 ipse
2192 2530 2269 2581 ait
2301 2527 2368 2592 “,
2396 2529 2502 2580 nisi
2545 2527 2670 2580 tnali
2710 2527 2945 2594 aliquid,
2975 2544 3082 2594 quo
3129 2537 3359 2594 peccata
3395 2541 3488 2578 sua
3531 2540 3620 2578 ex-

2053 2600 2355 2666 piarentur.
2406 2597 2650 2666 quotidie
2703 2598 3026 2664 perferrent,
3090 2599 3448 2649 vehementer
3489 2594 3623 2649 dole-

2055 2671 2206 2723 bant.
2248 2666 2472 2720 Peccata
2503 2667 3004 2735 enimvero-magis
3059 2682 3222 2735 quam
3263 2667 3508 2727 morbus,
3537 2681 3623 2718 cu-

2046 2739 2136 2807 jus
2181 2755 2341 2792 c.tusa
2377 2747 2525 2801 sunt,
2579 2736 2759 2789 timeri
2805 2737 3021 2790 debent.
3078 2735 3140 2790 Et
3189 2745 3344 2807 certe
3391 2735 3619 2807 coalestia

2051 2805 2332 2878 speramus
2386 2810 2546 2870 bona,
2597 2821 2659 2859 ac
2701 2815 2982 2878 paternam
3017 2809 3184 2859 etiam
3227 2805 3622 2878 haereditatem,

2051 2876 2206 2947 cujus
2230 2881 2338 2944 jam
2401 2878 2596 2946 pignus
2647 2877 2986 2947 accepimus.
3017 2877 3104 2929 Λιι-
3141 2892 3212 2947 ea
3260 2887 3443 2928 autem
3480 2876 3621 2928 'viam

2056 2945 2313 3002 Dominus
2343 2945 2689 3006 tttotIStravit,
2721 2947 2809 2999 ubi
2847 2946 3022 3013 jubet,
3057 2957 3113 2999 ut
3139 2945 3363 3013 rejectis
3395 2955 3627 2998 terrenas

2057 3036 2174 3072 rum
2242 3034 2424 3072 rerum
2459 3019 2608 3070 curis
2653 3019 2884 3084 primum
2921 3027 3197 3083 quaeratur
3246 3015 3340 3066 Dei
3394 3031 3623 3083 regnum,

2053 3099 2215 3156 atque
2253 3091 2482 3154 ipsemet
2522 3087 2628 3140 Deo
2659 3087 2875 3139 anitnns
2911 3095 3096 3138 noster
3125 3085 3444 3150 impleatur.
3480 3085 3628 3156 Pater

2052 3155 2233 3212 autent
2266 3159 2332 3220 “,
2373 3157 2540 3210 Filius
2571 3169 2624 3210 et
2677 3156 2916 3223 Spiritus
2954 3167 3181 3209 sanctus
3215 3167 3330 3208 tres
3354 3162 3500 3215 sunt,
3526 3155 3628 3222 qui-

2054 3232 2152 3282 bus
2192 3229 2416 3282 testibus
2474 3237 2635 3294 atque
2683 3225 3026 3294 adjutoribus
3088 3227 3348 3280 mandata
3401 3226 3632 3294 perfecte

2052 3300 2330 3352 observari
2364 3312 2584 3350 net-esse
2611 3306 2711 3349 est.
3373 3311 3376 3314 ’

2124 3368 2258 3421 Tum
2295 3378 2485 3420 auctor
2519 3366 2588 3418 ibi
2625 3365 2848 3433 exponit
2881 3363 2926 3396 ⁸⁷
2956 3364 3087 3434 quid
3114 3363 3386 3432 jejunium
3417 3361 3629 3432 mystice

2055 3438 2344 3507 signiﬁcet,
2377 3448 2429 3490 et
2467 3440 2556 3504 qui
2593 3439 2703 3490 sint
2737 3437 2879 3489 illius
2912 3435 3163 3488 ell'ectus.
3197 3435 3518 3507 Orationem
3548 3449 3630 3484 ve-

2056 3505 2361 3574 ro'majoris
2393 3509 2607 3560 virtutis
2637 3522 2758 3560 esse
2787 3507 3047 3568 ostendit,
3079 3521 3242 3574 quam
3269 3505 3470 3569 ﬁdem;
3501 3512 3628 3554 tant-

2054 3580 2156 3632 etsi
2200 3580 2244 3631 is
2271 3578 2359 3645 qui
2397 3577 2588 3637 credit,
2630 3578 3008 3628 remtssionem
3057 3586 3416 3642 peccatorum
3443 3588 3624 3626 conse-

2055 3661 2276 3716 quatur.
2319 3647 2461 3700 Deus
2491 3660 2618 3700 vero
2647 3646 2712 3707 ⁸⁸,
2744 3646 2898 3710 cujus
2938 3655 3070 3698 nutu
3103 3645 3290 3697 omnia
3320 3645 3482 3716 ﬁunt,
3513 3658 3623 3716 pro-

2057 3712 2249 3787 phetas
2294 3729 2348 3770 et
2393 3718 2669 3783 apostolos
2703 3719 2755 3767 in
2798 3716 3080 3787 hominum
3107 3714 3540 3787 tnittit__salutem
3568 3712 3628 3772 δ’.

2057 3785 2220 3855 atque
2250 3803 2346 3856 per
2381 3787 2628 3840 homines
2670 3799 2768 3839 nos
2813 3786 3106 3856 genujt,et_
3135 3785 3364 3844 erudiit,
3395 3790 3630 3849 praestat-

2060 3853 2162 3926 que
2196 3853 2475 3912 beneﬁt-ia.
2509 3857 2589 3910 Ad
2631 3856 2748 3909 haec
2784 3870 2910 3909 vero
2952 3854 3022 3926 ⁵9,
3058 3853 3146 3908 iile
3188 3870 3312 3926 nos,
3336 3865 3631 3926 antequam

369 3917 647 3994 jamsatis
677 3924 1057 3988 disseruimus,
1089 3924 1158 3977 ita
1177 3922 1338 3994 355
1365 3934 1730 3990 memorat,ut
1757 3917 1823 3979 de
1849 3925 1952 3979 illis
1981 3917 2024 3975 C
2057 3917 2326 3990 essemus,
2370 3926 2599 3989 creavit,
2649 3939 2860 3993 suaque
2904 3925 3181 3990 deinceps,
3212 3924 3258 3976 si
3291 3924 3442 3990 digni
3483 3917 3636 3994 tueri.

375 3992 718 4048 coul'utandis
753 3994 1055 4062 saepissime
1099 3992 1208 4047 non
1241 3992 1542 4048 curaverit.

445 4064 525 4116 Ad
552 4063 667 4119 haec
697 4079 852 4129 vero,
875 4063 1236 4118 Conthelisius
1271 4064 1506 4119 monitos
1533 4080 1630 4119 nos
1660 4063 1790 4118 fecit
1817 4063 1860 4094 ⁸⁷
1894 4079 1955 4119 se

374 4132 465 4187 diu
500 4135 836 4203 multumque
867 4135 1160 4202 ancipitem
1187 4136 1431 4200 haesisse,
1472 4145 1652 4189 utrum
1691 4137 1792 4188 hoc
1819 4149 1956 4203 Opus

376 4205 565 4259 Graece
601 4214 831 4270 tantum,
866 4205 941 4258 uti
975 4206 1229 4271 diximus,
1265 4206 1495 4271 editum,
1521 4205 1775 4258 Latinum
1810 4205 1956 4257 face-

381 4283 480 4328 ret.
511 4274 876 4342 Quamobrem
923 4276 1092 4342 petito
1127 4290 1156 4328 a
1190 4278 1323 4331 viris
1361 4276 1558 4341 doctis,
1587 4290 1651 4328 ac
1683 4275 1956 4329 nonnullis

374 4343 632 4398 Ecclesia:
674 4345 996 4414 praesulibus
1032 4345 1283 4408 consilio,
1327 4347 1500 4401 satius
1545 4361 1662 4398 esse
1695 4346 1957 4414 judicavit

378 4423 456 4468 tot
493 4416 726 4469 absurda
767 4414 1117 4469 deliramenta
1142 4414 1333 4471 Graece
1363 4417 1536 4469 doctis
1567 4414 1756 4470 Graeca
1793 4415 1956 4467 relin-

375 4499 566 4553 qucre,
599 4500 761 4553 quam
791 4500 852 4538 ea
887 4484 1080 4540 Latino
1122 4500 1376 4541 sermone
1406 4497 1532 4540 ante
1559 4487 1800 4539 omnium
1863 4502 1959 4553 po-

379 4569 507 4624 nere
556 4553 760 4608 oculos.
814 4555 947 4607 Nam
999 4557 1116 4611 haec
1155 4556 1348 4610 Latine
1403 4571 1558 4610 versa
1614 4555 1959 4624 paucissimis

379 4623 630 4696 utilitatis
657 4635 712 4696 et
745 4626 1098 4680 emolumenti
1118 4627 1343 4696 aliquid,
1371 4623 1627 4694 plurimis
1655 4639 1782 4696 vero
1799 4627 1959 4696 dant-

379 4694 433 4747 ni
463 4703 520 4748 et
543 4695 854 4766 detrimenti
882 4696 1109 4749 multum
1128 4694 1324 4751 alIerre
1348 4706 1620 4766 poterant.
1650 4695 1960 4763 Quisignur

377 4766 586 4831 omnia,
638 4781 758 4835 quae
808 4765 862 4820 in
911 4767 1014 4820 hac
1061 4765 1360 4836 scriptione
1405 4777 1724 4829 occurrunt,
1744 4766 1956 4836 Aeodetn

380 4837 539 4888 modo
594 4833 672 4892 ac'
703 4836 832 4901 alia,
883 4852 1005 4905 quae
1045 4838 1098 4890 in
1152 4833 1395 4894 veterum
1444 4837 1699 4891 Ecclesia:
1738 4833 1960 4889 Patrum

379 4905 845 4961 lucubrationibus
882 4909 1174 4970 habentur,
1204 4924 1234 4960 a
1267 4909 1423 4961 nobis
1448 4915 1704 4960 accurate
1735 4921 1801 4958 ac
1829 4905 1962 4959 soli-

379 4986 434 5029 to
469 4992 620 5046 more
659 4978 889 5046 singulis
921 4978 1230 5046 quibusque
1255 4978 1598 5046 ettpouijure
1631 4976 1826 5030 merito
1869 4990 1964 5042 po-

377 5045 622 5112 stulabit,
663 5045 786 5117 qua:
817 5058 889 5100 tot
918 5045 1019 5102 Vari
1041 5049 1286 5102 doctrina
1311 5045 1364 5117 et
1387 5048 1760 5117 ecclesiastica
1783 5046 1964 5114 digni-

382 5125 489 5170 tate
541 5116 863 5186 praestautes
902 5118 966 5171 iis
999 5117 1155 5180 solis,
1206 5119 1297 5188 qui
1333 5116 1578 5172 Graecam
1621 5116 1820 5188 callent
1857 5119 1965 5188 lin-

376 5201 560 5255 guam,
583 5188 883 5244 deserenda
921 5204 1043 5243 esse
1079 5186 1442 5242 censuerunt?
1480 5188 1561 5241 Ad
1601 5188 1764 5240 aliam
1799 5186 1966 5256 igitur

2055 4013 2196 4060 mus,
2227 3995 2404 4067 gratia
2435 3995 2632 4051 salvat.
2665 3991 2834 4049 Porro
2861 4007 3040 4067 autem
3076 3995 3170 4047 ille
3197 4009 3340 4067 unus
3359 4003 3443 4046 est
3481 3991 3630 4054 Deus,

2055 4069 2147 4136 qui
2183 4062 2552 4136 tempestates,
2591 4079 2856 4136 tempora,
2889 4062 3099 4136 fructus
3124 4076 3181 4118 et
3203 4064 3492 4136 elementa
3520 4076 3630 4115 mu-

2056 4133 2161 4199 tat,
2189 4152 2254 4191 ac
2291 4133 2517 4206 singulis
2545 4135 2868 4206 principium
2911 4144 2963 4188 et
2991 4133 3154 4188 linem
3181 4133 3403 4206 delituit.

2127 4198 2227 4274 Qui
2253 4198 2456 4260 vero'u
2491 4198 2559 4259 ex-
2585 4206 2691 4259 lide
2722 4198 2781 4258 et
2825 4205 3023 4258 timore
3059 4206 3126 4257 ad
3158 4204 3480 4268 scientiam,
3505 4198 3633 4274 γνῶ-ς

2058 4269 2171 4341 σινῖ
2196 4276 2460 4347 pervenit,
2507 4277 2618 4345 jam
2655 4290 2760 4329 nou
2805 4287 3019 4348 servus,
3066 4275 3161 4348 sed
3200 4274 3357 4348 illius
3391 4269 3631 4348 est,'qui

2055 4343 2212 4404 metu'
2234 4343 2521 4408 liberatus,
2549 4356 2602 4400 et
2628 4355 2921 4413 provectus
2955 4346 3030 4397 ad
3061 4343 3412 4407 cbaritatem,
3449 4359 3478 4395 a
3502 4343 3633 4393 veti-

2060 4422 2128 4472 tis
2171 4416 2428 4480 abstinet,
2462 4431 2529 4471 ac
2557 4415 2830 4469 mandatis
2857 4419 3222 4482 obtemperat.
3251 4413 3507 4467 Christus
3544 4425 3632 4463 au-

2060 4500 2167 4543 tem
2195 4487 2466 4558 sanguine
2493 4501 2594 4558 suo
2627 4487 2867 4558 pretioso
2908 4485 3152 4558 redimit,
3186 4493 3356 4552 atque
3393 4485 3447 4537 in
3477 4482 3630 4558 liber-

2061 4569 2225 4612 tatem
2277 4552 2517 4610 vindicat
2547 4552 2710 4619 ﬁlios,
2741 4556 3053 4610 cobarredes
3091 4566 3144 4609 et
3178 4559 3414 4618 amicos,
3451 4552 3634 4621 quibus

2062 4631 2113 4682 in
2153 4627 2306 4682 malis
2335 4636 2422 4682 est
2465 4627 2625 4680 Pater
2652 4629 2719 4680 ".
2760 4625 3014 4680 Charitas
3064 4625 3349 4679 enimvero
3409 4623 3510 4676 illis
3539 4621 3631 4674 iut-

2061 4708 2233 4768 perat,
2276 4697 2420 4768 sicut
2475 4697 2565 4760 iis,
2607 4697 2700 4766 qui
2740 4696 2910 4768 inviti
2953 4697 3273 4768 eihparent,
3334 4693 3507 4768 malus
3558 4697 3634 4742 est

2065 4762 2248 4822 timor.
2303 4767 2494 4822 Nullus
2535 4762 2698 4835 μοι-’το
2737 4766 2904 4820 Deum
2966 4762 3146 4835 diligit
3209 4781 3310 4832 pro
3360 4762 3634 4831 dignitate,

2062 4856 2224 4908 quam
2276 4848 2467 4894 auctor
2513 4852 2780 4893 summam
2834 4847 2890 4892 et
2937 4835 3210 4890 intinttam
3251 4849 3376 4889 esse
3427 4845 3636 4887 demou-

2063 4919 2204 4966 slt‘at
2229 4909 2298 4966 ⁸³.

2134 4979 2394 5053 Quamvis
2420 4985 2626 5053 autem
2673 4978 2879 5040 anima,
2917 4975 3097 5053 pergit
3151 4973 3243 5053 ille
3269 4971 3341 5041 “,
3377 4970 3635 5053 esscinsil

2065 5044 2372 5115 moveatur,
2419 5050 2472 5104 id
2502 5049 2577 5102 illi
2619 5058 2803 5102 tamen
2833 5044 2932 5100 ex'
2952 5044 3128 5116 gratia
3158 5044 3522 5118 oriturpei,‘
3553 5044 3632 5118 qui

2067 5121 2208 5175 illius
2236 5112 2366 5173 vult
2387 5135 2509 5175 esse
2560 5119 2863 5189 proprium,
2891 5112 3038 5186 qu'od
3082 5117 3302 5189 bonum
3329 5115 3406 5168 illi
3439 5112 3633 5189 tribuit.

2069 5190 2253 5258 Itaque
2286 5191 2429 5246 Deus
2462 5186 2938 5258 animae—diligendi
2969 5196 3152 5254 partes
3183 5186 3354 5250 dedit,
3383 5193 3562 5258 uteam
3587 5187 3636 5230 et

383 5252 605 5328 hujusce
635 5263 1109 5313 commentationis
1138 5269 1372 5326 partem,
1404 5273 1567 5328 quam
1605 5252 1965 5315 Cotttbelisius
1997 5258 2040 5313 ι)
2069 5252 2478 5316 sui-admoneat
2513 5258 2698 5325 olIicii,
2729 5252 2900 5314 et'illa
2929 5252 3101 5311 libere
3125 5258 3340 5320 volens,
3372 5264 3429 5310 et
3448 5252 3636 5320 eligens

379 5327 576 5406 Latino
603 5330 860 5409 idiomate
879 5330 1140 5388 omnibus
1173 5327 1539 5388 exhibendam
1575 5343 1698 5384 esse
1727 5329 1962 5399 putavit,

374 5413 488 5465 jam
513 5414 813 5455 veniamus.

455 5470 717 5525 Secunda:
737 5473 921 5541 itaque
948 5471 1108 5542 hujus
1129 5470 1372 5542 opusculi
1401 5471 1571 5540 partis
1601 5469 1805 5540 ",qua:
1829 5488 1850 5523 ι
1885 5469 1965 5526 Ex

1117 5613 1163 5644 ³⁵
1195 5612 1301 5669 col.
1329 5613 1385 5667 5.

893 5683 938 5714 ⁸ο
969 5683 1106 5737 Dan.
1137 5699 1222 5744 tn,
1295 5681 1388 5738 55.

1462 5611 1508 5643 ⁸³
1535 5610 1640 5665 col.
1693 5613 1748 5665 6.

1463 5682 1566 5752 δίς
1597 5681 1633 5734 5
1670 5683 1804 5752 ett.

455 5609 497 5640 "
514 5610 616 5665 col.
649 5613 700 5664 2.
779 5613 825 5644 ³³
852 5613 955 5668 col.
990 5617 1037 5666 Ι.

383 5677 560 5751 ξ’ςί.
635 5680 815 5751 “ge.

1825 5611 1870 5643 “
1904 5610 2014 5665 col.
2063 5610 2118 5666 9.

1883 5681 1928 5712 ⁸³
1953 5681 2091 5736 Gen.
2122 5696 2162 5747 t,
2190 5681 2239 5734 l.
2315 5678 2364 5710 ⁵³

2069 5333 2269 5399 capiat,
2287 5340 2572 5391 acteneat.

2142 5394 2213 5454 λι
2241 5401 2490 5457 Christus
2536 5400 2665 5454 olim
2714 5413 2814 5469 per
2845 5397 3142 5468 prophetas
3189 5396 3259 5469 ξ’,
3305 5409 3375 5469 ac
3417 5394 3636 5448 humano

2075 5487 2303 5541 corpore
2345 5482 2643 5543 assumpto,
2694 5466 2793 5541 per
2828 5466 3070 5540 seipsutu
3115 5468 3276 5522 nobis
3303 5466 3515 5521 locutus
3542 5471 3630 5525 est,

2195 5609 2238 5642 "’
2281 5607 2510 5664 Auctar.
2563 5607 2742 5663 Graec.
2772 5604 2947 5671 Patr.,

2392 5616 2510 5664 :tar.
2563 5607 2742 5663 Graec.
2772 5604 2947 5671 Patr.,
2988 5613 3134 5675 part.
3166 5618 3207 5668 ι,
3327 5598 3432 5655 197
3458 5606 3630 5660 etseq.

2392 5679 2500 5750 559
2523 5679 2579 5742 δ’
2602 5679 2658 5750 :7!
2683 5678 2739 5731 8°
2875 5676 3018 5750 Ge”)
3045 5674 3155 5750 "gf
3181 5743 3202 5750 -
3254 5669 3340 5750 Ms
3372 5664 3628 5750 9:}?

3308 5669 3340 5744 ε
3372 5664 3628 5744 θεμριεει

384 5735 480 5805 ίεῖ
547 5751 593 5781 ⁵⁸
628 5735 1102 5824 virgis."
1139 5735 1236 5824 εις
1271 5735 1384 5806 is;
1437 5735 1655 5823 "5‘16.
1731 5751 1778 5782 ιο
1817 5751 1931 5824 §l7
1961 5735 2014 5806 et
2054 5735 2161 5807 t8.’
2219 5735 2441 5820 "sui.
2485 5735 2738 5820 '“g'zo.
2813 5747 3026 5816 ”§'2l.
3072 5735 3206 5816 ’σας
3251 5735 3340 5801 22'.
3416 5737 3514 5809 ης
3550 5735 3626 5788 2s

461 5869 537 5936 (ι)
568 5865 759 5924 Graece
790 5878 844 5923 ct
873 5869 1065 5924 Latine
1097 5871 1298 5940 prodiit
1332 5872 1385 5925 in
1411 5871 1654 5926 editione
1682 5868 1914 5928 Potteri.
