3874 6542
160 427 278 482 “65

1229 401 1531 483 manus
1568 427 1772 482 CLEM.
1819 424 2021 481 ALEX.
2064 425 2268 483 orEtt.

3233 425 3373 480 “66

154 559 290 602 mens
317 558 387 600 ex
419 543 608 600 eodem
662 545 984 616 apocrypbo‘
1015 546 1218 602 Enorhi
1261 547 1398 602 libro
1447 547 1702 603 hauserit.
1736 549 1780 604 A
1812 543 2098 616 animales.
2131 554 2292 616 atque
2328 542 2491 616 etiam
2527 541 2792 610 carnales,
2829 550 2888 616 et
2922 539 3230 616 materiales
3253 559 3376 616 esse

213 615 368 670 Petro
411 629 629 683 quoque
679 613 958 685 suppoSita
1006 627 1116 672 ttnn
1171 618 1536 685 Apocalypsis,
1589 625 1704 670 tum
1799 615 2162 684 jactitabant?
2193 613 2376 685 Neque
2403 613 2564 685 etiam
2595 613 3013 685 repugnabimns
3053 614 3139 677 iis,
3182 615 3272 682 qui
3305 613 3374 666 ab

155 683 468 740 Praedicatio
499 687 672 756 tribus
696 683 760 738 in
778 685 908 740 locis
936 688 1098 742 citata
1134 687 1331 756 legitur
1363 683 1431 750 π,
1457 696 1618 752 atque
1647 686 1702 740 in

182 757 314 808 riore
348 755 618 808 asseritur
658 769 762 813 non
791 756 962 810 solum
991 758 1168 812 futura
1197 755 1576 813 abortivorum
1625 760 1704 810 in-

168 824 468 896 antumti‘n
504 825 826 896 angelorum
863 827 1206 896 disciplinam
1234 828 1578 889 traditorutn,
1610 840 1700 880 sa-

148 895 220 966 lus
261 903 315 966 et
369 892 626 966 felicitas,
657 893 751 949 sed
783 892 1019 966 ridicula
1058 899 1222 951 etiam
1252 896 1438 966 opinio
1470 896 1536 949 de
1571 911 1701 950 car-

148 963 338 1016 nivoris
369 963 693 1032 quibusdam
747 965 1063 1021 minusculis
1110 963 1323 1030 bcsliis,
1351 982 1417 1020 ex
1451 965 1592 1020 lacte
1628 967 1696 1020 ab

149 1032 390 1086 uberibus
419 1044 654 1087 matrum
702 1033 969 1090 defluente
1007 1037 1324 1101 procreatis.
1355 1036 1411 1090 In
1455 1035 1698 1089 secundo

147 1102 387 1156 Salvator
440 1111 497 1156 et
551 1102 638 1157 lex
693 1103 892 1158 dicitur
913 1112 966 1159 et
1003 1103 1264 1162 Verbum.
1298 1103 1416 1160 Jam
1451 1115 1631 1158 autem
1665 1121 1695 1159 a

145 1173 287 1245 nobis
315 1171 636 1245 adnotatum
663 1172 808 1245 e_st”_
834 1175 1081 1245 eumdem
1111 1175 1272 1245 plane
1327 1191 1392 1229 ac
1445 1174 1694 1245 ultimum

144 1241 285 1306 hujus
337 1240 635 1311 apocryphi
686 1241 810 1296 libri
869 1243 1046 1298 locum
1095 1240 1128 1298 εἰ
1165 1244 1439 1299 Clemente
1464 1243 1697 1296 Alexan-

142 1311 284 1363 drino
317 1308 521 1380 citari.
547 1308 648 1365 'lbi
692 1326 908 1380 quoque
955 1314 1213 1369 nonnulla
1263 1315 1330 1370 de
1373 1313 1508 1369 falsa
1547 1311 1694 1368 Petri

45 1401 51 1413 ·
141 1379 444 1449 Apocalypsi
471 1379 974 1436 animadvertimus.

201 1448 342 1502 Nota
357 1449 593 1518 quadam
633 1452 910 1519 marginali
939 1451 1294 1508 Combelisius
1327 1453 1584 1508 observat
1623 1453 1692 1509 ab

140 1517 324 1572 horum
358 1517 739 1588 excerptorum
760 1517 1001 1576 “auctore
1027 1523 1350 1593 singularem
1399 1523 1692 1593 Pantaenog,

137 1603 283 1656 quem
325 1599 715 1662 praeceptorem
763 1606 931 1662 suum
959 1592 1195 1662 appellat
1230 1593 1270 1655 ⁸.
1294 1609 1360 1648 ac
1403 1592 1561 1662 plane
1595 1592 1695 1646 lal-

138 1673 240 1710 sam
275 1657 480 1734 ascribi
512 1658 847 1734 opinionem,
887 1661 954 1715 ab
985 1657 1351 1734 Hermogenis
1395 1657 1584 1718 errore
1628 1663 1694 1717 de

136 1741 357 1800 corpore
399 1726 600 1800 Christi
633 1727 686 1800 in
730 1730 845 1784 sole
882 1732 1058 1800 posito
1079 1726 1367 1788 non'valde
1395 1733 1689 1787 diversam.

135 1795 231 1866 Sed
265 1795 336 1850 ibi
376 1796 676 1866 nihilaliud
707 1814 772 1854 ex
807 1795 1064 1858 Pantaeuo
1089 1803 1404 1857 deﬂoratum
1448 1804 1690 1866 videtur,

136 1865 232 1942 nisi
259 1868 310 1919 in
337 1867 513 1922 sacris
544 1865 843 1936 Scripturis
869 1871 1066 1940 saepius
1088 1887 1326 1942 praesens
1351 1888 1449 1941 pro
1481 1865 1691 1936 futuro,
1726 1887 1769 1942 Β
1799 1866 1953 1942 lisius
1983 1867 2035 1942 in
2075 1869 2320 1942 margine
2365 1865 2619 1942 addidit_:
2655 1885 2674 1942 ς

132 1933 446 2011 etfuturum
477 1953 574 2007 pro
603 1933 868 2011 prazseute
911 1933 1180 2010 usurpari.
1211 1941 1326 2009 Qua
1353 1933 1571 2011 quidem
1610 1933 1698 1995 re;

133 2006 246 2073 gula
295 2001 367 2059 ab
394 2001 817 2072 eo'constituta,
841 2021 1026 2064 auctor
1043 2001 1388 2068 'nostthzec'
1427 2012 1590 2067 verba
1624 2012 1644 2042 '
1679 2030 1693 2066 :

136 2090 156 2126 ι
191 2074 241 2128 in
291 2077 409 2131 sole
462 2079 665 2151 pnsuit_
699 2079 1107 2151 tabernaculum
1166 2097 1345 2146 suum,
1380 2101 1400 2134 ι
1435 2081 1694 2151 singulari

131 2158 346 2267 prorsus
396 2157 560 2218 atque
599 2147 728 2202 falsa
759 2149 1142 2217 explanatione
1170 2147 1584 2221 interpretatur.
1624 2153 1698 2205 De

155 2212 477 2267 lermozenis
507 2232 672 2267 uarro
701 2221 976 2267 erroribus
1001 2237 1163 2267 snnra
1195 2220 1286 2267 lib-
1311 2236 1371 2267 ιι-
1391 2223 1611 2267 dissert-
1635 2221 1693 2267 9-

155 2212 489 2291 lerinrogettis'
507 2232 672 2291 porro
701 2212 976 2291 erroribus
1001 2237 1166 2291 supra
1195 2220 1287 2279 lib.
1311 2212 1372 2289 it,
1391 2223 1612 2279 dissert.
1635 2221 1694 2286 2,

130 2301 240 2353 t-ap.
268 2286 320 2353 8,
357 2296 465 2341 art.
496 2290 550 2351 1,
579 2288 992 2357 disputavimus.

196 2379 310 2432 Alia
342 2393 473 2434 vero
518 2380 737 2436 Tatiani
790 2382 974 2447 opinio
1007 2382 1077 2438 ab
1127 2391 1352 2439 auctore
1392 2396 1582 2437 uosrro
1606 2399 1693 2438 re-

122 2447 302 2514 jicitur
327 2447 370 2514 ³,
405 2464 512 2518 qua
541 2449 633 2505 illa
668 2455 784 2507 haec
812 2451 1086 2507 Geneseos
1114 2455 1279 2508 verba
1304 2470 1317 2506 :
1343 2472 1362 2506 ι
1395 2452 1518 2507 Fiat
1541 2453 1688 2506 lux.»

125 2519 358 2592 optantis
383 2533 506 2592 esse
545 2535 831 2592 perperam
881 2523 1259 2592 contendebat.
1291 2525 1360 2578 At
1402 2524 1524 2577 inde
1561 2523 1692 2577 illud

123 2589 427 2661 conﬁrmari
451 2589 660 2658 potest,
680 2593 822 2661 quod
844 2591 1019 2647 adhuc
1048 2609 1210 2661 supra
1245 2594 1338 2648 lib.
1372 2608 1433 2657 tt,
1466 2607 1587 2661 cap.
1620 2593 1654 2647 6
1676 2633 1692 2656 ,

125 2667 223 2712 art.
249 2657 302 2724 2,
336 2674 367 2712 a
391 2657 552 2715 nobis
604 2657 843 2716 notatum
877 2661 1012 2726 fuit,
1043 2657 1186 2717 hunc
1241 2657 1552 2728 Tatianum,
1587 2678 1692 2717 non

126 2742 275 2781 secus
299 2737 465 2796 atque
513 2729 870 2797 Marcionem,
898 2731 1042 2786 falso
1090 2733 1341 2787 docuisse
1387 2735 1525 2786 duos
1573 2747 1694 2787 esse

123 2799 268 2851 deos.
303 2797 506 2853 Verum
544 2801 589 2854 si
631 2812 820 2856 auctor
870 2813 1063 2856 noster
1091 2802 1239 2856 hunc
1283 2802 1498 2856 Tatiani
1534 2817 1690 2856 erro-

125 2882 229 2919 rem
251 2867 587 2941 confutavit,
612 2871 746 2925 nihil
775 2881 922 2926 certe
966 2880 1155 2926 contra
1187 2872 1373 2937 aliam,
1422 2886 1582 2941 quam
1613 2871 1691 2928 illi

122 2937 461 3012 continenter
483 2941 732 2995 attribuit
763 2941 808 3005 ⁸,
841 2943 1149 3010 opinionem
1180 2959 1200 2993 ι
1237 2937 1459 3012 propter
1489 2943 1688 3007 crines,

120 3005 209 3080 atat
240 3006 336 3080 τὸν
356 3008 582 3080 κόσμον,
614 3019 690 3080 et”
716 3005 997 3070 mundum,
1023 3031 1043 3063 ι
1095 3005 1252 3064 haud
1280 3005 1445 3066 dubie
1489 3005 1689 3080 mulieé

119 3075 291 3157 ιιι-ειμιἶ
315 3075 761 3152 [θωὶιὶδεδήε
799 3096 829 3137 a
865 3081 1069 3137 virtute
1101 3082 1186 3137 his
1224 3082 1386 3138 rebus
1435 3079 1688 3152 praelecta

120 3159 314 3210 puum.

1805 681 2032 739 auctore
2081 681 2753 738 nostro’Valentinianos
2803 683 2978 736 notari
3033 681 3374 737 demonstra-

1807 753 2003 808 verint.
2036 755 2118 807 Ah
2152 754 2220 808 iis
2264 753 2536 821 siquidem
2587 767 2694 806 non
2741 753 2914 805 solum
2971 753 3094 816 tria,
3131 763 3188 807 ut
3232 754 3371 806 vidi-

1805 825 2004 889 mus“,
2057 823 2338 877 hominum
2392 837 2590 890 genera
2642 823 3144 885 constituebantur,
3198 837 3368 876 unum

1803 892 2017 947 scilicet
2041 893 2347 962 spirituale,
2382 893 2680 945 secundmn
2716 892 2970 962 animale.
3003 902 3054 946 et
3083 891 3370 946 materiale

1802 961 2300 1028 tertium;’vcrum
2353 963 2521 1016 etiam
2577 961 2840 1031 quasdam
2906 963 3114 1031 animas
3173 971 3369 1031 natura

1801 1047 1896 1086 sua
1932 1033 2192 1088 dicebant
2227 1047 2349 1087 esse
2393 1030 2604 1095 malas,
2637 1046 2739 1085 nec
2775 1030 3104 1100 suscipiendi
3141 1030 3370 1085 seminis

1799 1116 2047 1169 capaces.

1869 1171 2144 1237 Quosdam
2173 1185 2337 1239 porro
2358 1170 2670 1235 Gnosticos,
2703 1185 2730 1221 a
2770 1170 3022 1237 superius
3049 1169 3364 1222 memoratis

1796 1240 1943 1296 haud
2003 1241 2165 1296 dubie
2215 1241 2479 1304 diversos,
2528 1241 2738 1293 etiamsi
2792 1241 2951 1308 paulo
3006 1247 3126 1308 post
3172 1248 3364 1292 auctor

1797 1320 1986 1364 noster
2007 1311 2326 1364 nominatim
2353 1309 2613 1373 corripiat
2629 1310 2672 1373 ’,
2694 1307 2808 1378 ipse
2833 1307 3185 1362 nihilmuinus
3203 1318 3360 1361 antea

1795 1380 2006 1434 dixerat
2030 1380 2074 1411 ¹⁰
2105 1396 2119 1432 :
2154 1399 2172 1432 ι
2201 1378 2299 1445 Qui
2330 1379 2578 1441 credidit,
2611 1379 2982 1432 remissionem
3018 1387 3360 1446 peccatorum

1795 1463 1825 1528 ξ
1862 1449 2089 1528 Domino
2128 1459 2448 1528 consecutus
2475 1459 2556 1501 est
2583 1466 2596 1498 :
2677 1449 2732 1528 ξὲ
2761 1449 2818 1500 ὲν
2841 1445 3362 1528 ἴνῴσειχενόμενοέ,

1791 1517 1890 1590 ᾆτε
1922 1519 2114 1590 μηκέτι
2136 1519 2487 1590 ἁμαρτάνων,
2515 1518 2644 1590 παρ’
2683 1517 2874 1590 ἑαυτοῦ
2903 1518 3002 1588 τὴν
3041 1517 3365 1590 ἄφεσιν-τῶν

1792 1587 1997 1660 letatth
2037 1587 2340 1660 κομίζετάι.
2382 1607 2400 1640 t
2432 1589 2532 1654 Qui
2574 1587 2754 1660 autem
2787 1587 3013 1657 adeptus
3045 1596 3149 1660 est_
3175 1587 3358 1660 scien~_

1795 1658 1953 1729 tiam,
1981 1673 2075 1712 seu
2109 1654 2358 1729 'gnosim,
2409 1670 2466 1729 ut
2502 1658 2592 1726 qui
2634 1672 2748 1729 non
2796 1654 2990 1729 peccet
3037 1654 3149 1724 (vel
3203 1655 3357 1729 quasi

1793 1727 2025 1808 amplius
2062 1723 2165 1808 non
2207 1727 2494 1808 peccans),
2518 1723 2547 1781 a
2570 1727 2749 1808 seipso
2797 1723 3360 1808 reliquorinnnretnis-

1795 1794 2002 1850 sionem
2045 1794 2278 1852 obtinet.
2317 1815 2337 1850 ι
2371 1794 2538 1866 Cujus
2574 1795 2882 1866 explicandi
2913 1794 3087 1864 gratia
3127 1794 3360 1866 Cumbe-

2715 1865 2879 1931 Quasi
2931 1865 3212 1925 merendo,
3249 1877 3356 1930 qua

1799 1939 1974 2005 gratia
2003 1933 2333 2006 jttstilicatus
2374 1945 2476 1990 est.
2518 1953 2536 1986 ι
2568 1933 2674 2006 Sed
2714 1934 2848 1988 nihil
2902 1934 2953 1986 in
3000 1933 3092 2006 illo
3123 1933 3360 2006 auctoris

1801 2003 1968 2060 nostri
2005 2003 2163 2060 textu
2200 2008 2464 2068 videmus,
2489 2005 2631 2075 quod
2660 2006 2724 2057 ad
2761 2007 2901 2058 hanc
2933 2003 3355 2075 explicationem

1797 2091 1898 2129 nos
1953 2080 2242 2129 conducat.
2298 2071 2646 2142 Quapropter
2710 2071 3061 2127 verisimilius
3123 2071 3359 2125 fortasse

1797 2144 2070 2199 videbitur
2103 2146 2251 2198 illum
2301 2146 2374 2199 ibi
2421 2145 2486 2197 ad
2529 2158 2766 2199 errorem
2817 2144 3046 2197 allisisse
3091 2156 3353 2210 quorum-

1796 2214 1916 2268 dam
1962 2215 2623 2284 pseudo-Gnosticorum,
2666 2215 2757 2284 qui
2803 2213 2968 2266 vitam
3020 2209 3353 2284 spiritualem

1794 2280 2140 2351 proﬁtentes.
2173 2287 2240 2338 ad
2285 2300 2408 2338 eum
2441 2280 2764 2346 statum,_in
2805 2299 2912 2352 quo
2961 2280 3189 2348 amplius
3229 2293 3357 2352 pec-

1794 2349 1924 2476 iare
1948 2370 2055 2408 non
2087 2363 2327 2425 possent,
2358 2368 2416 2408 se
2442 2352 2736 2423 aliquando
2763 2349 3078 2424 pervenisse
3111 2349 3360 2403 vendita-

1833 2432 1946 2476 ant.

1833 2432 1946 2479 ant.

1867 2491 2054 2547 Plures
2079 2493 2233 2558 alias,
2265 2492 2350 2547 vel
2399 2507 2466 2547 ex
2501 2493 2669 2546 variis
2715 2490 3064 2562 apocryphis,
3097 2489 3174 2543 uti
3219 2487 3360 2542 vidi-

1796 2576 1940 2627 mus,
1967 2563 2146 2627 libris,
2171 2563 2252 2616 vel
2285 2561 2433 2617 nullo
2464 2563 2635 2617 citato
2662 2561 3144 2628 auctore'scriptor
3171 2566 3358 2612 noster

1794 2631 1962 2686 falsas
2002 2633 2309 2700 opiniones,
2341 2649 2406 2687 ac
2454 2634 2727 2700 praecipue
2757 2633 2822 2686 de
2849 2630 3112 2700 stellisiet
3145 2628 3357 2698 angelis

1792 2699 2118 2769 simpliciter
2143 2705 2400 2772 proponit
2422 2699 2489 2766 η,
2525 2699 2660 2771 quas
2695 2703 2786 2756 ille
2829 2716 2929 2754 nec
2963 2699 3223 2772 refutare,
3254 2713 3356 2772 nec

1793 2768 1925 2839 quid
1961 2773 2012 2825 in
2045 2773 2125 2825 eis
2143 2768 2451 2825 cavendum
2485 2768 2577 2834 sit,
2621 2783 2886 2840 relegere,
2917 2778 3012 2822 aut
3042 2769 3234 2822 saltem
3255 2768 3355 2840 _in~

1792 2836 1976 2895 dicare
2000 2850 2174 2894 curat.
2206 2841 2471 2896 Nonnulla
2513 2852 2690 2894 tamen
2721 2836 2877 2908 sana,
2912 2848 3061 2894 recta
3088 2847 3142 2908 et
3164 2836 3356 2890 ortho-

1791 2910 2024 2980 doxaﬂin
2054 2911 2157 2964 hac
2186 2913 2423 2980 epitome
2462 2921 2781 2966 occurrunt.
2811 2906 2945 2980 Nam
2981 2919 3040 2962 ut
3069 2906 3194 2980 alia,
3236 2921 3357 2974 qua:

1789 2993 1859 3050 cit
1891 2979 2037 3033 illius
2057 2976 2266 3050 analySi
2299 2980 2850 3046 satisintelliguntur,
2878 2979 3040 3032 missa
3063 2976 3353 3050 faciamus,

1790 3048 1921 3103 illud
1954 3047 2200 3117 profecto
2231 3065 2417 3104 verum
2455 3061 2509 3104 et
2537 3052 2897 3105 orthodoxum
2937 3057 3039 3110 est,
3079 3056 3244 3113 atque
3282 3047 3353 3099 ab

1790 3120 2033 3188 antiquis
2081 3119 2336 3174 Patribus
2393 3123 2590 3188 swpius
2644 3122 2898 3188 traditum
2951 3128 3005 3171 et
3059 3123 3350 3178 assertum,

1790 3187 1943 3256 quod
1975 3191 2065 3244 ille
2116 3190 2201 3244 his
2238 3190 2413 3243 edixit
2461 3187 2644 3244 verbis
2675 3190 2716 3220 “
2747 3204 2759 3240 :
2814 3207 2832 3238 ι
2866 3187 3123 3256 εεινειιοεῂ
3156 3194 3352 3256 noster

184 3236 301 3292 Non
332 3238 504 3329 semel
567 3255 734 3310 porro
763 3243 1358 3329 mentionetnnl‘ecimus
1392 3241 1684 3300 Heracleo-

1793 3219 1932 3256 lluUU
1975 3219 2065 3244 ιιιῦ
2116 3219 2201 3244 ΙΙΙθ
2238 3219 2413 3243 ῦυΙλΙι
2466 3219 2546 3243 νει
2563 3219 2644 3244 υΙδ
2677 3219 2713 3220 ““
2747 3228 2759 3240 ο
2814 3219 2832 3238 1
2867 3219 3104 3241 υαιναιυι
3169 3219 3342 3238 "Vallo!

1793 3258 2095 3328 baptizatus
2125 3267 2226 3322 est,
2264 3273 2390 3313 cum
2434 3260 2546 3329 ipse
2596 3275 2701 3314 non
2739 3269 2956 3328 egeret;
3009 3265 3068 3310 ut
3115 3255 3198 3308 his
3247 3255 3351 3329 qui

117 3309 220 3388 pis.
264 3309 390 3388 qui,
428 3311 514 3388 uti.
556 3309 748 3388 auctor
782 3322 978 3388 _noster
1030 3313 1466 3388 refertaeornm
1521 3329 1682 3388 aures

117 3381 241 3452 igne
267 3381 614 3452 obsignabat,
647 3383 738 3449 qui
782 3382 1114 3452 baptismate
1165 3384 1545 3452 initiabantur.
1585 3383 1679 3438 Vi-

112 3448 256 3527 desis
280 3448 445 3527 supra
476 3450 574 3527 lib.
605 3448 674 3515 tt,
701 3448 918 3527 dissert.
942 3454 1154 3527 2._cap.
1184 3453 1242 3527 4,
1265 3463 1374 3510 art.
1405 3453 1460 3519 5,
1491 3451 1519 3525 §
1557 3454 1674 3518 ἵκει

114 3517 272 3585 hujus
304 3517 428 3573 libri
457 3520 683 3574 dissert.
707 3522 765 3587 2,
800 3537 918 3592 cap.
957 3525 1046 3590 15,
1083 3517 1190 3578 art.
1213 3523 1270 3581 2.

169 3607 375 3686 _Citatis
406 3609 569 3679 paulo
594 3611 752 3680 post“
779 3615 984 3686 Christi
1011 3613 1264 3669 verbis":
1301 3631 1320 3666 ι
1346 3613 1528 3686 Ignem
1554 3612 1674 3686 veni

111 3680 305 3751 tuitere
356 3680 410 3733 in
437 3688 684 3751 terram,
725 3700 745 3734 ι
798 3685 912 3739 haec
954 3697 1147 3739 auctor
1193 3680 1388 3738 noster'
1419 3683 1624 3751 adjecit
1659 3699 1674 3736 :

115 3766 134 3797 ι
166 3747 366 3815 Nempe
396 3750 676 3816 virtutem,
708 3767 829 3822 qua:
862 3764 1083 3808 sanctos
1115 3756 1330 3820 quidem
1381 3747 1670 3818 emuudet;

107 3825 353 3890 terrenos
379 3834 535 3890 vero,
567 3831 622 3875 ut
653 3825 871 3888 quidam
905 3827 1079 3888 aiunt,
1125 3825 1344 3878 interitu
1381 3833 1590 3890 mergat
1618 3835 1673 3877 et

106 3888 304 3953 deleat,
339 3907 360 3941 ι
396 3888 1063 3965 ϐτεεεθ-δύναμινιὺλικῶν
1091 3895 1469 3965 ἀφᾳνιστικήν,
1498 3888 1671 3965 virtu-

106 3966 215 4009 tem
259 3967 533 4032 terrenos,
565 3962 682 4017 sive
725 3962 906 4032 potius
947 3963 1260 4018 materiales
1297 3962 1671 4018 exterminan-

105 4035 234 4080 t-em.
265 4029 334 4103 dt
369 4029 823 4103 Combelisius—ad
857 4035 1158 4103 marginem
1210 4034 1490 4088 adnotavit
1524 4034 1668 4086 hunc

101 4109 224 4176 esse
265 4097 650 4176 _G_nosticorm_u
698 4105 766 4159 de
812 4097 1076 4176 abolendo
1125 4117 1354 4176 corpore
1400 4117 1667 4176 errorem.

99 4167 210 4218 Sed
267 4169 316 4222 id
365 4178 518 4224 certe
568 4173 747 4241 aliqua
809 4173 1000 4227 saltem
1060 4167 1272 4228 ratione
1327 4174 1668 4242 probandum

95 4247 241 4309 erat,
265 4248 356 4293 aut
381 4242 606 4308 quinam
641 4253 823 4298 essent
847 4243 920 4296 illi
944 4243 1213 4309 Gnostici,
1245 4243 1664 4309 designandum.

96 4304 290 4386 hmine
330 4304 593 4386 qnitttdlls
619 4314 797 4386 verbis
823 4315 929 4386 alii
955 4316 1133 4386 potius
1168 4304 1526 4386 (lt-signantur
1558 4313 1669 4386 hat:

96 4378 283 4441 retici,
315 4381 431 4435 sive
465 4381 857 4446 Valentiniani,
890 4378 1005 4437 sive
1041 4378 1410 4445 Montanistzn,
1440 4391 1536 4436 aut
1574 4381 1666 4435 alii

1790 3340 2252 3398 regenerarentur
2291 3345 2461 3398 aquas
2511 3345 2703 3384 omnes
2761 3329 3146 3382 sanctiﬁcaret.
3174 3343 3214 3398 ,ρ
3249 3329 3354 3378 Ve-

1789 3393 1906 3468 ruiu
1930 3400 2072 3453 sicut
2103 3400 2228 3454 boni
2257 3393 2538 3468 scriptoris
2565 3408 2647 3452 est
2668 3411 2814 3452 recta
2839 3409 2894 3452 et
2913 3413 3046 3451 sana
3079 3393 3347 3468 scribere,

1788 3467 1862 3521 ita
1900 3468 2045 3540 illius
2072 3485 2288 3540 quoque
2335 3464 2498 3523 ollicii
2538 3479 2591 3524 et
2633 3470 2880 3523 muneris
2919 3482 3040 3520 esse
3075 3465 3266 3540 debet,
3300 3464 3348 3540 si

1788 3551 1909 3612 quae
1938 3536 2169 3612 falsa'et
2198 3536 2454 3594 absurde
2494 3554 2802 3612 proponere
2838 3547 3085 3612 cogatur,
3121 3536 3268 3612 quod
3299 3536 3352 3612 in

1783 3610 1864 3661 eis
1894 3610 2114 3662 noxium
2133 3620 2236 3675 est,
2268 3619 2359 3663 aut
2378 3606 2688 3672 confutare,
2708 3618 2801 3662 aut
2829 3607 3021 3662 saltem
3050 3620 3118 3658 ne
3147 3606 3351 3657 incauti

1779 3679 1998 3746 quidam
2031 3679 2390 3748 decipiantur,
2427 3689 2554 3733 nota
2590 3680 2768 3748 aliqua
2798 3679 3033 3732 inurere.
3051 3675 3234 3748 l’orro
3259 3688 3354 3748 att-

1783 3743 1888 3801 t'em
1920 3764 2028 3818 qua
2061 3743 2393 3805 necessitate
2427 3751 2493 3802 ad
2530 3759 2609 3803 tot
2631 3743 2869 3804 absurda
2898 3757 2953 3801 et
2982 3743 3210 3818 ridicula
3241 3745 3351 3818 opi-

1782 3814 2005 3872 niomim
2045 3830 2350 3874 commenta
2390 3819 2472 3874 vel
2505 3835 2573 3874 ex
2625 3833 2684 3873 se
2729 3821 2867 3887 ipso,
2901 3817 2983 3870 vel
3011 3831 3078 3869 ex
3119 3814 3352 3868 alterius

1778 3888 2065 3956 scriptoris
2103 3888 2584 3944 lucubrationibus
2626 3890 2888 3942 tradenda
2935 3896 3126 3941 auctor
3161 3894 3353 3938 noster

1775 3959 2092 4080 Folmlpulsus
2128 3960 2312 4026 fuerit,
2342 3960 2500 4015 nobis
2539 3973 2764 4029 prorsus
2809 3959 3202 4024 incompertum
3229 3967 3352 4008 esse

1801 4041 1829 4079 a
1857 4042 1888 4080 e
1932 4043 2092 4080 imur.

1801 4030 2092 4082 ‘atebimur.

1843 4098 2086 4166 Denique
2105 4097 2516 4152 observabimus
2545 4097 2688 4152 hunc
2716 4103 3009 4152 tractatum
3043 4091 3348 4166 perfectum

1772 4181 1880 4237 non
1916 4165 2057 4231 esse,
2102 4169 2398 4237 pluresque
2437 4168 2616 4237 adhuc
2659 4169 2715 4221 in
2765 4180 2833 4220 eo
2877 4179 3000 4237 esse
3055 4165 3350 4237 ltiatus,_et

1771 4235 1887 4291 loca
1922 4232 2268 4302 detruncata,
2305 4232 2370 4291 ac
2419 4235 2694 4301 mutilata,
2741 4251 2806 4290 ac
2853 4235 3065 4289 tandem
3103 4235 3158 4287 in
3201 4232 3350 4287 illius

1776 4308 1884 4360 tiue
1906 4307 2071 4360 multa
2103 4307 2420 4372 desiderari,
2447 4321 2568 4374 quae
2598 4308 2681 4361 vel
2708 4307 2968 4374 temporis
2993 4303 3190 4372 injuria
3221 4317 3347 4374 per-

1771 4376 1904 4441 iere,
1937 4378 2017 4431 vel
2047 4393 2113 4432 ex
2141 4372 2527 4446 manuscriptis
2565 4372 2846 4432 codicibus
2895 4376 3170 4430 abstracta
3197 4372 3350 4428 avul-

91 4447 194 4516 qui
228 4452 436 4520 seipsos
468 4452 1135 4521 spiritualcs,Catholicos
1169 4464 1352 4509 autem
1375 4451 1668 4526 ψυχικούς,
1703 4459 1748 4514 D
1775 4460 1943 4517 saque
1967 4446 2206 4504 luerunt.

1398 4691 1786 4784 CAPUT
1861 4690 2028 4778 IV.

173 4850 264 4910 De
293 4849 682 4930 quibusdam
712 4848 779 4911 in
808 4849 1057 4930 aliquot
1090 4851 1411 4930 Epistolas
1445 4845 2455 4990 canqrtiirﬁtstadumbrationibus,
2485 4845 2800 4908 Clementi
2830 4841 3266 4908 Alexandrino

1549 4945 1585 4990 a
1642 4947 1692 4989 r1
1748 4945 1784 4990 u
1823 4945 1898 4988 ts.

1549 4945 1898 4991 ﬂlll‘lDUllS.

646 5211 1042 5270 ARTICULUS
1077 5215 1115 5269 l.

389 5284 640 5354 Aualysis
665 5286 853 5337 harum
889 5286 1375 5340 adumbrationum.

150 5349 258 5406 Ha:
281 5349 726 5425 aduiubra'ttones
758 5356 977 5421 scriptae
1001 5365 1128 5410 sunt
1156 5358 1207 5408 in
1247 5356 1483 5425 primam
1515 5353 1662 5410 Petri

1773 5215 2046 5269 duntaxat
2080 5215 2132 5269 in
2167 5215 2433 5284 quosdam
2476 5231 2664 5271 earum
2711 5230 2926 5278 versus,
2972 5214 3056 5268 vel
3103 5214 3342 5282 aliquam

1768 5287 2042 5339 duntaxat
2064 5287 2382 5339 earumdem
2410 5303 2660 5342 versuum
2693 5297 2901 5353 partem
2930 5285 3337 5344 enarratioues,

1765 5368 1832 5408 ac
1872 5369 2014 5423 saepe
2043 5356 2241 5424 saepius
2267 5358 2484 5412 notulas
2509 5358 2881 5413 tantummodo
2912 5363 2966 5410 et
2996 5355 3342 5409 animadver-

57 5424 342 5490 apostoli,
379 5435 433 5479 et
471 5423 645 5489 Judze,
677 5441 742 5478 ac
772 5425 1004 5493 primam
1034 5435 1088 5480 et
1113 5423 1407 5479 secundam
1437 5425 1667 5481 Joannis
1763 5425 1954 5478 siones
1977 5423 2258 5479 exhibent.

51 5493 409 5564 Epistolam.
444 5493 645 5564 Verum
680 5494 783 5548 illa:
815 5510 919 5547 non
959 5509 1222 5564 perpetua
1261 5503 1318 5546 et
1345 5497 1686 5549 continuata
1840 5500 1883 5548 A
1922 5497 2093 5561 prima
2129 5506 2312 5549 autem
2351 5495 2499 5550 Petri
2542 5495 2810 5564 Epistula,
2841 5495 2934 5548 sed
2965 5509 2995 5547 a
3029 5493 3189 5548 tertio
3218 5501 3342 5564 tau-

51 5564 119 5617 ἰιι
172 5562 422 5634 integras
455 5564 578 5619 illas
601 5563 872 5634 Epistolas
897 5562 1314 5629 commentaria,
1346 5565 1440 5620 sed
1474 5566 1666 5620 breves
1766 5573 1880 5617 ttnn
1917 5565 2079 5634 primi
2127 5567 2244 5635 ejus
2283 5566 2478 5634 capitis
2521 5562 2684 5621 versu
2730 5576 2924 5621 auctor
2948 5566 3181 5620 orditur.
3215 5563 3346 5618 ludo

138 5722 261 5810 "'_§.
283 5725 378 5810 ll,
399 5726 489 5810 f9,
526 5726 614 5782 50.
719 5729 1001 5810 fidissert.
1025 5743 1208 5798 super.
1230 5729 1299 5810 :2,
1323 5745 1373 5785 c.
1413 5731 1547 5810 Lup.
1578 5729 1703 5810 95|_.

40 5795 171 5938 ἒξ
191 5800 282 5916 .176.
359 5798 378 5828 ⁷
409 5796 542 5852 Luc.
579 5813 675 5865 xu,
709 5799 797 5854 49.
874 5800 895 5832 ⁸
926 5799 1019 5855 lib.
1061 5795 1179 5871 sup.
1211 5795 1526 5868 disserui,
1566 5817 1616 5857 c.
1668 5801 1724 5866 4,
1761 5795 1869 5856 art.
1913 5802 1967 5856 2.

1782 5731 1799 5762 ⁸
1830 5729 1967 5804 §57.
2045 5733 2066 5763 ¹
2105 5732 2251 5789 Psal.
2286 5748 2445 5800 xvm,
2481 5732 2535 5788 6.
2605 5732 2683 5804 ἕξ

2712 5733 2799 5788 58.
2877 5734 2898 5765 ο
2979 5731 3067 5786 59.
3145 5731 3340 5804 I525.

2712 5804 2764 5859 5.
2844 5803 2881 5836 ιι
2920 5731 3184 5876 ξ55,δ6,
3246 5802 3340 5858 ss.

2043 5804 2124 5877 ος
2164 5804 2309 5859 τὶϐει
2350 5805 2440 5858 ιη.
2521 5803 2623 5874 ὀς
2663 5803 2764 5859 15.
2844 5803 2881 5836 υ

2974 5803 3066 5871 55,
3095 5801 3213 5872 se;
3246 5802 3344 5858 ss.
