3874 6542
540 389 680 446 “67

541 502 738 558 transit
784 501 848 557 ad
878 501 1150 570 quintum,
1199 512 1263 553 ac
1311 495 1507 554 deinde
1553 511 1777 570 nonum,
1811 491 2106 570 decimum,
2139 488 2182 546 Α
2213 499 2242 554 ρ

540 561 941 636 iliitidecimuni,
965 561 1234 625 decimum
1268 584 1486 628 nouum,
1521 569 1835 620 vicesimum
1866 561 2106 636 tertium,

540 655 594 698 et
624 630 938 697 vicesimum
969 641 1238 709 quintum.
1265 639 1517 693 omnibus
1549 636 1669 709 aliis
1704 630 2108 709 prmterinissis,

539 714 810 768 edisserit.
841 713 918 766 Ex
946 703 1124 780 capite
1177 722 1355 764 autem
1396 707 1637 762 secundo
1671 703 1954 780 iiou_a|ios
1987 713 2137 768 ver-,

541 799 636 839 Sus
667 782 758 838 ille
796 775 1054 852 explicat,
1085 796 1245 850 quain
1285 793 1512 852 nonum,
1544 785 1598 830 et
1617 775 1951 852 _vicesim_uin
1997 780 2111 852 ter-

545 855 713 919 tium;
738 845 1194 921 quemadmodum
1225 866 1288 904 ex
1311 846 1667 921 capitetertio
1697 845 1962 921 quasdam
1991 849 2111 921 tan-

541 931 655 978 tum
691 911 885 977 versus
916 923 1109 976 decimi
1148 919 1348 989 quinti,
1379 911 1808 989 ilecimioctavi,
1838 911 2108 989 vicesimi,

542 994 786 1048 vicesimi
813 993 974 1061 primi
1016 1001 1069 1046 et
1107 979 1344 1061 secundi
1366 997 1549 1061 partes
1579 986 1990 1061 interpretatur.
2019 979 2109 1061 ξι-

543 1065 746 1120 militer
789 1050 841 1117 iit
879 1059 1264 1130 subsequentis
1299 1050 1493 1130 capitis
1529 1050 1963 1124 quarti'versum
2015 1050 2111 1104 de-

541 1135 770 1195 cimum,
819 1129 1087 1188 decimum
1139 1130 1378 1191 tertium,
1422 1129 1694 1181 decimum
1753 1133 2009 1195 quartum
2056 1130 2111 1174 et

543 1191 810 1258 decimum
853 1204 1142 1270 septimum
1187 1199 1431 1270 qua-dam
1467 1191 1871 1270 animadvertit.
1903 1191 2009 1246 Sed
2040 1207 2110 1270 ex

543 1274 719 1342 Capite
747 1261 937 1343 quinto
969 1271 1100 1324 nihil
1125 1261 1288 1343 aliud,
1317 1277 1516 1335 praeter
1537 1265 1777 1343 aliquam
1808 1277 1996 1318 versus
2023 1261 2109 1317 de-

541 1336 670 1398 cuiu
700 1336 970 1398 et'ilecimi
1000 1341 1177 1410 quarti
1213 1348 1425 1410 partem
1452 1336 1654 1405 attigit.

615 1414 762 1468 Data:
807 1428 938 1466 vero
977 1403 1184 1466 a'Juda
1215 1403 1476 1477 Epistulae
1527 1403 1926 1477 expositionem
1986 1403 2111 1477 iride

544 1485 635 1538 ille
669 1484 915 1544 inchoat,
953 1483 1095 1552 quod
1124 1472 1294 1534 Jiida's
1346 1472 1728 1552 ipsius__iiiitio
1756 1489 1956 1552 se__non
1997 1472 2112 1528 fra-

544 1566 681 1610 trem
715 1553 947 1617 Domini,
970 1547 1089 1605 ‘sed
1123 1566 1339 1604 servum
1382 1547 1756 1617 appellaverit.
1800 1547 1918 1612 Quo
1950 1559 2111 1617 enar-

544 1635 684 1686 rato,
716 1613 1000 1676 confestim
1037 1621 1182 1674 venit
1222 1620 1288 1672 ad
1333 1613 1548 1672 versum
1593 1616 1862 1686 quintum,
1891 1623 1944 1668 et
1977 1613 2111 1671 alios

542 1696 954 1762 subseqiientes,
983 1707 1154 1761 usque
1184 1693 1249 1745 ad
1280 1703 1498 1743 versum
1527 1688 1794 1762 decimum
1825 1694 2107 1762 quartum,

543 1767 598 1819 iu
627 1756 763 1830 quos
791 1763 984 1817 breves
1031 1756 1261 1823 tantum,
1306 1775 1369 1813 ac
1413 1757 1827 1830 quandoquein
1859 1756 2110 1830 minimas

540 1826 730 1890 eorum
760 1845 944 1902 partes
981 1833 1394 1886 observationes
1432 1826 1676 1882 exhibet.
1705 1827 1842 1880 lliuc
1872 1826 2108 1902 transilit
2142 1840 2184 1894 Β

541 1905 610 1958 ad
640 1899 852 1958 versum
891 1904 1160 1958 decimum
1205 1917 1429 1962 numiui,
1459 1915 1523 1950 ac
1567 1909 1754 1966 postea
1782 1912 1996 1950 versum
2032 1899 2110 1947 viv

539 1975 829 2036 cesimutn,
873 1974 1187 2028 vicesimum
1233 1973 1500 2040 primum,
1548 1970 2104 2040 vicesiiiitiiii_sectiii-

541 2047 702 2105 dum,
745 2053 800 2096 et
853 2044 1171 2097 vicesimum
1225 2036 1467 2100 tertium,
1514 2040 1731 2092 omissis
1783 2036 2108 2107 quibusdam

544 2117 745 2181 verbis,
773 2114 1145 2181 transcripsit,
1169 2111 1409 2172 lllllli.|ll6
1439 2111 1489 2160 iii
1515 2109 1751 2181 eos,nisi
1778 2110 1830 2159 in
1856 2108 2109 2181 nuiinulla

543 2178 790 2239 vicesimi
838 2185 983 2238 tertii
1018 2178 1192 2235 verba
1242 2184 1489 2234 adnotat.
1541 2180 1743 2232 Deinde
1793 2192 1922 2230 vero
1951 2178 2112 2243 paulo

540 2257 716 2310 fusius
741 2255 1057 2307 vii-esiintim
1077 2262 1328 2320 quartum
1355 2249 1608 2318 eXplanat
1641 2267 1655 2303 :
1680 2248 2109 2320 aciuaiiifestuui

544 2332 759 2381 tandem
796 2325 928 2377 facit
960 2341 1059 2378 cur
1101 2319 1372 2387 Christus,
1404 2320 1562 2373 morti
1615 2319 1918 2388 proximus,
1963 2320 2113 2385 priu-

542 2397 650 2462 cipi
688 2397 1031 2449 sacerdotum
1065 2391 1446 2462 interroganti,
1475 2403 1536 2443 se
1571 2387 1761 2444 revera
1787 2387 1982 2442 Filium
2017 2389 2109 2443 Dei

543 2480 668 2520 esse
705 2465 1068 2532 responderit.

623 2527 806 2591 Simili
838 2535 997 2602 plane
1054 2533 1210 2587 timilo
1252 2532 1426 2602 prima
1473 2529 1702 2584 Joannis
1753 2527 1992 2602 Epistula
2046 2530 2114 2583 ab

543 2618 768 2660 auctore
814 2600 1003 2660 i;istro
1039 2605 1350 2672 exponitur.
1385 2600 1624 2672 Primum
1661 2610 1862 2672 etenim
1902 2600 1989 2652 ille
2021 2615 2116 2667 pa-

547 2677 734 2729 tefacit
756 2691 917 2744 quain
945 2669 1171 2742 pulchre
1200 2674 1358 2742 hujus
1388 2670 1639 2744 Epistolas
1671 2669 1953 2744 exordium
1988 2686 2111 2723 cum

543 2740 822 2814 Eviingefii
851 2740 1147 2814 secundum
1175 2740 1439 2814 Joannem
1468 2740 1735 2814 principio
1761 2748 2036 2814 congruat,
2060 2748 2116 2814 et

543 2810 857 2872 conveniat.
893 2813 1030 2868 Tum
1060 2829 1190 2869 vero
1230 2813 1319 2868 ille
1360 2819 1580 2868 enarrat
1622 2810 1866 2875 ejusdem
1919 2812 2115 2878 capitis

545 2902 763 2943 versum
794 2886 1115 2947 secundum,
1138 2881 1721 2951 quintuin,secundain
1747 2881 1962 2948 septimi
1991 2895 2114 2949 par-

547 2967 678 3023 tem,
711 2973 773 3008 ac
795 2959 1014 3010 tandem
1045 2956 1337 3011 decimum.
1366 2955 1443 3008 Ex
1473 2951 1651 3020 capite
1677 2961 1856 3003 autem
1877 2952 2115 3005 secundo

544 3028 840 3084 secundant
879 3026 1036 3094 primi
1086 3041 1277 3080 versus
1316 3034 1549 3094 partem,
1578 3029 1634 3074 et
1672 3031 1793 3089 post
1831 3023 1942 3074 lucc
1990 3036 2115 3075 ver-

546 3116 667 3161 sum
699 3098 940 3159 tertium,
964 3100 1234 3164 quintum,
1255 3098 1570 3164 septimum,
1592 3103 1866 3164 octavum,
1885 3106 2114 3164 tionutn,

546 3171 836 3230 dei-inium,
868 3183 932 3221 ac
978 3161 1078 3220 hoc
1122 3161 1426 3220 duodeciiiii
1473 3166 1718 3224 verbum,
1760 3161 1937 3228 ﬁlioli,
1972 3163 2116 3215 edis-

546 3240 698 3296 serit.
737 3239 927 3292 Postea
952 3254 1080 3292 vero
1105 3239 1372 3291 decimum
1405 3235 1622 3290 tertium
1681 3232 1938 3300 explicat,
1971 3233 2116 3284 sicut

549 3311 820 3366 decimum
870 3319 1103 3374 sextum,
1157 3308 1426 3361 decimum
1479 3303 1794 3374 septimum,
1844 3303 2114 3355 decimum

547 3397 771 3445 nonum,
811 3382 1129 3433 vicesimum
1173 3379 1491 3441 secundum,
1526 3373 2113 3445 vicesiinututertimn,

546 3467 614 3506 ac
659 3442 954 3504 secundam
1007 3449 1245 3504 vicesimi
1283 3448 1411 3502 noni
1465 3454 1696 3516 partem.
1729 3442 1939 3510 Capitis
1988 3457 2117 3516 vero

552 3522 700 3575 tertii
728 3519 894 3592 35.9
928 3521 1155 3575 alteram
1191 3535 1379 3575 versus
1413 3514 1571 3588 primi
1613 3525 1845 3584 partem,
1879 3527 1942 3566 ac
1983 3514 2116 3592 sub-

551 3592 676 3646 inde
721 3583 933 3645 i'eisuui
975 3593 1295 3655 secundum,
1353 3583 1634 3649 octavum,
1683 3599 1884 3639 nonum
1911 3622 1925 3644 ,
1966 3583 2116 3636 deci-

550 3678 721 3727 uiuin,
754 3665 1022 3716 decimum
1054 3667 1328 3732 quintum,
1362 3661 1630 3715 decimum
1653 3668 1894 3732 sextum,
1923 3669 1987 3706 ac
2024 3668 2119 3732 po-

550 3723 757 3786 streiuo
808 3723 1123 3786 vicesimum
1181 3723 1592 3798 interpretatur.
1651 3726 1785 3780 Nan:
1836 3723 2120 3796 sequentis

549 3803 768 3870 quidem
796 3817 985 3857 versus
1025 3805 1188 3858 verba
1227 3802 1414 3866 refert,
1447 3800 1542 3854 sed
1573 3799 1706 3853 nihil
1749 3799 1802 3852 in
1842 3815 1904 3852 ea
1930 3801 2121 3852 obser-

548 3883 662 3926 vat.
709 3872 853 3926 Duos
883 3889 1050 3940 porro
1083 3891 1184 3928 nec
1235 3872 1418 3942 plures
1463 3871 1660 3938 capitis
1691 3871 1874 3938 quarti
1899 3885 2115 3934 versus,

551 3957 746 4014 nempe
795 3946 1090 3998 secundum
1141 3957 1198 3998 et
1240 3943 1509 3998 decimum
1553 3949 1820 4014 octavum,
1858 3950 2116 4014 exponit.

549 4011 789 4067 Gradutu
847 4015 971 4068 inde
1004 4014 1135 4069 facit
1184 4016 1250 4068 ad
1295 4013 1656 4082 quorumdam
1705 4013 1898 4075 capitis
1942 4011 2117 4079 quinti

550 4099 806 4138 Versuuni
849 4083 1327 4154 explanationem,
1374 4083 1632 4136 nimirum
1676 4087 1928 4154 secunda:
1978 4083 2116 4133 sexti

549 4157 879 4224 septiinique
926 4153 1122 4210 versus
1156 4158 1361 4226 partis;
1399 4167 1462 4206 ac
1499 4161 1618 4221 post
1667 4154 1780 4205 hinc
1819 4153 1886 4204 ad
1932 4166 2120 4204 versus

549 4226 742 4279 decimi
775 4229 977 4294 quarti,
1013 4238 1178 4295 atque
1224 4227 1451 4279 alterius
1477 4237 1696 4290 quoque
1739 4231 1948 4295 tantum
1997 4236 2119 4274 vcr-

550 4309 644 4348 aus
676 4297 870 4350 decimi
904 4298 1029 4351 noni
1059 4294 1112 4350 et
1145 4295 1390 4350 vicesimi
1426 4295 1599 4361 partis
1625 4294 2048 4360 expositionem.

622 4365 908 4422 Postremo
937 4380 1130 4421 auctor
1156 4379 1340 4421 uoster
1361 4363 1611 4419 secunda:
1633 4364 1873 4431 ejusdem
1896 4361 2123 4415 Joannis

553 4435 828 4504 Epistolie,
862 4455 1026 4506 quam
1081 4441 1147 4492 ad
1182 4439 1437 4508 virgines,
1470 4450 1576 4487 non
1625 4449 1809 4508 secus,
1858 4444 2021 4499 atque
2055 4433 2122 4508 ad

554 4504 923 4576 Babyloniam,
961 4509 1047 4562 cui
1082 4504 1291 4561 noiiieii
1314 4507 1511 4560 Electae
1537 4517 1678 4567 erat,
1705 4505 1962 4576 scriptam
2002 4504 2121 4570 Opi-

554 4572 741 4641 iiatur,
760 4592 1138 4647 argumentum
1171 4579 1327 4634 nobis
1355 4576 1595 4647 breviter
1613 4575 1880 4647 proponit.
1906 4572 1986 4624 Ex
2014 4580 2125 4647 tota

557 4657 738 4701 autem
769 4643 858 4701 illa
895 4649 1138 4718 Epistula
1180 4649 1348 4712 solus,
1382 4645 1596 4700 caeteris
1631 4644 1885 4718 ottiiiibus
1915 4643 2130 4711 penitus

553 4718 795 4783 omissis,
821 4714 1068 4774 decimus
1101 4735 1290 4773 versus
1323 4720 1391 4772 ab
1422 4735 1490 4773 eo
1529 4714 1859 4784 eXplicatur.

1104 4809 1498 4866 ARTICULUS
1525 4809 1592 4864 ll.

559 4899 634 4956 De
661 4901 852 4956 harum
900 4902 1376 5024 adumbrationuml
1412 4902 1757 4968 editionibus,
1797 4911 2033 4970 auctore,
2067 4918 2130 4956 ac

1257 4985 1354 5024 tiiu
1381 4989 1433 5024 ο.

1257 4985 1433 5028 ιιιιιιο.

625 5065 1083 5121 Adumbrationes
1107 5064 1234 5127 illa},
1262 5064 1376 5118 sive
1407 5063 1587 5133 petitis
1610 5064 1947 5119 brevissima:
1988 5075 2130 5118 notae

555 5147 611 5190 et
633 5137 1139 5190 animadversiones
1165 5137 1306 5206 typis
1339 5139 1500 5189 editae
1532 5135 1754 5206 fuerunt
1800 5152 1905 5190 non
1938 5136 2129 5206 solum

558 5209 611 5260 iii
645 5208 965 5268 Parisieusi,
989 5216 1045 5259 et
1073 5203 1260 5260 nostra
1292 5207 1640 5274 Lugdunensi
1665 5203 1889 5258 Patrum
1924 5205 2125 5258 Biblio-

555 5278 728 5339 theca,
759 5279 851 5330 sed
891 5277 1086 5330 Oxouii
1117 5278 1284 5330 etiam
1318 5293 1462 5329 anno
1499 5279 1658 5340 1685,
1686 5291 1750 5328 ac
1772 5277 1968 5344 Lipsia:
1990 5290 2132 5327 anno

559 5348 724 5410 1700,
763 5355 884 5415 post
909 5354 1228 5410 tractatum,
1268 5347 1398 5413 Quis
1433 5347 1574 5400 dives
1607 5347 1826 5400 salutem
1878 5344 2130 5413 consequi

553 5431 741 5499 possit,
769 5419 837 5471 de
863 5431 969 5486 quo
995 5422 1250 5487 superius
1287 5421 1544 5480 uiximus,
1589 5416 1787 5485 publici
1821 5418 1979 5470 facta:
2005 5423 2131 5468 sunt

554 5503 716 5557 juris.
1173 5517 1178 5524 ·

627 5560 727 5623 Qui
755 5569 934 5611 autem
967 5558 1303 5612 editionibus
1341 5555 1446 5611 illis
1477 5555 1718 5624 praefecti
1745 5555 1920 5620 fuere,
1950 5556 1981 5610 ii
2011 5555 2133 5610 Cle-

560 5629 759 5682 mentis
801 5629 1157 5682 Alexandrini
1207 5644 1401 5680 nomen
1444 5626 1572 5680 huic
1611 5628 1870 5694 opusculo
1938 5627 2132 5682 inscri-

555 5838 616 5909 ΠΡ.
853 5771 928 5827 De
953 5771 1182 5826 institut.
1211 5770 1382 5862 divin.
1409 5771 1596 5835 litter.‘I
1632 5786 1681 5827 c.
1712 5769 1765 5836 8,
1800 5787 1854 5840 p.
1881 5771 2006 5845 545.

1177 379 1244 435 IN
1289 377 1718 436 CLEMENTEM
1757 351 1962 430 ALEli.
2000 369 2066 425 D.
2106 367 2195 424 LE
2218 365 2505 426 NOUle
2539 361 2993 421 DISSERTATIO
3021 360 3109 417 Ill.

2089 5772 2129 5804 "
2152 5773 2245 5830 lib.
2273 5791 2323 5830 VI
2378 5774 2517 5831 llist.
2558 5770 2778 5836 cccles.,
2806 5785 2854 5824 c.
2891 5767 2968 5834 l4,
2998 5782 3052 5836 p.
3083 5765 3212 5840 2l5.

3622 359 3734 414 “68

2249 494 2457 538 serunt.
2477 481 2674 536 Veram
2698 495 2861 550 porro
2878 493 2998 535 esse
3025 493 3144 550 eam
3168 476 3588 550 inscriptionem,
3603 488 3737 550 atque

2212 546 2240 609 Ξι
2265 555 2539 609 Clemente
2565 546 2933 604 Alexandrino
2953 549 3184 618 scriptas
3210 561 3328 600 esse
3359 546 3455 601 bas
3479 546 3737 605 adumbra-

2212 627 2389 678 tiones
2438 622 2672 691 probare
2715 629 3009 691 conantur_
3040 617 3349 691 Cassiodori
3409 617 3736 691 auctoritate,

2213 695 2406 762 hisque
2437 686 2582 747 illius
2615 690 2798 762 verbis
2823 689 2866 720 ¹³
2894 705 2908 740 :
2941 708 2958 740 ι
2991 686 3046 762 lu
3070 686 3327 762 Epistolis
3355 688 3619 762 canonicis
3640 689 3740 742 Cle-

2211 755 2390 827 mens,
2416 761 2825 816 Alexandrinus
2873 755 3177 828 presbyter,
3214 757 3320 828 qui
3350 766 3405 828 et
3447 755 3740 828 Strometm

2211 825 2458 896 vocatur,
2484 833 2534 885 id
2554 842 2658 893 est,
2681 830 2732 882 in
2752 825 2993 898 Epistula
3015 825 3186 898 sancti
3214 825 3358 898 Petri
3381 826 3568 894 prima,
3593 831 3737 884 sancti

2211 901 2440 957 Joannis
2466 902 2638 970 prima
2659 910 2715 953 et
2745 896 3004 970 secunda.
3029 907 3086 970 et
3111 896 3301 970 Jacobi
3322 898 3567 970 quaedam
3591 900 3738 970 Attico

2214 967 2810 1026 sermone—declaravit.
2847 967 2948 1023 Ubi
2982 968 3147 1021 multa
3203 967 3422 1034 quidem
3473 967 3738 1034 subtiliter,

2211 1044 2307 1096 sed
2337 1041 2514 1108 aliqua
2563 1041 2778 1108 incaute
2808 1039 3020 1091 locutus
3043 1047 3127 1091 est
3154 1052 3168 1088 :
3203 1050 3324 1105 qua:
3356 1051 3453 1108 nos
3482 1038 3554 1108 ita
3585 1047 3738 1093 trans-

2213 1112 2346 1166 ferri
2398 1111 2627 1166 fecimus
2669 1109 2723 1162 iri
2753 1107 3006 1162 Latinum
3030 1146 3046 1170 ,
3083 1115 3142 1159 ut
3181 1107 3418 1160 exclusis
3454 1107 3743 1174 quibusdam

2211 1181 2575 1242 offendiciilis,
2618 1179 2899 1247 puriticata
2952 1177 3200 1230 doctrina
3241 1175 3358 1242 ejus
3406 1177 3639 1230 securior
3674 1193 3745 1246 po-

2212 1253 2406 1307 tuisset
2440 1246 2675 1306 hauriri.
2709 1266 2727 1298 ι
2763 1247 3220 1301 Adumbrationes
3243 1246 3546 1312 enimvero,
3569 1247 3747 1317 dequi-

2213 1321 2316 1377 bus
2352 1323 2711 1390 disputamus,
2762 1318 2869 1390 has
2898 1317 3157 1390 ipsasniet
3202 1331 3343 1380 esse,
3376 1330 3530 1390 quas
3559 1315 3746 1371 Caséio—

2213 1394 2381 1446 dorus
2407 1385 2834 1454 commemorat,
2859 1387 2980 1438 inde
3003 1385 3296 1456 colligunt;
3329 1387 3454 1452 quia
3482 1387 3566 1439 ille
3592 1400 3747 1454 aperte

2215 1462 2537 1516 testificatur
2567 1461 2620 1513 in
2669 1457 2799 1522 illis,
2851 1471 2970 1522 qua:
3001 1472 3029 1508 a
3077 1456 3358 1509 Clemente
3408 1456 3749 1509 Alexandrino

2254 1530 2471 1585 rofecta:
2499 1538 2644 1593 sunt,
2694 1542 2801 1581 non
2835 1527 3077 1594 integras
3108 1527 3373 1579 horumce
3415 1527 3746 1594 apostolorum

2254 1547 2471 1585 Γοιθςιειξ
2499 1547 2644 1593 ειιηῐ,
2694 1547 2801 1581 11οη
2835 1547 3077 1594 ttltegrus
3109 1547 3373 1579 IIUI'IIIIICC
3415 1547 3746 1594 apuswiorum

2213 1547 2486 1671 Epistolas
2517 1599 2683 1653 fuisse
2716 1595 3017 1671 expositas,
3052 1596 3144 1648 sed
3188 1611 3257 1649 ex
3300 1595 3628 1671 iisquiedain
3656 1605 3750 1671 lan-

2213 1665 2325 1725 tu'in
2355 1673 2536 1724 Attico
2565 1680 2818 1722 sermone
2863 1665 3153 1732 explicata,
3187 1680 3253 1718 ex
3296 1666 3493 1732 quibus
3521 1667 3746 1719 nonnulla

2213 1742 2435 1795 incaute
2466 1739 2612 1793 dicta
2644 1739 3054 1808 ipseconsolto
3084 1737 3378 1808 resecavit.
3413 1736 3483 1788 At
3533 1750 3617 1808 ex,
3642 1737 3752 1808 ista-

2215 1826 2355 1871 rum,
2393 1812 2458 1863 de
2480 1805 2678 1876 quibus
2707 1807 2937 1875 agimus,
2980 1805 3457 1858 adunibrationum
3483 1805 3701 1860 exhibita
3727 1823 3752 1860 a

2215 1881 2373 1934 nobis
2401 1879 2606 1949 anatysi
2654 1887 2798 1949 patet
2831 1876 3230 1949 quamplurima
3273 1886 3506 1949 quatuor
3529 1879 3755 1944 apostoli-

2212 1967 2397 2004 caruin
2426 1946 2682 2003 harumce
2707 1946 3072 2014 Epistolarum
3106 1946 3222 1999 loca
3253 1947 3372 2000 siue
3403 1947 3509 1998 ulla
3531 1954 3622 1998 aut
3650 1958 3750 1999 nota

2212 2033 2309 2074 aut
2348 2021 2714 2089 explicatione
2758 2019 2808 2068 in
2855 2018 3046 2070 iisdem
3105 2020 3325 2085 penitus
3373 2018 3575 2070 omissa
3619 2017 3756 2071 fuisse

2213 2090 2736 2145 adumbrationibus.

2274 2161 2600 2215 Oxunieiisis
2621 2175 2748 2210 vero
2767 2161 3053 2228 episcopus
3070 2157 3351 2210 existimat
3366 2171 3459 2211 eas
3477 2171 3595 2211 esse
3621 2157 3758 2209 Ὑπο·

2213 2230 2538 2285 tumbas-tor
2566 2231 3024 2282 Clenientinarum
3053 2239 3284 2296 partem,
3300 2243 3364 2281 ac
3379 2228 3759 2289 Cassiodorum,

2213 2304 2306 2372 qni
2357 2301 2694 2372 Clementem
2734 2299 3095 2372 Siromateum
3147 2308 3334 2372 vocat,
3377 2301 3603 2372 verbum
3632 2297 3758 2352 Grae-

2214 2367 2367 2434 cum,
2413 2367 2826 2432 ὑποτυπώσεις,
2869 2369 3062 2423 Latine
3112 2369 3546 2420 adumbrationes
3614 2370 3760 2421 reddi-

2215 2443 2380 2496 disse.
2409 2439 2464 2493 lii
2523 2442 2681 2506 hujus
2723 2452 2900 2493 autem
2947 2441 3281 2506 conjectura:
3319 2439 3762 2491 confirmationem

2216 2512 2450 2579 proferri
2494 2510 2720 2563 forsitan
2770 2519 3000 2577 possunt
3067 2516 3184 2562 haec
3229 2509 3564 2579 Ensebiide
3603 2514 3759 2562 COtiClll

2214 2575 2492 2636 Clemente
2523 2582 2682 2632 verba
2708 2575 2790 2635 ’δὲ
2826 2600 2844 2632 ι
2885 2581 2940 2634 lii
2971 2580 3128 2634 libris
3163 2575 3655 2643 Ὑποτυπώσεων,
3677 2593 3764 2629 oin-

2217 2653 2366 2705 nimn
2396 2664 2454 2705 ut
2498 2667 2605 2704 uno
2649 2652 2817 2705 verbo
2862 2653 3068 2714 dicam,
3117 2651 3412 2718 utriusque
3459 2648 3764 2703 Testaiiieiiii

2217 2724 2626 2792 Scripturaruin
2686 2722 3136 2789 compendiariam
3194 2720 3439 2792 instituit
3486 2729 3762 2774 enarratio—

2219 2791 2366 2854 nem,
2417 2806 2487 2844 ne
2523 2791 2630 2844 illis
2667 2793 2885 2860 quidem
2931 2791 3319 2860 praetermissis
3375 2791 3677 2860 scripturis,
3712 2792 3768 2840 de

2217 2864 2414 2930 quibus
2437 2864 2578 2915 inter
2605 2858 2806 2914 inultos
2833 2858 3132 2930 ambigitur
3167 2875 3181 2911 :
3207 2859 3364 2914 Judzc
3392 2858 3700 2928 EpiStolaiii,
3724 2870 3769 2910 et

2218 2933 2507 2995 Barnabie,
2527 2949 2591 2985 ac
2620 2933 2852 3000 reliquas
2873 2932 3177 2985 catholicas
3204 2930 3484 2999 Epistolas
3503 2933 3764 2998 intelligo.»

2220 3006 2360 3066 Quid
2390 3007 2557 3062 enim,
2594 3003 2827 3070 inquies,
2863 3003 2980 3056 ista:
3016 3001 3475 3054 adumbratinnes
3509 3003 3644 3053 aliud
3670 3013 3771 3053 con.

2225 3083 2418 3131 tinent.
2448 3073 2551 3126 nisi
2585 3071 3055 3140 compendiosum,
3089 3072 3165 3123 titi
3197 3072 3464 3135 diximus,
3494 3081 3769 3124 enarratio-

2143 3177 2184 3232 ο
2223 3144 2599 3232 ιιςιιιιμειιηιιιιι
2636 3142 2824 3232 l_’etri,l
2852 3140 3080 3232 Joannis
3109 3152 3178 3219 Oet
3223 3141 3771 3232 JudasEpistolaruni,

2224 3228 2363 3278 quas
2403 3213 2669 3265 Eusebius
2703 3228 2732 3264 a
2766 3212 3049 3266 Clemente
3076 3213 3156 3264 sic
3185 3224 3472 3279 expositas
3500 3229 3618 3266 esse
3648 3213 3773 3264 testi-

2224 3283 2454 3337 licatur?
2499 3283 2636 3349 Quid
2690 3298 2842 3348 vero,
2894 3283 3038 3350 quod
3091 3282 3146 3335 id
3191 3283 3531 3335 auctoritate
3575 3283 3771 3335 stabiliri

2223 3354 2402 3406 adhuc
2451 3361 2627 3422 potest
2661 3351 2864 3415 Photii,
2914 3352 3034 3421 qui,
3082 3351 3185 3406 etsi
3217 3353 3389 3422 paulo
3415 3353 3707 3422 obscurius,
3733 3352 3772 3400 iii

2223 3421 2474 3478 eniiideni
2529 3433 2709 3476 tamen
2757 3437 2976 3476 sensum
3009 3421 3300 3490 scripsit“
3335 3437 3350 3475 :
3389 3438 3408 3472 ι
3447 3421 3775 3491 llypaigposes

2223 3496 2448 3556 quidem
2498 3495 2946 3562 disceptationem
2980 3496 3276 3547 continent
3305 3491 3558 3545 locorum
3603 3493 3778 3557 aliquot

2231 3564 2438 3618 Veteris
2467 3561 2713 3631 Noviqae
2737 3561 3098 3627 Testiiineiiti,
3123 3577 3248 3632 qua:
3279 3564 3457 3616 etiam
3494 3574 3776 3616 summatim

2224 3636 2458 3701 explicat
2482 3644 2535 3686 et
2559 3633 3035 3704 interpretatur?)

2296 3706 2403 3758 Sed
2434 3708 2513 3757 hae
2544 3701 2871 3772 conjectura:
2901 3703 3086 3756 multis
3114 3717 3312 3770 parum
3347 3701 3698 3761 verosiniiles,
3730 3713 3778 3751 ac

2228 3773 2520 3829 levissima:
2554 3775 2742 3845 procul
2789 3773 3349 3845 dubio_videbuntur.
3388 3773 3784 3845 Pluriinareiiiut

2227 3857 2356 3903 ante
2390 3841 2590 3905 saecula
2621 3860 2742 3899 cuin
2776 3845 2900 3899 libri
2933 3841 3357 3912 liypotyposeon
3385 3843 3650 3912 deperditi
3687 3843 3781 3891 lue-

2229 3933 2361 3986 rint,
2390 3931 2650 3992 quonam,
2687 3931 2892 3990 quasso,
2930 3916 3092 3971 modo
3122 3917 3371 3991 probare
3403 3923 3547 3966 ullus
3574 3925 3776 3992 unquam

2227 3986 2424 4061 poterii
2453 3994 2595 4058 illas,
2625 3986 2924 4062 de'quiuns
2949 3986 3329 4059 disputamus,
3363 3986 3775 4048 adumbrationei

2225 4081 2292 4118 ex
2324 4065 2441 4117 istis
2468 4063 2876 4134 llypoiyposcou
2909 4064 3063 4117 libris
3091 4063 3264 4117 fuisse
3293 4064 3598 4116 codectas?

2301 4135 2502 4187 Deinde
2527 4131 2691 4188 ivero,
2725 4135 3110 4196 Cassiodorus,
3152 4137 3246 4201 qui
3295 4135 3398 4186 bas
3447 4131 3778 4186 adumbratio-

2230 4219 2326 4259 ues
2366 4204 2556 4258 Graece
2600 4206 2834 4272 scriptas
2882 4207 3116 4268 Viderat,
3158 4205 3522 4274 iusseratque
3566 4203 3779 4255 Latinam

2231 4277 2366 4327 verti
2394 4279 2446 4328 in
2485 4274 2745 4344 linguam,
2770 4278 2835 4328 de
2866 4276 2930 4328 iis
2963 4273 3226 4342 tauquam
3263 4274 3534 4341 singulari
3578 4273 3779 4339 quodam

2228 4346 2523 4424 Clementis
2554 4360 2743 4414 opere,
2778 4349 2847 4399 ab
2881 4344 3305 4414 llypotyposeon
3350 4347 3512 4398 libris
3553 4345 3782 4396 distincto

2229 4423 2486 4484 loquitur.

2303 4482 2418 4539 Non
2449 4487 2624 4540 minus
2662 4495 2924 4554 praeterea
2962 4485 3236 4542 incertum
3264 4493 3352 4540 est
3388 4492 3570 4537 utrum
3599 4482 3783 4554 Cassio-

2159 4542 2202 4597 Ῑ)
2235 4557 2400 4611 dorus
2432 4556 2549 4608 loco
2575 4573 2604 4608 a
2634 4542 2790 4610 n'obis
2813 4561 3005 4621 citato,
3030 4559 3100 4610 de
3127 4558 3282 4610 hisce
3315 4556 3682 4624 Epistolarum
3705 4553 3786 4604 l’e-

2240 4630 2345 4694 tri,
2383 4625 2534 4679 Judie
2575 4636 2630 4679 et
2672 4624 2897 4680 Joannis
2937 4627 3464 4680 adumbratiouibus
3508 4638 3783 4679 sermonem

2237 4698 2453 4752 fecerit.
2491 4696 2676 4750 Primo
2703 4698 2971 4764 siquidem
2995 4698 3084 4750 ille
3115 4698 3376 4767 Epistolas
3398 4711 3428 4748 a
3455 4695 3674 4754 Jacobo,
3698 4707 3783 4767 uini

2237 4780 2420 4820 autem
2458 4784 2486 4820 a
2518 4771 2655 4821 Juila
2693 4780 2832 4820 data:
2871 4769 3141 4821 meminit.
3163 4765 3369 4836 Neque
3419 4767 3622 4820 dixeris
3651 4765 3783 4836 solita

2238 4838 2594 4892 librariorum
2647 4840 3068 4891 amanuensiom
3129 4835 3350 4892 incuria
3404 4836 3458 4890 in
3504 4835 3783 4890 Cassiodort

2240 4918 2390 4962 textu
2421 4924 2519 4979 pro
2566 4908 2740 4970 Judae,
2772 4923 2968 4961 nomen
3001 4907 3192 4962 Jacobi
3223 4907 3401 4962 fuisse
3440 4908 3780 4977 substitutum.

2239 4979 2321 5032 Nu
2347 4982 2396 5031 la
2421 4975 2631 5034 etenim
2661 4979 2906 5031 codicum
2943 4993 3036 5031 Seu
3071 4980 3350 5032 editorum
3380 4993 3479 5031 seu
3519 4975 3786 5029 manuscrio

2237 5063 2454 5120 ptoruiii
2504 5050 2855 5114 auctoritate,
2891 5053 3148 5118 nullaque
3191 5051 3300 5101 alia
3347 5051 3559 5102 ratione
3594 5048 3646 5100 id
3677 5059 3786 5114 pro.

2236 5123 2355 5179 bari
2389 5129 2592 5190 potest.

2309 5187 2566 5246 Secundo
2593 5187 2957 5245 CasSiodorus
2981 5203 3081 5242 nos
3103 5188 3368 5243 admonet
3393 5203 3452 5243 se
3479 5202 3540 5242 ex
3569 5187 3652 5251 iis,
3675 5198 3785 5254 quos

2238 5267 2352 5336 prie
2387 5263 2639 5336 manibus
2685 5262 2900 5336 habuit,
2926 5261 3225 5336 Clementis
3255 5260 3616 5336 Alexandrini
3650 5276 3695 5310 iii
3734 5259 3785 5306 il-

2238 5330 2319 5391 ias
2345 5335 2508 5388 trium
2545 5333 2914 5399 apostolorum
2943 5331 3216 5398 Epistolas
3242 5330 3650 5383 commentariis
3670 5343 3787 5394 qua:-

2237 5414 2360 5462 dam
2391 5411 2696 5466 sustulisse,
2731 5403 2874 5453 haud
2905 5401 3070 5455 duoie
3097 5415 3352 5454 errorum
3381 5401 3718 5460 offendicula,
3741 5405 3785 5447 ut

2239 5495 2371 5534 satia
2405 5485 2669 5542 rectaque
2713 5472 2832 5541 ejus
2863 5475 3110 5526 doctrina
3157 5481 3353 5538 posset
3400 5475 3644 5526 securius
3673 5475 3784 5522 bau-

2242 5551 2364 5604 riri.
2393 5547 2558 5616 Atqui
2596 5545 2649 5596 in
2681 5549 2786 5606 bis,
2812 5547 2876 5598 de
2899 5544 3102 5613 quibus
3137 5544 3374 5608 quaestio
3403 5553 3506 5606 est,
3536 5545 3786 5595 adumbra-

2243 5622 2503 5682 tionibus,
2539 5618 2777 5670 nonnulii
2831 5621 3014 5669 adhuc
3070 5625 3371 5680 supersunt
3411 5627 3643 5675 errores,
3673 5622 3786 5679 quas

3307 5768 3350 5799 ¹⁸
3378 5766 3510 5823 Bibl.
3543 5766 3663 5822 cod.
3692 5777 3784 5830 eis,
