3874 6544
146 411 271 470 Ηϐθ

1223 417 1312 474 DE
1349 418 1532 476 ALHS
1569 418 1775 477 CLEM.
1814 419 2020 477 ALEX.
2063 421 2264 480 OPEB.

2757 383 2785 408 Ι

3225 424 3358 480 ΗἹΟ

140 528 639 612 Cassiodorusmon
662 532 840 612 minus
870 532 993 612 inde
1025 551 1204 612 quam;
1222 537 1358 594 alios
1405 549 1688 612 amputare
1718 540 1763 597 Α
1795 547 1885 591 aut
1933 539 2354 606 transpositione
2395 542 2628 609 dicatur,
2663 544 2849 599 eadem
2882 543 2935 598 in
2970 557 3054 605 eo,
3089 553 3250 612 atque
3284 543 3354 598 ab

139 601 334 677 debuit.
362 601 518 677 Qund
551 604 766 672 quidem
795 619 882 677 CXJ
907 605 998 668 iis,
1027 601 1146 675 quae
1191 609 1247 662 in
1277 601 1524 677 sequenti
1555 612 1686 664 arti-

139 669 252 726 culo
277 670 512 724 dicenda
542 669 686 733 sunt,
712 669 1058 730 manifestum
1082 679 1330 731 omnibus
1354 669 1472 733 'iiet.

200 739 332 795 Cum
366 739 514 816 nulla
549 742 712 816 igitur
751 745 886 816 satis
921 747 1095 800 valida
1148 749 1359 803 ratione
1399 747 1682 816 probatum

138 811 396 864 hactenus
432 811 598 864 fuerit
625 827 718 865 eas
747 815 1187 872 adumbrationes
1219 827 1312 871 aut
1343 811 1411 871 ei
1439 820 1684 874 Clemen-

139 881 204 956 _t_i_s
231 879 588 956 Alexandrini
633 883 888 956 operibus
934 883 1100 956 fuisse
1137 889 1440 956 decerptas,
1477 900 1573 942 aut
1615 890 1684 943 ab

139 949 223 1024 illo
251 951 489 1024 seorsim
539 949 895 1020 compositas,
932 954 997 1008 iis
1045 956 1254 1010 facilius
1300 949 1681 1024 asseixtiemur,

137 1020 228 1093 qui
250 1019 374 1074 illas
405 1036 436 1073 a
465 1023 733 1090 scriptore
764 1019 1058 1093 non’plaue
1086 1029 1412 1091 ortbodoxo,
1445 1031 1540 1084 sed
1572 1019 1681 1085 hae;

139 1091 424 1168 retirorum
461 1093 709 1160 partibus
740 1091 924 1162 potius
977 1097 1216 1162 addicto,
1255 1099 1528 1168 prolectas
1565 1115 1683 1155 esse

134 1161 450 1214 ostenderit.

194 1229 360 1308 Paulo
392 1229 581 1300 itaque
619 1229 855 1308 majoris
884 1236 1143 1308 momenti
1184 1238 1525 1308 argumentis
1556 1253 1682 1306 pro-

133 1299 241 1376 bari
280 1311 466 1376 potest
497 1299 784 1376 pra-elisam
829 1302 996 1376 ﬁtisse
1028 1306 1153 1362 huic
1187 1299 1336 1376 opem
1385 1299 1686 1365 Adam-bra-

132 1375 323 1446 tionarn
348 1370 797 1446 inscriptionem.
829 1373 1108 1430 TeStatum
1138 1370 1401 1446 siquidem
1433 1379 1684 1436 Labbeus

134 1439 250 1492 facit
274 1440 318 1470 ³⁵
346 1441 468 1495 haec
499 1439 561 1496 se
605 1442 806 1508 vidisse
847 1439 1288 1502 commentariola
1317 1466 1335 1500 ι
1365 1449 1572 1504 calamo
1595 1465 1684 1504 ex-

133 1509 364 1585 arata_i_t_t
397 1513 976 1585 membraniscodicis
1028 1519 1256 1583 antiqui,
1286 1518 1376 1585 qui
1410 1519 1512 1573 fuit
1552 1521 1680 1574 olim

129 1579 354 1632 rteuobii
402 1579 463 1634 S.
498 1581 680 1637 Maria:
721 1581 921 1640 Montis
958 1586 1073 1648 Dei,
1103 1579 1190 1641 tibi
1235 1579 1682 1645 Adumbrationes

129 1648 522 1708 iuscribmitur.
555 1672 575 1706 ι
608 1652 793 1720 Neque
822 1657 984 1710 etiam
1038 1656 1176 1712 ullus
1213 1659 1492 1714 dubitandi
1533 1659 1684 1715 locus

125 1729 202 1772 est
229 1733 323 1772 eas
352 1720 412 1798 in_
440 1725 810 1798 manuscripto
835 1728 1045 1798 codice,
1073 1741 1140 1781 ex
1167 1743 1273 1797 quo
1309 1730 1449 1798 typis
1474 1729 1682 1785 Latinis

124 1803 362 1865 excusa-4
399 1793 452 1846 in
489 1793 685 1861 vulgus
734 1796 1072 1863 prodierunt,
1108 1793 1300 1852 eodem
1333 1793 1452 1854 "hoc
1499 1800 1678 1865 titulo,

1789 620 2013 682 auctore
2045 620 2232 682 nostro
2260 612 2443 678 opinio
2471 613 2754 673 asseritur,
2787 618 3099 682 superiores
3132 614 3356 680 augelOs

1788 693 1883 744 per
1917 678 2050 730 alios
2079 679 2363 732 inferiores
2398 682 2449 734 iu
2481 698 2566 734 res
2613 678 2874 738 humanas
2909 699 3090 749 agere,
3131 694 3185 734 et
3208 678 3351 735 Vtrum

1789 749 2105 821 hominibus
2154 749 2320 814 loqui.
2361 751 2570 805 Etenim
2624 753 2674 804 in
2724 753 2890 821 Epist.
2943 754 3096 807 Juda:
3138 769 3286 807 vers.
3318 755 3352 808 9

1787 816 1904 872 hazc
1934 817 2021 870 ille
2058 818 2407 874 observavit:
2439 839 2457 872 t
2498 821 2724 875 Michael
2767 816 2953 877 autem
3001 824 3086 876 hic
3113 823 3348 886 dicitur,

1784 891 1876 1012 (ὥιί
1908 903 2004 957 per
2032 889 2394 962 propinquum
2423 895 2672 962 angelum
2697 891 3062 946 altercabatur
3089 909 3209 947 cum
3236 896 3354 946 dia-

1874 975 1926 1012 o.
1952 977 1970 1011 ι

1874 975 1970 1012 0.)

1855 1029 1896 1080 Α
1923 1028 2080 1102 bonis
2104 1043 2283 1088 autem
2318 1031 2527 1102 angelis
2567 1033 2632 1086 ad
2679 1032 2849 1086 malos
2876 1041 2929 1085 et
2966 1032 3354 1100 praevaricato-

1788 1113 1876 1171 res
1905 1100 1948 1171 si
1993 1113 2360 1162 transeamus.
2397 1100 2499 1156 ille
2534 1103 2692 1171 paulo
2738 1104 2989 1166 superius
3040 1104 3090 1155 in
3135 1111 3348 1156 sextum

1783 1167 2021 1240 ejusdem
2054 1173 2307 1240 Epistolas
2333 1167 2545 1226 versum
2562 1172 2700 1226 haud
2718 1173 3033 1226 btesitauter
3067 1171 3355 1228 afﬁrmavit.

1788 1236 1886 1292 hos
1909 1236 2181 1307 apostatas
2232 1243 2452 1310 angelos
2481 1259 2500 1292 ‹
2532 1243 2582 1294 in
2604 1245 2836 1295 viciumu
2855 1253 3011 1296 terrm
3035 1243 3355 1304 locum,hoc

1770 1316 1888 1372 est,
1914 1311 2264 1381 caliginosum
2295 1327 2496 1370 aerem.
2529 1310 2696 1365 fuisse
2724 1313 2993 1365 detrusus.
3037 1331 3056 1364 ι
3096 1311 3355 1368 Petavius

1785 1391 1914 1431 vero
1936 1389 2075 1449 tom.
2112 1381 2172 1435 Ill
2211 1381 2389 1434 Theol.
2419 1383 2621 1449 dogm.,
2659 1381 2749 1434 'lb.
2785 1398 2863 1442 ιιι,
2892 1398 3012 1448 Cap.
3039 1384 3091 1447 ι,
3109 1384 3352 1439 ostendit

1785 1461 1902 1519 eam
1926 1447 2095 1504 fuisse
2110 1461 2351 1504 veterum
2369 1447 2623 1505 Ecclesia:
2643 1452 2859 1505 Patrum
2878 1447 3214 1519 opinionem.
3239 1451 3349 1507 Sed

1783 1517 1867 1569 his
1918 1520 2284 1590 scriptoribus
2335 1531 2618 1577 auctorem
2676 1517 2927 1576 nostrum
2979 1538 3350 1576 aunumerare

1783 1588 2068 1656 potuisset.

1852 1657 2299 1713 Auimadvertere
2338 1668 2593 1729 praeterea
2630 1659 2888 1714 debemus
2921 1669 3197 1715 auctorem
3245 1675 3346 1713 no-

1783 1734 1957 1780 strum
2003 1730 2232 1797 vulgatae
2269 1731 2660 1783 catholicarum
2712 1731 3074 1798 Epistolarum
3106 1731 3344 1783 versioni

1783 1810 1890 1850 non
1927 1801 2141 1866 penitus
2174 1801 2460 1854 inhaarere.
2500 1797 2878 1854 Verumtamen
2908 1817 3024 1854 eam
3071 1815 3212 1866 saepe
3241 1814 3344 1850 sw-

123 1873 223 1927 quo
245 1877 276 1914 a
321 1859 508 1916 Fabro
551 1859 769 1934 quoque
818 1859 1129 1935 Stapuleusi
1171 1869 1488 1936 laudantur,
1517 1859 1686 1926 fuisse
1719 1877 1760 1933 Β
1790 1859 2028 1939 pius-ita
2067 1869 2332 1939 sequitur,
2373 1881 2428 1922 ut
2470 1872 2537 1921 ab
2569 1870 2704 1937 ipso,
2734 1871 2814 1924 vel
2846 1873 2888 1925 si
2929 1859 3158 1925 Gnerus
3186 1871 3346 1922 homo

121 1940 469 1998 praenotatas.

185 1999 298 2082 Cu’r
331 2017 590 2082 porro_eo
623 2003 1005 2082 nomineillud
1038 2009 1360 2082 opusculum
1403 2025 1684 2082 nuncupa-

122 2070 441 2149 tumfuerit,
466 2072 512 2124 si
529 2089 569 2149 _a
596 2075 748 2128 nobis
771 2077 893 2149 quis
925 2070 1212 2149 rogaverit,
1241 2070 1685 2149 respondebimus

121 2139 246 2194 illud
285 2142 495 2222 idcirco
528 2145 600 2196 ita
628 2160 748 2222 esse
779 2139 1127 2222 inscriptum1
1155 2139 1414 2222 quianon
1448 2152 1683 2222 perfecta

117 2219 170 2282 et
195 2211 451 2282 omnibus
482 2215 726 2268 numeris
746 2211 992 2269 absoluta
1017 2217 1068 2270 in
1095 2211 1261 2282 Petri,
1285 2211 1684 2277 Judm'etloan-

119 2279 199 2332 uis
232 2280 508 2359 Epistolas
540 2287 958 2359 commentaria,
999 2288 1094 2359 sed
1145 2279 1289 2344 leves
1332 2301 1560 2359 tantum,
1604 2295 1680 2348 uti

115 2365 177 2428 ex
214 2351 374 2404 dictis
424 2353 620 2421 liquet,
659 2369 844 2408 earum
876 2356 1142 2428 imagines
1175 2367 1232 2413 et
1278 2362 1490 2428 species
1523 2351 1678 2416 exhi-

116 2419 244 2494 bent
283 2436 357 2494 ac
413 2419 826 2494 repraesentant.
859 2419 1035 2494 Atqu'e
1089 2427 1217 2483 illud
1270 2419 1418 2485 certe
1463 2434 1680 2489 nomine

115 2489 448 2546 adumbratio
477 2489 587 2547 non
616 2493 758 2549 male
784 2489 1145 2564 significatur.

533 2585 698 2658 350
743 2585 1136 2669 ARTICULUS
1172 2589 1257 2647 ιιι.

119 2671 171 2726 Ν
173 2691 281 2730 om
302 2675 354 2730 in
372 2678 472 2732 has
484 2680 936 2744 adumbrationes,
950 2687 1056 2736 sive
1072 2684 1528 2751 commentariola,
1541 2696 1678 2743 noue

607 2760 654 2802 et
679 2752 1179 2806 animadversiones.

176 2838 444 2914 Quamvis
480 2843 865 2914 brevissimum
895 2844 967 2896 sit
1001 2845 1103 2914 hoc
1126 2846 1466 2914 opusculum,
1487 2849 1554 2901 ad
1578 2865 1676 2905 nos

109 2919 290 2986 tamen
318 2912 448 2966 illud
476 2914 636 2981 plane
667 2913 937 2986 integrum
985 2922 1041 2986 et
1072 2912 1443 2984 incorruptum
1485 2933 1677 2986 perve-

108 2983 256 3054 niss_e
288 2992 710 3054 nouputamus.
747 2982 800 3036 lu
835 2986 975 3054 hunc
996 2983 1260 3052 siquidem
1296 2982 1673 3054 prinue'Joan-

104 3053 192 3122 niis
215 3050 477 3121 Epistolas
517 3055 752 3122 primum
784 3053 979 3122 capitis
1009 3050 1230 3109 secundi
1263 3050 1476 3111 versum
1510 3075 1525 3112 :
1555 3077 1574 3110 ι
1608 3061 1675 3116 Ει

105 3121 147 3197 si
201 3123 324 3190 quis
366 3121 708 3197 peccaverit,
770 3121 1486 3197 consolatoretnhabemus
1532 3133 1672 3197 apud

99 3189 344 3256 Patrem,
367 3189 558 3248 Iesum
582 3195 876 3254 Christum,
903 3213 923 3244 ι
957 3195 1069 3247 hinc
1092 3193 1290 3263 scripta
1312 3207 1471 3250 sunt:
1503 3217 1521 3250 t
1548 3189 1672 3255 Sic-

99 3272 165 3334 ut,
188 3265 334 3317 enim
375 3265 518 3332 apud
561 3263 775 3318 Patrem
807 3263 1117 3318 consolator
1143 3274 1224 3318 est
1258 3282 1353 3334 pro
1375 3269 1532 3322 nobis
1565 3269 1669 3324 Do-

99 3333 317 3398 minus;
352 3335 432 3388 sic
467 3334 630 3405 etiam
650 3334 1088 3405 consolatorest,
1120 3333 1278 3405 quem
1309 3346 1429 3405 post
1457 3354 1670 3394 assum-

93 3405 337 3476 ptionem
353 3418 508 3476 suam
532 3404 784 3472 dignatus
804 3412 884 3476 est
915 3404 1147 3459 mittere.
1168 3404 1284 3475 [Hae
1307 3404 1539 3476 namque
1561 3411 1670 3476 pri-

95 3473 302 3527 mitivaa
348 3475 602 3534 virtutes,
649 3489 712 3527 ac
745 3473 1486 3543 primocreataeqimmobites
1520 3473 1665 3534 eisi-

93 3553 303 3618 stentes
353 3544 658 3618 secundum
704 3543 1096 3618 substantiam,
1146 3553 1202 3598 et
1244 3562 1366 3599 cum
1409 3549 1668 3618 subjectis

91 3615 306 3682 angelis
327 3625 390 3688 et
417 3614 798 3688 archangelis,
817 3629 941 3668 cum
972 3617 1168 3688 qqibus
1199 3627 1461 3688 vocantur
1493 3614 1665 3688 tequi-

92 3697 248 3751 voce,
305 3684 556 3738 diversas
589 3685 939 3751 operationes
973 3683 1234 3739 alliciunt.
1271 3684 1361 3738 Sic
1411 3683 1574 3742 etiam
1610 3700 1664 3745 et

89 3750 307 3823 Moyses
339 3753 573 3809 Michael
600 3750 772 3822 angeli
803 3755 1056 3808 virtutem
1090 3770 1186 3823 per
1219 3755 1454 3810 vicinum
1484 3759 1585 3812 sibi
1613 3769 1668 3814 et

89 3822 340 3896 inﬁmum
371 3823 625 3896 angelum
672 3834 852 3896 vocat.
909 3822 1174 3896 Similiter
1204 3827 1418 3896 quoque
1456 3828 1507 3881 iu
1549 3845 1666 3896 pro-

86 3892 272 3967 phetis
305 3894 873 3967 sanctisinvenimus,
926 3896 1020 3949 sed
1057 3894 1486 3967 Moysiquidem
1546 3892 1667 3967 pro-

85 3964 330 4036 pilt‘quus
354 3979 419 4018 ac
435 3966 648 4036 vicinus
664 3964 888 4032 angelus
913 3964 1184 4036 apparuit.
1204 3964 1490 4036 Exaudivil
1517 3964 1660 4036 eum,

84 4031 392 4105 et_l_ucutus
445 4035 494 4087 ei
544 4031 755 4105 Moyses
799 4031 1088 4088 manifeste
1131 4035 1272 4088 facie
1319 4036 1386 4088 ad
1443 4031 1660 4094 faciem.

57 4103 224 4174 ~Aliis
255 4115 443 4157 autem
491 4103 772 4174 pr0pbetis
817 4105 1113 4174 secundum
1149 4105 1520 4172 operationem
1567 4122 1664 4160 an-

53 4173 334 4238 gelorum
361 4183 546 4228 motus
576 4175 796 4244 quidam
823 4175 1007 4239 fiebat,
1036 4173 1198 4228 veluti
1225 4175 1563 4230 audientium
1597 4194 1662 4238 ac

80 4244 411 4299 videntium.
447 4243 657 4300 Idcirco
685 4253 740 4298 et
784 4245 883 4297 soli
925 4244 1240 4308 audiebant,
1287 4246 1497 4314 solique
1537 4263 1661 4302 cer-

82 4316 311 4380 nebant,
345 4317 490 4368 sicut
513 4325 569 4369 et
611 4316 665 4368 in
702 4314 954 4369 Samuele
1001 4315 1400 4369 mauilestatur.
1447 4316 1662 4373 Eliseus

78 4386 249 4438 etiam
301 4384 460 4440 solus
499 4385 772 4439 audiebat'
803 4399 1015 4449 vocem,
1057 4399 1163 4452 qua
1194 4393 1416 4439 vocatus
1461 4397 1564 4442 est.
1601 4388 1656 4442 Si

78 4463 266 4509 autem
295 4469 452 4510 esset
479 4455 764 4509 manifesta
789 4464 842 4509 et
856 4456 1160 4509 communis
1185 4470 1306 4521 vox,
1327 4455 1395 4508 ab
1409 4459 1659 4513 omnibus

73 4525 456 4593 prazsentibus
483 4527 802 4580 audiretur:
837 4541 979 4578 nunc
1008 4535 1201 4596 autem
1230 4541 1260 4576 a
1292 4526 1429 4588 solo,
1465 4528 1517 4578 in
1549 4545 1657 4596 quo

69 4596 419 4668 operabatur
436 4607 636 4659 mows,
656 4597 843 4668 quiab
865 4594 1054 4664 angelo
1083 4597 1263 4668 fiebat,
1283 4597 1464 4650 audita
1490 4594 1651 4668 θείη»

69 4663 275 4736 Totum
293 4680 486 4720 autem
516 4667 656 4719 haud
676 4663 934 4736 exiguum
959 4669 1060 4720 hoc
1087 4666 1477 4733 fragmentum,
1505 4663 1658 4724 nucis

64 4734 383 4800 inclusum,
435 4736 642 4789 nullam
701 4734 922 4804 penitus
955 4751 1079 4789 cum
1113 4739 1542 4803 prazceucntibus
1591 4756 1655 4793 ac

66 4805 570 4878 subsequentibus,
605 4819 780 4874 neque
808 4821 930 4878 cum
951 4807 1245 4878 ipsiusmet
1272 4805 1497 4878 Joannis
1524 4824 1657 4878 apo-

61 4877 224 4942 stoli,
258 4892 387 4946 quae
415 4877 779 4945 explicantur,
814 4875 1110 4931 verbisuec
1133 4875 1522 4946 connexionem
1554 4875 1650 4930 na-

59 4949 186 5009 bet,
230 4945 337 5003 nec
386 4945 726 5001 afﬁnitatem.
765 4947 951 5015 Itaque
979 4962 1009 4998 a
1050 4946 1190 5001 male
1241 4945 1435 5000 feriato
1473 4949 1654 5016 aliquo

60 5019 352 5086 scriptore
393 5017 529 5071 illud
565 5019 863 5086 adjectum,
897 5025 992 5070 aut
1022 5017 1437 5071 amauuensium
1487 5018 1653 5071 libra-

58 5089 285 5142 riorum
323 5089 655 5158 negligentia
687 5099 741 5143 et
770 5088 1066 5142 oscitantia
1114 5087 1234 5156 loco
1267 5102 1366 5140 suo
1419 5088 1650 5142 forsitan

56 5170 287 5214 luctum
317 5169 423 5212 est.
452 5159 626 5228 Magis
657 5159 926 5228 siquidem
970 5158 1100 5212 illud
1134 5168 1386 5226 spectare
1444 5159 1654 5214 videtur

49 5231 128 5283 ad
169 5244 260 5293 ea,
286 5245 413 5298 qua:
456 5227 613 5298 prius
657 5227 846 5283 auctor
879 5238 1063 5282 noster
1113 5227 1168 5282 in
1218 5235 1380 5293 caput
1413 5228 1652 5291 tertium,

55 5315 220 5354 vers.
250 5297 352 5364 2‘2,
381 5297 574 5368 prima:
599 5297 744 5353 Petri
787 5299 1041 5367 Epistulae
1071 5299 1214 5354 hunc
1247 5300 1299 5352 itt
1342 5299 1557 5350 modum
1579 5299 1652 5350 tli-

47 5380 271 5426 xerat:
311 5390 331 5423 s
373 5369 646 5438 bubjectis
693 5369 796 5424 sibi
852 5373 1077 5438 angelis,
1117 5372 1232 5438 qui.
1263 5381 1390 5421 sunt
1450 5369 1656 5437 primus

47 5446 258 5497 ordo:
303 5451 362 5496 et
390 5441 628 5494 subditis
667 5443 1033 5509 potestatibus,
1082 5456 1202 5508 quae
1253 5451 1382 5492 sunt
1430 5441 1653 5494 secundi

44 5514 282 5568 ordinis
320 5528 335 5565 :
363 5512 593 5566 subditis
623 5525 844 5580 quoque
885 5512 1312 5583 virtutibus,qua:
1340 5509 1408 5565 ad
1434 5513 1654 5565 tertium

44 5584 324 5638 ordinem
358 5583 637 5652 pertinere
669 5582 1036 5652 declarantur.
1069 5600 1086 5631 ι

132 5649 431 5724 Quidquid
473 5661 656 5706 autem
687 5655 755 5707 de
809 5650 969 5718 hujus
1017 5650 1304 5720 t'ragmeuti
1358 5649 1652 5716 additioue,

1791 1935 1976 2007 fuerit,
2002 1940 2069 1994 ab
2106 1935 2223 2007 ejus
2261 1940 2559 2006 interprete
2591 1935 2913 2000 lectitatam.
2959 1941 3189 2006 lmicque
3226 1939 3343 1991 usui

1791 2003 1960 2062 fuisse
2015 2011 2103 2063 vix
2135 2003 2186 2062 ἰι
2241 2003 2510 2078 quoquam
2547 2009 2598 2062 iu
2656 2011 2873 2063 dubium
2933 2003 3126 2062 merito
3159 2009 3344 2061 vocari

1788 2089 1970 2149 queat.
2002 2079 2308 2149 Aliquando
2339 2095 2486 2139 vero,
2507 2081 2599 2131 sed
2622 2079 2795 2134 rarius
2825 2091 2932 2132 tam
2966 2081 3033 2131 ab
3068 2079 3343 2149 illa_qu:un

1790 2159 1820 2197 a
1857 2146 2046 2201 Grzeco
2079 2145 2265 2202 earum
2321 2160 2464 2203 textu
2511 2165 2800 2217 parumper
2852 2150 3102 2202 discedit.
3150 2145 3342 2202 Utrum

1791 2226 1970 2288 autem
2000 2218 2123 2272 inde
2148 2219 2326 2286 colligi
2361 2220 2530 2288 possit
2550 2220 2616 2270 ab
2642 2219 2757 2286 ipso
2782 2234 2844 2272 ea
2870 2220 3055 2283 verba,
3075 2233 3102 2270 a
3133 2219 3345 2286 vulgata

1789 2287 2036 2340 versione
2073 2299 2126 2342 et
2159 2287 2372 2343 Graeco
2399 2297 2546 2341 textu
2601 2288 2988 2357 discrepantia,
3033 2289 3344 2341 memoriter

1787 2362 1999 2410 tantum
2036 2359 2246 2411 reddita
2271 2358 2456 2422 fuisse,
2476 2359 2543 2412 ab
2573 2358 2694 2412 aliis
2720 2359 2930 2423 audire,
2948 2373 3108 2428 quam
3140 2357 3343 2426 aliquid

1784 2433 2025 2480 Statuere
2060 2429 2348 2482 malumus.

1857 2494 2164 2551 Notandum
2221 2500 2442 2568 insuper
2478 2513 2505 2551 a
2555 2498 2710 2552 nobis
2739 2505 2821 2551 est
2849 2513 2948 2551 cur
2971 2507 3026 2550 et
3074 2497 3346 2566 quomodo

1784 2574 1977 2620 auctor
2021 2577 2206 2622 noster
2245 2569 2589 2639 Evangelium
2629 2583 2656 2619 a
2706 2568 2886 2622 Marco
2931 2568 3192 2637 scriptum
3227 2582 3346 2639 esse

1783 2639 2080 2705 censuerit.
2141 2639 2213 2692 De
2265 2640 2366 2693 hoc
2402 2636 2606 2692 etenim
2650 2643 2719 2691 ita
2770 2639 2857 2692 ille
2899 2636 3215 2705 pronuntiat
3251 2636 3290 2667 ⁸⁷
3326 2651 3341 2688 :

1789 2703 2053 2776 [Μαι-ους
2099 2706 2242 2761 Petri
2293 2719 2558 2768 seelator,
2611 2709 2784 2776 palam
2823 2703 3150 2776 praedicante
3180 2706 3342 2758 Petro

1783 2771 2133 2849 Evangelium
2174 2777 2357 2849 Boxum
2403 2793 2584 2849 coram
2611 2771 2953 2849 'quibus'dam
3005 2777 3343 2849 Ctesareanis

1780 2847 2089 2912 equitibus,
2121 2854 2174 2900 et
2210 2848 2372 2900 multa
2408 2847 2613 2901 Cbristi
2652 2845 2962 2900 iestimouia
2995 2845 3340 2913 proferente,

1782 2913 1980 2981 petitus
2008 2918 2076 2968 ab
2100 2917 2201 2980 eis,
2239 2929 2298 2970 ut
2329 2927 2547 2986 possent
2580 2933 2701 2984 quze
2731 2917 3047 2986 dicebantur
3072 2917 3344 2986 memoria:

1781 2986 2179 3056 commendare,
2222 2985 2440 3056 scripsit
2482 3002 2546 3040 ex
2597 2989 2702 3050 bis,
2771 3003 2888 3054 qme
2930 3001 2958 3037 a
2996 2985 3154 3038 Petro
3198 2985 3342 3038 dicta

1780 3063 1923 3118 sunt,
1950 3055 2318 3125 Evangelium,
2340 3055 2503 3124 quod
2540 3060 2830 3110 secundum
2865 3056 3102 3108 Marcutu
3137 3056 3344 3106 vocita-

1781 3131 1889 3198 tur.
1920 3143 1939 3174 ι
1972 3124 2120 3198 Quis
2143 3126 2313 3189 enim,
2341 3142 2547 3194 qumso,
2599 3136 2796 3198 praeter
2842 3127 3002 3178 istum
3056 3134 3338 3198 auctorem

1780 3194 1916 3246 dixit
1967 3194 2206 3248 Marcum
2261 3198 2379 3250 ideo
2426 3194 2776 3260 Evangelium
2825 3211 2981 3247 suum
3017 3194 3336 3260 scripsisse,

1775 3263 1899 3336 quia
1943 3280 1962 3314 ι
1999 3267 2420 3332 εισιιιίιιιιεαιιιιι,ι
2448 3267 2538 3335 qui
2573 3263 2793 3318 Petrum
2823 3265 3204 3336 praedicantem
3221 3278 3338 3336 ⁸ιιιι-

1769 3333 1983 3404 dic-rant
2020 3352 2038 3384 ι
2065 3336 2399 3389 (lmsareanis
2428 3332 2702 3403 equitibus
2742 3332 2941 3404 pet—itus
2975 3352 2993 3385 ι
3027 3332 3241 3385 fuerat?
3273 3333 3340 3404 Et

1769 3413 1915 3456 certe
1945 3403 2198 3480 Clemens
2229 3405 2647 3480 Alexandrinus,
2679 3403 2987 3480 utczeteros
3015 3403 3340 3480 praetermit-

1770 3481 1971 3550 ‘jf'm'S.
2009 3474 2164 3544 longe
2217 3477 2377 3550 aliter
2438 3477 2726 3550 sentiebat.
2768 3476 2832 3550 _l_u
2891 3475 3035 3550 illius
3071 3472 3339 3550 siquidem

1769 3539 2175 3612 Hyi'tolyposebn
2223 3546 2406 3610 libris,
2454 3548 2597 3599 sicut
2645 3561 2710 3598 ex
2767 3546 2998 3598 Eusebio
3031 3539 3165 3595 alibi
3203 3541 3344 3592 vidi-

1769 3627 1889 3686 mus
1923 3614 1983 3675 ⁸⁸,
2013 3615 2225 3670 Marcus
2252 3616 2600 3686 Evangelium
2649 3625 2778 3686 tunc
2802 3616 3178 3686 composuisse
3213 3626 3337 3679 per-

1767 3681 2008 3746 hibetur,
2039 3695 2320 3755 postquam
2352 3681 2525 3750 malli,
2559 3686 2650 3753 qui
2676 3685 2906 3755 Petrum
2924 3681 3340 3755 eoncionantem

1765 3751 2213 3817 audierattt,enm
2244 3761 2310 3808 ad
2347 3757 2474 3808 illud
2506 3751 2852 3809 scribendum
2885 3753 3119 3806 fuissent
3149 3751 3344 3803 cohor-

1767 3823 1886 3899 tati.
1940 3824 2233 3899 lbiautem
2285 3826 2420 3899 nihil
2467 3826 2535 3878 de
2568 3823 2895 3899 Cwsareanis
2949 3821 3228 3899 equitibus,
3268 3836 3340 3899 ac

1765 3894 1938 3946 multo
1968 3895 2147 3948 minus
2185 3898 2251 3948 de
2281 3897 2598 3962 quibusdam
2623 3897 2892 3958 occurrit;
2925 3891 3018 3947 sed
3059 3891 3341 3962 indeliuite

1768 3964 1982 4034 mullos,
2009 3962 2197 4018 Gra-ce
2230 3961 2478 4029 πόλλούς,
2514 3966 2759 4034 legimus.
2801 3965 2988 4020 Utrum
3032 3977 3161 4015 vero
3215 3961 3338 4034 inde

1763 4031 1952 4086 inferri
2042 4036 2212 4098 possit
2288 4040 2387 4089 has
2468 4030 2920 4088 aduiubratioues
2994 4042 3179 4084 nostro
3209 4030 3336 4082 C|e~

1763 4105 1929 4174 menti
1963 4100 2328 4158 Alexandrino
2361 4118 2647 4174 perperam
2688 4104 2909 4174 ascribi,
2933 4100 3336 4174 nonraudemus

1762 4172 2392 4229 omniuo‘asseveranter
2440 4172 2734 4228 afﬁrmare.
2771 4172 2914 4227 Fieri
2971 4173 3118 4223 enitn
3155 4179 3334 4239 potest

1765 4247 1824 4293 ut
1855 4241 1941 4295 ille
1985 4243 2035 4296 in
2077 4243 2377 4312 deperditis
2409 4245 2526 4299 suis
2577 4244 2752 4306 libris,
2790 4244 2967 4295 varias
3013 4241 3331 4312 aliquando,

1762 4319 1925 4380 atque
1959 4315 2121 4368 etiam
2149 4310 2466 4370 contrarias
2510 4313 2701 4370 eadem
2733 4318 2800 4368 de
2842 4327 2900 4367 re
2935 4310 3222 4377 opiniones
3250 4323 3334 4362 re-

1763 4383 1966 4437 tulerit.

1829 4453 1910 4504 Ad
1957 4454 2196 4521 ejusdem
2248 4470 2378 4512 vero
2411 4452 2709 4509 Clementis
2740 4450 3061 4506 sententiam
3099 4450 3186 4504 bis
3209 4463 3336 4518 pro-

1761 4521 1882 4589 pius
1940 4537 2133 4580 auctor
2189 4537 2371 4580 nuster
2425 4523 2654 4578 accessit
2703 4524 2923 4583 verbis,
2971 4536 3090 4590 qua:
3147 4522 3217 4573 ab
3267 4535 3335 4573 eo

1689 4567 1736 4626 υ
1761 4567 2605 4663 ἕοιῆἰιιέιῖέΐειιῖἷι]πέειιιῖιιῖενι
2631 4594 2783 4646 Sicut
2817 4567 3005 4646 Lucas“
3027 4605 3242 4660 quoque
3281 4603 3336 4644 et

1762 4665 1932 4740 {tctus
1965 4669 2332 4734 apostolontm
2389 4665 2528 4734 stylo
2567 4673 2864 4740 exsecutus
2904 4673 3336 4740 agnosceret,“

1762 4733 1920 4787 Pauli
1955 4730 2020 4788 ad
2051 4737 2302 4790 Hebraeos
2333 4730 2728 4802 interpretatus
2772 4733 3095 4801 Episwlam.
3128 4750 3145 4781 ι
3175 4730 3334 4802 Prius

1761 4818 1888 4856 Vero
1918 4805 2003 4858 ille
2027 4809 2275 4859 eamdem
2307 4807 2372 4857 ad
2407 4801 2672 4858 llzebrmos
2697 4803 3014 4872 Epistulam,
3045 4803 3198 4870 cujus
3221 4801 3333 4868 pri-

1763 4890 1846 4926 tua
1888 4877 2051 4928 \erba
2082 4878 2290 4935 citavit,
2343 4873 2512 4926 Paqu
2563 4878 2741 4928 adhuc
2795 4875 3214 4941 adjudicawrat.
3263 4874 3334 4922 At

1759 4943 2125 5023 gnsebiidatu
2147 4963 2175 4998 a
2208 4947 2366 5023 nobis
2391 4945 2567 5023 citati,
2599 4944 2930 5023 auctoritate
2956 4942 3327 5023 sup..diss‘e_rt.

1756 5014 1810 5076 2,
1842 5030 1960 5082 cap.
1993 5011 2050 5081 4',
2086 5026 2192 5071 art.
2221 5014 2279 5078 2,
2307 5016 2643 5070 ostendimus
2679 5019 2921 5070 eamdem
2950 5013 3170 5064 omnino
3205 5011 3330 5082 CIe-g

1755 5081 1951 5154 mentis
2003 5098 2057 5140 et
2117 5087 2183 5140 de
2231 5090 2455 5140 Actibus
2487 5089 2877 5154 apostolorum,
2921 5095 2978 5137 et
3014 5083 3080 5134 de
3127 5084 3231 5133 hac
3263 5081 3330 5132 ad

1756 5153 2031 5232 Hebraeos
2051 5155 2289 5222 Epistola
2325 5156 2490 5232 fuisse
2517 5153 2848 5232 opinionem.
3111 5227 3121 5232 Δ
3278 5218 3290 5232 _
3315 5221 3327 5232 .

1828 5227 1910 5279 Ab
1943 5229 2066 5282 aliis
2093 5218 2272 5282 autem
2307 5218 2568 5282 dissentit
2594 5230 2733 5281 idem
2785 5233 2976 5277 auctor
3007 5227 3210 5285 noster,
3239 5218 3328 5272 tibi

1759 5298 1826 5352 de
1854 5298 1942 5360 iis,
1973 5301 2038 5351 ad
2069 5314 2206 5367 quos
2233 5299 2471 5353 secunda
2519 5297 2746 5367 Joannis
2774 5294 3034 5367 Epistula
3062 5297 3189 5367 data
3225 5301 3329 5352 est,

1758 5383 1838 5422 sic
1886 5363 2174 5437 disputat:
2220 5388 2237 5420 ι
2290 5370 2539 5424 Secunda
2592 5366 2817 5439 Joannis
2874 5363 3108 5433 Epistula
3138 5399 3152 5424 ,
3208 5375 3330 5439 qua:

1759 5440 1827 5492 ad
1876 5441 2114 5508 Virgines
2163 5443 2371 5510 scripta
2401 5478 2416 5504 ,
2493 5437 2899 5510 simplicissima
2945 5444 3063 5510 est.
3113 5437 3328 5498 bcripta

1766 5524 1894 5562 vero
1945 5503 2028 5564 εει
2070 5509 2136 5564 ad
2191 5503 2486 5580 quamdam
2532 5503 3184 5578 Babyloniam,“Electatu
3225 5517 3327 5554 no-

1761 5595 1928 5634 tuine.
1967 5597 1986 5632 ι

1813 5649 1900 5704 Ἐι
1919 5666 2064 5718 vero
2094 5651 2206 5709 haec
2229 5650 2468 5723 Epistola
2499 5650 2700 5706 directa
2726 5657 2804 5704 est
2840 5645 3056 5707 Electae,
3093 5643 3185 5696 καὶ
3213 5641 3328 5704 τοῖς

141 5879 197 5912 ⁸⁸
235 5878 310 5935 De
335 5876 534 5948 script.
566 5871 757 5930 ecclcs.
785 5881 912 5928 tom.
939 5871 954 5924 l
989 5887 1040 5942 p.
1065 5869 1192 5926 εδει).
1273 5873 1312 5903 ’⁷
1337 5873 1389 5928 in
1421 5869 1567 5928 Pctr.
1595 5871 1610 5926 Ι
1638 5857 1830 5943 Ειἰἰει.;
1857 5877 1911 5924 ‘c.
1943 5882 1992 5935 ν,
2014 5883 2063 5924 v.
2105 5843 2185 5924 li.
2234 5867 2240 5874 '
2268 5865 2309 5899 ’⁸
2335 5845 2550 5921 dissert.
2578 5863 2837 5934 sup.‘2,c.
2859 5861 3108 5932 b,art.2,
3129 5857 3322 5932 μηδ.
