3874 6588
116 424 233 479 1173

1142 427 1232 484 DE
1269 427 1450 485 ALIIS
1487 427 1691 485 CLEM.
1734 428 1940 488 ALEX.
1983 427 2184 486 OPER.

3239 441 3379 500 1174

111 555 261 626 tonus
284 544 459 627 animi
484 554 592 612 est,
621 547 691 602 ibi
717 543 1114 627 adjecit._Satis
1133 549 1277 602 enim
1304 543 1468 627 352
1491 558 1676 627 aperte
1705 553 1751 609 Α
1781 549 2012 627 tionibus
2037 551 2297 620 quoniam
2327 549 2572 608 Joannes
2603 552 2784 622 ipsum
2825 568 3049 627 corpus,
3081 559 3225 626 quod
3257 571 3380 616 erat

108 616 270 668 anima
299 616 371 670 ab
395 628 626 672 auclore
649 628 836 673 nostro
860 618 1059 671 dicitur
1089 635 1194 672 non
1226 616 1551 673 natur—aliter
1576 621 1678 671 im-

109 683 365 756 mortalis,
401 688 502 742 sed
539 687 947 742 immortalitem
978 689 1151 756 gratia
1187 699 1392 742 tantum
1425 689 1542 749 Dei.
1573 689 1678 743 fide

108 754 413 828 etjustitia,
441 759 561 813 sive
582 759 743 814 bouis
771 759 883 813 suis
917 754 1172 828 operibus
1204 759 1485 826 consequi.
1525 759 1594 812 At
1622 759 1675 812 id

107 824 286 879 falsum
329 828 563 885 omnino
602 844 724 885 esse
771 843 931 882 nemo
955 824 1118 884 'certe
1158 824 1463 884 catholicus
1512 829 1676 884 homo

107 895 460 954 inliciabitur.

167 965 301 1042 Quid
359 983 530 1042 inero,
597 971 739 1042 quod
768 969 858 1025 ille
904 968 1062 1036 paulo
1101 976 1220 1042 post
1251 968 1304 1022 in
1351 968 1670 1042 btecuPetri

104 1038 717 1110 verba“:cRegenei-ati
762 1056 864 1094 non
905 1054 970 1093 ex
1001 1039 1210 1092 semine
1250 1040 1613 1108 corruptibili,
1649 1058 1668 1092 ι

105 1106 565 1180 itlLtautummodo
589 1112 946 1180 expositionis
979 1110 1152 1177 gratia
1199 1110 1338 1162 dixit
1371 1130 1382 1164 :
1418 1106 1438 1161 ἒ
1474 1110 1676 1164 Corru-

103 1177 300 1248 ptibilis
327 1177 497 1248 igitur
541 1191 624 1235 est
659 1177 865 1241 anima,
917 1195 1039 1248 qua:
1078 1195 1200 1232 cum
1237 1194 1468 1248 corpore
1513 1181 1674 1235 simul

102 1246 470 1320 profunditur,
497 1259 554 1303 ut
582 1253 801 1320 quidam
827 1246 1038 1320 putant.
1080 1267 1099 1301 ι

167 1317 394 1392 γει-ηπ),
429 1322 525 1392 ibi,
557 1317 791 1392 inquies,
827 1317 933 1392 non
970 1334 1126 1392 suam
1159 1321 1252 1374 sed
1295 1321 1525 1375 aliorum
1555 1320 1674 1391 ipse

103 1389 264 1442 refert
305 1389 647 1458 opinionem;
677 1391 826 1446 Esto.
876 1389 982 1445 Sed
1026 1405 1145 1454 cur,
1180 1407 1386 1458 qmeso,
1424 1397 1538 1445 haec
1571 1389 1672 1446 nec

103 1460 246 1526 plura
273 1460 540 1529 protulit?
564 1461 676 1516 Cur
700 1464 842 1516 hunc
874 1475 1119 1514 errorem
1154 1476 1256 1513 non
1288 1462 1548 1526 explodit,
1577 1471 1672 1516 aut

101 1529 412 1599 impugnat?
443 1530 557 1585 Cur
586 1547 708 1584 eum
739 1532 916 1599 aliqua
958 1532 1145 1585 saltem
1179 1541 1301 1585 nota
1337 1547 1442 1586 non
1480 1532 1668 1598 inurit,

101 1611 185 1652 aut
217 1615 403 1653 veram
439 1603 769 1656 sententiam
808 1601 884 1655 illi
917 1616 1022 1654 non
1055 1602 1311 1669 opponit?

160 1669 333 1742 Porro
365 1680 548 1742 autem
581 1687 760 1726 nonne
792 1687 858 1726 ex
897 1671 981 1725 his
1024 1672 1202 1742 colligi
1253 1671 1394 1726 haud
1429 1671 1670 1728 absurde

98 1750 268 1808 potest
313 1741 415 1795 has
439 1741 906 1803 Adumbratianes,
953 1742 1020 1796 ab
1067 1743 1135 1795 iis
1165 1741 1288 1797 esse
1337 1743 1552 1810 penitus
1584 1744 1668 1796 di-

100 1826 303 1876 iersas,
334 1827 474 1880 quas
501 1827 529 1864 a
564 1813 846 1866 Clemente
879 1811 1204 1866 Stromataeo
1227 1813 1422 1876 editas,
1452 1812 1670 1868 Cassio-

1784 621 2146 695 extrinsecus,
2177 632 2426 695 tangens,
2481 621 2704 695 manum
2765 621 2940 680 suam'
2983 629 3036 680 in
3098 621 3370 695 profunda

1783 689 2023 753 misisse,
2057 701 2110 744 et
2141 693 2189 746 ei
2223 689 2481 746 duritiam
2512 694 2696 748 carnis
2739 696 2890 749 nullo
2936 689 3110 751 modo
3132 701 3375 754 relucta-

1787 768 1896 838 Lam
1925 774 2066 822 esse.
2101 762 2197 816 sed
2249 761 2426 838 locum
2466 764 2666 838 m_anu_i_
2697 766 2998 838 prirbuisse
3031 770 3307 838 discipuli.
3351 789 3372 822 ›

1783 828 2039 903 Quaenam
2069 841 2250 885 autem
2286 832 2600 903 fuerintha?
2624 828 2982 903 Tradition“,
3013 828 3184 892 nemo'
3212 840 3376 892 facile

1783 899 2074 973 divinabit.
2111 903 2153 956 A
2185 903 2346 957 nobis
2375 902 2643 972 siquidem
2667 905 2778 970 jam
2809 899 3160 962 observatum
3187 920 3271 963 est
3300 911 3372 973 ”,

1783 986 1812 1023 a
1842 970 2126 1026 Clemente
2153 970 2522 1026 Alexandrino
2552 973 2710 1028 citari
2736 974 2982 1031 Matthiae
3005 970 3373 1034 Traditiones.’

1783 1041 1881 1111 sed
1936 1042 2162 1096 forsitan
2221 1041 2596 1096 Traditionum
2639 1046 2882 1111 nomine,
2936 1059 3129 1103 auctor
3187 1061 3376 1106 noster

1781 1110 2086 1189 designavit
2119 1113 2329 1166 laudata
2362 1114 2430 1189 ab
2460 1112 2771 1189 prrtemio
2811 1117 2859 1148 "
2895 1120 3370 1189 psendepigrapha

1779 1177 2015 1256 Joa_n'n_is_
2044 1193 2138 1256 ant
2183 1177 2552 1256 apostolorum
2593 1187 2752 1251 Acta,
2791 1177 2913 1256 qnai
2943 1177 3282 1256 Augustinus
3322 1189 3372 1224 ⁸⁸

1781 1260 1836 1326 et
1864 1251 2262 1326 Epiphanius“
2288 1255 2430 1306 inter
2469 1251 2824 1325 apocryphas‘
2845 1251 3146 1326 scripturas
3181 1277 3376 1314 aman-

1781 1322 1932 1385 dant,
1957 1331 2011 1377 et
2041 1324 2172 1378 solis
2192 1325 2470 1378 lizereticis
2491 1322 2607 1378 usui
2636 1322 2806 1380 fuisse
2833 1322 3219 1382 testiﬁcantur.

1855 1390 1924 1446 Ut
1958 1401 2018 1446 ut
2054 1395 2150 1454 sit,
2187 1405 2404 1448 constat
2453 1411 2618 1457 sane,
2651 1407 2707 1450 et
2739 1411 2950 1451 certum
2987 1408 3072 1452 est
3116 1399 3370 1454 laudatas

1781 1461 1849 1515 ab
1880 1473 2100 1517 auctore
2132 1475 2317 1519 nostro
2346 1464 2683 1520 Traditiones
2727 1466 2891 1521 falsas
2925 1470 3146 1521 omnino
3191 1471 3366 1524 fuisse

1778 1537 1835 1608 et
1876 1535 2232 1608 apocryphas.
2279 1534 2422 1588 Nihil
2455 1537 2598 1608 enim
2633 1537 2700 1590 de
2745 1551 2918 1608 carne
2965 1539 3192 1602 Clu-isti,
3243 1555 3367 1608 quin

1776 1599 1970 1676 Joanni
2021 1599 2538 1676 e'a'mjcoutrectanli
2574 1621 2679 1661 non
2718 1607 2984 1661 reluctata
3017 1619 3125 1676 est,
3174 1599 3226 1663 in
3261 1599 3364 1663 'sa-

1778 1672 1892 1744 eris
1919 1674 2233 1744 Evangeliis
2263 1676 2516 1742 legimus.

1849 1743 2036 1813 Neque
2071 1743 2277 1800 dixeris
2303 1746 2355 1799 in
2385 1745 2628 1800 auctoris
2669 1746 2839 1801 nostri
2874 1755 3021 1801 textu
3052 1762 3172 1802 esse
3197 1748 3362 1804 libra-

1777 1812 1981 1868 riorum
2024 1830 2290 1879 errorem,
2314 1832 2377 1870 ac
2408 1831 2505 1883 pro
2535 1817 2790 1881 Joannes,
2826 1819 3174 1871 scribendum
3211 1818 3358 1871 Tho-

98 1881 708 1974 abualgionfirazce
735 1882 1218 1974 doetocuravit‘in
1243 1881 1664 1974 lia-tinuinﬂvert‘i
1701 1921 1742 1974 Β
1775 1901 1910 1974 πίας,
1947 1885 2033 1938 cui
2061 1885 2337 1974 pliristus.
2381 1881 2440 1939 ut
2471 1887 2522 1939 in
2557 1885 2800 1974 ejusdem
2847 1887 3072 1974 Joannis
3107 1888 3360 1974 Evange-

97 1967 401 2006 sermonem
431 1951 455 2005 ?
489 1953 702 2006 Etenim
736 1967 856 2006 cum
890 1953 1216 2020 transcripta
1249 1969 1277 2006 a
1312 1954 1468 2008 nobis
1499 1954 1663 2008 verba

95 2021 175 2093 vix
209 2038 270 2076 ac
305 2038 374 2076 ne
405 2025 492 2076 vix
537 2023 754 2093 quidem
790 2033 939 2076 recto
985 2038 1146 2076 sensu
1182 2024 1468 2092 explicari,
1503 2033 1666 2093 atque

95 2092 324 2147 incautis
366 2093 616 2162 pluribus
651 2091 976 2146 otl‘endicnlo
1011 2107 1134 2147 esse
1167 2091 1390 2160 queant,
1426 2110 1530 2148 non
1567 2091 1667 2148 an.

93 2164 204 2216 neri
243 2177 378 2218 sane
417 2163 700 2232 diligentia
739 2163 861 2232 pius
897 2163 980 2217 vir
1022 2177 1084 2217 ea
1137 2163 1455 2229 excidisset,
1501 2180 1662 2232 qumn

91 2231 210 2297 alia,
240 2249 361 2302 qua:
393 2249 423 2287 a
456 2231 536 2288 se
566 2249 634 2287 ex
691 2231 794 2289 huc
855 2233 1125 2305 opusculo
1158 2243 1437 2304 amputata
1494 2231 1665 2290 fuisse

93 2305 430 2361 testiﬁcatur.
1179 2340 1186 2347 ί

151 2374 282 2438 Quae
311 2375 538 2443 quidem
587 2373 653 2429 iis
685 2374 866 2430 adhuc
906 2372 1220 2429 confirmari
1264 2381 1510 2442 possunt,
1543 2389 1664 2443 quae

89 2441 222 2513 idem
278 2441 475 2500 auctor
515 2457 705 2500 noster
756 2447 810 2498 in
865 2445 1212 2499 undecimum
1266 2441 1663 2513 ’Sitbsoqueutis

88 2512 231 2568 Judae
278 2516 535 2584 Epistulae
572 2531 789 2572 versum
823 2531 839 2570 :
873 2532 892 2566 ι
934 2515 1023 2570 Va:
1077 2514 1220 2577 illis,
1274 2515 1402 2584 quia
1463 2512 1520 2568 in
1575 2516 1662 2569 via

85 2584 214 2656 Cain
262 2585 540 2650 abierunt,
582 2605 600 2639 ι
650 2588 735 2641 liis
775 2601 874 2656 nec
915 2585 1162 2656 pluribus
1206 2587 1390 2641 verbis
1438 2586 1609 2640 edixit
1645 2603 1657 2640 :

91 2674 106 2698 σ
146 2652 238 2709 Sic
284 2656 452 2710 etiam
498 2669 723 2725 peccato
765 2652 1314 2725 Adte'subjacemus,
1359 2659 1659 2710 secundant

85 2727 287 2793 peccati
316 2724 755 2781 similitudinem.
789 2747 808 2780 ι
857 2724 1046 2779 Nonne
1072 2726 1215 2779 enim
1243 2726 1331 2780 hic
1357 2736 1521 2794 putus
1558 2743 1660 2796 pu-

85 2810 275 2869 rusque
310 2797 757 2869 Pelagianorum,
805 2807 1121 2869 peccatum_
1148 2795 1413 2869 originale
1456 2795 1660 2866 negan—

85 2866 243 2937 tium,
280 2864 581 2931 error‘est,
633 2864 1042 2937 proscriptaque
1075 2864 1150 2937 ab_
1181 2864 1434 2919 omnibus
1466 2864 1658 2920 ortho-

85 2936 232 3006 doxis
261 2937 528 2992 Patribus
556 2947 610 2992 et
634 2935 900 2991 conciliis
931 2935 1157 3005 opinio?
1187 2937 1403 3006 Scimus
1431 2937 1656 3006 quidem

84 3005 146 3078 ibi
188 3009 251 3062 ab
287 3017 522 3063 auctore
555 3019 743 3062 nostro
769 3018 958 3078 aperte
991 3023 1094 3078 non
1121 3005 1340 3078 deliniri
1380 3005 1523 3061 hunc
1562 3021 1648 3062 so-

83 3075 184 3128 lum
231 3095 376 3140 esse,
405 3093 519 3148 quo
573 3079 706 3133 Atla:
742 3075 968 3149 peccato
1017 3075 1383 3149 subjacemus,
1431 3079 1651 3130 modum

82 3150 398 3218 tunicamque
423 3146 757 3204 'rationemf
775 3151 880 3202 Sed
906 3148 992 3202 ille
1028 3146 1214 3216 procul
1247 3148 1411 3218 dubio
1442 3150 1511 3200 ob
1545 3157 1654 3201 tam

82 3214 288 3273 brevem
305 3214 550 3288 'tamque
579 3220 775 3273 durum
805 3222 871 3273 de
908 3214 1131 3287 peccato
1157 3217 1408 3286 originali
1445 3233 1657 3272 sermo-

81 3265 1034 3359 nuuflwiﬁiisfi"3.1166
1054 3265 1470 3359 forsitaiiprmi
1493 3288 1652 3341 Pela-
1681 3265 1724 3323 (ἶ

81 3357 358 3423 εἰπιιοι-ἰηιι
407 3361 626 3414 erroris
663 3360 709 3414 si
747 3377 854 3414 non
905 3360 1178 3421 conscius,
1228 3357 1416 3410 saltem
1462 3375 1651 3425 suspe-

79 3438 185 3498 ctus
214 3431 519 3487 videbitur.
546 3431 684 3496 Quid
713 3435 858 3485 enim
889 3447 1012 3485 eum
1035 3427 1330 3498 probilmit,
1359 3431 1652 3497 quominus

79 3497 262 3566 aliquid
288 3503 356 3553 ad
379 3517 541 3572 suam
567 3504 634 3556 de
658 3510 884 3569 peccato
909 3497 1162 3572 originali
1187 3505 1422 3553 mentem
1449 3499 1652 3554 clarius

76 3571 440 3634 explicandam
471 3571 544 3624 ibi
577 3573 870 3639 adjiceret?

137 3639 188 3692 ln
221 3642 466 3710 primum
501 3656 632 3696 vero
660 3644 852 3712 prima:
875 3640 1105 3697 Joannis
1134 3639 1390 3712 Epistolm
1426 3654 1648 3712 versum

77 3707 177 3763 haec
207 3707 403 3765 auctor
433 3723 626 3767 noster
660 3707 730 3766 Ile
771 3721 1060 3768 attrectata
1107 3707 1334 3768 Joannis
1392 3710 1643 3765 manibus

74 3795 222 3836 carne
248 3782 464 3838 Christi
491 3784 714 3853 scriptis
745 3785 1030 3853 prodidit:
1070 3801 1090 3837 ι
1127 3783 1325 3840 Fertur
1353 3784 1408 3839 in
1443 3781 1640 3836 Tradi-

1772 1954 1846 2024 lio
1897 1965 2154 2009 narratur
2197 1957 2262 2020 ’⁷,
2307 1971 2505 2024 corpus
2560 1971 2716 2010 suum
2762 1960 3092 2022 laugendum
3127 1954 3348 2012 obtulit.

1768 2023 1902 2097 Nam
1933 2026 2109 2097 ibide
2136 2025 2336 2080 Christi
2372 2023 2561 2092 carne,
2593 2042 2715 2097 qua:
2761 2026 2836 2080 illi
2888 2028 3126 2097 tangenti
3169 2043 3355 2084 cesse-

1769 2096 1864 2166 rit,
1898 2095 2028 2148 nihil
2059 2112 2282 2165 prorsus
2313 2113 2378 2151 ac
2427 2111 2494 2150 ne
2528 2095 2815 2149 minimum
2844 2095 3062 2166 quidem
3099 2100 3350 2155 verbum.

1769 2163 1934 2219 Porro
1982 2163 2164 2220 autem
2223 2183 2346 2221 cum
2403 2177 2596 2219 auctor
2631 2176 2821 2221 noster
2863 2163 3034 2221 verbo
3071 2186 3088 2218 ι
3127 2169 3300 2222 fertur
3324 2186 3346 2220 ι

1765 2235 2122 2308 ususfuerit,
2171 2251 2237 2292 eo
2280 2247 2430 2291 certe
2460 2236 2620 2308 ihaud
2658 2237 2892 2292 obscure
2940 2239 3214 2308 significat
3244 2254 3351 2292 non

1766 2305 1950 2377 gravis
2001 2321 2147 2377 sane
2213 2307 2513 2369 momenti,
2567 2320 2666 2359 nec
2737 2321 2948 2377 magnae
2995 2305 3356 2362 auctoritatis

1766 2375 1936 2430 fuisse
1970 2377 2070 2432 has
2107 2375 2467 2443 Troditianes,
2525 2389 2627 2431 nec
2655 2390 2686 2430 a
2720 2392 2781 2431 se
2813 2375 3049 2447 unquam
3103 2379 3355 2448 pervolu-

1770 2454 1932 2498 tatas.

1837 2515 2082 2585 Denique
2130 2515 2249 2571 lucc
2288 2515 2533 2587 ejusdem
2568 2514 2798 2572 Joannis
2844 2516 3101 2586 Epistolis.
3129 2531 3252 2586 cap.
3285 2532 3352 2583 ll,

1765 2588 2046 2658 vers._l3,
2094 2587 2254 2641 verba
2304 2586 2326 2640 :’
2369 2586 2715 2642 leaenas..."
2768 2589 2964 2658 vicistis
3018 2588 3351 2658 malignum,

1763 2656 1844 2710 sic
1873 2655 1941 2710 ab
1962 2665 2188 2710 auctore
2215 2666 2401 2711 nostro
2423 2670 2772 2724 exponuntur
2802 2673 2817 2711 :
2855 2677 2873 2709 ι
2911 2655 3202 2725 Malignuiu
3229 2660 3352 2711 dia-

1763 2726 1871 2780 boli
1905 2727 2280 2780 extollentiant
2313 2728 2603 2798 significat.
2645 2727 2764 2798 Filii
2794 2737 2976 2781 autem
3003 2739 3352 2796 cognoscunt

1762 2806 2004 2863 patrem;
2065 2807 2254 2866 utpote
2293 2797 2387 2867 qui
2432 2797 2501 2849 ab
2551 2797 2712 2867 idolis
2755 2801 3156 2865 confugerunt,
3189 2807 3244 2850 et
3277 2799 3346 2852 ad

1763 2881 1928 2920 unutn
1967 2868 2130 2920 Deum
2167 2866 2340 2920 vocati
2376 2876 2527 2920 sunt.
2569 2887 2588 2918 ι
2631 2866 2826 2922 Utrum
2856 2880 3038 2920 autem
3075 2869 3195 2920 idco
3234 2870 3351 2921 haec

1760 2938 1828 2990 ab
1864 2937 1955 2991 illo
1991 2937 2371 2992 animadversa
2402 2937 2795 3006 l‘ucrint,quia,
2825 2953 2945 2991 cum
2981 2938 3094 2990 lucc
3127 2938 3350 3004 scriptis

1762 3007 2075 3076 mandabat,
2103 3015 2231 3061 tunc
2263 3007 2442 3061 adhuc
2474 3007 2695 3075 quidam
2726 3017 2884 3061 erant
2909 3007 3112 3076 pagani
3146 3017 3200 3060 et
3229 3009 3349 3060 ido-

1759 3075 1936 3131 lorum
1971 3078 2235 3141 cultores,
2288 3077 2465 3130 nullus
2500 3077 2729 3131 forsitan
2784 3082 2918 3131 satis
2961 3078 3348 3130 consideratus

1761 3162 1942 3202 rerum
1971 3149 2272 3202 mstimator
2300 3164 2367 3202 ex
2389 3148 2474 3202 his
2506 3157 2612 3200 tam
2652 3148 2865 3216 paucis,
2899 3155 3118 3214 tamque
3148 3162 3345 3216 parum

1759 3219 1926 3272 claris
1959 3219 2107 3273 illius
2153 3220 2335 3272 verbis
2373 3226 2523 3272 certo
2558 3217 2788 3271 definire
2839 3218 3083 3271 audebit.
3140 3217 3348 3271 Deinde

1762 3303 1892 3342 vero
1925 3288 2146 3344 etiamsi
2172 3289 2356 3358 plures
2389 3299 2498 3342 tum
2522 3289 3042 3358 adbucrexstiteriut
3070 3286 3346 3340 idolorum

1758 3360 2020 3423 cultores,
2051 3357 2314 3412 nou’iude
2355 3369 2533 3412 tamen
2563 3357 2813 3411 concludi
2847 3367 3036 3427 posset
3065 3371 3190 3410 eum
3225 3359 3346 3425 pri-

1754 3430 1860 3483 'tnis
1881 3428 2130 3483 ﬂoruisse
2155 3429 2416 3483 Ecclesia:
2451 3429 2827 3494 temporibus;
2866 3428 2968 3483 nisi
3013 3441 3118 3494 qua
3168 3430 3220 3481 in
3252 3442 3346 3481 re-

1755 3498 1914 3570 gione
1961 3503 2043 3554 hae
2072 3501 2514 3554 Adumbrationes
2546 3500 2614 3551 ab
2642 3497 2736 3570 illo
2781 3499 2939 3570 editae
2998 3499 3130 3565 sint,
3181 3500 3345 3553 nobis

1755 3567 1898 3625 foret
1947 3581 2311 3639 compertum.
2344 3570 2573 3625 Constat
2610 3569 2756 3622 enim
2807 3567 3080 3623 idolorum
3134 3571 3341 3623 cultum

1754 3641 1808 3694 in
1842 3641 2169 3710 quibusdam
2222 3641 2544 3710 regionibus
2577 3639 2736 3708 longe
2784 3640 3011 3704 diutius,
3065 3653 3229 3709 quam
3286 3640 3343 3694 iu

1754 3711 1879 3766 aliis
1929 3725 2336 3781 perseverasse.

1430 4065 1812 4158 CAPUT
1868 4066 1980 4158 V.

137 4268 222 4328 De
253 4261 623 4346 deperditis
655 4260 1008 4326 Clementis
1031 4259 1456 4324 Alexandrini
1489 4259 1798 4350 cperibus
1823 4263 1946 4403 ,tet
1980 4257 2060 4323 de
2092 4258 2178 4322 iis
2213 4275 2360 4340 quia
2414 4257 2529 4321 ille
2563 4259 2956 4340 scripturum
3002 4275 3071 4320 se
3104 4273 3250 4321 esse

1487 4355 1844 4403 promisere
1877 4385 1893 4402 .

1485 4355 1893 4420 promiserat.

609 4621 1006 4680 ARTICULUS
1039 4621 1085 4676 I.

62 4693 129 4747 De
172 4695 463 4767 deperdita
501 4693 783 4767 Clementis
831 4691 1643 4767 Alexandrini”Hypotyposeon

122 4763 289 4834 libris,
350 4784 418 4821 ac
447 4770 512 4820 de
539 4766 861 4836 quibusdam
892 4780 1093 4830 eorum,
1137 4763 1476 4834 aliarumque
1524 4763 1643 4832 ejus

116 4839 466 4908 scriptionum
503 4836 832 4908 fragmentis.

118 4901 320 4964 Praiter
353 4901 541 4961 omnia
579 4901 691 4972 illa,
736 4906 805 4961 de
837 4904 1034 4976 quibus
1079 4903 1483 4976 disseruimus,
1518 4901 1642 4976 Cle-

55 4980 242 5034 mentis
273 4976 641 5032 Alexandriui
679 4975 872 5044 opera,
911 4986 1124 5030 certqu
1162 4985 1246 5031 est
1273 4975 1425 5046 plura
1455 4975 1634 5046 adhuc

54 5051 117 5101 ab
151 5065 213 5104 eo
245 5050 428 5103 fuisse
460 5049 632 5112 edita,
663 5061 894 5115 quorum
916 5046 1132 5116 jactura
1160 5061 1226 5103 eo
1255 5045 1426 5115 magis
1449 5045 1636 5116 deplo-

53 5122 210 5172 randa
255 5129 387 5183 cst,
443 5134 554 5187 quo
603 5126 812 5171 asserta
873 5115 928 5170 in
980 5117 1090 5172 illis
1140 5132 1296 5173 sacra
1355 5115 1636 5182 religionis

53 5200 240 5258 nostra:
273 5193 634 5252 documenta,
663 5197 719 5242 et
747 5188 942 5242 tradita
974 5202 1186 5241 morum
1220 5196 1492 5258 przecepta
1531 5201 1633 5240 n0-

52 5257 126 5312 bis
156 5261 374 5315 facilius
410 5267 689 5328 comperta
715 5272 839 5312 esse
873 5267 1186 5327 potuerunt.

113 5328 465 5400 Prazcipuum
499 5325 678 5382 autem
716 5325 981 5400 i‘nter'tot
1021 5343 1217 5400 opera,
1259 5326 1372 5400 jam
1406 5341 1436 5380 a
1470 5325 1638 5397 longo

51 5399 298 5470 tempore
319 5401 552 5462 amissa,
589 5401 769 5454 locum
805 5399 946 5452 haud
1000 5399 1162 5452 dubie
1214 5399 1638 5470 teuebant_octo

50 5467 460 5544 llypbtgposeon
501 5470 647 5533 libri,
699 5471 1015 5544 de__quib_us
1069 5470 1182 5544 haec
1224 5479 1424 5544 narrat
1459 5467 1630 5544 Ense:

49 5538 162 5594 hius
195 5538 290 5593 ἐξ
346 5558 367 5592 ι
425 5542 564 5592 Sunt
610 5549 667 5594 et
721 5539 810 5593 alii
867 5540 1090 5610 totidem
1161 5540 1440 5610 (nimirum
1488 5538 1638 5608 octo)

44 5627 158 5678 ejus
187 5612 313 5668 libri
354 5610 822 5664 Ὺποτυπώσεων
859 5609 1015 5664 titulo
1044 5609 1319 5680 inscripti,
1350 5610 1402 5663 in
1430 5611 1635 5679 quibus

105 5709 195 5763 ’⁸1
237 5709 395 5766 Petr.
427 5723 466 5774 ι.
493 5707 586 5762 25.
640 5744 642 5746 τ

41 5779 163 5836 799.
233 5783 281 5814 ιε
316 5784 465 5848 Aug.
509 5791 549 5834 ι.
585 5779 670 5845 vr,
701 5779 773 5834 De
807 5779 898 5833 tid.

44 5866 132 5915 xx,
157 5853 248 5908 Ξῖ.
357 5846 532 5910 "lib.
567 5865 620 5906 ix
670 5850 809 5909 Hist.
841 5847 1038 5906 eccles.
1070 5863 1122 5905 c.
1154 5849 1241 5919 15,
1296 5865 1349 5920 p.
1399 5846 1526 5904 2M.

45 5936 95 5975 et
137 5939 257 5995 seq.

1675 4625 1725 4684 ι)
1752 4619 2070 4677 Panttcnum
2125 4615 2443 4688 magistrum
2482 4628 2653 4688 suum
2705 4613 3028 4688 nominatim
3070 4615 3332 4685 appellat,

1749 4703 2088 4762 quiscunque
2121 4688 2209 4744 ille
2223 4686 2265 4742 _a
2284 4686 2599 4762 majoribus
2629 4686 2958 4754 accepisset,
2983 4695 3037 4740 et
3077 4689 3334 4762 traditio-

1749 4756 1866 4828 nes,
1911 4756 2050 4830 quas
2093 4757 2689 4830 posteris_reliquerat,
2727 4770 3028 4830 exponens.
3068 4777 3107 4830 i_
3135 4756 3330 4830 Hiero-

1747 4826 1945 4902 nymus
1972 4826 2178 4902 vero”
2216 4847 2233 4884 :
2272 4846 2292 4880 ι
2328 4826 2623 4902 Feruntur,
2668 4827 2889 4902 inquit,
2919 4827 3036 4894 ejus
3094 4828 3328 4902 insignia

1746 4897 2051 4967 volumina,
2087 4899 2354 4970 plenaque
2385 4899 2712 4954 eruditionis
2739 4907 2792 4954 et
2841 4897 3186 4970 eloquentiae,
3218 4907 3327 4951 tam

1745 4974 1812 5028 de
1839 4968 2144 5041 Scripturis
2169 4968 2392 5034 divinis,
2420 4985 2584 5039 quam
2616 4971 2696 5041 Vde
2738 4968 3015 5023 saecularis
3050 4969 3324 5041 litteratu-

1745 5059 1818 5098 ra:
1848 5035 2230 5107 instrumento,
2259 5055 2290 5095 e
2325 5035 2525 5107 quibus
2569 5040 2660 5095 illa
2694 5049 2820 5095 sunt
2861 5035 3224 5106 Στρωματεῖς
3263 5038 3330 5088 li-

1743 5113 1827 5237 blri
1859 5122 2006 5182 octo,
2033 5109 2500 5166 Ὑποτυπώσεων
2529 5109 2652 5166 libri
2688 5120 2831 5166 octo.
2865 5127 2887 5161 ι
2925 5107 3053 5162 Hac
3082 5107 3195 5171 ille,
3227 5122 3326 5162 nec

1743 5199 1776 5237 ι)
1802 5200 1923 5237 ura.

1802 5200 1923 5239 ura.

1741 5199 1952 5321 magis
2006 5267 2142 5308 vero
2176 5253 2240 5322 bi
2281 5251 2407 5308 libri
2437 5250 2757 5322 jamdudum
2811 5251 3114 5322 perierunt,
3175 5245 3321 5300 dictu

1746 5319 2071 5394 quibusdam
2106 5321 2318 5378 dillicile
2343 5319 2580 5394 videtur,
2606 5323 2828 5394 quinam
2860 5319 3071 5372 illorum
3103 5331 3324 5386 scapus,

1744 5389 1958 5464 quodve
1993 5403 2375 5466 argumentum
2413 5389 2638 5466 fuerit.
2670 5392 2773 5466 At_
2803 5398 3121 5466 utrumque
3144 5399 3320 5466 tamen

1744 5456 1853 5521 non
1887 5468 1962 5520 ita
2008 5456 2244 5520 obscure
2277 5465 2363 5518 his
2412 5463 2686 5517 indicatur
2733 5459 2955 5514 Eusebii
3011 5457 3190 5511 verbis
3224 5456 3319 5513 '°:

1753 5553 1773 5588 ι
1813 5536 1869 5590 1η
1905 5536 2062 5591 libris
2105 5532 2590 5596 Ὑποτυπώσεων,
2628 5532 2895 5592 omnium,
2927 5536 2988 5582 ut
3016 5541 3125 5581 uno
3156 5529 3325 5582 verbo

1744 5609 1946 5672 dicam,
1968 5609 2255 5676 utriusque
2275 5604 2608 5660 Testameuti
2635 5601 3038 5669 Scriptor-orum
3062 5611 3323 5667 compen-

684 5709 731 5741 ”
774 5707 994 5762 dissert.
1057 5721 1181 5775 sup.
1214 5705 1271 5770 2,
1313 5720 1435 5775 cap.
1464 5706 1521 5770 4,
1583 5713 1690 5759 art.
1723 5704 1782 5769 5,
1833 5721 1886 5773 p.
1921 5703 2048 5758 9'52.
2122 5701 2170 5734 “
2225 5702 2364 5771 apud
2399 5695 2595 5775 _'l_’_h_ot.,
2621 5695 2786 5775 βάρι.
2837 5693 3222 5775 cotl_._ccx_i_tt§,
3265 5708 3322 5762 p.

975 5779 1021 5809 ³⁸
1054 5779 1246 5832 ltaires.
1275 5793 1442 5840 xuii,
1498 5777 1719 5842 Eucrat.
1752 5776 1780 5848 §
1811 5776 1866 5839 1,
1897 5785 1954 5827 et
1990 5776 2184 5828 limes.
2231 5787 2360 5836 xxx,
2396 5776 2424 5823 li

975 5863 1038 5906 :s.
1070 5863 1122 5905 c.
1154 5849 1241 5917 15,
1296 5865 1349 5917 p.
1399 5846 1526 5904 2M.
1605 5846 1650 5879 "
1672 5847 1752 5904 De
1807 5846 1996 5917 script.
2026 5846 2250 5915 eccles.,
2285 5840 2314 5913 ς
2353 5842 2424 5898 48

1981 5883 1996 5900 ο
2026 5877 2250 5915 C‘ohlca"
2285 5877 2314 5913 δ
2353 5877 2446 5898 ἰ’νο

1811 5760 1866 5839 1’,
1897 5785 1954 5827 et
1990 5775 2184 5828 ha'rcs.
2231 5760 2360 5836 x'xx,
2396 5760 2588 5823 Ebion.
2618 5767 2646 5838 §
2675 5767 2766 5831 25,
2801 5781 2857 5835 p.
2887 5763 3012 5818 M7.
3086 5764 3130 5795 ³⁷
3158 5760 3318 5816 Joau.

1811 5846 1968 5870 ...ι-ι...
2028 5846 2202 5870 ηηηιρ.-
2285 5840 2310 5870 2
2358 5842 2422 5870 ΑΩ
2531 5839 2576 5870 30
2621 5844 2701 5870 Inn
2764 5839 2811 5870 n',
2891 5849 2922 5870 η
2996 5832 3063 5870 IL
3120 5848 3170 5870 n,
3213 5833 3318 5870 ρης

2618 5832 2726 5902 ioc.
2764 5832 2857 5902 οἷς,
2889 5849 2947 5896 c.
2996 5832 3087 5902 16,
3117 5848 3176 5906 p.
3213 5833 3324 5890 215
