3874 6538
127 373 248 435 M77

1198 379 1288 434 DE
1325 378 1507 435 ALIIS
1543 376 1751 434 CLEM.
1798 376 2003 432 ALEX.
2049 374 2251 432 OPER.

3213 382 3235 435 i
3246 382 3354 438 478

125 507 400 568 pravarum
431 496 752 564 opinionum
787 511 1004 553 suarum
1053 499 1424 556 defensionem
1471 501 1680 558 nefarie
1708 499 1977 562 Adrino,
2011 495 2357 568 §tromatum
2409 498 2666 564 auctore’,
2717 497 2883 553 alium
2934 512 3056 555 esse
3119 502 3354 568 opimu-

127 564 316 634 adglita,
355 565 588 630 inserta,
615 579 778 634 atque
804 570 1038 624 intrusa.

180 631 360 707 Neque
393 636 464 690 ab
517 637 619 690 hac
651 631 913 707 opinione
961 639 1168 694 recedit
1234 639 1467 707 ipsemet
1531 639 1678 694 Pho-

125 705 237 767 tius,
269 705 385 772 qui,
434 721 560 759 cum
596 706 697 760 sibi
735 708 1063 776 persuadere
1091 705 1314 763 omnino
1354 725 1460 764 non
1499 721 1680 777 posset

123 781 440 828 memoratos
465 791 494 828 a
525 791 584 831 se
617 791 830 831 errores
857 794 885 831 a
920 777 1197 833 Clemente
1235 780 1466 833 traditos
1501 794 1681 834 asser-

124 854 326 920 tosqueh
363 843 570 920 fuisse,
634 847 879 901 consulto
947 848 1145 916 adjecit
1182 865 1197 903 :
1240 865 1332 903 seu
1374 850 1522 920 ipse,
1575 851 1680 903 sive

119 916 219 982 quis
252 913 429 977 alius,
488 915 600 982 ejus
652 933 926 986 personam
987 913 1237 978 indutus,
1293 913 1679 988 tot'tantaq'ie

121 999 351 1038 errorum
387 996 630 1040 monstra
663 1002 725 1040 ac
758 997 1010 1056 portenta
1043 990 1129 1042 his
1165 989 1316 1042 libris
1349 989 1605 1045 inseruit.

179 1074 317 1141 Quid
351 1092 510 1142 vero,
533 1079 675 1146 quod
711 1078 764 1132 in
799 1079 1170 1147 superioribus
1200 1079 1678 1135 dissertationibus

117 1146 456 1217 observatum
487 1162 518 1200 a
555 1148 712 1202 nobis
744 1146 1144 1215 fuit,’quosdam
1178 1149 1416 1217 quidem,
1445 1163 1507 1202 ac
1542 1164 1676 1217 prae-

119 1215 292 1270 sertim
334 1217 402 1271 de
447 1217 767 1282 angelorum
816 1233 940 1272 cum
986 1215 1207 1273 feminis
1246 1215 1554 1274 concubitu
1583 1235 1674 1273 er-

120 1301 260 1357 rores
291 1286 344 1339 in
399 1287 653 1357 genuinis
693 1286 986 1357 Clementis
1015 1288 1371 1342 Alexandrini
1417 1288 1675 1357 operibus

120 1355 486 1419 deprehendi?
522 1356 627 1410 Sed
666 1355 1019 1411 manifesmm
1063 1358 1260 1412 ibidem
1312 1355 1539 1411 fecimus
1582 1374 1676 1412 ve-

120 1440 225 1479 ram
255 1426 734 1496 ortliodoxamque
770 1426 838 1481 ab
863 1442 928 1480 eo
958 1437 1275 1482 constanter
1303 1437 1357 1482 et
1392 1428 1676 1496 perspicue

119 1495 436 1564 propugnari
471 1496 800 1560 doctrinam,
829 1496 894 1549 de
922 1497 1085 1550 unico
1116 1497 1332 1560 mundo,
1356 1510 1411 1552 et
1445 1495 1672 1552 materia

119 1582 142 1616 a
177 1564 285 1617 Deo
331 1576 552 1627 creata,
607 1567 672 1621 de
717 1569 877 1620 unico
919 1577 973 1621 et
1027 1568 1208 1621 divino
1266 1566 1443 1621 Patris
1483 1570 1670 1622 aeterni

121 1634 310 1705 Verbo,
363 1637 432 1689 de
480 1650 605 1688 vera
647 1651 812 1691 carne
846 1635 915 1690 ab
959 1651 1024 1690 eo
1058 1646 1364 1705 assumpta,
1414 1647 1575 1705 atque
1617 1639 1670 1691 in

119 1704 298 1773 primis
349 1707 418 1758 de
452 1719 736 1776 _suprema
790 1705 937 1776 illius
1004 1704 1318 1776 divinitate,
1375 1704 1672 1776 eademque

118 1789 332 1856 prorsus
358 1789 422 1827 ac
452 1773 632 1829 Patris
667 1775 856 1829 aeterni
889 1785 1103 1856 natura.
1130 1775 1244 1856 _'I_‘ot
1291 1777 1481 1856 igitur,
1507 1773 1672 1846 atque

116 1833 243 1914 adeo
277 1853 670 1913 repugnantes,
698 1855 752 1900 et
794 1845 1096 1900 contrarios
1129 1845 1211 1901 his
1241 1833 1412 1900 sacris
1453 1833 1673 1914 dogiiza-
1706 1833 1748 1891 Β

118 1913 250 1986 tibus
279 1928 500 1986 errores
529 1913 781 1970 Clemens
826 1917 880 1969 in
923 1917 1036 1969 suis
1080 1913 1668 1986 Hypalypasibus,’nisi

119 1981 417 2055 incredibili
453 1998 676 2052 prorsus
717 1986 965 2040 caecitate
995 1981 1296 2055 perculsus,
1342 2000 1587 2041 asserere
1619 1997 1673 2043 et

113 2052 466 2122 disseminare
500 2069 605 2106 non
638 2056 831 2122 potuit.

177 2121 550 2188 Quamobrem
601 2121 748 2177 recte
794 2126 1016 2178 omnino
1053 2132 1107 2179 et
1155 2124 1402 2191 apposite
1447 2125 1672 2180 Rulinus

113 2191 174 2263 de
224 2193 630 2247 adulteratione
684 2194 948 2248 librorum
1003 2195 1088 2248 tibi
1147 2193 1407 2263 diSputat,
1448 2197 1562 2249 hanc
1608 2199 1672 2250 de

113 2262 392 2316 Clemente
421 2264 794 2318 Alexandrino
839 2265 1064 2332 scripsit
1089 2265 1176 2317 3’:
1215 2262 1244 2315 si
1268 2263 1518 2319 Clemens
1550 2267 1674 2319 Ale-

114 2333 403 2386 xandrinus
429 2335 738 2402 presbyter,
762 2343 817 2388 et
839 2333 1277 2404 magisterlillius‘
1298 2333 1578 2396 Ecclesiae,
1620 2336 1670 2388 in

112 2404 354 2456 omnibus
401 2417 540 2471 pene
583 2403 735 2458 libris
763 2405 879 2458 suis
906 2402 1192 2458 Trinitatis
1230 2402 1476 2472 gloriam,
1510 2415 1674 2472 atque

110 2473 472 2542 a-ternitatem
521 2488 680 2526 unam
714 2475 1069 2540 eamdemque
1120 2473 1387 2542 designat,
1415 2484 1467 2527 et
1505 2475 1676 2528 inter-

113 2542 231 2594 dum
280 2541 591 2595 invenimus
638 2542 818 2612 aliqua
859 2544 911 2596 in
964 2543 1118 2597 libris
1163 2541 1294 2612 ejus
1326 2544 1585 2612 capitula,
1619 2543 1673 2598 in

112 2613 303 2678 quibus
332 2612 533 2665 Filium
581 2613 669 2666 Dei
714 2611 1020 2667 creaturam
1055 2611 1208 2666 dicit.
1254 2611 1504 2681 Nunquid
1551 2629 1673 2667 cre-

111 2681 265 2734 dibile
296 2691 381 2735 est
413 2685 482 2734 de
514 2692 664 2734 tanto
696 2685 833 2746 viro,
863 2693 970 2736 tam
1004 2683 1058 2734 in
1085 2682 1341 2735 omnibus
1376 2681 1670 2747 catholico,

113 2759 210 2802 tam
248 2752 490 2814 erudito,
524 2763 582 2804 ut
619 2752 699 2805 vel
750 2753 850 2806 sibi
883 2754 1152 2805 contraria
1183 2753 1453 2819 senserit,
1493 2754 1572 2807 vel
1609 2768 1672 2806 ea

109 2834 221 2891 quae
254 2822 322 2874 de
354 2820 466 2874 Deo
499 2835 605 2874 non
639 2822 814 2875 dicam
851 2822 1095 2884 credere,
1126 2821 1210 2876 vel
1237 2822 1426 2876 audire
1454 2823 1670 2891 quidem

109 2889 327 2956 impium
356 2899 462 2955 est,
490 2891 692 2959 scripta
720 2891 1073 2960 reliquerit?»

170 2960 398 3014 Scimus
425 2960 644 3028 quidem
662 3029 671 3030 ί
690 2959 963 3015 nonnullis
989 2962 1165 3015 visum
1211 2973 1332 3015 esse
1363 2960 1464 3014 hos
1490 2959 1676 3030 Hypo-

107 3035 356 3098 typoseon
389 3031 561 3085 libros
589 3047 617 3082 a
644 3029 922 3086 Clemente
943 3030 1315 3084 Alexandrino
1346 3031 1495 3099 prius
1523 3029 1674 3085 cum-

107 3102 335 3169 positos,
372 3116 536 3168 quam
570 3101 716 3155 veris
746 3101 998 3154 omnibus
1044 3101 1370 3154 Christianae
1398 3100 1673 3169 religionis

107 3158 455 3240 documentis
506 3169 664 3240 plene
699 3171 1044 3238 perfecteque
1076 3169 1430 3240 imbueretur.
1474 3158 1670 3223 Vveruin
1699 3163 1744 3220 C
1776 3158 1806 3240 ξ

103 3240 277 3308 gratis
309 3238 543 3294 omnino
581 3240 632 3292 id
668 3241 888 3294 dicitur.
916 3241 993 3294 Ex
1025 3240 1184 3294 dictis
1217 3238 1485 3309 siquidem
1518 3239 1675 3302 satis,

103 3309 202 3363 nisi
230 3309 501 3374 fallimur,
535 3311 820 3379 probatum
847 3320 957 3374 est,
986 3312 1088 3364 hos
1113 3309 1283 3377 libros
1305 3310 1376 3376 ab
1407 3311 1679 3367 haereticis

107 3379 278 3436 fuisse
320 3378 659 3435 adulteratos
687 3378 936 3448 {sedeque
963 3388 1268 3451 corruptos.
1299 3441 1301 3443 ι

165 3468 364 3539 Neque
411 3470 619 3524 dixeris
649 3469 866 3524 eosdem
905 3470 1074 3524 libros
1103 3472 1170 3523 ab
1201 3470 1308 3524 illis
1340 3478 1418 3524 tot
1458 3469 1510 3524 in
1543 3469 1678 3526 locis

100 3554 200 3594 non
235 3541 488 3611 potuisse
525 3541 822 3607 corrumpi.
854 3540 1080 3594 Constat
1107 3541 1250 3594 enim
1284 3550 1384 3611 per
1407 3555 1470 3592 ea
1501 3549 1558 3595 et
1587 3556 1678 3594 su-

96 3609 319 3678 periora
365 3612 535 3664 etiam
573 3621 810 3678 tempora
845 3625 909 3664 eo
947 3626 1118 3679 usque
1149 3609 1486 3678 processisse
1519 3611 1678 3665 etfre-

100 3691 288 3750 natain
339 3681 556 3733 illunim
613 3680 994 3750 haereticorum
1049 3681 1472 3750 impudentiam,
1513 3689 1572 3735 ut
1621 3681 1673 3734 in

99 3749 286 3818 plures
314 3752 457 3804 alias
485 3760 797 3803 sanctorum
847 3750 1111 3804 Ecclesiae
1155 3749 1380 3803 Patrum
1424 3750 1676 3804 lucubra-

101 3822 300 3885 ti‘ones,
329 3836 394 3874 ac
420 3821 636 3874 divinos
655 3821 820 3872 etiam
851 3835 1020 3874 sacrae
1047 3819 1346 3886 Scripturae
1373 3819 1564 3884 libros,
1597 3823 1673 3873 uti

97 3888 240 3943 haud
298 3892 473 3945 semel
534 3891 936 3954 adnotavimus,
1004 3906 1109 3946 non
1177 3890 1354 3943 minus
1411 3890 1675 3944 violentas

98 3974 298 4014 manus
351 3960 676 4028 injecerint,
723 3960 918 4028 quibus
966 3975 1062 4014 eos
1115 3959 1284 4012 variis
1340 3957 1671 4024 ejusceniodi

98 4031 598 4098 aniputationibus,
645 4029 1160 4097 iuterpolationibus
1191 4037 1248 4083 et
1284 4029 1673 4084 additamenlis

99 4103 334 4168 turpiter
367 4100 646 4153 [adurunt
677 4100 1180 4168 deforinaruutque.

164 4193 282 4248 Nec
316 4193 578 4247 audiendi
606 4201 753 4257 sunt,
795 4193 886 4261 qui
932 4193 1089 4246 nobis
1135 4189 1433 4259 objecerint
1477 4202 1669 4261 magna

94 4260 360 4320 Photium
390 4264 680 4318 oscitantia
713 4260 976 4318 Clementi
1007 4279 1070 4316 ea
1110 4263 1386 4324 tribuisse,
1428 4275 1548 4328 quae
1581 4260 1673 4315 ille

95 4349 197 4388 non
245 4350 317 4387 ex
370 4333 690 4402 semetipso,
739 4333 831 4387 sed
871 4341 939 4387 ex
986 4345 1240 4400 perversa
1289 4331 1672 4402 haereticorum

92 4407 378 4474 opinione
407 4400 702 4474 referebat.
749 4405 864 4474 Cur
901 4403 1084 4474 enim,
1139 4402 1390 4474 obsecro,
1445 4400 1670 4454 Photius

1785 577 1871 623 tur
1896 568 1962 623 ³³.
2010 567 2088 621 Ex
2141 568 2225 622 his
2261 566 2438 633 enim,
2486 584 2608 636 qua:
2654 583 2722 623 ex
2778 569 3012 624 Eusebio
3049 580 3104 625 et
3154 566 3356 627 Photio

1781 637 2105 706 retulimus,
2159 637 2404 690 funditus
2455 639 2723 692 evertitur
2775 638 2890 694 haec
2945 639 3082 694 falsa
3138 642 3350 706 Opinio.

1780 705 1949 762 Visne
1993 717 2047 761 et
2085 707 2136 760 id
2170 707 2369 772 adhuc,
2401 707 2445 759 si
2482 707 2596 776 lieri
2630 707 2831 776 possit,
2869 705 3184 765 evidentius
3212 711 3354 766 Vali-

1781 776 2009 846 diusque
2035 776 2437 830 demonstrari?
2465 775 2601 829 Audi
2633 775 2896 831 eumdem
2933 779 3250 837 Eusebium.
3286 784 3353 835 de

1779 844 2056 901 Clemente
2113 845 2482 900 Alexandrino
2541 847 2653 901 haec
2702 846 2972 902 dicentem
3014 848 3101 901 ⁸⁸ε
3146 867 3165 900 ι
3194 849 3351 904 Tunc

1779 915 1940 969 etiam
1977 914 2354 974 Alexandriae,
2409 916 2624 984 inquit,
2675 915 2864 968 iisdem
2916 932 3035 971 cum
3089 917 3348 974 Pautaeno

1778 985 1974 1038 Sludiis
2002 986 2310 1039 divinarum
2343 984 2757 1053 Scripturarum
2791 986 3130 1052 incumbens,
3163 989 3348 1043 ﬂoruit

1779 1054 2211 1110 Clemens.....
2251 1054 2357 1119 Qui
2409 1057 2570 1108 etiam
2624 1055 2677 1108 in
2739 1053 3142 1109 Institutiouum
3190 1059 3347 1113 libris

1789 1121 2233 1189 Ὺποτυπώσξσι
2259 1141 2290 1195 γε)
2325 1140 2383 1178 se
2415 1123 2746 1194 conscriptis
2795 1123 3111 1195 Pantaenum
3145 1142 3351 1195 praece-

1779 1202 1987 1266 ptorem
2041 1209 2202 1266 suuni
2236 1194 2436 1249 diserte
2485 1192 2750 1266 nominat.
2803 1192 2908 1248 Sed
2957 1204 3012 1266 et
3061 1195 3114 1248 in
3145 1192 3348 1266 'primo

1778 1261 2113 1334 Stramateon
2147 1262 2286 1334 libro
2337 1265 2586 1319 eumdem
2641 1265 2816 1332 ipsum
2847 1261 3185 1334 designare'
3213 1268 3344 1321 mihi

1775 1333 2007 1398 videtur,
2032 1351 2050 1384 ι
2085 1343 2196 1389 etc.
2234 1333 2487 1388 Potuitne
2519 1334 2785 1388 Eusebius
2812 1332 3135 1388 clarioribus
3164 1336 3349 1392 verbis

1775 1416 2090 1456 asseverare
2135 1403 2468 1458 Clementem
2517 1403 2945 1457 Alexandrinum
2990 1417 3113 1458 esse
3153 1418 3341 1459 verum

1777 1485 1882 1524 non
1925 1473 2100 1526 minus
2131 1471 2530 1543 Hypotyposeon
2561 1487 2722 1541 quam
2757 1470 3085 1526 Stromatum
3131 1487 3332 1540 paren-

1777 1550 1970 1595 temet
2029 1545 2340 1596 auctorem?
2374 1543 2476 1596 Sed
2521 1543 2702 1611 pudet,
2753 1553 2858 1594 tam
2893 1556 3080 1595 vanam
3128 1543 3345 1612 opinio-

1733 1635 1736 1638 ·
1775 1625 1897 1664 nem
1932 1625 2024 1665 seu
2060 1612 2537 1682 potiusgvigilantis
2573 1613 2805 1665 hominis
2846 1612 3116 1664 somnium
3149 1613 3341 1666 confu-

1776 1682 1961 1743 tando,
1993 1691 2204 1750 tempus
2238 1680 2436 1734 frustra
2466 1683 2776 1750 impendere
2802 1689 2855 1734 et
2880 1695 3124 1750 operam.

1843 1750 2029 1818 Neque
2062 1748 2223 1804 etiam
2268 1760 2483 1819 tempus
2516 1748 2567 1804 in
2602 1751 2688 1814 iis,
2734 1751 2822 1819 qui
2859 1751 2954 1804 bos
2989 1749 3154 1804 libros
3189 1748 3334 1813 ideo,

1775 1822 1899 1889 quia
1941 1823 2222 1875 erroribus
2249 1821 2553 1885 scatebant,
2587 1820 2934 1875 intercidisse
2963 1821 3333 1888 suspicantur,
3409 1821 3419 1830 ‘

1777 1889 2085 1946 relellendis
2118 1891 2399 1946 terendum
2433 1899 2536 1945 est.
2565 1889 2776 1944 Norunt
2807 1890 2949 1944 enim
2979 1904 3167 1943 omnes
3191 1903 3340 1942 eam-

1774 1963 1894 2015 dem
1927 1961 2096 2014 fuisse
2130 1976 2233 2015 non
2263 1961 2437 2015 solum
2469 1961 2852 2028 pessimorum,
2877 1958 2969 2012 sed
3005 1959 3170 2012 etiam
3198 1959 3338 2026 opti-

1773 2046 1982 2084 mormn
2022 2031 2320 2091 librorum,
2360 2040 2413 2083 et
2452 2027 2519 2083 ab
2582 2029 2975 2098 antiquissimis
3017 2042 3081 2082 ac
3130 2027 3335 2098 doctis-

1773 2100 1928 2154 simis
1975 2099 2226 2154 Ecclesiae
2271 2100 2522 2153 Pati-ibus
2554 2097 2819 2153 editorum
2876 2107 3078 2152 sortem
3131 2107 3186 2148 et
3225 2097 3340 2150 for-

1774 2177 1979 2224 tunam.
2027 2170 2160 2234 Quis
2199 2171 2360 2224 etiam
2416 2169 2633 2238 ignorat
2697 2169 2886 2221 noxias
2931 2176 2984 2238 et
3048 2165 3335 2238 pestiferas

1772 2240 2035 2308 quasdatn
2073 2236 2458 2293 haereticorum
2479 2254 2542 2292 ac
2567 2253 2900 2307 paganorum
2933 2236 3337 2308 lucubrationes

1775 2306 1980 2388 diutius
2011 2322 2419 2388 perseverasse,
2468 2306 2661 2388 quam;
2685 2307 2852 2370 alias,
2894 2320 3012 2388 qua:
3045 2308 3113 2385 ab
3152 2306 3338 2388 ortho-

1774 2377 1930 2430 dnxis
1971 2372 2331 2446 scriptoribus
2360 2378 2415 2430 in
2463 2372 2789 2430 Christianae
2832 2372 3110 2443 religionis
3153 2372 3337 2428 defen-

1774 2449 2002 2518 sionem,
2036 2447 2287 2518 illiusque
2317 2447 2630 2515 dogmatum
2666 2446 3079 2518 explicationem
3117 2457 3339 2518 ponipo-

1774 2517 1912 2580 sitae,
1937 2513 2449 2571 oninibus'sumnfaa
2480 2513 2880 2584 poteraiit’esse
2916 2514 3194 2584 utilitatis?
3226 2513 3335 2566 Ne-

1773 2601 1880 2655 que
1925 2587 1974 2639 id
2012 2587 2168 2652 longa
2201 2598 2256 2640 et
2288 2583 2810 2639 iiiutili'inductimie
2859 2583 3079 2655 probari
3115 2597 3341 2655 necesse

1775 2651 1889 2716 est.
1929 2658 2070 2725 quod
2109 2651 2178 2710 ex
2227 2657 2357 2726 ipsis
2403 2656 2711 2726 Clementis
2735 2651 3238 2726 nosti-ideperditis
3267 2651 3336 2706 li-

1775 2727 1906 2789 bris,
1937 2722 2002 2780 de
2038 2722 2397 2794 quihus'tuox
2450 2725 2862 2792 disputabimus,
2907 2722 3331 2778 luculentissima

1775 2796 2198 2849 demonstratur.

1844 2864 2014 2918 Porro
2058 2875 2236 2917 autem
2282 2862 2547 2918 Eusebius
2592 2861 2646 2915 in
2686 2860 2924 2915 Historia
2955 2875 3050 2914 sua
3089 2860 3337 2914 ecclesia-

1773 2935 1903 2987 stica
1943 2937 2038 2987 hos
2069 2934 2526 2987 Cleuientiuarum
2577 2931 2980 3001 Hypotyposean
3025 2929 3194 2983 libros
3227 2945 3330 2984 sae-

1775 3005 1894 3070 pius
1925 3005 2079 3064 citat,
2106 3016 2156 3056 ei
2195 3005 2441 3071 quaedam
2471 3002 2767 3070 aliquando
2796 3016 2985 3054 eorum
3009 3001 3333 3071 rlragmeuta

1775 3075 2014 3127 exhibet.
2058 3070 2266 3126 Etenim
2299 3082 2496 3141 praeter
2544 3072 2636 3124 illa
2680 3085 2800 3141 qua:
2837 3085 2915 3141 ex
2946 3070 3089 3122 illius
3129 3070 3338 3141 lib._vt,

1811 3145 1954 3210 apite
1996 3142 2088 3205 Μ,
2137 3158 2260 3212 pag.
2292 3138 2397 3196 ⁸215
2438 3153 2493 3195 et
2535 3138 3064 3212 seqqiprotulinius,
3105 3138 3342 3212 ab_ipsu

1782 3209 1930 3280 prius
1954 3213 2082 3267 lib.t
2111 3209 2336 3276 Ηίδῐοω
2363 3228 2480 3279 cap.
2506 3213 2590 3272 12,
2623 3209 2743 3280 pag.
2774 3210 2862 3270 '50,
2890 3210 3091 3262 citatur
3112 3209 3337 3280 quintus

1781 3278 2185 3352 Hypotyposeon
2222 3278 2648 3352 illliertb‘BXllls
2701 3278 2936 3352 “anteiiL
2963 3288 3018 3330 et
3074 3278 3341 3352 septimus

1779 3347 1982 3420 postea
2008 3353 2100 3404 lib.
2147 3367 2180 3404 ιι
2211 3351 2435 3417 Ilisior.,
2472 3366 2591 3419 cap.
2619 3352 2670 3415 l,
2703 3365 2825 3420 pag.
2872 3347 2964 3413 58,
3008 3356 3062 3401 et
3107 3363 3232 3416 cap.
3281 3350 3338 3409 9,

1779 3435 1902 3490 pag.
1931 3422 2023 3483 46,
2048 3438 2109 3474 ac
2133 3437 2250 3490 cap.
2279 3422 2365 3484 15,
2401 3436 2520 3490 pag.
2551 3421 2640 3473 53.

1851 3484 2009 3545 Plura
2051 3484 2229 3545 adhuc
2262 3484 2562 3560 l'raigiiieiita
2594 3507 2657 3543 ex
2693 3489 2882 3541 iisdem
2916 3484 3208 3560 Clementis
3243 3499 3338 3540 no-

1778 3561 1877 3615 stri
1929 3562 2078 3615 libris
2127 3563 2195 3614 ab
2241 3558 2575 3615 (Ec—unicum
2618 3563 2864 3626 decerpta
2897 3564 3064 3610 ’suut.
3097 3558 3338 3626 Primum

1778 3631 2043 3700 siquidem
2095 3631 2147 3684 iii
2199 3633 2354 3700 hujus
2383 3632 2449 3684 ad
2486 3634 2735 3700 ιη’ίιιιιιεει⁸
2759 3625 2836 3680 ad-
2866 3625 3339 3700 Corinthiospr

1778 3695 1972 3755 stolam
2021 3715 2144 3768 cap.
2186 3695 2282 3763 at,
2323 3700 2417 3753 10.
2473 3695 2593 3767 pag.
2636 3697 2772 3761 5‘26,
2822 3695 3229 3749 toiiiinentariis
3267 3709 3334 3749 ex

1779 3771 1940 3824 tertio
1984 3770 2126 3823 illius
2159 3768 2619 3823 Ὑποτυπώσεων
2663 3769 2802 3821 libro
2848 3768 3338 3834 desuuiptuuirest.

1776 3843 2080 3894 Secundum
2105 3854 2172 3893 ex
2202 3851 2402 3908 quarto
2429 3840 2745 3908 earumdem
2765 3833 3169 3908 Hypotypnseon
3200 3833 3341 3887 libro

1777 3912 2109 3978 descriptum
2140 3913 2191 3962 in
2221 3905 2422 3962 eisdem
2453 3912 2518 3960 ad
2548 3908 2586 3960 ll
2616 3916 2680 3960 ad
2709 3906 2955 3961 Corinth.
2983 3905 3180 3978 Epist”
3211 3917 3336 3978 cap.

1774 3972 2108 4047 v,16,'pag.
2149 3979 2275 4041 637,
2317 3978 2720 4033 commentariis
2764 3977 3040 4047 occurrit.
3093 3972 3336 4026 Tertium

1773 4065 1841 4101 ex
1885 4045 2080 4102 eodem
2120 4047 2522 4117 Hypoiyposeon
2578 4047 2718 4117 libra
2761 4046 2813 4117 in
2859 4045 3008 4097 hisce
3054 4056 3340 4117 commen-

1775 4119 1930 4173 tariis
1959 4133 2080 4186 cup.
2110 4113 2254 4186 seq},
2273 4113 2325 4170 vl
2351 4119 2436 4182 ii,
2462 4114 2744 4186 pag.”645.
2779 4113 3040 4180 Quartum
3062 4127 3126 4164 ex
3147 4113 3340 4186 quinto

1773 4179 2104 4258 earumdem;
2123 4179 2702 4258 Hypotypos'eonjlibw
2735 4179 3234 4258 iii;coitiiiientartis
3265 4179 3335 4233 ad

1776 4258 1942 4328 Epist.
1969 4258 2036 4311 ad
2066 4251 2243 4328 Galil}.
2274 4251 2392 4324 cap.
2421 4271 2476 4317 ν,
2511 4254 2601 4328 gi,
2637 4270 2762 4328 pagg.
2792 4251 2913 4305 763.
2960 4251 3219 4328 Quintum
3265 4263 3334 4328 εξ

1773 4318 2005 4397 septimo
2054 4318 2455 4397 Ηῂροιῃροὲεοη
2489 4318 2756 4397 _l_ibr6»i'n
2811 4320 3220 4397 commentariis
3268 4318 3336 4372 ad

1773 4391 2002 4466 primam
2047 4391 2342 4466 Epistulam
2375 4397 2443 4448 ad
2488 4393 2825 4466 Timotheum
2875 4406 2996 4460 cap.
3028 4405 3094 4454 ll,"
3119 4391 3172 4452 6,
3194 4397 3336 4466 tum.

91 4459 180 4550 ille
219 4473 456 4550 de_aliis
491 4459 1106 4550 disputans__Cleiiientis
1145 4459 1423 4550 Operilbu's,
1455 4485 1519 4550 ac
1553 4485 1669 4523 uia-
1700 4491 1743 4546 υ
1772 4459 1836 4550 ξι,
1876 4459 2151 4550 pag.“22'ti.
2187 4468 2410 4550 §extuui
2439 4478 2507 4518 ex
2538 4459 3338 4550 eodeinullfypotyposeoulili-ro

90 4549 241 4601 xime
281 4545 355 4599 de
403 4543 736 4599 Stromatum
783 4544 968 4607 libris,
1018 4541 1108 4595 ubi
1163 4550 1240 4594 tot
1292 4540 1667 4593 haereticorum

88 4627 556 4685 paganorumque
587 4628 807 4685 errores
850 4612 1140 4682 protulisse
1181 4611 1402 4685 lcgitur,
1432 4625 1526 4685 eos
1569 4610 1666 4679 ipsi

88 4682 317 4754 quoque
367 4701 476 4754 non
513 4684 808 4753 ascripsit?
846 4684 1050 4737 Deinde
1091 4683 1263 4748 magis
1303 4682 1582 4754 perspicax
1617 4690 1672 4733 et

84 4748 350 4810 oculatus
388 4753 492 4807 fuit
538 4748 780 4819 Pliotius,
811 4768 970 4818 quatit
1021 4762 1078 4804 ut
1107 4766 1167 4803 ea
1202 4765 1325 4820 quae
1360 4748 1672 4818 Πείραιε]ρο-

84 4829 232 4880 sibus
273 4825 368 4880 vel
414 4841 444 4878 a
475 4824 753 4877 Clemente
795 4825 878 4878 vel
926 4825 993 4877 ab
1026 4821 1150 4875 aliis
1195 4821 1436 4888 prochta
1481 4829 1668 4883 erant,

84 4912 193 4950 non
225 4895 602 4958 discreverit;
635 4907 735 4947 nec
763 4894 894 4947 adeo
931 4893 1157 4946 mendax
1191 4900 1244 4942 et
1277 4888 1670 4953 traudulentus,

85 4979 145 5019 ut
200 4965 486 5023 Clementi
557 4964 872 5017 innumeros
932 4964 1181 5015 tribuerit
1237 4974 1484 5021 errores,
1534 4972 1670 5025 quos

83 5039 331 5107 ipsemet
361 5037 615 5107 Clemens
641 5036 866 5107 aliorum
889 5048 1010 5107 esse
1035 5029 1391 5107 signiﬁcabat.
1425 5028 1669 5099 Denique

82 5102 315 5164 Etiamsi
376 5104 608 5176 Phatius
659 5109 724 5176 de
788 5103 1036 5176 plurimis
1088 5102 1320 5154 aliorum
1383 5107 1666 5176 auctorum

78 5181 316 5248 scriptis
350 5186 409 5230 et
433 5175 909 5248 lucubrationibus
933 5174 1185 5235 disserat,
1218 5181 1527 5248 eorumque.
1553 5174 1666 5236 epi-

82 5240 273 5303 tomén
309 5245 602 5309 exhibeat,
642 5243 826 5296 nullibi
859 5252 1036 5295 tamen
1069 5257 1098 5293 a
1146 5240 1398 5310 quapiam
1440 5240 1665 5306 hujusce

77 5334 176 5372 seu
217 5315 543 5373 oscitantiae
570 5323 625 5367 et
652 5314 876 5379 erroris,
906 5326 1003 5366 seu
1036 5309 1266 5374 fraudis,
1294 5309 1401 5363 doli
1429 5319 1482 5361 et
1512 5321 1664 5362 men-

72 5390 228 5442 dacii
261 5384 651 5443 insimulatur.

147 5463 201 5513 Δ
256 5472 400 5512 vero
440 5465 625 5507 autem
671 5467 778 5506 non
815 5450 992 5505 minus
1043 5449 1362 5511 abhorrent,
1403 5445 1492 5516 qui
1527 5447 1674 5500 nullo

72 5525 323 5584 auctore
374 5527 581 5588 citato,
627 5522 771 5576 nulla
817 5521 1026 5591 prolata
1092 5521 1301 5591 ratione
1343 5518 1672 5591 Clementem

84 5579 585 5655 ῖῗεὶῖἑῦπῶσεωῶ
641 5579 965 5662 scriptorem
1017 5607 1048 5644 a
1098 5588 1384 5644 Clemente
1439 5579 1677 5641 A'lexan-

1774 4532 1830 4592 iii
1861 4532 2262 4592 coiiiuiemariis
2315 4536 2380 4588 ad
2429 4535 2676 4588 eamdem
2730 4532 3051 4602 Epistulam,
3091 4544 3212 4602 cap.
3240 4542 3338 4594 iit,

1774 4609 1862 4674 l6,
1900 4623 2020 4678 pag.
2045 4609 2171 4661 229.
2209 4606 2510 4678 Septimum
2546 4617 2733 4678 rursus
2764 4601 3058 4678 excedent
3091 4601 3253 4664 libro,
3282 4604 3337 4678 in

1773 4667 2181 4732 commentariis
2226 4667 2387 4746 355
2424 4678 2490 4727 ad
2531 4675 2776 4746 eamdem
2813 4673 3009 4740 Epist.,
3039 4685 3158 4739 cap.
3185 4685 3235 4732 ν,
3279 4667 3336 4732 8,

1773 4765 1895 4819 pag.
1924 4746 2051 4801 257.
2104 4743 2371 4802 υειειῐίῐιιῐ
2417 4747 2468 4798 in
2507 4743 2762 4819 vcrs.__1t),
2814 4757 2937 4819 pag.
2971 4753 3211 4819 seque:
3240 4753 3338 4791 eo-

1775 4809 1892 4871 (leui
1943 4821 2102 4870 libro.
2151 4819 2358 4869 homini
2387 4819 2598 4866 rursus
2655 4809 2851 4866 ibidem
2891 4809 2957 4864 in
3005 4809 3176 4870 v.21,
3212 4822 3335 4876 pag.

1773 4887 1900 4952 242,
1929 4903 1996 4942 ex
2037 4889 2139 4941 hoc
2172 4886 2292 4955 ipso
2325 4885 2484 4938 libro.
2517 4882 2794 4936 Decimum
2833 4896 2901 4935 ex
2930 4882 3138 4955 eodei_ii_
3159 4882 3338 4930 adhuc

1777 4947 1914 5011 libro
1961 4960 2012 5010 in
2047 4947 2236 5010 iisdem
2271 4955 2678 5010 commentariis
2723 4956 2775 5006 in
2811 4967 2931 5018 cap.
2962 4965 3036 5010 vr,
3075 4947 3162 5013 15,
3211 4960 3333 5018 pag.

1772 5026 1900 5082 248.
1945 5025 2300 5081 Undecimum
2339 5025 2570 5090 denique
2619 5037 2683 5075 cx
2717 5017 2903 5076 eodem
2934 5017 3339 5090 qiioqiie__libro

1773 5095 1828 5149 in
1859 5095 2261 5151 commentariis
2278 5095 2332 5148 i'n
2345 5085 2642 5164 caputnﬂ,
2659 5085 3041 5159 subsequentis
3064 5085 3132 5140 ad
3156 5085 3338 5139 .Timo-

1776 5169 1961 5238 theum
1989 5164 2265 5238 Epistulae,
2298 5161 2496 5238 pagina
2525 5161 2655 5238 (Ἀρ-ο
2753 5235 2760 5238 _
2891 5226 2902 5238 .
2992 5223 3027 5238 ..
3100 5233 3110 5238 _
3251 5223 3264 5234 .
3301 5223 3313 5234 .

1846 5223 2111 5289 Praeterea
2150 5223 2277 5287 vero
2300 5223 2559 5286 'Jo'annes
2597 5231 2847 5284 Moschus
2891 5226 2942 5280 in
2981 5223 3145 5277 Prata
3181 5223 3340 5293 spiri-

1775 5307 1930 5368 tuali,
1954 5320 2074 5372 cap.
2103 5303 2226 5365 1'76,
2267 5306 2622 5372 quoddanrex
2661 5301 2756 5353 lib.
2787 5313 2813 5348 ν
2844 5295 3246 5372 Hypotyposeou
3272 5299 3340 5351 de

1781 5370 2144 5446 apostolorum
2179 5370 2506 5446 baptismate
2529 5370 2885 5446 fragmentum
2929 5370 3130 5446 retulit.
3231 5433 3241 5443 _

1851 5445 2043 5498 Omnia
2086 5436 2267 5497 autem
2313 5444 2402 5496 illa
2434 5436 2783 5513 excerpta‘in
2820 5437 2926 5499 his,
2963 5436 3062 5513 qui
3095 5436 3338 5513 omnium

1780 5523 2070 5567 versantur
2105 5513 2378 5575 manibus,
2406 5503 2642 5571 Eusebii,
2679 5503 2999 5564 (Ecumeuii
3030 5516 3082 5558 et
3113 5503 3340 5559 Joannis

1789 5585 1996 5650 Moschi
2043 5582 2198 5640 libris
2241 5581 2677 5653 quandoquidem
2728 5594 2760 5632 a
2814 5576 3055 5646 quolibet
3114 5583 3343 5645 possunt

141 5741 196 5776 ³²
244 5740 354 5795 lib.
387 5697 467 5794 De
522 5731 824 5789 adullerat.-
858 5732 954 5787 lib.
1007 5730 1146 5801 apud
1187 5729 1409 5800 Origcn.
1456 5693 1587 5785 tom.
1640 5725 1694 5792 l,
1726 5738 1780 5793 pa
1819 5723 1942 5780 494.
2021 5722 2067 5756 ⁸³
2102 5723 2160 5783 in
2205 5721 2501 5795 prolegom.
2530 5717 2596 5774 ad
2630 5716 2826 5773 Euseb.
2896 5713 3128 5780 Cbron.,
3169 5710 3338 5784 p.18.

54 5816 98 5851 ιο
159 5813 204 5870 i.
234 5827 273 5869 ν
309 5811 481 5875 Hist.,
511 5821 562 5861 ε.
609 5806 694 5868 ii,
739 5802 941 5874 p.175.
