3926 6532
252 403 390 457 1695

248 514 536 573 Anacharsi,
554 512 976 579 deAHyperboreis
1013 522 1064 564 et
1085 515 1224 565 Idaeis
1246 513 1485 579 Dactylis,
1526 511 1664 579 ferri,
1687 513 1816 566 teris,

249 579 530 645 litterarum
555 576 896 638 Ephesiarum,
920 576 972 626 et
991 590 1304 645 numerorum
1328 577 1627 645 musicorum
1646 577 1822 622 inven-

250 639 456 694 toribus,
484 636 755 698 eorumque
779 651 983 687 numero
1028 646 1080 687 et
1123 636 1338 698 nomine,
1360 639 1424 688 de
1467 637 1678 687 Chirone
1701 647 1823 698 cen-

251 707 413 759 tauro,
435 708 487 748 et
505 694 782 761 Hippa'seu
804 700 1026 762 Hippone
1050 700 1156 760 ejus
1178 700 1294 749 tilia.
1326 694 1334 698 ⁷
1697 694 1814 744 1511

315 785 562 834 Articulus
603 781 678 845 ΔΙΙ.
708 811 768 822 .-
818 784 892 832 De
937 789 1126 845 septem
1168 782 1365 832 Gra‘cize
1403 777 1724 845 sapientibus,
1765 786 1821 845 et

250 860 398 908 quam
422 847 570 911 varia:
595 842 778 911 fuerint
802 845 863 911 de
886 842 1282 911 illis'eorutnque
1298 854 1600 911 numero,_a_c
1623 843 1822 911 potissi-

251 903 386 956 mum
406 908 468 955 de
510 908 720 968 septimo
766 907 1039 968 opiniones,
1085 907 1147 954 de
1187 903 1476 968 quibusdam
1518 903 1821 968 Pherecpﬁjs

252 971 536 1027 sententiis,
565 963 618 1016 et
641 968 703 1016 de
726 963 858 1015 illius
879 969 1145 1030 theologia.
1205 963 1218 968 ⁷
1699 963 1820 1012 1520

314 1047 674 1098 Articuluslll.
716 1073 775 1083 —
799 1049 1050 1106 Quomodo
1088 1055 1277 1110 septem
1324 1046 1819 1110 Grzccitesapientes

254 1109 349 1160 dici
376 1113 562 1172 possint
583 1111 886 1158 recentiores
908 1110 1091 1170 Moyse,
1117 1109 1160 1156 ei
1213 1110 1368 1158 tribus
1409 1109 1578 1171 primis
1605 1109 1822 1172 philosp:

256 1167 463 1235 phorum
487 1173 762 1221 Graecorum
782 1175 933 1220 sectis
956 1167 1276 1233 antiquiores.
1411 1167 1424 1171 ⁷
1606 1167 1620 1170 ⁷
1699 1167 1822 1216 1522

316 1256 566 1304 Articulus
589 1255 667 1304 IV.
691 1281 752 1291 —
773 1255 888 1314 Qua:
915 1255 1062 1303 fuerit
1087 1256 1286 1304 Grzecize
1308 1251 1584 1315 sapientum
1602 1252 1820 1314 philoso-

251 1317 434 1428 ἕξιπόὶ
461 1317 602 1375 ratio,
641 1323 694 1364 et
736 1317 799 1365 de
835 1317 1125 1379 quihusdam
1151 1330 1320 1366 eorum
1346 1317 1508 1364 etl‘atis
1527 1321 1580 1362 et
1619 1322 1823 1422 senjtggrzi;P

313 1460 424 1512 CAP.
450 1458 549 1511 XX.
574 1486 636 1496 —
663 1461 730 1511 De
750 1459 947 1511 ethnicis
979 1457 1334 1526 legislatoribus
1357 1465 1402 1510 et
1428 1455 1630 1509 vatibus.
1697 1457 1816 1507 1327

315 1543 567 1606 Articulus
591 1544 628 1606 I.
653 1569 716 1579 ——
741 1539 814 1593 De
837 1546 1045 1594 ethnicis
1086 1543 1451 1606 legislatoribus
1490 1543 1696 1606 Solone,
1720 1542 1822 1590 Pit-

257 1608 384 1663 taco,
413 1605 739 1666 Praxiphane,
768 1606 946 1658 Minoe.
974 1604 1202 1664 Zaleuco,
1225 1621 1280 1654 ac
1293 1605 1534 1667 quomodo
1557 1604 1605 1652 hi
1632 1611 1732 1667 tres
1750 1606 1823 1652 Ie-

253 1667 513 1728 gislatores
536 1668 678 1727 primi
701 1668 795 1716 dici
820 1671 1100 1728 potuerint;
1128 1669 1190 1717 de
1211 1666 1412 1728 Cerere,
1434 1667 1675 1728 Lycurgo,
1706 1666 1825 1728 pra:

256 1725 397 1783 cbne,
421 1725 694 1789 Pythagora
717 1737 768 1777 et
790 1725 1019 1790 Epicuro.
1085 1725 1093 1728 ⁷
1400 1725 1408 1728 ⁷
1476 1725 1484 1726 ⁷
1601 1725 1616 1728 ⁷
1704 1726 1822 1774 1527

317 1809 568 1858 Articulus
591 1807 652 1858 II.
675 1835 736 1846 -—
757 1808 831 1858 De
853 1811 1064 1858 ethnicis
1089 1808 1298 1869 vatibus,
1326 1808 1599 1867 Sonchete,
1623 1807 1821 1867 Bacide,

255 1874 354 1944 tam
379 1871 567 1944 Bucotio
582 1884 732 1944 quam
756 1872 960 1944 Arcade.
987 1872 1048 1919 de
1074 1871 1374 1944 Amphileto,
1387 1870 1612 1944 Epmeta,
1628 1869 1821 1944 Cj'nira,

255 1931 484 1988 Admeto,
513 1930 735 1988 Aristaeo,
759 1933 1070 1992 Amphiarao,
1096 1930 1338 1993 Epigene,
1384 1930 1638 1987 Dionysio,
1667 1931 1822 1989 Nicia,

256 1993 537 2064 Calchante,
566 1993 749 2064 Mopso,
771 2000 822 2042 et
845 1993 908 2043 de
949 1995 1107 2052 Batto,
1147 1996 1232 2056 qui
1277 1994 1432 2056 Mopsi
1470 1993 1824 2064 divinatiopgln

256 2055 589 2116 composuisse
615 2053 811 2104 dicitur.
1163 2053 1178 2056 ⁷
1357 2053 1373 2056 ⁷
1701 2053 1822 2102 1550

318 2136 568 2184 Articulus
591 2137 678 2186 III.
711 2163 761 2172 —
787 2136 856 2184 De
877 2137 986 2186 aliis
1007 2136 1196 2186 vatibus
1231 2150 1256 2184 a
1285 2137 1540 2188 Clemente
1584 2149 1824 2186 memora-

258 2197 338 2260 tis,
383 2198 676 2260 Pythagora,
722 2197 884 2257 Ahari,
927 2200 1142 2257 Aristla,
1192 2199 1500 2260 Epimenide,
1545 2199 1822 2260 Zoroastro,

257 2259 576 2320 Empedocle,
599 2261 891 2308 Phormione
924 2267 977 2308 et
999 2263 1206 2310 caeteris.
1237 2259 1247 2260 ⁷
1703 2259 1825 2308 1554

319 2341 570 2390 Articulus
592 2341 669 2392 IV.
690 2368 752 2378 —
773 2343 847 2392 De
868 2341 1155 2391 mulieribus
1178 2340 1386 2391 ethnicis
1418 2339 1644 2402 fatidicis,
1672 2348 1724 2390 et
1743 2357 1826 2392 va-

258 2401 667 2512 gb’uzgllppone,
692 2404 884 2464 Beone,
935 2404 1116 2464 Manto,
1143 2404 1366 2464 Sibyllis,
1389 2404 1578 2452 rEnone
1605 2401 1657 2452 et

345 2477 371 2509 n
441 2499 453 2511 .

345 2477 453 2511 008.

265 2603 278 2613 ι
321 2544 435 2614 Car.
605 2574 666 2583 —
685 2548 755 2599 De
776 2545 1101 2609 scientiarum,
1124 2545 1301 2598 artium
1343 2544 1647 2612 aliarumque
1665 2560 1826 2614 rerum

259 2607 599 2657 inventoribus.
1089 2607 1094 2609 ⁷
1567 2607 1578 2612 ⁷
1704 2610 1824 2659 1541

320 2715 573 2765 Articulus
594 2717 633 2766 Ι.
657 2744 718 2780 τ-
748 2717 824 2780 De
868 2717 1204 2767 inventoribus
1248 2719 1545 2780 astrologiae,
1594 2719 1827 2766 lucerna-

261 2788 386 2836 rum,
412 2779 526 2842 anni
551 2779 901 2842 induodecim
928 2793 1126 2827 menses
1164 2779 1504 2842 distribuendi,
1551 2785 1605 2828 et.
1645 2781 1824 2842 templa

259 2845 395 2904 caste
417 2839 648 2897 adeundi,
671 2841 720 2888 in
743 2837 895 2904 iisque
933 2841 1273 2904 commorandi,
1321 2843 1623 2904 geometriae,
1667 2848 1721 2904 et
1748 2837 1827 2889 ἐι

260 2900 422 2964 astris,
448 2907 598 2964 atque
628 2913 691 2949 ex
732 2902 891 2950 avium
935 2903 1096 2951 volatu
1144 2903 1300 2952 futura
1323 2900 1665 2964 'przevidendi,
1705 2903 1828 2951 item

259 2963 565 3026 aruspicinae,
591 2968 642 3010 et
658 2973 726 3026 ex
751 2965 954 3013 somniis
997 2965 1261 3024 divinandi,
1286 2963 1474 3014 necnon
1500 2964 1649 3026 tuba,
1673 2966 1825 3026 tibiae,

259 3023 456 3080 ﬁstulae,
481 3036 537 3073 ac
560 3023 830 3073 modorum.
1248 3023 1252 3024 ⁷
1636 3023 1642 3026 ⁷
1709 3023 1825 3073 1541

322 3106 572 3156 Articulus
594 3107 653 3156 II.
676 3134 739 3145 --
760 3107 834 3157 De
857 3109 1194 3158 inventoribus
1221 3109 1496 3168 medicinae,
1522 3109 1730 3157 nauticae
1751 3107 1826 3158 'ac

257 3169 576 3232 construendi
596 3181 766 3232 navem
791 3184 802 3228 ;
828 3168 1097 3230 triremem,
1126 3173 1496 3232 quatriremem,
1521 3172 1827 3231 classemque

261 3231 558 3294 instruendi,
585 3229 935 3294 et_l_'abricandi
959 3246 1108 3292 arma,
1135 3229 1338 3294 harpen,
1385 3233 1543 3282 varias
1581 3229 1828 3294 machinas

259 3290 322 3338 νε.
339 3294 378 3340 ri
404 3293 614 3352 atrisque
639 3291 881 3351 fabricam,
906 3301 1004 3342 etc.
1096 3290 1102 3292 ⁷
1225 3290 1239 3294 ⁷
1325 3290 1332 3292 ⁷
1701 3292 1822 3341 1546

323 3375 573 3440 Articulus
594 3373 680 3424 IlI.
702 3400 764 3440 τι
785 3375 858 3424 De
881 3375 1220 3426 inventoribus
1239 3378 1583 3440 grammatica,
1605 3378 1826 3440 scriben-

259 3434 337 3484 dae
357 3436 597 3496 epistolae,
617 3443 669 3484 et
687 3436 947 3486 rhetoricae
969 3440 1220 3487 orationis.
1241 3434 1266 3440 ⁷
1569 3434 1580 3440 ⁷
1705 3439 1822 3490 1551

326 3519 575 3584 Articulus
597 3518 677 3567 IV.
700 3544 760 3553 —
783 3518 856 3567 De
889 3519 1228 3584 inventoribus
1254 3525 1372 3571 artis
1398 3523 1620 3584 poetica,
1645 3531 1701 3572 et
1717 3533 1830 3572 mu-

260 3581 393 3638 sicae,
420 3581 770 3641 modorumque
795 3583 1107 3642 musicorum,
1148 3584 1312 3640 iambi,
1357 3581 1668 3643 dt'thyrambi,
1712 3584 1829 3632 cho-

261 3655 382 3696 reae,
416 3658 602 3705 ιρυτυιςιν,
640 3644 982 3703 variorumque
1006 3645 1213 3693 saltandi
1263 3647 1534 3705 modorum,
1555 3657 1828 3701 nomorum,

261 3705 484 3762 citharae,
511 3707 816 3764 aliorumque
838 3705 1274 3754 instrumentorum
1296 3709 1612 3755 musicorum.
1707 3705 1832 3756 1555

327 3783 578 3846 Articulus
603 3783 662 3832 V.
687 3784 843 3846 --,De
875 3780 1214 3831 inventoribus
1257 3788 1486 3834 carminis
1531 3787 1828 3846 hexametri,

263 3845 537 3905 tragtedia,
580 3844 849 3904 comoediae,
893 3855 950 3892 ac
991 3845 1104 3905 quis
1140 3847 1328 3906 primus
1374 3848 1551 3895 librum
1598 3844 1830 3956 edidfargst‘;

327 3986 576 4036 Articulus
599 3985 679 4034 VI.
706 4012 768 4021 —
785 3986 860 4036 De
883 3988 945 4035 iis
963 3989 1046 4049 qui
1076 3987 1138 4036 de
1159 4001 1323 4036 rerum
1348 3987 1689 4037 inventoribus
1709 3990 1833 4036 scri-

263 4055 490 4111 pserunt,
537 4050 802 4106 Scamone,
852 4049 1209 4111 Theophrasto,
1250 4049 1486 4111 Cydippo,
1529 4050 1828 4111 Antiphane,

263 4109 595 4169 Aristodemo,
621 4111 909 4169 Aristotele,
938 4109 1334 4174 Philostephano,
1355 4109 1676 4160 et‘Stratoue‘.
1715 4111 1828 4160 1561

327 4213 438 4279 Car.
466 4212 612 4262 XXII.
637 4215 792 4279 —ADe
812 4212 1076 4279 magistris,
1099 4213 1183 4279 qui
1221 4213 1484 4279 discipulos
1510 4213 1603 4266 sibi
1649 4211 1832 4279 similes

262 4274 519 4339 cﬂccerunt
543 4313 556 4336 ,
597 4281 643 4325 et
689 4275 750 4326 de
798 4274 965 4326 multis
1009 4274 1302 4340 scriptorum
1347 4274 1627 4328 Crwcorum
1669 4277 1830 4388 tui-lissi

1745 4357 1770 4387 ὀ

1745 4357 1770 4387 ὀ

329 4397 582 4462 Articulus
600 4395 638 4462 1.
660 4424 721 4433 -
741 4398 816 4462 De
834 4397 1083 4461 magistris
1116 4401 1200 4461 qui
1221 4400 1486 4462 discipulos
1529 4400 1622 4450 sibi
1647 4401 1835 4450 similes

264 4457 512 4522 fecerunt,
534 4458 880 4522 ilsrhomacho,
916 4457 1158 4522 lampide
1182 4498 1196 4521 ,
1234 4457 1521 4512 Charidemo
1543 4499 1556 4520 ,
1596 4463 1796 4512 Simone
1818 4498 1832 4522 ,

273 4521 743 4585 I’erdice,Crob.vlo.
785 4521 1305 4581 Archelao.’Homero,
1347 4524 1615 4585 Pyrrhone,
1656 4521 1836 4585 Deme:-

263 4584 470 4638 sthene,
505 4583 786 4645 Chrysippo,
812 4585 1085 4632 Aristotele
1109 4591 1160 4632 et
1181 4583 1406 4634 Platone.
1602 4583 1608 4585 ⁷
1719 4584 1834 4634 1561

328 4667 583 4734 Articulus
601 4665 664 4715 II.
690 4667 1059 4734 —-__Deiis_quai
1098 4677 1259 4734 poetic
1294 4681 1363 4734 _ex
1412 4669 1522 4734 aliis
1563 4673 1742 4734 poetis,
1781 4685 1839 4734 ac

266 4729 466 4791 quidam
485 4741 683 4789 quoque
710 4731 794 4778 alii
817 4743 877 4778 ex
908 4729 1080 4777 iisdem
1103 4731 1265 4791 poetis
1288 4731 1432 4781 furati
1456 4729 1588 4783 sunt'.
1718 4733 1840 4782 1564

331 4811 585 4875 Articulus
605 4809 830 4862 [IL—De
853 4812 1273 4875 philosophorum,
1297 4814 1641 4865 historicorum
1655 4821 1708 4866 et
1728 4830 1838 4865 ora-

271 4877 432 4921 torum
458 4871 621 4920 l‘urtis.
857 4871 872 4875 ⁷
1051 4871 1065 4873 ⁷
1260 4871 1268 4874 ⁷
1714 4877 1836 4928 1567

335 4956 589 5024 Articulus
610 4952 691 5002 iV.
714 4979 775 4988 —
796 4955 870 5004 De
893 4955 1156 5024 majoribus
1173 4958 1457 5024 _Gr:ecorum
1478 4961 1638 5021 furtis,
1659 4961 1838 5023 quibus

273 5017 469 5078 integra
508 5017 714 5065 aliorum
756 5027 924 5081 opera,
948 5018 1101 5066 libros
1142 5021 1360 5081 aliasque
1403 5017 1839 5072 commentationes

272 5081 366 5144 sibi
394 5081 746 5144 ascripserunt,
771 5082 824 5125 et
846 5079 908 5128 de
951 5081 1146 5142 Hippia,
1165 5084 1250 5144 qui
1271 5079 1334 5131 de
1381 5083 1658 5135 Graecorum
1702 5085 1841 5134 furtis

273 5142 562 5202 disputavit.
1184 5142 1198 5144 ⁷
1719 5146 1840 5196 1569

334 5247 451 5300 Car.
476 5244 648 5297 XXIII.
667 5271 730 5280 —
755 5244 824 5296 De
841 5243 994 5296 variis
1025 5245 1227 5310 artibus,
1254 5246 1465 5301 scientiis
1481 5256 1527 5300 et
1548 5249 1838 5317 disciplinis.

335 5369 588 5439 Articulus
605 5368 648 5439 _I_.
670 5395 731 5409 ι-
746 5369 878 5439 Quid
899 5370 965 5420 sit
995 5371 1252 5434 dialectos,
1277 5378 1331 5422 et
1349 5372 1411 5422 de
1432 5375 1600 5436 primis
1620 5315 1842 5439 geniti:

275 5431 504 5481 dialectis
525 5437 578 5478 et
605 5433 801 5493 linguis.
1240 5431 1247 5434 ⁷
1435 5431 1446 5436 ⁷
1620 5431 1649 5439 ⁷
1719 5437 1842 5488 1575

339 5515 588 5579 Articulus
607 5512 670 5563 II.
693 5540 755 5550 —
776 5515 964 5565 Primas
987 5516 1222 5566 dialectos
1237 5517 1466 5567 barbaras
1486 5517 1654 5579 fuisse,
1675 5519 1755 5569 ubi
1778 5521 1842 5570 de

312 5577 505 5640 recibus
528 5577 690 5624 aliena
713 5581 886 5640 etnon
913 5580 1100 5640 vulgari
1149 5579 1313 5640 lingua
1358 5577 1718 5640 fundendis,'de
1740 5583 1844 5632 He-

317 5639 452 5701 ralem
473 5636 652 5698 linguae
675 5644 728 5686 et
752 5638 951 5701 dialecti
987 5636 1298 5701 antiquitate,
1343 5641 1406 5689 de
1432 5636 1647 5691 Hellene
1670 5643 1843 5692 Helle-

278 5699 599 5767 nicaelinguie
631 5707 849 5767 auctore,
892 5700 955 5767 de
1004 5699 1149 5767 variis
1191 5699 1422 5767 ejuSdem
1456 5703 1650 5767 linguai,
1694 5711 1843 5767 atque

277 5762 426 5828 etiam
451 5761 652 5809 deorum
677 5763 1034 5828 et‘ani‘malium
1053 5764 1294 5828 dial_ec_tis,
1322 5779 1377 5813 ac
1395 5766 1457 5813 de
1478 5761 1712 5828 singulari
1735 5761 1843 5814 ele-

277 5823 530 5884 phantum,
573 5823 750 5885 scorpii
794 5822 979 5886 Libyci,
1021 5838 1077 5875 ac
1107 5822 1312 5887 piscium
1348 5832 1454 5876 arte
1481 5822 1843 5940 et'mdustltjglté

1755 5905 1781 5940 ο

1731 5891 1781 5940 15

1262 394 1430 464 QUAS
1458 393 1523 450 IN
1556 391 1693 448 HOC
1731 387 1925 446 TOMO
1959 387 2473 449 CONTINENTUR.

3353 391 3494 453 169$

1995 509 2436 573 ArticulusIIl.—-
2466 511 2539 561 De
2579 511 2880 573 cognitione,
2930 516 3092 560 utrum
3131 511 3289 573 aliqua
3335 515 3401 563 sit
3441 513 3494 564 in

1923 570 2108 635 belluis
2128 574 2360 634 cognitio,
2383 579 2437 621 et
2458 574 2614 621 anima
2640 570 2874 622 'humana'
2915 575 3098 635 aliquid
3120 570 3227 623 sine
3253 588 3493 625 sensuum

1923 632 2219 696 adminiculo
2239 641 2518 696 cognoscat,
2542 641 2688 694 atque
2710 635 2965 695 judicium,
3000 632 3093 683 seu
3116 639 3326 686 secunda
3352 650 3494 685 men-

1923 693 1986 742 tis
2009 697 2250 760 operatio,
2277 693 2341 743 sit
2363 693 2627 744 voluntatis
2651 693 2804 754 acius,
2825 697 2887 743 de
2919 709 3045 760 vera
3072 703 3125 745 et
3163 699 3277 746 falsa
3299 701 3493 760 Opinio-

1921 768 2004 817 ne,
2023 758 2089 805 de
2111 758 2552 816 demonstratione,
2577 760 2806 820 scientia,
2824 758 3065 820 sapientia
3112 765 3163 807 et
3209 758 3487 820 prudentia.

1979 900 2234 951 Articulus
2256 901 2336 951 IV.
2362 929 2424 940 -
2449 903 2523 952 De
2551 904 2778 959 veritate,
2802 901 2979 963 quibus
2996 902 3043 949 in
3064 902 3212 950 rebus
3234 905 3487 961 consistat,

1916 963 2071 1022 ipsam
2089 976 2200 1026 esse
2217 978 2406 1026 magna:
2428 966 2622 1012 virtutis
2644 962 2951 1026 principium,
2969 970 3020 1011 et
3043 965 3149 1023 ejus
3171 965 3488 1024 primordium

1919 1036 2032 1071 esse
2061 1023 2454 1078 admirationem.
2483 1023 2705 1086 atquein
2734 1023 3015 1084 cognitione
3036 1033 3088 1072 et
3108 1023 3298 1074 actione
3325 1040 3490 1076 versa-

1917 1087 1978 1142 ri,
2003 1085 2123 1134 duas
2142 1087 2278 1136 illius
2300 1099 2411 1134 esse
2439 1085 2653 1148 species,
2689 1087 2841 1134 multa
2883 1099 2993 1134 esse
3019 1088 3379 1148 ejusicriteria,
3407 1102 3490 1135 va-

1917 1149 2115 1210 riasque
2140 1148 2421 1209 disciplinas
2443 1147 2503 1196 ad
2529 1162 2636 1197 eam
2655 1149 3024 1210 comparandam
3040 1147 3281 1209 conferre,
3302 1157 3353 1197 et
3375 1163 3488 1198 esse

1920 1209 2092 1266 utiles,
2117 1223 2172 1256 ac
2194 1211 2456 1270 quomodo.
2769 1209 2780 1210 ⁷
3367 1211 3487 1258 1585

1979 1292 2230 1341 Articulus
2250 1293 2308 1340 V.
2329 1319 2391 1328 -—
2413 1294 2486 1342 De
2508 1293 2838 1354 grammatica,
2861 1290 3138 1343 dialectica.
3161 1290 3488 1354 arithmetica,

1920 1357 1972 1400 et
1992 1354 2280 1414 quihusdam
2302 1357 2538 1409 numeris,
2567 1355 2627 1402 de
2651 1368 2851 1412 musma,
2876 1357 3167 1416 geometria,
3191 1357 3491 1405 architectu-

1918 1427 1992 1475 ra,
2017 1416 2336 1476 agricultura,
2359 1417 2551 1464 nautica
2577 1422 2630 1464 et
2652 1419 2964 1464 astronomia.
2997 1469 3004 1482 .
3369 1417 3490 1467 1585

1980 1498 2233 1560 Articulus
2255 1497 2338 1547 VI.
2360 1526 2421 1536 —
2447 1500 2775 1560 Sophisticam
2800 1506 2975 1553 artem.
2995 1499 3123 1548 sicut
3145 1505 3196 1547 et
3218 1501 3356 1555 alias,
3379 1515 3490 1560 qua)

1899 1559 2124 1622 vocibus
2151 1568 2203 1607 et
2227 1560 2389 1622 verbis
2427 1559 2612 1608 tantum
2638 1569 2877 1616 constant,
2904 1572 3012 1622 esse
3041 1561 3239 1622 penitus
3257 1559 3490 1621 abjicieu-

1922 1621 2009 1668 das
2037 1628 2090 1668 et
2111 1621 2530 1679 exterminandas;
2552 1636 2662 1684 qum
2691 1637 2716 1671 a
2738 1621 3024 1684 Christianis
3047 1621 3314 1670 movendae
3352 1636 3490 1684 qua:-

1922 1684 2128 1745 stiones,
2151 1691 2235 1732 aut
2257 1697 2351 1731 non
2399 1685 2672 1745 movendae,
2701 1697 2756 1732 ac
2780 1698 2806 1732 a
2832 1683 3011 1745 quibus
3037 1691 3091 1732 et
3131 1683 3380 1744 quomodo
3415 1686 3492 1732 le-

1921 1744 2071 1805 gendi
2094 1758 2391 1806 paganorum
2414 1742 2542 1794 libri.
2657 1742 2662 1744 ⁷
2849 1742 2864 1745 ⁷
3149 1742 3165 1744 ⁷
3367 1745 3490 1794 1569

1982 1845 2093 1911 (in.
2120 1848 2283 1896 XXIV.
2312 1873 2374 1911 1—-
2402 1850 2464 1911 De
2485 1847 2631 1898 variis
2653 1860 2949 1911 paganorum
2990 1845 3204 1911 moribus
3227 1861 3284 1898 ac
3323 1847 3492 1911 siuna:-

1919 1906 2104 1958 laribus
2123 1917 2168 1960 et
2189 1907 2442 1972 prmclaris
2467 1906 2789 1975 quorumdam
2809 1907 3120 1974 facinoribus.
3370 1906 3492 1960 1589

1979 1993 2283 2056 Articulusl.
2304 2022 2366 2031 —
2387 1994 2460 2042 De
2489 2007 2698 2056 purpura
2744 1996 3024 2056 dolosisque
3065 1995 3299 2052 vestibus,
3326 2003 3380 2044 et
3403 2010 3491 2044 un-

1921 2053 2183 2119 ctionibus,
2210 2055 2271 2102 de
2300 2053 2564 2119 puerorum
2586 2053 2919 2118 expositione,
2942 2053 3003 2104 de.
3020 2059 3336 2118 quorumdam
3354 2061 3488 2119 gula,

1921 2115 2388 2180 et__liguritione,‘de
2415 2119 2560 2180 cultu
2612 2115 2803 2178 angelis
2830 2124 2882 2166 et
2923 2115 3226 2167 daemonibus
3269 2133 3294 2166 a
3336 2115 3492 2180 magis

1925 2176 2300 2249 tribu_to,_atque
2325 2179 2387 2249 de
2411 2178 2606 2228 illorum
2631 2194 2656 2249 a
2680 2176 2807 2238 vino,
2840 2181 3065 2249 anima-tis
3111 2188 3163 2228 et
3202 2182 3348 2228 rebus
3383 2176 3490 2249 fe-

1922 2238 2086 2302 nereis
2108 2238 2420 2298 abstinentia,
2463 2241 2684 2302 quamvis
2714 2254 2823 2288 cum
2867 2241 3104 2289 matribus
3151 2249 3203 2290 et
3241 2242 3491 2290 sororibus

1924 2301 2539 2363 coirent,_c_ommunesque
2574 2303 2648 2349 eis
2675 2309 2844 2350 essent
2867 2315 3064 2360 uxores,
3091 2303 3153 2350 de
3194 2304 3492 2351 athletarum

1921 2373 1951 2425 ξι
1975 2360 2123 2425 rebus
2143 2359 2388 2425 venereis
2409 2359 2722 2418 abstinentia,
2747 2364 2808 2410 de
2831 2364 3024 2425 legibus
3050 2359 3215 2412 Contra
3240 2365 3492 2412 adulteros

1923 2420 2056 2496 latis,
2076 2422 2138 2468 de
2161 2422 2254 2496 alia
2278 2425 2686 2496 legem-gratiam
2706 2420 2966 2496 mulierum
2990 2427 3338 2496 pragnantium
3361 2427 3495 2496 capif

1925 2486 1976 2529 te
1999 2483 2354 2549 damnatarum,
2378 2487 2439 2549 de
2460 2483 2784 2534 Romanorum
2826 2483 3136 2549 testamentis
3158 2500 3248 2549 per
3273 2483 3429 2549 libras
3439 2491 3494 2549 _e_t

1922 2555 2078 2603 asses,
2102 2558 2158 2593 ac
2177 2546 2239 2594 de
2264 2545 2740 2595 Lacedaemoniorum
2769 2545 2970 2596 scitalis.
3161 2545 3174 2549 ⁷
3370 2547 3495 2596 1590

1984 2628 2235 2677 Articulus
2255 2627 2317 2677 II.
2339 2657 2400 2692 έ-
2426 2631 2499 2679 De
2522 2631 2770 2692 praclarls
2817 2636 2867 2692 et
2894 2629 3224 2692 singularibus
3262 2643 3496 2692 quorum-

1923 2689 2032 2753 dam
2055 2702 2163 2737 cum
2192 2689 2657 2753 populorumgtum
2702 2689 2951 2739 hominum
2977 2689 3166 2753 'l'actis,
3195 2689 3494 2753 Cleomedis,

1922 2750 2245 2814 Athamantis,
2270 2750 2500 2814 )Eschyli,
2531 2751 2835 2814 Philoxenat,
2885 2751 3214 2809 Bocchoridis,
3233 2813 3248 2814 γ
3271 2750 3494 2814 [Ἐδορὶοέ-

1923 2825 2049 2868 rum,
2077 2811 2414 2871 Macedonum,
2437 2813 2698 2868 Laconum,
2744 2813 2977 2868 Zenonis,
3005 2815 3208 2867 Iileatis.
3230 2811 3494 2871 Theodoti,

1923 2871 2083 2935 Pauli,
2111 2873 2382 2933 Posthumi,
2426 2875 2713 2930 Anaxarchi,
2760 2875 3292 2935 Gymnosophistarum.
3339 2890 3396 2924 ac
3430 2877 3495 2925 de

1922 2934 2142 2984 Platonis
2189 2936 2338 2984 eII‘ato
2377 2949 2389 2984 :
2423 2935 2621 2986 Justum
2662 2937 2758 2986 etsi
2799 2934 3087 2998 torqueatur
3124 2949 3238 2985 esse
3275 2936 3496 3046 beaﬁgt6

1986 3077 2236 3128 Articulus
2258 3079 2345 3129 III.
2372 3105 2434 3114 —
2453 3079 2530 3129 De
2553 3079 2732 3129 bellica
2769 3082 3088 3142 quarumdam
3114 3083 3376 3130 mulierum
3399 3081 3497 3130 for-

1924 3139 2156 3197 titudine,
2186 3143 2248 3190 de
2270 3143 2610 3195 Amazonibus.
2654 3139 3025 3200 Sauromatidis.
3052 3151 3103 3192 et
3139 3145 3410 3201 Sacidibus,
3433 3145 3497 3194 de

1922 3203 2161 3268 singulari
2189 3204 2475 3268 Iberiarum
2496 3205 2782 3268 puerperio,
2809 3206 2874 3253 de
2901 3207 3145 3268 praeclaris
3180 3208 3499 3268 quarumdam

1923 3262 2081 3326 factis,
2119 3264 2394 3326 Lysidicae,
2424 3262 2707 3326 Philoterm,
2757 3262 2950 3315 Leu-nae
2980 3269 3172 3321 Atticae,
3197 3262 3496 3326 "Telesilla,

1923 3323 2076 3375 Danai
2101 3327 2328 3385 filiarum,
2354 3323 2434 3374 ubi
2459 3328 2606 3388 deeo
2627 3329 2710 3388 qui
2752 3327 2872 3376 fecit
2899 3329 3183 3382 Danaidem,
3206 3330 3268 3377 de
3291 3323 3500 3377 Athlan;

1924 3389 2264 3452 te_._Anti_clea,
2291 3387 2497 3452 Alcesti,
2525 3387 2778 3452 Illaczeria,
2809 3389 3228 3452 Hyacintbidibus,
3269 3391 3330 3437 de
3378 3403 3500 3452 poe-

1926 3446 2034 3497 triis
2055 3449 2312 3513 Telesilla,
2337 3449 2482 3513 Myia,
2507 3451 2734 3506 Corinna,
2759 3446 2974 3513 Sappho,
2996 3446 3298 3509 Cleobulina,
3328 3446 3410 3500 ubi
3434 3453 3500 3500 de

1925 3524 2060 3562 more
2086 3511 2241 3572 pedes
2265 3511 2478 3566 lavandi.
2505 3513 2568 3561 de
2594 3511 2880 3575 pictricibus
2904 3513 3046 3562 lrene
3087 3521 3141 3562 et
3184 3515 3496 3624 ΛιλαιεηᾶἮὶ

1986 3652 2098 3718 Car.
2125 3651 2270 3718 XXV.
2294 3679 2356 3690 —
2382 3653 2450 3718 De
2472 3652 2626 3718 variis
2649 3653 2984 3718 scriptoribus,
3013 3653 3065 3707 in
3083 3653 3159 3706 Itis
3205 3657 3502 3706 Stromatum

1927 3711 2067 3764 libris
2089 3728 2120 3764 a
2141 3715 2376 3766 Clemente
2399 3714 2629 3766 laudatis.
2751 3711 2761 3718 ⁷
2969 3711 2978 3716 ⁷
3377 3718 3504 3768 1405

1989 3795 2240 3864 Articulus
2262 3798 2300 3846 Ι.
2327 3822 2390 3835 -—
2409 3798 2483 3847 De
2507 3799 2756 3849 historicis
2779 3804 2832 3849 et
2861 3800 2972 3850 aliis
2994 3801 3078 3864 qui
3097 3801 3258 3851 soluta
3277 3803 3501 3864 oratione

1929 3858 2116 3919 aliquid
2140 3861 2466 3920 scripserunt.
3009 3858 3026 3864 ⁷
3379 3862 3506 3914 1495

1989 3937 2244 3986 Articulus
2269 3937 2330 3987 Il.
2363 3963 2428 3974 —
2449 3938 2524 3988 De
2545 3940 2707 4001 poetis
2728 3955 2754 3988 a
2777 3939 3031 3992 Clemente
3057 3941 3281 3993 laudatis.
3379 3943 3504 3992 1422

1991 4041 2408 4113 ριβεειιμτιρ
2430 4043 2692 4113 ΤΕΒΤῙΑ.
2707 4073 2768 4082 -
2790 4049 2858 4113 De
2879 4045 2991 4113 aliis
3015 4049 3266 4113 Clementis
3290 4051 3506 4102 Alexan-

1931 4103 2063 4172 drini
2087 4103 2332 4172 operibus,
2357 4103 2456 4172 sive
2479 4105 2624 4168 veris,
2649 4105 2748 4158 sive
2791 4107 2946 4170 falsis,
2972 4108 3114 4172 editis
3139 4118 3181 4159 et
3206 4110 3416 4168 ineditis,
3443 4128 3503 4164 ac

1931 4165 1992 4234 de
2013 4165 2074 4214 iis
2099 4165 2209 4234 (pta;
2222 4165 2319 4234 ille
2333 4165 2625 4234 scripturum
2655 4183 2706 4219 se
2742 4165 2844 4234 esse
2867 4165 3175 4234 prbmiserat,
3200 4180 3244 4224 et
3266 4175 3327 4225 de
3348 4165 3504 4228 variis

1931 4225 2254 4292 cltronologiis
2273 4228 2332 4276 ab
2351 4225 2441 4278 illo
2460 4229 2832 4293 repra’seutatis.
2867 4225 2878 4234 ⁷
3163 4225 3174 4232 ⁷
3381 4225 3503 4288 1457

1991 4315 2146 4383 Cutem
2169 4328 2367 4364 PRIIIUI.
2388 4343 2450 4352 —
2480 4317 2542 4367 De
2561 4315 2686 4367 libro
2729 4317 2814 4382 qui
2835 4331 3045 4371 OCTAVUS
3088 4319 3382 4372 STBONATUM
3426 4322 3506 4372 in-

1931 4381 2176 4426 scribitur.
2745 4381 2748 4382 ⁷
3380 4385 3504 4435 1457

1993 4459 2246 4510 Articulus
2266 4460 2305 4510 I.
2331 4486 2390 4496 —
2411 4459 2635 4520 Analysis
2653 4463 2800 4523 hujus
2823 4463 2954 4515 libri.
3376 4467 3500 4517 1457

1995 4543 2246 4593 Articulus
2271 4545 2330 4594 II.
2354 4570 2415 4580 --
2433 4544 2575 4594 Hunc
2601 4552 2858 4594 tractatum
2885 4561 2982 4596 non
3007 4561 3118 4597 esse
3143 4556 3364 4599 octavum
3387 4552 3503 4602 Cle-

1935 4607 2118 4676 mentis
2138 4606 2435 4676 Stromatum
2458 4607 2654 4668 librum,
2697 4622 2791 4658 nec
2834 4621 2947 4658 eum
2987 4623 3099 4660 esse
3145 4610 3408 4676 integrum.
3446 4627 3505 4676 ac

1935 4667 2083 4727 plane
2105 4669 2459 4729 incorruptum.
3251 4667 3279 4676 ⁷
3383 4674 3504 4722 1459

1997 4747 2109 4799 Car.
2134 4749 2194 4798 II.
2221 4775 2284 4788 —
2306 4751 2376 4800 De
2397 4747 2522 4800 libro
2533 4751 2647 4812 Qms
2667 4765 2800 4803 οινιε
2816 4767 3073 4804 smn-un.
3383 4756 3501 4808 1111

1997 4831 2253 4880 Articulus
2279 4831 2316 4882 Ι.
2337 4861 2400 4871 -
2423 4834 2654 4895 Analysis
2673 4835 2816 4899 hujus
2839 4837 2967 4886 libri.
3385 4839 3499 4892 illi

1998 4913 2250 4963 Articulus
2272 4914 2333 4985 II_.
2358 4941 2420 4952 —
2443 4918 2695 4985 Quomodo
2725 4920 2811 4985 hic
2833 4920 3032 4985 liberet
3048 4934 3253 4985 quorum
3275 4936 3422 4985 opera
3447 4924 3507 4974 ad

1937 4989 2029 5024 nos
2056 4979 2358 5044 pervenerit,
2382 4991 2437 5027 ac
2464 4983 2526 5044 de
2552 4981 2698 5044 variis
2722 4983 2854 5030 illius
2894 4979 3212 5044 editionihus,
3239 4979 3508 5035 variorum-

1938 5050 2037 5100 que
2064 5041 2113 5086 in
2133 5050 2247 5086 eum
2274 5039 2698 5091 observationibus
2722 5051 2775 5091 et
2796 5044 2940 5091 notis.
3202 5039 3210 5044 ⁷
3386 5048 3510 5096 1415

2001 5121 2254 5189 Articulus
2278 5121 2362 5172 III.
2387 5149 2449 5189 —_-
2473 5123 2592 5183 Quis
2618 5126 2770 5189 hujus,
2805 5127 2916 5176 libri
2944 5133 3130 5185 auctor,
3155 5129 3329 5189 quisve
3375 5130 3510 5180 illius

1941 5183 2134 5251 titulus,
2150 5190 2405 5251 _utrum_ex
2429 5185 2628 5251 humilia
2647 5183 2870 5248 quadam,
2896 5202 2986 5237 seu
3004 5183 3291 5251 quibusdam
3315 5206 3509 5240 (‘OIICIO-

1940 5245 2086 5294 nibus
2105 5246 2162 5312 ad
2186 5245 2420 5307 populum
2445 5247 2640 5312 habilis.
2662 5245 2729 5296 Sit
2765 5245 3077 5312 compositus,
3103 5265 3245 5312 quam
3275 5253 3335 5300 ob
3361 5257 3509 5302 ratio—

1941 5319 2056 5354 nem
2083 5307 2263 5357 editus.
2286 5321 2347 5355 an
2367 5317 2565 5357 octavus
2603 5307 2900 5359 Stromatum
2939 5307 3208 5362 Clementis
3252 5313 3375 5363 ltber
3413 5316 3510 5363 dici

1942 5369 2117 5430 possit,
2138 5375 2192 5416 et
2212 5381 2311 5430 quo
2336 5372 2546 5431 scriptus
2573 5370 2724 5421 fuerit
2748 5379 2989 5435 tempore.
3393 5376 3509 5427 1447

2002 5451 2358 5515 Articulusllv.
2383 5481 2445 5494 ——
2464 5453 2612 5503 Novas
2633 5454 2762 5504 hunc
2784 5457 2831 5504 in
2855 5456 3032 5505 librum
3054 5463 3182 5506 notae
3206 5461 3260 5508 et
3279 5456 3510 5508 observa-

1942 5514 2124 5626 tiones,
2151 5514 2234 5564 ubi
2255 5514 2320 5564 de
2341 5516 2438 5565 alio
2464 5516 2607 5577 libro,
2628 5519 2715 5580 qui
2735 5529 2934 5568 octavus
2966 5522 3264 5569 Stromatunt

1966 5590 2038 5624 ur.

2003 5661 2114 5712 Cn.
2143 5659 2229 5710 III.
2253 5685 2310 5699 —-
2335 5662 2400 5713 De
2431 5657 2671 5724 cxcerptis
2691 5673 2754 5712 ea:
2791 5661 2985 5727 scriptis
3009 5662 3260 5716 Theodoti.
3389 5663 3512 5715 1459

2004 5743 2256 5794 Articulus
2284 5744 2319 5794 l.
2347 5772 2410 5783 —
2429 5746 2659 5804 Analysis
2680 5745 2886 5807 hujusce
2907 5747 3062 5797 Graeci
3085 5747 3328 5810 opusculi.
3391 5748 3512 5797 1U.)

2013 5827 2261 5875 Articulus
2281 5825 2342 5877 ll.
2361 5853 2410 5864 -
2439 5825 2513 5876 De
2535 5826 2680 5890 hujus
2703 5827 2944 5891 epitnmes
2961 5829 3233 5894 horumque
3250 5839 3510 5948 excer‘ptof

2013 5903 2056 5938 m
2077 5899 2293 5940 auctore.
3424 5893 3510 5943 W

1950 5903 2056 5939 rum
2077 5899 2293 5940 auctore.
3158 5893 3166 5894 ⁷
3393 5893 3512 5943 1469
