  <div class='ocr_page' id='page_1' title='image "/cluster/home/n/w/nwhite01/storage/ocr_20150623/9/njp.32101077772398/013.png"; bbox 0 0 1942 3077; ppageno 0'>
   <div class='ocr_carea' id='block_1_1' title="bbox 234 117 263 144">
    <p class='ocr_par' dir='ltr' id='par_1_1' title="bbox 234 117 263 144">
     <span class='ocr_line' id='line_1_1' title="bbox 234 117 263 144; baseline 0 0"><span class='ocrx_word' id='word_1_1' title='bbox 234 117 263 144; x_wconf 81' lang='grc' dir='ltr'>Η</span> 
     </span>
    </p>
   </div>
   <div class='ocr_carea' id='block_1_2' title="bbox 815 113 1264 143">
    <p class='ocr_par' dir='ltr' id='par_1_2' title="bbox 815 113 1264 143">
     <span class='ocr_line' id='line_1_2' title="bbox 815 113 1264 143; baseline -0.004 0"><span class='ocrx_word' id='word_1_2' title='bbox 815 113 1010 143; x_wconf 79' lang='lat' dir='ltr'><strong>CLEMENTIS</strong></span> <span class='ocrx_word' id='word_1_3' title='bbox 1029 113 1264 142; x_wconf 76' lang='lat' dir='ltr'><strong>ALEXANDRINI</strong></span> 
     </span>
    </p>
   </div>
   <div class='ocr_carea' id='block_1_3' title="bbox 1830 120 1866 147">
    <p class='ocr_par' dir='ltr' id='par_1_3' title="bbox 1830 120 1866 147">
     <span class='ocr_line' id='line_1_3' title="bbox 1830 120 1866 147; baseline 0 0"><span class='ocrx_word' id='word_1_4' title='bbox 1830 120 1866 147; x_wconf 67' lang='grc' dir='ltr'>Β</span> 
     </span>
    </p>
   </div>
   <div class='ocr_carea' id='block_1_4' title="bbox 233 170 1004 210">
    <p class='ocr_par' dir='ltr' id='par_1_4' title="bbox 233 171 1004 206">
     <span class='ocr_line' id='line_1_4' title="bbox 233 171 1004 206; baseline -0.003 -5"><span class='ocrx_word' id='word_1_5' title='bbox 233 173 310 201; x_wconf 78' lang='lat' dir='ltr'><strong>habet</strong></span> <span class='ocrx_word' id='word_1_6' title='bbox 326 181 402 200; x_wconf 77' lang='lat' dir='ltr'><strong>eum</strong></span> <span class='ocrx_word' id='word_1_7' title='bbox 417 172 553 206; x_wconf 77' lang='lat' dir='ltr'><strong>audiendi,</strong></span> <span class='ocrx_word' id='word_1_8' title='bbox 573 171 667 199; x_wconf 83' lang='lat' dir='ltr'><strong>audiat</strong></span> <span class='ocrx_word' id='word_1_9' title='bbox 682 173 700 204; x_wconf 85' lang='grc'>¹,</span> <span class='ocrx_word' id='word_1_10' title='bbox 716 177 744 199; x_wconf 85' lang='grc' dir='ltr'>ιιι</span> <span class='ocrx_word' id='word_1_11' title='bbox 762 173 869 200; x_wconf 79' lang='lat' dir='ltr'><strong>scilicet</strong></span> <span class='ocrx_word' id='word_1_12' title='bbox 886 180 946 200; x_wconf 92' lang='lat' dir='ltr'><strong>cum</strong></span> <span class='ocrx_word' id='word_1_13' title='bbox 961 179 1004 199; x_wconf 84' lang='lat' dir='ltr'><strong>cre</strong></span> 
     </span>
    </p>
   </div>
   <div class='ocr_carea' id='block_1_5' title="bbox 1055 170 1863 210">
    <p class='ocr_par' dir='ltr' id='par_1_5' title="bbox 1072 170 1863 210">
     <span class='ocr_line' id='line_1_5' title="bbox 1072 170 1863 210; baseline 0.006 -14"><span class='ocrx_word' id='word_1_14' title='bbox 1072 179 1173 203; x_wconf 86' lang='grc' dir='ltr'>νος,...</span> <span class='ocrx_word' id='word_1_15' title='bbox 1188 170 1321 205; x_wconf 79' lang='grc' dir='ltr'>μάλιστα</span> <span class='ocrx_word' id='word_1_16' title='bbox 1339 171 1364 198; x_wconf 78' lang='grc' dir='ltr'><strong>δ’</strong></span> <span class='ocrx_word' id='word_1_17' title='bbox 1380 170 1421 198; x_wconf 85' lang='grc' dir='ltr'><strong>ὅτ’</strong></span> <span class='ocrx_word' id='word_1_18' title='bbox 1436 172 1548 198; x_wconf 73' lang='grc' dir='ltr'>ἔκλυον</span> <span class='ocrx_word' id='word_1_19' title='bbox 1569 172 1653 200; x_wconf 72' lang='grc' dir='ltr'>αὐτοὶ</span> <span class='ocrx_word' id='word_1_20' title='bbox 1673 172 1710 209; x_wconf 76' lang='grc'>(4)</span> <span class='ocrx_word' id='word_1_21' title='bbox 1721 193 1727 205; x_wconf 91' lang='grc'><strong>,</strong></span> <span class='ocrx_word' id='word_1_22' title='bbox 1752 179 1863 210; x_wconf 73' lang='grc' dir='ltr'>γράφει.</span> 
     </span>
    </p>
   </div>
   <div class='ocr_carea' id='block_1_6' title="bbox 231 217 1020 255">
    <p class='ocr_par' dir='ltr' id='par_1_6' title="bbox 231 217 1020 255">
     <span class='ocr_line' id='line_1_6' title="bbox 231 217 1020 255; baseline -0.003 -8"><span class='ocrx_word' id='word_1_23' title='bbox 231 220 341 252; x_wconf 80' lang='lat' dir='ltr'><strong>diderit,</strong></span> <span class='ocrx_word' id='word_1_24' title='bbox 365 219 504 255; x_wconf 74' lang='lat' dir='ltr'><strong>intelligat</strong></span> <span class='ocrx_word' id='word_1_25' title='bbox 514 226 546 247; x_wconf 85' lang='lat' dir='ltr'><strong>ea</strong></span> <span class='ocrx_word' id='word_1_26' title='bbox 576 227 636 254; x_wconf 65' lang='lat' dir='ltr'><strong>quas</strong></span> <span class='ocrx_word' id='word_1_27' title='bbox 652 218 730 251; x_wconf 90' lang='lat' dir='ltr'><strong>dicit,</strong></span> <span class='ocrx_word' id='word_1_28' title='bbox 749 223 778 245; x_wconf 91' lang='lat' dir='ltr'><strong>ut</strong></span> <span class='ocrx_word' id='word_1_29' title='bbox 794 218 870 246; x_wconf 81' lang='lat' dir='ltr'><strong>dicit.</strong></span> <span class='ocrx_word' id='word_1_30' title='bbox 886 217 1020 245; x_wconf 74' lang='lat' dir='ltr'><strong>Caeterum</strong></span> 
     </span>
    </p>
   </div>
   <div class='ocr_carea' id='block_1_7' title="bbox 232 264 1020 300">
    <p class='ocr_par' dir='ltr' id='par_1_7' title="bbox 232 264 1020 300">
     <span class='ocr_line' id='line_1_7' title="bbox 232 264 1020 300; baseline -0.004 -7"><span class='ocrx_word' id='word_1_31' title='bbox 232 265 368 293; x_wconf 82' lang='lat' dir='ltr'><strong>Homerus</strong></span> <span class='ocrx_word' id='word_1_32' title='bbox 394 273 521 300; x_wconf 83' lang='lat' dir='ltr'><strong>quoque,</strong></span> <span class='ocrx_word' id='word_1_33' title='bbox 549 269 691 299; x_wconf 84' lang='lat' dir='ltr'><strong>poetarum</strong></span> <span class='ocrx_word' id='word_1_34' title='bbox 719 264 944 299; x_wconf 81' lang='lat' dir='ltr'><strong>antiquissimus.</strong></span> <span class='ocrx_word' id='word_1_35' title='bbox 970 270 1020 299; x_wconf 92' lang='lat' dir='ltr'><strong>pro</strong></span> 
     </span>
    </p>
   </div>
   <div class='ocr_carea' id='block_1_8' title="bbox 228 310 1020 345">
    <p class='ocr_par' dir='ltr' id='par_1_8' title="bbox 228 310 1020 345">
     <span class='ocr_line' id='line_1_8' title="bbox 228 310 1020 345; baseline -0.003 -6"><span class='ocrx_word' id='word_1_36' title='bbox 228 311 385 344; x_wconf 85' lang='lat' dir='ltr'><strong>sentiendo,</strong></span> <span class='ocrx_word' id='word_1_37' title='bbox 403 312 487 339; x_wconf 88' lang='lat' dir='ltr'><strong>verbo</strong></span> <span class='ocrx_word' id='word_1_38' title='bbox 504 311 646 343; x_wconf 82' lang='lat' dir='ltr'><strong>audiendi,</strong></span> <span class='ocrx_word' id='word_1_39' title='bbox 664 311 718 338; x_wconf 87' lang='lat' dir='ltr'><strong>hoc</strong></span> <span class='ocrx_word' id='word_1_40' title='bbox 734 315 776 338; x_wconf 87' lang='lat' dir='ltr'><strong>est</strong></span> <span class='ocrx_word' id='word_1_41' title='bbox 793 310 883 345; x_wconf 83' lang='lat' dir='ltr'><strong>specie</strong></span> <span class='ocrx_word' id='word_1_42' title='bbox 907 318 957 345; x_wconf 92' lang='lat' dir='ltr'><strong>pro</strong></span> <span class='ocrx_word' id='word_1_43' title='bbox 973 317 1020 345; x_wconf 83' lang='lat' dir='ltr'><strong>ge-</strong></span> 
     </span>
    </p>
   </div>
   <div class='ocr_carea' id='block_1_9' title="bbox 230 356 1016 390">
    <p class='ocr_par' dir='ltr' id='par_1_9' title="bbox 230 356 1016 390">
     <span class='ocr_line' id='line_1_9' title="bbox 230 356 1016 390; baseline -0.001 -6"><span class='ocrx_word' id='word_1_44' title='bbox 230 366 305 390; x_wconf 80' lang='lat' dir='ltr'><strong>nere,</strong></span> <span class='ocrx_word' id='word_1_45' title='bbox 320 365 398 389; x_wconf 81' lang='lat' dir='ltr'><strong>usus,</strong></span> <span class='ocrx_word' id='word_1_46' title='bbox 412 357 527 385; x_wconf 79' lang='lat' dir='ltr'><strong>scribit:</strong></span> <span class='ocrx_word' id='word_1_47' title='bbox 545 357 612 384; x_wconf 76' lang='lat' dir='ltr'><strong>Cum</strong></span> <span class='ocrx_word' id='word_1_48' title='bbox 628 357 771 384; x_wconf 76' lang='lat' dir='ltr'><strong>audiebant</strong></span> <span class='ocrx_word' id='word_1_49' title='bbox 789 357 902 383; x_wconf 74' lang='lat' dir='ltr'><strong>maxime</strong></span> <span class='ocrx_word' id='word_1_50' title='bbox 917 361 941 383; x_wconf 85' lang='lat' dir='ltr'><strong>et</strong></span> <span class='ocrx_word' id='word_1_51' title='bbox 956 356 1016 390; x_wconf 80' lang='lat' dir='ltr'><strong>ipsi.</strong></span> 
     </span>
    </p>
   </div>
   <div class='ocr_carea' id='block_1_10' title="bbox 228 401 1018 434">
    <p class='ocr_par' dir='ltr' id='par_1_10' title="bbox 228 401 1018 434">
     <span class='ocr_line' id='line_1_10' title="bbox 228 401 1018 434; baseline -0.003 -5"><span class='ocrx_word' id='word_1_52' title='bbox 228 402 258 430; x_wconf 90' lang='lat' dir='ltr'><strong>ln</strong></span> <span class='ocrx_word' id='word_1_53' title='bbox 274 411 380 431; x_wconf 86' lang='lat' dir='ltr'><strong>summa</strong></span> <span class='ocrx_word' id='word_1_54' title='bbox 399 404 483 434; x_wconf 86' lang='lat' dir='ltr'><strong>enim,</strong></span> <span class='ocrx_word' id='word_1_55' title='bbox 505 406 656 430; x_wconf 80' lang='lat' dir='ltr'><strong>concentus</strong></span> <span class='ocrx_word' id='word_1_56' title='bbox 673 406 700 429; x_wconf 85' lang='lat' dir='ltr'><strong>et</strong></span> <span class='ocrx_word' id='word_1_57' title='bbox 718 402 864 429; x_wconf 87' lang='lat' dir='ltr'><strong>consensio</strong></span> <span class='ocrx_word' id='word_1_58' title='bbox 880 401 942 428; x_wconf 92' lang='lat' dir='ltr'><strong>ﬁdei</strong></span> <span class='ocrx_word' id='word_1_59' title='bbox 959 408 1018 428; x_wconf 85' lang='lat' dir='ltr'><strong>am—</strong></span> 
     </span>
    </p>
   </div>
   <div class='ocr_carea' id='block_1_11' title="bbox 227 447 1018 483">
    <p class='ocr_par' dir='ltr' id='par_1_11' title="bbox 227 447 1018 483">
     <span class='ocr_line' id='line_1_11' title="bbox 227 447 1018 483; baseline -0.003 -7"><span class='ocrx_word' id='word_1_60' title='bbox 227 449 336 481; x_wconf 87' lang='lat' dir='ltr'><strong>borum,</strong></span> <span class='ocrx_word' id='word_1_61' title='bbox 359 450 386 476; x_wconf 91' lang='lat' dir='ltr'><strong>in</strong></span> <span class='ocrx_word' id='word_1_62' title='bbox 405 457 458 476; x_wconf 93' lang='lat' dir='ltr'><strong>uno</strong></span> <span class='ocrx_word' id='word_1_63' title='bbox 480 449 532 476; x_wconf 85' lang='lat' dir='ltr'><strong>line</strong></span> <span class='ocrx_word' id='word_1_64' title='bbox 548 452 683 480; x_wconf 80' lang='lat' dir='ltr'><strong>versatur,</strong></span> <span class='ocrx_word' id='word_1_65' title='bbox 702 456 799 483; x_wconf 83' lang='lat' dir='ltr'><strong>nempe</strong></span> <span class='ocrx_word' id='word_1_66' title='bbox 816 448 914 475; x_wconf 86' lang='lat' dir='ltr'><strong>salute.</strong></span> <span class='ocrx_word' id='word_1_67' title='bbox 932 447 1018 474; x_wconf 86' lang='lat' dir='ltr'><strong>Verus</strong></span> 
     </span>
    </p>
   </div>
   <div class='ocr_carea' id='block_1_12' title="bbox 227 493 1016 530">
    <p class='ocr_par' dir='ltr' id='par_1_12' title="bbox 227 493 1016 530">
     <span class='ocr_line' id='line_1_12' title="bbox 227 493 1016 530; baseline -0.003 -8"><span class='ocrx_word' id='word_1_68' title='bbox 227 501 319 523; x_wconf 87' lang='lat' dir='ltr'><strong>autem</strong></span> <span class='ocrx_word' id='word_1_69' title='bbox 334 496 414 523; x_wconf 89' lang='lat' dir='ltr'><strong>nobis</strong></span> <span class='ocrx_word' id='word_1_70' title='bbox 431 497 511 524; x_wconf 89' lang='lat' dir='ltr'><strong>testis</strong></span> <span class='ocrx_word' id='word_1_71' title='bbox 527 500 569 523; x_wconf 90' lang='lat' dir='ltr'><strong>est</strong></span> <span class='ocrx_word' id='word_1_72' title='bbox 584 495 734 530; x_wconf 85' lang='lat' dir='ltr'><strong>Apostolus</strong></span> <span class='ocrx_word' id='word_1_73' title='bbox 756 495 850 522; x_wconf 86' lang='lat' dir='ltr'><strong>dicens</strong></span> <span class='ocrx_word' id='word_1_74' title='bbox 865 504 871 522; x_wconf 81' lang='lat'><em>2</em></span> <span class='ocrx_word' id='word_1_75' title='bbox 892 493 1016 521; x_wconf 75' lang='lat' dir='ltr'><strong>Desidere</strong></span> 
     </span>
    </p>
   </div>
   <div class='ocr_carea' id='block_1_13' title="bbox 225 541 1016 576">
    <p class='ocr_par' dir='ltr' id='par_1_13' title="bbox 225 541 1016 576">
     <span class='ocr_line' id='line_1_13' title="bbox 225 541 1016 576; baseline -0.003 -6"><span class='ocrx_word' id='word_1_76' title='bbox 225 545 295 570; x_wconf 85' lang='lat' dir='ltr'><strong>enim</strong></span> <span class='ocrx_word' id='word_1_77' title='bbox 310 542 396 570; x_wconf 82' lang='lat' dir='ltr'><strong>videre</strong></span> <span class='ocrx_word' id='word_1_78' title='bbox 412 550 466 575; x_wconf 79' lang='lat' dir='ltr'><strong>vos,</strong></span> <span class='ocrx_word' id='word_1_79' title='bbox 481 547 511 568; x_wconf 87' lang='lat' dir='ltr'><strong>ut</strong></span> <span class='ocrx_word' id='word_1_80' title='bbox 535 541 643 576; x_wconf 83' lang='lat' dir='ltr'><strong>aliquod</strong></span> <span class='ocrx_word' id='word_1_81' title='bbox 666 541 738 568; x_wconf 84' lang='lat' dir='ltr'><strong>vobis</strong></span> <span class='ocrx_word' id='word_1_82' title='bbox 761 541 859 568; x_wconf 85' lang='lat' dir='ltr'><strong>donum</strong></span> <span class='ocrx_word' id='word_1_83' title='bbox 879 542 1016 576; x_wconf 81' lang='lat' dir='ltr'><strong>impertiar</strong></span> 
     </span>
    </p>
   </div>
   <div class='ocr_carea' id='block_1_14' title="bbox 225 585 1015 622">
    <p class='ocr_par' dir='ltr' id='par_1_14' title="bbox 225 585 1015 622">
     <span class='ocr_line' id='line_1_14' title="bbox 225 585 1015 622; baseline -0.004 -7"><span class='ocrx_word' id='word_1_84' title='bbox 225 587 354 622; x_wconf 75' lang='lat' dir='ltr'><strong>spiritale,</strong></span> <span class='ocrx_word' id='word_1_85' title='bbox 375 593 403 613; x_wconf 86' lang='lat' dir='ltr'><strong>ut</strong></span> <span class='ocrx_word' id='word_1_86' title='bbox 427 596 471 614; x_wconf 81' lang='lat' dir='ltr'><strong>vos</strong></span> <span class='ocrx_word' id='word_1_87' title='bbox 493 586 694 621; x_wconf 62' lang='lat' dir='ltr'><strong>conﬁt-memini.</strong></span> <span class='ocrx_word' id='word_1_88' title='bbox 715 585 773 613; x_wconf 82' lang='lat' dir='ltr'><strong>Hoc</strong></span> <span class='ocrx_word' id='word_1_89' title='bbox 796 591 883 612; x_wconf 86' lang='lat' dir='ltr'><strong>autem</strong></span> <span class='ocrx_word' id='word_1_90' title='bbox 909 591 964 618; x_wconf 82' lang='lat' dir='ltr'><strong>est,</strong></span> <span class='ocrx_word' id='word_1_91' title='bbox 987 592 1015 612; x_wconf 89' lang='lat' dir='ltr'><strong>ut</strong></span> 
     </span>
    </p>
   </div>
   <div class='ocr_carea' id='block_1_15' title="bbox 223 632 1015 667">
    <p class='ocr_par' dir='ltr' id='par_1_15' title="bbox 223 632 1015 667">
     <span class='ocr_line' id='line_1_15' title="bbox 223 632 1015 667; baseline -0.004 -6"><span class='ocrx_word' id='word_1_92' title='bbox 223 633 304 662; x_wconf 79' lang='lat' dir='ltr'><strong>simul</strong></span> <span class='ocrx_word' id='word_1_93' title='bbox 319 633 525 661; x_wconf 73' lang='lat' dir='ltr'><strong>consolationem</strong></span> <span class='ocrx_word' id='word_1_94' title='bbox 539 633 564 659; x_wconf 85' lang='lat' dir='ltr'><strong>in</strong></span> <span class='ocrx_word' id='word_1_95' title='bbox 582 632 653 659; x_wconf 79' lang='lat' dir='ltr'><strong>vobis</strong></span> <span class='ocrx_word' id='word_1_96' title='bbox 667 633 793 666; x_wconf 82' lang='lat' dir='ltr'><strong>accipiam</strong></span> <span class='ocrx_word' id='word_1_97' title='bbox 807 640 852 667; x_wconf 86' lang='lat' dir='ltr'><strong>per</strong></span> <span class='ocrx_word' id='word_1_98' title='bbox 873 640 942 663; x_wconf 81' lang='lat' dir='ltr'><strong>eam,</strong></span> <span class='ocrx_word' id='word_1_99' title='bbox 957 640 1015 667; x_wconf 67' lang='lat' dir='ltr'><strong>quia</strong></span> 
     </span>
    </p>
   </div>
   <div class='ocr_carea' id='block_1_16' title="bbox 222 678 1014 713">
    <p class='ocr_par' dir='ltr' id='par_1_16' title="bbox 222 678 1014 713">
     <span class='ocr_line' id='line_1_16' title="bbox 222 678 1014 713; baseline -0.001 -6"><span class='ocrx_word' id='word_1_100' title='bbox 222 685 262 707; x_wconf 84' lang='lat' dir='ltr'><strong>est</strong></span> <span class='ocrx_word' id='word_1_101' title='bbox 277 681 346 707; x_wconf 86' lang='lat' dir='ltr'><strong>inter</strong></span> <span class='ocrx_word' id='word_1_102' title='bbox 359 688 406 706; x_wconf 74' lang='lat' dir='ltr'><strong>nos</strong></span> <span class='ocrx_word' id='word_1_103' title='bbox 420 680 541 711; x_wconf 80' lang='lat' dir='ltr'><strong>invicem,</strong></span> <span class='ocrx_word' id='word_1_104' title='bbox 563 679 652 713; x_wconf 81' lang='lat' dir='ltr'><strong>ﬁdem,</strong></span> <span class='ocrx_word' id='word_1_105' title='bbox 673 684 785 706; x_wconf 77' lang='lat' dir='ltr'><strong>vestram</strong></span> <span class='ocrx_word' id='word_1_106' title='bbox 800 683 823 706; x_wconf 87' lang='lat' dir='ltr'><strong>et</strong></span> <span class='ocrx_word' id='word_1_107' title='bbox 848 687 931 706; x_wconf 85' lang='lat' dir='ltr'><strong>meam</strong></span> <span class='ocrx_word' id='word_1_108' title='bbox 943 680 963 706; x_wconf 84' lang='lat'><strong>&#39;.</strong></span> <span class='ocrx_word' id='word_1_109' title='bbox 981 678 1014 706; x_wconf 85' lang='lat' dir='ltr'><strong>Et</strong></span> 
     </span>
    </p>
   </div>
   <div class='ocr_carea' id='block_1_17' title="bbox 222 724 1012 761">
    <p class='ocr_par' dir='ltr' id='par_1_17' title="bbox 222 724 1012 761">
     <span class='ocr_line' id='line_1_17' title="bbox 222 724 1012 761; baseline -0.001 -7"><span class='ocrx_word' id='word_1_110' title='bbox 222 734 322 754; x_wconf 84' lang='lat' dir='ltr'><strong>rursus</strong></span> <span class='ocrx_word' id='word_1_111' title='bbox 343 727 426 761; x_wconf 87' lang='lat' dir='ltr'><strong>paulo</strong></span> <span class='ocrx_word' id='word_1_112' title='bbox 455 725 569 754; x_wconf 80' lang='lat' dir='ltr'><strong>inferius</strong></span> <span class='ocrx_word' id='word_1_113' title='bbox 594 724 735 760; x_wconf 83' lang='lat' dir='ltr'><strong>subjungit</strong></span> <span class='ocrx_word' id='word_1_114' title='bbox 758 724 894 753; x_wconf 81' lang='lat' dir='ltr'><strong>:Justitia</strong></span> <span class='ocrx_word' id='word_1_115' title='bbox 925 731 1012 753; x_wconf 87' lang='lat' dir='ltr'><strong>autrm</strong></span> 
     </span>
    </p>
   </div>
   <div class='ocr_carea' id='block_1_18' title="bbox 221 772 1012 808">
    <p class='ocr_par' dir='ltr' id='par_1_18' title="bbox 221 772 1012 808">
     <span class='ocr_line' id='line_1_18' title="bbox 221 772 1012 808; baseline 0 -8"><span class='ocrx_word' id='word_1_116' title='bbox 221 772 272 800; x_wconf 83' lang='lat' dir='ltr'><strong>Dei</strong></span> <span class='ocrx_word' id='word_1_117' title='bbox 285 774 313 800; x_wconf 81' lang='lat' dir='ltr'><strong>in</strong></span> <span class='ocrx_word' id='word_1_118' title='bbox 325 774 382 807; x_wconf 86' lang='lat' dir='ltr'><strong>ipso</strong></span> <span class='ocrx_word' id='word_1_119' title='bbox 401 772 530 800; x_wconf 79' lang='lat' dir='ltr'><strong>reveletur</strong></span> <span class='ocrx_word' id='word_1_120' title='bbox 543 780 576 800; x_wconf 77' lang='lat' dir='ltr'><strong>ea:</strong></span> <span class='ocrx_word' id='word_1_121' title='bbox 593 772 645 808; x_wconf 83' lang='lat' dir='ltr'><strong>ﬁde</strong></span> <span class='ocrx_word' id='word_1_122' title='bbox 663 773 691 800; x_wconf 85' lang='lat' dir='ltr'><strong>in</strong></span> <span class='ocrx_word' id='word_1_123' title='bbox 703 772 934 807; x_wconf 81' lang='lat' dir='ltr'><strong>ﬁdem&#39;.Videtur</strong></span> <span class='ocrx_word' id='word_1_124' title='bbox 944 780 1012 808; x_wconf 81' lang='lat' dir='ltr'><strong>ergo</strong></span> 
     </span>
    </p>
   </div>
   <div class='ocr_carea' id='block_1_19' title="bbox 220 818 1010 855">
    <p class='ocr_par' dir='ltr' id='par_1_19' title="bbox 220 818 1010 855">
     <span class='ocr_line' id='line_1_19' title="bbox 220 818 1010 855; baseline -0.001 -8"><span class='ocrx_word' id='word_1_125' title='bbox 220 820 370 855; x_wconf 75' lang='lat' dir='ltr'><strong>Apostolus</strong></span> <span class='ocrx_word' id='word_1_126' title='bbox 385 818 521 854; x_wconf 82' lang='lat' dir='ltr'><strong>duplicem</strong></span> <span class='ocrx_word' id='word_1_127' title='bbox 552 818 632 846; x_wconf 84' lang='lat' dir='ltr'><strong>ﬁdem</strong></span> <span class='ocrx_word' id='word_1_128' title='bbox 657 819 834 851; x_wconf 86' lang='lat' dir='ltr'><strong>annuntiare,</strong></span> <span class='ocrx_word' id='word_1_129' title='bbox 856 819 899 847; x_wconf 89' lang='lat' dir='ltr'><strong>vel</strong></span> <span class='ocrx_word' id='word_1_130' title='bbox 920 820 1010 855; x_wconf 78' lang='lat' dir='ltr'><strong>potius</strong></span> 
     </span>
    </p>
   </div>
   <div class='ocr_carea' id='block_1_20' title="bbox 220 860 1047 900">
    <p class='ocr_par' dir='ltr' id='par_1_20' title="bbox 220 860 1047 900">
     <span class='ocr_line' id='line_1_20' title="bbox 220 860 1047 900; baseline 0 -8"><span class='ocrx_word' id='word_1_131' title='bbox 220 873 314 898; x_wconf 79' lang='lat' dir='ltr'><strong>unam,</strong></span> <span class='ocrx_word' id='word_1_132' title='bbox 332 873 393 900; x_wconf 75' lang='lat' dir='ltr'><strong>qua:</strong></span> <span class='ocrx_word' id='word_1_133' title='bbox 419 869 593 900; x_wconf 79' lang='lat' dir='ltr'><strong>augmentum</strong></span> <span class='ocrx_word' id='word_1_134' title='bbox 622 865 738 900; x_wconf 86' lang='lat' dir='ltr'><strong>suscipit</strong></span> <span class='ocrx_word' id='word_1_135' title='bbox 754 869 781 892; x_wconf 91' lang='lat' dir='ltr'><strong>et</strong></span> <span class='ocrx_word' id='word_1_136' title='bbox 803 864 1009 900; x_wconf 82' lang='lat' dir='ltr'><strong>perfectionem.</strong></span> <span class='ocrx_word' id='word_1_137' title='bbox 1026 860 1047 887; x_wconf 89' lang='grc' dir='ltr'>Β</span> 
     </span>
    </p>
   </div>
   <div class='ocr_carea' id='block_1_21' title="bbox 220 908 1010 944">
    <p class='ocr_par' dir='ltr' id='par_1_21' title="bbox 220 908 1010 944">
     <span class='ocr_line' id='line_1_21' title="bbox 220 908 1010 944; baseline 0 -8"><span class='ocrx_word' id='word_1_138' title='bbox 220 908 289 937; x_wconf 80' lang='lat' dir='ltr'><strong>Nam</strong></span> <span class='ocrx_word' id='word_1_139' title='bbox 305 910 460 937; x_wconf 90' lang='lat' dir='ltr'><strong>communis</strong></span> <span class='ocrx_word' id='word_1_140' title='bbox 476 909 586 944; x_wconf 84' lang='lat' dir='ltr'><strong>quidem</strong></span> <span class='ocrx_word' id='word_1_141' title='bbox 604 909 670 936; x_wconf 85' lang='lat' dir='ltr'><strong>ﬁdes</strong></span> <span class='ocrx_word' id='word_1_142' title='bbox 688 909 767 937; x_wconf 78' lang='lat' dir='ltr'><strong>alteri</strong></span> <span class='ocrx_word' id='word_1_143' title='bbox 784 909 929 944; x_wconf 87' lang='lat' dir='ltr'><strong>subjicitur</strong></span> <span class='ocrx_word' id='word_1_144' title='bbox 950 914 1010 937; x_wconf 85' lang='lat' dir='ltr'><strong>tan-</strong></span> 
     </span>
    </p>
   </div>
   <div class='ocr_carea' id='block_1_22' title="bbox 220 955 1009 992">
    <p class='ocr_par' dir='ltr' id='par_1_22' title="bbox 220 955 1009 992">
     <span class='ocr_line' id='line_1_22' title="bbox 220 955 1009 992; baseline 0 -10"><span class='ocrx_word' id='word_1_145' title='bbox 220 964 303 992; x_wconf 83' lang='lat' dir='ltr'><strong>quam</strong></span> <span class='ocrx_word' id='word_1_146' title='bbox 325 955 544 983; x_wconf 76' lang='lat' dir='ltr'><strong>fundamentum.</strong></span> <span class='ocrx_word' id='word_1_147' title='bbox 562 955 597 983; x_wconf 90' lang='lat' dir='ltr'><strong>lis</strong></span> <span class='ocrx_word' id='word_1_148' title='bbox 614 955 724 990; x_wconf 86' lang='lat' dir='ltr'><strong>quidem</strong></span> <span class='ocrx_word' id='word_1_149' title='bbox 752 959 826 983; x_wconf 88' lang='lat' dir='ltr'><strong>certe</strong></span> <span class='ocrx_word' id='word_1_150' title='bbox 843 955 890 991; x_wconf 90' lang='lat' dir='ltr'><strong>qui</strong></span> <span class='ocrx_word' id='word_1_151' title='bbox 914 956 1009 991; x_wconf 87' lang='lat' dir='ltr'><strong>cupie-</strong></span> 
     </span>
    </p>
   </div>
   <div class='ocr_carea' id='block_1_23' title="bbox 219 1001 1006 1037">
    <p class='ocr_par' dir='ltr' id='par_1_23' title="bbox 219 1001 1006 1037">
     <span class='ocr_line' id='line_1_23' title="bbox 219 1001 1006 1037; baseline 0 -7"><span class='ocrx_word' id='word_1_152' title='bbox 219 1003 287 1030; x_wconf 85' lang='lat' dir='ltr'><strong>bant</strong></span> <span class='ocrx_word' id='word_1_153' title='bbox 303 1003 405 1034; x_wconf 87' lang='lat' dir='ltr'><strong>curari,</strong></span> <span class='ocrx_word' id='word_1_154' title='bbox 423 1007 454 1030; x_wconf 85' lang='lat' dir='ltr'><strong>ut</strong></span> <span class='ocrx_word' id='word_1_155' title='bbox 470 1002 517 1037; x_wconf 92' lang='lat' dir='ltr'><strong>qui</strong></span> <span class='ocrx_word' id='word_1_156' title='bbox 535 1001 651 1029; x_wconf 87' lang='lat' dir='ltr'><strong>ﬁdeliter</strong></span> <span class='ocrx_word' id='word_1_157' title='bbox 677 1007 861 1034; x_wconf 87' lang='lat' dir='ltr'><strong>moverentur,</strong></span> <span class='ocrx_word' id='word_1_158' title='bbox 880 1002 1006 1030; x_wconf 84' lang='lat' dir='ltr'><strong>dicebat:</strong></span> 
     </span>
    </p>
   </div>
   <div class='ocr_carea' id='block_1_24' title="bbox 220 1048 1008 1082">
    <p class='ocr_par' dir='ltr' id='par_1_24' title="bbox 220 1048 1008 1082">
     <span class='ocr_line' id='line_1_24' title="bbox 220 1048 1008 1082; baseline -0.001 -5"><span class='ocrx_word' id='word_1_159' title='bbox 220 1049 301 1077; x_wconf 76' lang='lat' dir='ltr'><strong>Fides</strong></span> <span class='ocrx_word' id='word_1_160' title='bbox 316 1054 362 1076; x_wconf 86' lang='lat' dir='ltr'><strong>tua</strong></span> <span class='ocrx_word' id='word_1_161' title='bbox 377 1053 401 1076; x_wconf 85' lang='lat' dir='ltr'><strong>te</strong></span> <span class='ocrx_word' id='word_1_162' title='bbox 422 1049 524 1076; x_wconf 80' lang='lat' dir='ltr'><strong>salvum</strong></span> <span class='ocrx_word' id='word_1_163' title='bbox 540 1048 600 1082; x_wconf 78' lang='lat' dir='ltr'><strong>fecit</strong></span> <span class='ocrx_word' id='word_1_164' title='bbox 615 1048 635 1076; x_wconf 70' lang='grc'><strong>⁸.</strong></span> <span class='ocrx_word' id='word_1_165' title='bbox 652 1048 717 1081; x_wconf 62' lang='lat' dir='ltr'><strong>Quae</strong></span> <span class='ocrx_word' id='word_1_166' title='bbox 731 1052 822 1079; x_wconf 89' lang='lat' dir='ltr'><strong>autem</strong></span> <span class='ocrx_word' id='word_1_167' title='bbox 836 1048 936 1076; x_wconf 77' lang='lat' dir='ltr'><strong>eximie</strong></span> <span class='ocrx_word' id='word_1_168' title='bbox 959 1057 1008 1076; x_wconf 88' lang='lat' dir='ltr'><strong>su-</strong></span> 
     </span>
    </p>
   </div>
   <div class='ocr_carea' id='block_1_25' title="bbox 218 1094 1008 1132">
    <p class='ocr_par' dir='ltr' id='par_1_25' title="bbox 218 1094 1008 1132">
     <span class='ocr_line' id='line_1_25' title="bbox 218 1094 1008 1132; baseline -0.003 -9"><span class='ocrx_word' id='word_1_169' title='bbox 218 1095 430 1132; x_wconf 66' lang='lat' dir='ltr'><strong>peradiﬁcatur,</strong></span> <span class='ocrx_word' id='word_1_170' title='bbox 452 1094 524 1122; x_wconf 89' lang='lat' dir='ltr'><strong>ﬁdeli</strong></span> <span class='ocrx_word' id='word_1_171' title='bbox 536 1098 756 1126; x_wconf 83' lang='lat' dir='ltr'><strong>consummatur,</strong></span> <span class='ocrx_word' id='word_1_172' title='bbox 773 1099 799 1122; x_wconf 85' lang='lat' dir='ltr'><strong>et</strong></span> <span class='ocrx_word' id='word_1_173' title='bbox 816 1102 913 1123; x_wconf 88' lang='lat' dir='ltr'><strong>rursus</strong></span> <span class='ocrx_word' id='word_1_174' title='bbox 928 1095 1008 1130; x_wconf 88' lang='lat' dir='ltr'><strong>perli-</strong></span> 
     </span>
    </p>
   </div>
   <div class='ocr_carea' id='block_1_26' title="bbox 218 1139 1008 1177">
    <p class='ocr_par' dir='ltr' id='par_1_26' title="bbox 218 1139 1008 1177">
     <span class='ocr_line' id='line_1_26' title="bbox 218 1139 1008 1177; baseline -0.001 -8"><span class='ocrx_word' id='word_1_175' title='bbox 218 1141 291 1170; x_wconf 86' lang='lat' dir='ltr'><strong>citur</strong></span> <span class='ocrx_word' id='word_1_176' title='bbox 306 1149 354 1177; x_wconf 91' lang='lat' dir='ltr'><strong>per</strong></span> <span class='ocrx_word' id='word_1_177' title='bbox 370 1148 441 1174; x_wconf 84' lang='lat' dir='ltr'><strong>eam,</strong></span> <span class='ocrx_word' id='word_1_178' title='bbox 456 1148 518 1176; x_wconf 68' lang='lat' dir='ltr'><strong>quae</strong></span> <span class='ocrx_word' id='word_1_179' title='bbox 539 1139 647 1167; x_wconf 83' lang='lat' dir='ltr'><strong>accedit</strong></span> <span class='ocrx_word' id='word_1_180' title='bbox 662 1147 696 1167; x_wconf 87' lang='lat' dir='ltr'><strong>ex</strong></span> <span class='ocrx_word' id='word_1_181' title='bbox 712 1140 836 1167; x_wconf 90' lang='lat' dir='ltr'><strong>doctrina</strong></span> <span class='ocrx_word' id='word_1_182' title='bbox 850 1144 877 1168; x_wconf 90' lang='lat' dir='ltr'><strong>et</strong></span> <span class='ocrx_word' id='word_1_183' title='bbox 903 1141 1008 1168; x_wconf 81' lang='lat' dir='ltr'><strong>ratione</strong></span> 
     </span>
    </p>
   </div>
   <div class='ocr_carea' id='block_1_27' title="bbox 217 1185 1007 1224">
    <p class='ocr_par' dir='ltr' id='par_1_27' title="bbox 217 1185 1007 1224">
     <span class='ocr_line' id='line_1_27' title="bbox 217 1185 1007 1224; baseline -0.003 -9"><span class='ocrx_word' id='word_1_184' title='bbox 217 1188 365 1224; x_wconf 75' lang='lat' dir='ltr'><strong>peragendi</strong></span> <span class='ocrx_word' id='word_1_185' title='bbox 387 1186 525 1214; x_wconf 88' lang='lat' dir='ltr'><strong>mandata.</strong></span> <span class='ocrx_word' id='word_1_186' title='bbox 548 1185 712 1220; x_wconf 83' lang='lat' dir='ltr'><strong>Hujusmodi</strong></span> <span class='ocrx_word' id='word_1_187' title='bbox 729 1188 809 1212; x_wconf 84' lang='lat' dir='ltr'><strong>erant</strong></span> <span class='ocrx_word' id='word_1_188' title='bbox 824 1185 956 1220; x_wconf 85' lang='lat' dir='ltr'><strong>apostoli,</strong></span> <span class='ocrx_word' id='word_1_189' title='bbox 974 1185 1007 1213; x_wconf 88' lang='lat' dir='ltr'><strong>de</strong></span> 
     </span>
    </p>
   </div>
   <div class='ocr_carea' id='block_1_28' title="bbox 217 1231 1006 1269">
    <p class='ocr_par' dir='ltr' id='par_1_28' title="bbox 217 1231 1006 1269">
     <span class='ocr_line' id='line_1_28' title="bbox 217 1231 1006 1269; baseline -0.004 -8"><span class='ocrx_word' id='word_1_190' title='bbox 217 1233 318 1269; x_wconf 84' lang='lat' dir='ltr'><strong>quibus</strong></span> <span class='ocrx_word' id='word_1_191' title='bbox 335 1232 439 1260; x_wconf 89' lang='lat' dir='ltr'><strong>dictum</strong></span> <span class='ocrx_word' id='word_1_192' title='bbox 454 1235 508 1265; x_wconf 87' lang='lat' dir='ltr'><strong>est,</strong></span> <span class='ocrx_word' id='word_1_193' title='bbox 524 1231 604 1266; x_wconf 81' lang='lat' dir='ltr'><strong>ﬁdem</strong></span> <span class='ocrx_word' id='word_1_194' title='bbox 621 1235 721 1258; x_wconf 86' lang='lat' dir='ltr'><strong>montes</strong></span> <span class='ocrx_word' id='word_1_195' title='bbox 737 1236 912 1259; x_wconf 78' lang='lat' dir='ltr'><strong>transmovere</strong></span> <span class='ocrx_word' id='word_1_196' title='bbox 925 1237 950 1259; x_wconf 86' lang='lat' dir='ltr'><strong>et</strong></span> <span class='ocrx_word' id='word_1_197' title='bbox 966 1240 1006 1258; x_wconf 89' lang='lat' dir='ltr'><strong>ar-</strong></span> 
     </span>
    </p>
   </div>
   <div class='ocr_carea' id='block_1_29' title="bbox 217 1276 1007 1313">
    <p class='ocr_par' dir='ltr' id='par_1_29' title="bbox 217 1276 1007 1313">
     <span class='ocr_line' id='line_1_29' title="bbox 217 1276 1007 1313; baseline -0.004 -6"><span class='ocrx_word' id='word_1_198' title='bbox 217 1276 291 1308; x_wconf 66' lang='lat' dir='ltr'><strong>bores</strong></span> <span class='ocrx_word' id='word_1_199' title='bbox 317 1279 515 1313; x_wconf 77' lang='lat' dir='ltr'><strong>transplantare</strong></span> <span class='ocrx_word' id='word_1_200' title='bbox 526 1279 548 1305; x_wconf 81' lang='grc'><strong>⁸.</strong></span> <span class='ocrx_word' id='word_1_201' title='bbox 565 1276 643 1305; x_wconf 82' lang='lat' dir='ltr'><strong>Unde</strong></span> <span class='ocrx_word' id='word_1_202' title='bbox 657 1284 718 1304; x_wconf 89' lang='lat' dir='ltr'><strong>cum</strong></span> <span class='ocrx_word' id='word_1_203' title='bbox 735 1278 887 1305; x_wconf 86' lang='lat' dir='ltr'><strong>sensissent</strong></span> <span class='ocrx_word' id='word_1_204' title='bbox 901 1278 1007 1313; x_wconf 86' lang='lat' dir='ltr'><strong>magni-</strong></span> 
     </span>
    </p>
   </div>
   <div class='ocr_carea' id='block_1_30' title="bbox 214 1324 1004 1362">
    <p class='ocr_par' dir='ltr' id='par_1_30' title="bbox 214 1324 1004 1362">
     <span class='ocr_line' id='line_1_30' title="bbox 214 1324 1004 1362; baseline -0.004 -8"><span class='ocrx_word' id='word_1_205' title='bbox 214 1328 338 1354; x_wconf 86' lang='lat' dir='ltr'><strong>tudinem</strong></span> <span class='ocrx_word' id='word_1_206' title='bbox 356 1326 510 1362; x_wconf 78' lang='lat' dir='ltr'><strong>potestatis,</strong></span> <span class='ocrx_word' id='word_1_207' title='bbox 523 1325 657 1361; x_wconf 81' lang='lat' dir='ltr'><strong>rogabant</strong></span> <span class='ocrx_word' id='word_1_208' title='bbox 675 1328 704 1352; x_wconf 89' lang='lat' dir='ltr'><strong>ut</strong></span> <span class='ocrx_word' id='word_1_209' title='bbox 718 1324 861 1351; x_wconf 82' lang='lat' dir='ltr'><strong>adderetur</strong></span> <span class='ocrx_word' id='word_1_210' title='bbox 875 1325 912 1351; x_wconf 82' lang='lat' dir='ltr'><strong>eis</strong></span> <span class='ocrx_word' id='word_1_211' title='bbox 928 1324 1004 1359; x_wconf 86' lang='lat' dir='ltr'><strong>ﬁdes,</strong></span> 
     </span>
    </p>
   </div>
   <div class='ocr_carea' id='block_1_31' title="bbox 215 1371 1004 1408">
    <p class='ocr_par' dir='ltr' id='par_1_31' title="bbox 215 1371 1004 1408">
     <span class='ocr_line' id='line_1_31' title="bbox 215 1371 1004 1408; baseline -0.004 -7"><span class='ocrx_word' id='word_1_212' title='bbox 215 1381 276 1408; x_wconf 62' lang='lat' dir='ltr'><strong>quae</strong></span> <span class='ocrx_word' id='word_1_213' title='bbox 289 1377 318 1400; x_wconf 91' lang='lat' dir='ltr'><strong>ut</strong></span> <span class='ocrx_word' id='word_1_214' title='bbox 333 1381 447 1408; x_wconf 83' lang='lat' dir='ltr'><strong>granum</strong></span> <span class='ocrx_word' id='word_1_215' title='bbox 464 1372 565 1406; x_wconf 75' lang='lat' dir='ltr'><strong>sinapis</strong></span> <span class='ocrx_word' id='word_1_216' title='bbox 579 1372 589 1388; x_wconf 85' lang='lat'><strong><em>°</em></strong></span> <span class='ocrx_word' id='word_1_217' title='bbox 604 1371 743 1399; x_wconf 83' lang='lat' dir='ltr'><strong>morderet</strong></span> <span class='ocrx_word' id='word_1_218' title='bbox 758 1371 859 1399; x_wconf 86' lang='lat' dir='ltr'><strong>utiliter</strong></span> <span class='ocrx_word' id='word_1_219' title='bbox 873 1371 1004 1404; x_wconf 85' lang='lat' dir='ltr'><strong>animam,</strong></span> 
     </span>
    </p>
   </div>
   <div class='ocr_carea' id='block_1_32' title="bbox 214 1417 1006 1454">
    <p class='ocr_par' dir='ltr' id='par_1_32' title="bbox 214 1417 1006 1454">
     <span class='ocr_line' id='line_1_32' title="bbox 214 1417 1006 1454; baseline -0.003 -7"><span class='ocrx_word' id='word_1_220' title='bbox 214 1424 242 1447; x_wconf 87' lang='lat' dir='ltr'><strong>et</strong></span> <span class='ocrx_word' id='word_1_221' title='bbox 261 1420 288 1447; x_wconf 93' lang='lat' dir='ltr'><strong>in</strong></span> <span class='ocrx_word' id='word_1_222' title='bbox 307 1420 366 1454; x_wconf 81' lang='lat' dir='ltr'><strong>ipsa</strong></span> <span class='ocrx_word' id='word_1_223' title='bbox 383 1419 451 1447; x_wconf 86' lang='lat' dir='ltr'><strong>adeo</strong></span> <span class='ocrx_word' id='word_1_224' title='bbox 468 1422 616 1450; x_wconf 87' lang='lat' dir='ltr'><strong>cresceret,</strong></span> <span class='ocrx_word' id='word_1_225' title='bbox 634 1421 665 1445; x_wconf 90' lang='lat' dir='ltr'><strong>ut</strong></span> <span class='ocrx_word' id='word_1_226' title='bbox 684 1417 711 1444; x_wconf 91' lang='lat' dir='ltr'><strong>in</strong></span> <span class='ocrx_word' id='word_1_227' title='bbox 728 1418 787 1452; x_wconf 83' lang='lat' dir='ltr'><strong>ipsa</strong></span> <span class='ocrx_word' id='word_1_228' title='bbox 803 1418 1006 1452; x_wconf 82' lang='lat' dir='ltr'><strong>requiescerent</strong></span> 
     </span>
    </p>
   </div>
   <div class='ocr_carea' id='block_1_33' title="bbox 214 1463 1004 1498">
    <p class='ocr_par' dir='ltr' id='par_1_33' title="bbox 214 1463 1004 1498">
     <span class='ocr_line' id='line_1_33' title="bbox 214 1463 1004 1498; baseline -0.005 -4"><span class='ocrx_word' id='word_1_229' title='bbox 214 1467 248 1494; x_wconf 84' lang='lat' dir='ltr'><strong>de</strong></span> <span class='ocrx_word' id='word_1_230' title='bbox 264 1466 346 1494; x_wconf 88' lang='lat' dir='ltr'><strong>rebus</strong></span> <span class='ocrx_word' id='word_1_231' title='bbox 364 1465 529 1493; x_wconf 81' lang='lat' dir='ltr'><strong>sublimibus</strong></span> <span class='ocrx_word' id='word_1_232' title='bbox 551 1465 682 1492; x_wconf 85' lang='lat' dir='ltr'><strong>rationes.</strong></span> <span class='ocrx_word' id='word_1_233' title='bbox 699 1464 727 1491; x_wconf 90' lang='lat' dir='ltr'><strong>Si</strong></span> <span class='ocrx_word' id='word_1_234' title='bbox 743 1464 806 1498; x_wconf 90' lang='lat' dir='ltr'><strong>quis</strong></span> <span class='ocrx_word' id='word_1_235' title='bbox 829 1463 901 1491; x_wconf 89' lang='lat' dir='ltr'><strong>enim</strong></span> <span class='ocrx_word' id='word_1_236' title='bbox 919 1463 1004 1491; x_wconf 88' lang='lat' dir='ltr'><strong>Deum</strong></span> 
     </span>
    </p>
   </div>
   <div class='ocr_carea' id='block_1_34' title="bbox 214 1510 1004 1545">
    <p class='ocr_par' dir='ltr' id='par_1_34' title="bbox 214 1510 1004 1545">
     <span class='ocr_line' id='line_1_34' title="bbox 214 1510 1004 1545; baseline -0.005 -5"><span class='ocrx_word' id='word_1_237' title='bbox 214 1513 266 1541; x_wconf 86' lang='lat' dir='ltr'><strong>scit</strong></span> <span class='ocrx_word' id='word_1_238' title='bbox 282 1516 389 1544; x_wconf 72' lang='lat' dir='ltr'><strong>natura,</strong></span> <span class='ocrx_word' id='word_1_239' title='bbox 403 1515 433 1539; x_wconf 88' lang='lat' dir='ltr'><strong>ut</strong></span> <span class='ocrx_word' id='word_1_240' title='bbox 444 1512 581 1539; x_wconf 87' lang='lat' dir='ltr'><strong>existimat</strong></span> <span class='ocrx_word' id='word_1_241' title='bbox 600 1514 628 1543; x_wconf 52' lang='grc' dir='ltr'><strong>ᾖ</strong></span> <span class='ocrx_word' id='word_1_242' title='bbox 638 1510 781 1542; x_wconf 86' lang='lat' dir='ltr'><strong>Basilides,</strong></span> <span class='ocrx_word' id='word_1_243' title='bbox 798 1510 1004 1545; x_wconf 74' lang='lat' dir='ltr'><strong>intelligentiam</strong></span> 
     </span>
    </p>
   </div>
   <div class='ocr_carea' id='block_1_35' title="bbox 213 1546 1036 1592">
    <p class='ocr_par' dir='ltr' id='par_1_35' title="bbox 213 1546 1036 1592">
     <span class='ocr_line' id='line_1_35' title="bbox 213 1546 1036 1592; baseline -0.005 -5"><span class='ocrx_word' id='word_1_244' title='bbox 213 1559 341 1587; x_wconf 66' lang='lat' dir='ltr'><strong>eximiam</strong></span> <span class='ocrx_word' id='word_1_245' title='bbox 360 1557 439 1585; x_wconf 89' lang='lat' dir='ltr'><strong>ﬁdem</strong></span> <span class='ocrx_word' id='word_1_246' title='bbox 456 1557 539 1586; x_wconf 86' lang='lat' dir='ltr'><strong>simul</strong></span> <span class='ocrx_word' id='word_1_247' title='bbox 563 1561 590 1585; x_wconf 88' lang='lat' dir='ltr'><strong>et</strong></span> <span class='ocrx_word' id='word_1_248' title='bbox 612 1564 726 1592; x_wconf 79' lang='lat' dir='ltr'><strong>regnum</strong></span> <span class='ocrx_word' id='word_1_249' title='bbox 748 1563 861 1588; x_wconf 85' lang='lat' dir='ltr'><strong>vocans,</strong></span> <span class='ocrx_word' id='word_1_250' title='bbox 878 1559 905 1583; x_wconf 69' lang='lat' dir='ltr'><strong>et</strong></span> <span class='ocrx_word' id='word_1_251' title='bbox 924 1563 1001 1584; x_wconf 88' lang='lat' dir='ltr'><strong>crea-</strong></span> <span class='ocrx_word' id='word_1_252' title='bbox 1014 1546 1036 1577; x_wconf 63' lang='grc' dir='ltr'><strong>(ἶ</strong></span> 
     </span>
    </p>
   </div>
   <div class='ocr_carea' id='block_1_36' title="bbox 212 1601 1000 1638">
    <p class='ocr_par' dir='ltr' id='par_1_36' title="bbox 212 1601 1000 1638">
     <span class='ocr_line' id='line_1_36' title="bbox 212 1601 1000 1638; baseline -0.001 -8"><span class='ocrx_word' id='word_1_253' title='bbox 212 1606 302 1630; x_wconf 66' lang='lat' dir='ltr'><strong>turam</strong></span> <span class='ocrx_word' id='word_1_254' title='bbox 318 1603 436 1630; x_wconf 85' lang='lat' dir='ltr'><strong>essentia</strong></span> <span class='ocrx_word' id='word_1_255' title='bbox 453 1602 573 1638; x_wconf 78' lang='lat' dir='ltr'><strong>dignam,</strong></span> <span class='ocrx_word' id='word_1_256' title='bbox 590 1609 674 1638; x_wconf 88' lang='lat' dir='ltr'><strong>prope</strong></span> <span class='ocrx_word' id='word_1_257' title='bbox 688 1609 750 1630; x_wconf 89' lang='lat' dir='ltr'><strong>eum</strong></span> <span class='ocrx_word' id='word_1_258' title='bbox 768 1601 815 1637; x_wconf 91' lang='lat' dir='ltr'><strong>qui</strong></span> <span class='ocrx_word' id='word_1_259' title='bbox 832 1601 896 1629; x_wconf 78' lang='lat' dir='ltr'><strong>iecit</strong></span> <span class='ocrx_word' id='word_1_260' title='bbox 913 1601 1000 1637; x_wconf 83' lang='lat' dir='ltr'><strong>ipsam</strong></span> 
     </span>
    </p>
   </div>
   <div class='ocr_carea' id='block_1_37' title="bbox 211 1648 999 1684">
    <p class='ocr_par' dir='ltr' id='par_1_37' title="bbox 211 1648 999 1684">
     <span class='ocr_line' id='line_1_37' title="bbox 211 1648 999 1684; baseline -0.003 -7"><span class='ocrx_word' id='word_1_261' title='bbox 211 1656 275 1677; x_wconf 87' lang='lat' dir='ltr'><strong>esse</strong></span> <span class='ocrx_word' id='word_1_262' title='bbox 293 1649 476 1684; x_wconf 86' lang='lat' dir='ltr'><strong>interpretans</strong></span> <span class='ocrx_word' id='word_1_263' title='bbox 489 1649 647 1680; x_wconf 83' lang='lat' dir='ltr'><strong>essentiam,</strong></span> <span class='ocrx_word' id='word_1_264' title='bbox 660 1648 706 1676; x_wconf 90' lang='lat' dir='ltr'><strong>sed</strong></span> <span class='ocrx_word' id='word_1_265' title='bbox 719 1656 773 1675; x_wconf 89' lang='lat' dir='ltr'><strong>non</strong></span> <span class='ocrx_word' id='word_1_266' title='bbox 787 1651 958 1683; x_wconf 87' lang='lat' dir='ltr'><strong>potestatem,</strong></span> <span class='ocrx_word' id='word_1_267' title='bbox 972 1652 999 1676; x_wconf 88' lang='lat' dir='ltr'><strong>et</strong></span> 
     </span>
    </p>
   </div>
   <div class='ocr_carea' id='block_1_38' title="bbox 212 1693 998 1728">
    <p class='ocr_par' dir='ltr' id='par_1_38' title="bbox 212 1693 998 1728">
     <span class='ocr_line' id='line_1_38' title="bbox 212 1693 998 1728; baseline 0 -8"><span class='ocrx_word' id='word_1_268' title='bbox 212 1697 350 1726; x_wconf 86' lang='lat' dir='ltr'><strong>naturam,</strong></span> <span class='ocrx_word' id='word_1_269' title='bbox 376 1697 403 1721; x_wconf 90' lang='lat' dir='ltr'><strong>et</strong></span> <span class='ocrx_word' id='word_1_270' title='bbox 427 1693 608 1721; x_wconf 85' lang='lat' dir='ltr'><strong>substantiam</strong></span> <span class='ocrx_word' id='word_1_271' title='bbox 631 1698 764 1720; x_wconf 66' lang='lat' dir='ltr'><strong>creaturae</strong></span> <span class='ocrx_word' id='word_1_272' title='bbox 790 1701 850 1728; x_wconf 68' lang='lat' dir='ltr'><strong>quae</strong></span> <span class='ocrx_word' id='word_1_273' title='bbox 875 1694 998 1728; x_wconf 86' lang='lat' dir='ltr'><strong>superari</strong></span> 
     </span>
    </p>
   </div>
   <div class='ocr_carea' id='block_1_39' title="bbox 211 1739 998 1775">
    <p class='ocr_par' dir='ltr' id='par_1_39' title="bbox 211 1739 998 1775">
     <span class='ocr_line' id='line_1_39' title="bbox 211 1739 998 1775; baseline -0.001 -8"><span class='ocrx_word' id='word_1_274' title='bbox 211 1747 267 1767; x_wconf 87' lang='lat' dir='ltr'><strong>non</strong></span> <span class='ocrx_word' id='word_1_275' title='bbox 279 1743 367 1775; x_wconf 87' lang='lat' dir='ltr'><strong>potest</strong></span> <span class='ocrx_word' id='word_1_276' title='bbox 386 1739 554 1767; x_wconf 85' lang='lat' dir='ltr'><strong>indeﬁnitam</strong></span> <span class='ocrx_word' id='word_1_277' title='bbox 572 1739 816 1774; x_wconf 82' lang='lat' dir='ltr'><strong>pulchritudinem,</strong></span> <span class='ocrx_word' id='word_1_278' title='bbox 839 1746 893 1766; x_wconf 90' lang='lat' dir='ltr'><strong>non</strong></span> <span class='ocrx_word' id='word_1_279' title='bbox 907 1743 998 1767; x_wconf 89' lang='lat' dir='ltr'><strong>autem</strong></span> 
     </span>
    </p>
   </div>
   <div class='ocr_carea' id='block_1_40' title="bbox 267 1816 1011 1849">
    <p class='ocr_par' dir='ltr' id='par_1_40' title="bbox 267 1816 1011 1849">
     <span class='ocr_line' id='line_1_40' title="bbox 267 1816 1011 1849; baseline -0.001 -5"><span class='ocrx_word' id='word_1_280' title='bbox 267 1818 276 1833; x_wconf 77' lang='grc' dir='ltr'><strong>ί</strong></span> <span class='ocrx_word' id='word_1_281' title='bbox 290 1816 386 1844; x_wconf 86' lang='lat' dir='ltr'><strong>Matth.</strong></span> <span class='ocrx_word' id='word_1_282' title='bbox 403 1817 499 1849; x_wconf 71' lang='lat' dir='ltr'><strong>x1,15.</strong></span> <span class='ocrx_word' id='word_1_283' title='bbox 537 1817 547 1832; x_wconf 79' lang='grc'>³</span> <span class='ocrx_word' id='word_1_284' title='bbox 564 1817 642 1843; x_wconf 76' lang='lat' dir='ltr'><strong>l‘tom.</strong></span> <span class='ocrx_word' id='word_1_285' title='bbox 659 1825 679 1847; x_wconf 86' lang='grc' dir='ltr'><strong>ι,</strong></span> <span class='ocrx_word' id='word_1_286' title='bbox 697 1817 741 1848; x_wconf 83' lang='grc' dir='ltr'>Η,</span> <span class='ocrx_word' id='word_1_287' title='bbox 759 1816 802 1844; x_wconf 75' lang='lat' dir='ltr'><strong>i2.</strong></span> <span class='ocrx_word' id='word_1_288' title='bbox 853 1817 864 1833; x_wconf 83' lang='lat'><strong>&#39;</strong></span> <span class='ocrx_word' id='word_1_289' title='bbox 881 1816 948 1845; x_wconf 89' lang='lat' dir='ltr'><strong>lbid.</strong></span> <span class='ocrx_word' id='word_1_290' title='bbox 969 1817 1011 1844; x_wconf 83' lang='lat' dir='ltr'><strong>l7.</strong></span> 
     </span>
    </p>
   </div>
   <div class='ocr_carea' id='block_1_41' title="bbox 1072 216 1865 256">
    <p class='ocr_par' dir='ltr' id='par_1_41' title="bbox 1072 216 1865 256">
     <span class='ocr_line' id='line_1_41' title="bbox 1072 216 1865 256; baseline 0.006 -13"><span class='ocrx_word' id='word_1_291' title='bbox 1072 216 1108 243; x_wconf 81' lang='grc' dir='ltr'>Τὸ</span> <span class='ocrx_word' id='word_1_292' title='bbox 1131 216 1185 252; x_wconf 80' lang='grc' dir='ltr'><strong>γὰρ</strong></span> <span class='ocrx_word' id='word_1_293' title='bbox 1202 217 1272 248; x_wconf 79' lang='grc' dir='ltr'>ὅλον,</span> <span class='ocrx_word' id='word_1_294' title='bbox 1289 219 1305 253; x_wconf 80' lang='grc' dir='ltr'><strong>ἡ</strong></span> <span class='ocrx_word' id='word_1_295' title='bbox 1322 217 1436 253; x_wconf 83' lang='grc' dir='ltr'>συνῳδία</span> <span class='ocrx_word' id='word_1_296' title='bbox 1459 219 1506 244; x_wconf 83' lang='grc' dir='ltr'>καὶ</span> <span class='ocrx_word' id='word_1_297' title='bbox 1530 220 1706 254; x_wconf 77' lang='grc' dir='ltr'>ὴσυμφωνία</span> <span class='ocrx_word' id='word_1_298' title='bbox 1731 220 1781 255; x_wconf 77' lang='grc' dir='ltr'>τῆς</span> <span class='ocrx_word' id='word_1_299' title='bbox 1809 222 1865 256; x_wconf 52' lang='grc' dir='ltr'><strong>ἀμφ</strong></span> 
     </span>
    </p>
   </div>
   <div class='ocr_carea' id='block_1_42' title="bbox 1070 263 1864 303">
    <p class='ocr_par' dir='ltr' id='par_1_42' title="bbox 1070 263 1864 303">
     <span class='ocr_line' id='line_1_42' title="bbox 1070 263 1864 303; baseline 0.005 -14"><span class='ocrx_word' id='word_1_300' title='bbox 1070 265 1129 298; x_wconf 83' lang='grc' dir='ltr'>φοῖν</span> <span class='ocrx_word' id='word_1_301' title='bbox 1145 263 1181 299; x_wconf 79' lang='grc'><strong>(5)</strong></span> <span class='ocrx_word' id='word_1_302' title='bbox 1198 263 1325 295; x_wconf 81' lang='grc' dir='ltr'>πίστεως,</span> <span class='ocrx_word' id='word_1_303' title='bbox 1340 264 1380 296; x_wconf 84' lang='grc' dir='ltr'><strong>είς</strong></span> <span class='ocrx_word' id='word_1_304' title='bbox 1393 264 1422 290; x_wconf 84' lang='grc' dir='ltr'>ἓν</span> <span class='ocrx_word' id='word_1_305' title='bbox 1437 264 1523 300; x_wconf 81' lang='grc' dir='ltr'>πέρας</span> <span class='ocrx_word' id='word_1_306' title='bbox 1537 265 1723 299; x_wconf 82' lang='grc' dir='ltr'>καταγίνεται,</span> <span class='ocrx_word' id='word_1_307' title='bbox 1739 267 1789 303; x_wconf 80' lang='grc' dir='ltr'>τὴν</span> <span class='ocrx_word' id='word_1_308' title='bbox 1809 275 1864 293; x_wconf 90' lang='grc' dir='ltr'>σω-</span> 
     </span>
    </p>
   </div>
   <div class='ocr_carea' id='block_1_43' title="bbox 1069 309 1861 346">
    <p class='ocr_par' dir='ltr' id='par_1_43' title="bbox 1069 309 1861 346">
     <span class='ocr_line' id='line_1_43' title="bbox 1069 309 1861 346; baseline 0.005 -11"><span class='ocrx_word' id='word_1_309' title='bbox 1069 309 1176 344; x_wconf 86' lang='grc' dir='ltr'>τηρίαν.</span> <span class='ocrx_word' id='word_1_310' title='bbox 1193 309 1306 345; x_wconf 83' lang='grc' dir='ltr'><strong>Μάρτυς</strong></span> <span class='ocrx_word' id='word_1_311' title='bbox 1320 310 1384 345; x_wconf 84' lang='grc' dir='ltr'><strong>ἡμῖν</strong></span> <span class='ocrx_word' id='word_1_312' title='bbox 1399 309 1535 345; x_wconf 83' lang='grc' dir='ltr'>νημερτὴς</span> <span class='ocrx_word' id='word_1_313' title='bbox 1549 311 1563 336; x_wconf 84' lang='grc' dir='ltr'><strong>ὁ</strong></span> <span class='ocrx_word' id='word_1_314' title='bbox 1580 311 1748 343; x_wconf 81' lang='grc' dir='ltr'>’Λπόστολος,</span> <span class='ocrx_word' id='word_1_315' title='bbox 1764 311 1861 346; x_wconf 81' lang='grc' dir='ltr'>λέγων·</span> 
     </span>
    </p>
   </div>
   <div class='ocr_carea' id='block_1_44' title="bbox 1076 354 1863 393">
    <p class='ocr_par' dir='ltr' id='par_1_44' title="bbox 1076 354 1863 393">
     <span class='ocr_line' id='line_1_44' title="bbox 1076 354 1863 393; baseline 0.005 -12"><span class='ocrx_word' id='word_1_316' title='bbox 1076 354 1220 381; x_wconf 77' lang='grc' dir='ltr'>Ἐπιποθῶ</span> <span class='ocrx_word' id='word_1_317' title='bbox 1234 356 1289 390; x_wconf 72' lang='grc' dir='ltr'>γὰρ</span> <span class='ocrx_word' id='word_1_318' title='bbox 1305 355 1379 382; x_wconf 72' lang='grc' dir='ltr'><strong>ἰδεῖν</strong></span> <span class='ocrx_word' id='word_1_319' title='bbox 1391 355 1480 390; x_wconf 76' lang='grc' dir='ltr'>ὑμᾶς,</span> <span class='ocrx_word' id='word_1_320' title='bbox 1496 356 1547 382; x_wconf 78' lang='grc' dir='ltr'>ἵνα</span> <span class='ocrx_word' id='word_1_321' title='bbox 1559 364 1586 382; x_wconf 83' lang='grc' dir='ltr'><strong>τι</strong></span> <span class='ocrx_word' id='word_1_322' title='bbox 1598 356 1715 390; x_wconf 83' lang='grc' dir='ltr'>μεταδῶ</span> <span class='ocrx_word' id='word_1_323' title='bbox 1729 357 1863 393; x_wconf 76' lang='grc' dir='ltr'><strong>χάρισμα</strong></span> 
     </span>
    </p>
   </div>
   <div class='ocr_carea' id='block_1_45' title="bbox 1067 401 1862 438">
    <p class='ocr_par' dir='ltr' id='par_1_45' title="bbox 1067 401 1862 438">
     <span class='ocr_line' id='line_1_45' title="bbox 1067 401 1862 438; baseline 0.005 -11"><span class='ocrx_word' id='word_1_324' title='bbox 1067 401 1139 436; x_wconf 79' lang='grc' dir='ltr'><strong>ὑμῖν</strong></span> <span class='ocrx_word' id='word_1_325' title='bbox 1150 401 1353 436; x_wconf 78' lang='grc' dir='ltr'>πνευματικὸν</span> <span class='ocrx_word' id='word_1_326' title='bbox 1361 403 1405 434; x_wconf 81' lang='grc' dir='ltr'><strong>είς</strong></span> <span class='ocrx_word' id='word_1_327' title='bbox 1417 404 1448 430; x_wconf 84' lang='grc' dir='ltr'>τὸ</span> <span class='ocrx_word' id='word_1_328' title='bbox 1461 402 1659 438; x_wconf 77' lang='grc' dir='ltr'>στηριχθῆναι</span> <span class='ocrx_word' id='word_1_329' title='bbox 1672 403 1759 438; x_wconf 82' lang='grc' dir='ltr'><strong>ὑμᾶς.</strong></span> <span class='ocrx_word' id='word_1_330' title='bbox 1770 405 1862 431; x_wconf 84' lang='grc' dir='ltr'>Τοῦτο</span> 
     </span>
    </p>
   </div>
   <div class='ocr_carea' id='block_1_46' title="bbox 1066 446 1863 483">
    <p class='ocr_par' dir='ltr' id='par_1_46' title="bbox 1066 446 1863 483">
     <span class='ocr_line' id='line_1_46' title="bbox 1066 446 1863 483; baseline 0.005 -10"><span class='ocrx_word' id='word_1_331' title='bbox 1066 446 1100 473; x_wconf 76' lang='grc' dir='ltr'>δέ</span> <span class='ocrx_word' id='word_1_332' title='bbox 1112 447 1187 480; x_wconf 85' lang='grc' dir='ltr'>ἐστι,</span> <span class='ocrx_word' id='word_1_333' title='bbox 1202 447 1492 482; x_wconf 76' lang='grc' dir='ltr'>συμπαρακληθῆναι</span> <span class='ocrx_word' id='word_1_334' title='bbox 1504 448 1540 475; x_wconf 80' lang='grc' dir='ltr'><strong>ἐν</strong></span> <span class='ocrx_word' id='word_1_335' title='bbox 1548 448 1620 483; x_wconf 79' lang='grc' dir='ltr'><strong>ὑμῖν</strong></span> <span class='ocrx_word' id='word_1_336' title='bbox 1632 448 1681 476; x_wconf 75' lang='grc' dir='ltr'><strong>διὰ</strong></span> <span class='ocrx_word' id='word_1_337' title='bbox 1693 448 1747 483; x_wconf 83' lang='grc' dir='ltr'>τῆς</span> <span class='ocrx_word' id='word_1_338' title='bbox 1759 450 1794 477; x_wconf 80' lang='grc' dir='ltr'>ἐν</span> <span class='ocrx_word' id='word_1_339' title='bbox 1806 450 1863 477; x_wconf 78' lang='grc' dir='ltr'><strong>ἀλ-</strong></span> 
     </span>
    </p>
   </div>
   <div class='ocr_carea' id='block_1_47' title="bbox 1065 492 1862 529">
    <p class='ocr_par' dir='ltr' id='par_1_47' title="bbox 1065 492 1862 529">
     <span class='ocr_line' id='line_1_47' title="bbox 1065 492 1862 529; baseline 0.004 -10"><span class='ocrx_word' id='word_1_340' title='bbox 1065 492 1173 526; x_wconf 81' lang='grc' dir='ltr'>λήλοις</span> <span class='ocrx_word' id='word_1_341' title='bbox 1187 493 1315 526; x_wconf 80' lang='grc' dir='ltr'>πίστεως</span> <span class='ocrx_word' id='word_1_342' title='bbox 1330 493 1414 528; x_wconf 81' lang='grc' dir='ltr'><strong>ὑμῶν</strong></span> <span class='ocrx_word' id='word_1_343' title='bbox 1427 502 1459 520; x_wconf 84' lang='grc' dir='ltr'><strong>τε</strong></span> <span class='ocrx_word' id='word_1_344' title='bbox 1469 494 1517 521; x_wconf 78' lang='grc' dir='ltr'><strong>καί</strong></span> <span class='ocrx_word' id='word_1_345' title='bbox 1531 494 1613 529; x_wconf 80' lang='grc' dir='ltr'><strong>ἐμοῦ.</strong></span> <span class='ocrx_word' id='word_1_346' title='bbox 1629 495 1684 521; x_wconf 79' lang='grc' dir='ltr'><strong>Καὶ</strong></span> <span class='ocrx_word' id='word_1_347' title='bbox 1698 495 1778 522; x_wconf 81' lang='grc' dir='ltr'>πάλιν</span> <span class='ocrx_word' id='word_1_348' title='bbox 1792 495 1862 523; x_wconf 80' lang='grc' dir='ltr'>ὑπο-</span> 
     </span>
    </p>
   </div>
   <div class='ocr_carea' id='block_1_48' title="bbox 1066 538 1861 574">
    <p class='ocr_par' dir='ltr' id='par_1_48' title="bbox 1066 538 1861 574">
     <span class='ocr_line' id='line_1_48' title="bbox 1066 538 1861 574; baseline 0.005 -10"><span class='ocrx_word' id='word_1_349' title='bbox 1066 538 1126 570; x_wconf 75' lang='grc' dir='ltr'>ϐὰς,</span> <span class='ocrx_word' id='word_1_350' title='bbox 1147 539 1259 573; x_wconf 84' lang='grc' dir='ltr'>ἐπάγει·</span> <span class='ocrx_word' id='word_1_351' title='bbox 1275 540 1454 573; x_wconf 75' lang='grc' dir='ltr'><strong>Δικαιοσύνη</strong></span> <span class='ocrx_word' id='word_1_352' title='bbox 1469 539 1503 566; x_wconf 81' lang='grc' dir='ltr'><strong>δὲ</strong></span> <span class='ocrx_word' id='word_1_353' title='bbox 1520 540 1594 567; x_wconf 84' lang='grc' dir='ltr'><strong>Θεοῦ</strong></span> <span class='ocrx_word' id='word_1_354' title='bbox 1606 541 1641 567; x_wconf 84' lang='grc' dir='ltr'><strong>ἐν</strong></span> <span class='ocrx_word' id='word_1_355' title='bbox 1654 540 1734 574; x_wconf 81' lang='grc' dir='ltr'>αὐτῷ</span> <span class='ocrx_word' id='word_1_356' title='bbox 1745 542 1861 568; x_wconf 77' lang='grc' dir='ltr'>ἀποκα-</span> 
     </span>
    </p>
   </div>
   <div class='ocr_carea' id='block_1_49' title="bbox 1065 585 1861 619">
    <p class='ocr_par' dir='ltr' id='par_1_49' title="bbox 1065 585 1861 619">
     <span class='ocr_line' id='line_1_49' title="bbox 1065 585 1861 619; baseline 0.004 -8"><span class='ocrx_word' id='word_1_357' title='bbox 1065 585 1210 612; x_wconf 77' lang='grc' dir='ltr'>λύπτεται</span> <span class='ocrx_word' id='word_1_358' title='bbox 1219 586 1254 612; x_wconf 80' lang='grc' dir='ltr'><strong><em>ἐκ</em></strong></span> <span class='ocrx_word' id='word_1_359' title='bbox 1265 586 1394 619; x_wconf 76' lang='grc' dir='ltr'>πίστεως</span> <span class='ocrx_word' id='word_1_360' title='bbox 1401 587 1443 618; x_wconf 82' lang='grc' dir='ltr'>εὶς</span> <span class='ocrx_word' id='word_1_361' title='bbox 1455 587 1569 614; x_wconf 84' lang='grc' dir='ltr'>πίστιν.</span> <span class='ocrx_word' id='word_1_362' title='bbox 1575 586 1771 614; x_wconf 78' lang='grc' dir='ltr'>Φαίνεταιοῦνό</span> <span class='ocrx_word' id='word_1_363' title='bbox 1783 588 1861 615; x_wconf 78' lang='grc' dir='ltr'><strong>Ἀπό-</strong></span> 
     </span>
    </p>
   </div>
   <div class='ocr_carea' id='block_1_50' title="bbox 1066 631 1860 670">
    <p class='ocr_par' dir='ltr' id='par_1_50' title="bbox 1066 631 1860 670">
     <span class='ocr_line' id='line_1_50' title="bbox 1066 631 1860 670; baseline 0.006 -13"><span class='ocrx_word' id='word_1_364' title='bbox 1066 631 1157 662; x_wconf 87' lang='grc' dir='ltr'>στολος</span> <span class='ocrx_word' id='word_1_365' title='bbox 1170 631 1260 668; x_wconf 79' lang='grc' dir='ltr'><strong>διττὴν</strong></span> <span class='ocrx_word' id='word_1_366' title='bbox 1277 633 1469 667; x_wconf 80' lang='grc' dir='ltr'><strong>καταγγέλλων</strong></span> <span class='ocrx_word' id='word_1_367' title='bbox 1486 634 1591 661; x_wconf 86' lang='grc' dir='ltr'>πίστιν·</span> <span class='ocrx_word' id='word_1_368' title='bbox 1618 634 1717 669; x_wconf 81' lang='grc' dir='ltr'>μᾶλλον</span> <span class='ocrx_word' id='word_1_369' title='bbox 1732 634 1760 661; x_wconf 85' lang='grc' dir='ltr'><strong>δέ</strong></span> <span class='ocrx_word' id='word_1_370' title='bbox 1781 635 1860 670; x_wconf 79' lang='grc' dir='ltr'>μίαν.</span> 
     </span>
    </p>
   </div>
   <div class='ocr_carea' id='block_1_51' title="bbox 1064 676 1860 717">
    <p class='ocr_par' dir='ltr' id='par_1_51' title="bbox 1064 676 1860 717">
     <span class='ocr_line' id='line_1_51' title="bbox 1064 676 1860 717; baseline 0.006 -14"><span class='ocrx_word' id='word_1_371' title='bbox 1064 676 1177 712; x_wconf 72' lang='grc' dir='ltr'>αΰξησιν</span> <span class='ocrx_word' id='word_1_372' title='bbox 1205 679 1252 704; x_wconf 79' lang='grc' dir='ltr'>καὶ</span> <span class='ocrx_word' id='word_1_373' title='bbox 1278 678 1416 706; x_wconf 83' lang='grc' dir='ltr'><strong>τελείωσιν</strong></span> <span class='ocrx_word' id='word_1_374' title='bbox 1439 679 1641 716; x_wconf 79' lang='grc' dir='ltr'>ἐπιδεχομένην.</span> <span class='ocrx_word' id='word_1_375' title='bbox 1665 681 1696 707; x_wconf 82' lang='grc' dir='ltr'><strong><em>Ἡ</em></strong></span> <span class='ocrx_word' id='word_1_376' title='bbox 1723 681 1772 716; x_wconf 79' lang='grc' dir='ltr'><strong>μὲν</strong></span> <span class='ocrx_word' id='word_1_377' title='bbox 1801 681 1860 717; x_wconf 76' lang='grc' dir='ltr'>γὰρ</span> 
     </span>
    </p>
   </div>
   <div class='ocr_carea' id='block_1_52' title="bbox 1063 723 1861 761">
    <p class='ocr_par' dir='ltr' id='par_1_52' title="bbox 1063 723 1861 761">
     <span class='ocr_line' id='line_1_52' title="bbox 1063 723 1861 761; baseline 0.005 -12"><span class='ocrx_word' id='word_1_378' title='bbox 1063 724 1139 759; x_wconf 83' lang='grc' dir='ltr'>κοινὴ</span> <span class='ocrx_word' id='word_1_379' title='bbox 1156 723 1193 759; x_wconf 88' lang='grc'><strong>(6)</strong></span> <span class='ocrx_word' id='word_1_380' title='bbox 1217 724 1308 756; x_wconf 78' lang='grc' dir='ltr'>πίστις</span> <span class='ocrx_word' id='word_1_381' title='bbox 1341 724 1466 761; x_wconf 82' lang='grc' dir='ltr'>καθάπερ</span> <span class='ocrx_word' id='word_1_382' title='bbox 1483 725 1607 761; x_wconf 83' lang='grc' dir='ltr'><strong>θεμέλιος</strong></span> <span class='ocrx_word' id='word_1_383' title='bbox 1624 726 1783 752; x_wconf 82' lang='grc' dir='ltr'>ὑπόκειται·</span> <span class='ocrx_word' id='word_1_384' title='bbox 1799 729 1861 759; x_wconf 72' lang='grc' dir='ltr'>τοῖς</span> 
     </span>
    </p>
   </div>
   <div class='ocr_carea' id='block_1_53' title="bbox 1061 767 1860 807">
    <p class='ocr_par' dir='ltr' id='par_1_53' title="bbox 1061 767 1860 807">
     <span class='ocr_line' id='line_1_53' title="bbox 1061 767 1860 807; baseline 0.005 -12"><span class='ocrx_word' id='word_1_385' title='bbox 1061 770 1087 804; x_wconf 80' lang='grc' dir='ltr'>γ’</span> <span class='ocrx_word' id='word_1_386' title='bbox 1104 767 1150 796; x_wconf 82' lang='grc' dir='ltr'>οὖν</span> <span class='ocrx_word' id='word_1_387' title='bbox 1165 769 1364 806; x_wconf 84' lang='grc' dir='ltr'><strong>θεραπευθῆναι</strong></span> <span class='ocrx_word' id='word_1_388' title='bbox 1387 770 1514 797; x_wconf 81' lang='grc' dir='ltr'><strong>ποθοῦσιν</strong></span> <span class='ocrx_word' id='word_1_389' title='bbox 1528 772 1542 798; x_wconf 83' lang='lat'><strong>6</strong></span> <span class='ocrx_word' id='word_1_390' title='bbox 1557 771 1658 807; x_wconf 81' lang='grc' dir='ltr'>Κύριος</span> <span class='ocrx_word' id='word_1_391' title='bbox 1686 772 1789 803; x_wconf 82' lang='grc' dir='ltr'>πιστῶς</span> <span class='ocrx_word' id='word_1_392' title='bbox 1812 781 1860 799; x_wconf 77' lang='grc' dir='ltr'>κι-</span> 
     </span>
    </p>
   </div>
   <div class='ocr_carea' id='block_1_54' title="bbox 1062 816 1860 854">
    <p class='ocr_par' dir='ltr' id='par_1_54' title="bbox 1062 816 1860 854">
     <span class='ocr_line' id='line_1_54' title="bbox 1062 816 1860 854; baseline 0.004 -12"><span class='ocrx_word' id='word_1_393' title='bbox 1062 816 1212 851; x_wconf 84' lang='grc' dir='ltr'>νουμένοις,</span> <span class='ocrx_word' id='word_1_394' title='bbox 1225 817 1363 851; x_wconf 80' lang='grc' dir='ltr'>ἐπέλεγεν·</span> <span class='ocrx_word' id='word_1_395' title='bbox 1380 817 1414 845; x_wconf 84' lang='grc' dir='ltr'><em>Ἡ</em></span> <span class='ocrx_word' id='word_1_396' title='bbox 1427 818 1529 851; x_wconf 82' lang='grc' dir='ltr'><strong>πίστις</strong></span> <span class='ocrx_word' id='word_1_397' title='bbox 1540 825 1598 845; x_wconf 84' lang='grc' dir='ltr'><strong>σου</strong></span> <span class='ocrx_word' id='word_1_398' title='bbox 1609 818 1725 845; x_wconf 86' lang='grc' dir='ltr'>σέσωκέ</span> <span class='ocrx_word' id='word_1_399' title='bbox 1738 826 1783 845; x_wconf 86' lang='grc' dir='ltr'>σε·</span> <span class='ocrx_word' id='word_1_400' title='bbox 1800 819 1817 854; x_wconf 79' lang='grc' dir='ltr'>ἡ</span> <span class='ocrx_word' id='word_1_401' title='bbox 1828 819 1860 844; x_wconf 74' lang='grc' dir='ltr'><strong>δὲ</strong></span> 
     </span>
    </p>
   </div>
   <div class='ocr_carea' id='block_1_55' title="bbox 1062 862 1857 900">
    <p class='ocr_par' dir='ltr' id='par_1_55' title="bbox 1062 862 1857 900">
     <span class='ocr_line' id='line_1_55' title="bbox 1062 862 1857 900; baseline 0.005 -13"><span class='ocrx_word' id='word_1_402' title='bbox 1062 862 1207 898; x_wconf 75' lang='grc' dir='ltr'><strong>ἐξαιρέτως</strong></span> <span class='ocrx_word' id='word_1_403' title='bbox 1222 862 1468 898; x_wconf 83' lang='grc' dir='ltr'>ἐποικοδομουμένη</span> <span class='ocrx_word' id='word_1_404' title='bbox 1486 863 1684 891; x_wconf 84' lang='grc' dir='ltr'>συντελειοῦται</span> <span class='ocrx_word' id='word_1_405' title='bbox 1700 864 1740 900; x_wconf 86' lang='grc' dir='ltr'>τῷ</span> <span class='ocrx_word' id='word_1_406' title='bbox 1754 864 1857 899; x_wconf 80' lang='grc' dir='ltr'>πιστῷ,</span> 
     </span>
    </p>
   </div>
   <div class='ocr_carea' id='block_1_56' title="bbox 1060 907 1858 947">
    <p class='ocr_par' dir='ltr' id='par_1_56' title="bbox 1060 907 1858 947">
     <span class='ocr_line' id='line_1_56' title="bbox 1060 907 1858 947; baseline 0.004 -13"><span class='ocrx_word' id='word_1_407' title='bbox 1060 909 1107 935; x_wconf 76' lang='grc' dir='ltr'>καὶ</span> <span class='ocrx_word' id='word_1_408' title='bbox 1119 908 1349 944; x_wconf 82' lang='grc' dir='ltr'>συναπαρτιζεται</span> <span class='ocrx_word' id='word_1_409' title='bbox 1363 907 1396 936; x_wconf 80' lang='grc' dir='ltr'>αὖ</span> <span class='ocrx_word' id='word_1_410' title='bbox 1407 911 1441 945; x_wconf 86' lang='grc' dir='ltr'><strong>τῇ</strong></span> <span class='ocrx_word' id='word_1_411' title='bbox 1452 910 1484 936; x_wconf 78' lang='grc' dir='ltr'><strong>ἐκ</strong></span> <span class='ocrx_word' id='word_1_412' title='bbox 1496 909 1639 946; x_wconf 80' lang='grc' dir='ltr'>μαθήσεως</span> <span class='ocrx_word' id='word_1_413' title='bbox 1654 911 1858 947; x_wconf 85' lang='grc' dir='ltr'>περιγινομένῃ</span> 
     </span>
    </p>
   </div>
   <div class='ocr_carea' id='block_1_57' title="bbox 1060 953 1859 993">
    <p class='ocr_par' dir='ltr' id='par_1_57' title="bbox 1060 953 1859 993">
     <span class='ocr_line' id='line_1_57' title="bbox 1060 953 1859 993; baseline 0.005 -13"><span class='ocrx_word' id='word_1_414' title='bbox 1060 955 1107 980; x_wconf 79' lang='grc' dir='ltr'>καὶ</span> <span class='ocrx_word' id='word_1_415' title='bbox 1125 953 1173 980; x_wconf 80' lang='grc' dir='ltr'>τοῦ</span> <span class='ocrx_word' id='word_1_416' title='bbox 1188 954 1266 989; x_wconf 83' lang='grc' dir='ltr'>λόγου</span> <span class='ocrx_word' id='word_1_417' title='bbox 1281 954 1330 986; x_wconf 83' lang='grc' dir='ltr'><strong>τὰς</strong></span> <span class='ocrx_word' id='word_1_418' title='bbox 1346 955 1455 987; x_wconf 79' lang='grc' dir='ltr'>ἐντολὰς</span> <span class='ocrx_word' id='word_1_419' title='bbox 1468 956 1599 983; x_wconf 85' lang='grc' dir='ltr'>ἐπιτελεῖν</span> <span class='ocrx_word' id='word_1_420' title='bbox 1615 956 1652 992; x_wconf 93' lang='grc'><strong>(7)</strong></span> <span class='ocrx_word' id='word_1_421' title='bbox 1662 965 1669 971; x_wconf 70' lang='grc'>⁸</span> <span class='ocrx_word' id='word_1_422' title='bbox 1684 958 1770 983; x_wconf 87' lang='grc' dir='ltr'>ὁποῖοι</span> <span class='ocrx_word' id='word_1_423' title='bbox 1782 955 1859 993; x_wconf 84' lang='grc' dir='ltr'>ἦσαν</span> 
     </span>
    </p>
   </div>
   <div class='ocr_carea' id='block_1_58' title="bbox 1059 997 1857 1037">
    <p class='ocr_par' dir='ltr' id='par_1_58' title="bbox 1059 997 1857 1037">
     <span class='ocr_line' id='line_1_58' title="bbox 1059 997 1857 1037; baseline 0.006 -12"><span class='ocrx_word' id='word_1_424' title='bbox 1059 1000 1084 1026; x_wconf 83' lang='grc' dir='ltr'>οι</span> <span class='ocrx_word' id='word_1_425' title='bbox 1121 999 1265 1027; x_wconf 84' lang='grc' dir='ltr'>ἀπόστολοι</span> <span class='ocrx_word' id='word_1_426' title='bbox 1282 1020 1288 1031; x_wconf 85' lang='grc'>,</span> <span class='ocrx_word' id='word_1_427' title='bbox 1313 1001 1354 1036; x_wconf 83' lang='grc' dir='ltr'>ἐφ’</span> <span class='ocrx_word' id='word_1_428' title='bbox 1382 997 1420 1028; x_wconf 86' lang='grc' dir='ltr'>ὧν</span> <span class='ocrx_word' id='word_1_429' title='bbox 1448 1001 1505 1036; x_wconf 80' lang='grc' dir='ltr'>τὴν</span> <span class='ocrx_word' id='word_1_430' title='bbox 1527 1002 1631 1029; x_wconf 85' lang='grc' dir='ltr'>πίστιν</span> <span class='ocrx_word' id='word_1_431' title='bbox 1657 1002 1710 1037; x_wconf 81' lang='grc' dir='ltr'>ὄρη</span> <span class='ocrx_word' id='word_1_432' title='bbox 1733 1011 1857 1037; x_wconf 79' lang='grc' dir='ltr'>μετατι-</span> 
     </span>
    </p>
   </div>
   <div class='ocr_carea' id='block_1_59' title="bbox 1060 1045 1856 1084">
    <p class='ocr_par' dir='ltr' id='par_1_59' title="bbox 1060 1045 1856 1084">
     <span class='ocr_line' id='line_1_59' title="bbox 1060 1045 1856 1084; baseline 0.004 -12"><span class='ocrx_word' id='word_1_433' title='bbox 1060 1045 1156 1078; x_wconf 83' lang='grc' dir='ltr'>θέναι,</span> <span class='ocrx_word' id='word_1_434' title='bbox 1171 1046 1219 1073; x_wconf 78' lang='grc' dir='ltr'><strong>καί</strong></span> <span class='ocrx_word' id='word_1_435' title='bbox 1239 1046 1348 1081; x_wconf 74' lang='grc' dir='ltr'>δένδρα</span> <span class='ocrx_word' id='word_1_436' title='bbox 1363 1048 1578 1082; x_wconf 72' lang='grc' dir='ltr'>μεταφυτεύειν</span> <span class='ocrx_word' id='word_1_437' title='bbox 1592 1048 1722 1075; x_wconf 79' lang='grc' dir='ltr'>δύνασθαι</span> <span class='ocrx_word' id='word_1_438' title='bbox 1736 1048 1856 1084; x_wconf 81' lang='grc' dir='ltr'>εἴρηται.</span> 
     </span>
    </p>
   </div>
   <div class='ocr_carea' id='block_1_60' title="bbox 1061 1093 1854 1131">
    <p class='ocr_par' dir='ltr' id='par_1_60' title="bbox 1061 1093 1854 1131">
     <span class='ocr_line' id='line_1_60' title="bbox 1061 1093 1854 1131; baseline 0.001 -11"><span class='ocrx_word' id='word_1_439' title='bbox 1061 1093 1156 1127; x_wconf 86' lang='grc' dir='ltr'>Ὀθεν,</span> <span class='ocrx_word' id='word_1_440' title='bbox 1186 1093 1341 1130; x_wconf 70' lang='grc' dir='ltr'>αἰσθόμενοι</span> <span class='ocrx_word' id='word_1_441' title='bbox 1369 1093 1417 1121; x_wconf 76' lang='grc' dir='ltr'>τοῦ</span> <span class='ocrx_word' id='word_1_442' title='bbox 1455 1093 1598 1130; x_wconf 85' lang='grc' dir='ltr'>μεγαλείου</span> <span class='ocrx_word' id='word_1_443' title='bbox 1619 1095 1669 1130; x_wconf 85' lang='grc' dir='ltr'><strong>τῆς</strong></span> <span class='ocrx_word' id='word_1_444' title='bbox 1695 1095 1854 1131; x_wconf 80' lang='grc' dir='ltr'>δυνάμεως,</span> 
     </span>
    </p>
   </div>
   <div class='ocr_carea' id='block_1_61' title="bbox 1058 1139 1857 1177">
    <p class='ocr_par' dir='ltr' id='par_1_61' title="bbox 1058 1139 1857 1177">
     <span class='ocr_line' id='line_1_61' title="bbox 1058 1139 1857 1177; baseline 0.003 -11"><span class='ocrx_word' id='word_1_445' title='bbox 1058 1139 1150 1174; x_wconf 71' lang='grc' dir='ltr'>ἠξίουν</span> <span class='ocrx_word' id='word_1_446' title='bbox 1163 1140 1199 1176; x_wconf 86' lang='grc'><strong>(8)</strong></span> <span class='ocrx_word' id='word_1_447' title='bbox 1217 1140 1407 1175; x_wconf 75' lang='grc' dir='ltr'>προστιθέναι</span> <span class='ocrx_word' id='word_1_448' title='bbox 1420 1141 1520 1174; x_wconf 83' lang='grc' dir='ltr'>αὐτοῖς</span> <span class='ocrx_word' id='word_1_449' title='bbox 1538 1142 1642 1168; x_wconf 80' lang='grc' dir='ltr'>πίστιν</span> <span class='ocrx_word' id='word_1_450' title='bbox 1660 1141 1709 1177; x_wconf 82' lang='grc' dir='ltr'>τὴν</span> <span class='ocrx_word' id='word_1_451' title='bbox 1726 1141 1764 1174; x_wconf 85' lang='grc' dir='ltr'>ὡς</span> <span class='ocrx_word' id='word_1_452' title='bbox 1784 1142 1857 1168; x_wconf 71' lang='grc' dir='ltr'>κόκ-</span> 
     </span>
    </p>
   </div>
   <div class='ocr_carea' id='block_1_62' title="bbox 1057 1186 1854 1223">
    <p class='ocr_par' dir='ltr' id='par_1_62' title="bbox 1057 1186 1854 1223">
     <span class='ocr_line' id='line_1_62' title="bbox 1057 1186 1854 1223; baseline 0.003 -11"><span class='ocrx_word' id='word_1_453' title='bbox 1057 1195 1112 1212; x_wconf 79' lang='grc' dir='ltr'><strong>κον</strong></span> <span class='ocrx_word' id='word_1_454' title='bbox 1126 1186 1277 1219; x_wconf 83' lang='grc' dir='ltr'><strong>σινάπεως</strong></span> <span class='ocrx_word' id='word_1_455' title='bbox 1291 1187 1487 1213; x_wconf 79' lang='grc' dir='ltr'>ἐπιδάκνουσαν</span> <span class='ocrx_word' id='word_1_456' title='bbox 1510 1186 1656 1222; x_wconf 79' lang='grc' dir='ltr'><strong>ὠφελίμως</strong></span> <span class='ocrx_word' id='word_1_457' title='bbox 1678 1187 1726 1223; x_wconf 85' lang='grc' dir='ltr'>τὴν</span> <span class='ocrx_word' id='word_1_458' title='bbox 1749 1187 1854 1223; x_wconf 85' lang='grc' dir='ltr'>ψυχὴν,</span> 
     </span>
    </p>
   </div>
   <div class='ocr_carea' id='block_1_63' title="bbox 1057 1231 1858 1268">
    <p class='ocr_par' dir='ltr' id='par_1_63' title="bbox 1057 1231 1858 1268">
     <span class='ocr_line' id='line_1_63' title="bbox 1057 1231 1858 1268; baseline 0.004 -11"><span class='ocrx_word' id='word_1_459' title='bbox 1057 1232 1105 1258; x_wconf 75' lang='grc' dir='ltr'>καὶ</span> <span class='ocrx_word' id='word_1_460' title='bbox 1127 1232 1155 1258; x_wconf 86' lang='grc' dir='ltr'><strong>ἐν</strong></span> <span class='ocrx_word' id='word_1_461' title='bbox 1177 1232 1245 1268; x_wconf 85' lang='grc' dir='ltr'>αὐτῇ</span> <span class='ocrx_word' id='word_1_462' title='bbox 1266 1231 1401 1265; x_wconf 66' lang='grc' dir='ltr'>αὔξουσαν</span> <span class='ocrx_word' id='word_1_463' title='bbox 1426 1232 1600 1268; x_wconf 70' lang='grc' dir='ltr'>μεγαλωστὶ,</span> <span class='ocrx_word' id='word_1_464' title='bbox 1626 1233 1664 1265; x_wconf 83' lang='grc' dir='ltr'>ὡς</span> <span class='ocrx_word' id='word_1_465' title='bbox 1692 1233 1858 1260; x_wconf 60' lang='grc' dir='ltr'>ἐπαναπαύρ</span> 
     </span>
    </p>
   </div>
   <div class='ocr_carea' id='block_1_64' title="bbox 1060 1278 1852 1315">
    <p class='ocr_par' dir='ltr' id='par_1_64' title="bbox 1060 1278 1852 1315">
     <span class='ocr_line' id='line_1_64' title="bbox 1060 1278 1852 1315; baseline 0.003 -11"><span class='ocrx_word' id='word_1_466' title='bbox 1060 1278 1137 1305; x_wconf 84' lang='grc' dir='ltr'>εσθαι</span> <span class='ocrx_word' id='word_1_467' title='bbox 1154 1279 1222 1314; x_wconf 78' lang='grc' dir='ltr'>αὐτῇ</span> <span class='ocrx_word' id='word_1_468' title='bbox 1250 1279 1314 1310; x_wconf 77' lang='grc' dir='ltr'>τοὺς</span> <span class='ocrx_word' id='word_1_469' title='bbox 1337 1278 1401 1314; x_wconf 80' lang='grc' dir='ltr'>περὶ</span> <span class='ocrx_word' id='word_1_470' title='bbox 1428 1278 1483 1306; x_wconf 85' lang='grc' dir='ltr'><strong>τῶν</strong></span> <span class='ocrx_word' id='word_1_471' title='bbox 1500 1279 1653 1315; x_wconf 75' lang='grc' dir='ltr'>μεταρσίων</span> <span class='ocrx_word' id='word_1_472' title='bbox 1678 1279 1716 1315; x_wconf 90' lang='grc'><strong>(9)</strong></span> <span class='ocrx_word' id='word_1_473' title='bbox 1743 1280 1852 1314; x_wconf 84' lang='grc' dir='ltr'>λόγους.</span> 
     </span>
    </p>
   </div>
   <div class='ocr_carea' id='block_1_65' title="bbox 1056 1324 1856 1360">
    <p class='ocr_par' dir='ltr' id='par_1_65' title="bbox 1056 1324 1856 1360">
     <span class='ocr_line' id='line_1_65' title="bbox 1056 1324 1856 1360; baseline 0.003 -10"><span class='ocrx_word' id='word_1_474' title='bbox 1056 1324 1088 1350; x_wconf 86' lang='lat' dir='ltr'><strong>El</strong></span> <span class='ocrx_word' id='word_1_475' title='bbox 1106 1324 1160 1360; x_wconf 85' lang='grc' dir='ltr'>γὰρ</span> <span class='ocrx_word' id='word_1_476' title='bbox 1178 1325 1256 1360; x_wconf 82' lang='grc' dir='ltr'>φύσει</span> <span class='ocrx_word' id='word_1_477' title='bbox 1272 1325 1327 1360; x_wconf 81' lang='lat'><strong>(10)</strong></span> <span class='ocrx_word' id='word_1_478' title='bbox 1343 1334 1385 1357; x_wconf 84' lang='grc' dir='ltr'><strong>τις</strong></span> <span class='ocrx_word' id='word_1_479' title='bbox 1399 1325 1444 1352; x_wconf 78' lang='grc' dir='ltr'><strong>τὸν</strong></span> <span class='ocrx_word' id='word_1_480' title='bbox 1458 1325 1524 1353; x_wconf 85' lang='grc' dir='ltr'>Θεὸν</span> <span class='ocrx_word' id='word_1_481' title='bbox 1544 1325 1700 1357; x_wconf 79' lang='grc' dir='ltr'>ἐπίσταται,</span> <span class='ocrx_word' id='word_1_482' title='bbox 1715 1325 1753 1357; x_wconf 82' lang='grc' dir='ltr'>ὼς</span> <span class='ocrx_word' id='word_1_483' title='bbox 1769 1326 1856 1353; x_wconf 88' lang='grc' dir='ltr'>Βασι-</span> 
     </span>
    </p>
   </div>
   <div class='ocr_carea' id='block_1_66' title="bbox 1055 1370 1856 1409">
    <p class='ocr_par' dir='ltr' id='par_1_66' title="bbox 1055 1370 1856 1409">
     <span class='ocr_line' id='line_1_66' title="bbox 1055 1370 1856 1409; baseline 0.001 -12"><span class='ocrx_word' id='word_1_484' title='bbox 1055 1370 1145 1406; x_wconf 83' lang='grc' dir='ltr'>λείδης</span> <span class='ocrx_word' id='word_1_485' title='bbox 1163 1371 1260 1404; x_wconf 78' lang='grc' dir='ltr'>οἴεται,</span> <span class='ocrx_word' id='word_1_486' title='bbox 1280 1371 1329 1407; x_wconf 84' lang='grc' dir='ltr'>τὴν</span> <span class='ocrx_word' id='word_1_487' title='bbox 1346 1371 1438 1407; x_wconf 85' lang='grc' dir='ltr'>νόησιν</span> <span class='ocrx_word' id='word_1_488' title='bbox 1454 1371 1503 1408; x_wconf 81' lang='grc' dir='ltr'>τὴν</span> <span class='ocrx_word' id='word_1_489' title='bbox 1524 1371 1663 1409; x_wconf 81' lang='grc' dir='ltr'>ἐξαίρετον</span> <span class='ocrx_word' id='word_1_490' title='bbox 1683 1372 1773 1399; x_wconf 86' lang='grc' dir='ltr'>πίστιν</span> <span class='ocrx_word' id='word_1_491' title='bbox 1790 1372 1856 1408; x_wconf 76' lang='grc' dir='ltr'><strong>ἅμα</strong></span> 
     </span>
    </p>
   </div>
   <div class='ocr_carea' id='block_1_67' title="bbox 1056 1416 1854 1451">
    <p class='ocr_par' dir='ltr' id='par_1_67' title="bbox 1056 1416 1854 1451">
     <span class='ocr_line' id='line_1_67' title="bbox 1056 1416 1854 1451; baseline 0.001 -8"><span class='ocrx_word' id='word_1_492' title='bbox 1056 1417 1102 1443; x_wconf 70' lang='grc' dir='ltr'>καὶ</span> <span class='ocrx_word' id='word_1_493' title='bbox 1115 1416 1262 1451; x_wconf 85' lang='grc' dir='ltr'>βασιλείαν,</span> <span class='ocrx_word' id='word_1_494' title='bbox 1282 1417 1328 1443; x_wconf 79' lang='grc' dir='ltr'>καὶ</span> <span class='ocrx_word' id='word_1_495' title='bbox 1349 1417 1439 1444; x_wconf 85' lang='grc' dir='ltr'>καλῶν</span> <span class='ocrx_word' id='word_1_496' title='bbox 1456 1417 1545 1444; x_wconf 83' lang='grc' dir='ltr'>κτίσιν</span> <span class='ocrx_word' id='word_1_497' title='bbox 1560 1418 1656 1450; x_wconf 81' lang='grc' dir='ltr'>οὐσίας</span> <span class='ocrx_word' id='word_1_498' title='bbox 1678 1417 1757 1449; x_wconf 77' lang='grc' dir='ltr'>ἀξίαν</span> <span class='ocrx_word' id='word_1_499' title='bbox 1768 1425 1775 1432; x_wconf 88' lang='grc'><strong>·</strong></span> <span class='ocrx_word' id='word_1_500' title='bbox 1800 1417 1854 1444; x_wconf 81' lang='grc' dir='ltr'>τοῦ</span> 
     </span>
    </p>
   </div>
   <div class='ocr_carea' id='block_1_68' title="bbox 1055 1463 1853 1500">
    <p class='ocr_par' dir='ltr' id='par_1_68' title="bbox 1055 1463 1853 1500">
     <span class='ocr_line' id='line_1_68' title="bbox 1055 1463 1853 1500; baseline 0.003 -12"><span class='ocrx_word' id='word_1_501' title='bbox 1055 1463 1216 1499; x_wconf 85' lang='grc' dir='ltr'>ποιήσαντος</span> <span class='ocrx_word' id='word_1_502' title='bbox 1223 1463 1335 1499; x_wconf 82' lang='grc' dir='ltr'>πλησίον</span> <span class='ocrx_word' id='word_1_503' title='bbox 1344 1463 1476 1499; x_wconf 81' lang='grc' dir='ltr'>ὑπάρχειν</span> <span class='ocrx_word' id='word_1_504' title='bbox 1484 1463 1568 1500; x_wconf 82' lang='grc' dir='ltr'>αὐτὴν</span> <span class='ocrx_word' id='word_1_505' title='bbox 1577 1464 1735 1500; x_wconf 76' lang='grc' dir='ltr'><strong>ἑρμηνεύων</strong></span> <span class='ocrx_word' id='word_1_506' title='bbox 1743 1464 1853 1496; x_wconf 75' lang='grc' dir='ltr'>οὐσίαν,</span> 
     </span>
    </p>
   </div>
   <div class='ocr_carea' id='block_1_69' title="bbox 1055 1508 1854 1544">
    <p class='ocr_par' dir='ltr' id='par_1_69' title="bbox 1055 1508 1854 1544">
     <span class='ocr_line' id='line_1_69' title="bbox 1055 1508 1854 1544; baseline 0.001 -9"><span class='ocrx_word' id='word_1_507' title='bbox 1055 1508 1112 1535; x_wconf 86' lang='grc' dir='ltr'>ἀλλ’</span> <span class='ocrx_word' id='word_1_508' title='bbox 1128 1509 1177 1536; x_wconf 80' lang='grc' dir='ltr'>οὐκ</span> <span class='ocrx_word' id='word_1_509' title='bbox 1189 1509 1323 1541; x_wconf 82' lang='grc' dir='ltr'>ἐξουσίαν,</span> <span class='ocrx_word' id='word_1_510' title='bbox 1340 1510 1386 1536; x_wconf 76' lang='grc' dir='ltr'>καὶ</span> <span class='ocrx_word' id='word_1_511' title='bbox 1400 1510 1491 1544; x_wconf 82' lang='grc' dir='ltr'>φύσιν,</span> <span class='ocrx_word' id='word_1_512' title='bbox 1507 1511 1553 1537; x_wconf 75' lang='grc' dir='ltr'>καὶ</span> <span class='ocrx_word' id='word_1_513' title='bbox 1566 1510 1715 1536; x_wconf 78' lang='grc' dir='ltr'>ὑπόστασιν</span> <span class='ocrx_word' id='word_1_514' title='bbox 1732 1510 1854 1542; x_wconf 78' lang='grc' dir='ltr'><strong>κτίσεως</strong></span> 
     </span>
    </p>
   </div>
   <div class='ocr_carea' id='block_1_70' title="bbox 1052 1555 1855 1593">
    <p class='ocr_par' dir='ltr' id='par_1_70' title="bbox 1052 1555 1855 1593">
     <span class='ocr_line' id='line_1_70' title="bbox 1052 1555 1855 1593; baseline 0.001 -11"><span class='ocrx_word' id='word_1_515' title='bbox 1052 1555 1235 1591; x_wconf 82' lang='grc' dir='ltr'>ἁνυπερθέτου</span> <span class='ocrx_word' id='word_1_516' title='bbox 1252 1555 1349 1587; x_wconf 85' lang='grc' dir='ltr'>κάλλος</span> <span class='ocrx_word' id='word_1_517' title='bbox 1359 1556 1519 1592; x_wconf 84' lang='grc' dir='ltr'>ἀδιόριστον,</span> <span class='ocrx_word' id='word_1_518' title='bbox 1536 1557 1596 1593; x_wconf 77' lang='grc' dir='ltr'>οὐχὶ</span> <span class='ocrx_word' id='word_1_519' title='bbox 1611 1556 1639 1583; x_wconf 84' lang='grc' dir='ltr'><strong>δὲ</strong></span> <span class='ocrx_word' id='word_1_520' title='bbox 1654 1557 1744 1592; x_wconf 74' lang='grc' dir='ltr'>ψυχῆς</span> <span class='ocrx_word' id='word_1_521' title='bbox 1765 1557 1855 1583; x_wconf 81' lang='grc' dir='ltr'>αὐτε-</span> 
     </span>
    </p>
   </div>
   <div class='ocr_carea' id='block_1_71' title="bbox 1055 1601 1851 1638">
    <p class='ocr_par' dir='ltr' id='par_1_71' title="bbox 1055 1601 1851 1638">
     <span class='ocr_line' id='line_1_71' title="bbox 1055 1601 1851 1638; baseline 0.001 -10"><span class='ocrx_word' id='word_1_522' title='bbox 1055 1601 1180 1635; x_wconf 84' lang='grc' dir='ltr'>ξουσίου,</span> <span class='ocrx_word' id='word_1_523' title='bbox 1205 1601 1316 1638; x_wconf 87' lang='grc' dir='ltr'>λογικὴν</span> <span class='ocrx_word' id='word_1_524' title='bbox 1344 1601 1542 1636; x_wconf 84' lang='grc' dir='ltr'>συγκατάθεσιν</span> <span class='ocrx_word' id='word_1_525' title='bbox 1568 1602 1642 1637; x_wconf 83' lang='grc' dir='ltr'>λέγει</span> <span class='ocrx_word' id='word_1_526' title='bbox 1669 1602 1719 1638; x_wconf 82' lang='grc' dir='ltr'>τὴν</span> <span class='ocrx_word' id='word_1_527' title='bbox 1738 1603 1851 1629; x_wconf 76' lang='grc' dir='ltr'>πίστιν.</span> 
     </span>
    </p>
   </div>
   <div class='ocr_carea' id='block_1_72' title="bbox 1053 1647 1854 1684">
    <p class='ocr_par' dir='ltr' id='par_1_72' title="bbox 1053 1647 1854 1684">
     <span class='ocr_line' id='line_1_72' title="bbox 1053 1647 1854 1684; baseline 0.001 -10"><span class='ocrx_word' id='word_1_528' title='bbox 1053 1647 1223 1683; x_wconf 85' lang='grc' dir='ltr'>Παρέλκουσι</span> <span class='ocrx_word' id='word_1_529' title='bbox 1239 1648 1328 1676; x_wconf 82' lang='grc' dir='ltr'>τοίνυν</span> <span class='ocrx_word' id='word_1_530' title='bbox 1345 1649 1374 1675; x_wconf 78' lang='lat' dir='ltr'><strong>al</strong></span> <span class='ocrx_word' id='word_1_531' title='bbox 1399 1648 1514 1680; x_wconf 83' lang='grc' dir='ltr'>ἐντολαὶ,</span> <span class='ocrx_word' id='word_1_532' title='bbox 1531 1648 1604 1675; x_wconf 80' lang='grc' dir='ltr'>αἵτε</span> <span class='ocrx_word' id='word_1_533' title='bbox 1629 1648 1700 1676; x_wconf 73' lang='grc' dir='ltr'>κατὰ</span> <span class='ocrx_word' id='word_1_534' title='bbox 1723 1649 1772 1684; x_wconf 85' lang='grc' dir='ltr'>τὴν</span> <span class='ocrx_word' id='word_1_535' title='bbox 1794 1657 1854 1675; x_wconf 80' lang='grc' dir='ltr'><strong>πα-</strong></span> 
     </span>
    </p>
   </div>
   <div class='ocr_carea' id='block_1_73' title="bbox 1053 1694 1855 1731">
    <p class='ocr_par' dir='ltr' id='par_1_73' title="bbox 1053 1694 1855 1731">
     <span class='ocr_line' id='line_1_73' title="bbox 1053 1694 1855 1731; baseline 0 -10"><span class='ocrx_word' id='word_1_536' title='bbox 1053 1694 1178 1725; x_wconf 83' lang='grc' dir='ltr'>λαιὰν,αἱ’</span> <span class='ocrx_word' id='word_1_537' title='bbox 1185 1703 1215 1722; x_wconf 86' lang='grc' dir='ltr'><strong>τε</strong></span> <span class='ocrx_word' id='word_1_538' title='bbox 1228 1694 1299 1721; x_wconf 80' lang='grc' dir='ltr'>κατὰ</span> <span class='ocrx_word' id='word_1_539' title='bbox 1312 1695 1362 1730; x_wconf 83' lang='grc' dir='ltr'>τὴν</span> <span class='ocrx_word' id='word_1_540' title='bbox 1375 1695 1437 1721; x_wconf 84' lang='grc' dir='ltr'>νέαν</span> <span class='ocrx_word' id='word_1_541' title='bbox 1453 1694 1602 1731; x_wconf 79' lang='grc' dir='ltr'>Διαθήκην,</span> <span class='ocrx_word' id='word_1_542' title='bbox 1625 1694 1704 1729; x_wconf 81' lang='grc' dir='ltr'>φύσει</span> <span class='ocrx_word' id='word_1_543' title='bbox 1722 1695 1855 1730; x_wconf 78' lang='grc' dir='ltr'>σωζομέ-</span> 
     </span>
    </p>
   </div>
   <div class='ocr_carea' id='block_1_74' title="bbox 1052 1740 1853 1776">
    <p class='ocr_par' dir='ltr' id='par_1_74' title="bbox 1052 1740 1853 1776">
     <span class='ocr_line' id='line_1_74' title="bbox 1052 1740 1853 1776; baseline 0.002 -9"><span class='ocrx_word' id='word_1_544' title='bbox 1052 1749 1110 1773; x_wconf 89' lang='grc' dir='ltr'>νου,</span> <span class='ocrx_word' id='word_1_545' title='bbox 1128 1740 1166 1772; x_wconf 86' lang='grc' dir='ltr'>ὡς</span> <span class='ocrx_word' id='word_1_546' title='bbox 1182 1740 1358 1772; x_wconf 78' lang='grc' dir='ltr'>Οὐαλεντῖνος</span> <span class='ocrx_word' id='word_1_547' title='bbox 1379 1740 1512 1776; x_wconf 78' lang='grc' dir='ltr'>βούλεται,</span> <span class='ocrx_word' id='word_1_548' title='bbox 1529 1740 1611 1772; x_wconf 84' lang='grc' dir='ltr'>τινὸς,</span> <span class='ocrx_word' id='word_1_549' title='bbox 1629 1741 1677 1767; x_wconf 80' lang='grc' dir='ltr'>καὶ</span> <span class='ocrx_word' id='word_1_550' title='bbox 1696 1741 1776 1775; x_wconf 82' lang='grc' dir='ltr'>φύσει</span> <span class='ocrx_word' id='word_1_551' title='bbox 1799 1749 1853 1769; x_wconf 87' lang='grc' dir='ltr'>πι-</span> 
     </span>
    </p>
   </div>
   <div class='ocr_carea' id='block_1_75' title="bbox 1051 1816 1850 1853">
    <p class='ocr_par' dir='ltr' id='par_1_75' title="bbox 1051 1816 1850 1853">
     <span class='ocr_line' id='line_1_75' title="bbox 1051 1816 1850 1853; baseline 0.003 -9"><span class='ocrx_word' id='word_1_552' title='bbox 1051 1817 1222 1853; x_wconf 44' lang='lat' dir='ltr'><strong>{Manille</strong></span> <span class='ocrx_word' id='word_1_553' title='bbox 1236 1817 1299 1853; x_wconf 27' lang='lat'><strong>22.7</strong></span> <span class='ocrx_word' id='word_1_554' title='bbox 1312 1818 1339 1853; x_wconf 19' lang='lat'><strong>77&#39;</strong></span> <span class='ocrx_word' id='word_1_555' title='bbox 1355 1816 1449 1845; x_wconf 86' lang='lat' dir='ltr'><strong>Matth.</strong></span> <span class='ocrx_word' id='word_1_556' title='bbox 1468 1826 1540 1851; x_wconf 75' lang='lat' dir='ltr'><strong>xvu,</strong></span> <span class='ocrx_word' id='word_1_557' title='bbox 1554 1817 1608 1851; x_wconf 83' lang='lat'><strong>‘20;</strong></span> <span class='ocrx_word' id='word_1_558' title='bbox 1625 1817 1691 1846; x_wconf 91' lang='lat' dir='ltr'><strong>Luc.</strong></span> <span class='ocrx_word' id='word_1_559' title='bbox 1710 1826 1784 1852; x_wconf 74' lang='lat' dir='ltr'><strong>xv&quot;,</strong></span> <span class='ocrx_word' id='word_1_560' title='bbox 1809 1818 1850 1853; x_wconf 81' lang='lat'><strong>6;</strong></span> 
     </span>
    </p>
   </div>
   <div class='ocr_carea' id='block_1_76' title="bbox 211 1851 1004 1886">
    <p class='ocr_par' dir='ltr' id='par_1_76' title="bbox 211 1851 1004 1886">
     <span class='ocr_line' id='line_1_76' title="bbox 211 1851 1004 1886; baseline -0.001 -6"><span class='ocrx_word' id='word_1_561' title='bbox 211 1853 298 1880; x_wconf 81' lang='lat' dir='ltr'><strong>lCor.</strong></span> <span class='ocrx_word' id='word_1_562' title='bbox 315 1860 375 1886; x_wconf 81' lang='lat' dir='ltr'><strong>ml,</strong></span> <span class='ocrx_word' id='word_1_563' title='bbox 391 1852 418 1878; x_wconf 75' lang='lat'><strong>2.</strong></span> <span class='ocrx_word' id='word_1_564' title='bbox 458 1852 468 1868; x_wconf 79' lang='lat'><strong>&#39;</strong></span> <span class='ocrx_word' id='word_1_565' title='bbox 482 1852 547 1880; x_wconf 85' lang='lat' dir='ltr'><strong>Luc.</strong></span> <span class='ocrx_word' id='word_1_566' title='bbox 565 1860 625 1884; x_wconf 75' lang='lat' dir='ltr'><strong>xm,</strong></span> <span class='ocrx_word' id='word_1_567' title='bbox 642 1852 686 1879; x_wconf 75' lang='lat'><strong>18.</strong></span> <span class='ocrx_word' id='word_1_568' title='bbox 705 1855 734 1884; x_wconf 57' lang='grc' dir='ltr'><strong>ᾖ(</strong></span> <span class='ocrx_word' id='word_1_569' title='bbox 750 1852 781 1880; x_wconf 83' lang='grc' dir='ltr'><strong>Ρ.</strong></span> <span class='ocrx_word' id='word_1_570' title='bbox 794 1852 846 1880; x_wconf 71' lang='grc'><strong>645</strong></span> <span class='ocrx_word' id='word_1_571' title='bbox 861 1851 915 1880; x_wconf 86' lang='lat' dir='ltr'><strong>ED.</strong></span> <span class='ocrx_word' id='word_1_572' title='bbox 930 1851 1004 1880; x_wconf 83' lang='lat' dir='ltr'><strong>POT&#39;</strong></span> 
     </span>
    </p>
   </div>
   <div class='ocr_carea' id='block_1_77' title="bbox 1055 1851 1351 1886">
    <p class='ocr_par' dir='ltr' id='par_1_77' title="bbox 1055 1851 1351 1885">
     <span class='ocr_line' id='line_1_77' title="bbox 1055 1851 1351 1885; baseline 0.007 -7"><span class='ocrx_word' id='word_1_573' title='bbox 1055 1851 1080 1885; x_wconf 58' lang='lat'><strong>3,</strong></span> <span class='ocrx_word' id='word_1_574' title='bbox 1095 1853 1146 1880; x_wconf 70' lang='grc'><strong>546</strong></span> <span class='ocrx_word' id='word_1_575' title='bbox 1164 1852 1219 1881; x_wconf 86' lang='lat' dir='ltr'><strong>ED.</strong></span> <span class='ocrx_word' id='word_1_576' title='bbox 1241 1852 1351 1880; x_wconf 77' lang='lat' dir='ltr'><strong>PARIS.</strong></span> 
     </span>
    </p>
   </div>
   <div class='ocr_carea' id='block_1_78' title="bbox 248 1928 1004 1964">
    <p class='ocr_par' dir='ltr' id='par_1_78' title="bbox 248 1928 1004 1964">
     <span class='ocr_line' id='line_1_78' title="bbox 248 1928 1004 1964; baseline 0.001 -8"><span class='ocrx_word' id='word_1_577' title='bbox 248 1929 287 1964; x_wconf 63' lang='grc' dir='ltr'>(Α)</span> <span class='ocrx_word' id='word_1_578' title='bbox 303 1929 444 1956; x_wconf 76' lang='grc' dir='ltr'>Μάλιστα</span> <span class='ocrx_word' id='word_1_579' title='bbox 465 1929 493 1955; x_wconf 83' lang='grc' dir='ltr'><strong>δ’</strong></span> <span class='ocrx_word' id='word_1_580' title='bbox 509 1929 552 1956; x_wconf 75' lang='grc' dir='ltr'><strong>ὅτ’</strong></span> <span class='ocrx_word' id='word_1_581' title='bbox 573 1928 686 1964; x_wconf 60' lang='grc' dir='ltr'>ἔκλυον</span> <span class='ocrx_word' id='word_1_582' title='bbox 706 1929 803 1957; x_wconf 83' lang='grc' dir='ltr'>αὐτοί.</span> <span class='ocrx_word' id='word_1_583' title='bbox 818 1929 946 1957; x_wconf 81' lang='lat' dir='ltr'><strong>Alludere</strong></span> <span class='ocrx_word' id='word_1_584' title='bbox 962 1930 1004 1957; x_wconf 75' lang='lat' dir='ltr'><strong>vi-</strong></span> 
     </span>
    </p>
   </div>
   <div class='ocr_carea' id='block_1_79' title="bbox 211 1963 724 1995">
    <p class='ocr_par' dir='ltr' id='par_1_79' title="bbox 211 1963 724 1995">
     <span class='ocr_line' id='line_1_79' title="bbox 211 1963 724 1995; baseline -0.006 -2"><span class='ocrx_word' id='word_1_585' title='bbox 211 1963 292 1993; x_wconf 81' lang='lat' dir='ltr'><strong>detur</strong></span> <span class='ocrx_word' id='word_1_586' title='bbox 307 1963 341 1991; x_wconf 85' lang='lat' dir='ltr'><strong>ad</strong></span> <span class='ocrx_word' id='word_1_587' title='bbox 357 1964 424 1992; x_wconf 90' lang='lat' dir='ltr'><strong>illud</strong></span> <span class='ocrx_word' id='word_1_588' title='bbox 440 1964 564 1995; x_wconf 78' lang='lat' dir='ltr'><strong>Achillis,</strong></span> <span class='ocrx_word' id='word_1_589' title='bbox 584 1963 665 1992; x_wconf 85' lang='lat' dir='ltr'><strong>Iliad.</strong></span> <span class='ocrx_word' id='word_1_590' title='bbox 681 1965 724 1991; x_wconf 88' lang='lat' dir='ltr'><strong>A:</strong></span> 
     </span>
    </p>
   </div>
   <div class='ocr_carea' id='block_1_80' title="bbox 248 1999 1002 2034">
    <p class='ocr_par' dir='ltr' id='par_1_80' title="bbox 248 1999 1002 2034">
     <span class='ocr_line' id='line_1_80' title="bbox 248 1999 1002 2034; baseline -0.001 -7"><span class='ocrx_word' id='word_1_591' title='bbox 248 2000 302 2033; x_wconf 86' lang='grc' dir='ltr'>Ὃς</span> <span class='ocrx_word' id='word_1_592' title='bbox 311 2008 345 2027; x_wconf 83' lang='grc' dir='ltr'><strong>κε</strong></span> <span class='ocrx_word' id='word_1_593' title='bbox 356 1999 438 2033; x_wconf 81' lang='grc' dir='ltr'>Θεοῖς</span> <span class='ocrx_word' id='word_1_594' title='bbox 448 2000 642 2033; x_wconf 72' lang='grc' dir='ltr'>ἐπιπείθηται,</span> <span class='ocrx_word' id='word_1_595' title='bbox 650 1999 734 2034; x_wconf 78' lang='grc' dir='ltr'><strong>μάλα</strong></span> <span class='ocrx_word' id='word_1_596' title='bbox 743 2008 762 2034; x_wconf 78' lang='grc' dir='ltr'>γ·</span> <span class='ocrx_word' id='word_1_597' title='bbox 777 2001 891 2027; x_wconf 72' lang='grc' dir='ltr'>ἔκλυον</span> <span class='ocrx_word' id='word_1_598' title='bbox 899 2000 1002 2032; x_wconf 78' lang='grc' dir='ltr'>αὐτοῦ,</span> 
     </span>
    </p>
   </div>
   <div class='ocr_carea' id='block_1_81' title="bbox 209 2035 748 2070">
    <p class='ocr_par' dir='ltr' id='par_1_81' title="bbox 209 2035 748 2070">
     <span class='ocr_line' id='line_1_81' title="bbox 209 2035 748 2070; baseline 0 -8"><span class='ocrx_word' id='word_1_599' title='bbox 209 2035 244 2064; x_wconf 79' lang='grc' dir='ltr'>Α,</span> <span class='ocrx_word' id='word_1_600' title='bbox 263 2036 394 2063; x_wconf 76' lang='lat' dir='ltr'><strong>SvLsuso.</strong></span> <span class='ocrx_word' id='word_1_601' title='bbox 405 2050 440 2055; x_wconf 92' lang='lat'><strong>-—</strong></span> <span class='ocrx_word' id='word_1_602' title='bbox 452 2035 632 2062; x_wconf 87' lang='lat' dir='ltr'><strong>Scribendum</strong></span> <span class='ocrx_word' id='word_1_603' title='bbox 648 2037 748 2070; x_wconf 87' lang='lat' dir='ltr'><strong>potius,</strong></span> 
     </span>
    </p>
   </div>
   <div class='ocr_carea' id='block_1_82' title="bbox 249 2069 804 2105">
    <p class='ocr_par' dir='ltr' id='par_1_82' title="bbox 249 2069 804 2105">
     <span class='ocr_line' id='line_1_82' title="bbox 249 2069 804 2105; baseline -0.002 -7"><span class='ocrx_word' id='word_1_604' title='bbox 249 2090 255 2098; x_wconf 92' lang='lat'><strong>.</strong></span> <span class='ocrx_word' id='word_1_605' title='bbox 267 2091 273 2098; x_wconf 99' lang='lat'><strong>.</strong></span> <span class='ocrx_word' id='word_1_606' title='bbox 287 2090 294 2098; x_wconf 88' lang='lat'><strong>.</strong></span> <span class='ocrx_word' id='word_1_607' title='bbox 305 2090 312 2097; x_wconf 89' lang='lat'><strong>.</strong></span> <span class='ocrx_word' id='word_1_608' title='bbox 324 2091 330 2097; x_wconf 89' lang='lat'><strong>.</strong></span> <span class='ocrx_word' id='word_1_609' title='bbox 341 2070 482 2105; x_wconf 79' lang='grc' dir='ltr'>μάλιστα,</span> <span class='ocrx_word' id='word_1_610' title='bbox 498 2069 532 2097; x_wconf 80' lang='grc' dir='ltr'>δέ</span> <span class='ocrx_word' id='word_1_611' title='bbox 545 2070 569 2097; x_wconf 78' lang='grc' dir='ltr'>τ’</span> <span class='ocrx_word' id='word_1_612' title='bbox 584 2069 697 2098; x_wconf 63' lang='grc' dir='ltr'>ἔριλύον</span> <span class='ocrx_word' id='word_1_613' title='bbox 708 2071 804 2097; x_wconf 84' lang='grc' dir='ltr'>αὐτοί.</span> 
     </span>
    </p>
   </div>
   <div class='ocr_carea' id='block_1_83' title="bbox 247 2105 758 2140">
    <p class='ocr_par' dir='ltr' id='par_1_83' title="bbox 247 2105 758 2140">
     <span class='ocr_line' id='line_1_83' title="bbox 247 2105 758 2140; baseline 0 -8"><span class='ocrx_word' id='word_1_614' title='bbox 247 2126 254 2133; x_wconf 98' lang='grc'>.</span> <span class='ocrx_word' id='word_1_615' title='bbox 264 2127 270 2133; x_wconf 89' lang='grc'>.</span> <span class='ocrx_word' id='word_1_616' title='bbox 283 2125 290 2133; x_wconf 91' lang='grc'>.</span> <span class='ocrx_word' id='word_1_617' title='bbox 299 2126 306 2132; x_wconf 97' lang='grc'>.</span> <span class='ocrx_word' id='word_1_618' title='bbox 317 2125 324 2132; x_wconf 95' lang='grc'><em>.</em></span> <span class='ocrx_word' id='word_1_619' title='bbox 336 2106 450 2132; x_wconf 72' lang='lat' dir='ltr'><strong>maxime</strong></span> <span class='ocrx_word' id='word_1_620' title='bbox 464 2110 552 2133; x_wconf 87' lang='lat' dir='ltr'><strong>autem</strong></span> <span class='ocrx_word' id='word_1_621' title='bbox 568 2106 679 2133; x_wconf 84' lang='lat' dir='ltr'><strong>audiunt</strong></span> <span class='ocrx_word' id='word_1_622' title='bbox 696 2105 758 2140; x_wconf 83' lang='lat' dir='ltr'><strong>ipsi.</strong></span> 
     </span>
    </p>
   </div>
   <div class='ocr_carea' id='block_1_84' title="bbox 209 2140 997 2204">
    <p class='ocr_par' dir='ltr' id='par_1_84' title="bbox 209 2140 997 2204">
     <span class='ocr_line' id='line_1_84' title="bbox 209 2140 997 2204; baseline -0.001 -35"><span class='ocrx_word' id='word_1_623' title='bbox 209 2141 288 2176; x_wconf 80' lang='lat' dir='ltr'><strong>Quod</strong></span> <span class='ocrx_word' id='word_1_624' title='bbox 298 2141 515 2204; x_wconf 47' lang='lat' dir='ltr'><strong>iisnémisticbium</strong></span> <span class='ocrx_word' id='word_1_625' title='bbox 554 2147 691 2176; x_wconf 88' lang='lat' dir='ltr'><strong>sumptum</strong></span> <span class='ocrx_word' id='word_1_626' title='bbox 722 2145 764 2169; x_wconf 85' lang='lat' dir='ltr'><strong>est</strong></span> <span class='ocrx_word' id='word_1_627' title='bbox 785 2148 820 2168; x_wconf 82' lang='lat' dir='ltr'><strong>ex</strong></span> <span class='ocrx_word' id='word_1_628' title='bbox 848 2140 944 2176; x_wconf 76' lang='lat' dir='ltr'><strong>Odyss.</strong></span> <span class='ocrx_word' id='word_1_629' title='bbox 960 2142 997 2173; x_wconf 88' lang='grc' dir='ltr'>Ζ,</span> 
     </span>
     <span class='ocr_line' id='line_1_85' title="bbox 209 2185 360 2204; baseline 0 0"><span class='ocrx_word' id='word_1_630' title='bbox 209 2185 284 2204; x_wconf 85' lang='lat' dir='ltr'><strong>vers.</strong></span> <span class='ocrx_word' id='word_1_631' title='bbox 353 2197 360 2204; x_wconf 97' lang='lat'><strong>.</strong></span> 
     </span>
    </p>
   </div>
   <div class='ocr_carea' id='block_1_85' title="bbox 209 2185 360 2205">
    <p class='ocr_par' dir='ltr' id='par_1_85' title="bbox 209 2185 360 2205">
     <span class='ocr_line' id='line_1_86' title="bbox 209 2185 360 2205; baseline -0.007 -1"><span class='ocrx_word' id='word_1_632' title='bbox 209 2185 284 2205; x_wconf 71' lang='grc' dir='ltr'>νει-ε,</span> <span class='ocrx_word' id='word_1_633' title='bbox 298 2185 309 2203; x_wconf 92' lang='lat' dir='ltr'><strong>‘l</strong></span> <span class='ocrx_word' id='word_1_634' title='bbox 315 2185 360 2204; x_wconf 73' lang='grc' dir='ltr'><strong>δυ.</strong></span> 
     </span>
    </p>
   </div>
   <div class='ocr_carea' id='block_1_86' title="bbox 245 2211 926 2247">
    <p class='ocr_par' dir='ltr' id='par_1_86' title="bbox 245 2211 926 2247">
     <span class='ocr_line' id='line_1_87' title="bbox 245 2211 926 2247; baseline -0.003 -7"><span class='ocrx_word' id='word_1_635' title='bbox 245 2213 284 2247; x_wconf 81' lang='grc'>(5)</span> <span class='ocrx_word' id='word_1_636' title='bbox 307 2211 434 2247; x_wconf 75' lang='grc' dir='ltr'><strong>Ἀμφοῖν.</strong></span> <span class='ocrx_word' id='word_1_637' title='bbox 452 2211 573 2244; x_wconf 90' lang='lat' dir='ltr'><strong>Scilicet,</strong></span> <span class='ocrx_word' id='word_1_638' title='bbox 593 2211 718 2246; x_wconf 77' lang='lat' dir='ltr'><strong>magistri</strong></span> <span class='ocrx_word' id='word_1_639' title='bbox 737 2218 769 2238; x_wconf 88' lang='lat' dir='ltr'><strong>ac</strong></span> <span class='ocrx_word' id='word_1_640' title='bbox 786 2211 926 2247; x_wconf 84' lang='lat' dir='ltr'><strong>discipuli.</strong></span> 
     </span>
    </p>
   </div>
   <div class='ocr_carea' id='block_1_87' title="bbox 245 2246 996 2284">
    <p class='ocr_par' dir='ltr' id='par_1_87' title="bbox 245 2246 996 2284">
     <span class='ocr_line' id='line_1_88' title="bbox 245 2246 996 2284; baseline -0.003 -9"><span class='ocrx_word' id='word_1_641' title='bbox 245 2246 283 2284; x_wconf 86' lang='lat'><strong>(6)</strong></span> <span class='ocrx_word' id='word_1_642' title='bbox 299 2246 402 2284; x_wconf 78' lang='grc' dir='ltr'>Κοινή.</span> <span class='ocrx_word' id='word_1_643' title='bbox 418 2247 475 2274; x_wconf 92' lang='lat' dir='ltr'><strong>Hoc</strong></span> <span class='ocrx_word' id='word_1_644' title='bbox 489 2251 531 2274; x_wconf 90' lang='lat' dir='ltr'><strong>est</strong></span> <span class='ocrx_word' id='word_1_645' title='bbox 547 2255 589 2284; x_wconf 82' lang='lat' dir='ltr'><strong>ea,</strong></span> <span class='ocrx_word' id='word_1_646' title='bbox 606 2255 673 2284; x_wconf 79' lang='lat' dir='ltr'><strong>quze_</strong></span> <span class='ocrx_word' id='word_1_647' title='bbox 682 2247 763 2284; x_wconf 81' lang='lat' dir='ltr'><strong>vulgo</strong></span> <span class='ocrx_word' id='word_1_648' title='bbox 777 2246 996 2284; x_wconf 80' lang='lat' dir='ltr'><strong>Gbristianorum</strong></span> 
     </span>
    </p>
   </div>
   <div class='ocr_carea' id='block_1_88' title="bbox 209 2281 996 2318">
    <p class='ocr_par' dir='ltr' id='par_1_88' title="bbox 209 2281 996 2318">
     <span class='ocr_line' id='line_1_89' title="bbox 209 2281 996 2318; baseline -0.001 -8"><span class='ocrx_word' id='word_1_649' title='bbox 209 2281 352 2311; x_wconf 80' lang='lat' dir='ltr'><strong>convenit:</strong></span> <span class='ocrx_word' id='word_1_650' title='bbox 373 2290 454 2318; x_wconf 87' lang='lat' dir='ltr'><strong>quam</strong></span> <span class='ocrx_word' id='word_1_651' title='bbox 470 2283 583 2317; x_wconf 88' lang='lat' dir='ltr'><strong>opponit</strong></span> <span class='ocrx_word' id='word_1_652' title='bbox 597 2284 630 2318; x_wconf 84' lang='grc' dir='ltr'><strong>τῇ</strong></span> <span class='ocrx_word' id='word_1_653' title='bbox 645 2281 790 2318; x_wconf 73' lang='grc' dir='ltr'>ἐξαιρέτως</span> <span class='ocrx_word' id='word_1_654' title='bbox 803 2282 996 2318; x_wconf 85' lang='grc' dir='ltr'>ἐποικοδομου-</span> 
     </span>
    </p>
   </div>
   <div class='ocr_carea' id='block_1_89' title="bbox 210 2317 763 2354">
    <p class='ocr_par' dir='ltr' id='par_1_89' title="bbox 210 2317 763 2354">
     <span class='ocr_line' id='line_1_90' title="bbox 210 2317 763 2354; baseline -0.004 -9"><span class='ocrx_word' id='word_1_655' title='bbox 210 2318 289 2354; x_wconf 83' lang='grc' dir='ltr'>μένῃ,</span> <span class='ocrx_word' id='word_1_656' title='bbox 305 2317 394 2354; x_wconf 79' lang='lat' dir='ltr'><strong>qualis</strong></span> <span class='ocrx_word' id='word_1_657' title='bbox 407 2322 475 2354; x_wconf 75' lang='lat' dir='ltr'><strong>erat</strong></span> <span class='ocrx_word' id='word_1_658' title='bbox 488 2318 672 2354; x_wconf 77' lang='lat' dir='ltr'><strong>apostolorum</strong></span> <span class='ocrx_word' id='word_1_659' title='bbox 687 2317 763 2354; x_wconf 71' lang='lat' dir='ltr'><strong>ﬁdes.</strong></span> 
     </span>
    </p>
   </div>
   <div class='ocr_carea' id='block_1_90' title="bbox 244 2347 995 2389">
    <p class='ocr_par' dir='ltr' id='par_1_90' title="bbox 244 2347 995 2389">
     <span class='ocr_line' id='line_1_91' title="bbox 244 2347 995 2389; baseline -0.001 -9"><span class='ocrx_word' id='word_1_660' title='bbox 244 2347 287 2389; x_wconf 72' lang='grc'>(⁵))</span> <span class='ocrx_word' id='word_1_661' title='bbox 300 2347 355 2380; x_wconf 74' lang='lat' dir='ltr'><strong>Kal</strong></span> <span class='ocrx_word' id='word_1_662' title='bbox 367 2352 420 2389; x_wconf 79' lang='grc' dir='ltr'>τοῦ</span> <span class='ocrx_word' id='word_1_663' title='bbox 438 2347 736 2389; x_wconf 38' lang='grc' dir='ltr'>λόγόυ-τὰς-ὲντοᾷὰς</span> <span class='ocrx_word' id='word_1_664' title='bbox 753 2352 910 2389; x_wconf 64' lang='grc' dir='ltr'>έπιτελεῖν.</span> <span class='ocrx_word' id='word_1_665' title='bbox 927 2351 995 2389; x_wconf 83' lang='lat' dir='ltr'><strong>Cum</strong></span> 
     </span>
    </p>
   </div>
   <div class='ocr_carea' id='block_1_91' title="bbox 208 2387 996 2422">
    <p class='ocr_par' dir='ltr' id='par_1_91' title="bbox 208 2387 996 2422">
     <span class='ocr_line' id='line_1_92' title="bbox 208 2387 996 2422; baseline 0 -7"><span class='ocrx_word' id='word_1_666' title='bbox 208 2387 260 2415; x_wconf 83' lang='lat' dir='ltr'><strong>bac</strong></span> <span class='ocrx_word' id='word_1_667' title='bbox 274 2387 407 2416; x_wconf 64' lang='lat' dir='ltr'><strong>&#39;clausula</strong></span> <span class='ocrx_word' id='word_1_668' title='bbox 431 2387 651 2415; x_wconf 84' lang='lat' dir='ltr'><strong>subaudiendum</strong></span> <span class='ocrx_word' id='word_1_669' title='bbox 675 2387 723 2418; x_wconf 82' lang='grc' dir='ltr'><strong>ὡς,</strong></span> <span class='ocrx_word' id='word_1_670' title='bbox 741 2387 939 2422; x_wconf 84' lang='lat' dir='ltr'><strong>signiﬁcatione</strong></span> <span class='ocrx_word' id='word_1_671' title='bbox 965 2388 996 2415; x_wconf 84' lang='lat' dir='ltr'><strong>li-</strong></span> 
     </span>
    </p>
   </div>
   <div class='ocr_carea' id='block_1_92' title="bbox 207 2422 994 2458">
    <p class='ocr_par' dir='ltr' id='par_1_92' title="bbox 207 2422 994 2458">
     <span class='ocr_line' id='line_1_93' title="bbox 207 2422 994 2458; baseline -0.001 -7"><span class='ocrx_word' id='word_1_672' title='bbox 207 2424 264 2451; x_wconf 88' lang='lat' dir='ltr'><strong>nali</strong></span> <span class='ocrx_word' id='word_1_673' title='bbox 282 2431 332 2458; x_wconf 91' lang='lat' dir='ltr'><strong>pro</strong></span> <span class='ocrx_word' id='word_1_674' title='bbox 355 2424 408 2455; x_wconf 85' lang='grc' dir='ltr'>ῖνα,</span> <span class='ocrx_word' id='word_1_675' title='bbox 429 2427 458 2449; x_wconf 85' lang='grc' dir='ltr'><strong>ιιι</strong></span> <span class='ocrx_word' id='word_1_676' title='bbox 473 2429 535 2449; x_wconf 90' lang='lat' dir='ltr'><strong>cum</strong></span> <span class='ocrx_word' id='word_1_677' title='bbox 552 2422 634 2455; x_wconf 86' lang='lat' dir='ltr'><strong>alibi,</strong></span> <span class='ocrx_word' id='word_1_678' title='bbox 650 2427 707 2449; x_wconf 88' lang='lat' dir='ltr'><strong>tum</strong></span> <span class='ocrx_word' id='word_1_679' title='bbox 723 2430 807 2457; x_wconf 83' lang='lat' dir='ltr'><strong>supra</strong></span> <span class='ocrx_word' id='word_1_680' title='bbox 823 2430 850 2458; x_wconf 87' lang='lat' dir='ltr'><strong>p.</strong></span> <span class='ocrx_word' id='word_1_681' title='bbox 866 2422 927 2455; x_wconf 81' lang='lat' dir='ltr'><strong>i96,</strong></span> <span class='ocrx_word' id='word_1_682' title='bbox 945 2423 994 2450; x_wconf 90' lang='lat' dir='ltr'><strong>lin.</strong></span> 
     </span>
    </p>
   </div>
   <div class='ocr_carea' id='block_1_93' title="bbox 208 2459 404 2486">
    <p class='ocr_par' dir='ltr' id='par_1_93' title="bbox 208 2459 404 2486">
     <span class='ocr_line' id='line_1_94' title="bbox 208 2459 404 2486; baseline 0 -1"><span class='ocrx_word' id='word_1_683' title='bbox 208 2459 253 2486; x_wconf 75' lang='grc'><strong>18.</strong></span> <span class='ocrx_word' id='word_1_684' title='bbox 271 2459 404 2486; x_wconf 76' lang='lat' dir='ltr'><strong>Suuunc.</strong></span> 
     </span>
    </p>
   </div>
   <div class='ocr_carea' id='block_1_94' title="bbox 243 2492 994 2528">
    <p class='ocr_par' dir='ltr' id='par_1_94' title="bbox 243 2492 994 2528">
     <span class='ocr_line' id='line_1_95' title="bbox 243 2492 994 2528; baseline -0.001 -7"><span class='ocrx_word' id='word_1_685' title='bbox 243 2494 282 2528; x_wconf 91' lang='lat'><strong>(8)</strong></span> <span class='ocrx_word' id='word_1_686' title='bbox 305 2494 432 2527; x_wconf 80' lang='grc' dir='ltr'>Ἠξίουν.</span> <span class='ocrx_word' id='word_1_687' title='bbox 453 2492 704 2528; x_wconf 18' lang='lat' dir='ltr'><strong>Nemperaposloli,</strong></span> <span class='ocrx_word' id='word_1_688' title='bbox 722 2492 787 2519; x_wconf 90' lang='lat' dir='ltr'><strong>Luc.</strong></span> <span class='ocrx_word' id='word_1_689' title='bbox 802 2500 868 2523; x_wconf 75' lang='lat' dir='ltr'><strong>xvu,</strong></span> <span class='ocrx_word' id='word_1_690' title='bbox 887 2493 922 2520; x_wconf 86' lang='lat'><strong>5:</strong></span> <span class='ocrx_word' id='word_1_691' title='bbox 939 2494 994 2520; x_wconf 83' lang='lat' dir='ltr'><strong>Kal</strong></span> 
     </span>
    </p>
   </div>
   <div class='ocr_carea' id='block_1_95' title="bbox 205 2527 994 2563">
    <p class='ocr_par' dir='ltr' id='par_1_95' title="bbox 205 2527 994 2563">
     <span class='ocr_line' id='line_1_96' title="bbox 205 2527 994 2563; baseline -0.003 -7"><span class='ocrx_word' id='word_1_692' title='bbox 205 2527 294 2556; x_wconf 69' lang='grc' dir='ltr'>εἷπον</span> <span class='ocrx_word' id='word_1_693' title='bbox 307 2530 334 2555; x_wconf 83' lang='lat' dir='ltr'><strong>al</strong></span> <span class='ocrx_word' id='word_1_694' title='bbox 362 2528 527 2555; x_wconf 75' lang='grc' dir='ltr'>ἀπόστολοι</span> <span class='ocrx_word' id='word_1_695' title='bbox 539 2527 580 2561; x_wconf 85' lang='grc' dir='ltr'>τῷ</span> <span class='ocrx_word' id='word_1_696' title='bbox 591 2528 702 2562; x_wconf 80' lang='grc' dir='ltr'>Κυρίῳ·</span> <span class='ocrx_word' id='word_1_697' title='bbox 721 2527 842 2563; x_wconf 84' lang='grc' dir='ltr'>Πρόσθες</span> <span class='ocrx_word' id='word_1_698' title='bbox 866 2529 932 2563; x_wconf 84' lang='grc' dir='ltr'><strong>ἡμῖν</strong></span> <span class='ocrx_word' id='word_1_699' title='bbox 949 2528 994 2554; x_wconf 87' lang='grc' dir='ltr'><strong>πί-</strong></span> 
     </span>
    </p>
   </div>
   <div class='ocr_carea' id='block_1_96' title="bbox 207 2563 995 2597">
    <p class='ocr_par' dir='ltr' id='par_1_96' title="bbox 207 2563 995 2597">
     <span class='ocr_line' id='line_1_97' title="bbox 207 2563 995 2597; baseline 0 -7"><span class='ocrx_word' id='word_1_700' title='bbox 207 2572 275 2590; x_wconf 84' lang='grc' dir='ltr'>στιν.</span> <span class='ocrx_word' id='word_1_701' title='bbox 292 2563 358 2590; x_wconf 89' lang='lat' dir='ltr'><strong>Dein</strong></span> <span class='ocrx_word' id='word_1_702' title='bbox 379 2563 492 2597; x_wconf 76' lang='lat' dir='ltr'><strong>respicit</strong></span> <span class='ocrx_word' id='word_1_703' title='bbox 516 2563 581 2590; x_wconf 86' lang='lat' dir='ltr'><strong>L&#39;nc.</strong></span> <span class='ocrx_word' id='word_1_704' title='bbox 596 2571 663 2594; x_wconf 79' lang='lat' dir='ltr'><strong>xm.</strong></span> <span class='ocrx_word' id='word_1_705' title='bbox 681 2563 724 2594; x_wconf 80' lang='grc'><strong>18,</strong></span> <span class='ocrx_word' id='word_1_706' title='bbox 744 2563 786 2593; x_wconf 81' lang='grc'><strong>19.</strong></span> <span class='ocrx_word' id='word_1_707' title='bbox 805 2563 851 2590; x_wconf 87' lang='lat' dir='ltr'><strong>ubi</strong></span> <span class='ocrx_word' id='word_1_708' title='bbox 867 2563 995 2591; x_wconf 72' lang='lat' dir='ltr'><strong>Christus</strong></span> 
     </span>
    </p>
   </div>
   <div class='ocr_carea' id='block_1_97' title="bbox 206 2597 996 2633">
    <p class='ocr_par' dir='ltr' id='par_1_97' title="bbox 206 2597 996 2633">
     <span class='ocr_line' id='line_1_98' title="bbox 206 2597 996 2633; baseline 0 -8"><span class='ocrx_word' id='word_1_709' title='bbox 206 2599 240 2626; x_wconf 89' lang='lat' dir='ltr'><strong>de</strong></span> <span class='ocrx_word' id='word_1_710' title='bbox 257 2607 336 2633; x_wconf 75' lang='lat' dir='ltr'><strong>regno</strong></span> <span class='ocrx_word' id='word_1_711' title='bbox 351 2599 482 2626; x_wconf 71' lang='lat' dir='ltr'><strong>cmlorum</strong></span> <span class='ocrx_word' id='word_1_712' title='bbox 498 2598 583 2625; x_wconf 88' lang='lat' dir='ltr'><strong>dicit:</strong></span> <span class='ocrx_word' id='word_1_713' title='bbox 605 2599 706 2633; x_wconf 81' lang='grc' dir='ltr'>Ὁμοία</span> <span class='ocrx_word' id='word_1_714' title='bbox 719 2598 786 2625; x_wconf 75' lang='grc' dir='ltr'>ἐστὶ</span> <span class='ocrx_word' id='word_1_715' title='bbox 801 2599 897 2629; x_wconf 79' lang='grc' dir='ltr'>κόκκῳ</span> <span class='ocrx_word' id='word_1_716' title='bbox 910 2597 996 2625; x_wconf 85' lang='grc' dir='ltr'>σινά-</span> 
     </span>
    </p>
   </div>
   <div class='ocr_carea' id='block_1_98' title="bbox 205 2633 995 2667">
    <p class='ocr_par' dir='ltr' id='par_1_98' title="bbox 205 2633 995 2667">
     <span class='ocr_line' id='line_1_99' title="bbox 205 2633 995 2667; baseline -0.001 -7"><span class='ocrx_word' id='word_1_717' title='bbox 205 2642 293 2667; x_wconf 76' lang='grc' dir='ltr'>πεως,</span> <span class='ocrx_word' id='word_1_718' title='bbox 309 2633 325 2660; x_wconf 83' lang='grc' dir='ltr'><strong><em>ὃ</em></strong></span> <span class='ocrx_word' id='word_1_719' title='bbox 339 2633 440 2660; x_wconf 81' lang='grc' dir='ltr'>λαϐὼν</span> <span class='ocrx_word' id='word_1_720' title='bbox 460 2633 616 2667; x_wconf 79' lang='grc' dir='ltr'>ἅνθρωπος</span> <span class='ocrx_word' id='word_1_721' title='bbox 630 2634 739 2661; x_wconf 62' lang='grc' dir='ltr'>ἔϐαλεν</span> <span class='ocrx_word' id='word_1_722' title='bbox 752 2635 794 2666; x_wconf 79' lang='grc' dir='ltr'>εὶς</span> <span class='ocrx_word' id='word_1_723' title='bbox 807 2633 906 2667; x_wconf 79' lang='grc' dir='ltr'>κῆπον</span> <span class='ocrx_word' id='word_1_724' title='bbox 927 2634 995 2660; x_wconf 81' lang='grc' dir='ltr'>ἑαυ-</span> 
     </span>
    </p>
   </div>
   <div class='ocr_carea' id='block_1_99' title="bbox 205 2668 993 2704">
    <p class='ocr_par' dir='ltr' id='par_1_99' title="bbox 205 2668 993 2704">
     <span class='ocr_line' id='line_1_100' title="bbox 205 2668 993 2704; baseline 0.001 -9"><span class='ocrx_word' id='word_1_725' title='bbox 205 2668 269 2704; x_wconf 80' lang='grc' dir='ltr'>τοῦ,</span> <span class='ocrx_word' id='word_1_726' title='bbox 283 2669 332 2696; x_wconf 78' lang='grc' dir='ltr'>καὶ</span> <span class='ocrx_word' id='word_1_727' title='bbox 351 2668 477 2703; x_wconf 77' lang='grc' dir='ltr'>ηὔξησε,</span> <span class='ocrx_word' id='word_1_728' title='bbox 495 2670 543 2695; x_wconf 83' lang='grc' dir='ltr'>καὶ</span> <span class='ocrx_word' id='word_1_729' title='bbox 565 2669 683 2704; x_wconf 76' lang='grc' dir='ltr'>ἐγένετο</span> <span class='ocrx_word' id='word_1_730' title='bbox 695 2670 738 2702; x_wconf 86' lang='grc' dir='ltr'>εὶς</span> <span class='ocrx_word' id='word_1_731' title='bbox 759 2668 884 2704; x_wconf 72' lang='grc' dir='ltr'>δένδρον</span> <span class='ocrx_word' id='word_1_732' title='bbox 906 2668 993 2703; x_wconf 75' lang='grc' dir='ltr'>μέγα,</span> 
     </span>
    </p>
   </div>
   <div class='ocr_carea' id='block_1_100' title="bbox 205 2703 995 2738">
    <p class='ocr_par' dir='ltr' id='par_1_100' title="bbox 205 2703 995 2738">
     <span class='ocr_line' id='line_1_101' title="bbox 205 2703 995 2738; baseline -0.001 -8"><span class='ocrx_word' id='word_1_733' title='bbox 205 2703 255 2730; x_wconf 80' lang='grc' dir='ltr'>καὶ</span> <span class='ocrx_word' id='word_1_734' title='bbox 265 2705 301 2731; x_wconf 83' lang='grc' dir='ltr'>τὰ</span> <span class='ocrx_word' id='word_1_735' title='bbox 310 2704 429 2731; x_wconf 81' lang='grc' dir='ltr'>πετεινὰ</span> <span class='ocrx_word' id='word_1_736' title='bbox 441 2704 494 2731; x_wconf 81' lang='grc' dir='ltr'>τοῦ</span> <span class='ocrx_word' id='word_1_737' title='bbox 504 2705 633 2738; x_wconf 83' lang='grc' dir='ltr'>οὐρανοῦ</span> <span class='ocrx_word' id='word_1_738' title='bbox 648 2703 880 2738; x_wconf 79' lang='grc' dir='ltr'>κατεσκήνωσεν</span> <span class='ocrx_word' id='word_1_739' title='bbox 890 2704 924 2730; x_wconf 85' lang='grc' dir='ltr'><strong>ἐν</strong></span> <span class='ocrx_word' id='word_1_740' title='bbox 933 2703 995 2737; x_wconf 83' lang='grc' dir='ltr'>τοῖς</span> 
     </span>
    </p>
   </div>
   <div class='ocr_carea' id='block_1_101' title="bbox 202 2739 993 2773">
    <p class='ocr_par' dir='ltr' id='par_1_101' title="bbox 202 2739 993 2773">
     <span class='ocr_line' id='line_1_102' title="bbox 202 2739 993 2773; baseline 0.001 -7"><span class='ocrx_word' id='word_1_741' title='bbox 202 2739 328 2773; x_wconf 70' lang='grc' dir='ltr'>κλάδοις</span> <span class='ocrx_word' id='word_1_742' title='bbox 341 2739 444 2767; x_wconf 80' lang='grc' dir='ltr'>αὑτοῦ.</span> <span class='ocrx_word' id='word_1_743' title='bbox 457 2739 536 2767; x_wconf 89' lang='lat' dir='ltr'><strong>Conl.</strong></span> <span class='ocrx_word' id='word_1_744' title='bbox 553 2739 647 2767; x_wconf 83' lang='lat' dir='ltr'><strong>Matth.</strong></span> <span class='ocrx_word' id='word_1_745' title='bbox 658 2748 717 2771; x_wconf 76' lang='lat' dir='ltr'><strong>xm,</strong></span> <span class='ocrx_word' id='word_1_746' title='bbox 730 2740 778 2770; x_wconf 74' lang='lat' dir='ltr'><strong>5i;</strong></span> <span class='ocrx_word' id='word_1_747' title='bbox 793 2739 876 2766; x_wconf 79' lang='lat' dir='ltr'><strong>Marc.</strong></span> <span class='ocrx_word' id='word_1_748' title='bbox 890 2747 927 2771; x_wconf 85' lang='lat' dir='ltr'><strong>Iv,</strong></span> <span class='ocrx_word' id='word_1_749' title='bbox 942 2739 993 2767; x_wconf 80' lang='grc'><strong>51.</strong></span> 
     </span>
    </p>
   </div>
   <div class='ocr_carea' id='block_1_102' title="bbox 241 2774 991 2810">
    <p class='ocr_par' dir='ltr' id='par_1_102' title="bbox 241 2774 991 2810">
     <span class='ocr_line' id='line_1_103' title="bbox 241 2774 991 2810; baseline 0 -9"><span class='ocrx_word' id='word_1_750' title='bbox 241 2774 279 2809; x_wconf 87' lang='lat'><strong>(9)</strong></span> <span class='ocrx_word' id='word_1_751' title='bbox 301 2775 363 2802; x_wconf 84' lang='grc' dir='ltr'><strong>Τῶν</strong></span> <span class='ocrx_word' id='word_1_752' title='bbox 382 2775 560 2810; x_wconf 75' lang='grc' dir='ltr'>μεταρσίων.</span> <span class='ocrx_word' id='word_1_753' title='bbox 578 2775 635 2802; x_wconf 82' lang='lat' dir='ltr'><strong>[loc</strong></span> <span class='ocrx_word' id='word_1_754' title='bbox 651 2779 692 2802; x_wconf 88' lang='lat' dir='ltr'><strong>est</strong></span> <span class='ocrx_word' id='word_1_755' title='bbox 716 2783 803 2802; x_wconf 83' lang='lat' dir='ltr'><strong>rerum</strong></span> <span class='ocrx_word' id='word_1_756' title='bbox 824 2774 991 2806; x_wconf 80' lang='lat' dir='ltr'><strong>sublimium,</strong></span> 
     </span>
    </p>
   </div>
   <div class='ocr_carea' id='block_1_103' title="bbox 204 2810 993 2846">
    <p class='ocr_par' dir='ltr' id='par_1_103' title="bbox 204 2810 993 2846">
     <span class='ocr_line' id='line_1_104' title="bbox 204 2810 993 2846; baseline 0.003 -10"><span class='ocrx_word' id='word_1_757' title='bbox 204 2817 265 2846; x_wconf 67' lang='lat' dir='ltr'><strong>qua:</strong></span> <span class='ocrx_word' id='word_1_758' title='bbox 278 2811 350 2845; x_wconf 81' lang='lat' dir='ltr'><strong>vulgi</strong></span> <span class='ocrx_word' id='word_1_759' title='bbox 367 2815 476 2846; x_wconf 87' lang='lat' dir='ltr'><strong>captum</strong></span> <span class='ocrx_word' id='word_1_760' title='bbox 500 2815 631 2845; x_wconf 81' lang='lat' dir='ltr'><strong>superant</strong></span> <span class='ocrx_word' id='word_1_761' title='bbox 649 2820 654 2839; x_wconf 93' lang='lat'><strong>:</strong></span> <span class='ocrx_word' id='word_1_762' title='bbox 670 2819 730 2846; x_wconf 64' lang='lat' dir='ltr'><strong>qua:</strong></span> <span class='ocrx_word' id='word_1_763' title='bbox 751 2810 785 2838; x_wconf 76' lang='grc' dir='ltr'><strong>τὰ</strong></span> <span class='ocrx_word' id='word_1_764' title='bbox 801 2810 915 2837; x_wconf 79' lang='grc' dir='ltr'>πετεινά.</span> <span class='ocrx_word' id='word_1_765' title='bbox 933 2818 993 2845; x_wconf 79' lang='lat' dir='ltr'><strong>my-</strong></span> 
     </span>
    </p>
   </div>
   <div class='ocr_carea' id='block_1_104' title="bbox 205 2845 600 2882">
    <p class='ocr_par' dir='ltr' id='par_1_104' title="bbox 205 2845 600 2882">
     <span class='ocr_line' id='line_1_105' title="bbox 205 2845 600 2882; baseline 0 -9"><span class='ocrx_word' id='word_1_766' title='bbox 205 2846 274 2874; x_wconf 80' lang='lat' dir='ltr'><strong>stice</strong></span> <span class='ocrx_word' id='word_1_767' title='bbox 290 2845 446 2882; x_wconf 77' lang='lat' dir='ltr'><strong>signiﬁcare</strong></span> <span class='ocrx_word' id='word_1_768' title='bbox 461 2846 600 2874; x_wconf 88' lang='lat' dir='ltr'><strong>dicuntur.</strong></span> 
     </span>
    </p>
   </div>
   <div class='ocr_carea' id='block_1_105' title="bbox 1013 2205 1036 2232">
    <p class='ocr_par' dir='ltr' id='par_1_105' title="bbox 1013 2205 1036 2232">
     <span class='ocr_line' id='line_1_106' title="bbox 1013 2205 1036 2232; baseline 0 0"><span class='ocrx_word' id='word_1_769' title='bbox 1013 2205 1036 2232; x_wconf 92' lang='lat' dir='ltr'>D</span> 
     </span>
    </p>
   </div>
   <div class='ocr_carea' id='block_1_106' title="bbox 1089 1929 1850 1966">
    <p class='ocr_par' dir='ltr' id='par_1_106' title="bbox 1089 1929 1850 1966">
     <span class='ocr_line' id='line_1_107' title="bbox 1089 1929 1850 1966; baseline 0.001 -10"><span class='ocrx_word' id='word_1_770' title='bbox 1089 1929 1147 1966; x_wconf 74' lang='grc'>(10)</span> <span class='ocrx_word' id='word_1_771' title='bbox 1162 1931 1196 1956; x_wconf 82' lang='lat' dir='ltr'><strong>Et</strong></span> <span class='ocrx_word' id='word_1_772' title='bbox 1214 1930 1268 1964; x_wconf 71' lang='grc' dir='ltr'>γὰρ</span> <span class='ocrx_word' id='word_1_773' title='bbox 1279 1939 1311 1965; x_wconf 71' lang='grc' dir='ltr'><strong>φ.</strong></span> <span class='ocrx_word' id='word_1_774' title='bbox 1326 1930 1388 1966; x_wconf 67' lang='grc' dir='ltr'><strong>Πίος</strong></span> <span class='ocrx_word' id='word_1_775' title='bbox 1404 1938 1458 1958; x_wconf 88' lang='lat' dir='ltr'><strong>non</strong></span> <span class='ocrx_word' id='word_1_776' title='bbox 1477 1930 1546 1958; x_wconf 88' lang='lat' dir='ltr'><strong>adeo</strong></span> <span class='ocrx_word' id='word_1_777' title='bbox 1563 1930 1681 1958; x_wconf 82' lang='lat' dir='ltr'><strong>dimcilia</strong></span> <span class='ocrx_word' id='word_1_778' title='bbox 1693 1935 1795 1962; x_wconf 85' lang='lat' dir='ltr'><strong>essent,</strong></span> <span class='ocrx_word' id='word_1_779' title='bbox 1812 1939 1850 1958; x_wconf 86' lang='lat' dir='ltr'><strong>ac</strong></span> 
     </span>
    </p>
   </div>
   <div class='ocr_carea' id='block_1_107' title="bbox 1054 1965 1850 2001">
    <p class='ocr_par' dir='ltr' id='par_1_107' title="bbox 1054 1965 1850 2001">
     <span class='ocr_line' id='line_1_108' title="bbox 1054 1965 1850 2001; baseline 0.003 -9"><span class='ocrx_word' id='word_1_780' title='bbox 1054 1965 1107 2001; x_wconf 82' lang='lat' dir='ltr'><strong>iam</strong></span> <span class='ocrx_word' id='word_1_781' title='bbox 1132 1966 1267 1996; x_wconf 80' lang='lat' dir='ltr'><strong>videntur.</strong></span> <span class='ocrx_word' id='word_1_782' title='bbox 1294 1966 1316 1993; x_wconf 92' lang='lat' dir='ltr'><strong>si</strong></span> <span class='ocrx_word' id='word_1_783' title='bbox 1343 1965 1470 1993; x_wconf 76' lang='lat' dir='ltr'><strong>Basilida:</strong></span> <span class='ocrx_word' id='word_1_784' title='bbox 1498 1966 1600 2001; x_wconf 88' lang='lat' dir='ltr'><strong>scripta</strong></span> <span class='ocrx_word' id='word_1_785' title='bbox 1626 1970 1782 1997; x_wconf 79' lang='lat' dir='ltr'><strong>exstarent,</strong></span> <span class='ocrx_word' id='word_1_786' title='bbox 1808 1974 1850 1995; x_wconf 77' lang='lat' dir='ltr'><strong>ex</strong></span> 
     </span>
    </p>
   </div>
   <div class='ocr_carea' id='block_1_108' title="bbox 1052 2000 1849 2036">
    <p class='ocr_par' dir='ltr' id='par_1_108' title="bbox 1052 2000 1849 2036">
     <span class='ocr_line' id='line_1_109' title="bbox 1052 2000 1849 2036; baseline 0.003 -10"><span class='ocrx_word' id='word_1_787' title='bbox 1052 2000 1153 2035; x_wconf 88' lang='lat' dir='ltr'><strong>quibus</strong></span> <span class='ocrx_word' id='word_1_788' title='bbox 1175 2000 1236 2035; x_wconf 88' lang='lat' dir='ltr'><strong>ejus</strong></span> <span class='ocrx_word' id='word_1_789' title='bbox 1254 2000 1383 2036; x_wconf 79' lang='lat' dir='ltr'><strong>dogmata</strong></span> <span class='ocrx_word' id='word_1_790' title='bbox 1405 2002 1484 2035; x_wconf 89' lang='lat' dir='ltr'><strong>plene</strong></span> <span class='ocrx_word' id='word_1_791' title='bbox 1506 2000 1619 2036; x_wconf 82' lang='lat' dir='ltr'><strong>intelligi</strong></span> <span class='ocrx_word' id='word_1_792' title='bbox 1646 2005 1775 2036; x_wconf 84' lang='lat' dir='ltr'><strong>possent;</strong></span> <span class='ocrx_word' id='word_1_793' title='bbox 1799 2002 1849 2028; x_wconf 84' lang='lat' dir='ltr'><strong>in-</strong></span> 
     </span>
    </p>
   </div>
   <div class='ocr_carea' id='block_1_109' title="bbox 1053 2035 1850 2070">
    <p class='ocr_par' dir='ltr' id='par_1_109' title="bbox 1053 2035 1850 2070">
     <span class='ocr_line' id='line_1_110' title="bbox 1053 2035 1850 2070; baseline 0.003 -8"><span class='ocrx_word' id='word_1_794' title='bbox 1053 2041 1127 2062; x_wconf 85' lang='lat' dir='ltr'><strong>terea</strong></span> <span class='ocrx_word' id='word_1_795' title='bbox 1148 2043 1222 2066; x_wconf 84' lang='lat' dir='ltr'><strong>vero,</strong></span> <span class='ocrx_word' id='word_1_796' title='bbox 1245 2035 1309 2062; x_wconf 87' lang='lat' dir='ltr'><strong>dum</strong></span> <span class='ocrx_word' id='word_1_797' title='bbox 1333 2037 1437 2070; x_wconf 86' lang='lat' dir='ltr'><strong>aliquid</strong></span> <span class='ocrx_word' id='word_1_798' title='bbox 1462 2036 1559 2064; x_wconf 87' lang='lat' dir='ltr'><strong>melius</strong></span> <span class='ocrx_word' id='word_1_799' title='bbox 1582 2035 1611 2064; x_wconf 82' lang='lat' dir='ltr'><strong>se</strong></span> <span class='ocrx_word' id='word_1_800' title='bbox 1629 2035 1775 2066; x_wconf 84' lang='lat' dir='ltr'><strong>obtulerit.</strong></span> <span class='ocrx_word' id='word_1_801' title='bbox 1802 2037 1850 2064; x_wconf 84' lang='lat' dir='ltr'><strong>sic</strong></span> 
     </span>
    </p>
   </div>
   <div class='ocr_carea' id='block_1_110' title="bbox 1052 2070 1850 2107">
    <p class='ocr_par' dir='ltr' id='par_1_110' title="bbox 1052 2070 1850 2107">
     <span class='ocr_line' id='line_1_111' title="bbox 1052 2070 1850 2107; baseline 0.001 -10"><span class='ocrx_word' id='word_1_802' title='bbox 1052 2071 1134 2107; x_wconf 78' lang='lat' dir='ltr'><strong>scribi</strong></span> <span class='ocrx_word' id='word_1_803' title='bbox 1149 2074 1176 2107; x_wconf 66' lang='lat' dir='ltr'><strong>et</strong></span> <span class='ocrx_word' id='word_1_804' title='bbox 1192 2070 1321 2105; x_wconf 82' lang='lat' dir='ltr'><strong>explicari</strong></span> <span class='ocrx_word' id='word_1_805' title='bbox 1337 2079 1418 2107; x_wconf 75' lang='lat' dir='ltr'><strong>posse</strong></span> <span class='ocrx_word' id='word_1_806' title='bbox 1429 2071 1556 2107; x_wconf 77' lang='lat' dir='ltr'><strong>videntur</strong></span> <span class='ocrx_word' id='word_1_807' title='bbox 1569 2081 1575 2098; x_wconf 95' lang='lat'><strong>:</strong></span> <span class='ocrx_word' id='word_1_808' title='bbox 1589 2073 1620 2098; x_wconf 88' lang='lat' dir='ltr'><strong>Et</strong></span> <span class='ocrx_word' id='word_1_809' title='bbox 1637 2079 1692 2107; x_wconf 87' lang='grc' dir='ltr'><strong>γαρ</strong></span> <span class='ocrx_word' id='word_1_810' title='bbox 1707 2072 1785 2106; x_wconf 74' lang='grc' dir='ltr'>φύσει</span> <span class='ocrx_word' id='word_1_811' title='bbox 1801 2080 1850 2103; x_wconf 86' lang='grc' dir='ltr'><strong>τις</strong></span> 
     </span>
    </p>
   </div>
   <div class='ocr_carea' id='block_1_111' title="bbox 1051 2105 1847 2142">
    <p class='ocr_par' dir='ltr' id='par_1_111' title="bbox 1051 2105 1847 2142">
     <span class='ocr_line' id='line_1_112' title="bbox 1051 2105 1847 2142; baseline 0.001 -10"><span class='ocrx_word' id='word_1_812' title='bbox 1051 2105 1096 2142; x_wconf 72' lang='grc' dir='ltr'>τὴν</span> <span class='ocrx_word' id='word_1_813' title='bbox 1111 2105 1344 2142; x_wconf 20' lang='grc' dir='ltr'>Θεὸννέζπίσταται,</span> <span class='ocrx_word' id='word_1_814' title='bbox 1357 2106 1394 2135; x_wconf 81' lang='grc' dir='ltr'><strong>ὡς</strong></span> <span class='ocrx_word' id='word_1_815' title='bbox 1406 2106 1561 2142; x_wconf 85' lang='grc' dir='ltr'>Βασιλείδης</span> <span class='ocrx_word' id='word_1_816' title='bbox 1572 2105 1666 2138; x_wconf 80' lang='grc' dir='ltr'>οἴεται,</span> <span class='ocrx_word' id='word_1_817' title='bbox 1677 2105 1725 2142; x_wconf 82' lang='grc' dir='ltr'>τὴν</span> <span class='ocrx_word' id='word_1_818' title='bbox 1738 2107 1847 2142; x_wconf 84' lang='grc' dir='ltr'>νόησιν.</span> 
     </span>
    </p>
   </div>
   <div class='ocr_carea' id='block_1_112' title="bbox 1051 2140 1850 2183">
    <p class='ocr_par' dir='ltr' id='par_1_112' title="bbox 1051 2140 1850 2183">
     <span class='ocr_line' id='line_1_113' title="bbox 1051 2140 1850 2183; baseline 0.003 -16"><span class='ocrx_word' id='word_1_819' title='bbox 1051 2141 1098 2182; x_wconf 70' lang='grc' dir='ltr'>καὶ</span> <span class='ocrx_word' id='word_1_820' title='bbox 1111 2141 1161 2183; x_wconf 69' lang='grc' dir='ltr'>τὴν</span> <span class='ocrx_word' id='word_1_821' title='bbox 1176 2140 1313 2183; x_wconf 76' lang='grc' dir='ltr'>ἐξαίρετον</span> <span class='ocrx_word' id='word_1_822' title='bbox 1328 2141 1432 2183; x_wconf 48' lang='grc' dir='ltr'>ἦέστιν,</span> <span class='ocrx_word' id='word_1_823' title='bbox 1447 2142 1505 2181; x_wconf 42' lang='lat' dir='ltr'><strong>Edita</strong></span> <span class='ocrx_word' id='word_1_824' title='bbox 1519 2140 1565 2183; x_wconf 71' lang='grc' dir='ltr'>καὶ</span> <span class='ocrx_word' id='word_1_825' title='bbox 1580 2142 1629 2178; x_wconf 81' lang='grc' dir='ltr'>τὴν</span> <span class='ocrx_word' id='word_1_826' title='bbox 1644 2140 1783 2183; x_wconf 62' lang='grc' dir='ltr'>βασιλείαν</span> <span class='ocrx_word' id='word_1_827' title='bbox 1792 2151 1850 2183; x_wconf 63' lang='grc' dir='ltr'>κα.-</span> 
     </span>
    </p>
   </div>
   <div class='ocr_carea' id='block_1_113' title="bbox 1050 2175 1847 2212">
    <p class='ocr_par' dir='ltr' id='par_1_113' title="bbox 1050 2175 1847 2212">
     <span class='ocr_line' id='line_1_114' title="bbox 1050 2175 1847 2212; baseline 0.001 -10"><span class='ocrx_word' id='word_1_828' title='bbox 1050 2175 1103 2202; x_wconf 83' lang='grc' dir='ltr'>λῶν</span> <span class='ocrx_word' id='word_1_829' title='bbox 1117 2175 1205 2203; x_wconf 82' lang='grc' dir='ltr'>κτίσιν</span> <span class='ocrx_word' id='word_1_830' title='bbox 1219 2175 1312 2212; x_wconf 81' lang='grc' dir='ltr'>οὐσίας</span> <span class='ocrx_word' id='word_1_831' title='bbox 1322 2176 1400 2208; x_wconf 82' lang='grc' dir='ltr'>ἀξίαν</span> <span class='ocrx_word' id='word_1_832' title='bbox 1413 2175 1649 2212; x_wconf 62' lang='grc' dir='ltr'>τοῦποιήσαντος,</span> <span class='ocrx_word' id='word_1_833' title='bbox 1661 2177 1707 2203; x_wconf 78' lang='grc' dir='ltr'>καὶ</span> <span class='ocrx_word' id='word_1_834' title='bbox 1723 2177 1847 2211; x_wconf 85' lang='grc' dir='ltr'>πλησίον</span> 
     </span>
    </p>
   </div>
   <div class='ocr_carea' id='block_1_114' title="bbox 1049 2211 1846 2247">
    <p class='ocr_par' dir='ltr' id='par_1_114' title="bbox 1049 2211 1846 2247">
     <span class='ocr_line' id='line_1_115' title="bbox 1049 2211 1846 2247; baseline 0.001 -10"><span class='ocrx_word' id='word_1_835' title='bbox 1049 2211 1182 2247; x_wconf 78' lang='grc' dir='ltr'>ὑπάρχειν</span> <span class='ocrx_word' id='word_1_836' title='bbox 1197 2211 1281 2247; x_wconf 73' lang='grc' dir='ltr'>αὐτὴν</span> <span class='ocrx_word' id='word_1_837' title='bbox 1294 2212 1452 2247; x_wconf 78' lang='grc' dir='ltr'>ἑρμηνεύων</span> <span class='ocrx_word' id='word_1_838' title='bbox 1461 2211 1565 2242; x_wconf 83' lang='grc' dir='ltr'>οὐσίαν,</span> <span class='ocrx_word' id='word_1_839' title='bbox 1574 2212 1629 2238; x_wconf 81' lang='grc' dir='ltr'><strong>ἀλλ’</strong></span> <span class='ocrx_word' id='word_1_840' title='bbox 1642 2213 1691 2238; x_wconf 77' lang='grc' dir='ltr'>οὐκ</span> <span class='ocrx_word' id='word_1_841' title='bbox 1703 2212 1846 2245; x_wconf 79' lang='grc' dir='ltr'>ἐξουσίαν,</span> 
     </span>
    </p>
   </div>
   <div class='ocr_carea' id='block_1_115' title="bbox 1049 2246 1847 2283">
    <p class='ocr_par' dir='ltr' id='par_1_115' title="bbox 1049 2246 1847 2283">
     <span class='ocr_line' id='line_1_116' title="bbox 1049 2246 1847 2283; baseline 0.003 -11"><span class='ocrx_word' id='word_1_842' title='bbox 1049 2247 1185 2283; x_wconf 12' lang='grc' dir='ltr'>καὶῠφύσιν</span> <span class='ocrx_word' id='word_1_843' title='bbox 1197 2247 1249 2283; x_wconf 66' lang='grc' dir='ltr'><strong>και</strong></span> <span class='ocrx_word' id='word_1_844' title='bbox 1257 2246 1417 2283; x_wconf 59' lang='grc' dir='ltr'>ὑπόστασιν,</span> <span class='ocrx_word' id='word_1_845' title='bbox 1425 2247 1538 2283; x_wconf 70' lang='grc' dir='ltr'>κτίσεως</span> <span class='ocrx_word' id='word_1_846' title='bbox 1547 2247 1729 2283; x_wconf 79' lang='grc' dir='ltr'>ἀνυπερθέτου</span> <span class='ocrx_word' id='word_1_847' title='bbox 1741 2247 1847 2279; x_wconf 81' lang='grc' dir='ltr'>κάλλος</span> 
     </span>
    </p>
   </div>
   <div class='ocr_carea' id='block_1_116' title="bbox 1047 2281 1846 2325">
    <p class='ocr_par' dir='ltr' id='par_1_116' title="bbox 1047 2281 1846 2325">
     <span class='ocr_line' id='line_1_117' title="bbox 1047 2281 1846 2325; baseline 0 -17"><span class='ocrx_word' id='word_1_848' title='bbox 1047 2281 1285 2325; x_wconf 36' lang='grc' dir='ltr'>ἀδιόρΐιστονζουχὶ</span> <span class='ocrx_word' id='word_1_849' title='bbox 1304 2281 1333 2325; x_wconf 52' lang='grc' dir='ltr'><strong>ᾆὲ</strong></span> <span class='ocrx_word' id='word_1_850' title='bbox 1347 2282 1437 2325; x_wconf 69' lang='grc' dir='ltr'>ψυχῆς</span> <span class='ocrx_word' id='word_1_851' title='bbox 1453 2281 1755 2325; x_wconf 44' lang='grc' dir='ltr'>ιίὺᾶεξουσίουᾌογνικὴν</span> <span class='ocrx_word' id='word_1_852' title='bbox 1772 2291 1846 2325; x_wconf 44' lang='grc' dir='ltr'>συγῗ</span> 
     </span>
    </p>
   </div>
   <div class='ocr_carea' id='block_1_117' title="bbox 1047 2316 1844 2353">
    <p class='ocr_par' dir='ltr' id='par_1_117' title="bbox 1047 2316 1844 2353">
     <span class='ocr_line' id='line_1_118' title="bbox 1047 2316 1844 2353; baseline 0.003 -11"><span class='ocrx_word' id='word_1_853' title='bbox 1047 2316 1193 2343; x_wconf 84' lang='grc' dir='ltr'>κατάθεσιν</span> <span class='ocrx_word' id='word_1_854' title='bbox 1207 2316 1281 2350; x_wconf 83' lang='grc' dir='ltr'>λέγει</span> <span class='ocrx_word' id='word_1_855' title='bbox 1296 2317 1346 2352; x_wconf 87' lang='grc' dir='ltr'>τὴν</span> <span class='ocrx_word' id='word_1_856' title='bbox 1355 2316 1591 2353; x_wconf 24' lang='grc' dir='ltr'>⁷πίστινκΝίιηιλεί</span> <span class='ocrx_word' id='word_1_857' title='bbox 1605 2318 1664 2353; x_wconf 86' lang='lat' dir='ltr'><strong>quis</strong></span> <span class='ocrx_word' id='word_1_858' title='bbox 1682 2317 1764 2353; x_wconf 81' lang='lat' dir='ltr'><strong>Deum</strong></span> <span class='ocrx_word' id='word_1_859' title='bbox 1788 2319 1844 2345; x_wconf 79' lang='lat' dir='ltr'><strong>scit</strong></span> 
     </span>
    </p>
   </div>
   <div class='ocr_carea' id='block_1_118' title="bbox 1046 2351 1844 2387">
    <p class='ocr_par' dir='ltr' id='par_1_118' title="bbox 1046 2351 1844 2387">
     <span class='ocr_line' id='line_1_119' title="bbox 1046 2351 1844 2387; baseline 0.001 -9"><span class='ocrx_word' id='word_1_860' title='bbox 1046 2360 1093 2386; x_wconf 87' lang='lat' dir='ltr'><strong>per</strong></span> <span class='ocrx_word' id='word_1_861' title='bbox 1108 2357 1245 2382; x_wconf 84' lang='lat' dir='ltr'><strong>naturam,</strong></span> <span class='ocrx_word' id='word_1_862' title='bbox 1262 2355 1292 2378; x_wconf 80' lang='lat' dir='ltr'><strong>ut</strong></span> <span class='ocrx_word' id='word_1_863' title='bbox 1315 2351 1439 2386; x_wconf 84' lang='lat' dir='ltr'><strong>opinatur</strong></span> <span class='ocrx_word' id='word_1_864' title='bbox 1457 2351 1663 2387; x_wconf 30' lang='lat' dir='ltr'><strong>Basilides.’qui</strong></span> <span class='ocrx_word' id='word_1_865' title='bbox 1685 2352 1844 2386; x_wconf 83' lang='lat' dir='ltr'><strong>intelligen-</strong></span> 
     </span>
    </p>
   </div>
   <div class='ocr_carea' id='block_1_119' title="bbox 1048 2387 1846 2422">
    <p class='ocr_par' dir='ltr' id='par_1_119' title="bbox 1048 2387 1846 2422">
     <span class='ocr_line' id='line_1_120' title="bbox 1048 2387 1846 2422; baseline 0.001 -9"><span class='ocrx_word' id='word_1_866' title='bbox 1048 2388 1125 2417; x_wconf 87' lang='lat' dir='ltr'><strong>tiam,</strong></span> <span class='ocrx_word' id='word_1_867' title='bbox 1138 2391 1162 2413; x_wconf 81' lang='lat' dir='ltr'><strong>et</strong></span> <span class='ocrx_word' id='word_1_868' title='bbox 1176 2387 1300 2413; x_wconf 77' lang='lat' dir='ltr'><strong>eximiam</strong></span> <span class='ocrx_word' id='word_1_869' title='bbox 1315 2387 1498 2422; x_wconf 17' lang='lat' dir='ltr'><strong>ﬁdem.rsimul</strong></span> <span class='ocrx_word' id='word_1_870' title='bbox 1507 2388 1540 2414; x_wconf 83' lang='lat' dir='ltr'><strong>&#39;ac</strong></span> <span class='ocrx_word' id='word_1_871' title='bbox 1553 2396 1661 2421; x_wconf 82' lang='lat' dir='ltr'><strong>regnum</strong></span> <span class='ocrx_word' id='word_1_872' title='bbox 1672 2392 1745 2414; x_wconf 80' lang='lat' dir='ltr'><strong>vocat</strong></span> <span class='ocrx_word' id='word_1_873' title='bbox 1761 2395 1846 2414; x_wconf 84' lang='lat' dir='ltr'><strong>crea-</strong></span> 
     </span>
    </p>
   </div>
   <div class='ocr_carea' id='block_1_120' title="bbox 1047 2421 1845 2457">
    <p class='ocr_par' dir='ltr' id='par_1_120' title="bbox 1047 2421 1845 2457">
     <span class='ocr_line' id='line_1_121' title="bbox 1047 2421 1845 2457; baseline 0.001 -9"><span class='ocrx_word' id='word_1_874' title='bbox 1047 2427 1134 2449; x_wconf 84' lang='lat' dir='ltr'><strong>turam</strong></span> <span class='ocrx_word' id='word_1_875' title='bbox 1148 2422 1256 2457; x_wconf 84' lang='lat' dir='ltr'><strong>dignam</strong></span> <span class='ocrx_word' id='word_1_876' title='bbox 1269 2423 1384 2449; x_wconf 79' lang='lat' dir='ltr'><strong>essentia</strong></span> <span class='ocrx_word' id='word_1_877' title='bbox 1399 2421 1544 2453; x_wconf 74' lang='lat' dir='ltr'><strong>Creatoris,</strong></span> <span class='ocrx_word' id='word_1_878' title='bbox 1557 2427 1581 2449; x_wconf 87' lang='lat' dir='ltr'><strong>et</strong></span> <span class='ocrx_word' id='word_1_879' title='bbox 1593 2430 1673 2457; x_wconf 85' lang='lat' dir='ltr'><strong>prope</strong></span> <span class='ocrx_word' id='word_1_880' title='bbox 1684 2423 1758 2449; x_wconf 82' lang='lat' dir='ltr'><strong>illum</strong></span> <span class='ocrx_word' id='word_1_881' title='bbox 1770 2425 1845 2450; x_wconf 64' lang='lat' dir='ltr'><strong>exsi-</strong></span> 
     </span>
    </p>
   </div>
   <div class='ocr_carea' id='block_1_121' title="bbox 1046 2458 1843 2493">
    <p class='ocr_par' dir='ltr' id='par_1_121' title="bbox 1046 2458 1843 2493">
     <span class='ocr_line' id='line_1_122' title="bbox 1046 2458 1843 2493; baseline 0.004 -10"><span class='ocrx_word' id='word_1_882' title='bbox 1046 2463 1114 2484; x_wconf 83' lang='lat' dir='ltr'><strong>stere</strong></span> <span class='ocrx_word' id='word_1_883' title='bbox 1135 2465 1187 2484; x_wconf 84' lang='lat' dir='ltr'><strong>non</strong></span> <span class='ocrx_word' id='word_1_884' title='bbox 1208 2458 1353 2493; x_wconf 82' lang='lat' dir='ltr'><strong>potentiam</strong></span> <span class='ocrx_word' id='word_1_885' title='bbox 1372 2459 1417 2484; x_wconf 69' lang='lat' dir='ltr'><strong>sed</strong></span> <span class='ocrx_word' id='word_1_886' title='bbox 1439 2459 1580 2485; x_wconf 76' lang='lat' dir='ltr'><strong>essentiam</strong></span> <span class='ocrx_word' id='word_1_887' title='bbox 1603 2459 1790 2493; x_wconf 78' lang='lat' dir='ltr'><strong>interpretans,</strong></span> <span class='ocrx_word' id='word_1_888' title='bbox 1813 2463 1843 2486; x_wconf 74' lang='lat' dir='ltr'><strong>et</strong></span> 
     </span>
    </p>
   </div>
   <div class='ocr_carea' id='block_1_122' title="bbox 1046 2492 1844 2527">
    <p class='ocr_par' dir='ltr' id='par_1_122' title="bbox 1046 2492 1844 2527">
     <span class='ocr_line' id='line_1_123' title="bbox 1046 2492 1844 2527; baseline 0.003 -9"><span class='ocrx_word' id='word_1_889' title='bbox 1046 2498 1186 2524; x_wconf 82' lang='lat' dir='ltr'><strong>naturam,</strong></span> <span class='ocrx_word' id='word_1_890' title='bbox 1208 2497 1232 2519; x_wconf 87' lang='lat' dir='ltr'><strong>et</strong></span> <span class='ocrx_word' id='word_1_891' title='bbox 1257 2492 1450 2524; x_wconf 85' lang='lat' dir='ltr'><strong>substantiam;</strong></span> <span class='ocrx_word' id='word_1_892' title='bbox 1474 2493 1667 2527; x_wconf 69' lang='lat' dir='ltr'><strong>inexploratum</strong></span> <span class='ocrx_word' id='word_1_893' title='bbox 1692 2492 1844 2527; x_wconf 85' lang='lat' dir='ltr'><strong>quamdam</strong></span> 
     </span>
    </p>
   </div>
   <div class='ocr_carea' id='block_1_123' title="bbox 1045 2527 1844 2566">
    <p class='ocr_par' dir='ltr' id='par_1_123' title="bbox 1045 2527 1844 2566">
     <span class='ocr_line' id='line_1_124' title="bbox 1045 2527 1844 2566; baseline 0.001 -12"><span class='ocrx_word' id='word_1_894' title='bbox 1045 2528 1155 2566; x_wconf 77' lang='lat' dir='ltr'><strong>recentis</strong></span> <span class='ocrx_word' id='word_1_895' title='bbox 1176 2531 1305 2566; x_wconf 73' lang='lat' dir='ltr'><strong>creatura:</strong></span> <span class='ocrx_word' id='word_1_896' title='bbox 1327 2527 1565 2566; x_wconf 43' lang='lat' dir='ltr'><strong>pulchritudinem,</strong></span> <span class='ocrx_word' id='word_1_897' title='bbox 1575 2536 1626 2554; x_wconf 82' lang='lat' dir='ltr'><strong>non</strong></span> <span class='ocrx_word' id='word_1_898' title='bbox 1642 2536 1701 2566; x_wconf 71' lang='lat' dir='ltr'><strong>vero</strong></span> <span class='ocrx_word' id='word_1_899' title='bbox 1717 2528 1844 2566; x_wconf 57' lang='lat' dir='ltr'><strong>rationa-</strong></span> 
     </span>
    </p>
   </div>
   <div class='ocr_carea' id='block_1_124' title="bbox 1047 2556 1857 2597">
    <p class='ocr_par' dir='ltr' id='par_1_124' title="bbox 1047 2556 1857 2597">
     <span class='ocr_line' id='line_1_125' title="bbox 1047 2556 1857 2597; baseline 0.002 -8"><span class='ocrx_word' id='word_1_900' title='bbox 1047 2563 1097 2589; x_wconf 85' lang='lat' dir='ltr'><strong>lem</strong></span> <span class='ocrx_word' id='word_1_901' title='bbox 1111 2561 1202 2589; x_wconf 73' lang='lat' dir='ltr'><strong>libera:</strong></span> <span class='ocrx_word' id='word_1_902' title='bbox 1214 2564 1310 2589; x_wconf 79' lang='lat' dir='ltr'><strong>anian</strong></span> <span class='ocrx_word' id='word_1_903' title='bbox 1322 2556 1498 2590; x_wconf 72' lang='lat' dir='ltr'><strong>assensione&quot;:</strong></span> <span class='ocrx_word' id='word_1_904' title='bbox 1513 2556 1578 2590; x_wconf 77' lang='lat' dir='ltr'><strong>dicit</strong></span> <span class='ocrx_word' id='word_1_905' title='bbox 1592 2571 1646 2590; x_wconf 82' lang='lat' dir='ltr'><strong>esse</strong></span> <span class='ocrx_word' id='word_1_906' title='bbox 1663 2563 1752 2597; x_wconf 77' lang='lat' dir='ltr'><strong>ﬁdem.</strong></span> <span class='ocrx_word' id='word_1_907' title='bbox 1768 2556 1857 2591; x_wconf 67' lang='lat' dir='ltr'><strong>Nam&#39;</strong></span> 
     </span>
    </p>
   </div>
   <div class='ocr_carea' id='block_1_125' title="bbox 1045 2597 1842 2633">
    <p class='ocr_par' dir='ltr' id='par_1_125' title="bbox 1045 2597 1842 2633">
     <span class='ocr_line' id='line_1_126' title="bbox 1045 2597 1842 2633; baseline 0.003 -9"><span class='ocrx_word' id='word_1_908' title='bbox 1045 2597 1177 2625; x_wconf 85' lang='lat' dir='ltr'><strong>Basilides</strong></span> <span class='ocrx_word' id='word_1_909' title='bbox 1195 2598 1357 2630; x_wconf 82' lang='lat' dir='ltr'><strong>aﬁirmabat,</strong></span> <span class='ocrx_word' id='word_1_910' title='bbox 1374 2598 1592 2633; x_wconf 78' lang='lat' dir='ltr'><strong>intelligentiam,</strong></span> <span class='ocrx_word' id='word_1_911' title='bbox 1608 2598 1737 2625; x_wconf 86' lang='lat' dir='ltr'><strong>eximiam</strong></span> <span class='ocrx_word' id='word_1_912' title='bbox 1755 2597 1842 2626; x_wconf 85' lang='lat' dir='ltr'><strong>ﬁdem</strong></span> 
     </span>
    </p>
   </div>
   <div class='ocr_carea' id='block_1_126' title="bbox 1045 2633 1841 2669">
    <p class='ocr_par' dir='ltr' id='par_1_126' title="bbox 1045 2633 1841 2669">
     <span class='ocr_line' id='line_1_127' title="bbox 1045 2633 1841 2669; baseline 0.001 -9"><span class='ocrx_word' id='word_1_913' title='bbox 1045 2637 1072 2660; x_wconf 89' lang='lat' dir='ltr'><strong>et</strong></span> <span class='ocrx_word' id='word_1_914' title='bbox 1095 2641 1208 2668; x_wconf 82' lang='lat' dir='ltr'><strong>regnum</strong></span> <span class='ocrx_word' id='word_1_915' title='bbox 1230 2633 1343 2661; x_wconf 75' lang='lat' dir='ltr'><strong>cmleste</strong></span> <span class='ocrx_word' id='word_1_916' title='bbox 1366 2633 1399 2660; x_wconf 81' lang='lat' dir='ltr'><strong>ad</strong></span> <span class='ocrx_word' id='word_1_917' title='bbox 1424 2633 1557 2669; x_wconf 87' lang='lat' dir='ltr'><strong>quosdam</strong></span> <span class='ocrx_word' id='word_1_918' title='bbox 1584 2633 1709 2661; x_wconf 87' lang='lat' dir='ltr'><strong>homines</strong></span> <span class='ocrx_word' id='word_1_919' title='bbox 1735 2638 1841 2661; x_wconf 86' lang='lat' dir='ltr'><strong>natura</strong></span> 
     </span>
    </p>
   </div>
   <div class='ocr_carea' id='block_1_127' title="bbox 1045 2670 1842 2703">
    <p class='ocr_par' dir='ltr' id='par_1_127' title="bbox 1045 2670 1842 2703">
     <span class='ocr_line' id='line_1_128' title="bbox 1045 2670 1842 2703; baseline 0 -7"><span class='ocrx_word' id='word_1_920' title='bbox 1045 2670 1196 2703; x_wconf 86' lang='lat' dir='ltr'><strong>pertinere;</strong></span> <span class='ocrx_word' id='word_1_921' title='bbox 1213 2672 1240 2696; x_wconf 84' lang='lat' dir='ltr'><strong>et</strong></span> <span class='ocrx_word' id='word_1_922' title='bbox 1255 2676 1303 2703; x_wconf 86' lang='lat' dir='ltr'><strong>per</strong></span> <span class='ocrx_word' id='word_1_923' title='bbox 1319 2672 1446 2695; x_wconf 83' lang='lat' dir='ltr'><strong>naturam</strong></span> <span class='ocrx_word' id='word_1_924' title='bbox 1463 2676 1521 2699; x_wconf 87' lang='lat' dir='ltr'><strong>eos,</strong></span> <span class='ocrx_word' id='word_1_925' title='bbox 1542 2675 1598 2695; x_wconf 90' lang='lat' dir='ltr'><strong>non</strong></span> <span class='ocrx_word' id='word_1_926' title='bbox 1615 2672 1705 2696; x_wconf 81' lang='lat' dir='ltr'><strong>autem</strong></span> <span class='ocrx_word' id='word_1_927' title='bbox 1726 2675 1775 2702; x_wconf 87' lang='lat' dir='ltr'><strong>per</strong></span> <span class='ocrx_word' id='word_1_928' title='bbox 1793 2676 1842 2696; x_wconf 86' lang='lat' dir='ltr'><strong>re-</strong></span> 
     </span>
    </p>
   </div>
   <div class='ocr_carea' id='block_1_128' title="bbox 1045 2703 1840 2738">
    <p class='ocr_par' dir='ltr' id='par_1_128' title="bbox 1045 2703 1840 2738">
     <span class='ocr_line' id='line_1_129' title="bbox 1045 2703 1840 2738; baseline -0.001 -8"><span class='ocrx_word' id='word_1_929' title='bbox 1045 2709 1118 2731; x_wconf 89' lang='lat' dir='ltr'><strong>ctum</strong></span> <span class='ocrx_word' id='word_1_930' title='bbox 1137 2704 1242 2731; x_wconf 83' lang='lat' dir='ltr'><strong>arbitrii</strong></span> <span class='ocrx_word' id='word_1_931' title='bbox 1261 2711 1352 2735; x_wconf 91' lang='lat' dir='ltr'><strong>nsum,</strong></span> <span class='ocrx_word' id='word_1_932' title='bbox 1365 2703 1419 2730; x_wconf 87' lang='lat' dir='ltr'><strong>Deo</strong></span> <span class='ocrx_word' id='word_1_933' title='bbox 1431 2704 1534 2731; x_wconf 87' lang='lat' dir='ltr'><strong>similes</strong></span> <span class='ocrx_word' id='word_1_934' title='bbox 1545 2707 1572 2731; x_wconf 91' lang='lat' dir='ltr'><strong>et</strong></span> <span class='ocrx_word' id='word_1_935' title='bbox 1586 2704 1745 2738; x_wconf 75' lang='lat' dir='ltr'><strong>propinquos</strong></span> <span class='ocrx_word' id='word_1_936' title='bbox 1760 2703 1840 2736; x_wconf 80' lang='lat' dir='ltr'><strong>ﬁeri;</strong></span> 
     </span>
    </p>
   </div>
   <div class='ocr_carea' id='block_1_129' title="bbox 1045 2739 1843 2774">
    <p class='ocr_par' dir='ltr' id='par_1_129' title="bbox 1045 2739 1843 2774">
     <span class='ocr_line' id='line_1_130' title="bbox 1045 2739 1843 2774; baseline -0.001 -8"><span class='ocrx_word' id='word_1_937' title='bbox 1045 2739 1159 2774; x_wconf 88' lang='lat' dir='ltr'><strong>proinde</strong></span> <span class='ocrx_word' id='word_1_938' title='bbox 1181 2739 1260 2766; x_wconf 82' lang='lat' dir='ltr'><strong>ﬁdem</strong></span> <span class='ocrx_word' id='word_1_939' title='bbox 1279 2739 1334 2765; x_wconf 90' lang='lat' dir='ltr'><strong>illis</strong></span> <span class='ocrx_word' id='word_1_940' title='bbox 1349 2746 1364 2765; x_wconf 93' lang='lat' dir='ltr'><strong>a</strong></span> <span class='ocrx_word' id='word_1_941' title='bbox 1382 2739 1467 2773; x_wconf 90' lang='lat' dir='ltr'><strong>prima</strong></span> <span class='ocrx_word' id='word_1_942' title='bbox 1482 2739 1632 2769; x_wconf 83' lang='lat' dir='ltr'><strong>creatione.</strong></span> <span class='ocrx_word' id='word_1_943' title='bbox 1649 2739 1753 2773; x_wconf 87' lang='lat' dir='ltr'><strong>absque</strong></span> <span class='ocrx_word' id='word_1_944' title='bbox 1770 2745 1843 2773; x_wconf 69' lang='lat' dir='ltr'><strong>prm-</strong></span> 
     </span>
    </p>
   </div>
   <div class='ocr_carea' id='block_1_130' title="bbox 1045 2774 1841 2806">
    <p class='ocr_par' dir='ltr' id='par_1_130' title="bbox 1045 2774 1841 2806">
     <span class='ocr_line' id='line_1_131' title="bbox 1045 2774 1841 2806; baseline -0.001 -5"><span class='ocrx_word' id='word_1_945' title='bbox 1045 2775 1087 2802; x_wconf 89' lang='lat' dir='ltr'><strong>via</strong></span> <span class='ocrx_word' id='word_1_946' title='bbox 1103 2774 1299 2801; x_wconf 76' lang='lat' dir='ltr'><strong>exercitatione</strong></span> <span class='ocrx_word' id='word_1_947' title='bbox 1314 2774 1356 2801; x_wconf 86' lang='lat' dir='ltr'><strong>vel</strong></span> <span class='ocrx_word' id='word_1_948' title='bbox 1378 2774 1512 2806; x_wconf 82' lang='lat' dir='ltr'><strong>doctrina,</strong></span> <span class='ocrx_word' id='word_1_949' title='bbox 1529 2774 1641 2802; x_wconf 88' lang='lat' dir='ltr'><strong>insitam</strong></span> <span class='ocrx_word' id='word_1_950' title='bbox 1665 2781 1743 2806; x_wconf 88' lang='lat' dir='ltr'><strong>esse;</strong></span> <span class='ocrx_word' id='word_1_951' title='bbox 1762 2774 1841 2800; x_wconf 83' lang='lat' dir='ltr'><strong>unde</strong></span> 
     </span>
    </p>
   </div>
   <div class='ocr_carea' id='block_1_131' title="bbox 1044 2809 1841 2845">
    <p class='ocr_par' dir='ltr' id='par_1_131' title="bbox 1044 2809 1841 2845">
     <span class='ocr_line' id='line_1_132' title="bbox 1044 2809 1841 2845; baseline 0 -9"><span class='ocrx_word' id='word_1_952' title='bbox 1044 2817 1108 2845; x_wconf 81' lang='lat' dir='ltr'><strong>eam</strong></span> <span class='ocrx_word' id='word_1_953' title='bbox 1121 2814 1201 2836; x_wconf 85' lang='lat' dir='ltr'><strong>vocat</strong></span> <span class='ocrx_word' id='word_1_954' title='bbox 1214 2809 1329 2845; x_wconf 76' lang='grc' dir='ltr'>κτίσεως</span> <span class='ocrx_word' id='word_1_955' title='bbox 1345 2809 1528 2845; x_wconf 83' lang='grc' dir='ltr'>ὰνυπερθέτου</span> <span class='ocrx_word' id='word_1_956' title='bbox 1543 2809 1607 2845; x_wconf 89' lang='lat' dir='ltr'><strong>(vel,</strong></span> <span class='ocrx_word' id='word_1_957' title='bbox 1623 2809 1647 2838; x_wconf 85' lang='lat' dir='ltr'><strong>si</strong></span> <span class='ocrx_word' id='word_1_958' title='bbox 1664 2809 1762 2843; x_wconf 81' lang='lat' dir='ltr'><strong>mavis,</strong></span> <span class='ocrx_word' id='word_1_959' title='bbox 1774 2809 1841 2836; x_wconf 83' lang='grc' dir='ltr'>ἀνυ-</span> 
     </span>
    </p>
   </div>
   <div class='ocr_carea' id='block_1_132' title="bbox 1045 2843 1310 2881">
    <p class='ocr_par' dir='ltr' id='par_1_132' title="bbox 1045 2843 1310 2881">
     <span class='ocr_line' id='line_1_133' title="bbox 1045 2843 1310 2881; baseline -0.004 -10"><span class='ocrx_word' id='word_1_960' title='bbox 1045 2844 1112 2880; x_wconf 81' lang='grc' dir='ltr'>πέρο</span> <span class='ocrx_word' id='word_1_961' title='bbox 1116 2845 1184 2881; x_wconf 77' lang='grc' dir='ltr'>ετον)</span> <span class='ocrx_word' id='word_1_962' title='bbox 1204 2843 1310 2877; x_wconf 78' lang='grc' dir='ltr'>κάλλος.</span> 
     </span>
    </p>
   </div>
  </div>
