1942 3077
73 146 100 174 ἔό
691 139 866 170 STROMATI

938 141 1004 170 LIB.
1027 141 1060 171 ν.
1673 144 1706 172 ιι

69 200 133 233 ποῦ,
158 200 206 228 καὶ
226 195 367 228 smmis;
390 200 482 234 δντος,
498 201 541 233 ’ὡς
563 200 719 236 Βασιλείδης
744 200 862 236 νομίζει·

921 199 1014 227 anima:
1023 199 1107 228 libero
1116 198 1229 227 arbitrio
1237 199 1339 227 utentis
1346 198 1506 228 rationalem
1518 201 1707 230 assensionem

67 246 95 282 ἦν
107 247 128 274 δ’
146 247 180 275 ἂν
197 247 249 274 καὶ
264 247 329 283 δίχα
343 248 396 283 τῆς
413 247 462 274 τοῦ
480 247 604 284 Σωτῆρος
620 247 769 282 παρουσίας
781 246 869 282 χρόνῳ

65 294 125 320 ποτε
139 293 305 329 ἀναλάμψαι
317 293 454 321 δύνασθαι
469 294 518 330 τὴν
533 293 623 328 φύσιν.
635 293 666 320 Et
676 293 704 320 δὲ
716 292 869 327 ἀναγκαίαν

65 340 109 374 τὴν
133 341 286 376 ἐπιδημίαν
305 340 352 367 τοῦ
378 340 482 376 Κυρίου
505 340 630 375 φήσαιεν,
647 339 751 374 οἴχεται
775 339 868 370 αὐτοῖς

64 386 96 412 τὰ
115 386 165 421 τῆς
190 386 306 421 φύσεως
330 387 476 422 ἰδιώματα,
502 385 630 422 μαθήσει,
655 385 702 412 καὶ
723 385 867 421 καθάρσει,

66 433 110 460 καὶ
125 435 159 468 τῇ
180 433 238 459 τῶν
256 433 347 469 ἔργων
363 431 485 467 εὐποιία,
500 431 558 458 ἀλλ’
571 432 602 458 οὐ
615 431 693 466 φύσει
712 430 868 466 σωζομένης

68 479 115 514 τῆς
128 479 261 514 ἐκλογῆς.
281 477 317 506 '0
332 479 359 514 γ’
376 476 424 505 οὖν
446 477 582 514 Ἀϐραὰμ,
604 478 638 504 δι’
654 477 740 512 ἀκοῆς
757 477 869 503 πιστεύ-

70 533 117 557 σας
131 527 166 560 τῇ
184 527 264 561 φωνῇ
281 525 350 561 (il),
367 526 402 561 τῇ
416 524 470 551 ὑπὸ
484 523 534 560 τὴν
549 524 615 560 δρῦν
634 523 682 559 τὴν
698 525 727 550 ὲν
743 523 865 559 Μαμϐρῇ

68 571 310 608 ἐπαγγειλαμένη·
334 572 388 598 Σοὶ
411 570 516 605 δίδωμι
535 570 594 605 τὴν
608 569 668 604 γῆν
689 570 802 604 ταύτην
817 570 868 596 καὶ

68 618 106 651 τῷ
121 618 276 653 σπέρματί
292 625 352 645 σου
364 626 372 633 ·
392 618 453 653 ἢτοι
477 617 603 649 ἐκλεκτὸς
619 614 665 652 ἦν,
682 616 699 652 ἢ
721 615 762 643 οὗ.
797 616 867 643 Ἀλλ’

70 666 93 691 εξ
110 664 158 701 μὶν
174 665 228 691 οὐκ
251 662 288 700 ἦν
301 685 309 696 ,
335 663 394 696 πῶς
410 663 512 695 εὐθέως
527 662 688 690 ἐπίστευσεν
714 660 771 689 οἷον
789 671 868 697 φυσι-

72 711 138 742 παέιςς
155 713 179 737 εἰ
195 711 226 738 δὲ
242 709 278 746 ἦν
301 709 439 742 ἐκλεκτὸς,
457 709 564 736 λέλυται
581 709 672 741 αὐτοῖς
691 709 708 744 ὴ
728 708 865 741 ὑπόθεσις,

73 757 269 792 εὖρισιομένης
297 757 344 783 καὶ
366 756 419 792 πρὸ
440 756 489 791 τῆς
511 755 558 783 τοῦ
585 755 688 791 Κυρίου
715 755 868 791 παρουσίας

74 804 193 839 ἐκλογῆς,
222 803 271 830 καὶ
293 803 324 838 δὴ
350 803 398 829 καὶ
420 802 594 838 σωζομένης·
625 802 782 836 Ἐλογίσθη
811 801 866 837 γὰρ

75 849 147 883 αὐτῷ
155 851 201 882 εις
213 849 426 883 δικαιοσύνην.
445 848 508 875 Ἐὰν
520 848 575 884 γάρ
586 857 627 880 τις
641 848 779 884 τολμήσας
786 846 863 884 λέγῃ,

921 245 987 272 dicit
1003 245 1092 273 ﬁdem.
1111 245 1180 273 Sunt
1196 252 1261 280 ergo
1283 253 1483 280 supervacanea
1500 251 1633 282 praecepta
1651 251 1709 275 tam

921 292 949 319 in
968 291 1058 320 Veteri
1075 299 1157 328 quam
1174 293 1203 319 in
1220 291 1296 319 Novo
1315 291 1502 325 Testamento,
1526 301 1588 320 cum
1610 298 1709 322 natura

920 338 1014 366 salvus
1037 338 1082 366 liat
1099 338 1214 374 aliquis,
1237 343 1268 365 ut
1286 338 1345 365 vult
1363 337 1534 368 Valentinus.
1559 343 1587 366 et
1605 340 1642 367 sit
1659 347 1711 366 na—

920 387 982 412 tura
1007 384 1095 412 ﬁdelis
1118 388 1145 411 et
1167 384 1282 416 electus.
1307 388 1337 412 ut
1363 388 1441 419 putat
1469 384 1622 417 Basilides;
1650 386 1708 414 ﬁeri

919 429 1001 457 etiam
1016 433 1122 465 poterat
1135 433 1174 463 ut,
1189 429 1292 465 absque
1303 430 1419 458 adventu
1436 429 1601 463 Servatoris,
1617 432 1710 467 aliquo

918 475 1030 503 tandem
1047 480 1170 510 tempore
1184 480 1277 510 posset
1294 479 1392 502 natura
1406 476 1640 511 resplendescere.
1660 478 1709 505 Sin

919 526 1010 549 autem
1027 521 1211 549 necessarium
1225 521 1344 549 dixerint
1353 521 1385 549 ad
1392 525 1500 550 ventum
1513 522 1632 555 Domini,
1644 530 1710 550 eva-

919 568 1008 596 nescit
1032 568 1072 596 eis
1099 573 1206 596 natura:
1223 569 1402 604 praerogativa
1421 577 1428 595 :
1451 577 1512 596 cum
1535 569 1659 597 doctrina
1682 575 1710 598 et

919 616 1080 651 purgatione
1091 620 1118 643 et
1134 615 1267 642 bonorum
1286 623 1400 650 operum
1418 614 1571 647 ell'ectione,
1586 623 1642 643 non
1658 623 1709 643 au-

918 666 972 689 tem
990 666 1100 693 natura,
1118 666 1242 690 servetur
1257 661 1366 690 electio.
1385 662 1523 690 Abraham
1541 663 1642 698 itaque,
1662 663 1709 698 qui

918 716 968 743 per
988 708 1111 735 auditum
1133 707 1249 736 credidit
1264 708 1335 740 voci,
1359 716 1419 744 qua:
1444 709 1497 736 sub
1513 717 1627 744 quercu,
1648 717 1710 744 quas

917 758 977 782 erat
992 755 1019 782 in
1035 754 1167 786 Mambre,
1182 758 1224 782 est
1240 755 1361 790 pollicita
1380 764 1387 782 :
1405 753 1444 781 Do
1459 754 1506 782 tibi
1523 759 1621 782 terram
1641 755 1710 782 hanc

917 807 942 828 et
959 802 1052 828 semini
1063 806 1107 828 tuo
1119 802 1140 833 ⁷,
1152 801 1292 829 electusne
1312 806 1381 832 erat,
1400 809 1434 828 an
1456 802 1530 829 non?
1545 800 1599 829 Sed
1614 802 1638 829 si
1653 810 1708 829 non

918 852 978 876 erat
1004 848 1126 884 quidem,
1152 848 1290 882 quomodo
1316 848 1409 875 statim
1436 847 1554 876 credidit
1577 851 1709 883 tanquam

75 895 214 930 Παρκὶωνι
236 896 381 930 ἑπόμενος,
399 895 444 921 τὸν
466 894 635 930 Δημιουργὺν
653 893 750 926 σώζειν
764 894 810 920 τὸν
827 895 866 926 εἰς

921 894 1101 922 naturaliter?
1125 894 1167 922 sin
1192 897 1284 922 autem
1302 898 1362 922 erat
1385 894 1500 924 electus.
1523 894 1643 922 solutum
1666 898 1710 921 est

76 942 148 969 αὒτδν
167 941 367 973 πιστεύσαντα,
383 941 430 968 καὶ
448 941 500 976 πρὸ
515 941 564 976 τῆς
580 940 627 968 τοῦ
644 940 746 977 Κυρίου
763 949 867 976 παρου-

77 987 142 1019 σίας,
159 987 280 1022 ἐκλογῆς
292 987 340 1014 καὶ
355 987 388 1023 δὴ
404 987 451 1014 καὶ
467 987 624 1024 σωζομένης
639 988 690 1023 τὴν
707 988 775 1014 ἰδίαν
785 987 866 1015 αὑτοῦ

77 1033 210 1068 σωτηρίαν
227 1033 287 1068 (19.)
306 1033 609 1069 παρευὼκιμηθὴσεται
627 1034 681 1068 (15)
697 1033 772 1069 αὐτῷ
788 1036 804 1070 ἡ
819 1033 867 1060 τοῦ

79 1079 190 1113 ’Δγαοοῦ
196 1078 324 1114 δύναμις.
333 1079 382 1114 ὀψὲ
391 1079 438 1106 καὶ
449 1079 517 1115 μετὰ
524 1079 568 1106 τὸν
577 1080 623 1106 ὑπ’
634 1079 723 1106 αὐτῶν
729 1081 797 1116 εὐφη
802 1080 868 1115 μού-

75 1134 148 1161 μενον
161 1127 199 1161 Δη
204 1134 268 1160 μιου
274 1125 338 1161 ργὸν
347 1125 546 1161 ἐπιϐαλλομένη
558 1125 662 1158 σώζειν,
672 1126 718 1153 καὶ
727 1127 796 1163 αὐτὴ
809 1127 868 1162 ἤτοι

75 1172 184 1208 μαθήσει
206 1171 224 1206 ἢ
249 1172 299 1198 καὶ
330 1172 445 1207 μιμήσει
469 1171 575 1198 τούτου.
603 1171 683 1198 Ἀλλὰ
711 1172 763 1199 κᾶν
782 1172 868 1204 οὕτως

72 1218 136 1253 ἔχων
150 1217 228 1254 σώζῃ
242 1219 304 1244 κατ’
320 1218 418 1250 αὐτοὺς
431 1218 445 1244 ὀ
465 1217 590 1252 Ἄγαϐος,
613 1218 675 1245 οὔτε
687 1219 751 1251 τοὺς
769 1218 850 1252 ἰδίους
860 1241 868 1253 ,

72 1263 129 1291 οὔτε
146 1264 219 1300 μετὰ
239 1265 291 1300 ’τῆς
308 1263 422 1300 γνώμης
438 1263 486 1291 τοῦ
509 1265 690 1300 πεποιηκότος
710 1265 760 1301 τὴν
780 1265 869 1292 κτίσιν

73 1311 202 1346 ἐπιχειρεῖ
224 1311 277 1346 τὴν
298 1311 447 1346 σωτηρίαν,
473 1310 518 1347 βίᾳ
539 1311 566 1337 δὲ
588 1311 604 1346 ἦ
624 1311 704 1347 δόλῳ.
730 1310 784 1338 Καὶ
809 1312 869 1345 πῶς

72 1356 108 1382 ἔτι
120 1356 224 1390 ἀγαθὸς
237 1358 253 1383 ὁ
267 1356 366 1388 οὕτως,
382 1356 429 1383 καὶ
445 1356 573 1392 ὕστερος
596 1357 628 1384 Εἰ
649 1357 677 1384 δὲ
690 1358 704 1384 ὁ
717 1357 799 1390 τόπος
812 1358 870 1385 δια-

74 1402 154 1438 φέρει,
169 1402 220 1429 καὶ
234 1403 253 1437 ὴ
273 1402 343 1438 μονὴ
359 1402 407 1429 τοῦ
433 1403 654 1438 παντοκράτορος
672 1402 795 1430 λείπεται
814 1404 870 1431 ἀπὸ

73 1448 118 1482 τῆς
129 1448 177 1475 τοῦ
200 1447 309 1482 ἀγαθοῦ
332 1447 402 1475 Θεοῦ
430 1448 530 1484 μονῆς·
545 1448 603 1475 ἀλλ’
625 1450 643 1484 ὴ
665 1448 713 1475 τοῦ
737 1444 869 1482 σώζοντος

73 1493 195 1529 βούλησις
209 1494 263 1521 οὐκ
276 1494 458 1521 ἀπολείπεται
473 1494 520 1521 τοῦ
543 1495 657 1529 ἀγαθοῦ,
673 1495 690 1531 ἥ
711 1504 742 1530 γε
755 1504 870 1533 προκατ-

70 1544 183 1578 άρξασα.
224 1540 348 1576 ’Δνόητοι
364 1541 419 1576 ἄρα
439 1541 464 1567 οί
489 1540 598 1568 ἄπιστοι
611 1542 643 1568 ἐκ
656 1541 710 1568 τῶν
724 1543 868 1578 προδιηνυο

73 1586 177 1620 σμένων
191 1587 260 1622 ἡμῖν
273 1586 427 1614 δείκνυνται
440 1595 448 1602 ·
470 1588 505 1614 Al
518 1588 573 1622 γὰρ
592 1587 647 1623 (14)
662 1588 753 1622 τρΙόοι
768 1587 868 1615 αὐτῶν

71 1631 314 1667 διεστραμμέγαι,
343 1633 394 1660 καὶ
418 1633 474 1660 οὐκ
497 1633 603 1660 ἴσασιν
626 1633 761 1668 εἰρήνην,
786 1635 868 1670 φησὶν

72 1678 87 1704 ό
98 1680 254 1714 προφήτης.
277 1679 333 1712 Τὰς
350 1678 386 1705 δὲ
396 1679 497 1714 μωρὰς
509 1680 558 1706 καὶ
572 1680 769 1714 ἀπαιδεύτους
783 1681 868 1715 ζητή-

71 1731 136 1757 σεις
161 1725 372 1759 παραιτεῖσθαι
393 1725 408 1751 ὀ
431 1724 573 1757 θεσπέσιος
594 1726 731 1762 παρῄνεσε
751 1727 866 1760 Παῦλος,

70 1768 113 1797 ὅτι
125 1770 258 1805 γεννῶσι
269 1770 387 1805 μάχας·
403 1771 419 1798 ὃ
432 1779 460 1797 τε
473 1771 603 1807 Αἰσχύλος
619 1772 676 1808 (15')
689 1773 824 1809 κέκραγε·

918 949 1013 968 eorum
1032 940 1251 972 fundamentum,
1270 947 1333 968 cum
1357 940 1514 968 inveniatur
1529 943 1610 976 atque
1627 941 1710 968 etiam

918 987 992 1014 salva
1011 987 1057 1014 ﬁat
1077 987 1173 1014 electio
1197 990 1261 1014 ante
1277 986 1422 1014 adventum
1444 986 1551 1014 Domini
1567 994 1574 1013 :
1592 985 1709 1022 Reputa-

919 1038 973 1060 tum
993 1038 1030 1060 est
1051 1034 1119 1060 enim
1134 1034 1157 1060 ei
1178 1033 1212 1060 ad
1225 1033 1362 1068 justitiam
1375 1033 1396 1059 ⁸.
1417 1032 1449 1060 Si
1466 1033 1528 1068 quis
1545 1033 1617 1060 enim
1635 1035 1711 1061 ausit

918 1079 1027 1112 dicere,
1058 1087 1176 1114 sequens
1202 1078 1379 1111 Marcionem,
1411 1077 1568 1106 Creatorem
1597 1086 1710 1106 scrvare

918 1133 991 1157 eum,
1011 1124 1059 1160 qui
1076 1125 1103 1152 in
1120 1125 1210 1160 ipsum
1228 1124 1355 1157 credidit,
1379 1125 1461 1152 etiam
1476 1129 1542 1152 ante
1560 1125 1709 1152 adventum

919 1171 1037 1203 Domini,
1062 1179 1124 1198 cum
1143 1171 1253 1206 propria
1275 1171 1336 1205 ejus
1363 1171 1451 1198 salute
1478 1174 1603 1198 servetur
1625 1171 1708 1198 etiam

919 1217 1036 1250 electio;
1062 1217 1124 1252 plus
1141 1225 1222 1252 quam
1243 1225 1293 1252 par
1312 1218 1348 1244 sit
1365 1217 1399 1244 ab
1415 1223 1449 1244 eo
1473 1217 1710 1245 commendabitur

919 1262 987 1290 Boni
1001 1266 1134 1298 potestas,
1152 1266 1182 1289 ut
1194 1270 1254 1297 qua:
1268 1269 1340 1294 sero,
1357 1265 1384 1289 et
1394 1266 1458 1297 post
1471 1269 1545 1294 eum.
1558 1262 1604 1297 qui
1622 1263 1656 1289 ab
1668 1263 1709 1290 eis

916 1309 1047 1344 jactatur,
1063 1308 1232 1341 Creatorem,
1250 1308 1309 1343 ipsa
1324 1316 1433 1344 quoque
1448 1309 1563 1335 salutem
1580 1307 1646 1335 dare
1661 1316 1711 1343 ag-

918 1354 1070 1391 grediatur,
1085 1355 1129 1382 vel
1142 1355 1177 1382 ab
1187 1363 1220 1383 eo
1234 1355 1339 1387 edocta,
1356 1355 1398 1382 vel
1416 1363 1477 1382 cum
1493 1355 1615 1382 imitans.
1630 1354 1709 1387 Quod

918 1402 942 1430 si
965 1402 1002 1429 ila
1030 1409 1060 1430 se
1085 1401 1200 1435 habens,
1228 1401 1273 1428 det
1288 1401 1403 1429 salutem
1430 1400 1532 1433 Bonus,
1555 1409 1587 1428 ex
1611 1409 1709 1429 eorum

918 1449 1054 1477 sententia
1068 1469 1075 1481 ,
1092 1456 1180 1484 neque
1204 1455 1284 1479 suos.
1306 1455 1394 1483 neque
1414 1455 1476 1475 cum
1492 1448 1552 1483 ejus
1568 1448 1710 1476 voluntate

919 1497 965 1532 qui
983 1495 1048 1525 fecit
1063 1501 1231 1528 creaturam,
1249 1498 1307 1522 tum
1324 1495 1480 1530 aggreditur
1495 1495 1561 1523 dare
1579 1496 1708 1526 salutem,

920 1543 968 1571 sed
992 1544 1030 1575 vi,
1048 1543 1091 1571 vel
1113 1542 1186 1571 dolo.
1212 1541 1245 1569 Et
1260 1543 1397 1577 quomodo
1420 1542 1474 1570 erit
1498 1543 1593 1577 utique
1620 1543 1709 1571 bonus

921 1589 967 1625 qui
989 1589 1029 1617 sic
1043 1589 1118 1620 facit,
1133 1593 1161 1616 et
1176 1592 1218 1616 est
1235 1588 1392 1624 posterior?
1409 1588 1437 1615 Si
1457 1592 1548 1616 autem
1563 1588 1653 1616 dilTert
1670 1589 1712 1615 lo-

921 1641 972 1662 cus
995 1638 1022 1661 et
1038 1634 1146 1661 mansio
1164 1633 1378 1668 Omnipotentis,
1396 1638 1501 1661 remota
1525 1637 1567 1661 est
1588 1641 1603 1661 a
1631 1641 1711 1661 man-

921 1680 1000 1708 sione
1014 1680 1078 1707 boni
1093 1678 1139 1707 Dei
1152 1688 1159 1712 ;
1177 1682 1206 1706 at
1218 1679 1289 1714 ejus,
1302 1679 1348 1714 qui
1365 1679 1412 1707 dat
1429 1679 1556 1712 salutem,
1581 1680 1710 1708 voluntas

921 1735 977 1754 non
994 1731 1036 1754 est
1050 1729 1154 1754 remota
1171 1733 1187 1752 a
1200 1725 1284 1758 bono,
1308 1731 1337 1752 ut
1352 1733 1413 1761 qua:
1436 1726 1511 1761 prior
1530 1727 1653 1761 coeperit.
1670 1727 1710 1754 Ex

921 1774 955 1802 iis
976 1781 1052 1808 ergo,
1069 1780 1130 1808 quae
1154 1772 1283 1803 diximus.
1299 1771 1381 1808 234
1404 1772 1527 1800 inﬁdeles
1544 1781 1605 1801 csse
1616 1781 1710 1801 amen-

70 1819 111 1844 tes
126 1817 294 1845 ostenditur.
308 1817 418 1846 Semita:
436 1819 506 1846 enim
531 1827 621 1846 eorum
636 1824 698 1847 sunt
724 1829 862 1856 pen'ersa,
884 1828 908 1850 et
920 1822 1039 1849 nesciunt
1053 1829 1153 1855 pacem,
1178 1820 1267 1855 inquit
1283 1823 1312 1852 ᾗ
1331 1819 1460 1855 propheta
1475 1821 1496 1847 ‘.
1508 1819 1612 1848 Slullas
1621 1827 1710 1848 autem

69 1865 252 1892 «ineruditus
259 1866 418 1900 quastiones
425 1867 521 1899 vitare,
534 1866 665 1895 divinitus
676 1868 764 1896 suasit
776 1868 879 1898 Paulus
896 1870 928 1903 ω,
938 1869 1064 1905 quoniam
1080 1871 1205 1903 generant
1221 1875 1344 1902 pugnas;
1367 1871 1395 1894 ct
1416 1867 1516 1894 clamat
1539 1867 1687 1903 Escbylus
1700 1872 1707 1890 ε

143 1914 182 1940 Τὰ
192 1913 294 1948 μηδὲν
306 1913 483 1948 ὠφελοῦντα
493 1915 537 1950 μὴ
551 1916 636 1943 πόνει
646 1915 756 1951 μάτην.

69 1958 124 1994 Τὴν
140 1959 191 1994 μὲν
208 1959 265 1995 γὰρ
282 1959 352 1994 μετὰ
367 1960 484 1993 πίστεως
501 1961 644 1989 συνιοῦσαν
661 1963 785 1999 ζήτησιν,
795 1964 869 1991 ἐποι-

68 2006 241 2041 κοδομοῦσαν
260 2007 300 2042 τῷ
325 2006 442 2043 θεμελίῳ
467 2006 516 2043 τῆς
538 2008 657 2040 πίστεως
678 2009 727 2045 τὴν
752 2010 867 2045 μεγαλο-

67 2053 164 2090 πρεπῆ
182 2054 233 2089 τῆς
250 2052 382 2088 ἀληθείας
401 2053 513 2086 γνῶσιν,
527 2054 643 2090 ἀρίστην
665 2054 753 2090 ἴσμεν.
774 2057 867 2091 Ἴσμεν

67 2099 95 2126 δὲ
112 2100 152 2131 ὡς
166 2099 223 2135 ἄρα
235 2098 300 2126 οὔτε
317 2098 352 2125 τὰ
367 2099 472 2135 φανερά
494 2099 625 2134 ζητεῖται,
643 2098 709 2133 οἷον,
727 2103 752 2128 ει
775 2102 868 2138 ἡμέρα

68 2147 153 2179 ἐστὶν,
182 2146 293 2182 ἡμέρας
313 2145 414 2181 οὔσης·
435 2145 498 2172 οὔτε
514 2146 549 2173 τὰ
566 2147 650 2183 ἄδηλα
673 2148 720 2174 καὶ
739 2148 868 2175 οὐδέποτε

977 1916 1019 1944 Ne
1036 1917 1063 1944 in
1075 1917 1109 1944 iis
1124 1915 1228 1943 labores
1246 1920 1351 1948 temere,
1366 1923 1424 1950 qua:
1438 1915 1505 1942 nihil
1520 1915 1626 1949 juvant.

919 1964 989 1992 Nam
1015 1971 1075 1992 eam
1101 1963 1223 1999 quidem,
1251 1970 1312 1997 quae
1329 1969 1383 1990 una
1404 1969 1466 1989 cum
1492 1961 1545 1989 [ide
1568 1963 1710 1991 convenit.

920 2011 1109 2046 quaestionem,
1134 2017 1195 2045 qum
1217 2009 1397 2036 fundamento
1423 2008 1486 2036 ﬁdei
1510 2009 1711 2044 superazdiiicat

920 2056 1090 2092 splendidam
1113 2063 1143 2083 ac
1169 2055 1340 2090 magniﬁcam
1364 2055 1487 2083 veritatis
1512 2055 1709 2091 cognitionem,

922 2103 1055 2138 optimam
1075 2110 1136 2130 esse
1153 2101 1268 2129 scimus.
1287 2100 1395 2128 Scimus
1412 2104 1514 2133 autem,
1531 2101 1603 2136 quod
1621 2109 1710 2136 neque

921 2156 954 2176 ca
981 2148 1076 2183 utique
1100 2151 1272 2183 quazruntur,
1298 2154 1360 2182 qua
1389 2150 1454 2174 sunt
1478 2143 1641 2179 manifesta;
1669 2151 1709 2180 ut,

68 2192 243 2228 γενησόμενα
258 2191 373 2228 φανερὰ,
387 2192 426 2224 ὡς
437 2192 480 2224 τὸ,
492 2193 516 2219 εί
529 2193 617 2228 ἄρτιοί
634 2194 701 2221 εἰσιν
716 2195 740 2221 οἱ
755 2195 866 2230 ἀστέρες

923 2195 1039 2230 exempli
1057 2201 1152 2225 causa,
1179 2201 1213 2220 an
1229 2193 1265 2221 sit
1282 2193 1352 2225 dies,
1376 2200 1439 2220 cum
1455 2196 1497 2220 est
1521 2193 1598 2225 dies;
1621 2201 1710 2228 neque

67 2237 85 2272 ἢ
103 2238 251 2274 περιττοί·
277 2237 334 2264 ἀλλ’
355 2238 416 2264 οὐδὲ
436 2238 471 2265 τὰ
488 2238 702 2274 ἀντιστρέφοντα
728 2239 803 2276 (16)·
826 2240 872 2267 ἀν-

924 2248 956 2268 ca
969 2249 1030 2276 qua:
1049 2244 1112 2268 sunt
1124 2240 1238 2272 incerta,
1256 2242 1283 2267 et
1299 2246 1439 2274 nunquam
1453 2238 1510 2267 ﬁeri
1522 2244 1638 2275 possunt
1652 2247 1711 2267 ma-

102 2310 115 2343 !
131 2308 204 2336 Gen.
221 2316 291 2339 xvu,
305 2307 333 2335 8.
369 2307 386 2328 «⁸
400 2298 469 2336 lbid.
485 2315 530 2342 xv,
545 2308 577 2342 6;
592 2307 672 2337 Rom.
686 2318 723 2342 Iv,
739 2310 766 2338 5.
801 2313 831 2343 >14
847 2310 878 2338 Ρ.
901 2310 953 2338 646
968 2310 1022 2339 ED.
1042 2309 1198 2343 PO'l‘TER,
1212 2310 1265 2338 5H
1276 2309 1331 2338 ΕΙ).
1348 2308 1461 2336 PABIS.
1506 2309 1517 2325 ‘
1533 2309 1584 2337 lsa.
1601 2318 1664 2342 ιιι.
1681 2303 1713 2338 8(

71 2342 128 2372 "Il
143 2343 220 2371 Tim.
238 2351 270 2376 ll,
286 2343 333 2372 25.

107 2412 163 2447 (H)
182 2412 224 2447 Τῇ
239 2410 334 2446 φωνῇ.
348 2411 454 2439 Dictum
471 2415 515 2440 est
530 2412 658 2440 Abramo.
670 2411 814 2447 Gemxvn,
826 2412 842 2440 8
859 2421 868 2440 :

73 2444 127 2475 κάλ
143 2444 371 2488 δώιξὸίοίςίκαὶ
386 2447 426 2480 τῷ
438 2447 585 2488 σπέρματι
598 2456 656 2488 σοι)
673 2447 730 2481 τὴν
745 2444 813 2482 γῆν,
830 2447 870 2488 ἣν

74 2483 236 2516 παροικεῖς.
260 2481 361 2510 Verum
388 2490 442 2509 non
457 2490 490 2510 eo
507 2483 577 2515 loco,
597 2482 645 2510 sod
666 2490 727 2516 cap.
747 2490 824 2514 xviu,
842 2483 868 2516 1,

77 2518 176 2545 dicitur
197 2517 271 2545 Deus
294 2517 374 2552 juxta
399 2525 524 2553 quercum
545 2518 574 2544 in
600 2516 722 2544 Mambre
740 2525 803 2545 cum
835 2526 868 2545 eo

76 2557 200 2580 versatus
216 2553 312 2580 fuisse.

111 2588 167 2623 (l2)
184 2587 245 2621 Τὴν
257 2587 338 2614 ἰδίαν
355 2587 450 2614 αὐτοῦ
463 2594 494 2614 σ.
511 2586 566 2615 Hoc
581 2591 634 2620 est,
655 2586 768 2615 salutem
783 2586 865 2615 Crea-

80 2625 128 2649 tori
141 2624 285 2657 propriam,
303 2630 353 2650 seu
369 2623 404 2649 ab
421 2623 467 2649 illo
483 2623 620 2650 collatam.

113 2659 167 2693 (15)
183 2657 523 2693 Παρευδοκιμηθήσεται.
546 2657 692 2692 Perperam
717 2657 863 2693 interpres,

82 2691 310 2728 commendabitur.
320 2691 397 2720 veru
408 2693 510 2724 debuit,
523 2691 867 2728 obscu’rabiturﬁamzap-

87 2726 246 2762 ευδοκιμεῖν
271 2733 315 2756 est
329 2728 443 2762 gloriam
460 2728 576 2762 alicujus
587 2736 721 2762 superare,
742 2726 864 2762 adeoque

86 2763 223 2792 obscurare.
247 2763 675 2799 δυὶᾱθε,ῨΠαρειζδοκιμησάσης,
701 2763 862 2799 νικησάσης,

81 2799 133 2836 ἦτοι
145 2802 182 2833 εἰς
194 2799 273 2833 δόξαν
287 2797 459 2836 ὑπερϐάοης.
470 2797 655 2836 Vult'_auctor,
668 2797 742 2836 quod
757 2798 779 2825 si
795 2797 864 2832 quos

79 2834 161 2864 arandi
175 2836 306 2865 Creator,
331 2841 416 2868 quem
434 2834 551 2861 haeretici
574 2834 638 2860 mali
655 2834 745 2861 omnis
769 2837 866 2860 aucto-

75 2879 124 2901 rem
137 2881 199 2902 esse
216 2870 375 2908 putabant:
391 2868 724 2908 anleChristiAadventum
737 2876 864 2908 servave-

69 2910 109 2944 ιῑι,
123 2903 273 2944 conamini,
294 2908 328 2932 ut
347 2903 381 2930 ab
396 2911 425 2931 eo
447 2905 506 2933 boni
525 2904 585 2938 Dei,
597 2911 679 2940 quem
693 2903 796 2932 Christi
814 2911 863 2940 pa-

922 2415 991 2439 trem
1014 2411 1196 2447 appellabant,
1216 2416 1332 2446 potestas
1349 2416 1377 2440 ct
1395 2410 1481 2448 gloria
1497 2412 1661 2446 obstaretur,
1681 2419 1710 2442 ut

922 2448 968 2482 qui
985 2455 1038 2474 non
1057 2455 1089 2474 ex
1108 2455 1148 2477 se.
1173 2448 1220 2475 sed
1236 2456 1284 2482 per
1303 2449 1477 2476 imitationem
1493 2448 1632 2477 Creatoris
1660 2450 1710 2476 bo-

922 2483 1011 2510 mines
1024 2483 1110 2509 salvos
1121 2488 1237 2517 Pl‘lL’SIL‘l.

958 2518 1014 2552 (Μ)
1033 2519 1068 2554 A_l
1082 2527 1109 2552 γ.
1127 2517 1183 2554 Isa.
1197 2526 1270 2554 _le7:
1289 2519 1324 2545 Al
1345 2519 1400 2554 γὰρ
1419 2519 1512 2553 τρίϐει
1531 2519 1631 2546 αὐτῶν
1649 2519 1709 2547 διε-

921 2552 1115 2587 στραμμέναι,
1135 2552 1172 2586 ἃς
1191 2551 1370 2587 διοδεύουσὶ,
1381 2551 1441 2581 ’καί
1455 2555 1510 2581 οὐκ
1533 2554 1652 2582 οἴδασιν
1667 2558 1709 2583 εί-

913 2587 1015 2622 ρὴνην

953 2622 1009 2658 (l5)
1025 2623 1187 2657 Αἰσχύλος.
1204 2621 1450 2652 Theodoretuslib.
1468 2632 1504 2652 iv.
1520 2623 1621 2652 Contra
1634 2624 1709 2654 Gre:-

917 2665 962 2685 cos
978 2659 1045 2685 citat
1063 2659 1135 2685 hunc
1151 2666 1258 2685 versum
1274 2668 1279 2685 :

975 2693 1018 2729 [ὁ
1022 2692 1120 2728 μηδὲν
1133 2693 1306 2728 ὠφελοῦντα
1319 2694 1362 2729 μὴ
1377 2692 1453 2727 {liter
1469 2693 1565 2729 μάτην
1577 2699 1583 2705 ·

973 2727 1014 2754 Nc
1025 2727 1112 2763 qurere
1128 2729 1242 2762 frustra,
1258 2727 1399 2764 qum-nihil
1414 2727 1627 2763 tibi'confemnt:

918 2770 973 2800 non
999 2764 1130 2800 utbabet
1146 2764 1281 2800 Clemens,
1295 2764 1340 2800 pr}
1355 2766 1429 2800 πόνει
1455 2765 1551 2798 μάτην»
1567 2766 1707 2793 (ὶοιιεπ.

922 2798 1023 2834 Versus
1036 2799 1082 2826 ille
1100 2799 1128 2826 in
1146 2799 1270 2834 .‘Eschyli
1291 2798 1444 2827 Prometheo
1459 2801 1543 2827 vinclo
1571 2804 1670 2827 exstat.

954 2832 1011 2869 (lij)
1035 2835 1073 2861 Τὰ
1095 2832 1342 2869 ἀντιστρέφοντα.
1358 2835 1429 2867 Quid
1449 2842 1481 2862 ea
1507 2835 1573 2864 sint.
1599 2834 1708 2862 docebit

917 2868 969 2932 ἕο
979 2868 1083 2932 ἣοόιὶιιε
1108 2870 1156 2899 lib.
1182 2879 1220 2904 ix,
1239 2868 1307 2907 'cap.
1334 2871 1397 2905 ult.,
1420 2873 1448 2897 et
1470 2869 1578 2905 plenius
1602 2870 1650 2898 lib.
1672 2877 1706 2904 ν,

917 2911 979 2935 €30.
996 2911 1040 2932 ιυ.
