1942 3077
249 110 279 137 Η
831 107 1026 137 CLEMENTIS
1044 106 1280 136 ALEXANDRINI
1843 116 1875 144 η

247 167 325 194 habet
341 174 418 194 auru
433 165 568 199 audiendi,
588 165 682 193 audiat
697 167 716 197 ί,
731 170 760 193 ut
777 166 884 193 scilicet
901 174 961 193 cum
976 172 1018 192 ere

1087 173 1189 196 νος,...
1203 163 1337 198 μάλιστα
1355 165 1380 191 δ’
1395 164 1437 191 ὅτ’
1451 165 1563 192 ἔκλυον
1584 166 1668 193 αὐτοὶ
1687 166 1725 203 (4)
1736 187 1743 198 ,
1767 173 1873 204 γράφει.

246 213 357 246 diderit,
381 212 519 248 intelligat
529 220 561 240 ea
591 221 652 247 qua:
667 212 745 245 dicit,
764 216 793 238 ut
809 211 885 239 dicit.
902 211 1018 239 Caeterur

1087 209 1124 236 Τὸ
1146 209 1201 246 γὰρ
1217 210 1287 242 ὅλον,
1304 212 1320 246 ὴ
1337 211 1452 246 συνῳδία
1475 213 1521 238 καὶ
1545 213 1722 248 ήσυμφωνία.
1747 214 1797 249 τῆς
1824 216 1875 251 ἀμ-

246 258 384 286 Homerus
410 266 536 293 quoque,
565 263 706 293 poetarum
734 257 959 292 antiquissimus,
986 265 1017 292 pr

1085 258 1144 291 φοῖν
1160 257 1197 292 (ὅ)
1213 257 1340 289 πίστεως,
1356 258 1395 289 εἰς
1409 257 1438 284 ἓν
1452 258 1538 294 πέρας
1553 259 1739 293 καταγίνεται,
1755 260 1805 296 τὴν
1825 270 1875 288 σω-

244 305 401 338 sentiendo,
419 305 502 333 verbo
519 304 660 336 audiendi,
679 304 732 331 hoc
749 309 791 331 est
807 304 898 339 specie
923 311 973 339 pro
989 311 1035 339 ge-

245 359 321 383 nere,
336 359 414 383 usus,
428 351 542 379 scribit:
560 350 627 378 Cum
642 350 786 377 audiebant
803 351 917 377 maxime
933 355 956 376 et
972 350 1032 384 ipsi.

243 396 274 423 ln
290 404 396 424 summa
415 397 498 428 enim,
520 399 670 423 concentus
688 399 715 422 et
733 396 879 423 consensio
896 395 958 422 ﬁdei
975 402 1034 421 am-

242 443 352 475 borum,
375 444 402 470 in
420 450 473 470 uno
495 443 547 470 line
562 446 698 473 versatur,
718 450 814 476 nempe
831 441 929 469 salute.
947 440 1033 468 Verus

243 494 335 516 autem
350 490 429 517 nobis
447 490 525 517 testis
542 493 584 516 est
600 488 749 523 Apostolus
771 488 865 515 dicens
881 498 886 515 :
907 487 1032 514 Desidere

241 538 311 564 enim
326 536 412 563 uidere
427 544 481 569 vos,
496 540 525 562 ut
550 535 658 570 aliquod
681 535 753 562 vobis
777 535 874 561 donum
894 535 1032 569 impertiar

240 581 370 616 spiritale,
390 586 418 607 ut
442 589 486 607 vos
507 579 710 614 conﬁrmemini.
730 579 789 606 Hoc
812 585 898 606 autem
924 585 980 611 est,
1002 586 1030 606 ut

239 627 320 656 simul
334 626 539 654 consolationem
553 627 579 653 in
597 625 668 653 vobis
682 626 809 660 accipiant
822 634 867 660 per
888 634 958 657 eam,
972 633 1030 661 qua:

237 679 278 701 est
292 675 360 700 inter
374 681 420 700 nos
435 673 557 705 invicem,
577 672 668 707 ﬁdem,
689 677 800 699 vestram
815 677 838 699 et
863 681 946 699 meam
958 674 979 699 '.
997 671 1028 699 Et

237 727 337 748 rursus
358 720 440 754 paulo
470 719 585 747 interius
609 718 750 754 subjungit
773 718 910 746 :Justitia
940 724 1028 746 autrm

235 766 286 794 Dei
300 767 328 793 in
340 767 397 800 ipso
415 765 545 793 reuelatur
558 774 591 793 ea:
608 765 660 801 ﬁde
678 767 706 793 in
718 765 949 800 ﬁdem'.Videtur
960 774 1027 802 ergo

235 813 385 848 Apostolus
399 812 536 848 duplicem
567 812 647 839 ﬁdem
672 813 849 845 annuntiare,
871 813 914 841 vel
934 813 1025 848 potius

1084 303 1191 338 τηρίαν.
1209 302 1321 338 Μάρτυς
1335 304 1400 338 ἡμῖν
1414 303 1550 339 νημερτὴς
1564 305 1578 330 ὁ
1595 304 1764 337 Vin-651010;,
1780 305 1872 340 λέγων·

1091 348 1235 375 Ἐπιποθῶ
1249 350 1304 383 γὰρ
1320 348 1394 375 ἰδεῖν
1407 349 1495 384 ὑμᾶς,
1511 350 1562 376 ἵνα
1574 358 1601 376 τι
1613 350 1731 384 μεταδῶ
1745 351 1875 388 χάρισμα

1082 395 1154 429 ὑμῖν
1166 395 1369 429 πνευματικὸν
1377 396 1420 428 εὶς
1432 397 1464 424 τὸ
1476 396 1674 431 στηριχθῆναι
1686 397 1775 432 ὑμᾶς.
1785 399 1874 427 Τοῦτο

1082 440 1115 466 δέ
1127 441 1203 474 ἐστι,
1217 441 1507 476 συμπαρακληθῆναι
1519 442 1555 468 ἐν
1564 442 1635 476 ὑμῖν
1647 442 1696 470 διὰ
1708 442 1763 477 τῆς
1775 444 1810 470 ἐν
1822 445 1874 472 ἀλ-

1081 485 1188 519 λήλοις
1202 487 1331 520 πίστεως
1346 486 1429 521 ὑμῶν
1442 496 1474 514 τε
1484 488 1532 514 καὶ
1546 488 1628 522 ἐμοῦ.
1644 489 1699 515 Καὶ
1713 489 1794 516 πάλιν
1809 490 1874 518 ὑπο-

1081 532 1142 563 ϐὰς,
1162 532 1274 566 ἐπάγει·
1291 533 1469 567 Δικαιοσύνη
1484 532 1518 560 δὲ
1535 534 1609 561 Θεοῦ
1621 534 1657 561 ἐν
1669 535 1749 568 αὐτῷ
1762 535 1873 562 ἀποκα-

1080 579 1225 606 λύπτεται
1235 579 1269 605 ἐκ
1281 579 1409 612 πίστεως
1416 581 1458 612 εὶς
1471 580 1584 607 πίστιν.
1590 580 1787 608 Φαίνεταιοῦνό
1799 582 1873 609 Ἀπό-

1081 624 1172 656 στολος
1185 625 1276 661 διττὴν
1292 625 1484 660 καταγγέλλων
1501 627 1606 654 πίστιν·
1633 628 1732 663 μᾶλλον
1748 628 1776 655 δὲ
1797 629 1872 664 μίαν,

1079 669 1192 706 αὔξησιν
1220 672 1268 698 καὶ
1293 671 1431 699 τελείωσιν
1454 673 1656 709 ὲπιδεχομὲνην.
1681 674 1712 700 Ἠ
1739 675 1788 710 μὲν
1818 675 1873 711 γὰρ

1078 717 1154 752 κοινὴ
1171 716 1208 752 (6)
1233 717 1324 749 πίστις
1356 718 1482 754 καθάπερ
1498 719 1622 755 θεμέλιος
1639 719 1800 747 ὑπόκειται·
1817 723 1873 753 τοῖς

1077 764 1102 797 γ’
1119 761 1165 790 οὖν
1180 762 1379 800 θεραπευθῆναι
1403 763 1529 791 ποθοῦσιν
1544 765 1558 791 ὁ
1572 765 1673 801 Κύριος
1702 766 1806 798 πιστῶς
1829 775 1872 793 κι-

1077 817 1122 836 νου
1127 810 1226 845 μένοις,
1241 810 1378 845 ἐπέλεγεν·
1395 811 1429 838 Ἠ
1442 811 1544 844 πίστις
1555 819 1614 839 σου
1624 812 1741 839 σέσωκέ
1753 820 1801 839 σε·
1818 813 1871 848 ἡδὲ

235 866 330 891 unam,
348 867 408 894 qua:
434 862 609 893 augmentum
637 858 754 894 suscipit
770 863 796 886 et
819 858 1012 894 perfectionem

1077 855 1222 892 ἐξαιρέτως
1237 856 1483 892 ὲποικοδομουμένη
1501 857 1699 885 συντελειοῖηαι
1716 858 1756 894 τῷ
1770 859 1870 894 πιστῷ.

235 902 305 930 Nam
320 903 475 931 communis
491 903 601 937 quidem
619 902 686 930 ﬁdes
703 903 782 931 alteri
799 903 943 938 subjicitur
964 907 1026 930 tan—

235 957 318 985 quam
340 948 559 977 fundamentum.
577 948 612 976 lis
630 949 739 984 quidem
768 953 841 976 certe
858 949 904 984 qui
929 949 1024 984 cupie-

234 996 302 1023 bant
318 997 421 1028 curari,
438 1000 468 1023 ut
485 995 532 1031 qui
550 994 667 1023 ﬁdeliter
691 1000 876 1028 moverentur,
894 996 1021 1024 dicebat:

234 1042 316 1070 Fides
331 1047 377 1069 tua
393 1046 417 1069 te
437 1042 539 1069 salvum
555 1041 616 1076 fecit
630 1041 651 1069 ".
667 1041 732 1075 Quae
746 1045 836 1073 autem
851 1042 950 1069 eximie
974 1050 1023 1070 su-

233 1088 445 1125 pertediﬁcatur,
467 1088 539 1115 ﬁdeli
551 1091 770 1119 consummatur,
787 1092 815 1116 et
831 1096 927 1116 rursus
943 1088 1024 1124 perﬁ-

233 1135 306 1162 citur
321 1143 369 1170 per
385 1141 456 1167 eam,
471 1141 533 1169 quae
555 1133 662 1161 accedit
677 1141 710 1160 ex
727 1133 851 1161 doctrina
865 1137 892 1161 et
918 1134 1023 1162 ratione

232 1181 380 1217 peragendi
403 1179 540 1207 mandata.
564 1178 727 1214 Hujusmodi
744 1182 823 1206 erant
839 1179 971 1214 apostoli,
989 1179 1022 1207 de

232 1227 333 1262 quibus
349 1226 454 1253 dictum
469 1228 523 1258 est,
540 1225 618 1260 [idem
635 1229 735 1251 montes
751 1229 927 1253 transmovere
940 1230 965 1253 et
981 1234 1021 1252 ar-

232 1269 306 1301 toto.
332 1272 530 1306 transpltmtare
541 1272 562 1298 ⁸.
580 1269 657 1298 Unde
672 1278 733 1297 cum
749 1271 901 1299 sensissent
915 1272 1022 1307 magni-

229 1321 353 1348 tudinem
371 1319 525 1355 potestatis,
537 1318 672 1354 rogabant
690 1321 718 1345 ut
733 1317 874 1345 adderetur
889 1318 926 1345 eis
943 1317 1019 1353 ﬁdes,

230 1375 290 1401 qua:
303 1370 333 1393 ut
349 1374 462 1400 granum
479 1365 579 1399 sinapis
593 1365 603 1381 ⁸
619 1364 758 1392 morderet
773 1365 874 1392 utiliter
888 1365 1019 1397 animam,

228 1417 257 1440 et
275 1413 303 1440 in
321 1414 381 1447 ipsa
398 1412 466 1440 adeo
483 1415 630 1444 cresceret,
649 1414 680 1438 ut
699 1411 726 1438 in
743 1411 802 1446 ipsa
817 1411 1021 1446 requiescerent

229 1460 263 1487 de
278 1459 361 1487 rebus
379 1458 544 1486 sublimibus
565 1458 697 1485 rationes.
714 1457 743 1484 Si
759 1457 821 1492 quis
844 1457 916 1484 enim
934 1456 1019 1484 Deum

229 1506 281 1534 scit
297 1509 404 1536 natura,
419 1508 448 1532 ut
459 1505 595 1532 existimat
615 1503 796 1536 EBasilides,
812 1503 1019 1538 intelligentiam

1075 903 1123 928 καὶ
1134 901 1363 938 συναπαρτίζεται
1378 901 1411 930 αὖ
1423 904 1456 939 τῇ
1468 904 1499 930 ὲκ
1511 903 1654 939 μαθήσεως
1670 905 1870 941 περιγινομένη

1075 949 1122 974 καὶ
1140 947 1188 974 τοῦ
1203 948 1281 982 λόγου
1295 948 1345 980 τὰς
1361 949 1470 980 ἐντολὰς
1483 949 1615 977 ἐπιτελεῖν
1630 950 1684 986 (7)-
1700 952 1786 978 ὁποῖοι
1799 949 1871 987 ἦσαν

1075 994 1100 1020 οι
1137 993 1280 1020 ἀπόστολοι
1297 1014 1303 1025 ,
1328 995 1369 1029 ἐφ’
1398 991 1435 1022 ὧν
1463 994 1521 1029 τὴν
1542 996 1647 1023 πίστιν
1672 996 1726 1031 ὄρη
1749 1005 1870 1032 μετατι-

1075 1038 1172 1072 θέναι,
1186 1039 1235 1067 καὶ
1254 1039 1363 1074 δένδρα
1378 1042 1594 1075 μεταφυτεύειν
1608 1041 1738 1069 δύνασθαι
1751 1043 1869 1078 εἴρηται.

1076 1087 1172 1121 Ὀθεν,
1201 1087 1356 1123 αἰσθόμενοι
1384 1087 1432 1114 τοῦ
1471 1087 1613 1123 μεγαλείου
1634 1089 1684 1124 τῆς
1710 1089 1868 1125 δυνάμεως,

1073 1133 1166 1168 ἠξίουν
1178 1133 1214 1169 (8)
1233 1134 1422 1168 προστιθέναι
1434 1135 1536 1168 αὐτοῖς
1553 1135 1658 1162 πίστιν
1675 1135 1724 1171 τὴν
1742 1136 1780 1168 ὠς
1801 1137 1870 1162 κόκ-

1072 1188 1127 1206 κον
1142 1179 1292 1213 σινάπεως
1306 1180 1502 1207 ὲπιδάκνουσαν
1525 1180 1671 1216 ὠφελίμως
1693 1181 1741 1217 τὴν
1763 1181 1868 1218 ψυχὴν,

1073 1225 1120 1252 καὶ
1142 1226 1171 1252 ὲν
1192 1226 1261 1261 αὐτῇ
1281 1225 1416 1259 αὔξουσαν
1441 1226 1615 1262 μεγαλωστὶ,
1641 1227 1679 1259 ὠς
1707 1227 1870 1254 ἐπαναπαύ-

1075 1271 1153 1298 εσθαι
1169 1273 1237 1308 αὐτῇ
1266 1273 1329 1304 τοὺς
1352 1273 1416 1308 περὶ
1444 1273 1498 1300 τῶν
1516 1273 1669 1309 μεταρσίων
1693 1273 1731 1309 (9)
1758 1274 1866 1309 λόγους.

1071 1318 1103 1344 Et
1121 1318 1175 1354 γὰρ
1192 1318 1271 1353 φύσει
1287 1319 1342 1355 (10)
1358 1328 1400 1350 τις
1415 1319 1460 1346 τὸν
1473 1319 1539 1346 Θεὸν
1560 1320 1715 1352 ἐπίσταται,
1731 1319 1768 1352 ὡς
1785 1320 1868 1347 Βασι-

1071 1364 1160 1400 λείδης
1178 1365 1274 1398 οἴεται,
1295 1364 1344 1401 τὴν
1361 1365 1453 1401 νόησιν
1470 1365 1519 1401 τὴν
1539 1365 1678 1403 ἐξαίρετον
1698 1367 1790 1393 πίστιν
1808 1367 1869 1402 ἅμα

1071 1411 1117 1437 καὶ
1130 1409 1276 1445 βασιλείαν,
1296 1411 1344 1437 καὶ
1364 1411 1455 1438 καλῶν
1471 1411 1560 1438 κτίσιν
1575 1412 1671 1444 οὐσίας
1694 1411 1773 1443 ἀξίαν
1784 1419 1792 1426 ·
1818 1412 1867 1439 τοῦ

1070 1457 1232 1492 ποιήσαντος
1239 1457 1350 1493 πλησίον
1358 1458 1491 1493 ὑπάρχειν
1499 1458 1583 1494 αὐτὴν
1592 1458 1750 1494 ἑρμηνεύων
1758 1459 1867 1490 οὐσίαν,

1070 1502 1127 1529 ἀλλ’
1143 1502 1192 1529 οὐκ
1205 1503 1337 1535 ἐξουσίαν,
1355 1504 1401 1530 καὶ
1415 1504 1506 1538 φύσιν,
1521 1505 1569 1530 καὶ
1581 1504 1730 1531 ὑπόστασιν
1747 1504 1868 1536 κτίσεως

227 1552 356 1580 eximiam
374 1550 454 1578 ﬁdem
472 1550 554 1578 simul
578 1554 605 1578 et
627 1557 741 1585 regnum
762 1556 876 1581 vocans,
893 1552 920 1576 et
939 1556 1016 1577 crea-

1070 1549 1250 1585 ᾰνυπερθέτου
1267 1550 1364 1582 κάλλος
1374 1550 1534 1586 ἀδιόριστον,
1551 1551 1611 1587 οὐχὶ
1626 1551 1655 1577 δὲ
1669 1551 1759 1586 ψυχῆς
1780 1552 1869 1577 αὐτε-

226 1599 317 1623 :uram
332 1596 451 1623 essentia
468 1595 588 1631 dignam,
605 1603 689 1631 prope
703 1603 765 1622 eum
784 1594 830 1630 qui
848 1594 912 1622 iecit
929 1594 1015 1630 ipsam

226 1649 289 1670 esse
307 1642 490 1677 interpretans
504 1642 661 1674 essentiam,
675 1641 722 1669 sed
734 1649 788 1668 non
801 1644 973 1676 potestatem,
987 1645 1015 1668 et

226 1690 365 1718 naturam,
390 1690 417 1714 et
442 1686 622 1714 substantiam
646 1691 779 1714 creaturae
805 1694 865 1721 quae
889 1687 1014 1722 superari

226 1741 281 1760 non
293 1736 382 1767 potest
399 1731 569 1760 indeﬁnitum
587 1732 831 1767 pulchritudinem,
853 1740 908 1760 non
922 1737 1012 1760 autem

281 1810 290 1826 ί
305 1809 400 1837 Matth.
417 1817 456 1842 ιιι,
471 1809 514 1837 15.
552 1810 562 1825 ¹
579 1809 658 1836 Rom.
675 1818 694 1840 ι.
712 1810 756 1841 Η,
774 1810 816 1837 t2.
867 1811 878 1826 ³
896 1809 964 1838 Ibid.
984 1811 1026 1838 Π.

1070 1594 1195 1628 ξουσίου,
1219 1595 1331 1632 λογικὴν
1360 1595 1558 1630 συγκατάθεσιν
1583 1596 1657 1631 λέγει
1684 1597 1734 1633 τὴν
1752 1597 1865 1624 πίστιν.

1068 1641 1238 1677 Παρὲλκουσι
1254 1642 1343 1669 τοίνυν
1360 1643 1389 1669 αἱ
1414 1642 1530 1675 ἐντολαὶ,
1546 1643 1619 1670 αἵτε
1645 1643 1716 1670 κατὰ
1738 1643 1788 1679 τὴν
1812 1651 1868 1670 πα-

1067 1687 1193 1719 λαιὰν,αἱ’
1200 1697 1229 1715 τε
1243 1688 1314 1715 κατὰ
1328 1688 1377 1724 τὴν
1390 1689 1452 1716 νέαν
1469 1688 1616 1725 Διαθήκην,
1640 1689 1719 1724 φύσει
1737 1689 1868 1724 σωζομέμ

1067 1742 1124 1767 νου,
1143 1733 1181 1766 ὡς
1197 1734 1373 1767 οὒαλεντῖνος
1394 1734 1527 1770 βούλεται,
1543 1735 1626 1766 τινος,
1644 1735 1691 1762 καὶ
1711 1735 1791 1769 φύσει
1817 1744 1867 1762 an.

1066 1810 1185 1846 fhlalth.
1200 1819 1237 1844 lx,
1251 1811 1297 1838 ‘22.
1344 1812 1354 1828 ⁵
1370 1811 1464 1840 Matth.
1482 1820 1555 1846 xvn,
1569 1812 1622 1845 20;
1639 1811 1706 1840 Luc.
1725 1820 1781 1840 xrn
1792 1833 1801 1846 ,
1827 1812 1865 1846 6;

226 1845 312 1873 lCor.
329 1853 388 1878 xm,
405 1844 431 1871 2.
473 1845 483 1861 ⁸
496 1845 562 1872 Luc.
580 1853 640 1876 ιιιιι,
657 1845 701 1872 18.
720 1849 748 1877 >3
765 1845 796 1873 P.
808 1846 861 1873 645
875 1845 930 1874 El).
945 1845 1018 1873 P01"

1070 1845 1095 1879 ἶ,
1109 1847 1162 1874 546
1179 1846 1234 1875 ED.
1255 1846 1367 1874 PABIS.

262 1922 301 1958 (ι)
318 1921 458 1958 Μάλιστα
480 1921 507 1948 δ’
524 1921 567 1958 ὅτ’
589 1921 701 1958 ἔκλυον
721 1922 817 1950 αὐτοί.
832 1922 961 1950 Alludere
977 1923 1018 1950 vi-

225 1956 306 1986 detur
320 1957 354 1984 ad
370 1957 438 1985 illud
455 1957 579 1988 Achillis,
598 1956 680 1985 Iliad.
696 1958 739 1984 At

261 1993 315 2026 ὀς
325 2001 358 2019 κε
369 1992 453 2026 Θεοῖς
462 1993 657 2026 ἐπιπείθηται,
665 1992 748 2027 μάλα
757 2001 777 2027 τ
792 1994 905 2020 ἔκλυον
913 1993 1017 2026 αὐτοῦ,

223 2027 258 2056 Α.
277 2028 408 2056 SvLaunc.
419 2043 455 2048 —
467 2028 646 2056 Scribendum
663 2030 763 2063 potius,

262 2083 269 2091 .
281 2083 287 2091 .
300 2083 308 2090 .
319 2083 326 2090 .
337 2083 343 2090 .
354 2063 497 2098 μάλιστα,
513 2063 547 2090 δέ
560 2063 584 2090 τ’
598 2064 712 2091 ἔκλυον
723 2064 818 2090 αὐτοι.

261 2119 268 2126 .
278 2119 284 2126 .
296 2117 304 2126 .
313 2119 320 2125 .
330 2119 337 2125 .
349 2099 464 2126 maxime
479 2103 566 2126 autem
582 2099 694 2126 audiunt
710 2099 772 2133 ipsi.

223 2134 301 2168 Quod
312 2134 530 2197 1ῒέἓιιιὶειίείιὶιιιιι
568 2140 706 2169 sumptqu
736 2139 779 2161 est
800 2141 834 2161 ex
863 2133 959 2169 Odyss.
975 2135 1012 2167 Ζ,

223 2178 297 2197 vers.
367 2190 374 2197 .

223 2178 297 2198 νει-ε.
312 2178 374 2197 ιδυ.

259 2205 298 2240 (5)
320 2205 448 2240 Ἁμφοῐν.
466 2203 588 2237 Scilicet,
607 2203 733 2240 magistri
752 2211 784 2231 ac
798 2204 940 2240 discipuli.

259 2239 297 2276 (6)
313 2239 415 2274 Κοινὴ.
431 2240 489 2268 Hoc
503 2243 546 2267 est
561 2248 603 2271 ea,
620 2239 687 2276 quis:~
696 2240 777 2276 vulgo
791 2239 1010 2276 Christianorum

222 2274 348 2312 convenit
360 2283 468 2312 aquam
485 2275 645 2312 opponitjrﬁ
659 2274 804 2312 ἐξαιρέτως
818 2275 1010 2312 ὲποικοδομου-

223 2311 302 2346 μένῃ,
318 2311 408 2344 qualis
423 2316 481 2338 erat
502 2311 686 2346 apostolorum
702 2311 778 2346 ﬁdes.

258 2339 302 2382 (Ἰ)
314 2339 369 2373 Καὶ
381 2346 434 2382 τοῦ
451 2339 750 2382 λόγίῖυγτὰςγέντολὰς
767 2345 925 2382 ἐπιτελεῖν.
941 2345 1010 2382 Cum

222 2380 421 2409 liac‘clausula
445 2381 665 2408 subaudiendum
689 2380 737 2412 ὡς,
755 2380 954 2415 signiﬁcatione
979 2381 1011 2408 ﬁ-

221 2416 278 2443 nali
296 2424 346 2451 pro
369 2417 423 2448 ῖνα,
443 2420 472 2443 ιιι
487 2423 549 2443 cum
566 2416 649 2449 alibi,
664 2420 721 2443 tum
738 2423 821 2451 supra
837 2424 864 2451 p.
881 2416 942 2448 196,
959 2417 1008 2443 lin.

223 2451 267 2478 t8.
285 2452 418 2478 Susum.

257 2486 296 2521 (8)
319 2487 446 2519 Ἠξίουν.
467 2485 569 2521 Nempe
594 2486 718 2521 apostoli,
735 2485 801 2513 Luc.
816 2494 882 2517 xvu,
901 2486 936 2513 5:
953 2487 1008 2513 Καὶ

219 2520 311 2557 εἷπον
321 2523 348 2548 οι
375 2521 541 2557 ἀπόστολοι
553 2520 594 2554 τῷ
606 2520 721 2557 Κυρίῳ-ν
734 2521 856 2557 Πρόσθες
879 2523 946 2557 ἡμῖν
963 2522 1009 2548 πί-

214 2565 289 2583 νστιν.
306 2556 372 2584 Dein
393 2557 507 2590 respicit
530 2556 595 2583 L’uc.
610 2565 678 2587 xm,
696 2556 738 2587 18.
756 2556 800 2586 l9.
818 2557 864 2584 ubi
881 2556 1009 2585 Christus

220 2592 254 2619 de
271 2600 349 2626 regna
365 2592 496 2627 cmlorum
513 2591 579 2619 dicit
592 2601 597 2619 :
620 2592 720 2627 Ὁμοία
733 2592 800 2619 ἐστὶ
815 2593 911 2623 κόκκῳ
925 2591 1010 2619 σινά-

219 2625 307 2660 πεως-ζ
323 2627 339 2653 ὃ
353 2625 454 2653 λαϐὼν
474 2626 631 2661 ἄνθρωπος
644 2625 752 2654 ἔϐαλεν
765 2629 808 2660 εἰς
821 2627 920 2661 κῆπον
941 2628 1010 2654 ἑαυ-

219 2662 283 2693 τοῦ,
298 2662 346 2689 καὶ
365 2662 492 2696 ηὔξησε,
509 2664 558 2688 καὶ
579 2663 697 2697 ἐγένετο
709 2664 752 2696 εἰς
773 2662 899 2696 δένδρον
920 2663 1007 2697 μέγα,

219 2696 269 2724 καὶ
279 2698 315 2725 τὰ
324 2697 444 2724 πετεινὰ
455 2698 508 2724 τοῦ
518 2696 647 2731 οὐρανοῦ
663 2697 894 2731 κατεσκήνωσεν
904 2698 938 2724 ἐν
947 2696 1008 2731 τοῖς

216 2732 342 2766 κλάδοις
356 2733 458 2760 αὐτοῦ.
471 2732 550 2760 Conl.
567 2733 662 2760 Matth.
672 2741 731 2766 xui,
745 2734 792 2764 δὴ
807 2732 889 2760 Marc.
904 2741 941 2764 tv,
956 2733 1007 2761 51.

255 2767 293 2802 (9)
316 2768 377 2795 Τῶν
396 2769 574 2803 μεταρσίων.
592 2768 649 2795 Hoc
665 2773 706 2796 est
731 2777 818 2796 rerum
838 2768 1005 2799 sublimium,

218 2810 279 2840 quae
293 2804 364 2838 vulgi
381 2808 500 2840 captum
515 2808 645 2837 superant
663 2814 669 2832 :
684 2812 743 2840 quae
765 2804 798 2831 τὰ
815 2803 928 2830 πετεινά
947 2811 1008 2839 my-

219 2839 289 2867 stice
304 2838 460 2875 signiﬁcare
476 2839 614 2867 dicuntur.

1103 1923 1161 1960 (10)
1177 1925 1210 1951 Et
1228 1924 1283 1958 ιρὰρ
1295 1933 1326 1959 5.9.
1341 1924 1403 1960 lltec
1419 1932 1473 1952 non
1491 1925 1560 1953 adeo
1577 1925 1696 1952 diﬁicilia
1707 1930 1812 1957 essent,
1829 1934 1865 1952 ac

1069 1958 1122 1995 iam
1146 1958 1282 1990 videntur,
1309 1960 1331 1987 si
1358 1959 1485 1987 Basilidis
1513 1961 1615 1995 scripta
1640 1965 1798 1992 exstarent,
1826 1969 1864 1989 ex

1067 1994 1168 2028 quibus
1190 1994 1251 2029 ejus
1273 1994 1398 2030 dogmata
1420 1995 1499 2030 plene
1521 1994 1634 2030 intelligi
1661 2000 1791 2030 possent;
1816 1997 1863 2022 in-

1067 2034 1142 2056 terea
1162 2037 1237 2060 vero,
1260 2030 1323 2056 dum
1349 2031 1452 2064 aliquid
1477 2031 1574 2058 melius
1598 2039 1626 2058 se
1644 2031 1791 2062 obtulerit,
1819 2032 1864 2058 sic

1067 2064 1148 2102 scribi
1164 2068 1191 2102 et
1205 2065 1336 2102 explicari
1351 2065 1571 2102 possevidentur
1584 2076 1590 2093 :
1603 2067 1635 2092 Et
1652 2066 1801 2102 γαρφύσει
1818 2075 1865 2097 τις

1065 2099 1110 2136 τὸν
1126 2099 1359 2136 Θεὺνγεγπίσταταιζ
1371 2100 1408 2129 ὡς
1421 2100 1576 2136 Βασιλείδης
1587 2099 1681 2132 οἴεται,
1691 2099 1740 2136 τὴν
1752 2102 1863 2136 νόησιν,

1066 2135 1112 2176 καὶ
1126 2135 1176 2177 τὴν
1191 2134 1328 2177 ἐξαίρετον
1342 2135 1446 2177 πίστιν,
1462 2137 1519 2175 una
1534 2134 1580 2177 καὶ
1595 2137 1643 2172 τὴν
1659 2134 1799 2177 βασιλείαν
1808 2145 1865 2163 κα·-

1065 2169 1118 2207 λῶν
1132 2169 1220 2197 κτίσιν
1233 2169 1327 2207 οὐσίας
1336 2169 1664 2207 ἁξίανγτοῧποιήσαντοςζ
1676 2172 1721 2198 καὶ
1735 2171 1862 2207 πλησίον

1028 2198 1051 2225 Ῑ)
1064 2205 1197 2247 ὑπάρχειν
1212 2205 1296 2247 αὐτὴν
1309 2198 1466 2247 ξρμῆνεύων
1475 2198 1580 2247 οὐσίαν,
1589 2198 1706 2247 attigs;
1717 2198 1862 2247 ἐξουσίαν,

1063 2241 1200 2277 καὶ-φύσιν
1212 2241 1264 2277 καὶ(
1271 2241 1429 2277 ὑπόστασιν]
1439 2241 1553 2277 κτίσεως
1562 2241 1744 2277 ἀνυπερθέτου
1756 2241 1862 2273 κάλλος

1061 2275 1300 2319 ὰδιόριιστονζουχὶ
1319 2275 1347 2318 οὲ
1361 2276 1452 2319 ψυχῆς
1467 2276 1640 2319 αὐτεξουσίου
1651 2275 1771 2319 ’λογικὴν
1788 2285 1862 2319 συγῖ

1061 2310 1208 2337 κατάοεσιν
1222 2310 1295 2344 λέγει
1311 2311 1360 2346 τὴν
1369 2310 1475 2338 πίστιν.
1493 2311 1565 2338 Ναηι
1581 2312 1605 2338 si
1619 2312 1678 2346 quis
1696 2311 1780 2338 Deum
1803 2313 1860 2340 scil

1061 2353 1107 2379 per
1122 2350 1259 2376 naturam,
1277 2350 1306 2372 ut
1329 2346 1454 2380 opinatur
1471 2346 1616 2378 Basilides,
1633 2347 1678 2381 qui
1699 2347 1860 2381 intelligen-

1062 2381 1139 2410 tiam.
1153 2385 1176 2407 et
1191 2381 1315 2407 eximiam
1330 2381 1419 2416 ﬁdem,
1432 2382 1513 2408 simul
1521 2383 1554 2408 'ac
1567 2390 1676 2416 regnum
1687 2387 1761 2408 uocat
1777 2390 1862 2409 crea—

1061 2420 1148 2442 turam
1163 2416 1270 2451 dignam
1284 2417 1399 2452 essentia
1413 2415 1559 2448 Creatoris,
1572 2422 1596 2443 et
1608 2424 1687 2452 prope
1698 2418 1774 2444 illum
1785 2419 1862 2444 exsi-

1060 2456 1128 2478 stere
1149 2459 1202 2478 non
1223 2451 1367 2485 potentiam
1387 2453 1432 2479 sed
1453 2453 1594 2479 essentiam
1618 2453 1806 2487 interpretans,
1831 2457 1860 2480 et

1061 2492 1201 2518 naturam,
1222 2490 1247 2513 et
1272 2486 1465 2518 substantiam;
1488 2486 1692 2522 inexploratam'
1707 2487 1861 2522 quamdam

1060 2522 1169 2548 retentis
1191 2526 1320 2548 creatum
1342 2521 1573 2556 pulchritudinem,
1590 2531 1641 2549 non
1657 2521 1717 2550 vero
1731 2523 1861 2550 rationa-

1061 2557 1111 2584 lem
1125 2556 1216 2584 libera:
1228 2559 1324 2583 anima:
1336 2551 1513 2584 assensionth
1527 2551 1592 2584 dicit
1606 2566 1662 2584 esse
1679 2558 1768 2592 ﬁdem.
1783 2551 1874 2585 Nam'

1060 2592 1192 2620 Basilides
1210 2592 1372 2624 aﬁirmabat,
1388 2592 1607 2627 intelligentiam,
1623 2593 1752 2620 eximiam
1770 2592 1859 2620 ﬁdem

1059 2631 1087 2654 et
1109 2635 1222 2662 regnum
1245 2627 1357 2655 cmleste
1380 2627 1413 2654 ad
1439 2627 1572 2663 quosdam
1597 2628 1724 2655 homines
1750 2633 1858 2655 natura

1060 2663 1210 2697 pertinere;
1227 2666 1254 2690 et
1269 2670 1317 2697 per
1333 2666 1460 2689 naturam
1478 2670 1535 2693 eos,
1557 2670 1612 2690 non
1630 2667 1720 2690 autem
1741 2670 1790 2697 per
1808 2671 1859 2690 re-

1059 2703 1133 2725 ctum
1151 2698 1256 2725 arbitrii
1275 2705 1366 2729 usum,
1379 2698 1433 2725 Deo
1445 2698 1549 2726 similes
1560 2701 1587 2725 et
1601 2699 1760 2732 propinquos
1775 2697 1859 2730 ﬁeri;

1059 2733 1174 2768 proinde
1195 2733 1274 2768 ﬁdem
1293 2733 1348 2760 illis
1363 2740 1378 2759 a
1395 2734 1482 2768 prima
1497 2734 1646 2764 creatione,
1664 2733 1769 2767 absque
1784 2740 1862 2767 prm-

1059 2767 1102 2795 via
1117 2767 1313 2795 exercitatione
1328 2769 1370 2795 vel
1392 2767 1526 2800 doctrina,
1544 2768 1655 2796 insitam
1679 2775 1758 2800 esse;
1776 2768 1859 2794 unde

1058 2811 1122 2840 eam
1136 2808 1215 2830 vocat
1228 2803 1343 2840 κτίσεως
1359 2803 1543 2840 ἁνυπερθέτου
1557 2803 1622 2839 (vel,
1637 2803 1661 2832 si
1678 2803 1777 2838 mavis,
1789 2802 1861 2830 ἀνυ-

1059 2838 1198 2875 πέροετον)
1219 2837 1324 2871 κάλλος.
