1942 3077
67 145 95 173 t3

686 138 903 169 STROMATUM
933 140 999 170 LIB.
1021 140 1055 170 ν.

1667 143 1701 172 Η

64 199 130 233 ατοῦ,
154 200 203 227 καὶ
224 195 364 227 νὲκλεκτὸῦ
387 199 478 233 ὄντος,
494 200 535 232 ὼς
558 199 714 235 Βασιλείδης
739 199 858 235 νομίζει·

916 198 1010 226 animae
1017 198 1102 226 libero
1110 197 1224 226 arbitrio
1232 198 1334 226 utentis
1341 197 1501 227 rationalem
1513 200 1702 228 assensionem

62 245 91 282 ἦν
103 247 125 273 δ’
143 246 176 274 ἂν
194 247 246 273 καὶ
261 246 327 282 δίχα
340 247 393 283 τῆς
409 246 458 274 τοῦ
475 246 599 283 Σωτῆρος
614 245 764 282 παρουσίας
777 245 864 281 χρόνῳ

62 293 122 319 ποτὲ
136 293 302 328 ἀναλάμψαι
314 292 449 320 δύνασθαι
464 292 514 328 τὴν
528 293 617 327 φύσιν.
629 293 660 319 Εί
671 292 699 319 δὲ
712 291 864 326 ἀναγκαίαν

61 339 107 373 τὴν
130 340 282 375 ἐπιδημίαν
301 340 348 367 τοῦ
373 339 478 375 Κυρίου
499 339 623 374 φήσαιεν,
641 337 746 373 οἴχεται
771 338 863 369 αὺτοῖς

62 385 94 412 τὰ
112 386 164 420 τῆς
188 385 302 420 φύσεως
326 385 471 421 ἰδιώματα,
497 384 624 421 μαθήσει,
650 385 697 411 καὶ
719 384 862 420 καθάρσει,

64 432 108 459 καὶ
123 434 158 468 τῇ
178 432 235 458 τῶν
251 431 342 468 ἔργων
359 430 480 466 εὐποιία,
495 430 553 457 ἀλλ’
565 431 596 457 οὺ
609 430 688 464 φύσει
707 429 863 465 σωζομένης

65 478 113 513 τῆς
126 478 257 512 ἐκλογῆς.
276 476 312 505 '0
327 479 354 513 γ’
371 475 418 504 οὖν
441 475 577 513 Ἀϐραὰμ,
598 476 632 503 δι’
649 476 734 510 ἀκοῆς
752 475 864 502 πιστεύ-

68 531 115 556 σας
129 526 164 560 τῇ
181 526 259 559 φωνῇ
276 524 301 559 (1
310 524 344 560 l),
362 525 396 560 τῇ
411 523 465 550 ὑπὸ
478 523 527 559 τὴν
544 522 609 559 δρῦν
628 522 677 558 τὴν
693 524 722 548 ὲν
738 522 860 558 Μαμὸρῇ

66 571 305 607 ἐπαγγειλαμένπ
328 571 382 598 Σοί
405 569 510 604 δίδωμι
529 569 588 604 τὴν
603 568 663 604 γῆν
683 569 797 602 ταύτην
812 569 863 595 καὶ

66 617 105 650 τῷ
119 617 271 652 σπέρματί
287 624 347 644 σου
359 625 366 632 ·
387 617 449 652 ἦτοι
471 616 598 648 ἐκλεκτὸς
613 613 660 651 ἦν,
677 615 694 650 ἢ
716 615 758 642 οὗ.
792 615 862 642 Ἀλλ’

68 665 91 690 et
107 664 156 700 μὲν
172 665 224 690 οὐκ
246 661 283 699 ἦν
296 683 303 695 ,
329 663 388 695 πῶς
405 663 506 694 εὐθέως
521 661 683 690 ἐπίστευσεν
709 658 766 688 οἷον
784 670 863 696 φυσι-

69 710 136 742 iak;
154 712 177 737 εί
192 710 223 737 δὲ
237 708 273 746 ἦν
295 708 435 742 ἐκλεκτὸς,
451 708 559 735 λέλυται
575 708 667 740 αὐτοῖς
686 709 703 744 ὴ
723 707 860 740 ὑπόθεσις,

72 756 264 791 εὖρισκομένης
291 755 339 782 καὶ
361 755 414 791 πρὸ
435 755 484 790 τῆς
505 754 553 782 τοῦ
579 754 682 790 Κυρίου
710 754 862 790 παρουσίας

72 803 189 838 ὶιιλογῆς,
218 802 266 829 καὶ
287 802 319 837 δὴ
345 802 393 828 καὶ
415 800 588 837 σ‹ι›ζομένης·
620 801 777 836 Ἐλογίσθη
806 800 861 836 γὰρ

73 848 144 882 αὐτῷ
152 850 197 882 εις
209 848 421 882 δικαιοσύνην.
440 847 502 874 Ἐὰν
515 847 570 884 γάρ
580 856 622 879 τις
636 847 774 883 τολμήσας
781 845 859 883 λέγῃ,

916 244 982 271 dicit
998 244 1087 272 ﬁdem.
1106 243 1175 272 Sunt
1191 251 1256 280 ergo
1278 251 1478 279 supervacanea
1495 251 1627 282 praaecpta
1647 251 1704 275 tam

915 291 944 318 in
963 290 1053 319 Veteri
1070 299 1152 327 quam
1169 292 1198 318 in
1215 291 1290 318 Novo
1310 290 1496 324 Testamento,
1521 299 1583 320 cum
1605 297 1704 320 natura

915 337 1008 366 salvus
1032 337 1077 365 fiat
1094 337 1208 373 aliquis,
1232 341 1262 364 ut
1281 337 1340 364 vult
1357 337 1529 368 Valentinus.
1555 343 1582 366 ct
1600 339 1636 366 sit
1653 347 1706 366 na-

915 387 977 411 tura
1002 383 1091 411 ﬁdelis
1113 387 1141 411 et
1162 383 1277 415 electus,
1302 387 1332 410 ut
1358 387 1436 418 putat
1464 383 1616 417 Basilidcs;
1645 385 1703 412 ﬁeri

914 429 995 456 etiam
1011 432 1118 464 poterat
1129 432 1169 462 ut,
1184 428 1287 464 absque
1298 429 1414 456 adventu
1431 429 1596 463 Servatoris,
1612 431 1705 466 aliquo

913 475 1024 502 tandem
1042 479 1164 510 tempore
1179 479 1272 510 posset
1289 478 1387 501 natura
1401 475 1635 510 resplendescere.
1655 476 1704 504 Sin

914 525 1005 548 autem
1021 521 1206 548 necessarium
1220 520 1339 548 dixerint
1348 520 1495 549 adventum
1508 520 1626 553 Domini,
1639 529 1705 549 eva-

914 567 1003 595 nescit
1026 567 1067 596 eis
1094 572 1201 595 natura:
1217 568 1397 603 praerogativa
1417 576 1423 594 :
1446 576 1508 596 cum
1529 569 1654 596 doctrina
1677 574 1705 597 et

913 615 1075 650 purgatione
1086 618 1113 642 et
1129 615 1262 642 bonorum
1281 622 1395 649 operum
1413 613 1566 646 ell‘eetione,
1581 623 1636 642 non
1653 623 1704 642 au-

913 665 967 688 tem
985 665 1095 692 natura,
1113 665 1237 689 servetur
1252 661 1361 688 eleetio.
1380 661 1517 689 Abraham
1535 662 1637 697 itaque,
1656 662 1704 697 qui

913 715 962 742 per
983 707 1106 734 auditum
1128 707 1244 735 credidit
1258 706 1329 739 voci,
1353 715 1414 743 qua:
1439 707 1492 735 sub
1508 716 1622 743 quercu,
1643 715 1706 744 quas

912 758 972 782 erat
987 754 1013 781 in
1030 753 1162 786 Mambre,
1177 757 1218 781 est.
1235 754 1356 789 pollicita
1374 763 1382 781 ς
1399 753 1439 781 Do
1454 753 1502 781 tibi
1518 758 1616 781 terram
1635 754 1704 781 Imm:

912 805 937 828 et
954 801 1047 828 semini
1058 805 1102 827 tuo
1114 801 1135 831 ⁷.
1147 800 1287 828 electusne
1307 805 1376 831 eratI
1395 808 1429 828 an
1451 801 1525 828 non?
1540 799 1593 828 Sed
1609 800 1632 828 si
1647 809 1703 828 non

913 851 973 875 erat
999 847 1120 883 quidem,
1147 847 1286 881 quomodo
1311 847 1404 874 statim
1431 847 1549 875 credidit
1572 850 1704 882 tanquam

73 894 210 929 Μαριὶωνι
231 895 377 929 ἑπόμενος,
394 894 439 920 τὸν
460 893 630 930 Δημιουργὺν
647 892 744 925 σώζειν
759 893 804 919 τὸν
821 894 861 925 εἰς

916 893 1096 921 naturaliter?
1120 893 1162 921 sin
1187 897 1279 921 autem
1297 898 1357 921 erat
1380 893 1495 923 electus.
1517 893 1638 921 solutum
1661 897 1705 921 est

74 941 145 968 αὑτὸν
163 940 362 972 πιστεύσαντα,
378 940 426 967 καὶ
442 940 494 976 πρὸ
509 940 558 975 τῆς
574 939 621 966 τοῦ
638 939 741 976 Κυρίου
758 948 861 975 παρου-

75 986 138 1018 σίας,
156 986 275 1021 ἐκλογῆς
287 986 334 1013 καὶ
350 986 382 1022 δὴ
398 986 445 1013 καὶ
461 987 619 1023 σωζομένης
634 987 684 1023 τὴν
701 987 770 1014 ίδίαν
780 986 861 1014 αὑτοῦ

75 1032 206 1067 σωτηρίαν
222 1032 282 1067 (19.)
301 1033 604 1069 παρευὼκιμηθήσεται
621 1033 676 1068 (15)
692 1033 766 1068 αὐτῷ
783 1035 799 1069 ἡ
814 1032 862 1060 τοῦ

76 1078 186 1112 ’Δγαῦοῦ
192 1077 318 1114 δύναμις,
327 1078 377 1113 ὀψὲ
387 1078 433 1105 καὶ
443 1078 511 1114 μετὰ
518 1078 563 1106 τὸν
572 1079 618 1105 ὑπ’
629 1078 717 1106 αὐτῶν
724 1079 863 1115 εὐφημού-

72 1132 144 1160 μενον
157 1125 332 1160 Δημιουργὸν
342 1124 541 1160 ὲπιὸαλλομὲνη
552 1124 657 1158 σώζειν,
666 1125 713 1152 καὶ
722 1126 791 1162 αὐτὴ
804 1126 862 1162 ἦτοι

72 1171 181 1206 μαθήσει
202 1170 219 1206 ἦ
245 1171 294 1197 καὶ
325 1171 439 1206 μιμήσει
463 1170 570 1198 τούτου.
598 1170 678 1198 Ἀλλὰ
705 1171 758 1198 κᾶν
777 1171 863 1204 οὕτως

70 1217 134 1252 ἒχων
146 1216 224 1253 σώζῃ
238 1217 300 1243 κατ’
315 1217 414 1249 αὐτοὺς
425 1217 440 1243 ὁ
460 1216 585 1251 Ἄγαϐος,
607 1217 669 1244 οὔτε
682 1218 745 1250 τοὺς
764 1217 845 1251 ἰδίους
855 1240 862 1252 ,

70 1263 126 1290 οὔτε
144 1264 215 1299 μετὰ
235 1264 286 1299 τῆς
303 1262 417 1299 γνώμης
432 1262 480 1290 τοῦ
503 1264 685 1299 πεποιηκότος
705 1264 754 1300 τὴν
775 1265 864 1292 κτίσιν

71 1310 198 1345 ἱπιχειρεῖ
220 1310 272 1345 τὴν
293 1310 442 1346 σωτηρίαν,
467 1310 513 1346 βίᾳ
533 1310 561 1336 δὲ
583 1310 599 1346 ἢ
619 1310 698 1346 δόλῳ.
724 1309 778 1337 Καὶ
804 1311 864 1344 πῶς

71 1355 106 1381 ἔτι
118 1355 221 1389 ἀγαθὸς
234 1357 249 1382 ὁ
262 1355 360 1387 οὕτως,
377 1355 424 1382 καὶ
439 1355 568 1392 ὓστεροςς
591 1357 622 1383 Εἰ
644 1356 672 1383 δὲ
685 1357 698 1383 ό
712 1357 795 1389 τόπος
807 1357 865 1384 δια-

73 1401 152 1437 φέρει,
167 1401 216 1428 καὶ
231 1402 248 1436 ἠ
269 1401 338 1437 μονὴ
354 1401 402 1427 τοῦ
427 1402 649 1438 παντοκράτορος
666 1401 790 1429 λείπεται
809 1403 864 1430 ἀπὸ

71 1447 116 1481 τῆς
128 1447 175 1473 τοῦ
197 1447 303 1481 ἀγαθοῦ
327 1447 397 1474 Θεοῦ
425 1447 525 1483 μονῆς·
541 1447 598 1474 ἀλλ’
621 1449 637 1484 ἡ
660 1448 707 1474 τοῦ
731 1444 864 1481 σώζοντος

72 1492 192 1528 βοῦλησις
206 1493 258 1520 οὒκ
272 1493 452 1520 ἀπολείπεται
468 1492 516 1520 τοῦ
538 1494 652 1528 ἀγαθοῦ,
669 1494 685 1530 ἥ
705 1503 737 1529 γε
749 1503 866 1532 προκατ·

68 1543 180 1577 ἀρξασχ.
220 1539 343 1575 Ἀνὸητοι
359 1540 414 1576 ἄρα
433 1540 458 1566 οῑ
483 1539 592 1567 ἄπιστοι
606 1541 638 1567 ὲκ
651 1540 705 1568 τῶν
718 1542 863 1577 προδιηνυ-

71 1585 174 1619 σμένων
187 1586 254 1620 ἡμῖν
268 1585 423 1612 δείκνυνται
435 1594 442 1601 ο
464 1587 500 1613 Al
513 1587 568 1621 γὰρ
587 1585 642 1622 (14)
657 1587 748 1621 τρίϐοι
763 1586 862 1615 αὐτῶν

69 1629 308 1666 διεστραμμέναι,
338 1632 389 1659 καὶ
413 1633 468 1659 οὐκ
492 1632 598 1659 ῐσιισιν
621 1632 756 1667 εἰρήνην,
781 1634 862 1668 φησὶν

70 1677 85 1703 ὀ
96 1678 250 1713 προφήτης.
272 1678 328 1711 Τὰς
345 1677 381 1704 δὲ
391 1678 491 1713 μωρὰς
504 1679 553 1705 καὶ
567 1679 764 1713 ἀπαιδεύτους
777 1679 862 1714 ζητή-

69 1730 133 1756 σεις
157 1723 368 1757 παραιτεῖσθαι
388 1724 403 1751 ό
425 1723 569 1757 θεσπέσιος
589 1725 726 1761 παρῄνεσε
746 1726 861 1760 Παῦλος,

67 1767 110 1796 ὅτι
122 1769 253 1803 γεννῶσι
264 1769 382 1805 μάχας·
398 1770 414 1796 ὅ
426 1779 455 1796 τε
468 1770 598 1806 Αἰσχύλος
614 1771 670 1808 (l5)
684 1772 818 1809 κέκραγε·

875 1566 898 1598 C

913 948 1008 967 eorum
1027 939 1246 971 fundamentum,
1265 947 1328 966 cum
1352 939 1508 967 inveniatur
1523 943 1605 975 atquc
1621 940 1705 967 etiam

913 986 987 1013 salva
1006 986 1052 1013 liat
1072 986 1168 1014 electio
1192 989 1255 1013 ante
1272 985 1417 1013 adventum
1439 985 1546 1013 Domini
1562 993 1569 1012 :
1587 985 1704 1021 Reputa-

914 1037 968 1059 tum
988 1036 1025 1059 est
1041 1033 1114 1060 enim
1128 1033 1152 1060 ei
1172 1032 1207 1059 ad
1221 1032 1356 1067 justitiam
1370 1032 1390 1058 ⁸.
1413 1031 1444 1060 Si
1461 1033 1523 1068 quis
1540 1032 1612 1060 enim
1631 1034 1706 1060 ausit

913 1078 1022 1111 dicere,
1053 1086 1171 1114 sequens
1197 1077 1374 1110 Marcionem,
1406 1077 1563 1105 Creatorem
1592 1086 1705 1105 servare

913 1132 987 1156 eum,
1006 1124 1054 1160 qui
1071 1124 1098 1151 in
1115 1125 1205 1159 ipsum
1223 1123 1350 1156 credidit,
1374 1124 1456 1151 etiam
1471 1128 1537 1151 ante
1554 1124 1704 1151 adventum

914 1170 1032 1202 Domini,
1057 1178 1118 1197 cum
1138 1170 1248 1205 propria
1270 1169 1330 1204 ejus
1358 1170 1446 1197 salute
1473 1174 1598 1198 servetur
1619 1170 1702 1198 etiam

914 1216 1031 1249 electio;
1057 1216 1119 1252 plus
1136 1224 1217 1251 quam
1238 1223 1288 1251 par
1306 1217 1342 1244 sit
1360 1217 1394 1244 ab
1410 1223 1444 1243 eo
1468 1216 1705 1244 commendabitur

914 1261 983 1289 Boni
996 1265 1129 1297 potestas,
1148 1266 1177 1288 ut
1188 1269 1250 1296 quae
1263 1269 1335 1294 sero,
1352 1265 1379 1289 et
1389 1265 1453 1296 post
1466 1269 1540 1293 eum,
1553 1262 1599 1296 qui
1618 1262 1651 1289 ab
1662 1262 1704 1289 eis

911 1308 1042 1343 iactatur,
1058 1307 1227 1341 Creatorem,
1245 1307 1304 1342 ipsa
1319 1315 1428 1342 quoque
1443 1308 1558 1334 salutem
1575 1307 1641 1334 dare
1656 1315 1706 1342 ag—

913 1353 1065 1390 grediatur.
1080 1354 1124 1381 vel
1137 1354 1172 1381 ab
1181 1362 1214 1382 eo
1228 1353 1334 1385 edocta,
1351 1354 1393 1382 vel
1411 1361 1472 1381 eum
1488 1354 1610 1381 imitans.
1624 1353 1704 1386 Quod

913 1401 937 1428 si
961 1401 997 1428 ita
1025 1409 1055 1429 se
1079 1400 1195 1433 habens,
1223 1399 1268 1427 det
1283 1400 1398 1428 salutem
1425 1399 1527 1432 Bonus,
1549 1408 1582 1427 ex
1606 1408 1703 1428 corum

913 1448 1049 1476 sententia
1063 1468 1070 1480 ,
1086 1455 1175 1483 neque
1198 1455 1279 1478 suos,
1300 1454 1389 1482 neque
1409 1455 1471 1474 cum
1487 1447 1547 1482 ejus
1563 1447 1705 1475 voluntate

914 1496 960 1530 qui
978 1495 1043 1524 fecit
1058 1500 1225 1527 creaturam,
1244 1498 1302 1521 tum
1319 1494 1475 1529 aggreditur
1491 1495 1556 1522 dare
1573 1495 1703 1526 salutem,

915 1543 963 1570 sed
987 1543 1025 1574 vi,
1043 1543 1086 1570 vel
1108 1542 1181 1570 dolo.
1207 1541 1240 1568 Et
1255 1542 1392 1576 quomodo
1416 1541 1468 1569 erit
1492 1542 1588 1576 utique
1615 1543 1704 1570 bonus

916 1588 962 1624 qui
983 1588 1024 1616 sic
1038 1588 1112 1620 facit,
1128 1593 1155 1616 et
1172 1591 1213 1616 est
1230 1586 1387 1623 posterior?
1403 1587 1431 1614 Si
1452 1591 1542 1614 autem
1558 1587 1648 1615 dill‘crt
1665 1588 1706 1614 lo-

916 1640 966 1661 cus
989 1637 1017 1660 et
1033 1633 1141 1660 mansio
1159 1632 1373 1667 Omnipotentis,
1391 1637 1496 1660 remota
1520 1636 1562 1660 est
1583 1641 1598 1660 a
1626 1641 1706 1660 man-

916 1679 994 1707 sione
1009 1679 1073 1706 honi
1088 1677 1134 1706 Dei
1147 1687 1154 1711 ;
1172 1681 1200 1705 at
1213 1678 1284 1713 ejus,
1297 1679 1344 1714 qui
1360 1678 1406 1706 dat
1423 1679 1551 1710 salutem,
1576 1679 1704 1707 voluntas

917 1734 972 1753 non
989 1730 1031 1754 est
1045 1729 1150 1753 remota
1166 1732 1181 1751 a
1196 1724 1279 1757 bono,
1302 1730 1332 1752 ut
1347 1733 1407 1760 qum
1430 1725 1506 1760 prior
1525 1726 1648 1760 cmperit.
1665 1726 1705 1754 Ex

916 1773 950 1801 iis
971 1780 1046 1808 ergo,
1063 1779 1124 1807 qua:
1149 1771 1278 1802 diximus.
1294 1771 1376 1807 234
1399 1771 1522 1799 inﬁdeles
1539 1780 1600 1800 esse
1611 1779 1705 1800 amen-

68 1818 108 1843 tes
123 1817 288 1844 ostenditur.
302 1816 412 1844 Semita
430 1818 501 1845 enim
526 1826 616 1845 eorum
631 1823 693 1846 sunt
719 1828 857 1855 perversa,
879 1827 903 1849 et
915 1821 1034 1848 nesciunt
1048 1827 1148 1855 pacem,
1173 1819 1261 1854 inquit
1278 1822 1306 1851 >14
1325 1818 1455 1854 propheta
1470 1820 1490 1846 ’.
1503 1818 1606 1847 Stultos
1616 1826 1704 1847 autem

66 1864 246 1891 “ineruditos
254 1865 516 1899 qumtionesvitare,
529 1865 660 1894 divinitus
671 1867 759 1895 suasit
770 1867 874 1898 Paulus
891 1869 923 1902 ",
933 1868 1059 1904 quoniam
1075 1871 1199 1902 generant
1216 1873 1339 1902 pugnas;
1362 1871 1390 1894 ct
1411 1866 1511 1894 clamat
1533 1865 1682 1902 Eschylus
1695 1871 1702 1889 ε

139 1913 178 1939 Τὰ
187 1912 288 1946 μηδὲν
301 1912 478 1947 ὠφελοῦντα
488 1914 532 1949 μὴ
545 1915 630 1942 πόνει
641 1915 750 1950 μάτην.

66 1957 120 1993 Τὴν
135 1958 186 1993 μὲν
203 1958 260 1995 γὰρ
275 1958 347 1993 μετὰ
361 1959 478 1992 πίστεως
495 1961 639 1988 συνιοῦσαν
656 1962 779 1998 ζήτησιν,
789 1963 864 1990 ἐποι-

65 2005 236 2040 κοδομοῦσαν
255 2006 295 2042 τῷ
319 2005 437 2042 θεμελίῳ
462 2005 511 2042 τῆς
533 2007 652 2039 πίστεως
673 2007 721 2044 τὴν
746 2009 862 2044 μεγαλο-

63 2052 159 2089 πρεπῆ
176 2053 228 2088 τῆς
245 2051 377 2087 ἀληθείας
396 2052 507 2085 γνῶσιν,
521 2053 638 2089 ἀρίστην
660 2053 747 2090 ἴσμεν.
768 2056 862 2090 Ἴσμεν

62 2098 90 2125 δὲ
107 2099 147 2130 ὼς
161 2099 218 2134 ἄρα
230 2097 295 2125 οὔτε
312 2097 347 2124 τὰ
362 2098 467 2134 φανερὰ
488 2099 620 2134 ζητεῖται,
637 2097 703 2131 οἷον,
722 2101 746 2127 εἰ
769 2101 862 2136 ἡμέρα

63 2145 149 2178 ἐστὶν,
178 2145 287 2181 ἡμέρας
307 2144 409 2180 οὖσης⁸
429 2144 491 2172 οὔτε
508 2145 544 2172 τὰ
561 2146 645 2182 ἄδηλα
668 2147 715 2173 καὶ
734 2147 862 2174 οὐδέποτε

972 1915 1014 1944 Ne
1030 1916 1057 1942 in
1070 1916 1103 1942 iis
1118 1915 1223 1942 labores
1241 1919 1346 1946 temere,
1360 1922 1419 1950 qua:
1433 1914 1499 1941 nihil
1515 1914 1621 1948 juvant.

914 1963 984 1991 Nam
1009 1970 1070 1991 eam
1096 1962 1217 1998 quidem,
1246 1969 1307 1996 quae
1324 1969 1378 1989 una
1399 1968 1461 1988 cum
1487 1960 1539 1989 [ide
1563 1962 1704 1989 convenit.

915 2009 1104 2046 quaestionem,
1129 2016 1190 2044 quae
1212 2007 1392 2035 fundamento
1419 2007 1481 2035 lidei
1505 2008 1705 2043 superaedilicat

915 2055 1085 2092 splendidam
1107 2062 1138 2082 ac
1163 2054 1335 2090 magniﬁcam
1359 2054 1482 2082 veritatis
1507 2054 1704 2090 cognitionem,

917 2102 1049 2137 optimam
1070 2109 1131 2129 esse
1148 2100 1262 2128 scimus.
1281 2099 1390 2127 Scimus
1407 2103 1509 2132 autem,
1525 2100 1598 2135 quod
1616 2108 1705 2135 neque

916 2155 948 2175 ea
976 2148 1070 2182 utique
1095 2150 1267 2182 quazruntur,
1293 2153 1355 2181 quae
1384 2149 1450 2173 sunt
1473 2142 1636 2179 manifesta;
1663 2150 1704 2180 ut,

63 2191 239 2227 γενησόμενα
252 2190 367 2226 φανερὰ,
382 2191 420 2223 ὡς
432 2191 474 2223 τὸ,
485 2192 510 2218 εί
524 2192 611 2227 ἄρτιοί
629 2193 696 2220 εἰσιν
710 2193 735 2219 οί
750 2194 861 2229 ἀστέρες

917 2194 1034 2228 exempli
1052 2201 1147 2225 causa,
1174 2200 1207 2219 an
1224 2192 1260 2220 sit
1276 2191 1346 2224 dies,
1371 2199 1434 2219 cum
1449 2195 1492 2219 est
1516 2192 1593 2224 dies;
1615 2200 1705 2227 neque

63 2236 81 2271 ἦ
99 2237 246 2273 περιττοί·
272 2236 329 2263 ἀλλ’
349 2237 410 2263 οὐδὲ
431 2236 466 2264 τὰ
482 2237 697 2274 ἀντιστρέφοντα
722 2238 797 2275 (16)·
821 2239 867 2266 ἁν-

919 2246 951 2267 ea
964 2248 1024 2275 qua:
1043 2243 1107 2268 sunt
1119 2239 1232 2271 incerta,
1251 2242 1278 2266 et
1293 2245 1434 2274 nunquam
1448 2237 1505 2265 ﬁeri
1517 2243 1633 2274 possunt
1647 2247 1706 2266 ma-

99 2306 200 2342 [Gem
216 2315 286 2337 xvn,
300 2306 328 2334 8.
363 2306 380 2326 «⁸
395 2297 462 2334 Ibid.
479 2314 525 2341 xv,
539 2307 572 2341 6;
586 2305 667 2336 Rom.
681 2317 718 2342 Iv,
734 2310 761 2337 5.
796 2313 826 2342 ᾖ(
842 2309 873 2338 P.
896 2309 948 2337 6&6
963 2309 1017 2338 ΕΙ).
1037 2309 1151 2337 ΡΟΤΤΕ
1159 2309 1192 2342 R,
1207 2309 1260 2337 547
1270 2308 1326 2337 ΕΙ).
1343 2307 1456 2335 PARIS.
1501 2308 1512 2324 '
1528 2308 1579 2336 lsa.
1596 2286 1708 2341 le,‘8.‘

68 2341 125 2370 ⁸⁸11
140 2341 215 2370 Tim.
233 2350 265 2375 ιι,
281 2342 328 2370 25.

103 2411 159 2445 (ll)
178 2411 220 2445 Τῇ
233 2409 330 2446 φωνῇ.
342 2410 449 2438 Dictum
465 2415 509 2439 est
524 2411 653 2439 Abramo.
665 2410 733 2438 Gen.
743 2419 809 2446 xvn,
821 2411 837 2439 8
855 2421 862 2439 :

70 2447 124 2474 Kal
139 2443 294 2473 ὃὼσὼοοι
304 2443 366 2474 ’καὶ
380 2446 420 2479 τῷ
432 2446 580 2481 σπέρματί
592 2455 651 2474 σου
668 2445 724 2480 τὴν
739 2443 808 2480 τῆν,
825 2446 864 2481 ῆν

71 2482 230 2515 παροικεῖς.
254 2481 355 2509 Verum
382 2489 436 2508 non
451 2490 484 2509 eo
500 2482 571 2514 loco,
591 2481 640 2509 sed
661 2489 722 2515 cap.
742 2489 819 2513 xvm,
837 2482 862 2515 1,

73 2516 266 2544 dicitur‘Deus
289 2517 368 2552 juxta
394 2525 518 2552 quercum
540 2517 568 2544 in
595 2515 717 2544 Mambre
735 2524 797 2544 cum
830 2525 864 2544 co

73 2556 196 2580 versatus
211 2551 307 2580 fuisse.

108 2587 163 2622 (12)
179 2587 239 2620 Τὴν
252 2587 332 2613 ιδίαν
350 2586 444 2614 αὑτοῦ
457 2593 488 2612 σ.
505 2585 560 2613 Hoc
575 2590 628 2619 est,
649 2585 763 2614 salutem
777 2585 860 2614 Crea-

77 2624 124 2649 tori
137 2623 279 2656 propriam,
298 2630 347 2649 seu
363 2622 398 2648 ab
415 2622 462 2648 illo
477 2622 614 2649 collatam.

109 2655 162 2693 (t3)
177 2657 517 2693 Hapeuaogqpnaricferat.
540 2655 686 2693 Perperam
711 2656 858 2693 interpres,

79 2690 305 2727 commendabitur.
315 2690 391 2719 Verti
402 2692 505 2723 debuit,
518 2690 862 2727 obscu‘rabiturﬂamnap-

83 2725 240 2761 ευδοχιμεῖν
265 2732 309 2755 est,
323 2727 437 2762 gloriam
454 2727 571 2761 alicujus
582 2735 716 2761 superare,
737 2725 860 2761 adeoque

81 2763 217 2791 obscurare.
241 2761 669 2798 δυίᾱοδηῐιαρευδοκιμησὰσης,
696 2761 858 2798 νικησάσης,

78 2799 128 2835 ἦτοι
140 2801 177 2831 εἷς
188 2798 268 2831 δόξαν
281 2796 454 2835 ὑπερὼὶστγς.
463 2796 650 2835 Vult'auctor,
662 2796 736 2835 quod
752 2797 774 2824 si
790 2805 859 2831 quos

77 2832 157 2863 mandi
170 2835 300 2864 Greater,
326 2840 409 2867 quem
428 2833 546 2860 lueretici
569 2832 632 2859 mali
649 2833 740 2859 omnis
764 2836 860 2859 attete-

74 2878 121 2899 rem
134 2880 194 2900 esse
212 2869 368 2906 putabant2
384 2871 445 2895 ante
458 2867 718 2906 Ch_ri§ti_adventur_n_
732 2875 860 2906 servave-

70 2908 108 2941 rit,
121 2902 268 2943 consequi,
288 2907 322 2932 ut
341 2902 374 2930 ab
389 2911 419 2930 eo
441 2903 501 2932 boni
520 2903 580 2936 Dei,
592 2910 673 2939 quem
688 2902 790 2931 Christi
808 2910 857 2939 pa-

917 2415 986 2438 trem
1009 2411 1191 2446 appellabant,
1211 2416 1327 2445 potestas
1344 2415 1371 2439 ει
1390 2409 1476 2447 gloria
1492 2411 1656 2445 obscuretur,
1676 2417 1705 2441 ut

916 2447 964 2481 qui
980 2454 1033 2473 non
1051 2455 1084 2473 ex
1102 2454 1142 2476 se.
1168 2447 1215 2474 sed
1231 2455 1279 2482 per
1297 2448 1472 2475 imitationem
1488 2447 1627 2476 Creatoris
1655 2449 1705 2476 ho-

917 2482 1006 2509 mines
1019 2482 1104 2508 salvos
1115 2487 1231 2515 pratstet.

953 2516 1009 2551 (Μ)
1029 2518 1063 2553 Αἰ
1077 2525 1104 2550 τ.
1122 2516 1177 2553 Ιξα.
1192 2525 1264 2553 Δι.ιῐ‹Ῠ;
1284 2518 1318 2544 Al
1340 2519 1395 2553 γὰρ
1414 2518 1507 2551 τρίϐοι
1526 2518 1626 2546 αὐτῶν
1644 2519 1704 2546 διε-

916 2550 1110 2619 σγξριωμένιιι,
1130 2551 1167 2585 ἂς
1186 2550 1364 2585 διοδεύουσὶ,
1375 2550 1435 2580 ’καί
1449 2554 1505 2580 οὐκ
1528 2553 1647 2581 οἴδασιν
1661 2557 1704 2582 εί-

916 2595 929 2619 p
952 2595 1019 2619 νην.

908 2595 1019 2621 ρηνην.

949 2621 1004 2656 (l5)
1019 2621 1182 2656 Αἰσχύλος.
1199 2620 1388 2650 Thcodoretus
1398 2623 1445 2651 lib.
1462 2631 1500 2651 Iv.
1514 2622 1616 2651 Contra
1629 2623 1704 2652 Gne-

913 2664 957 2683 cos
973 2657 1041 2684 citat
1059 2657 1130 2684 hunc
1145 2664 1253 2684 versum
1269 2667 1274 2684 :

970 2691 1115 2730 [ἁμηδὲν
1128 2691 1301 2730 ᾠφελοῦντα
1314 2691 1448 2730 pirate!
1463 2692 1560 2730 μάτην
1572 2698 1578 2704 ·

968 2726 1009 2754 Ne
1020 2735 1107 2762 quam;
1123 2727 1236 2761 frustra,
1253 2726 1394 2763 quw'nihil
1409 2729 1456 2755 tibi
1469 2728 1622 2762 conferunt;

912 2769 968 2798 non
993 2765 1023 2788 ut
1045 2763 1125 2789 habet
1141 2763 1276 2798 Clemens,
1291 2763 1334 2798 μὴ
1350 2764 1424 2790 πόνει
1450 2764 1546 2797 μάτην
1563 2765 1702 2792 (Iouem.

917 2797 1018 2824 Versus
1032 2797 1077 2825 ille
1095 2798 1123 2825 in
1141 2797 1264 2832 .Escliyli
1285 2796 1439 2826 Prometheo
1453 2796 1538 2826 vincto
1566 2803 1666 2826 exstat.

949 2831 1006 2868 (ιβ)
1030 2834 1068 2860 Τὰ
1090 2831 1336 2868 ἀντιστρέφοντα.
1353 2835 1424 2866 Quid
1444 2841 1476 2861 ea
1502 2835 1568 2863 sint.
1593 2834 1703 2861 docebit

913 2866 964 2931 ἒλῶ
974 2866 1077 2931 ῆθᾶιὶιιε
1103 2869 1151 2898 lib.
1177 2866 1215 2902 ti,
1233 2866 1302 2906 Vcap.
1330 2870 1392 2903 ult.,
1415 2872 1443 2896 et
1465 2868 1573 2904 plenius
1596 2869 1645 2896 lib.
1667 2876 1702 2903 τ,

911 2910 974 2934 cap.
992 2910 1036 2931 Ιυ.
