1965 3075
242 137 275 163 15
819 136 1018 165 CLEMENTIS
1033 137 1269 165 ALEXANDRINI
1837 143 1875 170 to

238 195 352 227 nifesta,
377 200 406 222 ut
426 195 502 227 illud.
526 196 618 223 sintne
636 196 720 224 stellae
736 202 816 230 pares
833 203 867 222 an
889 197 1023 231 impares;

1079 197 1218 233 τιστρέφει
1231 197 1260 224 δὲ
1280 197 1298 225 ἃ
1317 198 1363 225 καὶ
1381 199 1436 231 τοῖς
1454 198 1500 225 τὸν
1519 199 1639 226 ἐναντίον
1657 200 1806 235 χειρίζουσι
1829 199 1875 227 λό-

241 243 289 271 sed
312 249 402 277 neque
420 249 452 269 ea
474 250 533 277 qua:
550 246 767 274 convertuntur;
787 249 818 268 ea
834 249 898 269 vero
912 250 1027 270 conver-

241 294 348 321 tuntur,
364 297 424 324 quae
442 289 476 316 ab
496 289 541 321 iis,
557 289 604 324 qui
617 288 797 315 adversantur
813 287 840 314 in
856 287 1027 321 disserendo,

241 343 274 363 ex
290 343 369 371 aequo
380 335 433 362 dici
444 339 574 370 possunt;
590 340 619 362 ut
635 334 714 366 illud,
727 342 762 361 an
777 334 814 362 sit
832 334 943 366 animal,
955 334 1027 370 quod

240 387 282 410 est
299 383 327 409 in
344 385 433 413 utero,
456 390 490 409 an
511 390 565 409 non
581 382 693 409 animal.
710 381 831 414 Quartus
852 381 951 408 modus
974 385 1027 412 est,

240 429 351 465 quando
362 437 394 456 ex
412 429 542 455 alterutra
560 428 657 455 horum
675 431 752 462 parte
766 426 928 462 producitur
947 434 1028 462 argu-

241 479 374 506 mentum,
397 478 492 501 contra
509 472 582 508 quod
597 473 661 505 dici,
683 477 710 499 et
724 472 798 507 quod
822 471 891 500 solvi
911 479 964 499 non
979 479 1028 507 po.

242 525 304 548 test.
319 520 347 547 Si
358 528 422 556 ergo
433 519 570 555 quaerendi
582 526 664 546 causa
680 519 807 546 omnibus
820 517 908 546 modis
925 518 959 545 de
970 525 1028 545 me-

240 567 286 594 dio
306 567 420 597 tollitur,
437 565 503 592 ﬁdes
526 565 651 592 ﬁrmatur
675 572 707 592 ac
724 564 875 591 stabilitur.
893 563 941 591 Eis
962 571 1027 599 ergo

239 613 303 640 illud
315 612 501 648 producimus.
518 615 613 639 contra
629 610 701 646 quod
714 610 768 638 dici
779 619 833 637 non
845 613 945 645 potest,
954 610 1026 645 quod

238 658 309 686 Deus
326 663 378 690 est,
403 658 449 693 qui
467 657 544 689 dicit.
571 662 597 685 et
616 657 649 684 de
674 664 839 692 unoquoque
862 664 968 688 eorum,
993 656 1027 683 de

237 705 336 740 quibus
349 712 453 740 qumro,
466 704 549 731 tradit
565 704 592 731 in
608 703 729 738 scriptis.
744 702 812 736 Quis
828 707 946 737 estergo
959 702 1027 730 adeo

237 751 337 786 impius
353 756 381 778 et
393 758 407 777 a
423 751 479 778 Deo
488 750 605 781 alienus,
625 753 655 777 ut
670 749 724 777 Deo
739 758 796 776 non
810 749 949 780 credat,et
964 756 1027 784 pro-

236 798 398 825 bationes‘a
418 797 473 824 Deo
490 796 621 832 postulet,
638 800 768 831 tanquam
793 796 827 823 ab
848 795 1027 823 hominibus?

237 843 344 871 Rursus
359 851 391 871 ex
416 842 626 878 quaestionibus,
649 842 709 869 aliae
725 841 838 877 quidem
854 849 936 869 sensu
955 842 1026 869 indi-

1079 252 1137 277 γον,
1153 244 1195 270 ἐπ’
1217 243 1277 279 ἴσης
1298 244 1371 271 ἐστὶν
1387 245 1484 276 εἰπεῖν,
1503 245 1540 277 ὡς
1557 245 1598 278 τὸ,
1619 247 1644 272 εί
1665 246 1734 278 ζῶον
1750 247 1781 273 τὸ
1801 247 1875 274 κατά

1078 290 1206 326 γαστρὸς,
1227 291 1244 326 ἢ
1262 291 1291 317 οὐ
1313 290 1390 323 ζῶον.
1410 291 1545 327 Τέταρτός
1566 291 1624 318 ἐστι
1644 292 1756 328 τρόπος,
1779 293 1819 319 ὅτ’
1841 292 1876 319 ἂν

1078 336 1110 362 ὲκ
1127 336 1241 372 Θατέρου
1254 337 1356 364 τούτων
1375 337 1474 373 μέρους
1494 338 1692 374 ἀναντίρρητον
1707 339 1754 365 καὶ
1776 338 1876 366 ἄλυτον

1078 381 1223 417 ἐνθύμημα
1235 383 1421 418 προτείνηται.
1438 383 1469 409 Εἰ
1491 383 1580 410 τοίνυν
1595 384 1611 419 ή
1626 384 1672 410 τοῦ
1692 384 1786 420 ζητεῖν
1800 385 1875 411 αίτία

1078 427 1148 454 κατὰ
1164 427 1267 459 πάντας
1281 429 1344 460 τοὺς
1356 429 1474 464 τρόπους
1496 430 1658 466 ἀναιρεῖται,
1674 431 1766 463 πίστις
1784 433 1874 466 ἐμπε-

1077 473 1182 500 δοῦται·
1212 475 1388 510 προτείνομεν
1413 475 1467 511 γὰρ
1498 476 1589 507 αὐτοῖς
1615 476 1646 503 τὺ
1673 477 1874 513 ἀναντίρρητον

1078 521 1174 551 ἐκεῖνο,
1186 520 1200 546 ὅ
1213 521 1227 546 ό
1236 520 1301 552 Θεός
1315 522 1388 548 ἐστιν
1402 523 1415 548 ὁ
1429 521 1526 556 λέγων,
1538 522 1586 549 καὶ
1602 523 1666 558 περὶ
1680 523 1739 555 ἑνὸς
1756 524 1874 550 ἑκάστου

1077 561 1114 591 ὧν
1131 564 1261 600 ἐπιζητῶ,
1280 565 1418 602 παριστὰς
1433 567 1591 602 ἐγγράφως.
1610 568 1658 599 Τίς
1673 566 1721 594 οὖν
1735 568 1776 594 ἔτι
1793 569 1875 601 ἄθεος

1077 610 1200 638 ἀπιστεῖν
1213 611 1282 646 Θεῷ,
1296 612 1343 638 καὶ
1356 611 1405 644 τὰς
1415 612 1567 646 ἀποδείξεις
1578 613 1615 645 ὡς
1628 613 1706 649 παρὰ
1719 613 1875 650 ἀνθρώπων

1076 657 1202 684 ἀπαιτεῖν
1224 657 1271 684 τοῦ
1293 657 1378 690 Osci;
1405 659 1489 686 Πάλιν
1511 659 1567 686 τῶν
1592 659 1758 695 ζητημάτων
1772 660 1790 687 ἃ
1820 660 1873 695 μὲν

1066 703 1230 739 -αισθήσεως
1243 704 1339 736 δεῖται,
1360 701 1426 737 οἷον,
1440 704 1488 732 ἐὰν
1507 705 1575 742 ξητῇ
1594 715 1636 738 τις
1651 707 1674 732 εί
1692 707 1723 733 τὺ
1741 707 1798 742 πῦρ
1811 706 1876 743 θερ-

1078 749 1127 784 μὸν
1141 750 1157 785 ἢ
1177 750 1194 785 ἡ
1211 749 1276 785 χιὼν
1296 750 1378 786 λευκή
1393 760 1399 765 ·
1415 751 1477 778 τινὰ
1491 752 1519 778 δὲ
1535 752 1676 784 νουθεσίας
1689 753 1736 779 καὶ
1751 752 1873 788 ἐπιπλή-

1077 794 1153 828 ξεως,
1171 795 1209 827 ὥς
1229 804 1312 832 φησιν
1339 796 1527 832 Ἀριστοτέλης
1545 798 1611 833 (17),
1629 798 1668 830 ὼς
1685 798 1715 824 τὸ
1740 797 1874 834 ἐρώτημα

1077 841 1175 873 ἐκεῖνο,
1194 843 1217 868 εἰ
1228 842 1281 878 χρὴ
1296 843 1384 876 γονεῖς
1396 843 1479 879 τιμᾷν
1493 852 1499 858 ·
1517 843 1574 870 ἔστι
1600 844 1629 870 δὲ
1642 844 1659 871 ἃ.
1671 844 1718 871 καὶ
1732 844 1873 876 κολάσεως

236 895 319 927 gent;
336 894 366 918 ut
383 891 406 917 si
423 891 485 925 quis
508 894 623 925 quaerat,
642 897 677 916 an
701 890 772 925 ignis
789 889 825 917 sit
842 889 958 922 calidus,
978 893 1023 916 aut

1079 886 1152 919 ἄξια·
1178 888 1269 914 ὁποῖόν
1292 889 1350 914 ἐστι
1376 889 1408 915 τὸ
1432 890 1517 916 αίτεῐν
1538 889 1691 923 ἀποδείξεις
1712 891 1736 916 εί
1752 889 1874 926 Πρόνοια.

237 938 283 964 nix
297 937 358 965 alba
374 945 380 962 :
398 937 497 972 aliqua:
507 944 571 964 vero
586 936 774 963 admonitione
789 939 815 963 et
827 935 1025 971 increpatione,

237 989 266 1010 ut
279 983 317 1010 ait
335 983 496 1010 Aristoteles
512 992 518 1009 ε
536 986 566 1009 ιιι
583 983 628 1010 illa
646 981 834 1017 interrogatio,
851 989 886 1008 an
902 985 1026 1017 oporteat

236 1030 372 1057 honorare
386 1033 524 1064 parentes.
535 1028 605 1056 Sunt
620 1029 701 1056 etiam
716 1028 839 1063 quaedam
859 1028 948 1063 digna:
966 1036 1027 1064 qua:

236 1076 403 1111 puniantur;
429 1075 586 1110 cujusmodi
603 1079 664 1107 est,
689 1081 811 1110 quaerere
835 1075 1024 1109 probationes.

236 1130 272 1150 an
286 1122 322 1150 sit
338 1121 523 1149 Providentia.
541 1121 610 1148 Cum
629 1121 664 1149 sit
688 1128 753 1156 ergo
769 1120 956 1153 Providentia,
970 1129 1024 1149 non

235 1176 268 1196 ex
294 1168 468 1196 Providentia
496 1169 596 1195 factam
621 1168 708 1196 fuisse
735 1171 762 1197 et
788 1168 971 1203 prophetiam,
997 1172 1024 1196 et

235 1221 378 1249 eam,qu.'e
391 1214 418 1241 in
434 1213 605 1242 Servatorem
615 1213 687 1241 [acta
703 1217 755 1247 est,
769 1215 960 1247 oeconomiam,
973 1222 1024 1249 pu-

235 1263 304 1292 tare,
322 1264 363 1288 est
377 1259 524 1288 nefarium.
548 1259 582 1287 Et
600 1260 718 1288 fortasse
742 1268 776 1288 ne
793 1261 889 1288 conari
912 1261 1023 1296 quidem

235 1311 341 1335 oportet
356 1309 413 1334 tunc
427 1306 626 1340 demonstrare,
640 1314 702 1334 cum
720 1307 756 1335 sit
769 1307 916 1336 manifesta
931 1308 1023 1335 divina

234 1353 419 1385 Providentia,
435 1361 468 1381 ex
481 1357 593 1389 aspectu
610 1353 745 1386 omnium,
762 1361 822 1388 quae
837 1353 1024 1386 videntur,ef-

234 1403 379 1433 tectorum,
396 1408 457 1436 quae
479 1404 537 1427 arte
551 1403 682 1427 constant
696 1404 722 1427 et
740 1399 886 1435 sapientia,
907 1407 1024 1434 quorum

234 1447 288 1474 alia
301 1446 413 1482 quidem
428 1446 525 1473 ordine
541 1445 621 1477 ﬁunt,
639 1446 693 1472 alia
709 1452 775 1473 vero
790 1441 887 1474 ordine
908 1445 1024 1472 manife—

232 1497 352 1521 stantur.
371 1492 424 1526 Qui
441 1500 490 1520 nos
504 1495 595 1519 autem
615 1491 736 1519 essentia
752 1494 779 1519 et
797 1491 854 1518 vita
877 1491 1023 1526 impertiit,

232 1539 316 1566 etiam
341 1538 488 1574 participes
509 1537 574 1565 fecit
599 1538 726 1570 rationis,
746 1545 798 1565 nos
821 1537 904 1564 simul
925 1544 1024 1565 conve-

234 1586 341 1613 nienter
359 1584 458 1611 rationi
473 1584 579 1617 volens,
597 1587 624 1611 et
639 1583 709 1611 bene
726 1584 827 1611 vivere.
845 1582 914 1610 Nam
932 1582 1022 1618 Logos

233 1631 323 1658 Patris
338 1631 529 1658 universorum
545 1637 600 1656 non
617 1633 660 1657 est
672 1629 798 1661 verbum,
820 1629 894 1664 quod
916 1629 1022 1665 profer-

233 1681 287 1708 tur.
313 1677 361 1705 sed
377 1676 511 1712 sapientia
536 1681 563 1704 et
584 1671 631 1704 Dei
654 1676 763 1703 bonitas
778 1675 1020 1704 manifestissima:

232 1728 259 1751 et
271 1726 300 1755 Et
313 1724 395 1751 etiam
407 1722 579 1757 omnipotens
592 1726 713 1758 potestas
728 1725 755 1749 et
768 1729 831 1750 vere
841 1722 945 1755 divina,
960 1730 1022 1757 quae

232 1777 288 1797 non
302 1773 344 1797 est
356 1768 491 1803 ejusmodi
513 1773 542 1796 ut
557 1768 672 1804 intelligi
698 1775 753 1796 non
770 1768 858 1804 possit
879 1768 922 1796 vel
934 1768 968 1796 ab
987 1767 1022 1796 iis

232 1816 279 1850 qui
292 1816 379 1851 ipsam
394 1823 448 1842 non
471 1814 645 1846 conﬁtentur,
671 1814 798 1842 voluntas
823 1814 916 1842 omnia
934 1815 1024 1841 conti-

233 1869 304 1888 nens
332 1868 382 1888 sua
407 1861 616 1895 omnipotentia.
645 1859 781 1893 Quoniam
804 1864 897 1888 autem
922 1860 1023 1896 partim

232 1907 343 1942 quidam
368 1909 432 1934 sunt
444 1906 576 1940 inﬁdeles,
590 1906 690 1941 partim
699 1914 765 1934 vero
776 1907 952 1937 contentiosi,
967 1914 1023 1933 non

232 1959 328 1980 omnes
342 1956 528 1988 assequuntur
545 1952 609 1979 boni
624 1951 829 1988 perfectionem.
851 1951 919 1978 Nam
935 1959 1023 1987 negate

232 1998 293 2026 ﬁeri
305 2002 396 2033 potest
416 2002 446 2026 ut
460 1999 520 2025 sine
532 2002 628 2026 nostro
653 1998 737 2025 animi
759 1999 900 2033 proposito
923 2006 1022 2026 conse-

233 2052 359 2080 quamur,
374 2052 463 2080 neque
485 2045 644 2072 universum
671 2049 714 2072 est
735 2045 854 2080 positum
870 2045 899 2072 in
926 2048 1022 2072 nostra

231 2091 390 2125 voluntate;
403 2091 483 2127 quale
509 2095 563 2122 est,
593 2091 666 2126 quod
682 2096 724 2119 est
739 2095 917 2119 eventurum:
934 2091 1022 2126 gratia

231 2138 305 2164 enim
318 2145 454 2164 servantur
468 2137 501 2169 “,
518 2136 566 2164 sed
581 2144 636 2164 non
649 2137 755 2171 absque
769 2136 850 2164 bonis
867 2136 998 2172 operibus
1013 2145 1021 2170 ;

1078 933 1146 960 ἔστι.
1161 934 1293 969 Προνοίας
1309 934 1399 961 τοίνυν
1420 933 1513 970 οὔσης,
1530 935 1568 970 μὴ
1584 935 1656 962 κατά
1677 936 1810 972 Πρόνοιαν
1823 945 1873 970 γε-

1076 980 1181 1014 γονέναι
1195 981 1285 1007 πᾶσαν
1299 981 1349 1016 τήν
1362 989 1391 1007 τε
1409 981 1580 1017 προφητείαν
1600 982 1648 1008 καὶ
1668 981 1718 1017 τὴν
1736 982 1801 1018 περ).
1824 982 1873 1008 τὸν

1076 1026 1191 1062 Σωτῆρα
1205 1027 1370 1062 οἰκονομίαν,
1388 1028 1511 1063 ἡγεῖσθαι
1529 1027 1645 1055 ἀνόσιον.
1659 1029 1715 1055 Καὶ
1731 1029 1795 1061 ἴσως
1809 1029 1872 1056 οὐδὲ

1076 1072 1128 1109 χρὴ
1140 1074 1174 1099 τὰ
1187 1073 1298 1102 τοιαῦτα
1310 1074 1456 1109 πειρᾶσθαι
1469 1075 1672 1107 ἀποδεικνύναι,
1690 1077 1811 1111 φανερᾶς
1825 1075 1873 1101 οὕ-

1077 1128 1126 1155 σης
1138 1120 1188 1155 τῆς
1202 1119 1276 1152 θείας
1292 1121 1420 1156 Προνοίας
1436 1121 1467 1148 ἔκ
1482 1129 1512 1148 τε
1523 1121 1573 1157 τῆς
1587 1121 1675 1156 ὅψεως
1689 1122 1743 1149 τῶν
1762 1122 1872 1158 ὁρωμέ-

1076 1175 1128 1193 νων
1156 1167 1265 1194 πάντων
1284 1167 1417 1203 τεχνικῶν
1440 1169 1488 1195 καὶ
1506 1168 1595 1203 σοφῶν
1616 1169 1796 1204 ποιημάτων·
1823 1169 1871 1196 καὶ

1075 1212 1129 1242 τῶν
1147 1212 1196 1248 μὲν
1213 1213 1289 1246 τάξει
1312 1214 1478 1249 γινομένων,
1505 1215 1560 1242 τῶν
1581 1215 1609 1242 δὲ
1631 1215 1708 1248 τάξει
1735 1224 1870 1252 φανερου-

1077 1259 1182 1293 μένων·
1206 1259 1260 1286 eos
1286 1260 1417 1295 μεταδοὺς
1430 1261 1496 1296 ἡμῖν
1518 1261 1566 1287 τοῦ
1590 1260 1661 1288 εἶναί
1687 1270 1717 1288 τε
1740 1262 1788 1289 καὶ
1808 1262 1881 1297 ζῇν,

1077 1305 1246 1340 μεταδέδωκε
1269 1307 1316 1333 καὶ
1347 1307 1395 1333 τοῦ
1426 1306 1517 1341 λόγου,
1543 1307 1662 1342 λογικῶς
1685 1317 1714 1334 τε
1742 1308 1801 1343 ἅμα
1823 1309 1871 1334 καὶ

1075 1350 1104 1379 εὖ
1119 1352 1168 1388 ζῇν
1191 1352 1291 1380 ἐθέλων
1313 1354 1397 1389 ἡμᾶς.
1419 1354 1448 1380 '0
1460 1353 1514 1389 γάρ
1528 1353 1574 1380 τοῦ
1598 1353 1708 1389 Πατρὸς
1726 1354 1780 1380 τῶν
1801 1353 1871 1380 ὅλων

1075 1398 1160 1433 Λόγος
1185 1399 1234 1434 οὺχ
1258 1396 1335 1431 οὗτός
1361 1400 1434 1426 ἐστιν
1457 1401 1472 1426 ὁ
1503 1399 1671 1436 προφορικὸς
1688 1419 1695 1432 ,
1730 1399 1812 1434 σοφία
1841 1399 1875 1426 δὲ-

1075 1445 1122 1472 καὶ
1145 1446 1298 1481 χρηστότης
1322 1445 1500 1482 φανερωτάτη
1529 1445 1583 1481 (1.8)
1610 1445 1658 1472 τοῦ
1685 1445 1764 1477 Θεοῦ,
1790 1445 1874 1472 δύνασ

1076 1492 1121 1527 μίς
1132 1500 1162 1518 τε
1177 1490 1210 1518 αὖ
1226 1492 1388 1528 παγκρατὴς
1403 1493 1449 1519 καὶ
1463 1492 1503 1527 τῷ
1516 1492 1571 1519 ὄντι
1585 1491 1661 1519 θεία·
1678 1491 1738 1518 οὐδὲ
1752 1493 1810 1523 τοῖς
1827 1491 1864 1527 μὴ

1075 1538 1252 1573 ὁμολογοῦσιν
1286 1539 1490 1574 ἀκατανόητος,
1523 1539 1629 1575 θέλημα
1656 1547 1871 1574 παντοκρατορι-

1037 1566 1059 1595 C
1077 1566 1124 1611 κον
1137 1566 1202 1621 (1θ).
1212 1585 1289 1612 Ἐπεὶ
1302 1585 1331 1612 δὲ
1345 1586 1369 1611 οἱ
1382 1566 1430 1620 μὲν
1446 1566 1565 1617 ἄπιστοι,
1582 1566 1608 1612 ξι
1632 1585 1660 1612 δὲ
1677 1566 1869 1620 ἐριστιοιοὶ,“οὺ

1075 1629 1176 1662 πάντες
1190 1631 1355 1666 τυγχάνουσι
1369 1631 1418 1666 τῆς
1431 1631 1598 1666 τελειότητος
1612 1630 1660 1658 τοῦ
1682 1630 1797 1664 ἀγαθοῦ.
1818 1630 1870 1658 Οὕ-

1075 1684 1104 1703 τε
1128 1675 1184 1712 γὰρ
1206 1676 1269 1703 ἄνευ
1301 1677 1487 1712 προαιρέσεως
1511 1678 1603 1712 τυχεῖν
1631 1673 1686 1703 οἶόν
1706 1685 1753 1702 τε·
1766 1677 1797 1703 οὐ
1814 1677 1872 1712 μὴν

1075 1721 1135 1751 οὐδὲ
1150 1722 1180 1748 τὸ
1194 1722 1248 1749 πᾶν
1263 1722 1309 1748 ἐπὶ
1320 1723 1353 1758 τῇ
1369 1721 1465 1758 γνώμῃ
1481 1723 1514 1758 τῇ
1529 1722 1652 1758 ἡμετέρᾳ
1681 1723 1787 1748 κεῖται·
1814 1719 1869 1748 οἷον

1074 1768 1105 1794 τὸ
1119 1767 1340 1804 ἀποϐησόμενον·
1364 1767 1460 1804 χάριτι
1483 1768 1537 1804 γὰρ
1563 1768 1797 1803 σωζόμεθα(20)·
1819 1769 1871 1795 οὐκ.

1075 1814 1140 1841 ἄνευ
1156 1814 1248 1849 μέντοι
1269 1814 1323 1842 τῶν
1338 1814 1428 1841 καλῶν
1453 1814 1556 1850 ἔργων’
1571 1814 1640 1841 ἀλλά
1663 1814 1704 1840 δεῖ
1718 1814 1766 1849 μὲν
1781 1823 1870 1849 πεφυ-

1075 1861 1158 1893 κότας
1183 1861 1252 1897 πρὸς
1269 1861 1300 1887 τὸ
1321 1860 1434 1895 ἀγαθὸν,
1466 1861 1582 1896 σπουδήν
1606 1869 1668 1887 τινα
1686 1861 1868 1897 περιποιήσα-

1075 1907 1137 1933 σθαι
1152 1906 1220 1942 πρὺς
1233 1907 1313 1933 αὑτό·
1328 1906 1405 1933 δεῖδὲ
1419 1907 1467 1934 καὶ
1487 1907 1536 1942 τὴν
1561 1906 1674 1942 γνώμην
1690 1906 1752 1942 ὑγιῆ
1769 1907 1869 1943 κεκτῆ-

1075 1952 1148 1986 σθαι,
1171 1953 1220 1988 τὴν
1243 1953 1428 1988 ἀμετανόητον
1443 1953 1511 1988 πρὸς
1532 1953 1581 1988 τὴν
1602 1952 1688 1988 θήραν
1702 1952 1749 1979 τοῦ
1766 1952 1868 1979 καλοῦ⁸

1075 1999 1144 2035 πρὸς
1156 1999 1224 2034 ὅπερ
1240 1999 1357 2034 μάλιστα
1380 1999 1430 2033 τῆς
1457 1999 1533 2030 θείας
1546 1998 1682 2034 χρῄζομεν
1698 1998 1818 2035 χάριτος,
1833 1999 1869 2025 διε

1075 2044 1222 2077 δασκαλίας
1241 2054 1272 2072 τε
1286 2045 1378 2081 ὀρθῆς,
1402 2046 1450 2072 καὶ
1474 2045 1621 2077 εὐπαθείας
1635 2045 1691 2081 (21)
1708 2046 1804 2080 ἁγνῆς,
1820 2045 1869 2073 καὶ

1074 2091 1126 2126 τῆς
1139 2091 1186 2118 τοῦ
1200 2092 1305 2128 Harpe;
1320 2092 1388 2127 πρὸς
1404 2092 1484 2119 αὑτὸν
1501 2092 1556 2124 (22)
1573 2092 1664 2127 ὁλκῆς.
1687 2092 1867 2127 Ἑνδεδεμένοι

1074 2137 1130 2173 γὰρ
1142 2137 1181 2173 τῷ
1196 2137 1290 2172 γεώδει
1306 2138 1422 2173 σώματι,
1436 2137 1489 2164 τῶν
1508 2138 1556 2173 μὲν
1569 2138 1705 2174 αἰσθητῶν
1718 2137 1762 2165 διὰ
1775 2137 1868 2174 σώμα-

269 2217 298 2246 PE
315 2213 346 2242 P.
364 2214 414 2241 6H
430 2213 484 2241 ΕΙ).
500 2213 650 2246 ΡΟΤΤΕΚ,
665 2213 718 2241 548
734 2213 790 2241 ΕΙ).
807 2213 920 2241 PARIS.
950 2214 969 2229 “
986 2213 1023 2250 Ep

1080 2233 1088 2241 .
1103 2222 1134 2249 ιι,
1150 2215 1176 2242 5.

268 2274 324 2312 (17)
339 2274 572 2312 imploraritqu
584 2274 720 2312 Aliesp‘icit
739 2275 1020 2312 auctor__Aristotelis
1036 2277 1057 2304 D
1073 2283 1142 2312 nent.
1159 2275 1213 2303 hare
1228 2284 1287 2303 vero
1303 2276 1431 2311 majorem
1454 2276 1564 2311 habent,
1579 2285 1661 2312 quam
1681 2274 1867 2303 exercitationi

234 2309 325 2343 Topic.
339 2310 386 2336 lib.
403 2318 422 2341 ι,
440 2318 464 2337 c.
482 2310 513 2336 11
534 2319 540 2337 :
558 2310 595 2336 Οὐ
609 2310 649 2336 δεῖ
665 2309 694 2336 δὲ
713 2311 766 2336 πᾶν
783 2309 940 2345 πρόϐλημα,
959 2310 1020 2336 οὐδὲ

233 2346 322 2380 πᾶσαν
332 2345 406 2372 θέσιν
419 2345 593 2371 ἐπισκοπεῖν·
610 2344 667 2380 ἀλλ’
678 2344 843 2380 ἀπορήσειεν
859 2344 897 2372 ἄν
909 2354 950 2377 τις
965 2345 1020 2372 τῶν

231 2379 319 2422 λέγων
343 2380 562 2422 δεομένων,,καὶ
588 2379 792 2422 μὴικολάσεως,
817 2380 836 2422 ἦ
855 2380 1019 2422 αίςθησεως.

231 2416 263 2442 Οἱ
279 2414 328 2450 μὲν
342 2414 396 2451 γὰρ
410 2414 593 2451 ἀποροῦντες,
604 2416 718 2451 πότερον
739 2415 779 2451 δεῖ
797 2414 860 2451 τοὺς
883 2414 1020 2451 θεοῦςντι-

232 2449 296 2485 μᾷν,
314 2451 362 2476 καὶ
376 2449 440 2481 τοὺς
454 2449 542 2484 γονεῖς
564 2449 684 2485 ἀγαπᾷν,
699 2450 716 2485 ἥ
732 2449 774 2481 οὓ,
790 2450 926 2482 κολάσεως
948 2450 1021 2477 δέον-

229 2493 292 2521 ταιτ
308 2486 333 2511 οἱ
348 2485 376 2521 δὲ
398 2485 512 2520 πότερον
527 2486 543 2520 ἡ
559 2485 732 2521 χιὼννλευκὴ,
755 2486 772 2521 ἢ
793 2485 835 2521 09,
859 2486 1021 2521 αἰσθήσεως.

229 2520 298 2557 ουδὲ
305 2520 338 2557 δὴ
354 2517 391 2557 ᾦν
400 2517 564 2557 σύνεγγυς’ἥ
569 2517 722 2557 ἀπόδειξις,’
728 2517 790 2557 ουδὲ
802 2518 839 2557 ὢν
847 2521 906 2557 λίαν
917 2517 1020 2557 πόρρω·

229 2554 265 2581 τὰ
284 2554 401 2590 μὲνγὰρ
420 2556 472 2592 οὐξι
484 2556 540 2590 ἔχει
557 2554 688 2592 ἀπορίαν,
706 2555 740 2582 τὰ
754 2556 783 2582 δὲ
804 2555 888 2592 πλείω
912 2557 929 2591 ἢ
951 2554 1022 2582 ᾆιατά

230 2589 427 2625 γυμναστικήν.
447 2589 503 2617 Nec
523 2599 582 2618 vero
596 2589 695 2625 oportet
711 2599 787 2618 omne
802 2589 949 2625 problema,
975 2595 1024 2618 aut

231 2633 332 2661 omnem
360 2626 445 2652 thesin
464 2627 491 2652 in
521 2628 690 2661 quaestionem
710 2634 848 2658 reuocare;
878 2626 923 2653 sed
950 2635 1019 2658 eum,

230 2659 262 2686 de
283 2669 335 2694 qua
361 2661 492 2696 quispiam
514 2659 600 2696 posset
623 2661 744 2688 dubitare
766 2669 840 2696 egens
865 2662 1019 2693 rationum,

231 2703 283 2721 non
307 2704 397 2729 pwnw,
420 2701 466 2722 aut
485 2704 586 2724 sensus.
604 2696 677 2723 Nam
689 2697 734 2732 qui
755 2697 902 2732 ambigunt,
929 2702 1020 2723 utrum

230 2736 350 2763 oporteat
377 2731 438 2757 deos
468 2732 561 2762 calere,
589 2737 614 2759 et
639 2731 759 2766 parentes
783 2732 902 2767 diligere,
928 2740 1018 2763 necne,

230 2773 324 2800 pwna,‘
343 2767 386 2800 qui
403 2775 463 2793 vero
478 2766 611 2799 dubitant,
627 2773 715 2794 utrum
731 2768 777 2794 nim
792 2766 910 2798 sit’alba,
929 2775 1018 2800 necne,

230 2809 309 2827 sensu
323 2801 449 2837 indigent.
468 2801 524 2828 Nec
539 2804 620 2837 igitur
636 2803 668 2829 de
683 2803 723 2830 Itis
745 2803 891 2837 disceptare
905 2807 1018 2837 oportet,

228 2843 341 2870 quorum
358 2838 385 2863 in
398 2843 521 2872 promptu
530 2844 568 2865 est
580 2838 783 2869 demonstratio,
797 2846 842 2864 nec
858 2846 969 2872 quorum
980 2842 1020 2864 est

228 2872 308 2900 ιὲηιίε
325 2877 445 2906 remota;
463 2874 586 2912 qttaniam
608 2874 656 2910 illa
679 2883 732 2911 rio];
755 2873 850 2911 habet}!
872 2872 1024 2911 dyhitatiq:

1072 2311 1219 2338 dialectica
1231 2312 1376 2339 conveniat.

1109 2346 1166 2381 (18)
1193 2346 1396 2382 Φανερωτάτη.
1426 2346 1506 2374 Conf.
1540 2346 1702 2382 Protreptici
1725 2354 1787 2382 pag.
1818 2346 1864 2380 86,

1074 2386 1132 2408 not.
1148 2382 1176 2409 5.

1113 2416 1169 2452 (19)
1190 2417 1308 2451 Θέλημα
1331 2424 1510 2451 παντοκρατ.
1540 2417 1620 2444 Conf.
1644 2416 1789 2451 Pa‘dagogt‘
1817 2416 1864 2444 lib.

1077 2460 1118 2482 HI.
1140 2459 1172 2487 οἱ
1183 2452 1244 2486 υιι.,
1269 2460 1296 2487 p.
1325 2452 1388 2483 509,
1407 2457 1464 2480 ιιοι.
1483 2452 1510 2480 6.
1526 2452 1652 2480 Clemens
1669 2452 1739 2479 infra
1757 2461 1783 2486 p.
1800 2452 1865 2485 575,

1075 2487 1143 2514 edit.
1160 2486 1307 2522 Paris.:T®
1330 2487 1574 2523 παντοκρατορικῴ
1591 2487 1741 2523 βουλήματι
1757 2487 1866 2522 ὑπέχων

1076 2522 1154 2583 item»;
1169 2522 1216 2548 καὶ
1230 2522 1354 2556 εὐθύνας.
1378 2522 1564 2557 Οηιίιίροιεηιί
1580 2523 1710 2550 voluntati
1735 2523 1866 2549 rationem

1076 2566 1104 2583 re
1141 2565 1197 2583 ens.

1076 2559 1197 2584 reddens.

1111 2592 1168 2628 (20)
1182 2592 1282 2626 Χάριτι
1296 2591 1455 2627 σωζώμεθα.
1473 2592 1572 2628 Ephes.
1589 2601 1617 2622 Il.
1639 2593 1666 2627 5,
1683 2593 1786 2627 Χάριτί
1793 2594 1867 2621 ἐστε

1075 2627 1272 2661 σεσωσμένοι.

1111 2662 1166 2698 (21)
1194 2663 1371 2696 Εὐπαθείας.
1405 2661 1486 2690 Forte
1524 2663 1733 2690 convenientius
1772 2663 1867 2689 εὐπει-

1074 2697 1160 2729 θείας.
1176 2698 1339 2725 obedientiw.
1357 2698 1436 2725 Sus.

1110 2733 1165 2768 (22)
1185 2733 1262 2767 Πρὸς
1273 2733 1375 2760 αὐτόν.
1395 2732 1575 2760 Scribendum
1592 2733 1659 2768 πρὸς
1673 2732 1766 2765 αὐτόν,
1778 2732 1814 2768 ad
1825 2741 1864 2761 se.

1074 2768 1196 2802 Respicit
1215 2772 1312 2795 auctor
1331 2768 1434 2795 Christi
1451 2769 1532 2796 verba
1544 2767 1622 2795 Joa’n'.
1636 2776 1673 2799 vt,
1684 2768 1720 2794 44
1734 2777 1740 2795 :
1758 2767 1866 2801 οὐδεὶς

1073 2803 1197 2830 δύναται
1225 2803 1325 2829 ἐλθεῖν
1338 2803 1412 2836 πρὸς
1421 2802 1470 2837 μὲ,
1486 2803 1540 2831 ἐὰν
1551 2803 1594 2838 μὴ
1610 2805 1626 2831 ὁ
1636 2803 1749 2838 Πατὴρ,
1762 2804 1779 2830 ό
1793 2803 1865 2838 πόλιν

1073 2840 1136 2873 1m;-
1142 2847 1191 2873 με,
1204 2838 1319 2873 ἑλκύσῃ
1336 2839 1438 2865 αὐτόν.
