1940 3079
258 190 310 218 ιιἳὸ

860 192 1057 220 CLEMENTIS
1074 193 1312 223 ALEXANDRINI

1861 201 1893 227 ει

258 248 378 284 perfecta
395 250 491 281 virtus.
506 250 625 286 justitia,
636 250 747 278 tractari
762 251 862 278 solent.
879 251 918 280 Ac
930 252 1036 286 pruden

1101 253 1192 289 δρείας
1229 255 1379 291 καρτερία,
1416 257 1658 293 μεγαλοφροσύνη.
1688 258 1892 294 μεγαλοψυχία,

257 295 293 321 tia
305 294 415 329 quidem
433 300 460 322 et
472 296 580 330 justitia
596 296 683 323 utitur
699 295 733 323 ad
756 296 907 331 parandam
937 298 1048 334 sapien-

255 341 337 368 tiam:
352 340 513 369 fortitudine
525 347 625 373 autem,
651 350 704 369 non
717 342 805 370 solum
822 343 849 370 in
863 341 983 372 ferendis
1000 352 1048 372 ca-

256 387 345 419 sibus.
363 388 410 415 sed
433 389 515 415 etiam
538 388 565 415 in
582 388 736 416 resistendo
751 389 886 424 voluptati
898 393 924 417 et
940 390 1047 425 cupidi—

255 434 315 466 tati,
328 433 470 468 dolorique
485 438 512 461 et
529 434 593 461 irae:
610 436 637 461 et
654 433 681 460 in
697 441 815 466 summa,
831 435 921 462 cuivis
937 436 1047 470 reiquae

255 487 306 507 nos
322 481 363 507 vel
379 480 404 507 vi
419 481 460 507 vel
476 480 573 507 fraude
589 481 681 516 aliqua
697 481 793 508 allicit.
818 480 879 508 Non
895 481 968 509 enim
980 482 1045 509 vitia

253 530 280 552 et
293 526 406 553 honesta
434 526 572 554 sustinere
595 531 713 561 oportet,
738 527 785 554 sed
799 530 826 555 et
838 527 997 562 persuaderi
1016 532 1045 555 ut

253 579 284 599 ea
301 572 497 603 sustineamus,
513 579 573 607 qua
590 576 654 599 sunt
670 573 814 600 terribilia.
843 567 984 601 Inveni-tur
996 582 1046 601 an-

253 621 307 644 tem
323 617 400 644 dolor
413 625 523 652 quoque
537 617 613 644 utilis
626 621 683 644 tum
701 618 734 644 ad
748 617 922 649 medendum.
939 622 996 646 tum
1010 619 1044 646 ad

251 664 431 692 erudiendum
447 669 474 692 et
489 665 698 700 castigandum;
715 669 742 693 et
757 673 806 701 per
821 673 883 693 eum
899 667 1045 702 corrigun~

252 715 297 737 tur
308 718 400 738 mores
416 710 449 737 ad
465 710 610 738 utilitatem
625 710 779 738 hominum.
795 709 977 739 Fortitudinis
995 719 1052 742 ειη-κ

252 760 306 783 tem
336 761 443 792 spectes
472 760 537 784 sunt
561 756 719 789 tolerantia,
742 757 844 784 mentis
876 757 1042 790 sublimitas,

251 803 414 838 magnitudo
430 803 527 834 animi,
553 803 715 836 liberalitas,
743 802 956 838 magniﬁcentia.
974 803 1044 831 Pro-

252 852 312 883 pter
326 856 408 883 quam
431 856 544 875 causam
557 868 564 880 ,
585 856 637 875 nec
653 848 869 883 reprehensione
879 868 886 881 ,
905 857 956 876 nec
968 849 1042 885 vulgi

251 896 323 922 mala
350 895 422 922 fama
449 894 566 922 afﬁcitur
580 894 740 926 Gnosticus,
753 903 842 930 neque
866 895 1042 930 opinionibus

1099 299 1296 336 ἐλευθεριότης,
1310 302 1355 327 καὶ
1369 302 1603 337 μεγαλοπρέπεια.
1632 304 1686 330 Καὶ
1705 304 1740 330 δι’
1755 305 1789 340 ἦν
1806 305 1894 332 αἰτίαν

1097 344 1157 371 οὔτε
1175 346 1304 381 μέμψεως
1326 346 1388 373 οὔτε
1417 348 1575 380 κακοδοξίας
1590 348 1640 384 τῆς
1661 350 1694 376 ἐκ
1706 350 1762 376 τῶν
1790 350 1894 377 πολλῶν

1097 390 1326 426 ἀντιλαμϐάνεται
1344 394 1358 419 ὁ
1373 394 1532 427 γνωστικὸς,
1550 394 1612 421 οὔτε
1624 395 1715 429 δόξαις
1735 396 1799 423 οὔτε
1815 397 1895 423 κολα-

1098 436 1186 468 κείαις
1199 438 1380 474 ὑποΰέὅληται
1391 448 1397 453 “
1416 439 1444 465 ἓν
1453 448 1483 466 τε
1501 442 1539 476 τῳ
1562 441 1706 476 ὑπομένειν
1723 443 1824 474 πόνους
1839 443 1895 471 δια-

1098 483 1282 519 πραττόμενος
1304 485 1377 520 ἆλμα
1394 485 1432 520 (5)
1446 495 1472 512 τι
1484 487 1539 514 τῶν
1564 488 1769 523 προσηκόντων,
1785 490 1834 516 καὶ
1846 491 1892 517 άν-

1095 529 1326 566 δρείωςὺπεράνω
1337 531 1444 558 πάντων
1461 533 1514 559 τῶν
1527 535 1729 569 περιπατικῶν
1739 536 1892 571 γινόμενος,

1096 575 1164 611 ἀνὴρ
1180 575 1218 611 τῷ
1234 576 1290 602 ὄντι
1303 578 1331 603 ἐν
1342 579 1396 609 τοῖς
1412 578 1501 610 ἄλλοις
1515 579 1694 614 ἀναφαίνεται
1715 581 1890 617 ἀνθρώποις·

1096 620 1189 653 σώζων
1198 630 1227 648 τε
1243 620 1276 649 αὖ
1285 623 1333 658 τὴν
1341 623 1480 660 φρόνησιν,
1492 628 1626 661 σωφρονεῖ
1638 626 1667 653 ἐν
1678 627 1893 662 ἡσυχιότητιτῆς

1094 666 1200 703 ψυχῆς,
1226 669 1426 704 παραδεκτικδς
1448 671 1502 697 τῶν
1533 672 1778 708 ἐπαγγελλομένων
1795 673 1835 705 ὡς
1856 675 1893 700 οἰ-

1101 713 1192 745 κείων,
1209 714 1279 742 κατὰ
1301 715 1350 751 τὴν
1369 716 1536 752 ἐπιστροφὴν
1558 718 1612 744 τῶν
1631 719 1753 755 αἰσχρῶν
1765 719 1804 751 ὡς
1815 719 1892 746 ἀλλι-

1094 760 1187 795 τρίων,
1197 761 1342 796 γενόμενος
1356 762 1468 797 κόσμιος
1483 764 1530 790 καὶ
1543 764 1727 800 ὑπερκόσμιος
1740 765 1791 801 (6),
1807 765 1837 792 ἐν
1850 766 1894 792 κό-

1095 814 1156 842 σμῳ
1171 808 1218 834 καὶ
1240 808 1315 841 τάξει
1329 808 1470 844 πράσσων,
1488 811 1535 837 καὶ
1547 811 1623 837 οὐδὲν
1641 812 1747 848 οὐδαμῆ
1764 813 1894 849 πλημμε-

1093 851 1163 879 λῶν·
1184 853 1305 880 πλουτῶν
1329 855 1379 890 μὲν
1403 855 1441 888 ὡς
1457 856 1498 883 ὅτι
1521 857 1640 893 μάλιστα
1660 860 1689 886 ἐν
1707 861 1746 896 τῷ
1776 862 1892 897 μηδενὸς

1094 898 1247 934 ἐπιθυμεῖν,
1264 900 1312 927 ἆτε
1325 901 1462 938 ὀλιγοδεὴς
1475 902 1512 930 ὢν
1528 905 1574 930 καὶ
1592 906 1620 931 ἑν
1632 907 1778 943 περιουσίᾳ
1792 909 1892 940 παντὶς

252 941 409 976 subjicitur.
437 948 526 976 neque
550 941 801 974 assentationibus;
815 947 841 968 et
858 941 886 968 in
902 941 1039 969 sustinen-

1095 943 1198 978 ἀγαθοῦ
1225 945 1268 972 διὰ
1293 947 1343 982 τὴν
1367 947 1468 982 γνῶσιν
1492 950 1621 984 τάγαθοῦ.
1645 941 1826 989 Δικαιοσάνης
1838 955 1891 989 γὰρ

251 987 295 1016 dis
310 988 525 1018 laboribus,sive
538 988 593 1022 agit
608 987 712 1023 aliquid
721 987 794 1023 quod
805 991 923 1023 oportet,
934 988 992 1016 sive
1001 996 1045 1015 ca-

251 1041 300 1061 sus
309 1041 405 1060 omnes
421 1033 528 1060 fortiter
549 1037 672 1068 superat,
689 1041 784 1061 revera
794 1034 836 1061 vir
851 1034 960 1062 videtur
972 1035 1044 1062 inter

251 1079 320 1106 alios
328 1079 462 1106 homines.
474 1079 506 1106 Et
514 1087 612 1107 rursus
619 1087 788 1107 conservans
796 1080 980 1115 prudentiam,
990 1089 1044 1108 mo—

248 1124 327 1153 deste
335 1132 367 1152 ac
377 1129 526 1160 temperate
535 1125 600 1152 vivit
608 1125 636 1152 in
649 1125 739 1160 quiete
747 1126 855 1158 animae,
865 1134 896 1153 ea
904 1135 965 1162 quae
978 1135 1044 1162 prae-

250 1171 390 1206 cipiuntur
410 1171 510 1206 excipit
522 1173 651 1205 tanquam
670 1179 731 1206 qua:
743 1171 795 1199 sibi
813 1172 995 1206 conveniant;
1010 1180 1042 1200 ea

250 1225 315 1244 vero
343 1225 403 1252 qua:
428 1220 492 1244 sunt
513 1217 623 1252 turpia,
659 1222 688 1244 ut
720 1217 808 1244 aliena
832 1221 862 1249 ᾖ(
883 1222 1041 1250 aversatur.

249 1267 276 1291 et
287 1264 371 1291 veluti
389 1263 508 1291 mundus
524 1269 550 1291 et
566 1264 818 1299 supermundanus.
836 1269 932 1291 ornate
954 1268 981 1291 et
995 1264 1042 1292 de-

249 1316 313 1337 core
327 1317 357 1337 se
370 1317 477 1344 gerens,
490 1314 517 1337 et
533 1310 608 1337 nullo
622 1310 703 1337 modo
725 1310 898 1344 delinquens.
927 1309 1042 1337 Maxime

248 1355 360 1391 quidem
376 1355 464 1388 dives,
480 1364 513 1383 ex
529 1364 561 1384 eo
574 1355 648 1391 quod
661 1355 729 1383 nihil
745 1356 933 1390 concupiscat,
955 1359 984 1382 ut
995 1356 1042 1390 qui

248 1402 344 1438 paucis
356 1406 444 1437 egeat,
470 1407 497 1430 et
525 1403 648 1430 omnium
664 1403 800 1430 bonorum
816 1403 937 1430 abundet
951 1404 1040 1438 copia,

248 1452 360 1483 propter
385 1449 450 1475 boni
477 1449 675 1483 cognitionem.
697 1448 763 1482 Ejus
777 1448 851 1476 enim
870 1448 985 1483 iustitia:
1000 1453 1042 1477 est

247 1495 367 1530 primum
394 1502 507 1525 munus,
535 1502 630 1522 amore
657 1495 803 1530 complecti
832 1502 881 1522 eos
907 1495 954 1530 qui
977 1499 1041 1523 sunt

247 1540 370 1575 ejusdem
387 1541 508 1576 generis,
520 1544 547 1567 ct
562 1548 624 1567 cum
639 1540 680 1568 eis
692 1547 774 1576 agere
794 1544 822 1568 et
836 1541 954 1573 versari,
969 1545 997 1568 et
1013 1541 1041 1569 in

248 1592 322 1615 terra
336 1592 363 1615 et
379 1589 406 1614 in
420 1588 503 1614 cmlo.
525 1587 562 1614 Ea
579 1587 686 1614 ratione
704 1588 830 1615 lubenter
854 1596 962 1623 quoque
987 1589 1040 1616 im-

247 1635 330 1668 pertit
346 1638 373 1661 et
388 1634 575 1661 communicat
587 1635 610 1661 si
626 1633 784 1669 possideat:
807 1638 834 1662 et
850 1642 913 1661 cum
935 1635 971 1662 sit
994 1642 1040 1663 co-

247 1681 300 1708 mis
317 1688 349 1708 ac
360 1681 505 1715 benignus.
517 1688 625 1709 summo
636 1680 699 1708 odio
715 1681 797 1708 habet
813 1682 909 1713 malos,
922 1681 1040 1717 quodvis

246 1726 409 1754 maleﬁcium
422 1725 543 1762 perfecte
556 1727 719 1754 abhorrens.
728 1726 841 1762 Oportet
852 1735 918 1763 ergo
932 1728 1040 1757 discere

245 1779 308 1799 esse
324 1772 429 1799 fidelem
446 1775 473 1799 et
487 1771 541 1799 sibi
566 1775 593 1800 et
619 1772 757 1808 proximo,
774 1777 800 1801 et
814 1782 911 1808 parere
936 1782 1039 1810 praece-

247 1818 311 1853 ptis.
327 1817 378 1845 llic
392 1821 434 1845 est
457 1818 531 1846 enim
556 1817 603 1846 Dei
619 1826 716 1847 servus
743 1819 790 1854 qui
815 1828 864 1848 sua
894 1826 992 1857 sponte
1009 1830 1039 1850 se

246 1863 360 1898 subjicit
387 1865 549 1899 praeceptis;
573 1864 619 1899 qui
648 1869 740 1893 autem
764 1874 819 1893 non
843 1867 900 1901 jam
926 1872 1039 1903 propter

246 1915 394 1945 pra-cepta.
408 1911 454 1937 sed
471 1915 582 1946 propter
597 1911 684 1945 ipsam
707 1912 889 1947 cognitionem
900 1918 942 1940 est
957 1922 1037 1941 mun-

246 1955 297 1983 dus
312 1955 406 1987 corde,
423 1956 446 1984 is
458 1960 500 1984 est
513 1956 558 1984 Dei
570 1957 684 1985 amicus.
702 1957 796 1994 Neque
811 1960 883 1987 enim
897 1961 1038 1988 nascimur

245 2005 344 2028 natura
358 2001 459 2028 virtute
486 2001 602 2035 praediti,
629 2010 718 2037 neque
732 2010 764 2030 ea
779 2007 924 2039 postquam
939 2013 1036 2034 sumus

244 2048 313 2080 nati,
335 2052 365 2075 ut
379 2049 478 2085 aliqua:
490 2048 550 2075 alia:
565 2053 657 2084 partes
672 2051 807 2085 corporis,
826 2051 932 2079 accedit
942 2059 1035 2087 postea

245 2095 425 2128 naturaliter;
451 2103 515 2122 nam
533 2095 573 2122 sic
599 2104 653 2122 non
676 2101 750 2124 esset
775 2098 969 2133 voluntarium,
985 2108 1036 2128 nec

245 2141 399 2174 laudabile;
419 2141 466 2168 sed
482 2149 532 2168 nec
547 2150 580 2168 ex
589 2149 684 2169 eorum
700 2151 760 2177 qua:
771 2144 894 2178 quotidie
906 2145 1035 2173 eveniunt

245 2195 296 2215 usu
313 2187 461 2215 accedente
472 2192 499 2215 et
511 2189 711 2216 consuetudine
728 2190 800 2217 sicut
822 2199 924 2223 sermo,
945 2191 1034 2220 virtus

1053 1616 1075 1644 C

244 2234 386 2269 perficitur
414 2234 522 2268 (vitium
551 2235 624 2261 enim
653 2236 850 2270 propemodum
874 2237 926 2264 hoc
952 2238 1033 2265 modo
1056 2255 1061 2258 ν

245 2279 443 2316 ἰηαοιιθτοιιιῐ),
452 2280 500 2307 sed
517 2289 567 2308 nec
580 2289 611 2308 ex
625 2286 683 2309 arte
699 2281 800 2316 aliqua,
811 2283 869 2310 sive
881 2291 912 2311 ex
930 2284 964 2311 iis
974 2292 1035 2319 quae

1092 2289 1181 2325 κόσμῳ
1193 2290 1241 2326 τὴν
1264 2279 1395 2328 ἀληθινὴν
1415 2279 1492 2328 νίκτίν
1506 2279 1586 2321 ’κατὰ
1601 2279 1878 2332 ’πάντωνρτεφανοιί-

244 2330 402 2361 proponunt
415 2326 467 2354 sibi
484 2331 629 2361 quaestum,
645 2328 702 2355 sive
718 2335 750 2355 ex
773 2328 807 2355 iis
823 2337 884 2364 qua:
898 2331 1034 2364 pertinent

243 2372 278 2398 ad
301 2380 396 2399 curam
421 2372 557 2408 corporis,
583 2373 690 2400 accedit
709 2374 840 2408 cognitio.
865 2375 917 2402 Sed
933 2383 983 2403 nec
999 2384 1033 2403 ex

244 2417 404 2446 liberalibus
418 2418 572 2454 disciplinis
588 2427 594 2445 :
620 2419 688 2446 bene
709 2419 782 2447 enim
796 2427 858 2447 cum
874 2420 915 2448 eis
930 2421 1030 2455 agitur,

243 2463 267 2492 si
282 2467 388 2489 tantum
404 2469 519 2498 possunt
529 2472 684 2499 prmpararc
705 2465 824 2492 animam
852 2471 879 2494 et
903 2467 927 2494 ei
949 2467 1032 2494 mini—

280 2522 310 2551 ἧς
324 2520 354 2546 Ρ.
373 2519 426 2546 859
445 2519 498 2546 ED.
517 2519 665 2554 POTTER,
679 2521 730 2548 ’110
747 2521 801 2550 ED.
822 2521 933 2551 PARIS.

279 2576 439 2619 ςξλἊέλξα.
453 2577 485 2602 Α.
496 2584 544 2611 pro
556 2576 639 2619 ὅιλμα,
649 2577 714 2619 legit,
725 2577 792 2613 ἅμα,
802 2578 933 2619 :simul.»
950 2578 1029 2619 SrLt}.

280 2612 340 2647 (6)7
364 2612 495 2645 Κύσμιος
524 2613 573 2639 καὶ
601 2613 767 2647 ὑπερκόσμ.
800 2613 867 2640 Cum
901 2621 953 2640 vox
985 2614 1032 2641 κό-

245 2655 314 2681 σμος
336 2646 511 2674 habitabilem
525 2648 597 2674 hunc
612 2657 620 2672 ι
637 2646 768 2674 mundum
783 2657 792 2674 ι
809 2653 837 2675 et
854 2658 863 2674 ‹
876 2654 1004 2676 ornatum
1018 2658 1027 2674 ι

243 2689 291 2708 seu
306 2690 315 2706 ‹
329 2681 454 2708 decorem
471 2692 480 2708 ι
494 2683 640 2718 signiticet.
656 2683 768 2717 κόσμιος
795 2692 804 2708 ‹
818 2683 948 2711 decorum
964 2693 973 2709 )
988 2684 1029 2711 vel

244 2726 256 2743 ς
268 2718 436 2753 mundanum
449 2727 458 2742 ν
486 2718 597 2744 denotat
614 2727 622 2750 ;
640 2718 824 2753 ὑπερκόσμιος
839 2724 928 2745 autem
955 2727 1028 2750 eum,

241 2751 288 2786 qui
306 2753 344 2777 vel
370 2759 477 2786 «supra
503 2753 614 2780 modum
638 2751 788 2780 decorem")
815 2758 959 2784 sectatur,
987 2755 1028 2781 vel

242 2785 384 2823 habitabili
401 2785 453 2823 hoc
479 2797 488 2812 ι
504 2789 614 2821 mimdo,
634 2789 760 2823 superior
774 2799 783 2814 ι
809 2789 911 2816 evadit.
929 2789 988 2822 Qua
1001 2790 1028 2816 in
1059 2810 1063 2813 η

242 2822 417 2855 ambiguitate
432 2822 476 2849 hic
496 2823 565 2850 ludit
583 2822 688 2851 auctor.

276 2856 313 2891 (7)
330 2855 393 2894 'Dr.
411 2857 514 2894 Sensus
525 2863 576 2890 est,
603 2870 611 2884 ι
627 2867 689 2886 eum
706 2859 821 2886 libenter
834 2859 967 2894 impertiri
996 2868 1027 2886 ea

239 2899 301 2924 qua
311 2893 461 2930 possidet.»
476 2893 613 2930 lntcrpres
631 2895 697 2922 edit.
715 2893 788 2922 Flor.
805 2893 916 2922 secutus
933 2900 985 2928 est,
1000 2896 1027 2922 in

240 2934 293 2962 qua
306 2933 345 2955 ων
359 2933 454 2957 exstat.

1096 991 1180 1017 αὑτοῦ
1198 992 1307 1027 πρῶτον
1324 993 1404 1030 ἔργον
1426 995 1456 1021 τὸ
1483 996 1551 1031 μετὰ
1567 997 1622 1024 τῶν
1641 999 1785 1034 ὁμοφύλων
1805 1001 1891 1035 φιλεῖν

1095 1037 1206 1071 διάγειν,
1222 1039 1269 1066 καὶ
1286 1042 1405 1067 συνεῖναι
1433 1042 1538 1074 τούτοις
1563 1043 1591 1070 ἐν
1603 1053 1633 1070 τε
1656 1046 1690 1080 γῇ
1706 1046 1752 1072 καὶ
1772 1046 1889 1082 οὐρανῷ,

1095 1084 1187 1119 Ταύτῃ
1202 1085 1248 1111 καὶ
1262 1086 1439 1120 μεταδοτικὸς
1450 1084 1488 1114 ὧν
1500 1088 1538 1123 (7)
1558 1089 1590 1115 ἂν
1647 1092 1829 1127 κεκτημένος
1845 1103 1889 1128 φι-

1094 1129 1252 1165 λάνθρωπός
1264 1140 1294 1158 τε
1312 1131 1361 1164 ὦν,
1377 1135 1623 1171 μισοπονηρότατος
1638 1137 1709 1164 κατὰ
1720 1139 1770 1174 τὴν
1785 1139 1889 1167 τελείαν

1093 1176 1269 1212 ἀποστροφὴν
1290 1179 1457 1215 κακουργίας
1472 1180 1571 1217 πάσης.
1590 1182 1694 1209 Μαθεῖν
1715 1185 1770 1220 ἄρα
1787 1186 1830 1212 δεῖ
1844 1196 1890 1213 πι-

1095 1222 1155 1248 στὸν
1173 1221 1241 1249 εἶναι
1258 1224 1305 1250 καὶ
1322 1225 1412 1261 ἑαυτῷ
1429 1227 1545 1259 καὶτοῖς
1567 1229 1662 1261 πέλας,
1679 1231 1726 1257 καὶ
1738 1233 1800 1264 ταῖς
1814 1233 1888 1260 ἐντο-

1093 1269 1153 1302 λαῖς
1167 1271 1296 1306 ὑπήκοον·
1311 1268 1389 1304 οὗτος
1405 1273 1459 1308 γάρ
1478 1274 1551 1301 ἐστιν
1566 1276 1580 1301 ὸ
1599 1275 1727 1312 θεράπων
1744 1278 1793 1304 τοῦ
1808 1279 1888 1310 Θεοῦ,

1093 1317 1107 1342 ό
1120 1316 1190 1342 ἑκὼν
1203 1318 1264 1349 ταῖς
1279 1317 1399 1350 ἐντολαῖς
1423 1319 1603 1356 ὑπαγόμενος·
1621 1322 1635 1348 ὁ
1660 1323 1688 1350 δὲ
1710 1324 1762 1359 ἤδη
1788 1326 1828 1361 μὴ
1844 1326 1888 1353 διὰ

1092 1362 1141 1394 τὰς
1158 1363 1277 1396 ἐντολὰς,
1300 1364 1439 1409 δι’γαὺτὴν
1467 1367 1496 1394 δὲ
1518 1368 1568 1404 τὴν
1590 1369 1690 1403 γνῶσιν
1714 1371 1836 1408 καθαρὸς
1854 1376 1886 1409 τῇ

1093 1408 1201 1445 καρδία,
1217 1410 1292 1444 φίλος
1313 1408 1390 1444 οὗτος
1405 1412 1452 1439 τοῦ
1476 1413 1554 1440 Θεοῦ.
1575 1414 1642 1442 Οὔτε
1665 1416 1720 1452 γὰρ
1735 1418 1816 1452 φύσει
1839 1420 1886 1455 τὴν

1092 1453 1192 1490 ἀρετὴν
1205 1455 1364 1491 γεννώμεθα
1377 1457 1493 1492 ἔχοντες,
1515 1459 1576 1487 οὔτε
1600 1464 1766 1498 γενομένοις,
1792 1453 1886 1500 ὥσπερ

1092 1499 1158 1526 ἄλλα
1169 1500 1230 1527 τινὰ
1242 1501 1295 1528 τῶν
1309 1502 1356 1529 τοῦ
1369 1503 1495 1539 σώματος
1506 1506 1607 1541 μερῶν,
1634 1509 1759 1542 φυσικῶς
1773 1510 1884 1547 ὕστερον

1092 1545 1253 1580 ἐπιγίνεται·
1277 1548 1339 1575 ἐπεὶ
1354 1549 1450 1576 οὺό“ἂν
1462 1548 1496 1586 ἦν
1513 1551 1550 1578 ἔθ’
1563 1553 1686 1580 ἑκούσιον
1703 1554 1766 1582 οὐδὲ
1779 1545 1882 1584 ἐπαινε-

1092 1591 1147 1618 τόνι
1163 1593 1223 1619 οὐδὲ
1235 1595 1289 1630 μὴν
1305 1595 1337 1621 ὲκ
1349 1595 1399 1631 τῆς
1413 1596 1468 1623 τῶν
1493 1598 1654 1633 συμϐάντων
1672 1602 1718 1628 καὶ
1729 1602 1884 1639 ἐπιγινομέ-

1091 1645 1140 1673 νης
1157 1639 1311 1674 συνηθείας,
1327 1641 1356 1667 ὃν
1369 1641 1469 1677 τρόπον
1492 1643 1509 1679 ἠ
1531 1643 1679 1678 διάλεκτος,
1693 1646 1844 1675 τελειοῦται
1866 1651 1882 1684 ἡ

1089 1683 1184 1719 ἀρετή·
1209 1686 1302 1720 σχεδὸν
1325 1686 1380 1723 γὰρ
1403 1688 1420 1724 ἡ
1450 1689 1534 1716 κακία
1560 1690 1654 1717 τοῦτον
1677 1693 1818 1727 ἐγγίνεται

1089 1731 1199 1767 τρόπον’
1216 1733 1246 1759 οὺ
1260 1733 1312 1768 μὴν
1326 1734 1387 1760 οὐδὲ
1404 1735 1435 1761 ἐκ
1449 1735 1547 1772 τέχνης
1559 1737 1631 1768 τινὸς
1644 1738 1703 1773 ἦτοι
1729 1739 1786 1766 τῶν
1807 1749 1884 1776 πορι-

1091 1778 1190 1805 πικῶν
1203 1779 1220 1814 ἢ
1233 1780 1287 1806 τῶν
1300 1781 1363 1816 περὶ
1374 1781 1404 1808 τὸ
1417 1782 1495 1818 σῶμα
1515 1783 1721 1817 θεραπευτικῶν
1745 1787 1762 1821 ὴ
1784 1788 1884 1820 γνῶσις

1089 1825 1275 1861 περιγίνεται·
1300 1827 1357 1853 ἀλλ’
1375 1828 1430 1855 οὐδ’
1444 1829 1477 1855 ὲκ
1503 1830 1630 1862 παιδείας
1649 1831 1701 1864 τῆς
1725 1833 1880 1867 ἐγκυκλίου·

1089 1871 1229 1907 ἀγαπητὸν
1251 1872 1305 1908 γὰρ
1324 1875 1347 1900 εἰ
1371 1875 1581 1910 παρασκευάσαι
1609 1878 1688 1912 μόνον
1715 1879 1766 1914 τὴν
1795 1880 1882 1917 ψυχὴν

1090 1917 1137 1943 καὶ
1155 1917 1314 1954 διακονῆσαι
1335 1920 1443 1947 δύναιτο
1463 1921 1512 1957 (8)·
1533 1924 1558 1949 οἱ
1572 1923 1649 1958 νόμοι
1663 1925 1718 1960 γάρ
1734 1926 1760 1952 οἱ
1781 1927 1883 1954 πολιτι-

1088 1964 1141 1995 κοὶ,
1157 1965 1295 2001 μοχθηρὰς
1317 1967 1383 1998 ἴσως
1408 1968 1523 2004 πράξεις
1543 1970 1667 2005 ἐπισχεῖν
1683 1969 1736 1999 οἷοί
1762 1981 1803 1999 τε·
1825 1974 1881 2000 ἀλλ’

1087 2010 1148 2036 οὐδὲ
1160 2012 1184 2037 ot
1201 2011 1274 2046 λόγοι
1287 2014 1311 2039 οἱ
1332 2015 1462 2046 πιστικοὶ,
1482 2016 1635 2043 ἐπιπόλαιοι
1659 2017 1745 2050 ὄντες,
1767 2020 1879 2055 ἐπιστη-

1087 2058 1201 2094 μονικὴν
1213 2059 1264 2094 τῆς
1280 2059 1407 2096 ἀληθείας
1422 2061 1552 2098 διαμονὴν
1572 2064 1741 2099 παράσχοιεν
1761 2067 1805 2092 ἄν.
1836 2068 1880 2093 Φι-

1086 2103 1197 2139 λοσοφία
1212 2105 1240 2132 δὲ
1253 2107 1270 2142 ἡ
1288 2107 1431 2144 Ἑλληνικὴ
1448 2105 1502 2136 οἷον
1517 2110 1696 2147 προκαθαίρει
1711 2113 1758 2138 καὶ
1771 2114 1879 2148 προεθί-

1086 2149 1127 2182 ζει
1138 2150 1188 2186 τὴν
1203 2151 1291 2188 ψυχὴν
1317 2154 1357 2185 εἰς
1382 2154 1538 2190 παραδοχὴν
1566 2156 1699 2190 πίστεως,
1727 2159 1772 2193 ἐφ’
1832 2161 1879 2195 τὴν

1085 2196 1185 2230 γνῶσιν
1197 2197 1372 2234 ἐποικοδομεῖ
1391 2201 1407 2235 ἡ
1425 2200 1545 2236 ἀλήθεια.
1568 2201 1652 2234 Οὗτός
1673 2204 1748 2230 ἐστιν
1774 2204 1851 2238 οὗτος
1865 2208 1878 2233 ὁ

1085 2242 1204 2278 ἀθλητὴς
1218 2243 1337 2280 άληθῶς,
1359 2247 1373 2272 ὁ
1398 2246 1427 2272 ἐν
1447 2247 1486 2281 τῷ
1506 2249 1616 2285 μεγάλῳ
1635 2249 1735 2285 σταδίῳ
1747 2251 1789 2286 τῷ
1804 2253 1878 2288 καλῷ

1085 2345 1166 2371 μενος
1181 2337 1236 2364 τῶν
1248 2338 1351 2365 παθῶν.
1369 2340 1402 2366 "0
1423 2348 1452 2366 τε
1467 2340 1521 2375 γὰρ
1535 2341 1706 2380 ἀγωνοθέτης
1726 2343 1765 2378 (9)
1784 2346 1799 2371 ὁ
1813 2354 1878 2372 παν-

1084 2383 1228 2419 τοκράτωρ
1255 2384 1330 2416 Θεός·
1354 2385 1368 2412 ὃ
1388 2394 1417 2412 τε
1435 2386 1587 2423 βραϐευτὴς
1607 2389 1622 2414 ὁ
1635 2389 1793 2426 Μονογενὴς
1815 2391 1876 2423 Υἱὸς

1083 2428 1130 2455 τοῦ
1149 2429 1228 2456 Θεοῦ-
1245 2430 1340 2457 θεαταὶ
1349 2431 1378 2458 δὲ
1389 2432 1497 2466 ἄγγελοι
1510 2433 1556 2460 καὶ
1570 2433 1634 2460 θεοί·
1647 2436 1694 2462 καὶ
1706 2436 1737 2462 τὸ
1750 2439 1876 2474 παγκρά-
1925 2429 1926 2436 γ

1082 2484 1139 2502 τιον
1153 2477 1183 2503 τὸ
1198 2478 1346 2513 πάμμαχον
1370 2488 1379 2504 ‹
1392 2479 1422 2505 οὺ
1438 2480 1506 2515 πρὸς
1530 2480 1586 2517 (10)
1600 2478 1670 2516 αἷμα
1689 2483 1736 2509 καὶ
1756 2485 1871 2519 cipue,»

1119 2578 1158 2618 (8)
1175 2579 1410 2618 Παρᾳᾳκευάσαι
1425 2582 1522 2618 ,μόνον
1545 2582 1602 2616 τὴν
1618 2584 1727 2618 ψυχὴν
1741 2586 1792 2612 καὶ
1809 2585 1870 2612 6m-

1082 2613 1220 2651 πονῆσαι
1239 2614 1370 2651 Mira/ro.
1402 2625 1411 2641 ‹
1427 2613 1584 2651 Plu-parare
1608 2613 1727 2646 aniiiiain
1751 2625 1780 2647 et
1807 2629 1869 2648 exa—

1082 2657 1192 2687 cuere.»
1209 2650 1281 2687 V‘Anb
1297 2649 1344 2676 τοῦ
1366 2649 1502 2687 διακονᾷν,
1519 2661 1573 2679 non
1592 2653 1647 2680 ἀπὸ
1662 2654 1709 2680 τοῦ
1726 2655 1867 2683 διακονεῖν.

1083 2685 1129 2725 Sic
1152 2686 1233 2725 paulo
1253 2689 1331 2726 post,‘
1344 2685 1525 2726 προκαθαίρει
1542 2688 1589 2726 καὶ
1603 2689 1743 2724 προεθίζει
1757 2692 1806 2726 τὴν
1822 2692 1868 2726 ψυ-

1081 2720 1131 2755 κῆν
1146 2721 1185 2751 εἰς
1200 2720 1362 2761 παραδοχὴν*
1380 2720 1508 2754 πίστεωξ.
1540 2733 1548 2748 ι
1564 2720 1723 2760 Ρικδξρυτςςίι
1750 2720 1791 2754 et'
1803 2720 1867 2761 pra--

1081 2760 1158 2789 parat
1174 2755 1322 2782 aniniam.»
1343 2755 1481 2786 COLLECT.

1117 2789 1390 2830 (9)-ςΑγωνοθέτης.
1409 2792 1472 2830 “Sic
1492 2795 1634 2830 _superius
1665 2795 1693 2822 in
1723 2795 1865 2830 Ρνοινερι..

1080 2833 1141 2867 pag:
1159 2826 1211 2867 ηε
1234 2826 1277 2867 ’ξζν
1293 2825 1392 2867 ῖῷιτῆς
1404 2827 1531 2867 ἀληθείας
1543 2825 1647 2867 ’σταδίῳ
1662 2831 1783 2867 γνησίως
1796 2825 1865 2867 dign;

1080 2857 1575 2901 νιζώμξῦακβραϐὲέοντοέΑ’μὲν-’τοῦ
1600 2857 1686 2899 Λάγου
1708 2857 1758 2893 ιιοῦ
1773 2857 1863 2901 τάγέἔυ,

1079 2896 1310 2927 ἀγωνοθετοῦντος
1327 2896 1355 2923 δὲ
1370 2897 1418 2923 τοῦ
1430 2896 1561 2927 δεσπότου
1572 2901 1625 2927 τῶν
1641 2896 1719 2928 ὅλων.

1119 2931 1171 2966 (I0)
1186 2933 1226 2958 οὺ
1244 2931 1326 2965 πρός.
1340 2930 1462 2968 Respicit
1476 2934 1577 2969 Ephes.
1595 2944 1631 2969 vi,
1646 2936 1679 2963 12
1693 2947 1699 2964 :
1722 2937 1779 2964 Οὐκ
1795 2937 1863 2964 ἐστιν
