1933 3075
280 160 332 187 ᾹΞἸ

843 155 1036 184 CLEMENTIS
1052 155 1285 184 ALEXANDRINI

1839 157 1884 186 E38

280 216 326 247 rit,
339 215 363 242 is
378 220 419 243 est
433 214 529 242 fidelis.
547 214 598 247 Qui
615 217 704 241 autem
720 220 769 248 pro
797 219 907 248 accepto
931 213 1047 241 beneficii

1114 222 1166 249 περ
1183 214 1236 249 γὰρ
1252 215 1350 250 τρόπον
1375 215 1389 241 ό
1411 215 1486 250 ἥλιος
1508 214 1537 241 οὗ
1562 215 1639 250 μόνον
1656 215 1700 242 τὸν
1722 213 1835 250 οὐρανὸν
1845 216 1884 242 καὶ

280 268 330 296 pro
346 260 450 287 viribus
463 259 545 286 refert
560 259 662 294 gratias
688 266 736 293 per
761 258 933 290 charitatem,
957 258 980 284 is
1001 258 1057 292 jam

278 310 320 334 est
339 306 452 333 amicus.
469 305 528 332 Una
542 309 584 332 est
596 308 686 331 autem
705 304 740 331 ab
757 304 911 331 hominibus
922 303 1058 338 prtecipna

278 352 371 386 gratiae
385 352 490 384 relatio,
502 359 533 379 ea
549 350 636 378 facere
652 358 711 385 qure
724 350 777 377 Deo
789 353 853 377 sunt
866 350 978 384 optima.
988 349 1056 376 Nam

277 402 406 434 tanquam
418 398 557 433 proprium
576 397 671 428 fetum,
688 400 715 424 et
729 396 780 423 sibi
793 395 994 430 quodammodo
1011 404 1058 423 co-

276 443 386 478 gnatum
400 444 535 474 etl'ectum,
552 443 681 478 magister
692 445 719 468 et
732 441 861 469 Servator
889 441 988 476 accipit
1006 442 1058 468 uti-

1111 260 1155 285 τὸν
1170 259 1229 285 ὅλον
1249 260 1349 295 κόσμον
1364 259 1485 294 φωτίζει,
1502 261 1554 295 γῆν
1566 269 1595 287 τε
1612 261 1657 287 καὶ
1677 261 1814 288 θάλασσαν
1832 261 1885 286 ἐπι-

1110 306 1234 341 λάμπων,
1246 306 1313 333 ἀλλὰ
1325 307 1372 333 καὶ
1385 306 1428 333 διὰ
1441 307 1554 342 θυρίδων
1568 307 1614 333 καὶ
1630 308 1730 343 μικρᾶς
1746 307 1816 341 ὀπῆς
1826 306 1885 341 πρὸς

1109 352 1171 383 τοὺς
1190 351 1368 387 μυχαιτάτους
1381 351 1472 383 οἴκους
1489 352 1645 379 ἀποστέλλει
1661 353 1711 388 τὴν
1731 352 1828 387 αὐγήν·
1844 351 1885 378 οὖ-

1108 405 1162 428 τως
1185 398 1200 423 ό
1224 397 1308 431 Λόγος
1325 398 1410 433 πάντη
1429 398 1576 432 κεχυμένος
1592 399 1638 425 καὶ
1666 399 1700 424 τὰ
1723 397 1887 433 σμικρότατα

1107 442 1161 468 τῶν
1174 442 1220 468 τοῦ
1236 443 1293 477 βίου
1309 443 1432 478 πράξεων
1449 443 1599 470 ἐπιϐλέπει.

275 490 364 516 litates
379 493 406 516 et
422 487 607 515 correctiones
623 486 762 513 hominum
775 493 807 513 ac
822 486 844 513 si
864 486 892 512 in
907 494 987 513 suum
1001 486 1053 521 ipsi
1078 485 1207 514 honorem
1220 491 1246 513 et
1262 488 1376 521 gratiam
1404 488 1515 516 ﬁerent:
1546 492 1658 516 econtra
1674 488 1774 516 damna
1797 492 1824 516 et
1847 485 1887 514 oi-

273 534 409 562 t‘ensiones
423 540 491 568 quas
517 531 655 566 accipiunt
681 531 699 557 ii
723 531 768 566 qui
791 530 844 565 ipsi
864 530 1048 564 crediderunt,
1067 536 1195 567 tanquam
1216 532 1313 567 ingrati
1341 533 1424 560 animi
1451 533 1478 560 in
1501 541 1530 561 se
1545 534 1664 562 admissa
1685 535 1812 565 crimina.
1827 541 1888 568 pro-

272 581 384 615 priaque
402 578 499 614 probra
509 581 536 604 et
550 577 683 604 dedecora
706 575 851 603 existimat.
877 575 955 608 Quod
976 576 1050 603 enim
1077 577 1150 603 aliud
1183 578 1313 612 probrum
1346 585 1377 605 ac
1405 578 1523 606 dedecus
1547 579 1631 606 Deum
1653 578 1790 614 attigerit?
1814 578 1886 612 Quo-

271 627 343 654 circa
358 632 408 652 nec
423 627 537 660 possunt
552 623 632 658 302
643 623 753 650 omnino
777 621 872 649 referri
888 622 985 657 gratiae
1001 630 1049 656 pro
1077 623 1208 658 dignitate
1235 624 1340 655 salutis,
1367 624 1389 650 si
1417 623 1592 652 conferantur
1609 632 1672 652 cum
1688 624 1806 652 utilitate
1830 632 1888 658 quae

271 681 285 700 a
303 673 416 700 Domino
441 670 634 704 proﬁciscitur.
655 668 731 695 Sicut
762 672 851 695 autem
881 669 927 703 qui
950 673 1049 696 vexant
1059 670 1258 704 possessiones,
1276 670 1399 698 dominos
1424 670 1682 706 injuria'aﬂiciunt,
1711 674 1738 698 et
1763 670 1809 705 qui
1835 670 1886 696 mi-

269 719 340 751 lites,
359 725 454 746 corum
483 717 691 751 imperatorem;
715 715 752 741 ita
780 714 887 741 Domini
918 718 960 742 est
985 716 1161 750 contemptio,
1182 723 1274 742 eorum
1298 716 1344 751 qui
1369 721 1432 744 sunt
1457 717 1497 744 illi
1520 716 1647 748 dedicati,
1670 717 1787 744 vexatio.
1813 715 1888 743 Sicut

270 765 340 790 enim
356 764 397 791 sol
413 770 467 790 non
483 763 571 790 solum
584 762 682 788 ccelum
694 764 721 787 et
733 763 817 786 totum
837 760 967 787 mundum
983 761 1130 794 illuminat,
1158 770 1239 797 super
1251 767 1350 790 terram
1369 767 1397 790 et
1414 771 1488 790 mare
1509 763 1697 798 resplendens,
1733 763 1780 790 sed
1807 763 1887 789 etiam

270 817 318 844 per
333 809 466 837 fenestras
480 812 507 836 et
519 815 631 843 parvum
658 806 798 842 quodlibet
821 805 953 838 foramen,
970 807 1012 834 vel
1028 807 1056 834 in
1070 807 1165 835 intima
1181 809 1328 843 penetralia
1343 809 1485 837 domorum
1516 811 1603 837 lucem
1631 809 1747 842 emittit;
1761 809 1798 835 ita
1821 807 1887 835 Ver-

270 857 334 884 bum
349 855 530 890 undequaque
544 854 671 886 etl‘usum,
690 853 732 880 vel
753 852 864 879 minima
877 853 987 888 respicit
1002 861 1034 881 ex
1047 853 1081 881 iis

1097 862 1158 889 quae
1174 855 1200 881 in
1216 855 1269 882 vita
1284 860 1426 890 geruntur.

968 915 996 944 ὦ
1009 912 1122 940 CAPUT
1142 913 1187 942 iV.

270 959 395 986 Etlmicos
410 959 537 994 effinxisse
548 958 610 985 deos
626 957 677 984 sibi
688 958 848 989 simillimos,
868 962 922 984 tam
934 958 1021 998 quoad
1030 958 1142 1000 formam
1155 966 1289 1000 externam
1297 969 1376 996 quant
1390 961 1505 987 interno:
1521 961 1605 987 animi
1620 964 1725 991 matus;
1741 960 1810 986 unde
1823 959 1883 994 fons

864 999 888 1020 et
899 996 972 1028 origo
987 996 1072 1020 omnis
1084 996 1289 1029 superstitionis.

304 1039 390 1066 Graeci
413 1042 502 1065 autem
521 1038 591 1066 sicut
610 1038 727 1065 humana
746 1037 833 1065 forma
856 1035 995 1073 praeditos,
1012 1038 1048 1064 ita
1066 1053 1085 1079 Β

269 1085 397 1114 humanis
415 1092 523 1119 quoque
543 1084 715 1118 passionibus
729 1084 863 1111 obnoxios
878 1084 943 1110 deos
958 1083 1049 1111 existi-

218 1125 224 1128 ’
263 1137 353 1160 .mant.
366 1131 398 1157 Et
412 1129 638 1165 quemadmodum
651 1137 745 1156 eorum
758 1129 860 1157 formas
876 1129 928 1157 sibi
945 1129 1048 1157 similes

268 1178 368 1213 singuli
382 1177 551 1207 describunt,
564 1180 594 1202 ut
609 1176 646 1202 ait
660 1175 842 1210 Xenophanes
856 1185 862 1202 :
881 1184 890 1201 ι
907 1174 1048 1209 ΑΞιΙιίοροε

265 1224 375 1259 quidem
390 1223 483 1258 nigros
504 1225 531 1249 et
551 1222 646 1251 simos.
663 1221 783 1249 Thraces
802 1225 892 1249 autem
909 1221 999 1249 fulvos
1021 1224 1048 1248 et

265 1269 411 1302 caeruleos;
423 1278 432 1294 ι
450 1268 487 1295 ita
503 1269 585 1295 etiam
598 1268 704 1295 animos
721 1267 875 1294 assimilant
889 1267 921 1294 iis
939 1267 985 1302 qui
1001 1274 1047 1294 eos

264 1318 409 1352 etlingunt,
425 1316 533 1343 barbari
548 1315 657 1350 quidem
677 1319 798 1350 agrestes
814 1319 840 1342 et
856 1314 974 1342 eﬂeratis
990 1321 1049 1340 mo—

264 1364 361 1397 ribus;
376 1362 462 1390 Grazci
476 1365 565 1389 autem
582 1361 792 1393 mansuetiores,
809 1361 857 1388 sed
871 1361 898 1387 in
917 1368 987 1395 quos
1008 1364 1048 1385 ta-

263 1416 326 1436 men
342 1408 444 1436 cadunt
465 1407 616 1442 passiones.
633 1407 766 1440 Quocirca
788 1414 900 1433 necesse
924 1410 966 1433 est
985 1406 1046 1440 qui-

264 1455 325 1482 dem
341 1458 370 1481 ut
386 1453 500 1489 improbi
513 1453 597 1480 malas
612 1453 645 1479 de
664 1452 718 1479 Deo
738 1452 888 1486 suscipiant
905 1451 1046 1486 cogitatio—

264 1508 328 1531 nes,
351 1500 427 1534 probi
455 1502 544 1526 autem
575 1498 701 1533 optimas.
731 1497 913 1530 Quamobrem
933 1497 981 1532 qui
1005 1501 1047 1524 est

264 1547 356 1573 animo
372 1553 435 1573 vere
450 1544 522 1578 regio
540 1547 566 1571 et
583 1544 733 1578 gnosticus,
747 1543 771 1570 is
785 1550 847 1569 cum
861 1547 889 1570 et
905 1543 948 1578 pie
960 1542 1046 1570 Deum

264 1593 358 1625 colat,
380 1596 407 1618 ct
436 1591 471 1619 sit
494 1590 599 1617 alienus
622 1598 636 1616 a
660 1589 863 1625 superstitione,
885 1597 1046 1624 persuasum

264 1637 346 1664 habet
367 1644 428 1664 eum
446 1636 534 1663 solum
550 1635 596 1670 qui
618 1639 660 1662 est
678 1635 753 1662 solus
774 1634 856 1667 Deus,
875 1643 936 1662 esse
960 1635 1045 1663 hono-

264 1683 395 1715 randum,
420 1682 620 1713 venerandum,
651 1681 842 1717 magnificum,
873 1682 1044 1715 beneficum,

264 1729 414 1765 principem
427 1733 453 1756 et
468 1732 605 1755 auctorem
618 1727 753 1755 bonorum
765 1728 896 1760 omnium,
912 1729 1044 1756 malorum
1059 1717 1080 1746 C

265 1779 355 1802 autem
375 1781 429 1801 non
444 1781 505 1801 esse
519 1781 640 1801 causam.
656 1773 745 1808 Atque
760 1773 794 1800 de
813 1773 968 1801 Graecorum
985 1775 1047 1810 qui-

264 1821 326 1849 dem
342 1820 408 1848 falsa
426 1820 555 1854 religione
575 1819 653 1852 satis,
677 1824 706 1846 ut
729 1819 858 1852 arbitror,
877 1821 1046 1848 ostendimus

265 1868 293 1894 in
308 1867 379 1894 libro
403 1866 448 1901 qui
467 1866 568 1893 dicitur
583 1865 774 1900 Protrepticus,
792 1865 899 1893 abunde
916 1866 1045 1895 adhibitis

264 1913 298 1941 iis
318 1919 378 1948 qua:
391 1919 423 1939 eo
444 1911 579 1938 faciebant
600 1911 733 1938 historiis.
750 1911 810 1938 Non
831 1915 895 1938 sunt
918 1919 982 1947 ergo
1002 1920 1046 1940 re-

263 1959 378 1994 petenda
392 1966 422 1985 ea
436 1965 495 1993 qum
510 1962 601 1992 aperte
616 1957 688 1984 dicta
705 1962 789 1984 sunt:
805 1961 939 1992 quatenus
954 1962 1045 1985 autem

265 2005 346 2032 fuerit
366 2004 400 2031 ad
423 2004 480 2030 inec
510 2003 669 2030 illustranda
698 2003 899 2035 necessarium,
924 2012 985 2030 cum
1011 2005 1045 2031 ad

263 2053 336 2079 hunc
358 2052 446 2078 locum
465 2049 798 2085 pervcnerimus,ealenus
814 2049 881 2076 satis
903 2053 944 2076 est
960 2058 1045 2084 pauca

262 2107 297 2125 ex
314 2098 406 2125 nmltis
429 2097 574 2128 adducere,
597 2095 696 2130 quibus
715 2095 891 2123 ostendamus
915 2103 961 2123 eos
985 2104 1046 2124 esse

264 2144 362 2179 impios
376 2143 422 2177 qui
445 2142 529 2168 Deum
551 2141 679 2175 pessimis
701 2141 857 2168 hominibus
880 2142 1043 2168 assimilant.

263 2190 317 2216 Aut
331 2190 401 2216 enim
425 2195 519 2215 eorum
542 2187 679 2214 sententia
694 2186 731 2213 dii
755 2187 890 2214 laaluntur
902 2187 937 2214 ab
958 2187 1045 2214 homi-

266 2236 358 2267 nibus,
374 2238 401 2261 et
416 2238 472 2260 tum
487 2233 533 2268 qui
548 2233 682 2260 lzeduntur
697 2240 712 2259 a
727 2232 807 2259 nobis
832 2233 971 2267 apparebit
985 2240 1045 2260 esse

266 2279 421 2306 hominibus
443 2279 607 2311 deteriores;
629 2282 676 2305 aut
692 2278 714 2305 si
729 2285 784 2305 non
801 2278 945 2311 lmduntur,
961 2286 1045 2313 quare

302 2329 330 2356 ἧς
348 2325 378 2352 Ρ.
399 2324 462 2356 8M,
477 2323 530 2350 ΕΙ).
545 2323 694 2350 POTTER.

1137 1040 1264 1076 Ἕλληνες
1287 1040 1324 1072 δὲ,
1348 1040 1441 1076 ὥσπερ
1464 1040 1722 1077 ἀνθρωπομόρφους,
1745 1041 1818 1068 οὕτω
1840 1041 1886 1068 καὶ

1100 1084 1326 1120 ἀνθρωποπαθεῐς
1345 1086 1408 1117 τοὺς
1434 1085 1511 1118 θεοὺς
1528 1086 1708 1113 ὑποτίθενται.
1730 1087 1786 1112 Καὶ
1802 1087 1885 1114 καθά-

1100 1139 1151 1165 περ
1165 1130 1214 1162 τὰς
1237 1131 1343 1167 μορφὰς
1363 1131 1451 1158 αὐτῶν
1469 1130 1564 1166 ὁμοίας
1581 1132 1686 1162 ἑαυτοῖς
1701 1131 1812 1158 ἔκαστοι
1829 1132 1885 1158 δια-

1099 1174 1297 1211 ζωγραφοῦσιν,
1313 1175 1350 1208 ὥς
1366 1185 1447 1212 φησιν
1461 1177 1476 1202 ό
1488 1176 1640 1212 Ξενοφάνης
1655 1176 1722 1212 (20),
1736 1187 1745 1202 ε
1757 1177 1884 1209 Αἰθίοπές

1097 1231 1127 1248 τε
1144 1222 1260 1257 μέλανας
1280 1222 1376 1258 σιμοὺς
1388 1231 1428 1255 τε,
1445 1219 1557 1258 Θρᾷκές
1567 1231 1596 1248 τε
1608 1224 1729 1258 πυρροὺς
1744 1224 1791 1250 καὶ
1806 1223 1883 1258 γλαυ-

1098 1267 1161 1299 κούς
1171 1275 1178 1282 ο
1201 1267 1271 1293 οὕτω
1286 1266 1392 1298 καὶτὰς
1403 1267 1490 1302 ψυχὰς
1505 1265 1641 1302 ὁμοιοῦσιν
1657 1268 1704 1294 καὶ
1718 1269 1775 1299 τοῖς
1790 1268 1882 1300 αὐτοῖς

1097 1313 1324 1340 ἀναπλάττουσιν·
1351 1313 1448 1340 αὐτίκα
1472 1313 1603 1349 βάρϐαροι
1623 1313 1647 1339 οἱ
1669 1314 1717 1348 μὲν
1737 1313 1880 1349 θηριώδεις

1097 1360 1143 1385 καὶ
1157 1360 1268 1395 ἀγρίους
1284 1360 1318 1386 τὰ
1334 1359 1396 1395 ἥϐη,
1411 1359 1600 1395 ἡμερωτέρους
1614 1359 1644 1386 δὲ
1654 1359 1795 1394 Ἕλληνες,
1811 1360 1880 1395 πλὴν

1098 1405 1238 1439 ἐμπαθεῖς.
1260 1405 1304 1432 Διὺ
1328 1405 1444 1439 εὐλόγως
1458 1407 1513 1436 τοῖς
1537 1405 1586 1440 μὲν
1607 1405 1754 1440 μοχθηροῖς
1777 1406 1879 1440 φαύλας

1097 1452 1168 1487 ἔχειν
1192 1452 1240 1484 τὰς
1267 1452 1330 1486 περὶ
1353 1451 1419 1478 Θεοῦ
1441 1451 1590 1486 διανοήσεις
1619 1452 1745 1487 ἀνάγκη,
1770 1453 1827 1483 τοῖς
1851 1451 1879 1478 δὲ

1098 1498 1253 1529 σπουδαίοις
1277 1498 1405 1533 ἀρίστας’
1423 1497 1469 1524 καὶ
1484 1496 1528 1523 διὰ
1542 1496 1620 1523 τοῦτο
1641 1498 1656 1523 ὁ
1672 1497 1711 1532 τῷ
1727 1497 1784 1523 δντι
1807 1497 1879 1532 βασι-

1096 1542 1169 1574 λικὸς
1185 1544 1233 1578 τὴν
1249 1543 1337 1578 ψυχὴν
1352 1544 1398 1569 καὶ
1419 1543 1576 1576 γνωστικὺς,
1592 1539 1669 1574 οὗτος
1690 1544 1737 1569 καὶ
1752 1543 1878 1578 θεοσεὸὴς

1097 1590 1143 1616 καὶ
1171 1589 1360 1624 ἀδεισιδαίμων
1381 1589 1429 1620 ὢν,
1452 1589 1557 1624 τίμιον,
1579 1589 1686 1624 σεμνὸν,
1711 1589 1878 1624 μεγαλοπρε-

1098 1635 1155 1666 πὲς,
1172 1635 1352 1671 εὐποιητικὸν,
1365 1634 1545 1670 εὐεργετικὸν,
1557 1635 1683 1661 ἁπάντων
1693 1634 1815 1670 ἀρχηγὸν
1827 1634 1879 1669 (‘21)

1097 1682 1214 1716 ἀγαθῶν,
1229 1683 1321 1709 κακῶν
1335 1682 1363 1708 δὲ
1376 1682 1493 1709 ἀναίτιον
1506 1681 1571 1716 (2‘2),
1590 1681 1668 1716 μόνον
1686 1679 1757 1707 εἶναι
1770 1681 1816 1707 τὸν
1833 1681 1880 1716 μό-

1097 1736 1141 1754 νον
1155 1728 1219 1754 Θεὸν
1235 1728 1426 1763 πεπεισμένος.
1442 1729 1496 1754 Καὶ
1510 1728 1574 1763 περὶ
1591 1727 1640 1762 μὲν
1653 1727 1704 1762 τῆς
1724 1727 1882 1762 Ἑλληνικῆς

1097 1774 1302 1809 δεισιδαιμονίας
1331 1772 1582 1808 ἱκανῶς,οἷμαι,ὲν
1607 1774 1647 1808 τῷ
1674 1773 1882 1808 Προτρεπτικῷ

1097 1820 1306 1855 ἐπιγραφομένῳ
1320 1821 1385 1855 ἡμῖν
1401 1819 1470 1854 λόγῳ
1484 1820 1706 1855 παρεστήσαμεν,
1721 1820 1883 1855 κατακόρως

1097 1867 1129 1901 τῇ
1146 1867 1344 1902 κατεπειγούσῃ
1365 1866 1620 1901 συγκαταχρὼμενοι
1645 1866 1760 1901 ἱστορίᾳ.
1778 1865 1884 1891 οὔκουν

1097 1913 1149 1949 χρὴ
1170 1911 1248 1944 αὖθις
1269 1913 1302 1939 τὰ
1323 1913 1456 1948 ἀριδήλως
1483 1912 1614 1947 εἰρημένα
1631 1911 1805 1946 μυθολογεῖν·
1823 1911 1884 1937 ὅσον

1096 1961 1124 1987 δὲ
1140 1960 1357 1996 ἐπισημήνασθαι
1372 1959 1441 1986 κατὰ
1455 1959 1500 1985 τὸν
1513 1958 1594 1984 τόπον
1613 1957 1788 1993 γενομὲνους,
1805 1957 1886 1991 ὀλίγα

1097 2007 1128 2032 ὲκ
1143 2005 1246 2032 πολλῶν
1267 2005 1372 2040 ἀπόχρη
1390 2005 1436 2031 καὶ
1456 2004 1518 2030 τάδε
1533 2003 1573 2034 εἰς
1589 2002 1699 2033 ἔνδειξιν
1718 2002 1766 2028 τοῦ
1788 2002 1887 2033 ἀθέους

1098 2053 1268 2087 παραστῆσαι
1281 2053 1343 2083 τοὺς
1356 2052 1412 2082 τοῖς
1427 2050 1565 2080 κακίστοις
1580 2048 1735 2084 ἀνθρώποις
1753 2048 1784 2074 τὸ
1808 2048 1888 2073 Θείον

1097 2097 1301 2129 ἀπεικάζοντας.
1320 2096 1397 2122 ’Ἡτοι
1420 2095 1474 2130 γὰρ
1499 2094 1658 2130 βλάπτονται
1682 2093 1752 2128 πρὸς
1778 2092 1887 2127 ἀνθρώο

1097 2151 1153 2169 πων
1170 2143 1259 2173 αὐτοῖς
1276 2142 1300 2168 οἱ
1316 2141 1381 2172 θεοὶ,
1399 2142 1445 2167 καὶ
1463 2141 1570 2176 χείρους
1584 2139 1638 2165 τῶν
1660 2138 1817 2173 ἀνθρώπων
1839 2138 1887 2173 ὑφ’

1096 2188 1171 2223 ἡμῶν
1191 2188 1367 2223 βλαπτόμενοι
1384 2186 1532 2213 δείκνυνται
1543 2195 1550 2200 ·
1567 2185 1595 2221 ἦ,
1610 2185 1633 2221 ei
1656 2185 1692 2220 μὴ
1710 2184 1804 2216 τοῦτο,
1827 2184 1887 2215 πῶς

1095 2234 1135 2268 ἐφ’
1153 2231 1192 2265 οἷς
1210 2234 1239 2260 οὺ
1263 2234 1438 2268 βλάπτονται,
1464 2232 1589 2267 καθάπερ
1608 2231 1734 2266 ὀξύχολον
1762 2231 1886 2266 γραΐδιον

1095 2282 1134 2313 είς
1147 2281 1231 2317 ὀργὴν
1246 2281 1440 2317 ἐρεθιζόμενον,
1452 2280 1672 2316 ἐκπικραίνονται
1684 2288 1691 2311 ;
1743 2287 1810 2314 φασι
1824 2279 1885 2313 (Ξὸ)

301 2371 357 2407 (20)
377 2371 407 2396 '0
419 2370 600 2412 ΞεξὌφάνης.
617 2370 678 2412 Hac
697 2370 808 2412 “scilicet.
819 2371 886 2412 dixit
903 2371 1044 2412 Xenopha-
1059 2384 1082 2412 Ι)
1096 2372 1156 2412 ipso
1178 2379 1286 2412 quoque
1299 2371 1512 2412 simulacrorum
1523 2371 1615 2399 colore
1625 2370 1887 2412 falsitatemmcoar-

265 2405 401 2447 nos,_cos
422 2406 591 2447 Iredarguens
622 2406 667 2446 qni
693 2405 1044 2447 ρςοὺςιάνθριοπομόρῴους

266 2443 408 2478 putabant.
422 2440 592 2478 Existimavit
606 2441 747 2478 enimille,
763 2440 855 2478 οὐσίαν
870 2440 948 2473 Θεοῦ,
960 2440 1042 2478 μηδὲν

265 2475 357 2511 ὅμοιον
380 2475 450 2510 ἔχειν
472 2475 638 2510 ἀνθρώποις·
659 2484 668 2501 ι
683 2476 729 2503 Dei
745 2477 891 2503 essentiam
909 2475 976 2504 nihil
992 2475 1043 2504 ha-

267 2510 330 2538 bere
341 2511 429 2538 simile
446 2510 610 2541 hominibus,
624 2521 634 2536 ι
653 2515 681 2537 ut
697 2511 779 2538 refert
803 2511 928 2539 Laertius
943 2513 988 2539 lib.
1003 2521 1041 2544 Ix,

266 2554 350 2580 segni.
365 2545 408 2581 19.
427 2545 463 2571 De
477 2552 522 2581 _eo
536 2545 732 2577 Theodoretus,
757 2548 863 2579 Gepart.
887 2547 922 2578 1",
940 2555 965 2581 p.
980 2548 1041 2579 519,

267 2578 323 2618 inec
339 2580 439 2618 tradit;
456 2578 545 2618 Ιξῖτοιι
562 2580 724 2618 σαφέστερον
740 2578 879 2618 κωμῳδῶν
901 2578 979 2618 mea
995 2583 1043 2618 τὴν

265 2615 412 2652 ἑξαπάξῖην,
428 2614 481 2652 ἀξπρ
499 2614 546 2652 τοῦ
561 2614 771 2652 χρῴματᾲςντῶν
786 2614 896 2643 ὲὶκόνων
914 2614 1044 2652 διελέγχὲι

264 2650 295 2676 τὸ
308 2649 414 2686 ψεῦδος.
430 2650 503 2686 Τοὺς.
516 2649 564 2684 μὲν
580 2649 633 2685 γάρ
655 2650 785 2682 ΛίΟίοπας
808 2652 925 2686 μέλανας
941 2649 1043 2678 καὶδι-

267 2684 333 2720 μοὺς
355 2685 469 2720 γράφειν
491 2684 573 2719 ἔφησε
588 2686 651 2716 τοὺς
669 2686 783 2716 οἰκείους
798 2684 890 2717 θεοὺς.
915 2687 998 2713 ὁποῖοι
1016 2687 1044 2713 δὲ

265 2721 342 2747 αὐτοὶ
357 2719 508 2753 πεφύκασι·
520 2719 584 2755 τοὺς
597 2719 626 2745 δέ
642 2728 673 2753 γε
687 2720 794 2755 Θρᾷκας
809 2721 941 2754 γλαυκούς
956 2730 985 2747 τε
999 2722 1044 2748 καὶ

265 2755 409 2791 ἐρυθρούς·
426 2754 472 2791 καὶ
494 2754 582 2791 μέντοι
599 2755 644 2791 καλ.
671 2755 778 2791 Μήδους
793 2756 839 2781 καὶ
855 2756 970 2791 Πέρσας,
985 2757 1044 2790 σφί-

266 2789 307 2816 σίν
328 2791 419 2820 αὐτοῖς
443 2789 579 2819 ἐοικότας·
601 2790 648 2816 καὶ
667 2790 828 2823 Αἰγυπτίους
847 2789 976 2822 ὡσαύτως
996 2789 1044 2817 αὺ-

264 2827 326 2856 τοὺς
346 2824 509 2859 διαμορφοῦν
525 2823 592 2859 πρὸς
617 2824 664 2860 τὴν
686 2825 787 2852 οἰκείαν
811 2827 925 2860 μορφήν·
954 2825 1044 2853 (Tum

265 2867 329 2887 vero
356 2861 532 2893 imposturam
559 2859 629 2886 hanc
645 2859 824 2889 manifestius
847 2859 982 2896 carpens,
1011 2861 1045 2888 ab

1097 2404 1164 2442 ﬁuit.
1179 2404 1322 2441 :Ethiopas
1336 2407 1407 2442 enim
1429 2405 1515 2441 inquit
1527 2413 1592 2434 suos
1610 2406 1661 2442 sibi
1674 2406 1743 2432 deos
1756 2404 1888 2442 efﬁngere

1096 2440 1181 2471 atros.
1199 2440 1311 2476 prorsus
1324 2449 1355 2476 ac
1367 2440 1470 2474 simosj
1484 2448 1537 2475 qua
1552 2441 1676 2468 videlicet
1693 2441 1824 2476 corporis
1840 2440 1889 2466 ha-

1096 2474 1219 2503 bitudine
1245 2477 1297 2511 ipsi
1327 2475 1469 2510 [Ethiopes
1493 2474 1674 2503 nascuntur:
1703 2479 1731 2511 at.
1757 2474 1886 2511 Thracas

1095 2512 1160 2538 deos
1184 2510 1308 2546 efﬁngere
1330 2511 1450 2546 glaucos,
1474 2515 1510 2546 et
1528 2512 1626 2538 rubore
1652 2510 1774 2546 suil'usos
1795 2519 1801 2535 :
1827 2510 1887 2543 pari

1096 2547 1176 2573 modo
1187 2545 1284 2574 Persas
1297 2546 1451 2580 Medosque,
1463 2545 1513 2572 sibi
1529 2545 1778 2581 perquanrsimiles
1794 2580 1798 2581 γ
1818 2547 1887 2570 deos

1097 2581 1199 2613 facere;
1214 2581 1355 2617 {Egyptios
1371 2579 1435 2617 item
1448 2579 1566 2608 formare
1580 2579 1673 2617 eos‘ad
1686 2579 1818 2617 imaginis
1829 2587 1887 2605 sua:

1096 2613 1259 2650 exemplum.
1268 2613 1293 2642 ἰ’
1305 2616 1384 2643 Conf.
1397 2623 1457 2650 quae.
1472 2617 1597 2650 superius
1619 2613 1752 2642 Clemens
1761 2613 1887 2650 sXeno-

1097 2648 1184 2685 phane
1200 2652 1322 2679 recitavit
1344 2648 1485 2685 pag—714,
1503 2648 1564 2683 '7l5,
1577 2654 1603 2678 et
1620 2657 1681 2685 qua:
1697 2649 1735 2676 ibi
1751 2648 1887 2675 adnotata

1097 2691 1170 2713 sunt.

1133 2721 1188 2755 (21)
1202 2721 1402 2755 Εὑερτετικὸν,
1414 2721 1554 2748 ἁπάντων
1564 2721 1706 2755 ἀρχηγόν.
1724 2719 1776 2747 Ms.
1791 2718 1884 2745 Paris.

1098 2756 1268 2792 εὐεργετικὸν
1288 2756 1413 2792 ἁπάντῳν
1428 2757 1490 2791 ἀρχ.

1134 2787 1190 2826 (22)
1213 2791 1366 2818 Ἀναίτιον.
1382 2787 1574 2818 ϐοηΙῖᾜῑι-οητ.
1589 2798 1608 2823 ι,
1623 2798 1685 2825 pag.
1698 2789 1762 2821 518,
1776 2796 1808 2826 _n.

1134 2822 1288 2860 (“25)«151101.
1304 2826 1376 2854 Flor.
1392 2826 1473 2860 φησί·
1501 2827 1604 2854 rectius
1623 2822 1684 2853 Ἰοῖ.
1714 2824 1782 2860 φασί
1810 2822 1884 2858 phll'.

1099 2869 1174 2888 num.
1194 2861 1323 2889 Surena.
