1933 3075
76 151 125 179 557

719 157 931 186 STROMATUM
959 159 1022 187 LIB.
1044 159 1100 187 Vll.

1644 157 1699 187 433

75 210 100 236 oi
113 209 158 236 τὸν
167 209 238 246 ἀέρα
251 211 301 238 καὶ
311 212 486 248 τδπεριέχον,
498 212 596 248 μᾶλλον
608 213 636 239 δὲ
645 212 689 240 τὸν
699 213 758 240 ὅλον
769 215 851 249 κόσμο

906 216 1010 250 (opus?
1034 216 1130 243 Annon
1142 222 1206 244 sunt
1231 216 1264 244 iis
1290 216 1416 244 meliores
1432 216 1478 251 qui
1505 223 1593 243 aerem
1619 222 1645 243 et
1669 216 1699 244 id

78 255 123 282 καὶ
135 256 168 282 τὸ
182 256 308 292 σύμπαν,
321 258 395 290 ἀξιον
407 259 574 294 ἡγησάμενοι
587 260 637 294 τῆς
652 260 699 287 τοῦ
709 260 777 287 Θεοῦ
785 261 867 296 ὑπερ-

78 302 161 337 οχῆς;
186 304 295 338 γελοῖον
320 305 394 341 μέντ’
414 305 446 332 ἂν
467 305 519 342 εἴη,
537 306 575 338 ὡς
588 306 663 333 αὐτοί
681 315 762 342 φασιν
781 308 806 334 οἱ
822 316 866 342 φι-

78 347 197 382 λόσοφοι,
221 348 365 384 ἄνθρωπον
389 349 461 383 ὂντα,
475 350 598 384 παίγνιον
621 351 687 378 Θεοῦ
711 352 778 388 (70),
800 352 866 378 Θεὸν

79 394 254 429 ἐργάζεσθαι,
274 397 322 422 καὶ
338 396 477 430 γίγνεσθαι
498 397 607 429 παώιᾶς
627 398 723 434 τέχνης
744 399 800 434 (7i)
821 399 865 426 τὸν

77 439 160 466 Θεόν·
175 441 238 467 ἐπεὶ
256 442 287 468 τὸ
302 442 442 477 γινόμενον
461 443 557 470 ταύτὸν
573 445 620 470 καὶ
628 444 719 479 ὅμοιον
731 445 770 480 τῷ
792 444 822 478 ἐξ
833 441 864 472 οὗ

77 485 193 519 γίνεται,
210 487 249 518 ὼς
264 488 295 513 τὸ
313 487 342 521 ἐξ
363 487 507 522 ἐλέφαντός
525 489 704 523 ἐλεφάντινον,
722 491 768 517 καὶ
789 491 820 517 τὸ
833 492 865 520 ὲκ

77 531 180 566 χρυσοῦ
202 531 320 567 χρυσοῦν
333 541 339 546 ·
368 532 402 559 τὰ
421 533 448 559 δὲ
470 534 538 568 πρὸς
556 533 705 570 ἀνθρώπων
724 535 863 570 βαναύσων

77 577 338 614 κατασκευαζόμενα
352 579 497 614 ἀγάλματά
507 588 535 606 τε
556 581 601 607 καὶ
615 581 674 616 ιερὰ
689 583 721 608 ὲκ
735 582 784 617 τῆς
798 582 864 617 ὕλης

75 623 127 658 τῆς
145 624 235 659 ἀργῆς
249 625 369 658 γίνεται·
385 625 455 652 ὥστε
471 624 517 652 καὶ
538 626 608 652 αὐτὰ
622 627 654 653 ἂν
668 627 711 662 εἴη
727 628 799 664 ἀργὰ
816 627 863 655 καὶ

76 669 158 696 ὑλικὰ
171 671 219 696 καὶ
237 670 350 705 βέϐηλα·
375 672 427 698 κᾶν
451 672 500 707 τὴν
519 672 616 708 τέχνην
638 673 791 711 ὲκτελέσῃς,
813 677 862 712 τῆς

75 715 227 750 βαναυσίας
243 717 412 752 μετείληφεν.
432 718 528 744 οὺκέτ⁸
542 716 588 744 οὖν
603 719 662 754 ἱερὰ
678 721 724 746 καὶ
740 721 799 749 θεῖα
813 723 862 758 τῆς

73 761 173 796 τέχνης
188 762 223 788 τὰ
233 762 311 798 ἔργα.
329 764 361 790 Τί
374 764 396 790 δ’
411 764 444 791 ἂν
461 766 507 791 καὶ
528 766 654 801 ἱδρύοιτο,
672 767 784 802 μηδενὸς
803 770 861 795 ἀνι-

72 807 172 842 δρύτου
187 809 382 844 τυγχάνοντος;
400 812 460 839 ἐπεὶ
477 812 566 839 πάντα
585 814 613 840 ὲν
629 814 714 849 τόπῳ.
739 815 792 842 Καὶ
810 816 861 852 μὴν

72 854 103 880 τὸ
121 854 263 890 ἱδρυμένον
278 856 330 883 ὑπὸ
340 866 410 889 τινος
426 858 555 893 ἱδρύεται,
571 860 701 896 πρότερον
720 862 860 898 ἀνίδρυτον

918 262 991 297 quod
1013 264 1144 296 continet,
1166 264 1207 290 vel
1226 263 1316 298 potius
1333 268 1418 290 totum
1438 262 1570 290 mundum
1587 267 1614 289 et
1635 260 1698 289 uni-

916 309 1083 342 versitatem,
1105 310 1296 337 existimarunt
1316 317 1376 337 esse
1396 309 1477 344 digna
1491 308 1538 336 Dei
1559 308 1696 336 excellen-

916 355 973 382 tia?
992 354 1146 382 Ridiculum
1167 355 1239 383 enim
1264 355 1360 387 fuerit,
1384 359 1414 382 ut
1433 353 1483 388 ipsi
1506 354 1599 381 dicunt
1632 353 1695 388 phi-

915 401 1042 435 losophi,
1067 401 1224 433 hominem,
1254 401 1299 436 qui
1327 403 1368 428 est
1398 399 1479 427 ludus
1503 398 1570 431 Dei,
1608 397 1692 425 Deum

914 446 1028 479 edicere,
1044 450 1070 474 et
1083 454 1115 474 ex
1133 447 1235 474 ludicra
1251 450 1309 473 arte
1323 446 1406 474 Deum
1422 445 1499 479 ﬁeri;
1519 445 1648 480 quoniam
1666 445 1693 471 id

913 492 985 527 quod
998 492 1036 524 fit,
1056 492 1083 518 tit
1104 492 1174 519 idem
1194 495 1221 518 et
1243 492 1331 519 simile
1345 491 1370 519 ei
1390 499 1420 518 ex
1436 498 1490 526 quo
1507 491 1546 523 lit,
1568 495 1598 517 ut
1620 489 1692 525 quod

913 539 943 566 tit
960 547 994 567 er
1014 540 1096 568 ebore
1109 540 1268 572 eburneum,
1284 543 1311 566 et
1333 538 1406 573 quod
1427 546 1460 565 ex
1484 545 1551 565 auro
1568 544 1691 563 aureum.

913 586 979 619 Qum
995 591 1084 612 autem
1101 593 1116 612 a
1132 585 1230 612 vilibus
1244 585 1400 612 hominibus
1414 583 1596 611 conﬁciuntur
1607 583 1692 610 simu-

913 631 986 658 lacra
1001 635 1028 658 et
1043 631 1153 664 templa,
1167 630 1235 657 ﬁunt
1250 638 1282 656 ex
1300 630 1378 656 inerti
1394 629 1524 656 materia:
1538 636 1622 664 quare
1634 628 1691 663 ipsa

912 684 1021 712 quoque
1036 676 1138 704 fuerint
1165 676 1273 708 inertia,
1294 676 1454 707 materialia,
1475 680 1501 702 et
1519 674 1643 710 profana,
1665 678 1692 701 et

912 727 941 750 ut
965 726 1049 750 artem
1068 720 1224 756 perfeceris,
1241 721 1336 748 sordes
1357 728 1464 755 semper
1486 720 1649 754 participant
1664 724 1692 746 et

912 768 1132 796 illiberalitatem.
1149 765 1208 794 Non
1231 770 1294 793 sunt
1310 774 1374 801 ergo
1399 766 1491 800 utique
1513 772 1591 793 sacra
1607 768 1633 792 et
1649 765 1692 792 di-

911 815 974 842 vina
995 815 1062 841 artis
1088 820 1182 848 opera.
1203 806 1423 845 Quidnam'vero
1449 811 1575 839 collocari
1592 811 1689 845 possit,

911 868 973 892 cum
997 860 1064 887 nihil
1081 861 1116 887 sit
1136 859 1208 894 quod
1231 866 1285 886 non
1312 859 1346 886 sit
1366 858 1538 889 collocutum,
1561 857 1689 892 quoniam

71 900 111 927 ὃν.
126 901 214 937 Εἴπερ
230 900 277 929 οὖν
289 904 303 930 ὁ
317 903 383 936 Θεὸς
399 905 516 940 ἱδρύεται
539 907 606 941 πρὸς
622 896 787 942 ἀνθρώπων,
803 909 851 935 ὰνί-

911 907 1001 935 omnia
1018 911 1082 934 sunt
1096 908 1122 933 in
1140 906 1217 933 loco?
1229 905 1306 938 Quod
1322 913 1385 932 vero
1401 905 1562 938 collocatur,
1587 903 1621 930 ab
1641 903 1691 930 ali-

71 947 169 983 δρυτός
184 957 248 975 ποτε
263 947 308 985 ἦν,
327 951 372 977 καὶ
387 951 440 977 οὐδ’
455 951 523 983 ὃλως
544 950 587 987 ἦν.
606 952 690 979 Τοῦτο
712 953 766 989 γὰρ
781 954 813 981 ἂν
825 953 859 990 ἦν

70 993 224 1027 ἀνίδρυτον,
246 995 277 1022 τὸ
293 996 341 1023 οὐκ
359 997 404 1023 ὅν·
425 998 574 1034 ἐπειδήπερ
601 999 656 1034 (72)
687 1001 740 1026 πᾶν
765 1001 795 1027 τὸ
821 1002 857 1037 μὴ

70 1040 101 1065 ὃν
126 1040 267 1076 ίδρύεται’
294 1042 324 1069 τὸ
339 1043 367 1069 δὲ
381 1043 410 1070 ὃν
439 1043 491 1070 ὑπὸ
513 1045 558 1071 τοῦ
586 1045 622 1080 μὴ
651 1045 725 1078 ὄντος
754 1047 804 1073 οὐκ
826 1047 858 1074 ἂν

73 1085 209 1122 ἱδρυνθείη
220 1095 226 1102 ·
243 1087 302 1114 ἀλλ’
317 1088 370 1114 οὐδ’
396 1089 440 1115 ὑπ’
456 1089 534 1116 ἄλλου
549 1099 556 1105 ο
577 1090 660 1123 ὅντως
679 1092 707 1118 ὂν
732 1093 785 1128 γάρ
799 1093 857 1119 ἐστι

70 1131 118 1158 καὶ
143 1132 210 1158 αὐτό
228 1132 303 1168 (75)·
334 1133 455 1162 λείπεται
480 1136 511 1171 δὴ
533 1137 577 1172 ὑφ’
598 1138 694 1165 ἑαυτοῦ
712 1139 778 1174 (76).
803 1141 858 1166 Καὶ

69 1177 128 1208 πῶς
143 1177 211 1203 αὐτὸ
225 1179 305 1205 ἑαυτό
320 1188 345 1206 τι
357 1181 498 1216 γεννήσει;
513 1182 530 1218 ἢ
545 1183 602 1215 πῶς
615 1184 680 1210 αὐτὸ
693 1185 723 1211 τὸ
735 1184 763 1211 ὃν
778 1186 857 1213 ἑαυτὸ

68 1220 138 1248 εἶναι
150 1223 285 1258 ἐνιδρύσει
295 1233 302 1256 ;
312 1225 439 1261 Πότερον,
447 1227 585 1263 ὰνὶδρυτον
596 1228 625 1255 ὃν
638 1230 717 1265 πρὰτε
723 1239 777 1264 ρον,
787 1231 856 1267 ἵδρυ-

68 1276 115 1294 σεν
128 1268 225 1301 ἐαυτό;
247 1268 316 1295 Ἀλλ’
337 1271 386 1297 οὐκ
400 1272 432 1298 ἂν
447 1272 500 1299 οὐδ’
516 1271 558 1308 ἦν·
576 1275 637 1301 ἐπεὶ
647 1276 687 1310 [ab
706 1276 742 1311 μὴ
758 1276 788 1302 ὃν
799 1277 854 1303 ἀνί-

66 1312 173 1348 δρυτον.
183 1315 240 1341 Καὶ
253 1315 283 1341 τὺ
296 1316 416 1352 ἱδρῦσθαι
430 1319 554 1353 νομισθὲν
568 1320 634 1353 πῶς,
643 1321 657 1347 ὃ
669 1321 773 1355 φθάσαν
783 1320 854 1358 εἶχεν

65 1359 106 1389 ὃν,
121 1359 197 1386 τοῦθ’
213 1361 293 1387 ἑαυτὸ
306 1361 416 1398 ὕστερον
438 1365 545 1400 ποιοίης
560 1363 596 1393 Οὔ
613 1366 667 1402 (75)
683 1368 710 1394 δὲ
730 1368 762 1394 τὰ
779 1369 852 1401 ὄντα,

66 1405 124 1436 πῶς
136 1404 183 1433 οὖν
199 1407 273 1433 τοῦτ’
289 1408 321 1434 ἂν
337 1408 422 1435 δέοιτό
437 1418 508 1442 τινος
521 1419 527 1443 ;
555 1412 622 1438 Ἀλλ’
639 1414 662 1439 εἰ
685 1413 731 1440 καὶ
751 1414 854 1450 ἀνθρω-

65 1452 171 1484 merae;
192 1453 223 1479 τὸ
242 1453 330 1485 Θεῖον,
347 1455 400 1481 τῶν
417 1456 481 1483 ἴσων
501 1457 626 1493 δεήσεται
648 1460 686 1495 τῷ
708 1461 851 1497 ἀνθρώπῳ,

63 1498 169 1533 τροφῆς
182 1507 211 1525 τε
225 1500 272 1526 καὶ
291 1500 407 1537 σκέπης,
422 1503 508 1535 οἰκίας
524 1513 552 1530 τε
573 1506 619 1532 καὶ
632 1506 685 1532 τῶν
699 1507 853 1536 ἀκολούθων

909 961 963 988 quo
977 953 1126 980 collocatur
1144 960 1205 979 cum
1222 952 1299 986 prius
1317 951 1480 978 collocatum
1495 958 1549 977 nou
1565 953 1649 977 esset.
1661 949 1691 975 Si

907 1005 972 1033 ergo
990 997 1064 1025 Deus
1081 997 1229 1025 collocatur
1245 997 1278 1024 ab
1301 997 1466 1029 hominibus,
1484 996 1534 1023 fuit
1544 995 1689 1030 aliquando

907 1051 961 1072 non
977 1044 1092 1075 locatus,
1117 1048 1144 1071 et
1156 1051 1205 1071 nec
1216 1044 1326 1071 omnino
1351 1043 1459 1078 quidem
1478 1045 1546 1069 erat.
1567 1041 1594 1068 ld
1616 1041 1688 1068 enim

907 1095 966 1118 erat
979 1098 1035 1118 non
1054 1091 1183 1123 locatum,
1205 1089 1277 1125 quod
1299 1097 1352 1117 non
1368 1093 1426 1116 erat
1445 1098 1452 1117 :
1470 1088 1689 1124 quandoquidem

906 1137 1038 1172 quidquid
1055 1145 1109 1164 non
1124 1140 1176 1168 est,
1193 1144 1247 1163 non
1259 1136 1426 1168 collocatur;
1444 1135 1517 1170 quod
1531 1139 1620 1162 autent
1634 1137 1687 1166 est,

906 1183 1033 1211 collocari
1050 1191 1104 1210 non
1121 1183 1219 1218 poterit
1241 1182 1274 1210 ab
1288 1189 1321 1209 eo
1336 1181 1408 1216 quod
1429 1189 1483 1208 non
1495 1185 1553 1214 est;
1575 1180 1621 1208 sed
1638 1188 1688 1207 nec

906 1229 941 1256 ab
963 1229 1018 1256 ullo
1033 1229 1085 1256 alio
1103 1238 1109 1256 :
1134 1236 1197 1256 nam
1211 1229 1300 1263 ipsum
1319 1235 1426 1262 quoque
1441 1235 1503 1255 vere
1520 1230 1562 1254 est
1579 1236 1585 1254 :
1602 1231 1687 1254 restat

905 1276 997 1310 itaque
1013 1279 1042 1302 ut
1069 1282 1083 1301 a
1103 1275 1203 1309 seipse.
1225 1273 1257 1301 Et
1275 1273 1413 1309 quomodo
1438 1273 1539 1308 aliquid
1565 1273 1686 1307 seipsum

905 1320 1064 1355 generabit?
1087 1324 1134 1347 aut
1148 1319 1284 1355 quomodo
1298 1320 1386 1354 ipsum
1402 1319 1474 1354 quod
1496 1322 1548 1350 est,
1564 1318 1686 1352 seipsum

904 1367 993 1402 quoad
1010 1374 1072 1394 esse
1086 1366 1247 1394 collocabit?
1260 1365 1354 1392 Utrum
1372 1373 1434 1392 cum
1450 1365 1525 1400 prius
1537 1372 1591 1392 non
1613 1366 1688 1391 esset

904 1413 1076 1445 collocatum,
1091 1413 1212 1447 seipsum
1228 1411 1392 1440 collocavit?
1407 1411 1459 1439 Sed
1475 1419 1508 1438 ne
1522 1411 1561 1438 sic
1575 1409 1685 1445 quidem

903 1459 1010 1491 fuisset,
1033 1459 1162 1494 quoniam
1178 1459 1206 1486 id
1228 1458 1300 1494 quod
1321 1466 1375 1485 non
1400 1462 1451 1490 est.
1475 1457 1601 1485 collocari
1628 1464 1684 1484 non

903 1509 1001 1540 potest.
1018 1505 1051 1532 Et
1066 1505 1139 1540 quod
1161 1505 1346 1533 existimatum
1371 1507 1411 1531 est
1435 1511 1495 1531 esse
1510 1504 1682 1535 collocatum,

64 1543 170 1594 παθῶν.
186 1545 227 1594 .οί
247 1546 459 1594 ὁμοιοσχῄμονες
474 1548 529 1584 γὰρ
542 1550 587 1576 καὶ
608 1552 781 1586 ὁμοιοπαθεῖς
802 1555 851 1590 τῆς

906 1551 1041 1587 quomodo
1062 1551 1134 1586 quod
1154 1551 1230 1586 prius
1249 1549 1354 1582 habuit,
1379 1549 1431 1576 hoc
1451 1549 1570 1583 seipsum
1590 1553 1684 1583 postea

64 1588 126 1624 ἴσης
149 1590 290 1625 δεήσονται
313 1591 425 1627 διαίτης.
449 1594 480 1620 Εἰ
506 1595 579 1622 δὲτὸ
602 1597 671 1633 ἱερὸν
693 1598 749 1634 (76)
772 1588 851 1635 διχῶς

906 1598 999 1626 fecerit
1010 1598 1021 1624 ?
1034 1598 1119 1633 Cujus
1142 1602 1232 1624 autem
1248 1600 1312 1624 sunt
1325 1603 1356 1623 ea
1369 1604 1429 1630 qua:
1449 1598 1523 1628 sunt,
1546 1594 1684 1629 quomodo

63 1635 279 1671 ἐλλαμϐάνεται.
292 1638 343 1664 ὅτε
355 1637 420 1670 Θεὸς
432 1639 512 1672 αὐτὸς
523 1642 568 1668 καὶ
583 1642 613 1668 τὸ
625 1644 663 1675 εἰς
675 1644 757 1679 τιμὴν
770 1645 851 1672 αὑτοῦ

63 1682 293 1718 κατασκεύασμα,
317 1684 374 1716 πῶς
397 1685 428 1711 οὐ
452 1686 551 1722 κυρίως
573 1687 621 1723 τὴν
643 1684 681 1720 εἷς
703 1690 783 1726 τιμὴν
804 1691 850 1718 τοῦ

61 1727 131 1754 Θεῡῦ
155 1730 216 1755 κατ’
240 1729 386 1763 ἐπίγνωσιν
410 1731 489 1765 ἁγία-ι
512 1734 658 1769 γενομένην
690 1735 850 1772 Ἐκκλησίαν

63 1774 136 1810 ἱερὸν
153 1775 186 1801 ἂν
200 1775 325 1810 εἴποιμεν
340 1776 418 1809 Θεοῦ,
431 1778 461 1804 τὸ
473 1779 570 1805 πολλοῦ
590 1780 673 1812 ἄξιον,
688 1781 736 1808 καὶ
754 1783 784 1808 οὑ
799 1783 849 1818 βα-

62 1820 155 1855 vado-ip
180 1823 435 1857 κατεσκευασμένον
457 1824 548 1861 τέχνῃ,
572 1825 628 1852 ἀλλ’
649 1827 709 1853 οὐδὲ
732 1828 848 1864 ἀγύρτου

62 1866 358 1902 χειρὶ¹δεδαιδαλμένον
380 1867 447 1903 (77),
471 1868 595 1905 βουλήσει
615 1871 643 1897 δὲ
662 1871 708 1897 τοῦ
729 1871 796 1898 Θεοῦ
810 1874 850 1905 εἰς

60 1912 129 1939 νεὼν
150 1912 357 1948 πεποιημένηνς
380 1914 410 1940 οὐ
422 1914 475 1949 γὰρ
490 1915 537 1941 νῦν
555 1916 599 1942 τὸν
621 1916 712 1949 τόπον,
732 1917 799 1944 ἀλλὰ
818 1918 850 1944 τὸ

61 1958 202 1993 ἄθροισμα
236 1959 290 1985 τῶν
318 1959 453 1986 ἐκλεκτῶν
484 1960 539 1996 (78)
572 1961 733 1997 Ἐκκλησίαν
763 1964 847 1990 καλῶ.

66 2004 201 2039 ’Δμείνῳν
213 2005 227 2031 ὁ
240 2004 310 2037 νεὼς
321 2002 398 2042 οὗτος
412 2008 452 2038 εἰς
464 2007 615 2044 παραδοχὴν
630 2009 760 2044 μεγέθους
771 2009 848 2042 ἀξίας

99 2064 129 2093 r14
151 2061 183 2089 P.
199 2061 262 2094 846,
275 2061 329 2089 ED.
345 2062 491 2090 POTTER.

97 2128 155 2163 (70)
172 2129 316 2164 Παίγνιον
329 2130 411 2157 Θεοῦ.
428 2131 473 2158 Sic
487 2131 623 2160 hominem
637 2132 714 2159 Plato
724 2141 777 2160 non
793 2142 848 2162 uno

61 2163 165 2202 inloco
174 2163 308 2202 appellat.
325 2165 526 2202 [:lnejusrverba
541 2167 587 2194 lib.
600 2175 636 2194 vn
650 2167 686 2194 De
699 2169 760 2202 leg.,
773 2169 825 2196 889
839 2180 845 2197 :

59 2199 142 2238 (ιζόσει
172 2199 201 2225 δὲ
217 2198 297 2227 εἶναι
327 2198 396 2227 Θεὸν
418 2201 467 2237 μὲν
494 2202 584 2237 πάσης
607 2198 845 2256 εμακαρίόυσπου-

60 2234 108 2256 ὅτε
135 2235 226 2256 ἧὲιηνι
256 2234 397 2256 ἆυῆηωπηυ
432 2236 459 2256 δὲ
490 2236 568 2256 {Hm-:1,
592 2245 704 2256 cmneu
742 2238 830 2256 ἔπι-που.

901 1645 954 1672 hoc
970 1644 1062 1679 aliquo
1083 1644 1172 1674 adhuc
1192 1651 1260 1678 opus
1281 1642 1428 1670 habuerit?
1449 1640 1501 1668 Sed
1519 1644 1545 1668 et
1566 1640 1589 1668 si
1610 1639 1683 1667 Deus

902 1695 944 1718 est
963 1690 1066 1718 homini
1090 1690 1177 1717 forma
1196 1689 1304 1722 similis,
1330 1688 1442 1724 perinde
1459 1695 1490 1714 ac
1510 1687 1591 1714 homo
1612 1693 1682 1721 opus

900 1737 1011 1765 habebit
1027 1737 1193 1764 nutrimento
1210 1741 1237 1763 et
1254 1739 1410 1771 legumento
1424 1739 1450 1762 et
1466 1734 1556 1765 domo,
1576 1736 1603 1761 et
1620 1733 1682 1760 aliis

900 1790 960 1818 qua:
967 1781 1312 1817 consequenter'accidunt.
1323 1784 1352 1812 ᾖ
1368 1780 1435 1807 Nam
1444 1781 1490 1815 qui
1500 1779 1622 1807 eamdem
1632 1779 1681 1805 ha-

900 1829 964 1856 bent
984 1828 1099 1856 formam
1114 1831 1141 1855 et
1157 1827 1265 1855 easdem
1281 1827 1445 1857 atTectiones,
1462 1826 1556 1854 eodem
1571 1832 1680 1860 quoque

900 1875 974 1902 victu
988 1875 1115 1910 cgebunt.
1131 1873 1160 1901 Si
1174 1878 1263 1901 autem
1275 1880 1383 1900 sacrum
1397 1873 1451 1900 duo
1463 1873 1520 1899 haec
1534 1871 1677 1907 signiﬁcet.

899 1929 996 1956 nempe
1013 1925 1039 1948 et
1056 1920 1140 1947 Deum
1154 1921 1252 1955 ipsum,
1265 1923 1292 1947 et
1307 1919 1333 1946 id
1350 1919 1422 1953 quod
1436 1922 1477 1946 est
1491 1921 1679 1945 constructum

899 1968 928 1995 in
943 1967 1003 2001 ejus
1021 1967 1161 1998 honorem,
1180 1974 1228 1993 cur
1247 1974 1300 1993 non
1316 1965 1423 2000 proprie
1437 1972 1496 1992 eam
1513 1972 1572 1998 quae
1586 1964 1614 1990 in
1630 1962 1678 1990 Dei

899 2014 1028 2041 honorem
1044 2021 1092 2048 per
1103 2012 1267 2040 aunitionern
1284 2015 1379 2039 sancta
1390 2010 1458 2037 facta
1468 2009 1677 2041 estEcclesiam,

898 2133 991 2161 debuit
1005 2136 1103 2168 praeter
1116 2133 1328 2160 distinctionem.
1344 2132 1410 2159 Nam
1426 2132 1447 2159 si
1461 2132 1551 2168 Eme);
1561 2132 1593 2159 ad
1608 2140 1678 2167 prte-

898 2167 1021 2197 cedentia
1041 2168 1122 2196 verba
1139 2168 1255 2195 relatum
1277 2168 1366 2198 fuerit.
1381 2168 1449 2194 satis
1464 2167 1606 2202 perspicua
1623 2173 1678 2195 sta--

898 2206 946 2231 tim
962 2204 1015 2231 erit
1031 2203 1164 2231 sententia
1181 2211 1187 2229 :
1204 2203 1260 2229 ἀλλ’
1283 2203 1338 2229 οὐδ’
1355 2203 1401 2229 ὑπ’
1423 2202 1502 2229 ἄλλου
1525 2202 1622 2232 ὅντως·
1647 2202 1677 2228 ὃν

60 2233 108 2275 δῇς
131 2235 226 2275 (agn-.0»;
256 2234 397 2275 ἆνθρῳπον
418 2233 460 2262 ’δὲ
490 2233 568 2272 (ὅπερ
591 2233 704 2275 εἴπομεν
721 2272 725 2275 _
741 2238 845 2275 ἔμπρο-

906 2239 951 2274 (ἀρ
966 2240 1023 2265 ἐστι
1036 2239 1083 2266 καὶ
1097 2239 1174 2264 αὺτο-
1193 2248 1202 2263 ‹
1224 2238 1270 2266 sed
1288 2245 1374 2273 neque
1390 2238 1423 2264 ab
1437 2238 1493 2275 a_lio_
1508 2241 1568 2264 ente
1581 2257 1588 2268 ,
1612 2245 1675 2264 nam

61 2269 140 2309 σθεν)
158 2270 226 2296 Θεοῦ
242 2279 269 2296 τι
285 2269 408 2309 παίγνιον
427 2269 662 2309 μεμήχανῂμένονξ
688 2282 698 2298 ε
712 2269 848 2302 Αρἰ)εὐιῃ

59 2305 170 2338 quidem
186 2309 284 2342 natura
300 2307 373 2333 omni
397 2305 477 2334 beato
494 2305 586 2334 studio
605 2308 734 2342 dignum;
760 2309 848 2336 homi-

59 2346 122 2366 nem
146 2348 226 2376 vero,
251 2341 322 2368 sicut
344 2342 426 2369 etiam
451 2350 534 2376 supra
556 2341 688 2375 diximus,
715 2343 762 2370 Dei
782 2345 847 2372 ludo

58 2382 122 2401 esse
140 2375 244 2402 fictum.
269 2385 278 2401 ι

94 2409 152 2450 (71)
176 2410 301 2450 Παιδιᾶς
321 2411 439 2450 ςέχνης.
468 2411 581 2450 {lectius
607 2413 716 2450 παιδιὰν
737 2414 843 2450 τέχνης,

60 2445 194 2485 elusum,
207 2453 266 2485 "seu
284 2446 418 2479 ludicrum
435 2447 513 2480 artis,
531 2457 540 2473 ι
559 2452 587 2475 ut
602 2456 664 2476 mox
679 2449 730 2484 τῆς
748 2445 843 2485 divi];

56 2479 92 2505 τὰ
107 2480 186 2514 ἔργα.
206 2480 337 2509 Summe.

93 2515 161 2556 (72)_
175 2516 360 2556 Ἐςιειᾷήςιερ,
376 2516 511 2556 Interpres
529 2521 601 2556 recte
615 2519 707 2556 l_egit_:_
725 2519 843 2556 Ἐπειδὴ-

58 2557 111 2589 περ
123 2552 177 2589 πᾶν
191 2551 222 2577 τὸ
239 2551 275 2589 μὴ
290 2552 319 2578 ὃν
334 2553 384 2579 οὐκ
395 2551 521 2589 ἱδρύεται.
539 2553 606 2580 Nam
625 2551 653 2580 iri
663 2554 724 2582 aliis
734 2551 842 2589 quoque

58 2584 126 2625 locis
140 2584 333 2625 adnotavimus
350 2584 489 2622 negativas
502 2589 649 2622 particulas
667 2597 682 2616 e
695 2584 840 2617 Clementis

57 2619 135 2647 libris
151 2621 298 2649 excidisse.
386 2619 399 2622 ⁷
502 2619 511 2622 ’
704 2651 708 2654 .

105 2655 151 2693 75)
171 2656 254 2693 '41:?
266 2656 397 2693 ορδίύῑί
412 2657 522 2685 ἄλλον·
546 2658 638 2692 ὄντως
651 2659 688 2685 ὂν
702 2658 757 2693 γάρ
775 2659 840 2686 ἐστι

57 2690 202 2729 παῤ-αὑτό.
220 2690 271 2729 Sic
284 2691 456 2729 SJvlburgius,
471 2698 507 2724 et,
523 2702 584 2728 quae
598 2690 659 2720 enim
676 2690 837 2728 sequuntur,

57 2701 106 2717 παι
118 2701 202 2718 αυτο.
221 2701 267 2718 me
284 2701 384 2720 avrnur
403 2701 456 2724 ius,
471 2701 507 2724 et,
523 2702 584 2728 quae
598 2702 659 2720 eum
676 2701 837 2728 sequuntur,

56 2726 200 2754 editiones.
218 2725 272 2753 Sed
292 2701 442 2754 Ριω-ίὲλκ
456 2729 512 2755 οὐδ’
531 2730 576 2755 ὑπ’
591 2729 685 2755 ἄλλου·
706 2729 790 2760 ὅντως
809 2728 838 2756 ὃν

56 2761 110 2801 γάρ
128 2761 250 2801 ἐστι-καὶ
265 2762 340 2801 αὐτο.
360 2761 511 2801 Ubi_’5\r:o;
536 2767 669 2801 mutatum
693 2763 836 2801 inoratare,

56 2796 118 2829 quia
136 2797 200 2833 quid
217 2801 303 2833 esset
317 2796 401 2833 ὅντως
415 2798 445 2824 ὃν
463 2806 515 2825 non
533 2799 666 2833 apparuit.
693 2798 794 2826 Deinde
810 2799 836 2825 in

57 2832 254 2859 recentioribus
272 2832 438 2859 editionibns
459 2833 489 2859 ὅν
505 2832 584 2860 etiam
602 2834 629 2860 in
654 2834 686 2860 ἄν
704 2837 835 2860 mutattun

56 2871 105 2893 est.
117 2867 168 2895 Sed
186 2867 214 2894 in
230 2867 361 2895 editionis
377 2867 538 2896 Florentino:
557 2869 671 2897 lectione
685 2869 722 2896 nil
737 2870 836 2896 mutari

899 2279 926 2301 et
937 2273 1032 2308 ipsum
1057 2281 1164 2309 quoque
1179 2281 1227 2309 ens
1247 2277 1307 2309 est;
1325 2283 1334 2309 ι
1352 2281 1383 2300 ac
1398 2273 1512 2309 proinde
1532 2277 1676 2307 utrumque

898 2310 1000 2343 pariter
1016 2309 1105 2336 locum
1121 2308 1280 2344 possidebit,
1296 2308 1337 2335 vel
1350 2315 1383 2335 eo
1397 2308 1511 2344 carebit.

933 2343 989 2378 (74)
1015 2344 1072 2378 Ὑφ’
1095 2341 1213 2370 ἑαυτοῦ.
1235 2343 1375 2378 δίοητεεῗιε
1398 2343 1459 2370 libri
1482 2341 1672 2369 recentiores:

897 2377 1056 2413 ἐφ’ἐαυτοιῖ.
1077 2378 1162 2409 Flor.,
1176 2378 1262 2413 Sylb.,
1278 2377 1328 2405 Ms.
1344 2377 1430 2413 Paris.

931 2414 987 2448 (‘15)
1003 2412 1053 2441 Οηῦ.
1070 2413 1129 2440 Jam
1146 2413 1178 2440 ad
1194 2412 1344 2440 Sermonem
1357 2413 1389 2439 de
1404 2412 1459 2440 Deo
1475 2412 1554 2439 redit.

931 2449 987 2488 (7g)
1014 2449 1114 2488 Ἰερᾴνκ
1129 2449 1267 2488 ρυριὶριηι
1284 2448 1395 2488 hujusce
1407 2448 1481 2488 vocis
1496 2454 1606 2488 sensum
1623 2454 1672 2488 n¢_)<

894 2482 945 2510 tat.
958 2483 1025 2510 Nam
1040 2484 1128 2518 primo
1141 2484 1198 2518 ipse
1215 2483 1285 2510 Deus
1298 2482 1398 2510 dicitur
1413 2483 1492 2518 ἱερός,
1512 2482 1609 2510 deinde
1619 2483 1674 2509 πᾶν

894 2518 923 2544 τὸ
938 2519 1129 2553 ἀνατιθέμενον
1150 2518 1188 2553 τῷ
1210 2518 1279 2553 Θεῷ,
1296 2527 1305 2543 ι
1329 2518 1461 2553 quidquid
1480 2518 1537 2546 Deo
1551 2518 1671 2545 dicatum

893 2558 948 2586 est;
968 2565 977 2580 ι
995 2559 1024 2580 ut
1039 2553 1129 2580 Suidae
1144 2553 1234 2580 verbis
1252 2558 1321 2580 utar.

929 2588 984 2624 (77)
1008 2587 1252 2624 Δεδαιδαλμένον,
1281 2588 1305 2624 Ε
1305 2589 1354 2616 lor.
1378 2588 1554 2624 656akttévov,
1571 2588 1672 2616 omissa

892 2623 988 2650 initiali
1008 2624 1135 2651 thematis
1159 2623 1270 2658 syllaba.
1290 2623 1414 2658 Sequens
1435 2623 1604 2658 participium
1627 2631 1674 2648 πε-

891 2659 1041 2694 ποιημένην
1068 2657 1180 2694 respicit
1206 2657 1367 2686 femininum
1400 2657 1571 2694 Ἐκκλησίαν.
1603 2657 1672 2685 8η-

890 2701 967 2721 BURG.

927 2729 983 2763 (78)
999 2728 1171 2756 Ἐκλεκτῶν.
1185 2728 1377 2760 Montacutius,
1387 2728 1514 2762 Apparar.
1531 2728 1556 2760 1,
1567 2735 1628 2762 pag.
1641 2728 1670 2758 ‘2.

890 2764 1045 2798 ὲκκλητῶν,
1073 2773 1082 2789 ι
1103 2769 1294 2796 evocatorum,
1317 2774 1326 2790 ι
1353 2764 1526 2792 scribendum
1554 2763 1670 2789 monuit.

891 2798 943 2826 Sed
960 2799 1076 2826 fortasse
1094 2798 1221 2826 Clemens
1242 2807 1295 2826 non
1312 2805 1366 2826 tam
1391 2798 1551 2833 Ἐκκλησίας
1566 2802 1672 2829 etymo—

889 2834 988 2868 logiam
1009 2834 1126 2864 tradere,
1144 2842 1226 2868 quam
1252 2834 1387 2862 similibus
1410 2834 1527 2861 vocibus
1538 2834 1682 2867 quodams-

889 2869 968 2896 modo
983 2869 1076 2897 ludere
1090 2869 1183 2896 voluit.
