1933 3075
234 150 287 179 δῶ

270 209 333 234 Arte
348 207 420 234 mala
436 215 496 234 ossa
513 207 583 234 bouis
599 207 684 234 nitida
701 206 856 242 pinguedine
871 211 947 234 tecta.

272 242 344 270 Hinc
360 244 390 277 ﬁt
406 247 434 269 ut
449 251 510 269 ossa
522 243 571 269 viri
582 250 676 269 sacras
688 242 792 269 adolere
809 250 853 276 per
866 251 928 268 aras

272 278 484 311 Assueli,veleris
496 278 631 304 imitentur
641 278 751 312 originis
765 285 853 304 usum.

237 322 292 349 Sed
309 330 480 357 nequaquam
499 322 628 354 dixerint,
646 331 707 358 qua:
721 331 753 350 ex
767 323 918 358 indigentia
933 323 1021 350 oritur

236 368 386 402 cupiditate
401 372 525 395 vexatum
541 368 639 396 nutriri
655 368 750 395 Deum.
775 368 842 395 Eum
860 369 951 403 itaque
962 369 1020 395 elli-

236 413 310 440 cient
325 414 425 448 planta:
439 414 557 441 similem
568 434 575 446 ,
592 417 622 441 ut
635 414 681 449 qui
698 414 837 441 nutriatur
856 414 959 450 absque
974 422 1021 449 δρα

237 459 389 492 petitione;
405 463 431 486 et
448 459 544 487 bestiis
557 467 617 494 qua:
637 460 724 486 latent
745 460 774 486 in
797 460 940 491 cavernis;
953 468 1021 495 quas

236 503 332 531 dicunt
353 509 400 532 aut
425 506 452 532 in
470 505 543 532 aeris
564 506 765 538 crassitudine,
787 509 834 532 aut
856 506 938 532 etiam
963 506 1022 540 ipsa

235 549 354 585 propriis
370 551 496 585 corporis
510 551 684 578 exhalatione
696 552 806 584 nutriri,
816 555 843 578 et
857 552 925 578 citra
941 551 1023 579 olfen-

235 597 342 624 sioncm
357 598 462 632 augeri.
478 597 568 633 Atque
585 599 609 626 si
628 599 697 626 citra
714 599 797 626 ullam
814 603 965 633 egestatem
981 599 1022 626 eis

235 642 307 671 Deus
319 644 450 675 nutritur,
463 644 530 679 quid
546 648 588 672 est
600 652 669 679 opus
688 645 857 672 nutrimento
868 646 893 672 ei
909 646 954 680 qui
967 654 1022 673 non

235 689 356 723 indiget?
376 688 424 716 Sin
449 695 540 717 aulem
564 691 664 725 gaudet
679 691 824 723 honorari,
847 699 909 718 cum
923 696 1022 718 natura

233 736 338 763 nullius
355 736 495 772 indigeat,
510 745 574 764 non
590 738 640 765 abs
662 745 692 765 re
711 745 763 766 nos
785 738 870 766 Deum
893 740 1022 773 precibus

234 781 410 814 honoramus,
423 786 449 809 et
463 783 516 809 hoc
532 783 697 810 sacriﬁcium
715 785 846 819 optimum
861 789 887 812 et
903 787 1021 813 sanctis-

235 827 335 854 simum
356 835 418 854 cum
441 828 549 862 justitia
574 829 744 862 emittimus,
769 830 922 865 justissimo
948 831 1022 867 Logo

835 149 1030 177 CLEMENTIS
1047 148 1282 178 ALEXANDRINI

1036 212 1059 240 Α
1079 206 1126 233 Ἕκ
1144 207 1197 233 τοῦ
1211 207 1236 233 δ’
1248 206 1441 234 ἀθανάτοισιν
1450 206 1499 233 ἐπὶ
1511 205 1594 241 χθονί
1609 206 1680 240 φῦλ’
1694 203 1857 241 ἁτθιὼπων

1806 147 1855 175 ΜΔ

1072 242 1195 268 Καίουσ⁷
1209 242 1300 269 ὀστέα
1310 242 1404 269 λευκὰ
1416 242 1566 276 θυηέντων
1576 241 1626 268 ἐπὶ
1638 240 1760 276 βωμῶν.

1078 319 1147 345 Ἀλλ’
1162 319 1211 346 οὐκ
1227 319 1259 346 ἂν
1275 319 1400 354 οὐδαμῶς
1411 328 1476 354 φασι
1495 318 1565 346 κατὰ
1576 319 1625 354 τὴν
1643 319 1676 345 ὲκ
1685 318 1735 354 τῆς
1754 318 1856 350 ἐνδείας

1071 364 1219 400 ἐπιθυμίαν
1241 365 1408 400 κακούμενον
1428 364 1575 400 τρέφεσθαι
1588 365 1633 391 τὸν
1648 365 1724 391 Θεόν.
1746 365 1857 399 Ὅμοιον

1071 407 1116 436 οὖν
1137 409 1217 436 αὺτὺν
1239 410 1315 445 φυτῷ
1333 411 1488 445 ποιήσουσιν
1508 410 1658 446 ἀνορέκτως
1678 411 1854 446 τρεφόμενον,

1071 456 1119 482 καὶ
1131 457 1187 487 τοῖς
1206 455 1355 490 φωλεύουσι
1378 455 1482 491 θηρίοις
1497 456 1551 491 (96)
1565 465 1571 471 ·
1595 457 1660 491 φασὶ
1674 456 1741 491 γοῦν
1759 457 1856 489 ταῦτα,

1071 501 1125 528 εἴτε
1141 501 1193 528 ὑπὸ
1208 502 1258 537 τῆς
1272 501 1343 528 κατὰ
1360 502 1405 528 τὸν
1422 502 1490 537 ἀέρα
1511 502 1675 538 παχύτητος,
1698 503 1747 529 εἴτ’
1761 501 1796 529 αὖ
1811 504 1857 529 καὶ

1071 547 1100 580 ἐξ
1123 547 1208 582 αὐτῆς
1226 547 1277 582 τῆς
1300 548 1346 574 τοῦ
1369 547 1470 574 οἰκείου
1496 546 1619 583 σώματος
1647 543 1856 583 ἀναθυμιάσεως

1070 592 1236 628 τρεφόμενα,
1250 593 1375 625 ἀϐλαϐῶς
1388 593 1442 628 (97)
1454 593 1554 626 αὗξειν.
1580 594 1673 621 Καίτοι
1686 595 1710 620 εί
1726 595 1856 626 ἀνενδεῶς

1071 639 1198 674 τρέφεται
1223 639 1313 670 αὐτοῖς
1334 638 1365 665 τὺ
1391 639 1483 671 Θεῐον,
1509 639 1551 671 τίς
1576 639 1615 666 ἔτι
1639 640 1718 676 χρεία
1751 640 1856 676 τροφῆς

1070 685 1110 720 τῷ
1123 685 1257 717 ὰνενδεεῖ;
1274 684 1306 711 Et
1319 684 1347 711 δὲ
1363 684 1515 720 τιμώμενον
1530 685 1629 720 χαίρει,
1644 686 1723 720 φύσει
1736 686 1856 718 ἀνενδεὲς

1073 731 1203 766 ὑπάρχον,
1217 731 1267 756 οὐκ
1280 731 1431 762 ἀπεικότως
1446 731 1526 765 ἡμεῖς
1537 730 1569 757 δι’
1583 732 1664 767 εὐχῆς
1675 731 1803 767 τιμῶμεν
1813 732 1857 758 τὸν

1071 777 1136 803 Θεόν
1148 785 1154 792 ·
1171 778 1217 803 καὶ
1230 776 1333 813 ταύτην
1348 778 1396 813 τὴν
1410 777 1504 804 θυσίαν
1514 778 1627 813 ἀρίστην
1641 778 1688 804 καὶ
1701 778 1857 814 ἁγιωτάτην

1074 822 1142 858 μετὰ
1153 823 1323 858 δικαιοσύνης
1342 823 1539 859 ἀναπέμπομεν
1551 823 1590 858 τῷ
1604 823 1766 858 δικαιοτάτῳ
1780 823 1857 859 Λόγῳ

234 881 299 900 eum
313 874 493 907 honorantes,
503 883 552 909 per
567 883 648 910 quem
665 876 816 911 accipimus
827 878 1020 913 cognitionem,

1072 868 1244 905 γεραίροντες
1255 877 1262 884 ·
1275 869 1309 895 δι’
1322 865 1353 895 οὗ
1368 869 1616 905 παραλαμϐάνομεν
1626 869 1674 904 τὴν
1687 869 1801 904 γνῶσιν,
1815 870 1860 897 διὰ

235 927 268 947 ea
293 928 354 955 quae
375 921 522 949 didicimus
539 930 589 957 per
605 930 666 950 eum
684 923 878 958 gloriﬁcantes.
896 924 943 952 Est
957 933 1022 960 ergo

234 967 309 1002 quod
324 972 366 994 est
379 967 424 994 hic
442 971 571 995 terrestre
587 969 657 1004 apud
670 977 721 997 nos
733 971 831 1002 altare,
847 972 1021 1006 congregatio

236 1019 332 1039 eorum
347 1013 393 1047 qui
409 1013 506 1040 intenti
518 1017 582 1040 sunt
596 1015 777 1047 orationibus,
793 1024 874 1043 unam
890 1017 1022 1052 quodam-

235 1057 318 1084 modo
334 1064 429 1085 vocem
443 1058 547 1085 habens
562 1065 735 1086 communem
750 1064 777 1087 et
792 1069 874 1087 unam
889 1065 1020 1090 mentem.

236 1102 302 1136 Qum
320 1111 368 1137 per
384 1103 527 1131 odoratum
544 1108 634 1132 autem
650 1106 825 1141 accipiuntur
838 1108 1020 1140 nutrimenta,

234 1150 287 1177 etsi
307 1150 363 1177 sint
381 1150 516 1178 diviniora
532 1151 566 1178 iis
581 1159 642 1186 quae
661 1159 712 1187 per
734 1160 782 1186 os,
799 1157 890 1181 tamen
904 1159 1022 1189 arguunt

235 1195 456 1229 respirationem.
477 1195 548 1229 Quid
569 1205 635 1232 ergo
656 1197 691 1225 de
713 1198 770 1225 Deo
790 1199 902 1231 dicunt,
928 1204 1022 1227 utrm-8

234 1242 371 1276 perspirat
395 1242 466 1269 sicut
481 1251 568 1277 genus
589 1244 760 1272 diemonum?
775 1253 809 1272 an
835 1246 952 1280 inspirat
975 1254 1021 1274 sn-

235 1286 309 1318 lum,
325 1291 355 1314 ut
377 1288 507 1322 aquatilia
527 1297 575 1324 per
596 1289 792 1318 branchiorum
814 1291 1022 1319 dilatationem?

234 1339 270 1359 an
283 1332 486 1368 circumspirat,
504 1338 531 1360 ut
546 1335 651 1362 insecta
667 1344 716 1371 per
730 1338 964 1371 compressionem
979 1339 1021 1366 in-

234 1377 348 1405 cisionis
365 1380 533 1413 pennarum?
555 1379 609 1407 Sed
630 1381 698 1408 nulli
719 1390 752 1409 ex
768 1382 827 1415 his,
854 1384 876 1411 si
894 1384 1020 1419 sapiant,

234 1423 320 1450 Deum
348 1425 574 1453 assimilaverint.
603 1427 669 1459 Quae
696 1431 788 1454 autem
812 1429 956 1464 respirant-
973 1419 1021 1465 per

234 1470 371 1504 pulmonis
394 1471 427 1498 ad
453 1472 593 1499 thoracem
609 1473 744 1506 objectam
767 1473 972 1508 dilatatiouem,
988 1483 1021 1504 ea

235 1517 376 1543 attrahunt
387 1525 490 1545 aerem.
503 1518 606 1546 Deinde
620 1519 642 1545 si
663 1518 717 1546 Deo
733 1519 861 1547 dederint
876 1522 981 1549 viscera
994 1527 1021 1550 et

1070 915 1165 941 τούτου
1180 915 1335 948 δοξάζοντες
1354 914 1372 942 ἃ
1393 915 1592 951 μεμαθήκαμεν
1614 915 1678 950 (98).
1700 916 1779 941 Ἐστι
1795 915 1860 949 γοῦν

1071 961 1101 987 τὸ
1125 962 1189 997 παρ’
1209 962 1274 997 ἡμῖν
1289 961 1478 997 θυσιαστήριον
1494 961 1609 988 ἐνταῦθα
1633 961 1663 988 τὺ
1683 962 1807 995 ἐπίγειον
1828 961 1858 987 τὸ

1071 1007 1206 1043 ἄθροισμα
1219 1007 1272 1034 τῶν
1287 1008 1347 1038 ταῖς
1358 1007 1450 1043 εὐχαῖς
1465 1007 1660 1043 ἀνακειμένων,
1685 1007 1750 1043 μίαν
1764 1007 1859 1044 ὥσπερ

1071 1054 1132 1089 ἕχον
1153 1054 1242 1089 φωνὴν
1260 1053 1309 1089 τὴν
1325 1053 1416 1088 κοινὴν
1438 1054 1485 1080 καὶ
1503 1053 1566 1088 μίαν
1579 1053 1700 1088 γνώμην.
1718 1054 1753 1079 Ai.
1773 1053 1802 1079 δὲ
1815 1051 1859 1080 διὰ

1071 1101 1120 1136 τῆς
1134 1100 1302 1136 ὀσφρήσεως,
1315 1100 1339 1126 εἰ
1353 1099 1401 1126 καὶ
1412 1099 1545 1135 θειότεραι
1560 1100 1614 1136 (99)
1629 1099 1683 1126 τῶν
1697 1099 1742 1126 διὰ
1757 1099 1856 1134 στόμα-

1071 1154 1116 1178 τος
1133 1146 1241 1181 τροφαὶ,
1261 1145 1328 1172 ἀλλὰ
1351 1146 1488 1182 ἀναπνοῆς
1508 1147 1562 1172 είσι
1582 1145 1739 1181 δηλωτικαί.
1763 1145 1797 1172 Τί
1813 1143 1858 1172 οὖν

1071 1200 1137 1226 φασι
1153 1192 1216 1227 περὶ
1227 1191 1274 1218 τοῦ
1292 1191 1379 1224 Θεοῦ;
1395 1192 1508 1228 πότερον
1523 1192 1684 1225 διαπνείται,
1703 1192 1742 1224 ὡς
1754 1193 1785 1219 τδ
1805 1193 1858 1219 τῶν

1071 1237 1203 1273 δαιμόνων
1219 1238 1296 1272 γένος
1313 1237 1371 1274 (ν1);
1386 1237 1403 1273 ἢ
1426 1238 1567 1273 ἐμπνεῖται
1586 1238 1674 1274 μόνον,
1691 1239 1729 1269 ὡς
1741 1238 1776 1265 τὰ
1799 1239 1854 1265 ἐνυ-

1071 1284 1121 1320 δρα
1136 1284 1208 1311 κατὰ
1219 1285 1268 1320 τὴν
1282 1284 1336 1311 τῶν
1357 1284 1495 1321 βραγχίων
1507 1284 1665 1320 διαστολήν;
1683 1285 1700 1320 ἦ
1715 1285 1860 1320 περιττνεῖ-

1070 1339 1126 1362 ται,
1141 1330 1266 1366 καθάπερ
1282 1330 1316 1357 τὰ
1327 1330 1426 1366 ἔντομα
1439 1330 1510 1357 κατὰ
1522 1331 1573 1366 τὴν
1588 1331 1630 1357 διὰ
1642 1331 1696 1357 τῶν
1713 1323 1856 1366 πτερύγων

1072 1375 1206 1411 ὲπίθλιψιν
1228 1376 1278 1412 τῆς
1301 1376 1437 1412 ὲντομῆς;
1465 1375 1533 1402 Ἀλλ’
1554 1376 1604 1403 οὐκ
1628 1377 1660 1403 ἄν
1682 1385 1737 1402 τινι
1756 1376 1858 1402 τούτων

1072 1423 1260 1454 ἁπεικάσαιεν,
1278 1422 1335 1456 εἴγε
1343 1420 1372 1448 εὖ
1386 1423 1517 1457 φρονοῖεν,
1530 1422 1575 1448 τὸν
1587 1421 1652 1448 Θεόν
1663 1430 1670 1436 ·
1686 1422 1738 1448 ὅσα
1751 1421 1780 1448 δὲ
1793 1421 1858 1448 ἀνα-

1071 1470 1134 1495 πνεῖ
1145 1468 1216 1495 κατὰ
1239 1468 1289 1504 τὴν
1307 1469 1353 1495 τοῦ
1371 1468 1520 1503 πνεύμονος
1531 1467 1599 1504 πρὸς
1615 1468 1659 1494 τὸν
1678 1468 1791 1503 θώρακα
1813 1469 1858 1494 ἀν-

1071 1515 1250 1551 τιδιαστολὴν,
1276 1514 1424 1551 ρυμουλκεί
1444 1513 1491 1540 τὸν
1510 1514 1589 1549 ἀέρα.
1606 1512 1682 1546 Εἶτα,
1707 1515 1732 1540 εί
1756 1514 1858 1548 σπλάγ-

235 1563 368 1594 arterias,
383 1567 411 1590 et
423 1571 522 1598 venas,
543 1569 570 1592 et
591 1572 690 1592 nervos
701 1585 707 1597 ,
723 1569 749 1592 et
766 1569 874 1600 partes,
892 1567 1020 1595 inducent

1073 1569 1122 1596 χνα
1136 1561 1205 1588 δοῖεν
1225 1561 1270 1587 καὶ
1287 1560 1430 1596 ἀρτηρίας,
1451 1560 1498 1587 καὶ
1512 1559 1622 1594 φλέϐας,
1636 1560 1681 1586 καὶ
1700 1560 1795 1596 νεῦρα,
1811 1561 1858 1587 καὶ

234 1614 296 1634 eum
314 1608 381 1634 nihil
398 1607 577 1636 diﬂ‘erentcm.
602 1608 778 1644 Conspiratio
797 1614 886 1638 autem
911 1612 1019 1647 proprie

233 1645 335 1680 dicitur
348 1654 375 1680 in
389 1654 522 1682 Ecclesia.
541 1654 589 1682 Est
603 1655 675 1682 enim
690 1655 818 1684 Ecclesia
838 1645 1001 1685 sacriﬁcium
1011 1679 1019 1692 ,

231 1691 334 1740 roratio,
348 1707 408 1734 quae
424 1707 438 1726 a
455 1699 558 1727 sanctis
575 1701 719 1727 exhalatur
732 1702 840 1734 animis,
857 1710 919 1730 cum
936 1704 1021 1730 sacri-

236 1744 327 1771 ﬁcium
341 1745 422 1772 simul
443 1746 564 1780 aperitur
584 1750 611 1774 et
625 1751 682 1774 tota
702 1756 781 1776 mens
802 1748 867 1776 Deo.
884 1749 937 1777 Sed
951 1751 1021 1778 anti-

236 1788 397 1823 quissimam
418 1790 529 1825 quidem
554 1799 628 1819 aram
652 1792 680 1819 in
704 1792 769 1820 Delo
796 1798 918 1821 sanctam
940 1796 1021 1830 vulgo

235 1833 383 1869 jactarunt.
401 1835 441 1862 Ad
454 1836 524 1864 hanc
545 1841 636 1864 autem
658 1839 747 1866 solum
769 1839 863 1866 dicunt
879 1841 960 1868 etiam
976 1849 1021 1868 ac—

235 1881 355 1909 cessisse
368 1881 560 1917 Pythagoram,
576 1885 648 1912 caede
664 1891 691 1912 et
703 1891 790 1913 morte
806 1886 918 1914 minimc
929 1888 1021 1922 inqui-

237 1930 344 1958 natam;
359 1934 434 1954 aram
450 1931 539 1955 autem
555 1936 619 1956 vere
633 1934 755 1957 sanctam
767 1938 829 1958 esse
841 1931 944 1966 justam
963 1933 1022 1959 ani-

274 2024 330 2064 (96)
354 2026 416 2060 Τοῖς
431 2028 601 2064 φωλεύουσι
616 2029 738 2061 θηρίοις.
760 2028 797 2056 Ea
814 2029 941 2064 intelligit
963 2030 1021 2057 ani-

239 2061 336 2099 malia,
353 2069 413 2099 qua:
428 2067 506 2099 certo
527 2063 645 2099 quodam
661 2064 794 2099 cujusque
811 2065 875 2091 anni
900 2061 1023 2099 tempore

239 2097 352 2133 secretis
369 2097 407 2133 _in
428 2097 494 2125 locis
515 2098 617 2128 abdita,
640 2097 897 2133 absque'alimento
916 2097 1020 2128 vir—unt.

238 2130 334 2171 Qualia
359 2131 488 2159 dicuntur
509 2141 583 2177 esse‘
596 2141 677 2177 ursar,
692 2130 1022 2177 ghystricesus‘er’pentum

239 2166 384 2204 aviumque
395 2175 492 2202 genera
507 2167 678 2204 quicdamtct
691 2166 789 2204 ἔντομα
804 2170 895 2204 σχεδὸν
906 2166 1022 2203 ἅπαντα,

233 2205 252 2226 ι(
268 2201 372 2229 insecta
396 2201 480 2237 prope
492 2201 593 2230 omnia.
610 2213 618 2228 ι
636 2203 714 2230 Conf.
732 2201 890 2233 Aristoteles
905 2204 943 2232 De
956 2201 1017 2233 hist.

238 2236 412 2273 animialslih.
428 2236 487 2268 Vill,
501 2245 560 2273 cap.
579 2239 623 2270 Η,
640 2239 683 2269 15.
704 2239 746 2270 16,
764 2239 807 2266 17.

273 2270 330 2305 (97)
356 2272 507 2310 Ἀὸλαϐῶς.
533 2270 543 2298 ἱ
560 2273 681 2307 lnnoxie,
701 2284 710 2300 ι
728 2282 776 2301 seu
789 2274 890 2310 absque
905 2275 1019 2303 aliarum

238 2313 328 2342 rerum
343 2309 560 2342 consumptione.

233 2346 254 2379 l_
274 2340 341 2379 (98)Δ
351 2339 525 2379 δοξάζοῑτες
537 2343 555 2370 ἃ
568 2342 789 2379 μεμαθήκαμεν.
806 2343 961 2379 Legendum
980 2345 1019 2373 vi—

238 2375 318 2414 detur
329 2376 483 2414 δοξάζοντες
500 2375 549 2414 ὲφί
556 2375 596 2410 οἷς
605 2375 819 2414 μεμαθήκαμεν.
835 2375 946 2407 Eowru.

351 2412 506 2446 Θειότεραι,
521 2410 586 2441 Ἠοο
601 2410 751 2448 ἐει²ιιιοὲέίε
761 2410 766 2414 ’
777 2415 943 2449 spirituales,
970 2422 1018 2442 seu

305 2454 312 2471 ι
341 2454 364 2472 s.

238 2451 364 2473 ειιῡιιιεε.

238 2479 246 2518 '_
274 2480 311 2516 (1)
331 2482 498 2518 Agat-trahat
510 2483 549 2514 ὠς
560 2483 594 2509 τὸ
605 2483 664 2509 τῶν
676 2483 822 2518 δαιμόνων
831 2484 927 2518 γένος.
941 2484 1019 2511 Gata-

237 2514 481 2554 lieruscommcnt.
497 2518 524 2544 in
537 2518 583 2545 lib.
598 2526 623 2545 vi
637 2514 862 2546 Marci'Antoni'm'
879 2514 938 2554 pag.
954 2520 1017 2551 228,

237 2550 302 2582 229,
320 2551 347 2577 in
367 2551 423 2578 hzoc
438 2552 584 2580 Clementis
602 2554 684 2580 verba
707 2554 836 2581 adnotat:
857 2564 866 2580 (
879 2550 1017 2582 'Czélerum

238 2586 302 2624 aliis
320 2593 370 2624 ego
385 2587 581 2624 dispiciendum
604 2589 691 2615 libens
709 2589 896 2624 proposuerim
917 2589 947 2615 τὸ
962 2590 1019 2616 δια-

237 2620 365 2659 πνεῖσθαι
385 2620 533 2659 Clementis
550 2623 626 2650 Alex.
649 2620 716 2658 quid
729 2620 803 2655 velit.
820 2625 894 2659 quod
916 2624 1017 2651 daemo-

239 2656 322 2693 nibus
339 2656 383 2683 ille
399 2657 494 2685 tribuit
513 2656 611 2693 Str-om.
635 2656 682 2689 νιί,
703 2666 757 2693 quo
773 2656 836 2686 loco
852 2659 882 2685 τὸ
900 2659 1018 2685 διαπνεῖ-

239 2690 311 2728 σθαι,
336 2692 382 2717 καὶ
403 2692 571 2728 ἐμπνεῖσθαι,
596 2694 643 2719 καὶ
666 2690 863 2728 περιπνεῖσθαι,
887 2695 934 2720 καὶ
956 2694 1019 2720 ἀνα-

239 2726 343 2763 πνεῖν-ιι
361 2734 390 2753 se
403 2727 518 2763 invicem
536 2726 717 2754 disterminat.
737 2728 800 2755 Mihi
817 2729 937 2763 suspicio
953 2729 1018 2755 obo-

238 2760 310 2797 ritur
325 2761 413 2797 loeum
430 2762 528 2788 mendo
543 2763 698 2797 neutiquam
720 2760 874 2790 immunem'
886 2772 956 2795 esse,
978 2765 1017 2790 le-

239 2795 321 2833 gique
337 2796 445 2833 debere,
464 2797 574 2833 πότερον
588 2795 738 2824 διαπνεῖται
752 2799 789 2830 ὡς
803 2799 831 2824 το
852 2798 905 2824 τῶν
920 2799 1016 2833 δρυῶν,

239 2831 280 2869 vel
295 2830 326 2857 τὸ
347 2830 401 2857 τῶν
416 2830 536 2869 δένδρων
556 2833 727 2869 (ιιοηνιιιιίοιη
747 2833 776 2859 τὸ
800 2833 853 2859 τῶν
874 2830 1017 2869 δαιμόνων)

240 2864 327 2900 γένος,
342 2873 404 2894 cum
421 2864 484 2895 non'
500 2868 535 2895 sit
551 2864 696 2896 verisimile
715 2876 731 2895 a
750 2864 926 2897 daemonibus
938 2864 1018 2897 exorl

1073 1607 1153 1643 μόρια
1172 1607 1211 1642 τῷ
1231 1607 1300 1642 Θεῷ,
1324 1607 1399 1634 οὐδὲν
1421 1606 1583 1642 διαφέροντα
1602 1606 1639 1641 (2)
1662 1607 1855 1643 εἰσηγήσονται

1070 1654 1172 1681 τοῦτον.
1191 1654 1223 1680 Ἦ
1239 1653 1372 1689 σύμπνοια
1384 1653 1412 1679 δὲ
1431 1652 1476 1678 ἐπὶ
1494 1652 1544 1687 τῆς
1564 1652 1725 1687 Ἐκκλησίας
1748 1652 1857 1686 λέγεται

1071 1701 1181 1737 κυρίως.
1202 1701 1258 1727 Καὶ
1277 1701 1331 1736 γάρ
1345 1700 1418 1727 ἐπιν
1438 1700 1455 1735 ἡ
1473 1700 1550 1727 θυσία
1561 1701 1610 1736 τῆς
1641 1699 1859 1735 Ἐκκλησίαςλῇ-

1071 1755 1118 1781 γος
1140 1746 1194 1773 ἀπὸ
1216 1746 1270 1773 τῶν
1285 1746 1370 1780 ἁγίων
1389 1746 1482 1782 ψυχῶν
1496 1745 1729 1781 ἀναθυμιώμενος,
1743 1746 1857 1772 ἐκκαλυ-

1071 1791 1208 1827 πτομένης
1222 1791 1279 1826 ἅμα
1301 1791 1350 1826 τῆς
1366 1791 1460 1823 θυσίας
1476 1791 1522 1817 καὶ
1542 1791 1591 1827 τῆς
1610 1791 1727 1822 διανοίας
1749 1791 1858 1826 ἁπάσης

1071 1836 1110 1872 τῷ
1124 1837 1191 1872 Θεῷ.
1212 1836 1291 1863 Ἀλλὰ
1303 1837 1348 1863 τὸν
1366 1836 1415 1871 μὲν
1434 1836 1609 1872 ἀρχαιότατον
1628 1835 1719 1871 βωμὸν
1735 1837 1765 1862 ὲν
1781 1837 1858 1871 Δήλῳ

1073 1882 1152 1916 ἁγνὸν
1172 1879 1242 1908 εἶναι
1261 1881 1456 1918 τεθρυλλήκασι
1466 1889 1473 1897 ·
1490 1881 1558 1917 πρὸς
1572 1881 1601 1908 ὃν
1615 1881 1651 1917 (5)
1664 1881 1697 1917 δὴ
1716 1882 1797 1917 μόνον
1812 1883 1858 1908 καὶ

1072 1926 1232 1962 Πυθαγόραν
1245 1926 1282 1962 (4)
1294 1927 1450 1962 προσελθεῖν
1465 1935 1541 1961 φασι,
1554 1926 1626 1968 φένω
1636 1929 1683 1953 καὶ
1696 1926 1805 1962 θανάτῳ
1819 1928 1857 1968 μὴ

1072 2035 1133 2055 sum
1148 2027 1325 2059 Clementem,
1341 2034 1403 2054 cum
1419 2028 1447 2055 in
1460 2027 1573 2062 reliquis
1585 2027 1716 2062 gradatim
1733 2027 1768 2055 ab
1786 2028 1858 2056 infe-

1072 2063 1191 2090 rioribus
1209 2063 1242 2089 ad
1259 2063 1401 2097 superiora
1417 2063 1556 2095 ascendat,
1575 2063 1609 2089 ab
1630 2063 1801 2097 aquatilibus
1822 2064 1855 2090 ad

1072 2099 1188 2129 insecta,
1215 2098 1249 2124 ab
1274 2098 1384 2125 insectis
1406 2098 1440 2125 ad
1458 2098 1604 2124 animantia
1627 2097 1804 2132 perfectiora.
1823 2098 1856 2125 Et

1071 2133 1102 2159 τὺ
1112 2132 1279 2159 διαπνεῐσθαι
1293 2137 1349 2159 tum
1364 2141 1379 2159 a
1402 2133 1502 2164 Marco,
1515 2137 1573 2159 tum
1588 2133 1622 2160 ab
1645 2133 1707 2160 aliis
1728 2134 1857 2160 attribui-

1072 2172 1118 2194 tur
1139 2168 1287 2202 stirpibus,
1309 2172 1338 2194 ut
1360 2168 1416 2194 illic
1440 2169 1581 2202 probatur.
1612 2177 1622 2193 ι
1653 2167 1707 2194 Vox
1735 2169 1858 2195 διαπνεῖ-

1074 2203 1134 2229 σθαι
1151 2201 1221 2264 ἓξὲξ-ο
1237 2203 1357 2230 occurrit
1371 2203 1400 2230 in
1416 2201 1553 2237 Eicerptis
1568 2201 1701 2230 Theodoti
1721 2210 1782 2238 cap.
1809 2204 1854 2236 52,

1074 2246 1131 2264 uae.
1208 2259 1213 2264 .

1090 2246 1131 2266 ae.
1152 2239 1213 2264 982.

1070 2247 1142 2308 pagi)
1152 2247 1259 2309 vggder
1270 2272 1622 2309 olagépmasbesiderari
1640 2273 1749 2309 videtur
1763 2273 1853 2309 ἡμῶν,

1069 2309 1111 2336 vel
1127 2308 1179 2334 τῶν
1200 2307 1360 2343 ἀνθρώπων,
1377 2308 1420 2335 vel
1434 2308 1534 2343 aliquid
1553 2308 1649 2335 simile.
1665 2307 1852 2336 Sensus‘est:

1073 2353 1082 2368 ι
1102 2343 1154 2371 Eos
1174 2343 1219 2377 qui
1243 2343 1348 2370 viscera
1377 2347 1403 2370 et
1420 2343 1535 2370 arterias
1562 2347 1589 2370 et
1610 2343 1728 2378 reliquas
1761 2349 1854 2377 partes

1069 2378 1125 2405 Deo
1146 2379 1278 2406 tribuunt.
1300 2385 1362 2404 eum
1383 2387 1392 2403 ι
1411 2386 1465 2404 non
1480 2378 1616 2405 diversum
1638 2378 1672 2405 ab
1695 2378 1852 2406 hominibus

1072 2422 1082 2438 ‹
1102 2413 1216 2441 edicere.
1235 2423 1244 2438 ι
1258 2412 1328 2445 Quin
1353 2413 1436 2439 etiam
1466 2413 1510 2440 hic
1525 2413 1560 2439 cl.
1578 2412 1718 2440 Lewthius
1737 2413 1853 2440 adnota-

1068 2449 1107 2475 vit
1122 2449 1217 2475 dcesse
1240 2455 1332 2474 vocem
1345 2447 1497 2482 ἀνθρώπου.

1104 2483 1141 2518 (5)
1161 2483 1239 2516 Πρὸς
1251 2482 1297 2519 ὅν.
1310 2481 1462 2519 Ms._Paris.
1480 2483 1547 2519 πρὸς
1561 2483 1615 2519 τόν.

1105 2517 1143 2554 (4)
1162 2517 1345 2554 ῌυθαγόριιν.
1362 2517 1486 2554 Laertius
1503 2517 1536 2545 'in
1558 2518 1712 2554 Pythagora
1727 2517 1776 2554 lii).
1787 2525 1846 2547 Vll‘l.

1069 2551 1178 2594 ξεεζιὸ
1194 2551 1328 2594 ὶᾉιμέλει
1346 2552 1391 2578 καὶ
1411 2552 1501 2594 βωμὸν
1522 2551 1707 2594 προσκυνῇσαι
1724 2553 1803 2594 μόνον
1820 2554 1847 2589 ἐν

1068 2586 1144 2623 Δήλῳ
1165 2586 1211 2614 τοῦ
1234 2586 1398 2623 ’Λπόλλωνος
1412 2586 1464 2623 ξτοῦ
1480 2586 1632 2623 Γενέτορος,
1648 2586 1677 2619 ὃς
1695 2586 1770 2614 ἐστιν
1786 2586 1845 2614 ὕπιέ

1070 2621 1136 2649 σθεν
1145 2623 1190 2649 τοῦ
1205 2621 1362 2658 Κερατίνου,
1379 2622 1424 2658 διὰ
1436 2622 1465 2648 τὺ
1479 2621 1592 2658 πυροὺς,
1613 2623 1660 2649 καὶ
1674 2622 1782 2658 κριθὰς,
1800 2623 1848 2649 καὶ

1068 2657 1102 2683 τὰ
1118 2658 1224 2684 πόπανα
1242 2656 1308 2693 μονα
1322 2657 1441 2693 τίθεσθαι
1454 2658 1497 2683 ἐπ’
1511 2656 1593 2684 αὑτοῦ
1610 2658 1673 2693 ἄνευ
1694 2656 1790 2693 πυρὸς,
1809 2658 1849 2683 ἱε-

1071 2695 1140 2727 ρεῖον
1163 2693 1191 2718 δὲ
1218 2691 1308 2727 μηδὲν,
1326 2691 1363 2723 ὥς
1386 2701 1467 2727 φησιν
1485 2692 1671 2727 Ἀριστοτέλης
1687 2693 1717 2718 ὲν
1732 2691 1850 2727 Anum

1069 2725 1236 2760 πολιτείᾳ-⁷(
1249 2725 1371 2762 Tantum
1387 2725 1461 2753 aram
1471 2728 1498 2754 in
1511 2725 1573 2755 Delo
1587 2725 1721 2762 Apollinis
1735 2726 1850 2754 Genito-

1069 2763 1117 2794 ris,
1136 2771 1195 2797 qua:
1211 2765 1271 2796 post
1287 2760 1421 2797 corneam
1442 2767 1492 2794 est,
1508 2760 1621 2790 adorare
1634 2762 1750 2794 solebat,
1773 2763 1847 2797 quod

1070 2796 1245 2832 frumentum,
1270 2800 1297 2822 et
1314 2796 1458 2828 hordeum,
1480 2801 1506 2825 et
1522 2798 1660 2832 placentas
1680 2797 1719 2824 illi
1743 2797 1849 2832 absque

1069 2841 1120 2861 usu
1139 2833 1208 2868 ignis
1221 2831 1359 2868 imponere
1373 2832 1456 2868 moris
1467 2833 1511 2864 sit,
1522 2831 1660 2860 victimam
1676 2836 1766 2860 autem
1782 2833 1847 2858 nul-

1069 2869 1134 2903 iam,
1152 2866 1186 2895 ιιι
1208 2866 1369 2895 Aristoteles
1389 2867 1418 2894 in
1440 2869 1576 2898 Deliorum
1591 2868 1726 2903 republica
1759 2870 1845 2895 testa-
