1933 3075
270 163 319 190 ιει

864 158 1060 187 CLEMENTIS
1075 157 1310 186 ALEXANDRINI

1839 161 1887 188 δοῖ

269 220 369 247 melius
384 219 483 246 l'ormat
496 223 523 246 et
538 218 639 254 eiiingit
653 227 658 244 :
673 217 809 254 quomodo
824 218 848 245 is
862 218 909 253 qui
923 226 985 245 cum
1001 217 1050 245 Dec

1107 217 1152 243 τὸν
1170 218 1381 252 ἐντυγχάνοντα,
1405 217 1464 250 πῶς
1479 218 1510 244 οὗ
1528 218 1626 253 μᾶλλον
1642 219 1657 245 6
1673 218 1825 255 συμπαρὼν
1847 220 1887 248 ἀεὶ

270 272 378 300 semper
391 270 432 293 est
445 272 580 300 praesens,
595 273 643 300 per
657 265 838 299 cognitionem
848 285 854 296 ,
871 267 898 290 et
914 264 1008 296 vitam,
1024 267 1051 291 et

270 311 418 346 gratiarum
443 312 596 343 actionem,
622 318 675 337 non
693 311 755 345 jure
775 319 804 338 sc
825 311 923 338 melior
946 319 1054 346 semper

270 355 369 382 evadat
389 356 417 383 in
439 356 567 383 omnibus
585 360 611 383 ct
636 355 717 383 factis
733 360 761 382 et
777 356 867 383 verbis
888 360 915 382 et
939 355 1054 383 attectu?

271 401 345 429 Talis
357 406 399 429 est
411 402 434 430 is
446 402 489 428 cui
505 407 545 429 est
555 409 727 436 persuasum,
739 401 823 428 Deum
835 401 935 434 ubique
947 401 1053 435 adesse,

270 455 325 475 non
336 451 426 475 autem
438 448 519 475 certis
537 455 568 474 ac
580 447 699 475 deﬁnitis
714 447 781 475 locis
796 455 859 475 esse
871 447 1032 475 conclusum
1046 457 1052 475 :

269 498 300 521 ut
314 501 376 521 cum
388 501 417 521 se
435 494 538 528 absque
554 501 586 520 eo
600 500 661 521 esse
680 493 827 528 aliquando
847 493 1053 526 existimaverit,

267 545 351 567 noctu
368 543 394 567 et
416 539 534 567 interdiu
558 530 777 574 intempErantia:
793 547 822 567 se
843 539 925 567 dedat
947 544 973 567 et
993 540 1055 568 libi—

267 587 335 615 dini.
361 587 412 614 Per
430 590 515 614 totam
530 594 596 622 ergo
616 587 700 614 vitam
718 586 791 613 diem
816 585 915 614 festum
934 591 1052 621 agentes,

266 633 368 668 ubique
391 637 418 661 et
439 633 514 660 omni
534 641 568 660 ex
589 637 667 667 parte
688 632 772 659 Deum
797 631 894 659 adesse
910 633 1052 667 persuasi,

266 678 409 706 laudantes
425 687 505 714 agros
518 679 633 706 colimus
643 699 651 711 ,
668 679 784 714 hymnos
799 683 928 705 canentes
942 678 1053 714 naviga-

265 733 338 756 mus.
348 726 412 752 etin
422 725 495 752 omni
504 725 557 752 alio
567 725 842 756 vitaeinstitutoﬁmt
851 724 939 754 decet.
949 732 981 751 ex
996 728 1054 752 arte

265 780 419 800 versamur.
437 772 553 807 Propius
568 776 658 799 autem
675 771 729 798 Deo
741 771 865 806 jungitur
886 770 1034 798 Gnosticus
1044 791 1052 803 ,

266 822 296 845 ut
319 819 367 853 qui
395 819 475 846 simul
503 818 611 853 quidem
639 818 800 853 gravitatem
827 821 856 845 et
888 817 1053 844 hilaritatem

265 864 395 891 ostendat
407 865 436 891 in
450 865 590 891 omnibus.
602 863 767 891 Gravitatem
781 863 901 899 quidem,
911 867 1053 898 propterea

1106 263 1149 290 διὰ
1169 263 1219 298 τῆς
1232 263 1358 298 γνώσεως
1374 264 1420 290 καὶ
1435 264 1482 290 τοῦ
1500 264 1557 299 βίου
1573 264 1620 291 καὶ
1642 264 1694 299 τῆς
1717 265 1886 300 εὐχαριστίας

1107 308 1284 340 ἀδιαλείπτως
1305 309 1345 344 τῷ
1365 309 1435 344 Θεῷ,
1450 310 1500 336 οὑκ
1519 309 1636 344 εὐλόγως
1655 310 1688 336 ἂν
1711 311 1808 337 ἑαυτοῦ
1828 311 1886 346 παρ’

1106 354 1209 380 ἓκαστα
1223 355 1355 390 κρείττων
1365 355 1407 390 εἴη
1425 356 1465 387 εἰς
1475 355 1574 388 πάντα,
1585 356 1633 382 καὶ
1645 355 1680 382 τὰ
1689 355 1758 391 ἔργα
1773 357 1820 383 καὶ
1830 357 1887 388 τοὺς

1106 399 1200 434 λόγους
1218 401 1265 426 καὶ
1280 399 1329 436 τὴν
1342 400 1475 434 διάθεσιν;
1494 401 1618 433 Τοιοῦτος
1631 402 1646 427 ὁ
1661 402 1750 437 πάντη
1765 404 1887 438 παρεῖναι

1105 446 1151 472 τὸν
1174 446 1240 472 Θεὸν
1261 446 1456 481 πεπεισμένος,
1478 447 1539 482 οὐχὶ
1555 447 1583 474 δὲ
1599 448 1627 474 ἐν
1639 447 1733 479 τόποις
1746 449 1817 475 τισὶν
1829 448 1888 485 ὠριο

1106 492 1214 527 σμένοις
1243 491 1505 528 κατακεκλεισμένον
1527 492 1686 525 ὑπολαϐὼν,
1711 493 1756 520 ἵνα
1777 493 1812 529 δὴ
1837 503 1888 529 χω-

1107 539 1149 573 ρὶς
1171 538 1252 566 αὑτοῦ
1276 546 1341 564 ποτε
1362 538 1463 574 οἰηθεὶς
1482 536 1569 572 εἶναι,
1590 540 1637 566 καὶ
1663 539 1748 566 νύκτα
1763 541 1812 566 καὶ
1834 540 1889 576 μεθ’

1105 585 1210 621 ἡμέραν
1229 585 1420 620 ἀκολασταίνῃ.
1438 585 1530 611 Πάντα
1546 585 1636 612 τοίνυν
1658 586 1704 612 τὸν
1719 585 1776 621 βίον
1797 586 1889 622 ἑορτὴν

1104 632 1214 666 ἄγοντες
1224 652 1231 664 ,
1256 631 1343 667 πάντη
1360 631 1492 658 πάντοθεν
1509 633 1635 667 παρεῖναι
1650 632 1697 659 τὸν
1711 632 1778 659 Θεὸν
1795 641 1888 659 πεπει-

1105 678 1197 713 σμένοι
1206 698 1213 710 ,
1228 676 1404 713 γεωργοῦμεν
1418 678 1557 710 αἰνοῦντες
1567 698 1574 710 ,
1593 677 1710 713 πλέομεν
1723 678 1871 714 ὑμνοῦντες
1880 698 1888 710 ,

1103 724 1174 751 κατὰ
1197 724 1246 759 τὴν
1259 724 1342 760 ἄλλην
1356 724 1492 751 πολιτείαν
1509 725 1640 759 ἐντέχνως
1655 725 1887 761 ἄναες-τρεφόμεθα.

1104 771 1320 807 Προσεχέστερον
1347 771 1380 807 δὴ
1405 771 1419 797 6
1455 772 1605 805 γνωστικὸς
1634 771 1781 798 οἰκειοῦται
1812 771 1887 806 Θεῷ,

1105 817 1203 852 σεμνὸς
1219 816 1255 843 ὢν
1274 817 1331 853 ἃμα
1347 818 1394 844 καὶ
1409 817 1501 854 ἱλαρὸς
1520 818 1548 844 ὲν
1565 819 1631 844 πᾶσι
1641 826 1647 832 ·
1663 818 1762 853 σεμνὸς
1781 819 1832 854 μὲν
1848 818 1888 845 διὰ

1103 864 1153 900 τὴν
1167 864 1212 890 ἐπὶ
1228 863 1259 890 τὸ
1270 864 1346 890 Θεῖον
1364 863 1542 900 ἐπιστροφὴν,
1557 863 1647 899 ἱλαρὸς
1663 864 1691 890 δὲ
1711 863 1756 890 διὰ
1771 865 1819 890 τὸν
1834 865 1889 891 ἑπι-

265 910 339 944 quod
366 910 400 937 ad
422 910 506 937 Deum
531 918 560 938 se
581 913 743 943 convertat;
762 910 926 937 hilaritatem
944 913 1050 942 autem,

1103 909 1230 945 λογισμὸν
1246 909 1302 936 τῶν
1325 909 1502 946 ἀνθρωπείων
1520 909 1639 944 ἀγαθῶν,
1655 906 1694 936 ὧν
1709 909 1810 936 ἔδωκεν
1827 911 1890 945 ἡμῖν

265 960 410 991 propterea
422 956 494 990 quod
508 956 627 983 humana
642 956 712 983 bona
726 959 833 990 reputet
847 963 907 990 quae
917 955 992 982 dedit
1004 962 1054 982 no—

265 1001 308 1029 bis
332 1001 414 1030 Deus.
436 1001 551 1029 Videtur
567 1006 657 1029 autem
677 1002 843 1036 cognitionis
864 1002 1053 1029 excellentiam

264 1047 401 1083 Propheta
422 1048 462 1075 sic
486 1048 649 1076 ostendere:
676 1058 685 1074 ‹
702 1048 900 1083 Benignitatem
926 1053 953 1076 et
973 1049 1055 1076 disci-

264 1094 368 1128 plinam
393 1097 420 1121 et
440 1094 625 1128 cognitionem
649 1093 717 1121 doce
740 1101 783 1120 me
797 1100 829 1127 ιι;
848 1104 856 1120 ι
880 1094 1053 1122 ascendendo

265 1139 435 1174 ampliﬁcatis
453 1139 479 1166 id
491 1139 563 1174 quod
582 1143 624 1167 est
638 1139 789 1175 principale
804 1139 991 1174 perfectionis.
1004 1139 1054 1168 Hie

263 1193 328 1220 ergo
342 1185 423 1213 homo
438 1189 478 1213 est
497 1193 558 1212 vere
585 1186 684 1221 regalis
696 1206 704 1219 ,
730 1186 774 1213 hic
797 1186 926 1214 sacerdos
941 1190 1053 1216 sanctus

264 1231 311 1259 Dei
327 1241 332 1259 :
352 1231 424 1267 quod
440 1232 548 1267 quidem
565 1239 638 1259 nunc
650 1240 759 1267 quoque
773 1236 899 1260 servatur
917 1233 988 1267 apud
1005 1241 1052 1261 eos

263 1279 310 1313 qui
323 1283 388 1305 sunt
404 1279 608 1314 prudentissimi
622 1287 654 1306 ex
671 1279 807 1312 barbaris,
821 1280 866 1314 qui
883 1279 1053 1308 sacerdotale

262 1332 348 1360 genus
363 1325 517 1360 provehunt
532 1325 566 1352 ad
582 1333 707 1360 regnum.
734 1325 784 1352 Hic
798 1333 862 1360 ergo
879 1333 1052 1361 nequaquam

262 1377 292 1396 se
313 1369 398 1396 tradit
418 1370 540 1398 confusa:
564 1371 650 1398 turba:
673 1379 734 1406 qua:
755 1371 870 1399 theatris
883 1371 1050 1399 dominatur.

261 1415 327 1449 Quae
342 1419 430 1443 autem
451 1416 583 1444 dicuntur
596 1420 623 1443 et
637 1416 704 1443 [iunt
718 1421 746 1444 et
761 1417 889 1444 videntur
904 1417 1052 1452 voluptatis

260 1461 400 1488 illicientis
429 1462 533 1497 gratia,
557 1470 591 1489 ne
608 1461 636 1488 in
663 1463 767 1490 somnis
793 1462 903 1497 quidem
921 1462 1050 1490 admittit.

262 1505 356 1541 Neque
370 1506 420 1534 bas
434 1514 498 1542 ergo
515 1515 577 1542 quae
595 1507 656 1535 visu
678 1508 868 1542 percipiuntur
888 1509 1052 1543 voluptates,

262 1561 312 1581 nec
327 1562 373 1581 eas
384 1562 444 1589 quae
456 1554 484 1581 in
501 1554 563 1581 aliis
580 1553 705 1582 fruendis
719 1555 868 1589 capiuntur
880 1555 1026 1583 varietates
1042 1565 1048 1583 :

262 1603 291 1626 ut
309 1603 486 1634 sumptuosos
510 1600 618 1627 sutiilus
633 1600 678 1635 qui
696 1600 838 1627 odoratum
853 1600 987 1633 alliciunt,
1005 1605 1052 1628 aut

261 1646 436 1673 condimenta
460 1646 584 1673 ciborum
598 1665 606 1678 ,
627 1651 654 1673 et
669 1653 730 1681 quae
750 1654 784 1673 ex
800 1647 884 1674 variis
904 1647 975 1674 vinis
993 1656 1053 1675 sen-

261 1692 369 1719 tiuntur
385 1692 499 1720 delicias
522 1697 631 1728 gustum
651 1693 808 1720 inescantes
829 1702 837 1726 ;
855 1701 943 1728 neque
961 1694 1052 1722 odori-

261 1737 335 1766 feras
351 1746 385 1765 ex
401 1739 485 1766 variis
507 1738 622 1767 tioribus
646 1742 828 1773 contexuras,
846 1748 907 1775 quae
922 1748 970 1775 per
989 1748 1052 1768 sen-

264 1791 324 1811 sum
347 1785 465 1811 animam
492 1785 666 1817 eﬂ'eminant;
703 1787 751 1814 sed
790 1786 935 1814 honestum
958 1794 1050 1814 rerum

263 1829 385 1856 omnium
401 1838 481 1858 usum
498 1831 530 1858 ad
550 1831 633 1858 Deum
650 1839 758 1867 semper
774 1832 912 1865 referens,
929 1836 955 1860 et
974 1833 1029 1860 cibi
1042 1853 1050 1865 ,

263 1879 292 1903 ct
311 1880 407 1911 potus,
434 1881 460 1904 et
483 1878 639 1910 unctionis,
659 1879 850 1906 universorum
867 1879 953 1906 datori
971 1879 1052 1906 oﬂ'ert

263 1923 410 1958 primitias,
421 1924 524 1958 gratias
537 1932 620 1959 agens
633 1929 659 1952 et
669 1932 718 1960 per
728 1925 829 1952 donum
840 1930 867 1952 et
880 1926 1049 1958 unctionem,

262 1973 290 1997 et
313 1977 362 2004 per
379 1969 498 1997 Verbum
522 1971 547 1998 ei
573 1970 665 1998 datum
688 1979 693 1996 :
719 1971 753 1998 ad
775 1972 939 2000 conviviales
955 1972 1050 2007 epulas

262 2016 344 2051 306
360 2023 423 2043 raro
439 2017 562 2049 veniens,
575 2018 626 2044 nisi
643 2017 665 2045 si
678 2018 752 2053 quod
770 2018 920 2045 amicitiam
935 2026 1050 2046 concor-

263 2062 391 2097 diamque
412 2063 554 2098 proﬁtetur
574 2064 744 2097 convivium,
772 2069 802 2092 ut
818 2065 909 2092 veniat
933 2065 958 2092 ei
986 2072 1050 2100 per-

263 2109 390 2135 suaserit.
406 2108 452 2136 Est
464 2110 535 2136 enim
548 2110 572 2137 ei
588 2118 762 2145 persuasum,
777 2110 861 2138 Deum
876 2112 967 2138 omnia
979 2111 1051 2139 scire

262 2159 290 2182 et
307 2155 401 2182 audire
412 2175 419 2188 ,
438 2163 488 2183 nec
502 2164 596 2183 vocem
620 2157 728 2189 solum,
745 2157 791 2184 sed
805 2157 886 2185 etiam
907 2157 1049 2193 cogitatio-

263 2209 335 2228 nem.
347 2200 413 2227 Nam
431 2202 542 2229 auditus
556 2210 664 2238 quoque
676 2203 722 2237 qui
741 2203 769 2230 ﬁt
781 2203 808 2230 in
826 2203 906 2230 nobis
919 2211 967 2238 per
979 2210 1051 2230 mea-

1104 956 1118 982 ὁ
1129 955 1206 988 Θεός,
1221 956 1347 983 Φαίνεται
1362 955 1390 982 δὲ
1404 955 1434 982 τὸ
1448 953 1539 990 ἔξοχον
1554 955 1604 991 τῆς
1620 954 1746 990 γνώσεως
1759 956 1774 981 6
1787 954 1890 991 Προφή-

1102 1011 1152 1037 της
1178 998 1229 1029 ὦδε
1245 1002 1377 1037 περιστὰς
1388 1010 1395 1016 ·
1416 1011 1425 1027 ί
1443 1001 1622 1037 Χρηστότητα
1640 1002 1687 1028 καὶ
1703 1001 1829 1040 παιδείαν
1846 1002 1890 1030 καὶ

1103 1047 1203 1082 γνῶσιν
1217 1048 1319 1081 δίδαξόν
1332 1057 1364 1083 με
1380 1047 1434 1083 (54)
1445 1056 1451 1063 ’
1464 1058 1473 1073 ι
1484 1049 1542 1074 κατ’
1552 1047 1718 1074 ὲπανάϐασιν
1729 1048 1851 1084 αὐξήσας
1862 1049 1889 1076 τὲ

1103 1094 1264 1129 ἡγεμονικὸν
1273 1095 1323 1129 τῆς
1338 1094 1513 1130 τελειότητος.
1527 1092 1610 1126 Οὗτος
1625 1094 1679 1130 ἄρα
1693 1094 1779 1127 ὅντως
1789 1095 1805 1121 ό
1816 1095 1889 1130 βασι-

1103 1140 1177 1172 λικὸς
1194 1140 1353 1176 ἅνθρωπος·
1368 1138 1444 1172 οὗτος
1461 1141 1549 1176 ἱερεὺς
1566 1141 1639 1172 ὅσιος
1652 1140 1699 1167 τοῦ
1716 1141 1784 1168 Θεοῦ
1796 1150 1803 1156 ·
1824 1142 1889 1178 ὅπερ

1103 1186 1142 1213 ἔτι
1154 1187 1200 1213 καὶ
1209 1185 1257 1213 νῦν
1269 1187 1345 1222 παρὰ
1355 1188 1412 1218 τοῖς
1425 1187 1599 1221 λογιωτάτοις
1612 1186 1666 1213 τῶν
1679 1187 1826 1224 βαρϐάρων
1835 1188 1888 1223 (55)

1104 1232 1229 1264 σώζεται,
1242 1233 1272 1259 τὸ
1288 1232 1423 1268 ἱερατικὸν
1434 1232 1512 1267 γένος
1527 1234 1567 1264 εἰς
1584 1232 1723 1267 βασιλείαν
1740 1234 1890 1269 προσαγόν-

1101 1285 1164 1304 των.
1192 1275 1275 1310 Οὗτος
1297 1277 1344 1304 οὖν
1366 1278 1469 1313 οὐδαμῆ
1499 1279 1548 1314 μὲν
1576 1279 1671 1305 ἑαυτὸν
1700 1280 1741 1311 είς
1763 1280 1890 1316 ὀχλοκρει⁵

1104 1323 1163 1350 σίαν
1180 1324 1229 1358 τὴν
1245 1323 1299 1350 τῶν
1319 1323 1440 1360 θεάτρων
1461 1324 1585 1351 δεσπότιν
1602 1324 1738 1352 ἐνδίδωσι·
1758 1325 1792 1352 τὰ
1815 1325 1889 1360 λεγό-

1103 1378 1171 1405 μενα
1184 1370 1212 1396 δὲ
1229 1370 1274 1397 καὶ
1292 1370 1464 1406 πραττόμενα
1477 1372 1524 1397 καὶ
1536 1371 1661 1407 ὁρώμενα
1674 1371 1770 1408 ἡδονῆς
1781 1372 1887 1406 ἀγωγοῦ

1103 1416 1182 1451 χάριν
1195 1417 1256 1443 οὐδὲ
1272 1417 1338 1453 ὄναρ
1352 1417 1503 1453 προσίεται.
1518 1417 1580 1444 Οῠτ¹
1596 1417 1642 1444 οὖν
1653 1418 1755 1450 ταύτας
1768 1418 1819 1450 τὰς
1831 1419 1891 1454 ἠδε-

1101 1462 1150 1495 νὰς
1162 1462 1212 1498 τῆς
1227 1462 1370 1502 θέαςηοΰτε
1386 1463 1436 1496 τὰς
1448 1463 1492 1491 διὰ
1507 1464 1561 1490 τῶν
1574 1464 1660 1491 ἄλλων
1672 1465 1888 1501 ἀπολαυσμάτων

1101 1509 1236 1541 ποικιλίας
1247 1529 1255 1541 ,
1272 1507 1327 1536 οἷον
1345 1510 1523 1546 θυμιαμάτων
1535 1511 1708 1538 πολυτέλειαν
1719 1512 1770 1548 τὴν
1784 1513 1888 1547 ὀσφρη-

1103 1563 1144 1582 σιν
1156 1555 1340 1590 γοητεύουσαν
1349 1576 1356 1589 ,
1372 1556 1388 1591 ἢ
1405 1556 1556 1592 βρωμάτων
1569 1557 1766 1592 συγκαττύσεις
1778 1559 1825 1585 καὶ
1840 1559 1889 1589 τὰς

1102 1601 1131 1634 ἐξ
1155 1602 1234 1629 οἴνων
1265 1602 1399 1638 διαφόρων
1424 1603 1602 1635 ἀπολαύσεις,
1628 1604 1808 1636 δελεαζούσας
1840 1605 1889 1640 τὴν

1101 1648 1195 1682 γεῦσιν
1204 1656 1212 1665 ·
1230 1649 1290 1676 οὐδὲ
1305 1649 1355 1680 τὰς
1366 1649 1524 1681 πολυανθεῖς
1535 1650 1582 1676 καὶ
1596 1650 1706 1682 εὐώδεις
1721 1651 1835 1682 πλοκὰς,
1848 1653 1890 1677 ὲκ-

1102 1694 1267 1731 θηλυνούσας
1283 1695 1316 1722 δι’
1327 1695 1480 1730 αἰσθήσεως
1494 1696 1543 1732 τὴν
1558 1696 1647 1732 ψυχήν
1658 1705 1665 1712 “
1677 1697 1788 1724 πάντων
1800 1698 1827 1724 δὲ
1841 1698 1890 1733 τὴν

1102 1742 1203 1777 σεμνὴν
1220 1741 1366 1768 ἀπόλαυσιν
1389 1742 1434 1768 ἐπὶ
1455 1742 1500 1768 τὸν
1523 1743 1588 1769 Θεὸν
1604 1743 1751 1778 ἀναγαγὼν
1765 1744 1825 1775 ἀεὶ,
1844 1746 1890 1770 καὶ

1100 1788 1150 1822 τῆς
1165 1787 1290 1823 βρώσεως
1303 1788 1350 1814 καὶ
1364 1787 1412 1814 τοῦ
1429 1788 1549 1823 πόματος
1559 1789 1606 1815 καὶ
1618 1788 1665 1815 τοῦ
1682 1789 1839 1825 χρίσματος,
1852 1790 1890 1824 τῷ

1101 1834 1193 1870 δοτῆρι
1204 1834 1258 1860 τῶν
1271 1834 1339 1861 ὅλων
1351 1834 1507 1870 ἀπάρχεται
1516 1855 1524 1867 ,
1542 1835 1622 1870 χάριν
1633 1835 1770 1870 ὁμολογῶν
1784 1836 1831 1862 καί
1846 1835 1890 1863 διὰ

1101 1880 1149 1914 τῆς
1161 1879 1265 1916 δωρεᾶς
1278 1880 1324 1906 καὶ
1339 1880 1388 1916 τῆς
1400 1881 1522 1916 χρήσεως
1537 1880 1592 1916 (56)
1601 1901 1608 1912 ,
1621 1882 1668 1908 καὶ
1681 1881 1726 1908 διὰ
1739 1882 1826 1915 Λόγου
1843 1882 1890 1908 τοῦ

1100 1927 1221 1959 δοθέντος
1231 1926 1304 1961 αὐτῷ
1316 1935 1322 1941 ·
1333 1926 1453 1958 σπανίως
1463 1927 1503 1958 εἰς
1515 1926 1563 1958 τὰς
1576 1926 1711 1959 ἑστιάσεις
1721 1927 1770 1958 τὰς
1784 1935 1891 1963 συμπο-

1100 1973 1179 2005 τικὰς
1195 1973 1323 2000 ἁπάντων
1333 1994 1341 2006 ,
1364 1973 1434 2008 πλὴν
1451 1973 1475 1999 εί
1491 1973 1528 2008 μὴ
1545 1972 1575 1999 τὸ
1591 1972 1698 2007 φιλικὸν
1711 1974 1758 2000 καὶ
1773 1974 1891 2008 ὁμονοη-

1100 2019 1186 2051 nm,
1201 2019 1433 2055 ἐπαγγελλόμενον
1446 2019 1521 2054 αὐτῷ
1530 2019 1561 2045 τὸ
1573 2019 1733 2054 συμπόσιον,
1742 2020 1891 2054 ἀφικέσθαι

1100 2065 1261 2101 προτρέψαι.
1284 2065 1432 2092 Πέπεισται
1448 2064 1502 2101 γὰρ
1524 2065 1622 2092 εἰδέναι
1647 2065 1736 2092 πάντα
1759 2066 1804 2093 τὸν
1824 2066 1891 2093 Θεὸν

1101 2112 1149 2138 καὶ
1163 2112 1279 2143 ὲπαΐειν,
1296 2111 1346 2146 οὐχ
1362 2111 1402 2137 ὅτι
1417 2110 1467 2145 τῆς
1481 2111 1571 2146 φωνῆς
1590 2111 1679 2146 μόνον,
1693 2111 1760 2138 ἀλλά
1779 2113 1826 2138 καὶ
1842 2113 1891 2147 τῆς

1101 2157 1222 2188 ἐννοίας·
1249 2157 1310 2183 ἐπεὶ
1338 2157 1384 2183 καὶ
1413 2157 1430 2192 ἡ
1459 2157 1526 2192 ἀκοὴ
1560 2157 1608 2192 μὲν
1635 2158 1702 2192 ἡμῖν
1731 2158 1817 2192 (57),
1847 2159 1891 2184 διὰ

1102 2203 1263 2239 σωματικῶν
1288 2203 1379 2238 πόρων
1400 2203 1600 2238 ἐνεργουμένη,
1626 2204 1657 2229 οὺ
1684 2203 1728 2230 διὰ
1758 2204 1809 2239 τῆς
1838 2213 1892 2231 σιὼ

260 2252 306 2275 tus
322 2255 468 2282 corporeos
481 2269 488 2281 ,
516 2256 571 2275 non
586 2257 635 2283 per
650 2249 704 2276 vim
721 2257 881 2284 corpoream
894 2271 901 2282 ,
926 2250 973 2277 sed
1000 2258 1049 2285 per

1103 2249 1217 2285 ματικῆς
1242 2249 1381 2285 δυνάμεως
1407 2249 1463 2285 ἔχει
1488 2249 1537 2286 τὴν
1564 2249 1723 2286 ἀντίληψιν,
1747 2250 1817 2277 ἀλλὰ
1848 2251 1892 2280 διά

299 2342 328 2371 )3
350 2338 380 2365 P.
396 2339 458 2372 852,
473 2338 527 2366 ΕΙ).
543 2338 692 2371 POTTER,
710 2339 770 2373 720,
786 2338 840 2367 ΕΙ).
861 2338 972 2367 PARIS.
1012 2346 1025 2360 ιι
1045 2339 1050 2366 l

1103 2340 1118 2367 ι.
1134 2346 1226 2373 εινιιι,
1243 2339 1287 2366 66.

298 2428 353 2461 (54)
372 2429 564 2462 Χρηστίῖτητα
581 2428 630 2454 καὶ
647 2428 784 2455 παιδείαν
802 2428 851 2454 καὶ
873 2428 985 2463 γνῶσιν
1003 2429 1047 2455 δί-

262 2463 358 2497 δαξόν
369 2472 422 2497 με·
444 2473 453 2488 ι
471 2463 667 2498 Benignitatem
684 2467 711 2489 et
724 2464 898 2498 disciplinam
911 2469 937 2491 et
953 2465 1048 2497 cogni—

262 2500 364 2525 tionem
383 2499 449 2525 doce
471 2506 523 2526 me.
542 2497 551 2523 ἱ
573 2499 611 2525 lta
626 2497 695 2524 LXX
712 2498 783 2526 Psal.
798 2497 900 2529 exvm,
915 2500 960 2527 66.
980 2500 1047 2526 Vul—

263 2539 334 2568 gata,
352 2543 360 2558 ι
375 2533 572 2565 Bonitatem,et
588 2534 807 2568 disciplinam.et
822 2535 962 2561 scientiam
979 2536 1047 2562 doce

263 2577 316 2594 me.
331 2578 340 2594 ι
355 2568 384 2594 Ι).
402 2568 582 2604 Hieronymus
596 2569 693 2596 vertit:
711 2579 720 2595 ‹
735 2569 839 2595 Bonum
854 2577 1008 2597 scrnmnem
1019 2574 1046 2597 et

263 2603 405 2630 scientiam
422 2603 490 2630 doce
505 2612 560 2639 me.
577 2614 585 2629 ι
604 2603 765 2639 Enthymius
787 2604 920 2638 explicat:
940 2613 948 2629 ι
965 2605 1046 2631 Boni-

263 2642 438 2674 tatemwcrga
460 2638 561 2666 amicos
592 2643 619 2665 et
649 2638 796 2674 cognatos,
819 2639 991 2673 disciplinam
1018 2641 1046 2666 in

264 2673 436 2705 actionibus,
452 2677 478 2699 et
500 2674 642 2700 scientiam
659 2673 920 2708 iu'contcmplanilo.
937 2684 946 2699 ι
960 2675 1043 2702 Οοιι..

302 2708 358 2743 (5-3)
381 2708 441 2734 Τῶν
460 2708 631 2744 νβηρῖιὶρων.
653 2709 720 2736 Cum
750 2709 816 2736 alias
840 2709 909 2736 forte
934 2714 1045 2744 gentes,

265 2747 322 2770 tum
345 2743 494 2778 prmsertim
511 2743 652 2778 [Egyptios
670 2744 794 2778 respicit,
817 2751 832 2770 a
854 2743 953 2778 quibus
970 2745 1044 2772 Grai-

264 2779 536 2814 coruiupllilosophi
564 2779 699 2814 principum
721 2786 769 2806 sua
793 2778 920 2813 dogmata
939 2780 1042 2807 didice-

264 2817 338 2849 runt.
359 2813 418 2849 Quo
434 2818 522 2849 autem
540 2814 600 2840 loco
620 2814 690 2849 apud
707 2814 756 2841 llOS
772 2814 873 2841 fuerint
888 2815 1043 2843 sacerdotes

264 2848 371 2884 docebit
382 2848 458 2875 Plato
472 2848 583 2876 Ροίὶιὶεο
599 2848 658 2884 pag.
676 2849 727 2876 550
741 2857 747 2874 :
766 2849 833 2884 Περὶ
849 2850 897 2884 μὲν
909 2849 1043 2884 Αἴγυπτον

265 2858 371 2878 διορευιι
382 2858 458 2875 riato
472 2858 583 2876 rounco
599 2858 658 2884 pag.
676 2858 727 2876 υυυ
741 2858 747 2874 :
767 2858 803 2875 ιιε
825 2858 833 2875 ι
849 2858 897 2884 μεν
909 2858 1043 2884 Αιγυπτον

265 2883 318 2910 οὐδ’
331 2883 418 2917 ἔξεστι
431 2883 542 2919 βασιλέα
553 2885 636 2921 χωρὶς
651 2885 787 2921 ἱερατικῆς
798 2858 890 2921 άῖοχειν
902 2894 908 2900 ·
922 2885 979 2913 ἀλλ’
996 2885 1044 2914 ἐὰν

1100 2430 1154 2466 ᾀρα
1169 2430 1216 2456 καὶ
1230 2429 1299 2466 τύχῃ
1315 2431 1446 2466 πρότερον
1462 2429 1584 2466 ὲξγάλλου
1599 2429 1889 2466 γένουςῄβιασάμενος,

1101 2464 1214 2500 ὕστερον
1236 2464 1382 2499 ἀναγκαῖον
1401 2464 1440 2496 εἰς
1463 2465 1541 2491 τοῦτο
1563 2464 1741 2491 εἰσ-τελεῖσθαι
1759 2466 1842 2491 αὐτὸν
1862 2466 1891 2491 τὸ

1101 2500 1179 2533 γένος
1191 2508 1197 2514 ·
1227 2509 1236 2524 ‹
1250 2501 1327 2535 Apud
1344 2501 1485 2535 (Egyptios
1508 2508 1563 2527 non
1591 2500 1653 2527 licet
1679 2507 1769 2534 regem
1784 2501 1890 2535 absque

1100 2535 1253 2562 sacerdotio
1276 2537 1430 2570 imperare.
1452 2535 1577 2569 quinimo
1606 2535 1628 2562 si
1653 2542 1687 2562 ex
1710 2536 1764 2561 alio
1788 2543 1889 2569 genere

1099 2571 1235 2605 quispiam
1251 2571 1275 2596 vi
1288 2578 1401 2605 regnum
1417 2574 1541 2606 usurpet.
1554 2570 1662 2605 cogitur
1676 2574 1738 2604 post
1755 2571 1832 2605 regni
1844 2579 1889 2597 as-

1100 2606 1282 2640 sumptionem
1309 2605 1397 2632 sacris
1413 2606 1533 2636 initiari,
1559 2610 1588 2632 ut
1605 2613 1652 2632 rex
1668 2605 1787 2639 denique
1812 2606 1848 2632 sit
1862 2611 1888 2632 et

1100 2641 1238 2667 sacerdos.
1255 2651 1264 2665 ›
1282 2640 1386 2667 Deinde
1406 2644 1603 2667 commemorat
1619 2640 1736 2668 Similem
1753 2641 1779 2667 in
1802 2641 1888 2675 pluri-

1099 2675 1150 2702 bus
1164 2675 1319 2702 Graacorum
1342 2676 1457 2702 urbibus
1479 2680 1614 2709 receptam
1629 2683 1692 2702 esse
1706 2675 1886 2703 consuetudi-

1098 2718 1171 2737 nem.
1186 2710 1265 2738 Conf.
1279 2710 1467 2744 Archwologiw
1483 2709 1583 2737 Gra'caz
1599 2710 1645 2737 lib.
1667 2718 1698 2742 ll,
1714 2718 1739 2737 (ε.
1756 2711 1783 2737 5.

1135 2745 1191 2781 (56)
1221 2746 1369 2780 Χρήσεως.
1397 2745 1471 2773 Flor.
1496 2745 1628 2780 χρίσεως,
1655 2754 1664 2770 ‹
1685 2745 1848 2781 unctionis;
1872 2753 1882 2769 ι

1097 2788 1192 2814 parum
1218 2781 1421 2816 convenienter.
1450 2781 1581 2808 SvLuunc.
1602 2781 1777 2816 -Χρὶσεως
1802 2780 1884 2807 habet

1097 2816 1178 2842 etiam
1194 2824 1246 2842 ms.
1264 2815 1351 2843 Paris.

1133 2851 1190 2885 (57)
1216 2852 1244 2878 Ἠ
1264 2851 1340 2885 ἀκοὴ
1359 2851 1417 2886 μὲν
1431 2850 1512 2885 ἡμῖν.
1536 2849 1609 2879 Flor.
1629 2851 1646 2886 ἠ
1671 2850 1741 2886 ἀκοὴ
1755 2850 1784 2876 ὲν
1799 2849 1883 2885 ἡμῖν.

1101 2896 1110 2912 ι
1125 2886 1234 2915 auditus
1247 2895 1258 2914 ι
1275 2886 1303 2914 in
1318 2887 1408 2915 nobis.
1424 2885 1555 2914 Summo.
