1933 3075
86 163 136 190 .ιῖἰὸ

695 165 909 195 STROMATUM
930 167 992 196 LIB.
1016 168 1069 196 Vll.

1645 178 1698 206 ιξςι

84 228 152 251 τινος
170 218 291 254 ψυχικῆς
313 218 463 255 αἰσθήσεως
484 221 531 246 καὶ
551 221 599 256 τῆς
615 221 786 257 διακριτικῆς
807 221 850 248 τῶπ

911 225 1054 258 quemdam
1073 233 1182 254 sensum
1199 227 1344 256 animalem
1365 233 1392 257 et
1415 230 1619 267 intelligentiam
1637 241 1699 269 qua

85 265 269 299 σημαινουσῶν
289 273 316 291 τι
339 264 433 298 φωνῶν
454 266 579 300 νοήσεως.
601 267 657 292 Οὐκ
689 264 735 292 οὖν
758 266 862 302 ἀνθρω-

84 311 187 346 ποειδὴς
211 311 227 336 ὁ
248 309 314 342 Θεὸς
335 311 404 338 τοῦδ’
426 312 505 338 ἕνεκα
522 311 594 347 (58),
615 313 721 347 καὶμῖνα
740 312 858 348 ἀκούσῃ·

83 356 137 383 οὐδὲ
151 356 301 392 αἰσθήσεων
314 357 388 391 αὐτῷ
398 357 447 388 δεῖ,
459 358 584 393 καθάπερ
598 358 694 393 ἦρεσεν
706 360 762 390 τοῖς
779 359 861 385 Στωϊ-

84 403 148 436 κοῖς,
169 412 177 427 ι
194 402 313 437 μάλιστα
326 403 410 437 ἀκοῆς
423 403 469 429 καὶ
486 403 585 438 ὅψεως·
602 405 638 439 μὴ
658 404 712 440 γὰρ
733 404 861 431 δύνασθαί

82 456 140 475 ποτε
163 447 265 484 ἑτέρως
285 449 529 484 ἀντιλαμϐάνεσθαι
550 450 622 486 (59)'
639 460 648 476 ι
671 451 741 477 ἀλλά
761 451 808 478 καὶ
829 451 860 477 τὸ

85 493 194 526 εὐπαθὲς
224 495 275 522 τοῦ
305 495 402 530 ἀέρος,
425 496 472 522 καὶ
497 497 513 531 ή
543 497 656 532 ὀξυτάτη
687 497 860 534 συναίσθησις

81 539 131 566 τῶν
153 540 278 574 ἀγγέλων
289 561 296 572 ,
310 541 327 576 ἥ
351 550 379 567 τε
393 541 440 568 τοῦ
465 542 612 574 συνειδότος
633 543 798 580 ὲπαφωμένη
810 545 859 580 τῆς

81 587 161 623 duxi;
179 587 308 622 δύναμις,
324 588 435 624 δυνάμει
456 590 489 624 τῇ
514 590 626 625 ἀρρήτῳ
648 591 695 617 καὶ
718 591 782 618 ἄνευ
809 591 860 626 τῆς

80 633 205 668 αἰσθητῆς
218 634 319 669 ἀκοῆς,
333 634 391 670 ἅμα
405 635 520 670 νοήματι
532 636 622 662 πάντα
641 636 779 671 γινώσκει.
798 638 858 665 Κᾶν

82 680 114 715 μὴ
127 680 173 715 τὴν
190 681 284 716 φωνήν
300 689 342 712 τις
355 680 518 713 ἐξικνεῖσθαι
538 682 606 718 πρὸς
627 683 673 709 τὸν
687 683 753 710 Θεὸν
773 683 839 721 λέγῃ
849 703 857 716 ,

79 726 147 752 κάτω
166 727 230 761 περὶ
249 727 296 753 τὸν
316 727 385 762 ἀέρα
406 727 631 764 κυλινδουμένην·
652 729 719 756 ἀλλὰ
743 729 777 756 τὰ
795 731 858 766 νοή-

80 781 145 806 ματα
162 771 214 798 τῶν
231 772 317 807 ἁγίων
335 773 445 808 τέμνει,
466 774 496 800 οὐ
522 774 601 809 μόνον
621 775 668 801 τὸν
684 775 770 811 ἀέρα,
789 775 857 802 ἀλλά

78 818 171 844 καὶτὸν
184 818 244 844 ὅλον
257 819 370 855 κόσμον.
385 819 482 846 Φθάνει
498 820 526 847 δὲ
547 822 562 856 ἡ
585 820 644 848 Θεία
665 821 787 857 δύναμις,
806 831 856 849 κα-

78 863 157 899 θάπερ
168 865 234 898 ιρῶς,
250 865 317 900 ὃλην
332 865 424 891 διιδεῖν
446 865 497 901 τὴν
521 867 620 902 ψυχήν.
637 867 668 893 Τί
683 867 722 900 δ“;
737 868 796 902 οὐχὶ
810 868 856 895 καὶ

78 911 102 936 αἱ
115 911 287 947 προαιρέσεις
312 911 442 946 φθάνουσι
461 912 530 948 πρὸς
552 914 598 939 τὸν
617 913 694 945 Θεὸν,
719 916 855 948 προϊεῖσαι

77 956 118 992 τὴν
132 957 220 993 φωνὴν
242 958 301 994 (40)
320 958 370 993 τὴν
394 958 516 991 ἐαυτῶνς
538 959 598 994 οὐχ).
618 959 646 986 δὲ
663 960 710 986 καὶ
733 960 786 986 ὑπὸ
806 961 856 996 τῆς

78 1003 245 1039 συνειδήσεως
272 1004 489 1040 πορθμεύονταις
508 1005 568 1032 τινα
580 1006 625 1032 καὶ
641 1007 730 1042 φωνὴν
742 1007 854 1042 ἀναμεί-

77 1058 114 1075 ναι
125 1049 187 1084 (Al),
203 1050 217 1076 ὁ
227 1050 302 1076 κατά
326 1050 454 1086 πρόθεσιν
468 1051 514 1078 τὸν
535 1051 661 1078 ἐκλεκτὸν
680 1052 725 1078 καὶ
739 1053 791 1088 πρὸ
805 1053 854 1088 τῆς

77 1095 198 1127 γενέσεως
220 1096 251 1122 τὸ
266 1096 396 1131 ἐσόμενον
411 1097 448 1128 ὡς
466 1097 516 1132 ἤδη
543 1097 663 1133 ὑπάρχον
681 1098 852 1135 ἐγνωκώςςῆ

75 1141 127 1176 οὐχὶ
140 1141 226 1177 πάντη
239 1143 282 1174 είς
298 1143 327 1169 τὸ
343 1143 423 1178 βάθος
448 1143 499 1178 τῆς
519 1143 608 1179 ψυχῆς
634 1144 743 1179 ἀπάσης
754 1144 784 1170 τὸ
797 1144 854 1178 φῶς

76 1187 118 1220 τῆς
130 1187 269 1223 δυνάμεως
294 1189 439 1224 ἐκλάμπει,
458 1199 467 1214 ι
483 1189 516 1215 τὰ
531 1190 628 1224 ταμεῐα
648 1198 657 1214 ι
679 1189 852 1224 ὲρευνῶντος,

76 1230 89 1269 ᾖ
108 1242 182 1270 φησιν
206 1236 222 1270 ἡ
250 1235 359 1270 Γραφὴ,
381 1235 450 1262 «τοῦ
479 1235 574 1270 λύχνου
597 1236 646 1271 τῆς
670 1236 824 1271 δυνάμεως;
841 1245 850 1262 ι

77 1279 145 1311 Ὀλος
158 1281 225 1316 ἀκοὴ
239 1281 290 1308 καὶ
300 1281 359 1313 ὅλος
375 1281 520 1317 ὀφθαλμὸς,
533 1282 574 1308 ἵνα
584 1291 625 1314 τις
638 1282 741 1314 τούτοις
755 1284 854 1318 χρήση-

75 1333 112 1350 ται
123 1327 174 1357 τοῖς
187 1326 330 1361 ὀνόμασιν,
343 1327 357 1352 ό
371 1326 445 1358 Θεός.
463 1326 528 1353 Καθ’
540 1326 600 1352 ὃλου
619 1327 707 1353 τοίνυν
727 1327 852 1362 οὐδεμίαν

76 1371 146 1402 σώζει
172 1371 340 1404 θεοσέϐειαν,
365 1372 425 1399 οὗτε
448 1373 476 1399 ἐν
500 1372 594 1408 ὕμνοις
616 1372 677 1399 οὗτε
703 1373 732 1398 ὲν
754 1372 850 1407 λόγοις,

75 1415 123 1442 ἀλλ’
136 1417 193 1444 οὐδὲ
207 1418 236 1445 ἐν
249 1420 371 1454 γραφαῖς
384 1418 401 1454 ἢ
414 1419 556 1454 δόγμασιν,
569 1420 585 1454 ἠ
603 1419 639 1455 μὴ
653 1419 794 1456 πρέπουσα
803 1428 852 1446 πε-

76 1461 98 1497 ρὶ
109 1463 152 1489 τοῦ
163 1463 227 1491 Θεοῦ
240 1464 387 1499 ὑπόληψις,
398 1465 454 1491 ἀλλ’
466 1466 506 1497 εἰς
523 1465 653 1497 ταπεινὰς
669 1466 716 1492 καὶ
729 1466 799 1501 ἀσχή
805 1475 852 1501 μο-

75 1516 115 1539 va;
128 1509 316 1546 ὲκτρεπομὲνη
332 1511 434 1543 ἐννοίας
448 1520 477 1537 τε
496 1512 542 1538 καὶ
569 1513 694 1544 ὑπονοίας
706 1521 712 1527 ·
736 1512 796 1539 ὅθεν
809 1521 818 1538 ι
833 1513 849 1547 ἡ

74 1555 120 1581 τῶν
131 1557 230 1584 πολλῶν
241 1558 368 1594 εὐφημία
381 1559 535 1594 δυσφημίας
547 1559 621 1585 οὐδὲν
636 1559 767 1594 διαφέρει,
784 1569 793 1586 ι
806 1560 850 1586 διὰ

74 1601 116 1636 τὴν
130 1603 176 1639 τῆς
186 1603 318 1639 ἀληθείας
332 1605 451 1638 ἄγνοιαν.
465 1602 513 1631 Ὧν
526 1605 573 1640 μὲν
587 1603 633 1632 οὖν
646 1606 671 1631 αί
681 1604 782 1640 ὀρέξεις
795 1607 848 1632 είσὶ

75 1648 115 1675 καὶ
126 1649 275 1685 ἐπιθυμίαι,
293 1651 340 1677 καὶ
350 1650 417 1682 ὅλως
432 1652 516 1677 εἰπεῖν
532 1652 559 1677 αἱ
576 1652 668 1686 ὁρμαὶ,
682 1651 783 1677 τούτων
796 1652 848 1678 εἰσὶ

74 1693 113 1718 καὶ
125 1695 150 1720 αἱ
162 1695 247 1730 εὐχαί.
263 1695 367 1731 Διόπερ
387 1697 474 1728 οὐδεὶς
492 1696 619 1732 ἐπιθυμεῖ
632 1697 761 1731 πόματος,
781 1697 849 1723 ἀλλὰ

73 1739 112 1765 τοῦ
126 1744 192 1768 πιεῖν
202 1741 232 1768 τὸ
248 1743 346 1769 ποτόν·
368 1743 427 1769 οὐδὲ
444 1743 495 1779 μὴν
511 1743 701 1779 κληρονομίας,
716 1744 783 1770 ἀλλὰ
801 1743 847 1770 τοῦ

74 1784 264 1822 κληρονομῆσαι
277 1797 285 1803 ·
303 1789 401 1814 οὑτωσὶ
422 1789 450 1814 δὲ
470 1789 531 1815 οὐδὲ
546 1789 682 1823 γνώσεως,
708 1789 774 1816 ἀλλά
800 1789 847 1816 τοῦ

73 1833 178 1865 γνῶναι·
199 1835 259 1862 οὐδὲ
278 1835 333 1870 γὰρ
351 1835 487 1867 πολιτείας
510 1836 603 1871 ὀρθῆς,
628 1836 750 1863 ἀλλὰτοῦ
771 1836 847 1863 πολι-

73 1879 196 1908 τεὺεσθαι.
211 1882 323 1908 Τούτων
334 1880 379 1908 οὖν
394 1883 421 1909 αἱ
436 1883 524 1918 εὐχαὶ,
541 1880 577 1910 ὧν
593 1883 639 1909 κα)⁸
649 1884 772 1918 αἰτήσεις
783 1891 789 1896 ·
803 1882 848 1908 καὶ

73 1926 163 1953 τούτων
185 1930 211 1955 αι
240 1929 376 1963 αἰτήσεις,
391 1925 428 1954 ὧν
448 1929 494 1955 καὶ
513 1929 670 1964 ἐπιθυμίαι’
684 1929 714 1955 τὸ
729 1929 757 1955 δὲ
769 1928 847 1963 εὔχε-

75 1970 127 1997 σθαι
141 1974 184 1998 καὶ
197 1973 345 2008 ὀρέγεσθαι
361 1973 532 2009 καταλλήλως
553 1973 674 2008 γίνεσθαι
698 1973 754 2009 (42)
767 1974 806 2005 εἰς
818 1973 848 2000 τὸ

73 2016 135 2051 ἔχειν
146 2019 179 2044 τὰ
193 2019 287 2053 ἀγαθὰ
301 2019 348 2046 καὶ
362 2019 395 2046 τὰ
411 2019 599 2055 παρακείμενα
613 2019 704 2055 ὼφελή
709 2028 790 2054 ματα.
807 2020 847 2055 Τῇ

73 2065 156 2098 κτήσει
167 2066 257 2092 τοίνυν
269 2066 286 2091 ὁ
296 2066 452 2100 γνωστικὸς,
464 2066 512 2101 τὴν
526 2065 607 2100 εὐχὴν
622 2066 668 2092 καὶ
681 2065 728 2101 τὴν
741 2066 847 2101 αἴτησιν

72 2109 118 2135 τῶν
127 2110 207 2143 ὅντως
221 2111 336 2146 ἀγαθῶν
347 2111 401 2137 τῶν
416 2111 479 2146 περὶ
498 2111 586 2146 ψυχὴν
600 2113 715 2137 ποιεῖται
732 2111 786 2146 (45)
803 2111 847 2137 καὶ

73 2154 176 2190 εὔχεται,
190 2158 331 2194 συνεργῶν
352 2157 408 2192 ἅμα
432 2157 478 2184 καὶ
493 2157 572 2189 αὐτὸς
582 2159 620 2189 εἰς
635 2157 689 2190 ἕξιν
712 2157 846 2193 ἀγαθότη-

73 2210 110 2233 τος
123 2203 214 2235 ἐλθεῖν,
229 2205 270 2236 ὡς
287 2204 384 2240 μηκέτι
398 2203 468 2238 ἔχειν
488 2203 522 2230 τὰ
537 2204 626 2238 ἀγαθὰ
641 2203 767 2239 καθάπερ
793 2212 845 2239 μα-

913 269 1062 303 discernit,
1082 279 1162 300 voces
1178 273 1280 308 aliquid
1305 275 1491 310 signiﬁcantes
1506 279 1696 313 apprehendit.

912 314 970 342 Non
986 320 1028 343 est
1044 324 1108 352 ergo
1121 317 1192 346 Deus
1203 319 1322 347 humana
1339 320 1425 348 forma
1439 323 1583 357 pratditus,
1602 329 1632 352 ut
1647 333 1698 353 au-

911 361 979 392 diat.
993 370 1080 396 neque
1091 363 1115 390 ei
1132 365 1258 393 sensibus
1269 369 1312 393 est
1325 375 1403 402 opus,
1420 373 1449 396 ut
1464 369 1566 404 placuit
1583 369 1696 405 Stoicis,

914 416 923 432 ι
937 409 1072 443 praecipue
1090 410 1183 438 auditu
1199 415 1226 439 et
1242 413 1302 439 visu
1313 422 1319 446 ;
1330 421 1382 440 non
1395 422 1476 449 posse
1489 416 1561 443 enim
1574 425 1695 453 unquam

911 454 990 481 aliter
1003 455 1226 491 apprehendere;
1241 468 1250 484 ι
1269 459 1318 486 sed
1340 463 1368 487 et
1382 461 1454 489 aeris
1479 463 1513 490 ad
1537 465 1695 498 patiendum

912 499 1047 533 facilitas,
1069 505 1096 529 et
1112 504 1244 530 acerrima
1266 506 1422 540 angelorum
1440 510 1597 543 consensio,
1611 515 1638 538 et
1653 511 1694 539 vis

909 554 970 580 quas
985 547 1083 574 animae
1097 549 1206 584 attingit
1222 552 1417 579 conscientiam
1430 574 1437 585 ,
1450 554 1632 589 inexplicabili
1644 564 1695 592 po-

908 595 1008 620 testate
1019 593 1099 620 eliam
1112 595 1216 629 absque
1227 597 1320 624 sensili
1333 598 1471 626 auditione
1482 600 1562 628 simul
1574 609 1636 628 cum
1647 609 1695 629 co—

909 638 1038 673 gitatione
1049 641 1191 675 cognoscit
1201 643 1302 669 omnia.
1316 642 1392 676 Quod
1405 645 1427 672 si
1440 646 1501 680 quis
1513 646 1586 673 dicat
1598 655 1693 675 vocem

909 683 1023 712 inferius
1042 685 1070 712 in
1084 693 1145 714 aere
1164 687 1246 720 volvi,
1261 696 1311 716 nec
1333 689 1366 716 ad
1385 689 1469 718 Deum
1484 693 1641 727 pervenire;
1657 701 1690 722 ac

909 730 1026 765 cogitata
1044 735 1201 760 sanctorum
1219 738 1313 761 secant
1335 743 1389 763 non
1413 736 1499 763 solum
1518 745 1624 771 aerem,
1642 739 1693 767 sed

910 777 939 806 ᾖ
949 779 1035 803 totum
1051 778 1193 806 mundum.
1203 778 1298 807 Statim
1316 786 1406 808 autem
1418 782 1460 809 vis
1467 783 1569 816 divina,
1581 785 1692 819 perinde

908 828 940 848 ac
959 821 1015 854 lux,
1041 826 1125 850 totam
1152 825 1282 859 perspicit
1310 827 1438 854 animam.
1462 827 1532 860 Quid
1548 837 1622 862 vero,
1635 838 1691 857 non

907 867 990 894 etiam
1008 868 1066 903 ipsa
1083 869 1167 896 animi
1181 871 1297 898 consilia
1318 873 1351 899 ad
1366 872 1449 900 Deum
1475 875 1647 909 perveniunt,
1663 880 1691 904 et

908 921 985 941 suam
998 916 1076 950 quasi
1090 916 1219 944 emittunt
1231 919 1344 945 vocem?
1363 926 1453 946 annon
1464 927 1496 947 ca
1507 921 1588 948 etiam
1600 925 1691 950 trans-

906 961 1052 988 mittuntur
1074 969 1089 988 a
1104 962 1289 991 conscientia?
1308 963 1459 997 Quamnam
1485 970 1574 994 autem
1595 974 1690 997 vocem

905 1007 1112 1041 exspectaverit,
1130 1009 1178 1043 qui
1211 1010 1361 1036 secundum
1395 1011 1565 1046 propositum
1597 1012 1688 1044 suum,

904 1053 1021 1080 electum
1032 1053 1114 1081 etiam
1125 1058 1188 1082 ante
1203 1055 1383 1088 nativitatem,
1396 1060 1423 1083 et
1442 1057 1467 1084 id
1482 1057 1554 1092 quod
1568 1057 1689 1086 futurum

904 1099 957 1128 est,
985 1099 1117 1131 tanquam
1139 1097 1212 1133 quod
1237 1099 1284 1130 sit,
1299 1101 1447 1131 cognovit?
1460 1102 1558 1129 Annon
1574 1102 1688 1138 profun-

904 1141 968 1168 dum
985 1143 1106 1176 cujusvis
1119 1144 1216 1170 animat
1241 1144 1397 1173 clucescere
1423 1146 1488 1174 facit
1504 1147 1550 1174 lux
1565 1152 1687 1182 potesta-

903 1187 950 1220 tis,
964 1195 1027 1214 cum
1047 1197 1055 1213 ‹
1075 1189 1235 1223 penetralia,
1249 1200 1258 1216 ι
1277 1194 1307 1217 ut
1327 1192 1364 1218 ait
1380 1191 1533 1227 Scriptura,
1552 1203 1562 1219 (
1581 1199 1688 1222 scrute-

902 1237 948 1260 tur
960 1234 1069 1261 luccrna
1083 1236 1256 1269 potestatis?»
1265 1236 1351 1264 Totus
1367 1237 1486 1270 auditus,
1501 1243 1528 1266 et
1537 1243 1611 1268 totus
1622 1248 1689 1268 ocu-

903 1278 945 1305 lus
959 1282 1012 1310 est,
1028 1282 1058 1305 ut
1078 1279 1121 1306 his
1135 1279 1293 1307 nominibus
1312 1284 1384 1312 utar,
1401 1281 1483 1309 Deus.
1499 1281 1606 1309 Nullam
1621 1290 1689 1318 ergo

902 1324 1060 1359 religionem
1076 1330 1176 1357 servat,
1202 1333 1290 1360 neque
1302 1326 1329 1352 in
1342 1326 1461 1361 hymnis,
1483 1334 1573 1362 neque
1584 1327 1611 1354 in
1628 1334 1688 1354 ser-

902 1370 1039 1401 monibus,
1053 1370 1101 1397 sed
1124 1378 1212 1405 neque
1232 1371 1259 1398 in
1276 1372 1420 1406 scripturis
1434 1376 1481 1398 aut
1502 1373 1686 1407 dogmatibus,

902 1415 1030 1443 indecens
1044 1416 1078 1443 de
1092 1415 1147 1444 Deo
1161 1416 1272 1451 opinio;
1288 1424 1382 1444 verum
1407 1418 1441 1445 ad
1463 1418 1580 1445 humiles
1599 1422 1627 1446 et
1643 1418 1686 1446 in-

895 1461 1015 1489 .decoras
1029 1461 1149 1488 deﬂectit
1178 1463 1304 1490 notiones
1327 1466 1354 1490 et
1377 1463 1574 1498 cogitationes:
1589 1471 1644 1499 quo
1654 1464 1686 1491 fit

902 1512 931 1534 ut
949 1517 958 1533 ‹
975 1507 1122 1535 multorum
1137 1508 1258 1535 laudatio
1271 1508 1337 1535 nihil
1349 1508 1456 1536 dillerat
1470 1517 1486 1536 a
1500 1509 1654 1540 maledicto.
1671 1519 1682 1536 ι

902 1557 1011 1588 propter
1029 1554 1154 1581 veritatis
1171 1553 1380 1589 ignorationem.
1393 1555 1482 1590 Atque
1496 1563 1613 1590 quorum
1623 1556 1686 1591 qui-

903 1599 964 1626 dem
984 1604 1049 1627 sunt
1064 1599 1198 1627 desideria
1211 1604 1237 1627 et
1252 1600 1444 1636 appetitiones,
1456 1605 1483 1628 et
1502 1605 1531 1628 ut
1546 1602 1629 1629 semel
1642 1601 1686 1628 di-

900 1653 971 1678 cam,
998 1647 1081 1673 animi
1094 1646 1284 1681 impulsiones,
1300 1654 1349 1681 pro
1360 1646 1393 1674 iis
1404 1646 1472 1674 ﬁunt
1492 1647 1572 1673 etiam
1589 1654 1685 1682 preca—

899 1692 999 1719 tiones.
1011 1692 1192 1724 Quamobrem
1214 1700 1294 1719 nemo
1312 1696 1406 1727 potum
1419 1692 1564 1725 desiderat,
1580 1693 1627 1720 sed
1642 1693 1685 1721 bi-

900 1738 964 1765 bere
978 1741 1089 1772 potum;
1101 1739 1148 1766 sed
1163 1745 1213 1765 nec
1229 1738 1428 1771 hazreditatem,
1441 1747 1537 1766 verum
1553 1747 1614 1768 esse
1628 1740 1684 1767 hae-

900 1784 1012 1817 redem;
1040 1784 1077 1811 ita
1093 1792 1182 1819 neque
1196 1784 1391 1820 cognitionem,
1408 1785 1456 1812 sed
1479 1793 1579 1819 nosse;
1596 1793 1685 1821 neque

899 1833 1002 1857 rectam
1013 1830 1222 1864 rempublicam,
1238 1829 1285 1857 sed
1301 1831 1497 1865 rempublicam
1511 1839 1615 1866 gerere.
1629 1831 1685 1859 Pro

899 1875 934 1902 iis
942 1883 1006 1911 ergo
1020 1876 1102 1902 rebus
1117 1883 1211 1910 preces
1227 1875 1304 1905 ﬁunt.
1321 1883 1381 1910 quae
1393 1879 1540 1910 petuntur;
1553 1880 1580 1903 et
1591 1883 1622 1903 ea
1639 1884 1685 1911 pe-

899 1924 1006 1953 tuntur,
1021 1928 1081 1955 qua:
1099 1921 1256 1956 capiuntur.
1275 1920 1383 1947 Prccari
1408 1924 1497 1948 autem
1517 1925 1544 1949 et
1557 1925 1685 1956 appetere

899 1967 968 1994 iiunt
982 1967 1054 1994 inter
1075 1974 1104 1994 se
1119 1967 1247 1998 invicem,
1264 1966 1297 1993 ad
1321 1967 1476 1993 habendum
1499 1966 1570 1993 bona
1592 1970 1620 1994 et
1637 1974 1680 1999 ea,

899 2019 960 2046 qua:
975 2011 1103 2046 adjuncta
1118 2016 1193 2042 sunt,
1207 2011 1359 2038 commoda.
1377 2010 1402 2039 ls
1416 2012 1508 2046 itaque
1522 2011 1568 2046 qui
1589 2012 1683 2047 cogni-

899 2058 972 2084 tione
983 2061 1113 2092 tanquam
1133 2057 1308 2091 possessione
1322 2057 1438 2091 quadam
1451 2060 1492 2084 est
1503 2056 1644 2091 praeditus,
1655 2061 1684 2084 et

899 2103 966 2137 petit
992 2106 1018 2130 et
1044 2106 1174 2137 precatur
1196 2110 1227 2129 ea
1244 2109 1305 2136 quae
1322 2107 1384 2129 sunt
1408 2110 1471 2129 vere
1487 2102 1569 2135 bona,
1585 2110 1682 2138 nempe

898 2148 969 2175 bona
993 2148 1099 2180 animas,
1122 2148 1181 2182 ipse
1206 2155 1314 2182 quoque
1337 2155 1487 2182 cooperans
1501 2151 1531 2174 ut
1543 2148 1682 2182 perveniat

898 2193 932 2220 ad
944 2194 1065 2221 habitum
1088 2193 1273 2224 bonitatis,'ut
1285 2200 1338 2220 non
1364 2193 1480 2228 amplius
1494 2193 1593 2221 habeat
1609 2193 1681 2220 bona

74 2246 169 2282 ὒήματά
184 2258 245 2276 τινα
260 2238 461 2284 παρακείμενα,
486 2246 556 2275 εἶναι
566 2249 594 2276 δὲ
615 2249 724 2283 ἀγαθόν.
741 2238 845 2276 mm

903 2242 1026 2273 tanquam
1043 2239 1148 2274 aliquas
1164 2238 1307 2273 adjunctas
1321 2238 1492 2272 disciplinas,
1516 2239 1574 2272 ipse
1589 2242 1680 2265 autem

72 2293 164 2326 τούτοις
190 2295 310 2330 μάλιστα
330 2295 460 2330 προσήκει
482 2294 618 2330 εὔχεσθαι,
641 2297 697 2327 τοῖς
721 2296 804 2322 εἰδόσι
815 2296 846 2322 τὸ

72 2338 137 2365 Θεῖον
147 2340 182 2372 ὼς
193 2342 257 2377 χρὴ,
272 2341 320 2367 καὶ
335 2341 385 2376 τὴν
399 2341 550 2376 πρόσφορον
565 2341 664 2376 ἀρετὴν
674 2341 781 2377 ἔχουσιν
795 2343 844 2369 αὺ-

105 2401 131 2429 ἤ(
143 2397 170 2424 Ρ.
187 2399 250 2432 853,
267 2399 322 2427 ΕΙ).
339 2398 487 2431 POTTER,
501 2398 562 2431 7‘21,
574 2398 627 2425 ΕΙ).
644 2397 755 2426 PARIS.

103 2464 153 2500 (38)
174 2467 256 2494 Τοῡδ’
275 2467 375 2494 ἕνεκα.
391 2466 463 2494 Flor.
476 2465 548 2493 τοῦθ’
563 2466 654 2496 ἕνεκα,
670 2468 764 2492 contra
780 2473 845 2492 nor-

72 2507 145 2536 mam.
162 2501 228 2528 Nam
249 2503 278 2530 in
294 2501 389 2528 τούτου
403 2501 485 2528 ἕνεκα
503 2509 558 2528 non
573 2505 663 2536 potest
678 2500 780 2528 ultimae
802 2500 844 2527 di-

73 2535 190 2572 phthongi
208 2538 263 2564 ulla
282 2537 442 2572 ﬁerirelisio.
460 2535 591 2572 Sijtnund.

103 2570 152 2605 (59)
169 2570 464 2606 Ἃντιλαμόάνεσθαι.
488 2571 522 2599 Η.
546 2579 599 2599 ms.
631 2570 841 2606 Ἀντιλαϐἑσθαι.

73 2604 438 2634 8ηιιιτιιο.-Ἀντιλαϐέσθαι
450 2610 539 2634 exstat
550 2607 632 2633 etiam
647 2606 674 2632 in
690 2605 841 2633 ms.0ttob.

103 2641 235 2680 (ιοξῃιττ
250 2642 364 2680 φωζήν.
379 2641 493 2680 ΔιῖξεςιΙιῐ]Γ
517 2649 575 2673 xtx,
591 2642 626 2680 5»:
644 2641 773 2680 Οὐκ-εἰσ),
796 2640 842 2680 λα-

73 2674 123 2712 λιαι
132 2677 189 2712 οὐδὲ
203 2674 286 2712 λόγοι,
299 2674 337 2704 ὧν
359 2677 419 2712 οὐχὶ
427 2677 568 2704 ἀκούονται
585 2678 613 2703 at
629 2676 721 2712 φωναὶ
742 2675 840 2712 αὐτῶν.

103 2711 152 2746 (Al)
166 2710 408 2748 Πορθμεύονται
419 2713 486 2738 τινα
499 2713 547 2738 καὶ
558 2711 662 2748 φωνὴν
675 2710 840 2748 ᾀναμείναι.

72 2742 348 2786 ΡίόΓ.-’πορθμέύονταί
363 2742 423 2786 τινα
440 2748 484 2773 καὶ
495 2742 585 2786 quivi-pl
597 2742 738 2786 ἀναμεῖναι
748 2753 843 2786 ληρω-

74 2783 147 2818 [leuat
166 2781 349 2818 προαιρέσεις.
380 2781 647 2809 SrLaunc.——Porro
671 2781 842 2818 in_edi_tione

74 2813 243 2856 Sylhurgi'ana
254 2813 314 2856 hac
329 2813 462 2856 sententia
476 2817 516 2845 sic
527 2820 634 2856 exstat:
654 2815 842 2856 πορθμεύοντα

73 2857 125 2889 ῖξνα
151 2852 202 2889 και
220 2854 310 2889 φωνὴν
339 2853 490 2887 ἀναμεῖναι.
524 2852 672 2888 lteceplam
697 2852 839 2878 lectionem

76 2883 175 2914 lleinsio
187 2883 325 2916 debemus.

897 2285 933 2312 sit
947 2285 1047 2312 bonus.
1061 2284 1194 2317 Quocirca
1211 2291 1259 2311 eos
1278 2283 1396 2310 maxime
1419 2283 1496 2310 decet
1514 2283 1620 2318 precari
1633 2284 1680 2319 qui

896 2331 980 2359 Deum
1005 2335 1106 2358 norunt
1131 2335 1160 2358 ut
1187 2334 1303 2365 oportet,
1320 2333 1347 2358 et
1368 2330 1393 2358 ei
1408 2337 1556 2365 congruam
1579 2330 1681 2358 habent

931 2462 986 2499 (4‘2)
1006 2462 1207 2499 Καταλλήλως
1219 2462 1361 2499 γίνεσθαι.
1378 2461 1426 2499 βίᾳ
1441 2461 1606 2499 recentiores
1620 2460 1680 2488 edi-

895 2495 1000 2531 tiones;
1017 2499 1076 2524 κατ’
1089 2495 1228 2533 ἀλλήλους’
1241 2497 1362 2533 γίνεσθαι
1378 2496 1480 2533 habent
1495 2495 1610 2533 Flor._et
1625 2504 1678 2525 ms.

894 2534 982 2560 Paris.
1007 2533 1098 2560 Malim
1108 2531 1173 2560 vero
1187 2532 1362 2567 καταλλήλως
1375 2532 1495 2567 γίνεται·
1512 2531 1598 2567 «serie
1610 2538 1679 2567 con-

895 2569 1018 2603 sequenti
1035 2572 1062 2596 et
1075 2567 1171 2596 ordine
1191 2575 1220 2595 se
1235 2565 1383 2601 excipiunt.
1404 2576 1414 2591 ι
1432 2565 1485 2603 Sed
1506 2565 1579 2603 illud
1606 2566 1680 2600 γίνε-

894 2601 983 2631 ταιιιί)
1000 2603 1126 2640 imperito
1143 2603 1276 2640 scriptore
1289 2602 1456 2640 propinquos
1470 2601 1679 2640 inﬁnitiv‘os‘re-

894 2639 1025 2673 spiciente
1038 2635 1066 2664 in
1080 2635 1351 2672 γίνεσθαίηιιιιειὶυιιί
1376 2636 1482 2664 videtur
1497 2646 1503 2664 :
1522 2635 1596 2671 quod
1610 2635 1677 2662 alias

893 2673 1113 2711 οιὶςι-ῐῃιιερῖιιὶιζὶι3
1213 2707 1218 2711 _
1299 2708 1306 2711 _
1461 2707 1467 2711 ,
1503 2705 1526 2711 ..
1545 2705 1552 2711 .
1590 2705 1596 2711 .

929 2708 984 2743 (45)
1001 2708 1042 2742 Τῇ
1055 2705 1161 2742 θῑτήσει
1173 2707 1278 2734 τοίνυν
1289 2707 1493 2743 ῥᾼγνωσζικός.
1503 2705 1632 2733 Heinsius
1641 2705 1678 2733 le-

892 2741 1042 2779 ςίικτίσει,
1059 2743 1116 2770 ha‘c
1130 2746 1227 2779 notans
1245 2751 1277 2779 είς
1294 2741 1381 2768 Vocat
1392 2741 1438 2779 τὴν
1450 2743 1546 2779 κτήσει
1561 2748 1677 2779 γνωστι-

893 2776 949 2810 κόν,
963 2779 1009 2813 qui
1028 2779 1149 2805 nondum
1167 2777 1201 2804 ad
1218 2777 1339 2813 habitum
1362 2776 1524 2813 cognitionis
1540 2776 1674 2813 pervenit.

892 2810 1085 2848 Opponitergo
1103 2813 1183 2840 talem
1199 2811 1237 2847 τῷ
1249 2810 1442 2846 γνωπικῷίτῇ
1464 2811 1533 2848 ἕξει,
1544 2810 1577 2836 At
1590 2810 1676 2848 inter-

893 2844 955 2884 pres
966 2844 1078 2883 legerat,
1094 2849 1128 2883 τῇ
1143 2844 1320 2884 κτήσέιέηιιει
1338 2844 1405 2874 voce
1422 2844 1509 2873 totum
1527 2844 1676 2879 interpoles

893 2881 969 2911 verat
994 2881 1147 2912 sensum.)
1163 2881 1241 2910 Eon.
1254 2881 1387 2909 Punotu
