1933 3075
217 180 269 209 ιδ’]

801 178 1000 207 CLEMENTIS
1016 177 1250 205 ALEXANDRINI

1796 171 1848 198 MSS

216 239 291 268 enim
303 239 410 275 aliquos
425 247 533 275 quoque
549 248 582 267 cx
600 241 713 276 angelis,
728 245 839 276 propter
850 241 1006 268 socordiam

1066 241 1231 267 ιατασπᾶται
1248 239 1278 265 τὸ
1291 238 1334 264 διὰ
1348 237 1397 273 τῆς
1409 237 1527 267 πίστεως
1546 234 1724 270 ἀναγόμενον.
1739 231 1783 267 Τῷ
1795 231 1848 267 ἄρα

219 286 295 313 Ιιιιωί
306 294 368 314 esse
385 287 488 322 lapsos,
501 287 574 322 quod
592 289 712 314 nondum
728 288 849 323 perfecte
869 296 902 314 ex
917 287 962 314 illa
976 288 1004 314 in

219 338 366 368 utramque
381 338 484 368 partem
505 334 685 369 proclivitate,
708 334 735 361 in
752 335 904 369 simplicem
928 334 1006 361 illum

219 383 302 414 atque
316 380 427 407 unicum
445 380 632 416 expediissent
643 389 673 409 se
683 381 816 409 habitum.
834 380 865 408 Ei
881 389 946 408 vero
959 381 1006 416 qui

219 433 252 452 ex
270 425 322 453 hoc
344 426 414 458 loco,
432 427 465 454 ad
484 435 621 454 summum
643 427 808 463 cognitionis
827 427 953 463 gradum,
979 430 1007 454 et

219 476 369 500 extremam
395 473 448 500 viri
473 473 588 508 perfecti
611 482 641 502 se
653 475 777 502 exercuit
798 474 1006 507 sublimitatem,

220 518 310 546 omnis
325 522 352 546 et
368 519 444 546 locus
457 520 597 547 succurrit
609 525 635 547 et
645 524 755 555 tempus
766 524 912 555 postquam
924 520 1008 547 semel

220 564 280 591 sine
300 564 356 592 ullo
371 565 449 600 lapsu
462 567 545 592 vitam
558 567 711 601 transigere
724 566 815 602 elegit,
833 574 916 601 seque
933 566 960 593 in
976 574 1008 594 eo

220 611 357 637 constanti
386 619 419 639 ac
447 612 577 639 nniformi
610 613 708 640 mentis
725 613 875 640 stabilitate
889 617 1007 640 exercet.

220 655 326 689 Quibus
344 660 435 684 autem
452 658 544 692 gravis
564 658 664 692 aliquis
680 658 769 685 adhuc
785 658 950 693 relinquitur
965 666 1010 686 an-

219 702 300 737 gulus
316 700 446 730 deorsum
462 711 588 738 vergens,
607 711 661 731 una
678 712 788 739 quoque
808 704 963 732 detrahitur
983 705 1010 732 id

218 748 293 783 quod
309 756 359 783 per
376 748 455 777 [idem
469 749 635 778 sustollitur.
652 749 684 777 Ei
708 758 783 786 ergo,
806 751 853 785 qui
877 751 1012 778 exercita-

220 794 296 821 tione
310 796 435 830 gnostica
450 796 579 824 virtutem
592 804 652 831 quae
668 804 722 824 non
738 800 827 832 potest
837 798 929 824 amitti
938 805 1013 825 com-

221 840 340 876 paravit,
356 841 472 869 ellicitur
488 842 623 870 naturalis
642 843 762 871 habitus.
791 844 824 871 Et
842 844 914 871 sicut
929 844 1012 879 lapidi

221 886 353 922 gravitas,
370 887 410 914 ita
434 887 516 923 hujus
543 889 659 916 scientia
687 890 777 917 evadit
803 890 959 925 liujusmodi
985 895 1013 919 ut

1055 284 1240 319 ἀναπόϐλητον
1259 283 1308 318 τὴν
1318 282 1418 318 ἀρετὴν
1442 280 1558 317 ἀσκήσει
1577 278 1716 313 γνωστικῇ
1735 283 1850 310 πεποιηο

1057 330 1132 366 μένῳ
1153 329 1295 364 φυσιοῦται
1312 329 1329 364 ὴ
1348 327 1421 360 ἒξις·
1450 327 1496 353 καὶ
1518 324 1644 360 καθάπερ
1669 323 1709 358 τῷ
1730 322 1797 358 λίθῳ
1820 321 1850 347 το

1057 377 1150 413 βάρος,
1166 375 1253 407 οὕτως
1269 374 1345 401 τοῦδε
1369 374 1386 409 ἡ
1410 373 1550 407 ἐπιστήμη
1575 369 1777 404 ἀναπόϐλητος,
1802 367 1851 394 οὐκ

1057 423 1192 454 ἀκουσίως
1211 421 1279 457 (82),
1302 420 1359 447 ἀλλ’
1375 418 1517 450 ἑκουσίως,
1537 416 1650 452 δυνάμει
1673 415 1782 450 λογικῇ,
1804 414 1851 439 καὶ

1057 469 1206 504 γνωστικῇ,
1219 468 1266 494 καὶ
1278 466 1457 502 προνοητικῇ,
1473 463 1646 491 καθίσταται.
1656 462 1719 488 Ἐπὶ
1729 460 1757 487 δὲ
1770 460 1800 486 τὸ
1815 460 1852 495 μὴ

1058 514 1245 550 ἀποϐληθῆναι
1259 513 1292 540 δι’
1309 511 1450 542 εὐλαϐείας
1465 509 1651 544 ἀναπόϐλητον
1668 508 1784 542 γίνεται·
1803 505 1852 539 τῆς

1061 563 1110 598 μὲν
1125 560 1267 591 εὐλαϐείας
1292 559 1360 595 πρὸς
1377 558 1408 585 τὸ
1428 558 1464 593 μὴ
1479 556 1657 592 ἀμαρτάνειν,
1669 554 1720 588 τῆς
1734 553 1763 579 δὲ
1779 552 1854 578 εὐλο-

1059 607 1164 642 γιστίας
1178 606 1246 642 πρὸς
1261 606 1292 632 τὸ
1305 604 1492 639 ἀναπόϐλητον
1507 603 1556 638 τῆς
1572 601 1684 636 ἀρετῆς,
1697 598 1851 636 ἀνθέξεται.

1066 656 1097 682 'H
1108 653 1209 689 γνῶσις
1219 653 1247 679 δὲ
1260 652 1347 679 ἔοικεν
1358 651 1407 686 τὴν
1423 648 1592 684 εὐλογιστίαν
1608 646 1749 682 παρέχειν,
1762 645 1853 680 διορᾷν

1060 701 1222 728 διδάσκουσα
1235 698 1271 725 τά
1285 697 1391 734 βοηθεῖν
1406 696 1474 732 πρὸς
1485 696 1535 731 τὴν
1550 703 1624 730 παρα
1630 693 1714 729 μονὴν
1724 691 1776 727 τῆς
1790 692 1855 726 ἀρε-

1061 748 1110 783 τῆς
1126 746 1272 781 δυνάμενα.
1287 744 1423 778 Μέγιστον
1439 743 1493 778 ἄρα
1511 743 1527 777 ἡ
1544 740 1644 775 γνῶσις
1655 738 1704 765 τοῦ
1715 737 1799 765 Θεοῦ·
1815 737 1855 763 διὸ

1063 793 1109 819 καὶ
1125 791 1212 828 ταύτῃ
1234 790 1349 822 σώζεται
1365 789 1396 815 τὸ
1418 787 1604 822 ἀναπόϐλητον
1623 785 1674 820 τῆς
1690 784 1802 820 ἀρετῆς.
1826 783 1855 809 Ὀ

1062 838 1091 865 δὲ
1107 837 1235 872 ἐγνωκὼς
1250 836 1295 862 τὸν
1312 835 1378 862 Θεὸν
1397 835 1469 865 ὅσιος
1486 833 1533 860 καὶ
1553 832 1682 867 εὐσεϐής·
1699 831 1781 866 μόνος
1801 830 1855 864 ἄρα

1064 885 1078 910 ὁ
1102 883 1252 919 γνωστικὸς
1283 881 1398 916 εὐσεϐής
1423 881 1488 915 ἡμῖν
1510 876 1579 905 εἶναι
1603 877 1745 903 δέδεικται.
1772 873 1857 906 Οὗτος

222 934 311 961 amitti
322 941 376 961 non
394 934 482 969 possit
498 943 504 961 :
522 942 573 962 nec
590 936 685 968 invito,
703 936 750 964 sed
763 942 870 972 sponte,
888 937 913 964 vi
929 937 1014 964 ratio-

1066 933 1156 967 χαίρει
1180 929 1229 965 μὲν
1255 929 1302 955 ἐπὶ
1325 929 1381 959 τοῖς
1399 925 1530 962 παροῦσιν
1555 923 1677 959 ἀγαθοῖς,
1695 922 1813 957 γέγηθεν
1828 921 1856 947 δὲ

222 980 270 1008 nis
283 984 311 1008 et
325 980 491 1015 cognitionis
506 985 587 1016 atque
612 983 801 1017 providentiae,
816 991 849 1011 eo
865 983 1010 1011 deducitur

222 1031 254 1054 ut
271 1034 326 1053 non
346 1026 498 1054 amittatur.
516 1026 622 1063 Quippe
639 1028 761 1056 cavendo
776 1037 809 1057 eo
822 1029 966 1057 deducitur
980 1034 1012 1057 ut

223 1073 314 1100 amitti
328 1080 384 1100 non
404 1074 502 1108 possit.
518 1074 679 1102 Cautionem
698 1076 771 1102 enim
794 1084 828 1104 ne
844 1081 950 1112 peccet,
966 1077 1013 1104 bo-

223 1126 289 1146 nam
309 1123 399 1147 autem
426 1119 686 1153 considerationem,
714 1129 749 1149 ne
779 1130 876 1150 rursus
906 1123 1014 1151 amittat

223 1167 365 1201 virtutem,
388 1169 499 1196 tenebit.
524 1169 650 1204 Cognitio
673 1173 765 1198 autem
783 1171 893 1198 videtur
913 1172 1012 1199 lienam

224 1215 346 1250 praebere
371 1215 632 1247 considerationem.
666 1216 770 1244 docens
796 1217 954 1245 discernere
981 1225 1014 1245 ea

224 1270 286 1297 qua:
310 1267 425 1297 possunt
452 1262 584 1297 adjuvare
609 1262 643 1290 ad
665 1262 716 1290 hoc
740 1267 770 1290 ut
795 1263 882 1291 \irtus
903 1271 1013 1298 perma-

224 1312 298 1336 neat.
314 1307 367 1336 Res
382 1312 425 1336 est
439 1317 504 1344 ergo
518 1309 637 1336 maxima
664 1308 712 1336 Dei
731 1309 852 1345 cognitio
866 1319 872 1337 :
886 1310 1014 1344 quocirca

224 1361 257 1382 ea
282 1362 391 1390 quoque
418 1355 456 1382 ita
487 1360 667 1383 conservatur
685 1355 774 1383 virtus
799 1359 829 1382 ut
854 1355 942 1382 amitti
967 1363 1016 1383 ηοξ

224 1404 316 1435 queat.
338 1400 389 1434 Qui
408 1405 499 1428 autem
518 1400 603 1428 Deum
616 1401 692 1428 novit
703 1407 745 1429 est
765 1405 879 1429 sanctus
895 1405 921 1428 et
935 1401 1016 1436 pius;

224 1446 272 1481 qui
287 1449 330 1473 est
351 1454 416 1481 ergo
441 1447 595 1481 gnosticus,
607 1454 670 1473 eum
685 1446 774 1474 solum
794 1454 855 1474 esse
873 1446 946 1481 pium
959 1446 1016 1481 jam

227 1493 374 1527 probatum
388 1496 440 1520 est.
459 1492 538 1527 [sque
553 1492 653 1528 gaudet
667 1492 777 1527 quidem
801 1492 836 1520 de
858 1492 938 1520 bonis
953 1500 1018 1527 prae-

226 1538 366 1571 sentibus;
389 1539 496 1566 laxatur
510 1543 601 1566 autem
627 1542 738 1573 propter
751 1546 783 1565 ea
798 1546 859 1573 quae
878 1542 942 1566 sunt
954 1546 1018 1573 pro-

225 1585 322 1618 missa,
347 1589 475 1620 tanquam
495 1585 553 1619 jam
581 1585 736 1620 praesentia.
753 1584 847 1620 Neque
866 1585 939 1612 enim
953 1591 1015 1612 eum

226 1632 314 1660 latent
338 1637 469 1669 tanquam
495 1633 585 1660 adhuc
609 1632 745 1664 absentia,
769 1637 912 1668 propterea
942 1631 1015 1667 quod

227 1681 320 1716 qualia
343 1681 398 1709 sint
418 1681 475 1716 jam
498 1684 561 1708 ante
588 1680 759 1715 cognoverit.
774 1678 937 1715 Cognitione
951 1686 1017 1714 ergo

227 1732 378 1760 persuasus
395 1725 476 1760 quale
497 1725 533 1752 sit
556 1723 771 1759 unumquodque
786 1732 820 1751 ex
836 1723 947 1756 futuris,
959 1723 1016 1758 jam

228 1771 282 1798 hoc
296 1771 428 1806 possidet.
447 1770 525 1804 Quod
542 1771 615 1798 enim
635 1774 678 1798 est
693 1778 821 1797 mancum
849 1777 881 1797 ac
905 1769 1018 1797 defecti-

226 1825 305 1852 vum,
333 1817 500 1845 metiendum
523 1821 566 1845 est
580 1825 613 1844 ex
629 1824 661 1844 eo
679 1816 752 1851 quod
778 1816 811 1844 ad
827 1816 916 1850 ipsum
933 1816 1013 1850 perti-

228 1868 286 1891 net.
318 1862 347 1890 Si
377 1871 442 1899 ergo
464 1863 587 1898 possidet
625 1862 789 1898 sapientiam
808 1882 816 1893 ,
844 1865 871 1889 et
895 1865 938 1889 est
973 1869 1017 1889 res

229 1910 323 1937 divina
335 1910 469 1945 sapientia
483 1918 490 1936 :
503 1909 550 1944 qui
567 1913 610 1937 est
636 1908 775 1944 particeps
789 1908 850 1942 ejus
863 1907 937 1943 quod
962 1916 1017 1935 non

229 1956 346 1991 indiget,
361 1963 416 1983 non
439 1955 492 1983 erit
507 1954 644 1990 indigens.
661 1953 729 1981 Nam
748 1955 775 1980 in
790 1953 932 1988 sapientia:
942 1960 1018 1979 com-

229 2002 418 2030 municatione
446 2008 503 2028 non
533 2007 563 2028 se
587 1999 703 2027 invicem
719 2003 828 2026 movent
849 2002 876 2026 et
900 1998 1018 2025 retinent

229 2049 354 2084 operatio
371 2053 398 2076 et
415 2047 441 2074 id
458 2046 532 2082 quod
555 2046 715 2081 participat;
736 2053 825 2080 neque
840 2044 942 2080 aliquid
960 2048 1018 2071 tum

229 2095 365 2126 aufertur,
380 2098 427 2121 aut
442 2093 471 2120 ίὶι
490 2092 626 2128 indigens.
640 2091 760 2127 Apparet
780 2098 846 2126 ergo
861 2099 916 2118 non
931 2090 1018 2117 minui

232 2143 262 2173 »14
279 2139 404 2176 operatio
424 2148 472 2175 per
487 2140 573 2174 ipsam
588 2137 877 2166 communicationem.
894 2136 940 2163 Sic
954 2143 1019 2171 ergo

230 2187 313 2215 habet
322 2186 414 2214 omnia
425 2186 496 2213 bona
507 2186 658 2221 gnosticus,
671 2186 823 2219 potestate;
835 2181 883 2210 sed
899 2181 1018 2209 nondum

230 2233 313 2260 etiam
328 2239 454 2264 numero;
466 2235 524 2258 tum
531 2231 603 2258 enim
614 2229 748 2257 dimoveri
764 2235 819 2255 non
832 2231 936 2263 posset,
946 2225 1019 2264 quod

1064 977 1111 1004 ἐπὶ
1134 978 1191 1008 τοῖς
1215 973 1439 1011 ὲτηγγελμὲνοις,
1454 972 1492 1003 ὡς
1512 971 1562 1006 ἤδη
1587 969 1737 1004 παροῦσιν·
1751 968 1781 994 οὺ
1801 967 1857 1001 γὰρ

1061 1023 1173 1059 λέληθεν
1192 1022 1274 1049 αὐτὸν
1289 1021 1328 1052 ὡς
1347 1020 1379 1047 ἂν
1395 1019 1498 1046 ἀπόντα
1522 1017 1572 1049 ἔτι,
1590 1016 1623 1042 δι’
1638 1012 1676 1042 ὧν
1702 1015 1775 1048 ἔγνω
1792 1013 1858 1048 φθά-

1064 1079 1114 1101 σας
1127 1067 1172 1096 οἷά
1188 1069 1272 1095 ἐστιν.
1289 1067 1328 1103 Τῇ
1350 1065 1449 1100 γνώσει
1475 1061 1521 1091 οὖν
1549 1061 1732 1097 πεπεισμένος
1753 1060 1800 1086 καὶ
1819 1059 1858 1090 ὡς

1064 1116 1137 1142 ἐστιν
1152 1115 1269 1142 ’ἑκαστον
1280 1113 1334 1140 τῶν
1348 1112 1507 1148 μελλόντων,
1517 1110 1649 1144 κέκτηται
1661 1107 1750 1134 τοῦτο.
1759 1105 1796 1132 To
1803 1105 1856 1139 γὰρ

1064 1162 1152 1194 ἐνδεὲς
1160 1161 1206 1189 καὶ
1215 1160 1322 1192 ὲπιδεὲς
1329 1158 1432 1195 πρὸςτὸ
1440 1156 1583 1184 ἐπιϐάλλον
1593 1155 1743 1190 μετρεῖται.
1751 1152 1784 1178 Εἰ
1793 1150 1857 1185 γοῦν

1066 1208 1161 1243 σοφίαν
1177 1207 1318 1242 κέκτηται,
1327 1206 1373 1232 καί
1383 1204 1453 1231 θεῖον
1464 1205 1480 1238 ἡ
1492 1202 1582 1237 σοφία,
1592 1203 1606 1228 ὁ
1622 1198 1762 1230 ἀνενδεοῦς
1779 1197 1856 1233 μετέ.-

1065 1242 1120 1290 χων
1132 1253 1258 1288 ἀνενδεὴς
1272 1253 1314 1287 εἴη
1330 1252 1374 1279 ἄν.
1390 1250 1427 1277 Οὐ
1439 1249 1492 1285 γὰρ
1509 1249 1525 1284 ἡ
1539 1248 1589 1283 τῆς
1604 1246 1700 1280 σοφίας
1718 1242 1859 1290 μετάδοσις

1066 1288 1211 1329 κινούντων
1225 1298 1272 1326 καὶ
1287 1297 1414 1333 ἰσχόντων
1423 1295 1553 1331 ἀλλήλους
1560 1294 1609 1329 τῆς
1621 1301 1651 1319 τε
1659 1290 1802 1326 ἐνεργείας
1810 1288 1858 1315 καὶ

1065 1347 1113 1375 τοῦ
1132 1346 1304 1383 μετίσχοντος
1325 1344 1440 1378 γίνεται,
1469 1341 1529 1368 οὐδὲ
1549 1337 1752 1374 ἀφαιρουμένου
1776 1334 1857 1366 τινος,

1066 1394 1127 1421 οὐδὲ
1146 1392 1251 1424 ἐνδεοῦς
1270 1390 1422 1426 γινομένου.
1439 1387 1585 1423 Ἀμείωττος
1601 1386 1623 1412 δ’
1640 1382 1686 1411 οὖν
1699 1385 1717 1418 ἡ
1733 1382 1859 1419 ὲνέργεια

1066 1440 1099 1467 δι’
1112 1439 1198 1474 αὐτῆς
1206 1438 1254 1473 τῆς
1268 1436 1436 1473 μεταδόσεως
1449 1430 1693 1461 δείκνυται.οὓτως
1708 1426 1757 1455 οὖν
1771 1428 1859 1454 πάντα

1066 1486 1123 1522 ἔχει
1139 1485 1174 1512 τὰ
1187 1483 1278 1519 ἀγαθά
1293 1484 1308 1510 ό
1321 1480 1471 1517 γνωστικδς
1490 1479 1556 1515 ἡμῖν
1570 1476 1641 1504 κατὰ
1655 1476 1706 1522 τὴν
1725 1474 1839 1522 δύναμιν
1848 1481 1856 1488 ·

1067 1519 1173 1560 οῦδέπω
1186 1531 1215 1558 δὲ
1230 1530 1277 1557 καὶ
1294 1528 1365 1556 κατά
1378 1527 1424 1554 τὸν
1436 1525 1560 1562 ἀριθμόν·
1579 1523 1643 1550 ἐπεὶ
1658 1521 1714 1548 κᾶν
1726 1519 1859 1555 ἀμετάθε-

1069 1588 1115 1611 τος
1132 1577 1166 1614 ἦν
1191 1577 1261 1605 κατά
1280 1575 1329 1608 τὰς
1342 1572 1518 1610 ὀφειλομένας
1535 1570 1643 1601 ἐνθέους
1663 1566 1808 1601 προκοπὰς
1829 1573 1859 1591 τε

1068 1626 1116 1653 καὶ
1132 1613 1384 1660 διοικήσεις.Τούτῳ
1399 1618 1580 1653 συλλαμϐάνει
1593 1616 1640 1642 καὶ
1652 1617 1666 1642 ὁ
1680 1613 1758 1645 Θεὸς,
1774 1619 1859 1660 προσ-

1068 1672 1199 1708 εχεστέρᾳ
1214 1659 1334 1705 τιμήσας
1349 1667 1497 1701 ἐπισκοπῇ.
1513 1665 1548 1691 Ἣ
1564 1663 1619 1698 γὰρ
1632 1662 1694 1696 οὐχὶ
1716 1660 1772 1708 τῷν
1792 1659 1860 1708 ἀγαῗ

1069 1704 1123 1746 05v
1143 1704 1250 1753 ἀνδρῶν
1263 1704 1353 1751 χάριν,
1368 1714 1415 1741 καὶ
1436 1714 1477 1744 εἰς
1498 1712 1547 1747 τὴν
1569 1709 1672 1736 τούτων
1693 1706 1792 1753 κτῆσιν
1813 1704 1861 1731 καὶ

1069 1752 1211 1799 ὠφέλειαν,
1230 1761 1327 1798 μᾶλλον
1350 1760 1378 1785 δὲ
1401 1757 1547 1793 σωτηρίαν,
1568 1755 1603 1781 τὰ
1625 1753 1714 1780 πάντα
1732 1752 1859 1799 γέγονεν

1069 1796 1173 1838 Οῦκουν
1193 1796 1319 1843 ἀφέλοιτο
1340 1805 1450 1836 τούτους
1471 1803 1506 1830 τὰ
1528 1801 1562 1828 δι’
1586 1800 1698 1837 ἀρετὴν,
1713 1798 1748 1825 δι’
1765 1797 1812 1828 οὒς
1827 1796 1861 1822 τά

1069 1855 1208 1890 γεγονότα.
1225 1852 1308 1888 Δῆλον
1323 1850 1377 1886 γὰρ
1393 1850 1431 1881 ὡς
1450 1848 1499 1884 τὴν
1516 1847 1597 1882 φύσιν
1618 1844 1708 1890 αὐτῶν
1728 1843 1783 1890 τὴν
1795 1843 1862 1874 ἀγα-

1069 1889 1118 1938 θὴν
1137 1901 1183 1928 καὶ
1203 1901 1252 1935 τὴν
1282 1897 1441 1933 προαίρεσιν
1466 1895 1515 1929 τὴν
1538 1893 1618 1927 ἁγίαν
1642 1889 1861 1938 τιμωμενόςπε.

1069 1933 1116 1976 καὶι
1131 1949 1187 1979 τοῖς
1204 1933 1236 1974 s13-
1249 1945 1322 1982 βιοῦν
1338 1942 1556 1979 ὲπανῃρημένοις
1573 1938 1649 1973 ἰσχὺν
1666 1936 1738 1972 πρὸς
1750 1933 1864 1982 τὴνγλοι-

1069 1995 1124 2030 πὴν
1144 1992 1280 2028 σωτηρίαν
1304 1991 1419 2026 ὲμπνεῖ·
1437 1989 1493 2019 τοῖς
1520 1986 1569 2021 μὲν
1591 1981 1862 2030 προτρέπωνλμὸνον,

1069 2026 1125 2073 τοῖς
1141 2041 1168 2067 δὲ
1185 2026 1270 2073 ἀξίοις
1287 2036 1443 2073 γενομένοις
1466 2034 1496 2067 ἐξ
1513 2031 1616 2059 ἑαυτῶν
1635 2030 1683 2056 καὶ
1708 2026 1865 2062 συλλαμϐα-

1069 2089 1193 2124 νόμενος’
1209 2082 1455 2120 ἐπιγεννηματικὸν
1471 2079 1526 2115 γὰρ
1537 2079 1609 2106 ἅπαν
1624 2075 1662 2111 τῷ
1672 2073 1817 2110 γνωστικῷ
1833 2072 1864 2099 τὸ

1070 2121 1188 2170 ἀγαθόν’
1206 2133 1264 2167 εἴγε
1279 2132 1312 2167 δὴ
1328 2131 1358 2158 τὺ
1374 2128 1450 2160 τέλος
1464 2126 1537 2153 ἐστὶν
1554 2123 1629 2158 αὑτῷ
1643 2121 1865 2149 ὲπίστασθαικαὶ

1070 2167 1204 2217 πράσσειν
1231 2177 1420 2212 ἐπιστημόνως
1450 2173 1573 2200 ἕκαστον.
1605 2171 1648 2202 Ὠς
1676 2169 1705 2195 δὲ
1731 2169 1746 2195 ὁ
1774 2167 1865 2217 ίατρβ

1071 2228 1166 2263 ὑγείαν
1175 2226 1324 2262 παρέχεται
1338 2224 1393 2254 τοῖς
1411 2219 1570 2255 συνεργοῦσι
1591 2217 1658 2252 πρὸς
1683 2216 1781 2250 ὑγείαν
1795 2235 1802 2246 ,
1819 2213 1866 2240 οὓς

231 2279 327 2306 attinet
345 2278 378 2305 ad
402 2277 511 2305 divinos
531 2277 577 2312 qui
592 2276 727 2304 debentur
738 2260 879 2310 prolectus
891 2276 918 2301 et
930 2260 1014 2300 admi-

1072 2284 1127 2306 τως
1142 2275 1189 2300 καὶ
1205 2274 1219 2299 ὁ
1234 2273 1300 2303 Θεὸς
1313 2270 1361 2306 τὴν
1377 2269 1460 2296 ἀΐδιον
1477 2265 1611 2300 σωτηρίαν
1627 2264 1684 2294 τοῖς
1702 2260 1865 2297 συνεργοῦσι

231 2323 424 2351 nistrationes.
443 2323 522 2349 Hunc
543 2329 652 2357 quoque
670 2320 742 2348 Deus
769 2320 890 2354 adjuvat,
906 2318 1018 2354 propin—

231 2371 330 2405 quiore
345 2370 484 2397 honorans
500 2369 653 2396 curatione.
668 2367 767 2395 Annon
789 2367 863 2394 enim
883 2367 1019 2394 bonorum

232 2417 354 2444 virorum
374 2417 472 2452 gratia,
487 2419 514 2443 et
534 2421 563 2442 ut
585 2422 616 2442 ea
641 2414 824 2449 possiderent,
842 2418 868 2441 et
882 2413 937 2441 illis
955 2413 1018 2440 usui

231 2463 275 2490 vel
297 2462 387 2497 potius
407 2461 490 2490 saluti
514 2464 618 2492 essent,
646 2461 739 2487 omnia
764 2459 835 2486 facta
856 2459 940 2486 sunt?
957 2458 1018 2485 Non
1040 2486 1046 2494 γ

1045 2495 1055 2503 ν
1071 2488 1120 2539 vth
1136 2504 1165 2530 ὲν
1180 2503 1236 2533 τοῖς
1254 2499 1348 2531 πάλαι,
1364 2497 1453 2532 πολλῷ
1468 2495 1507 2532 τῷ
1523 2495 1611 2531 χρόνῳ
1627 2493 1657 2519 τὸ
1679 2492 1820 2527 σωμάτιον
1835 2488 1865 2516 εὖ

231 2517 298 2544 ergo
320 2508 361 2536 eis
384 2508 488 2535 auferet
512 2515 544 2535 ea
568 2515 629 2542 qua:
659 2510 723 2534 sunt
747 2510 857 2541 propter
877 2505 1016 2538 virtutem,

233 2559 345 2591 propter
359 2562 428 2590 quos
443 2559 506 2581 sunt
521 2562 581 2589 quae
590 2553 661 2581 facta
672 2556 746 2581 sunt.
764 2552 877 2580 Clarum
891 2555 933 2579 est
945 2551 1019 2578 enim

232 2602 306 2637 quod
330 2601 429 2629 bonam
453 2601 574 2636 ipsorum
594 2599 676 2635 309
694 2603 821 2626 naturam
843 2601 870 2625 et
893 2599 1019 2625 sanctum

233 2648 390 2677 institutum
407 2647 556 2679 honoraris,
574 2646 608 2674 iis
620 2646 666 2681 qui
681 2646 751 2673 bene
764 2645 854 2672 vivere
869 2643 1020 2671 constitue-

287 2731 318 2760 »Β
336 2727 368 2754 Ρ.
387 2726 440 2754 860
457 2725 511 2752 ΕΒ.
529 2724 681 2756 POTTER,
700 2723 751 2750 727
769 2722 824 2749 ΕΙ).
842 2720 955 2750 PARIS.

270 2805 327 2842 (82)
336 2805 391 2833 Kal.
407 2804 538 2842 καθάπερ
550 2803 589 2836 τῷ
600 2803 673 2842 λίθῳ
685 2802 718 2829 τὸ
730 2801 836 2842 βάρος,
849 2798 943 2842 οξξτως
954 2800 1020 2842 τοῦ·

236 2836 279 2870 δέ
300 2836 323 2875 ἦ
341 2840 491 2874 ἐπιστήμη
520 2836 757 2875 ὶὶνσιπόὸἱίητοςἰ
773 2838 838 2875 οὐξι.
858 2836 1018 2875 ἀκοιζσζιος.

236 2870 331 2904 Scribe
339 2881 425 2905 totum
436 2870 523 2902 locum
536 2875 586 2902 hoc
594 2870 677 2900 modo
687 2883 693 2900 :
709 2872 763 2900 Καὶ
773 2872 898 2906 καθάπερ
908 2870 947 2905 τῷ
957 2870 1021 2904 λίθῳ

238 2912 266 2939 τὸ
281 2911 371 2948 βάρος,
382 2911 467 2944 οὕτως
484 2910 558 2939 τοῦδε
572 2912 588 2946 ὴ
604 2910 740 2945 ἐπιστήμη
756 2907 947 2942 ἀναπόϐλητος.
965 2906 1020 2932 Οὐκ

1073 2321 1141 2357 πρὸς
1156 2319 1256 2354 γνῶσίν
1279 2327 1310 2344 τε
1337 2317 1384 2344 καὶ
1406 2313 1574 2349 εὐπραγίαν·
1592 2312 1640 2337 σὺν
1661 2310 1691 2336 δὲ
1707 2309 1748 2344 τῷ
1765 2310 1864 2338 ποιεῖν,

1072 2355 1157 2394 ὄντων
1173 2366 1215 2400 ἐφ’
1232 2364 1298 2399 ἡμῖν
1321 2363 1339 2390 ὃ.
1360 2360 1573 2397 προστάττουσιν
1598 2357 1626 2382 αἱ
1649 2355 1765 2387 ἐντολαὶ,
1784 2355 1832 2381 καὶ
1849 2355 1865 2388 ἠ

1072 2411 1222 2446 ἐπαγγελία
1244 2408 1402 2436 τελειοῦται.
1417 2406 1472 2433 Καί
1491 2412 1535 2440 μοι
1548 2403 1622 2429 δοκεῖ
1641 2402 1755 2428 κάκεῖνο
1775 2400 1866 2430 καλῶς

1072 2459 1148 2494 παρά
1155 2458 1210 2488 τοῖς
1221 2456 1333 2490 Ἕλλησι
1346 2452 1470 2487 λέγεσθαι
1483 2461 1488 2467 ·
1508 2449 1648 2494 Ἀθλητήςγ
1661 2456 1704 2478 τις
1719 2447 1771 2494 οὐκ
1787 2447 1866 2494 ἀγεν;

1074 2536 1145 2585 μάλα
1161 2547 1229 2581 πρὸς
1246 2545 1369 2581 ἀνδρείαν
1389 2543 1522 2578 ἀσκήσας,
1536 2542 1576 2572 είς
1597 2538 1733 2573 Ὀλύμπια
1749 2536 1863 2567 ἀναϐὰς,

1072 2583 1112 2627 εἰς
1137 2593 1184 2621 τοῦ
1207 2592 1322 2620 Πισαίου
1345 2591 1404 2622 Διὸς
1430 2589 1460 2616 τὸ
1483 2587 1594 2623 ἄγαλμα
1614 2584 1784 2619 ἀποϐλέψας,
1812 2595 1821 2608 ι
1835 2583 1864 2609 Εἰ

1074 2640 1177 2672 πάντα,
1200 2636 1294 2669 εἶπεν,
1317 2633 1340 2663 ὦ
1367 2634 1436 2667 Ζεῦ,
1465 2633 1577 2663 δεόντως
1602 2639 1646 2666 μοι
1668 2629 1704 2656 τὰ
1725 2629 1796 2664 πρὸς
1820 2628 1863 2654 τὸν

1073 2797 1208 2828 ἀκουσίως
1221 2795 1275 2831 γὰρ
1287 2794 1343 2821 ἀλλ’
1350 2791 1482 2831 ἑκουσίως
1490 2790 1602 2831 δυνάμει
1615 2788 1723 2831 λογικῇ,

1239 2820 1402 2868 προνοητικῇ
1420 2820 1579 2868 καθίσταται
1591 2825 1637 2851 ἐπὶ
1648 2820 1679 2868 τὸ
1744 2820 1864 2868 ἀποϐλη-

1075 2859 1164 2903 Ηῆνςίίί
1176 2868 1209 2894 δι’
1219 2859 1362 2903 εὐλαϐείας
1375 2859 1625 2903 μὲνξὰναπόϐλητον
1638 2859 1754 2893 γίνεται,
1767 2865 1795 2884 κ.
1804 2865 1828 2882 τ.
1839 2859 1861 2881 ὶ..

1076 2897 1108 2931 Εἰ
1125 2905 1163 2931 ita
1177 2897 1398 2931 convertcndtnn.
1416 2897 1545 2926 Hmasms
