1933 3075
249 193 300 222 ΠΙ
838 183 1035 213 CLEMENTIS
1051 182 1286 210 ALEXANDRINI
1828 179 1877 209 Ui

250 249 279 277 in
306 256 413 284 semper
434 246 610 276 memoranda
642 245 780 280 ascriptus
810 242 1052 277 contemplatione.
1081 240 1152 273 Quid
1183 248 1259 273 vero,
1283 248 1338 269 non
1370 239 1444 266 aliud
1459 245 1569 274 quoque
1584 236 1765 270 sacriﬁcium,
1781 243 1877 272 nempe

251 283 409 330 dogmatum
422 298 449 322 et
463 293 639 328 pecuniarum
652 293 680 319 in
693 298 794 326 egenos
805 289 978 325 largitionem
1007 287 1167 323 cognoscit?
1182 286 1308 314 Maxime.
1324 285 1377 313 Sed
1391 293 1441 312 nec
1451 293 1483 312 ea
1502 292 1563 319 qua:
1578 283 1608 310 ﬁt
1619 291 1666 310 ore
1695 283 1786 310 utitur
1814 290 1876 310 ver-

249 329 317 372 hosa
334 341 499 376 precatione,
514 343 542 367 ut
552 340 597 375 qui
616 346 677 374 quae
704 342 797 373 petere
813 339 948 371 oporteat,
974 342 989 363 a
1005 334 1122 365 Domino
1136 333 1274 360 didicerit.
1289 332 1318 360 In
1334 332 1408 359 omni
1438 339 1504 367 ergo
1529 331 1588 358 loco
1612 330 1716 362 orabit,
1747 329 1796 357 sed
1822 337 1876 356 non

249 391 282 416 ut
295 375 388 423 aperte
401 387 501 423 populo
522 389 662 422 appareat.
677 384 749 418 Quin
765 390 831 412 vero
851 387 878 410 et
902 382 974 409 inter
988 381 1195 412 ambulandum,
1215 385 1243 408 et
1260 380 1287 409 in
1306 386 1433 408 sermone
1455 381 1483 405 et
1514 377 1606 412 quiete
1638 381 1664 404 et
1687 375 1826 423 lectione,
1851 379 1877 402 et

249 421 378 468 operibus
401 421 461 467 quis
485 421 553 458 fiuth
587 438 619 457 ex
637 430 753 462 ratione,
773 428 848 458 omni
884 427 965 454 modo
996 432 1133 462 precatur.
1156 426 1228 460 Quin
1250 425 1274 453 si
1295 425 1323 451 in
1345 424 1432 460 ipsius
1456 423 1555 450 anima:
1573 422 1763 458 penetralibus
1787 421 1875 449 solum

249 467 425 513 cogitaverit,
455 482 536 512 atque
570 475 820 503 «inenarrabilibus
848 474 996 508 gemitibus
1021 483 1030 500 ι
1052 472 1161 500 Patrem
1186 471 1364 502 invocaverit,
1396 470 1441 498 ille
1460 477 1546 505 prope
1575 469 1652 497 adest
1664 476 1698 496 eo
1714 467 1809 494 adhuc
1837 467 1874 493 lo-

248 529 359 560 quente.
373 525 440 551 Cum
451 524 508 551 sint
520 528 610 550 autem
626 526 683 550 tres
698 521 766 548 ﬁnes
790 519 913 555 cujusvis
926 519 1053 552 actionis,
1074 522 1186 554 propter
1201 518 1227 545 id
1253 517 1362 553 quidem
1379 516 1452 552 quod
1469 520 1512 544 est
1531 516 1633 548 bonum
1650 519 1678 543 et
1703 514 1773 542 utile
1787 513 1879 549 omnia

248 569 562 606 operaturzvoluptatis
577 572 669 596 autem
697 575 781 594 causa
810 565 913 601 aliquid
940 573 1031 601 agere,
1051 565 1095 592 his
1109 563 1240 599 relinquit
1254 563 1301 599 qui
1331 563 1471 599 vulgarem
1499 562 1584 591 vitam
1607 564 1773 596 sequuntur.

958 642 1079 672 CAPUT
1095 641 1164 670 Vill.

463 702 617 731 Gnosticttm
628 708 716 731 verum
735 701 774 727 ita
788 699 872 729 colere
885 699 1021 730 veritatem
1039 703 1068 725 ut
1082 706 1114 726 ne
1126 697 1230 734 quidem
1254 706 1319 733 opus
1330 697 1423 724 habeat
1446 697 1600 732 juramento
1616 697 1667 727 uti.

284 759 377 795 Longe
388 763 484 787 .autem
500 759 577 786 abest
593 764 622 785 ut
632 758 678 792 qui
695 757 722 784 in
734 757 782 784 tali
797 756 896 791 pietate
908 755 1036 791 probatus

1125 755 1226 782 Πολλοῦ
1241 763 1273 789 γε
1286 755 1327 782 δεῖ
1338 755 1384 782 τὸν
1401 755 1430 781 ὲν
1446 754 1556 790 τοιαύτῃ
1574 754 1700 790 εύσεὸείᾳ
1713 753 1878 790 ὲξεταζόμιη

217 802 221 806 ’
249 811 301 839 est,
317 808 353 835 sit
366 806 400 834 ad
416 805 603 836 mentiendum
620 811 773 839 propensus
787 807 814 830 et
830 802 1036 838 adjurandum:

1091 810 1132 828 νον
1146 801 1292 836 πρόχειρον
1309 798 1378 828 εἶναι
1394 801 1458 836 περί
1472 809 1502 827 τε
1519 801 1548 827 τὸ
1567 800 1718 832 ψεύσασθαι
1734 801 1838 836 περίτε
1850 800 1879 829 τὸ

248 858 290 880 est
305 852 378 880 enim
397 851 592 887 jusjurandum
608 849 746 877 confessio
761 848 900 876 definitiva
916 855 978 875 cum
994 847 1037 875 di-

248 898 313 927 vina
339 897 537 932 assumptione.
565 895 616 928 Qui
643 899 686 926 est
709 899 800 925 autem
825 893 909 921 semel
937 892 1036 925 fidelis,

248 943 387 978 quomodo
412 943 532 976 seipsum
555 941 690 968 inﬁdelem
717 940 874 976 prwbuerit,
902 945 932 966 ut
956 939 1037 967 etiam

249 997 319 1024 opus
335 989 434 1017 habeat
454 987 644 1022 jurejurando,
666 991 693 1014 et
719 995 772 1015 non
788 987 824 1016 ita
849 987 933 1013 vitam
955 986 1038 1014 insti-

249 1038 319 1066 tuat,
333 1038 363 1062 ut
375 1041 407 1062 ea
424 1034 459 1061 sit
474 1033 580 1060 tirnium
590 1041 621 1060 ac
631 1033 772 1060 definitum
787 1032 991 1067 jusjurandum,
1004 1031 1037 1057 ﬁ-

249 1081 368 1115 demque
383 1080 511 1107 ostendat
530 1079 713 1106 confessionis
728 1079 755 1106 in
770 1078 907 1105 constanti
930 1077 1038 1106 stabili-

250 1134 304 1162 que
324 1126 381 1153 vita
398 1130 425 1157 et
438 1126 584 1154 sermone?
596 1125 624 1152 Si
642 1129 732 1152 autem
750 1125 776 1152 in
791 1124 898 1160 judicio
914 1124 975 1158 ejus
990 1122 1037 1157 qui

251 1172 318 1203 facit
331 1176 358 1199 et
375 1172 507 1207 loquitur,
525 1172 644 1207 positum
661 1175 703 1198 est
720 1171 810 1198 facere
827 1170 967 1205 injuriam,
982 1176 1036 1196 non

251 1219 279 1245 in
294 1218 470 1253 perpessione
483 1218 544 1252 ejus
559 1218 606 1253 qui
623 1218 726 1252 patitur
741 1217 973 1252 persecutionem,
988 1223 1038 1242 ne-

249 1273 303 1301 que
319 1266 476 1297 mentietur,
493 1272 583 1299 neque
605 1264 747 1299 pejcrabit,
762 1268 791 1290 ut
809 1263 855 1298 qui
881 1262 963 1288 Deum
982 1261 1039 1287 affi-

249 1314 325 1338 ceret
336 1311 447 1346 injuria,
461 1318 522 1337 cum
535 1318 598 1337 cum
611 1310 684 1337 sciat'
695 1314 792 1337 natura
804 1316 866 1336 esse
880 1306 1037 1343 hujusmodi

251 1361 280 1383 ut
297 1356 408 1383 minimc
423 1356 484 1382 laedi
506 1356 604 1391 possit.
631 1355 683 1382 Sed
708 1363 796 1390 neque
814 1358 925 1390 propter
946 1355 1038 1389 proxi-

248 1410 324 1431 mum
338 1401 499 1434 mentietur,
521 1401 563 1428 vel
584 1401 687 1436 aliquid
710 1401 940 1435 tl'ansgredietur,
956 1409 1036 1435 quem

1087 846 1200 882 ὀμόσαι·
1216 847 1296 882 ὅρκος
1314 846 1363 881 μὲν
1382 846 1436 882 γάρ
1452 847 1525 872 ἐστιν
1545 845 1674 881 ὁμολογίᾳ
1699 845 1878 882 meopte-mm

1090 891 1158 927 μετά
1174 891 1428 928 προσπαραλήψεως
1441 890 1516 922 θείας
1531 890 1596 927 (89)·
1612 891 1626 916 ὁ
1639 890 1667 916 δὲ
1689 890 1763 924 ἅπαξ
1785 891 1879 924 πιστὸς

1087 938 1146 969 πῶς
1158 938 1189 964 ἂν
1204 937 1299 965 ἑαυτὸν
1315 937 1427 964 ἄπιστον
1441 937 1588 972 παράσχοι,
1604 936 1642 967 ὡς
1662 936 1710 963 καὶ
1726 937 1810 972 ὅρκου
1827 937 1879 963 δεῖ-

1088 984 1160 1015 σθαι,
1177 983 1237 1019 οὐχὶ
1251 983 1279 1009 δὲ
1294 982 1418 1018 ἐμπέδως
1432 983 1480 1009 καὶ
1498 982 1710 1018 καθωρισμένως
1726 983 1809 1018 ὅρκον
1823 982 1877 1018 (9ο)

1087 1029 1157 1058 εἶναι
1173 1029 1260 1065 τούτῳ
1272 1030 1317 1056 τὸν
1339 1029 1412 1065 pinv;
1429 1029 1462 1064 ζῇ
1477 1037 1507 1055 τε
1525 1028 1573 1055 καὶ
1591 1028 1773 1059 πολιτεύεται,
1785 1029 1834 1055 καὶ
1850 1029 1879 1055 τὸ

1088 1077 1181 1104 πιστὸν
1204 1076 1254 1111 τῆς
1277 1075 1422 1111 ὁμολογίας
1443 1077 1475 1102 ὲνη
1493 1075 1682 1110 ἀμεταπτώτῳ
1711 1075 1759 1102 καὶ
1778 1076 1878 1110 Erigain

1087 1120 1206 1146 δείκνυσι
1235 1119 1284 1155 βίῳ
1298 1128 1327 1146 τε
1350 1120 1397 1148 καὶ
1416 1119 1498 1155 λόγῳ.
1521 1121 1553 1146 Et
1567 1120 1595 1146 δὲ
1618 1121 1646 1146 ἐν
1662 1121 1695 1156 τῇ
1721 1121 1812 1156 κρίσει
1831 1120 1877 1148 τοῦ

1087 1166 1203 1202 δρῶντος
1214 1167 1261 1193 καὶ
1274 1165 1416 1197 λαλοῦντος
1433 1166 1463 1192 τὸ
1476 1166 1592 1197 ἀδικεῖν,
1607 1167 1666 1201 οὐχὶ
1684 1167 1712 1192 δὲ
1727 1168 1756 1193 ὲν
1770 1167 1810 1202 τῷ
1824 1169 1877 1194 πά-

1088 1212 1129 1239 θει
1153 1214 1240 1239 κεῖται
1265 1212 1312 1239 τοῦ
1339 1212 1547 1247 διακονούμενον
1572 1212 1639 1247 (91),
1664 1212 1725 1239 οὕτε
1746 1212 1878 1247 ψεύσεται

1087 1258 1149 1286 οὗτε
1170 1259 1339 1294 ἐπιορκήσει,
1362 1258 1400 1290 ὡς
1417 1258 1517 1285 ἀδικῶν
1536 1258 1567 1284 τὸ
1590 1259 1676 1289 Θείον,
1698 1258 1777 1285 τοῦτο
1798 1258 1877 1292 φύσει

1087 1304 1203 1336 ἀϐλαϐὲς
1220 1305 1352 1340 ὑπάρχειν
1369 1304 1464 1336 εἰδώς”
1489 1304 1546 1331 ἀλλ’
1561 1304 1620 1331 οὐδὲ
1635 1304 1678 1330 διὰ
1701 1304 1746 1330 τὸν
1762 1304 1877 1339 πλησίον

1087 1350 1217 1385 ψεύσεται
1237 1351 1252 1386 ἢ
1275 1350 1465 1386 παραϐήσεται
1480 1359 1516 1382 τι,
1535 1351 1564 1377 ὃν
1580 1359 1612 1384 γε
1626 1351 1735 1386 ἀγαπᾷν
1753 1350 1877 1386 μεμάθη-

1087 1405 1129 1428 κε,
1146 1397 1198 1423 κᾶν
1212 1397 1249 1432 μὴ
1269 1396 1386 1432 συνήθης
1402 1396 1532 1432 τυγχάνῃ.
1549 1398 1588 1423 Δι’
1614 1397 1709 1423 ἑαυτὸν
1724 1397 1752 1423 δὲ
1769 1398 1814 1433 ἄρ’
1836 1397 1877 1423 ἐτι

251 1447 348 1478 didicit
367 1447 491 1482 diligere,
507 1448 615 1475 etiamsi
630 1455 684 1475 non
704 1447 740 1475 sit
756 1447 909 1475 familiaris.
921 1446 1036 1482 Propter

1091 1443 1186 1478 μᾶλλον
1203 1443 1264 1469 οὔτε
1288 1442 1417 1477 ψεύσεται
1436 1442 1498 1470 οὕτε
1523 1443 1698 1479 ἐπιορκήσει,
1725 1443 1783 1477 εἴγε
1804 1443 1875 1470 ἑκὼν

251 1492 373 1527 seipsum
389 1496 480 1520 autem
509 1492 596 1519 multo
621 1492 711 1520 minus
736 1496 782 1519 aut
805 1492 964 1524 mentietur,
990 1496 1037 1518 aut

250 1537 395 1573 pejerabit,
404 1538 539 1573 siquidem
551 1546 690 1572 nunquam
705 1546 754 1565 sua
767 1541 863 1572 sponte
874 1538 901 1564 in
916 1539 1036 1573 seipsum

250 1582 371 1617 iniustus
388 1584 552 1610 invenietur.
571 1583 625 1610 Sed
638 1591 728 1618 neque
747 1583 833 1617 jurat,
849 1587 879 1609 ut
893 1584 940 1618 qui
955 1583 981 1610 in
997 1583 1038 1610 af-

251 1629 407 1657 ﬁrmatione
421 1628 543 1664 quidem,
562 1637 571 1653 ι
592 1627 630 1659 Ita
646 1634 659 1647 α
677 1637 683 1655 :
703 1637 712 1653 ›
731 1628 757 1654 in
772 1627 919 1663 negatione
932 1631 1035 1663 autem,

252 1673 327 1703 cNon
336 1675 378 1706 ιη»
398 1682 531 1709 usurpare
546 1674 730 1701 constituerit.
748 1673 882 1705 animare
905 1675 978 1701 enim
994 1679 1037 1702 est

250 1720 463 1759 jusjurandum,
491 1720 532 1747 vel
558 1725 687 1754 tanquam
714 1719 922 1755 jusjurandum,
947 1723 1038 1750 mente

251 1771 416 1801 conceptum
449 1766 573 1802 proferre
602 1767 635 1793 ad
667 1765 773 1801 aliquid
804 1765 1036 1801 persuadendum.

252 1812 358 1843 Sufﬁcit
375 1820 440 1848 ergo
464 1812 490 1839 ei
515 1812 559 1839 vel
576 1811 749 1843 aﬂirmationi
769 1812 812 1839 vel
829 1812 968 1846 negationi
991 1811 1038 1838 ad-

252 1859 318 1886 dere
334 1857 411 1890 illud,
433 1857 501 1885 Vere
526 1858 598 1890 dico,
618 1861 647 1890 ut
669 1857 748 1885 ﬁdem
767 1858 800 1886 iis
823 1858 915 1890 faciat,
934 1858 979 1892 qui
996 1866 1039 1885 re-,

252 1904 346 1939 sponsi
369 1904 429 1939 ejus
456 1912 509 1931 non
525 1904 694 1939 perspiciunt
721 1904 908 1935 stabilitatem.
925 1902 1038 1939 Oportet

251 1951 325 1981 enim
338 1958 400 1978 eum
417 1950 530 1983 habere,
549 1954 580 1979 ut
601 1957 652 1985 ego
676 1950 788 1985 quidem
808 1950 947 1982 existimo,
968 1949 1039 1984 apud

251 2001 379 2025 externos
396 1997 507 2032 quidem
523 1997 607 2023 vitam
621 1996 674 2028 [ide
685 1996 805 2032 dignam,
821 2000 851 2026 ιιι
867 2004 901 2023 ne
915 1995 1038 2030 postule-

250 2046 297 2070 tur
311 2043 420 2078 quidem
436 2043 470 2070 ab
486 2050 518 2070 eo
530 2042 722 2077 jusjurandum
743 2042 832 2076 :apud
849 2041 970 2076 seipsum
987 2048 1038 2068 au-

251 2091 306 2115 tem
322 2091 349 2115 et
364 2087 410 2123 qui
432 2095 493 2115 cum
509 2095 541 2114 eo
552 2087 854 2118 conversantur.animi
870 2087 1036 2122 mquitatem,

252 2142 312 2169 quze
330 2137 373 2161 est
384 2134 491 2168 justitia
507 2134 671 2163 voluntaria.
687 2132 746 2160 .lam
759 2141 826 2161 vero
841 2137 916 2164 recte
931 2136 1037 2168 gnosti-

251 2189 301 2211 cus
315 2181 400 2216 jurat,
419 2181 548 2216 proclivis
570 2184 659 2207 autem
679 2180 713 2209 ad
734 2180 882 2214 juraudum
906 2187 960 2206 non
981 2183 1034 2211 est.

250 2232 348 2255 verum
364 2232 427 2252 raro
440 2225 551 2260 quidem
563 2224 668 2253 accedit
685 2224 718 2251 ad
736 2224 896 2259 jurandum,
909 2232 941 2252 eo
954 2232 1035 2260 quem

1087 1490 1136 1515 οὐκ
1146 1490 1177 1516 ἄν
1190 1497 1254 1515 ποτε
1263 1488 1354 1521 ἄδικος
1365 1490 1404 1520 είς
1415 1489 1509 1516 ἑαυτὸν
1517 1489 1652 1524 εὑρεθείη.
1669 1489 1737 1515 Ἀλλ’
1749 1489 1810 1516 οὐδὲ
1826 1489 1877 1515 οἴε-

1087 1543 1131 1561 ται
1140 1535 1194 1570 (92)
1207 1535 1253 1562 ἐπὶ
1270 1535 1318 1570 μὲν
1330 1535 1379 1570 τῆς
1393 1534 1616 1568 συγκαταθέσεως
1628 1534 1706 1570 μόνον
1716 1535 1747 1561 τὸ
1763 1544 1771 1560 ι
1785 1535 1850 1567 Ναὶ,
1864 1545 1873 1560 ι

1088 1581 1134 1611 ἐπὶ
1148 1580 1175 1607 δὲ
1195 1581 1244 1616 τῆς
1261 1580 1400 1617 ἀρνήσεως
1419 1581 1448 1607 τὸ
1474 1589 1483 1606 ι
1503 1579 1540 1607 Οὒ
1557 1589 1566 1606 ι
1579 1580 1758 1616 προελόμενος
1766 1581 1875 1607 τάσσειν

1089 1627 1240 1662 ἐπίρρημα.
1262 1627 1390 1662 Ὀμνύναι
1402 1626 1455 1662 γάρ
1473 1627 1531 1652 ἐστι
1545 1627 1574 1653 τὸ
1591 1627 1682 1662 ὅρκον,
1696 1627 1713 1662 ἢ
1733 1627 1772 1658 ὡς
1783 1626 1816 1653 ἃν
1828 1627 1861 1662 ὃρ

1088 1681 1146 1704 κον,
1162 1672 1215 1699 ἀπὸ
1226 1672 1345 1704 διανοίας
1360 1672 1561 1709 προσφέρεσθαι
1578 1672 1633 1708 (95)
1649 1673 1873 1709 παραστατικῶς.

1095 1718 1185 1754 ⁵Λρκεῖ
1199 1718 1288 1745 τοίνυν
1301 1718 1375 1754 αὐτῷ
1394 1719 1453 1754 ἦτοι
1469 1719 1502 1754 τῇ
1521 1717 1720 1752 συγκαταθέσει
1741 1719 1758 1754 ἢ
1775 1720 1809 1754 τῇ
1826 1720 1879 1755 dp:

1088 1765 1164 1800 νήσει
1182 1764 1339 1800 προσθεῖναι
1350 1763 1393 1794 τὸ,
1404 1764 1522 1800 Ἀληθῶς
1543 1764 1625 1798 λέγω,
1648 1766 1688 1796 είς
1702 1765 1876 1800 παράστασιν

1088 1810 1141 1841 τῶν
1153 1810 1190 1846 μὴ
1200 1809 1352 1846 διορώντων
1362 1810 1444 1837 αὐτοῦ
1460 1810 1489 1837 τὸ
1505 1810 1611 1845 βέϐαιον
1625 1809 1675 1845 τῆς
1689 1811 1875 1847 ἀποκρίσεως.

1090 1856 1182 1891 Ἔχειν
1197 1855 1262 1892 γὰρ,
1279 1854 1367 1892 οἶμαι,
1385 1856 1439 1892 χρὴ
1456 1856 1524 1891 πρὸς
1538 1856 1588 1891 μὲν
1607 1857 1670 1889 τοὺς
1688 1856 1741 1889 ἔξω
1759 1857 1806 1884 τὸν
1819 1857 1877 1892 βίον

1089 1901 1254 1934 ἀξιόπιστον,
1269 1902 1306 1934 ὡς
1322 1902 1389 1937 μηδὲ
1400 1903 1480 1937 ὅρκον
1494 1902 1638 1934 αἰτεῖσθαι,
1657 1903 1725 1938 πρὸς
1740 1903 1836 1929 ἑαυτὸν
1847 1903 1876 1930 δὲ

1089 1949 1136 1974 καὶ
1158 1950 1220 1981 τοὺς
1245 1948 1383 1980 συνιέντας
1405 1948 1460 1983 (94)
1481 1947 1699 1984 εὐγνωμοσύνην,
1718 1949 1782 1984 ἣτις
1803 1949 1877 1975 ἐστὶν

1089 1994 1210 2026 ἑκούσιος
1223 1993 1387 2029 δικαιοσύνη.
1404 1993 1506 2023 Αὐτίκα
1519 1993 1630 2029 εὔορκος
1647 1993 1706 2029 μὲν,
1719 1993 1750 2020 οὐ
1765 1993 1818 2029 μὴν
1833 1994 1878 2019 εύ‹

1089 2039 1218 2076 επίφορος
1230 2041 1276 2067 ἐπὶ
1293 2040 1322 2067 τὸ
1336 2040 1450 2076 ὀμνύναι
1466 2040 1480 2066 ὁ
1501 2040 1660 2074 γνωστικὺς,
1680 2041 1695 2067 ὅ
1707 2048 1739 2074 γε
1755 2040 1877 2072 σπανίως

1090 2085 1136 2111 ἐπὶ
1152 2086 1181 2112 τὸ
1195 2085 1307 2121 ὀμνύναι
1319 2084 1619 2121 ἁφικνούμενος,οὖτως
1632 2085 1681 2120 μέν
1695 2094 1736 2112 τοι
1755 2085 1794 2117 ὡς
1807 2085 1876 2120 ἐνθα-

1092 2139 1151 2166 μεν.
1169 2131 1223 2158 Καί
1236 2140 1276 2158 τοι
1288 2132 1318 2159 τὸ
1332 2131 1473 2166 ἀληθεύειν
1482 2132 1552 2158 κατά
1568 2130 1613 2157 τὸν
1628 2131 1708 2167 ὅρκον
1725 2131 1794 2166 μετά
1810 2140 1866 2166 συμ

1090 2176 1193 2211 φωνίας
1209 2176 1258 2212 τῆς
1274 2177 1345 2203 κατὰ
1358 2177 1388 2203 τὸ
1411 2176 1510 2211 ἀληθὲς
1532 2176 1646 2211 γίνεται.
1663 2176 1700 2202 Τὸ
1717 2177 1810 2212 εὑρεῖν
1831 2175 1877 2203 οὖν

1089 2223 1232 2258 συμϐαίνει
1247 2223 1317 2250 κατὰ
1329 2223 1378 2258 τὴν
1399 2223 1567 2258 κατόρθωσιν
1589 2223 1638 2257 τὴν
1659 2224 1688 2249 ὲν
1713 2224 1770 2254 τοῖς
1793 2222 1878 2258 καθή-

307 2314 338 2344 >14
355 2311 388 2340 Ρ.
405 2311 458 2340 862
476 2311 530 2340 ΕΙ).
546 2312 694 2346 POTTER,
715 2313 768 2340 729
785 2312 839 2340 ΕΙ).
857 2312 968 2341 PARIS.
1006 2319 1020 2333 ι

1091 2312 1135 2340 ιιι.
1153 2320 1181 2344 v,
1197 2312 1242 2340 57.
1280 2312 1294 2332 ι’
1311 2311 1369 2343 lac.
1385 2320 1412 2345 ν,
1430 2311 1473 2338 12.

253 2403 381 2434 difficilis,
408 2407 569 2437 sequuntur.
597 2413 606 2428 ι
627 2403 691 2431 Vult
707 2403 778 2431 enim
805 2408 919 2435 auctor,
947 2404 1037 2430 virum

253 2446 317 2465 vere
331 2438 481 2473 perfectum
497 2447 552 2469 non
568 2447 646 2473 egere
660 2439 855 2474 voluptatibus,
870 2439 970 2474 quibus
984 2439 1037 2465 hu-

251 2459 557 2506 juscerv’iuevterumntis
573 2459 800 2509 Ιὲἦῖξιξιιιιιιζὶηο
870 2459 978 2509 paruuli,
994 2474 1036 2501 vel

253 2516 288 2536 ne
300 2508 408 2542 quidem
421 2508 531 2536 omnino
543 2509 633 2536 sentit.

291 2543 346 2578 (89)
363 2542 443 2570 Μετὰ
462 2543 741 2578 προσπαραὶήψεως
760 2544 850 2578 θείας.
872 2553 881 2569 ι
902 2543 969 2571 Cum
989 2551 1036 2571 as-

255 2581 414 2641 gurltli’ptione
428 2579 513 2607 divini
525 2580 654 2612 nominis,
674 2589 683 2604 ι
699 2579 787 2614 inquit
799 2580 825 2607 in
839 2579 931 2607 Indice
945 2578 1037 2607 erco

277 2622 292 2641 v
323 2621 382 2641 ιιι-ιι.

287 2621 382 2648 rtuurg.

277 2622 483 2684 yzggfg'bpxor.
508 2648 536 2678 ld
559 2649 593 2678 de
616 2648 770 2681 Xenocrate
794 2649 956 2684 philosopho
976 2653 1035 2676 tra-

255 2685 325 2711 dunt
340 2688 476 2712 auctores.
491 2684 587 2711 Cicero
598 2692 644 2718 pro
658 2684 742 2710 Balbo
759 2692 767 2710 :
787 2694 796 2709 ι
813 2684 927 2712 Athenis
947 2685 1033 2716 aiunt,

255 2728 317 2746 cum
336 2719 445 2753 quidam
464 2719 534 2754 apud
550 2727 607 2750 eos,
630 2720 678 2753 qui
692 2723 785 2746 sancte
806 2720 978 2754 graviterque
994 2720 1035 2745 vi-

254 2755 341 2782 xisset
355 2776 363 2788 ,
397 2755 580 2781 testimonium
605 2754 710 2788 publice
728 2754 848 2785 diceret,
871 2760 909 2785 et,
929 2759 959 2780 ut
975 2762 1034 2782 mos

254 2789 413 2819 Graecorum
431 2794 483 2821 est,
508 2789 618 2823 jurandi
643 2796 726 2816 causa
745 2789 779 2815 ad
799 2796 861 2816 aras
883 2789 1033 2822 accederet,

257 2833 310 2851 una
331 2832 397 2852 voce
411 2832 507 2852 omnes
522 2824 639 2857 judices,
657 2831 691 2850 ne
709 2824 733 2851 is
749 2824 871 2858 jurarel,
888 2825 1035 2852 reclamas-

256 2868 296 2892 σε.
323 2861 332 2885 ὁ
355 2859 482 2886 ldem‘ad
499 2859 615 2886 Atticum
639 2859 687 2885 lib.
709 2867 764 2886 xv:
784 2868 794 2884 ι
815 2859 880 2892 Quae
903 2859 969 2887 milii
991 2867 1035 2887 res

257 2896 341 2927 multo
358 2895 579 2923 honoriﬁcentior
594 2896 652 2922 visa
668 2897 720 2927 est,
740 2902 820 2930 quam
849 2898 879 2925 ut
900 2895 956 2928 illa,
972 2903 1034 2927 cum

1087 2403 1181 2438 jurare
1194 2403 1234 2431 tui
1248 2402 1321 2431 cives
1336 2402 1518 2438 Xenocratem
1534 2403 1722 2438 testimonium
1739 2402 1877 2431 dicentem

1090 2438 1305 2473 prohibuerunt,
1332 2447 1341 2464 ι
1362 2443 1413 2466 etc.
1429 2437 1521 2473 ,Conf.
1545 2437 1678 2472 Diogenes
1697 2437 1829 2466 Laertius
1851 2439 1878 2466 in

1091 2472 1249 2505 Xenocrate;
1266 2473 1390 2503 Valerius
1411 2472 1556 2507 Maximus,
1574 2473 1622 2501 lib.
1650 2481 1681 2502 ιι.
1700 2482 1725 2500 c.
1743 2474 1793 2500 ult.

1127 2509 1182 2544 (91)
1208 2507 1456 2542 Διακονουμένου.
1481 2507 1555 2544 Lege
1577 2508 1767 2544 ἀδικουμένου.
1787 2508 1876 2541 Quam

1090 2542 1235 2571 lectionem
1247 2547 1357 2571 secutus
1365 2543 1472 2570 videtur
1480 2542 1623 2578 interpres.
1631 2542 1745 2571 Low-ra.
1753 2559 1788 2564 —
1795 2544 1877 2570 Forte

1090 2579 1180 2606 verior
1196 2579 1276 2606 lectio
1290 2583 1331 2606 est
1349 2578 1523 2614 διωκομένου,
1538 2586 1598 2613 qua:
1614 2586 1664 2605 vox
1684 2579 1803 2606 forensis
1823 2583 1875 2609 est,

1091 2618 1118 2640 et
1141 2622 1201 2641 eum
1225 2614 1404 2650 signiﬁcatat
1426 2613 1472 2648 qui
1495 2614 1712 2650 persecutionem
1728 2615 1845 2649 patitur,
1865 2623 1873 2639 ι

1091 2653 1120 2676 ιιι
1138 2650 1294 2683 interpretis
1312 2648 1401 2676 verbis
1414 2655 1484 2676 utar.

1125 2684 1181 2719 (92)
1212 2682 1287 2711 Ἀλλ’
1309 2683 1380 2711 οὐδὲ
1405 2684 1505 2711 οἴεται.
1533 2682 1714 2711 Scribendum
1733 2684 1791 2711 ἀλλ’
1814 2685 1875 2711 οὐδὲ

1087 2719 1210 2754 ὅμνυται.
1229 2719 1290 2746 Non
1306 2719 1386 2745 modo
1402 2727 1456 2746 non
1477 2719 1590 2754 pejerat,
1612 2728 1621 2745 ι
1638 2719 1686 2746 sed
1707 2727 1741 2747 ne
1761 2719 1876 2747 omnino

1088 2755 1196 2789 quidem
1210 2754 1295 2786 jurat,
1312 2763 1321 2779 ›
1336 2754 1413 2788 juxta
1433 2754 1533 2781 Christi
1548 2758 1724 2789 prteceptum.

1090 2823 1109 2851 s
1124 2789 1180 2822 (95)
1192 2789 1426 2824 Πρω-φέρεσθαι.
1440 2790 1474 2817 Η.
1488 2789 1698 2825 προφέρεσθαι,‹
1710 2789 1847 2825 proferre.
1862 2798 1872 2817 I

1111 2832 1221 2851 “nunc.

1111 2832 1221 2852 YLBURG.

1125 2860 1181 2893 (94)
1199 2859 1274 2892 Τοὺς
1291 2859 1460 2893 συνιέντας.
1477 2859 1559 2887 Forte
1579 2860 1670 2895 aptius
1684 2861 1749 2893 τοὺς
1771 2860 1874 2890 συνιόν-

1088 2903 1147 2928 τας,
1164 2905 1172 2920 ι
1191 2903 1240 2923 eos
1251 2896 1298 2931 qui
1312 2902 1404 2922 secum
1419 2898 1625 2926 conversantur.
1646 2905 1655 2921 ι
1675 2895 1712 2926 In.
