1933 3075
64 185 117 212 ιιῖὂ

692 183 909 212 STROMATUM
926 183 990 211 LIB.
1012 183 1067 211 VH.

1643 184 1696 212 474

63 249 158 268 κηυσιν
171 239 239 276 (95).
255 240 314 267 Ποῦ
330 239 419 267 τοίνυν
439 239 479 266 ἔτι
499 239 555 275 (96)
570 239 617 266 τοῦ
632 240 714 275 ὅρκου
728 241 807 276 χρεία
820 240 858 276 τῷ

917 240 1029 268 iiximus
1050 240 1140 268 modo.
1159 239 1320 276 Quanquam
1338 244 1369 268 ut
1384 240 1420 268 sit
1442 248 1523 267 verax
1544 240 1572 268 in
1595 240 1697 276 jureju-

63 287 137 315 κατὰ
151 287 238 323 ἄκρον
250 285 383 321 ἀληθείας
396 285 515 321 βιοῦντι;
533 286 562 312 '0
577 285 625 321 μὲν
637 283 683 313 οὖν
701 286 767 322 μηδὲ
777 286 860 321 ὀμνὺς

64 332 167 360 ποῃοῦ
181 341 214 367 γε
226 332 267 358 δεῖ
284 332 341 368 (9⁵1)
357 332 517 367 ἐπιορκήσει
529 340 535 346 ·
550 332 564 358 6
581 332 608 358 δὲ
627 331 708 367 μηδὲν
725 331 861 368 παραϐαί-

62 387 118 406 νων
128 378 184 405 τῶν
201 378 273 405 κατὰ
291 377 340 410 τὰς
356 377 491 411 συνθήκας
503 377 557 403 οὐδ’
574 377 607 404 ἂν
621 377 721 412 ὀμόσαι
734 377 858 404 πώποτεο

63 425 131 452 ὅπου
147 431 181 458 γε
199 424 250 458 τῆς
270 431 299 449 τε
315 422 500 458 παραϐάσεως
515 422 563 449 καὶ
579 423 628 457 τῆς
644 422 821 454 ἐπιτελέσεως
832 424 861 449 ὲν

63 471 122 501 τοῖς
141 469 234 505 ἓργοις
248 470 265 504 ἡ
286 468 418 504 κύρωσις,
434 469 530 504 ὥσπερ
552 468 648 503 ἀμέλει
670 468 700 494 τὺ
715 467 861 503 ψεύδεσθαι

63 515 115 542 καὶ
131 515 163 541 το
178 515 339 550 ψευδορκείν
353 515 381 541 ὲν
396 514 434 549 τῷ
447 514 546 548 λέγειν,
563 514 610 540 καὶ
625 513 655 540 τὸ
674 513 790 549 ὀμνύναι
805 512 860 549 (98)

63 562 143 596 παρὰ
160 561 191 587 τὸ
211 560 343 595 καθῆκον.
370 560 398 587 '0
414 560 442 586 se
457 559 569 591 δικαίως
591 559 675 595 βιοὺς,
702 559 785 595 μηδὲν
809 567 862 585 πα-

65 607 206 642 ραϐαίνων
221 607 275 633 τῶν
284 606 472 641 καθηκόντων,
485 606 548 633 ἔνθα
563 607 580 641 ἡ
592 605 683 642 κρίσις
699 606 715 641 ἡ
731 606 780 640 τῆς
794 605 861 641 ἀλη-

62 653 145 687 θείας
161 652 329 686 ἐξετάζεται,
348 654 404 684 τοῖς
416 653 507 688 ἔργοις
524 652 642 687 εὐορκεῖ.
656 651 792 687 Παρέλκει
808 651 862 677 τοί-

61 707 112 725 νυν
127 698 206 734 αὑτῷ
224 699 255 725 τδ
276 698 348 725 κατὰ
365 698 415 734 τὴν
437 697 560 732 γλῶτταν
583 697 742 733 μαρτύριον.
763 698 862 724 [lat-cso-

62 745 168 780 σμένος
198 742 246 770 οὖν
276 744 364 779 πάντη
385 743 431 770 τὸν
457 743 525 770 Θεὸν
553 740 624 770 εἶναι
646 743 761 770 πάντοτε
776 762 783 774 ,
814 743 862 770 καὶ

60 791 229 826 αἰδούμενος
245 791 282 826 μὴ
296 790 451 826 ἀληθεύειν,
465 790 575 823 ἀνάξιόν
592 798 622 816 τε
638 787 722 817 αὑτοῦ
736 789 785 816 καὶ
795 789 861 824 ψεύ-

60 838 161 865 δεσθαι
175 837 331 872 γινώσκων,
349 839 383 873 τῇ
404 837 554 873 συνειδήσει
566 838 599 873 τῇ
616 836 676 872 θείᾳ
690 836 739 864 καὶ
752 837 785 872 τῇ
799 837 862 863 ἑαυ-

59 884 112 911 τοῦ
129 885 261 920 ἀρκεῖται
279 883 390 919 μόναις·
415 883 464 910 καὶ
486 883 573 920 ταύτῃ
593 883 623 910 οὐ
645 883 782 918 ψεύδεται,
800 882 861 910 οὔτε

911 287 1008 319 rando,
1024 287 1053 314 ﬁt
1067 295 1101 314 ex
1115 295 1146 314 ea
1165 294 1248 322 quam
1266 294 1329 314 cum
1344 287 1462 314 veritate
1480 287 1560 314 habet
1579 294 1698 315 consen-

911 333 999 361 sionc.
1012 332 1069 360 Hoc
1086 341 1151 368 ergo
1170 333 1209 364 ﬁt,
1232 336 1369 367 quatenus
1386 334 1448 368 quis
1471 340 1502 360 se
1525 337 1602 360 recte
1627 334 1698 368 gerit

910 378 991 413 vulgo
1003 379 1030 405 in
1042 378 1147 406 oﬂiciis.
1157 379 1213 406 Cur
1224 387 1286 406 nam
1299 387 1366 415 ergo
1379 383 1421 407 est
1436 387 1505 414 opus
1516 379 1661 414 jujerando
1673 380 1698 407 ei

911 425 957 459 qui
971 425 1008 451 ita
1019 425 1086 452 vivit
1102 428 1131 452 ιιι
1142 425 1197 459 jam
1215 427 1373 460 pervenerit
1397 425 1430 452 ad
1446 433 1583 453 summum
1598 426 1699 453 verita-

911 471 967 498 tis?
982 470 1034 503 Qui
1050 471 1133 506 igitur
1144 479 1179 498 ne
1192 472 1267 506 jurat
1285 471 1408 506 quidem,
1431 471 1548 498 multum
1567 471 1645 499 abest
1669 474 1698 498 ut

911 517 947 544 sit
961 517 1138 552 pejeraturus
1156 526 1162 542 :
1184 517 1231 552 qui
1245 521 1336 544 autem
1360 517 1429 544 nihil
1446 517 1651 552 transgreditur
1664 525 1699 544 ex

911 563 946 591 iis
960 571 1020 598 qua:
1035 567 1113 598 pacta
1128 567 1155 590 et
1169 566 1305 590 conventa
1324 566 1399 595 sunt,
1418 563 1445 592 is.
1463 571 1603 598 nunquam
1622 563 1700 597 jura-

911 610 982 637 verit
1003 619 1009 637 :
1027 609 1251 645 quandoquidem
1278 614 1369 636 utrum
1386 609 1531 636 violaverit
1550 617 1585 636 an
1610 608 1700 644 perfe-

911 655 990 686 cerit,
1014 655 1087 681 facto
1106 654 1253 681 conﬁrmat
1272 663 1279 681 :
1300 654 1374 681 sicut
1390 658 1465 681 certe
1481 654 1588 687 mentiri
1605 659 1632 681 et
1652 661 1701 689 pe.

909 701 1012 736 jerare,
1030 700 1058 727 in
1074 699 1191 728 dicendo
1208 704 1235 727 et
1248 699 1378 734 jurando,
1397 703 1440 727 est
1454 703 1553 734 praeter
1568 699 1699 728 oﬂicium.

912 745 963 778 Qui
982 749 1074 773 autem
1097 746 1172 780 juste
1194 745 1273 779 vivit,
1292 745 1361 773 nihil
1385 753 1419 773 ex
1439 745 1473 772 iis
1498 753 1563 780 qua.
1582 745 1702 772 cilicium

912 792 971 820 ﬁeri
997 792 1128 827 postulat,
1151 791 1323 823 transiliens,
1349 791 1396 818 ubi
1428 791 1602 818 examinatur
1625 790 1702 826 judie

912 839 985 867 cium
998 839 1134 872 veritatis,
1154 839 1178 866 is
1195 838 1276 866 factis
1288 838 1370 873 310
1385 845 1450 865 vere
1469 838 1552 872 jurat.
1570 837 1618 864 Est
1635 844 1705 872 ergo,

913 885 937 914 ei
951 885 1120 920 superﬂuum
1140 885 1240 920 linguae
1252 884 1452 912 testimonium.
1467 883 1534 911 Cum
1551 890 1617 917 ergo
1627 883 1664 910 sit
1675 883 1705 910 ei

60 931 143 966 ’παρὰ
156 931 209 962 τὰς
227 929 364 966 συνθήκας
381 939 406 957 τι
424 931 559 956 ποιεῖται·
581 929 668 966 ταύτῃ
684 930 711 956 δὲ
725 930 786 956 οὐδὲ
805 930 859 965 (99)

917 938 1022 966 semper
1039 938 1203 966 persuasum
1218 930 1303 958 Deum
1315 937 1378 957 esse
1390 930 1502 964 ubique,
1515 932 1541 956 et
1556 929 1704 958 erubescat

60 976 182 1011 ὗμνυσιν
201 977 282 1012 ὅρκον
297 976 470 1012 ἀπαιτηθεὶς,
488 976 548 1002 οὐδὲ
570 975 680 1011 ἔξαρνος
705 976 770 1002 ποτὲ
790 975 863 1010 γίνε-

60 1030 120 1053 ται,
146 1022 193 1048 ἵνα
219 1022 257 1058 μὴ
271 1022 422 1057 ψεύσηται,
451 1021 504 1051 κᾶν
524 1021 714 1058 ἐναποθνήσκει]
736 1022 792 1054 τοῖς
815 1021 863 1057 βα-

62 1068 171 1100 σάνοις.

915 985 970 1004 non
982 984 1079 1004 verum
1096 976 1198 1009 dicere,
1221 980 1249 1004 et
1268 976 1367 1004 falsum
1387 975 1480 1003 dicere
1502 977 1650 1010 cognoscat
1671 982 1702 1002 se

915 1030 978 1050 esse
994 1022 1148 1057 indignum,
1167 1022 1260 1050 divina
1285 1026 1312 1050 et
1330 1030 1381 1050 sua
1398 1022 1491 1057 ipsius
1501 1024 1645 1048 contentus
1660 1022 1704 1047 est

916 1069 1087 1096 conscientia
1103 1078 1109 1096 :
1123 1072 1151 1096 et
1169 1069 1230 1096 ideo
1248 1076 1302 1096 non
1322 1068 1466 1101 mentitur,
1491 1075 1579 1102 neque
1604 1069 1703 1101 praeter

60 1120 146 1149 pacta
172 1118 310 1142 conventa
335 1114 401 1142 facit
425 1115 540 1150 aliquid.
563 1113 641 1142 Unde
658 1114 742 1142 etiam
764 1122 855 1150 neque
870 1114 955 1149 jurat,
975 1116 997 1143 si
1018 1115 1102 1143 fuerit
1133 1119 1245 1152 rogatus
1266 1123 1382 1152 :neque
1407 1122 1528 1150 unquam
1560 1113 1634 1150 quod
1656 1113 1704 1148 ju-

61 1161 137 1194 ravit
151 1163 249 1196 negat,
273 1168 309 1188 ne
324 1160 425 1189 falsum
440 1159 526 1194 dicat,
550 1160 659 1188 etiamsi
675 1160 809 1187 moriatur
832 1160 860 1187 in
877 1161 1034 1189 tormentis.

794 1217 911 1246 CAPUT
929 1218 974 1246 IX.

794 1219 911 1246 CAPUT
929 1219 974 1246 ΙΧ.

261 1263 410 1291 Virtutibus
424 1263 510 1290 multo
525 1263 610 1299 magis
623 1263 722 1298 pollere
739 1263 831 1290 debere
847 1264 923 1291 illum
934 1265 979 1300 qui
993 1265 1061 1292 alios
1075 1265 1185 1292 docendi
1200 1273 1295 1303 munus
1311 1265 1338 1291 in
1354 1273 1381 1291 se
1393 1264 1515 1298 suscepit.

98 1321 200 1347 Πλεῖον
221 1319 250 1346 δέ
272 1329 299 1346 τι
321 1319 369 1346 καὶ
396 1319 495 1354 μᾶλλον
513 1319 641 1346 ἐπιτείνει
666 1319 696 1345 τὺ
712 1320 860 1354 γνωστικδν

61 1368 178 1402 ἀξίωμα.
193 1367 207 1392 ὁ
223 1366 272 1402 τὴν
290 1366 458 1401 προστασίαν
476 1366 525 1401 τῆς
542 1365 596 1392 τῶν
613 1365 713 1402 ἐτέρων
733 1366 862 1393 διδασκα-

61 1415 126 1446 λίας
149 1413 307 1445 ἀναλαϐὼν,
334 1412 381 1443 τοῦ
402 1412 528 1448 μεγίστου
551 1412 597 1438 ἐπὶ
621 1412 672 1447 γῆς
697 1411 734 1447 (ί)
756 1411 861 1446 ἀγαθοῦ

60 1461 113 1496 τὴν
129 1458 291 1494 οἰκονομίαν
309 1458 382 1494 λόγῳ
404 1466 434 1484 τε
456 1458 503 1485 καὶ
523 1458 596 1493 ἔργῳ
615 1457 862 1493 ἀναδεξάμενος,δι’

59 1504 96 1542 ἧς
128 1506 201 1542 πρὸς
230 1505 261 1531 τὸ
284 1504 360 1531 Θεῖον
386 1503 533 1538 συνάφειάν
556 1512 585 1530 τε
600 1503 648 1530 καὶ
665 1504 804 1530 κοινωνίαν
815 1504 864 1539 ἐμ.-

62 1551 220 1587 μεσιτεύει.
246 1550 290 1582 Ὠς
306 1550 336 1576 δὲ
361 1551 386 1576 οἱ
402 1550 436 1577 τὰ
460 1550 569 1584 ἐπίγεια
592 1549 789 1585 θρησκεύοντες
807 1551 863 1581 τοῖς

61 1597 211 1634 ἀγάλμασι
227 1596 355 1632 καθάπερ
369 1597 495 1622 ἐπαΐουσι
516 1596 730 1632 προσεύχονται,
747 1596 796 1628 τὰς
820 1596 864 1630 βε-

950 1320 1073 1348 Gnostici
1100 1324 1191 1347 autem
1217 1320 1376 1355 dignitatem
1416 1321 1535 1348 maxime
1568 1324 1648 1356 auget
1676 1325 1704 1349 et

916 1366 1072 1401 ampliﬁcat,
1089 1367 1136 1401 qui
1154 1366 1271 1394 aliorum
1287 1366 1473 1393 docendorum
1498 1367 1619 1401 suscepit
1635 1374 1704 1402 prae-

916 1411 1061 1443 fecturam.
1089 1416 1119 1439 ut
1140 1412 1186 1447 qui
1202 1412 1314 1439 lnaximi
1338 1412 1409 1447 quod
1425 1417 1468 1440 cst
1492 1413 1518 1440 in
1536 1413 1618 1440 terris
1639 1413 1704 1441 boui

917 1458 1151 1493 dispensationem
1168 1461 1196 1485 et
1214 1458 1298 1485 verbo
1323 1463 1351 1486 et
1375 1457 1450 1496 facto
1478 1459 1627 1493 acceperit,
1655 1467 1704 1494 per

916 1512 998 1539 quam
1016 1508 1146 1538 tanquam
1162 1503 1297 1530 mediator
1320 1503 1459 1530 hominem
1484 1511 1546 1529 cum
1564 1503 1621 1530 Deo
1637 1511 1705 1530 con-

914 1549 1013 1586 jungit.
1031 1549 1108 1576 Sicut
1123 1553 1214 1575 autem
1232 1548 1279 1583 qui
1297 1555 1342 1575 res
1360 1551 1486 1574 terrenas
1501 1548 1595 1574 colunt
1612 1555 1643 1575 ac
1657 1556 1704 1575 ve-

916 1599 1060 1626 nerantur,
1087 1598 1237 1630 precantur
1254 1594 1402 1621 simulacra
1420 1593 1534 1629 perinde
1557 1602 1588 1622 ac
1612 1595 1636 1621 si
1652 1602 1703 1622 au-

60 1644 145 1676 6αίας
172 1643 221 1669 ἐπὶ
243 1642 346 1669 τούτων
373 1642 411 1678 (2)
436 1642 573 1677 τιθέμενοι
598 1641 753 1677 συνθήκας’
778 1641 859 1674 οὕτως

917 1641 1001 1672 diam.
1027 1641 1136 1668 stabilia
1160 1640 1296 1668 ducentes
1320 1645 1398 1675 pacta
1424 1645 1557 1667 conventa
1582 1649 1643 1675 qua:
1664 1640 1705 1668 eis

59 1691 109 1718 ἐπὶ
127 1690 186 1717 τῶν
203 1689 334 1725 ἐμψύχων
355 1689 521 1724 ἀγαλμάτων
540 1688 593 1715 τῶν
614 1687 765 1724 ἀνθρώπων
782 1688 798 1723 ἡ
817 1696 863 1722 με-

59 1736 259 1772 γαλοπρέπεια
268 1734 315 1761 τοῦ
323 1734 409 1769 Λόγου
421 1736 438 1770 ἡ
452 1734 556 1770 ἀληθὴς
568 1734 636 1770 πρὸς
649 1733 694 1760 τοῦ
707 1733 863 1767 ἀξιοπίστου

58 1781 318 1819 παραλαμβάνεται
336 1781 507 1813 διδασκάλου,
531 1781 579 1807 καὶ
598 1781 614 1815 ή
637 1781 676 1812 εἰς
691 1779 801 1812 τούτους
825 1779 862 1814 (5)

57 1829 216 1864 εὐεργεσία
229 1829 270 1860 είς
287 1827 368 1854 αὑτὸν
383 1827 550 1862 ἀναφέρεται
567 1827 611 1853 τὸν
631 1826 744 1863 Κύριον,
761 1822 791 1852 οὗ
803 1826 862 1852 κατ’

58 1875 159 1902 εἰκόνα
188 1873 326 1900 παιδεύων
350 1874 365 1900 6
388 1873 427 1909 τῷ
453 1873 510 1900 ὅντι
538 1872 681 1908 ἄνθρωπος
703 1872 865 1908 δημιουργεῖ

57 1921 109 1948 καὶ
126 1918 360 1956 μεταρρυθμίζει,
383 1918 513 1950 καινίζων
533 1920 573 1950 εἰς
593 1919 729 1953 σωτηρίαν
752 1918 797 1944 τὸν
812 1925 863 1944 κα-

56 1966 238 2003 τηχούμενον
265 1965 416 2002 ἄνθρωπον.
439 1965 482 1996 Ὠς
501 1964 556 2000 γὰρ
574 1964 622 1991 τὸν
642 1964 752 1999 σίδηρον
777 1964 864 1999 Ἀρην

58 2011 321 2049 προσαγορεύουσιν
345 2011 485 2046 Ἕλληνες,
502 2010 549 2038 καὶ
572 2010 619 2037 τὸν
644 2008 714 2037 οἶνον
740 2009 864 2036 Διόνυσον

58 2059 136 2087 κατά
152 2066 222 2093 τινα,
233 2057 372 2092 ἀναφοράν
382 2064 393 2080 ο.
412 2056 500 2088 οὕτως
518 2058 532 2083 ὁ
548 2056 708 2091 γνωστικὸς,
727 2056 796 2082 ἰδίαν
812 2064 866 2082 6w.-

57 2105 163 2140 τηρίαν
178 2103 331 2138 ἡγούμενος
343 2102 392 2138 τὴν
415 2103 470 2129 τῶν
494 2103 578 2134 πέλας
595 2102 739 2137 ὠφέλειαν,
754 2101 863 2137 ἄγαλμα

59 2150 190 2185 ἔμψυχον
205 2148 319 2179 εἰκότως
330 2147 363 2180 ἂν
382 2147 429 2182 τοῦ
442 2147 544 2183 Κυρίου
556 2147 670 2182 λέγοιτο,
685 2146 716 2173 οὐ
731 2145 802 2175 κατὰ
814 2145 864 2181 τὴν

58 2197 114 2232 τῆς
128 2195 240 2231 μορφῆς
257 2194 384 2229 ἰδιότητα,
413 2193 481 2220 ἀλλὰ
503 2193 575 2220 κατὰ
594 2193 625 2220 τὸ
647 2193 697 2227 τῆς
723 2191 864 2226 δυνάμεως

60 2242 213 2278 σπόμὸολον,
231 2241 278 2268 καὶ
294 2241 406 2268 κατὰτὸ
418 2241 468 2275 τῆς
487 2240 627 2276 κηρύξεως
646 2240 781 2275 ὁμοίωμα.
805 2239 863 2265 Πᾶν

58 2289 117 2322 ἄρα
133 2287 186 2313 ὅτι
203 2294 257 2322 περ
270 2285 302 2312 ἂν
317 2287 347 2312 ὲν
360 2286 407 2322 νῷ,
423 2286 502 2312 τοῦτο
514 2286 561 2312 καὶ
572 2285 618 2311 ἐπὶ
631 2284 757 2319 γλώσσης
773 2284 861 2319 φέρει,

914 1687 982 1714 ﬁunt
996 1687 1155 1714 auctoribus
1171 1694 1177 1712 :
1195 1687 1231 1713 ita
1244 1686 1271 1713 in
1285 1686 1414 1713 animatis
1437 1685 1612 1720 imaginibus,
1629 1685 1704 1713 scili-

913 1737 956 1759 cet
971 1732 1138 1765 hominibus,
1165 1739 1230 1758 vera
1247 1731 1312 1767 Logi
1329 1730 1532 1766 magniﬁcentia
1556 1739 1571 1757 a
1590 1730 1642 1758 ﬁde
1662 1730 1705 1758 di-

914 1786 967 1813 gno
990 1777 1122 1812 magistro
1143 1776 1280 1812 accipitur
1298 1785 1305 1803 :
1323 1780 1352 1803 et
1377 1776 1450 1811 quod
1474 1776 1501 1803 in
1527 1784 1575 1803 eos
1599 1775 1706 1803 confer-

913 1827 958 1850 tur
972 1823 1145 1855 beneﬁcium,
1157 1822 1277 1850 refertur
1289 1822 1322 1848 ad
1339 1822 1428 1857 ipsum
1444 1821 1602 1854 Dominum,
1616 1822 1649 1849 ad
1660 1829 1706 1849 cu-

911 1868 957 1902 jus
974 1868 1120 1902 imaginem
1135 1867 1238 1894 docens
1256 1867 1279 1894 is
1292 1867 1340 1902 qui
1354 1875 1450 1894 revera
1465 1871 1508 1894 est
1521 1867 1614 1899 homo,
1629 1870 1705 1894 creat

918 1917 947 1945 »Β
958 1917 984 1941 et
998 1914 1156 1944 concinnat,
1167 1912 1201 1940 ad
1216 1913 1333 1940 salutem
1348 1920 1494 1945 renovans,
1506 1912 1643 1940 hominem
1659 1920 1706 1939 ca-

916 1960 1118 1988 techumenum.
1130 1959 1272 1992 Quomodo
1287 1959 1358 1987 enim
1373 1958 1474 1986 ferrum
1491 1958 1604 1986 Martem
1617 1959 1704 1987 Graeci

915 2006 1063 2042 appellant,
1078 2010 1105 2034 et
1130 2006 1223 2033 vinum
1255 2005 1401 2037 Bacchum,
1429 2009 1540 2039 propter
1557 2005 1703 2039 quamdam

914 2053 1094 2080 relationem:
1114 2052 1151 2079 ita
1165 2052 1317 2088 gnosticus,
1347 2051 1535 2086 proximorum
1559 2050 1704 2078 utilitatem

915 2098 1052 2134 propriam
1069 2099 1183 2126 salutem
1210 2098 1381 2129 existimans,
1407 2097 1504 2124 merito
1530 2096 1636 2124 dicetur
1650 2096 1704 2123 Do-

914 2144 982 2172 mini
995 2143 1086 2179 imago
1101 2144 1231 2176 animata,
1246 2151 1301 2171 non
1323 2142 1414 2178 quoad
1444 2142 1537 2169 forma:
1552 2141 1703 2178 proprieta-

915 2195 980 2222 tem,
998 2189 1046 2218 sed
1060 2189 1150 2225 quoad
1162 2190 1381 2217 communionem
1407 2189 1562 2224 potestatis,
1584 2192 1611 2215 et
1626 2188 1704 2215 simi-

915 2237 1058 2264 litudinem
1073 2235 1285 2272 praedicationis.
1307 2234 1444 2269 Quidquid
1462 2234 1542 2260 habet
1559 2233 1586 2260 in
1601 2237 1702 2265 mente,

916 2284 942 2311 id
959 2284 1040 2311 etiam
1061 2283 1114 2310 fert
1130 2282 1158 2309 in
1175 2282 1283 2317 lingua:
1298 2285 1380 2315 atque
1403 2280 1475 2315 apud
1499 2287 1546 2307 eos
1562 2279 1608 2314 qui
1628 2279 1703 2314 digni

60 2334 136 2368 πρὸς
147 2332 213 2364 τοὺς
225 2332 333 2358 ἐπαΐειν
353 2332 445 2365 ἀξίους
468 2332 500 2358 ὲκ
515 2331 565 2366 τῆς
580 2330 804 2365 συγκαταθέσεως
817 2329 859 2356 κα)

917 2335 981 2357 sunt
997 2329 1103 2360 audire,
1121 2335 1152 2354 ex
1166 2327 1327 2354 assensione
1341 2330 1368 2353 et
1392 2325 1527 2353 sententia
1556 2324 1637 2352 simul
1664 2325 1703 2351 lo-

59 2380 119 2408 ἀπδ
132 2378 248 2415 γνώμης
260 2378 348 2413 λέγων
360 2378 418 2414 ἅμα
430 2379 478 2404 καὶ
490 2377 564 2413 βίους
578 2377 627 2413 (4).
649 2376 748 2413 Ἀληθῆ
761 2385 791 2403 τε
804 2375 859 2412 γὰρ

120 2460 153 2490 ἧι
171 2456 206 2484 Ρ.
222 2456 276 2484 863
292 2456 346 2484 ΕΙ).
368 2454 519 2486 POTTER,
536 2455 590 2482 750
608 2454 662 2482 ΕΠ.
685 2453 798 2482 PARlS.

101 2535 161 2570 (95)
178 2534 217 2562 Τὸ
234 2534 335 2570 εὑρεῖν·
349 2531 406 2562 οὖν
419 2532 669 2570 συμϐαίνει-καῖὰ
684 2532 741 2570 τὴν
754 2531 861 2570 (caedes

60 2567 162 2598 θωσιτλ
172 2570 231 2603 τὴν
239 2567 275 2597 et;
284 2569 347 2602 τοῖς
360 2567 557 2602 καθήκουσιν,
574 2567 680 2600 Scribe,
695 2568 725 2594 τὸ
739 2567 864 2603 εὐορκεῖν

60 2605 112 2632 οὖν
146 2605 290 2640 συμϐαίνει
321 2604 393 2632 κατά
416 2604 465 2640 τὴν
492 2603 662 2639 κατόρθωσιν
675 2613 700 2630 τ.
715 2604 744 2629 ὲν
758 2602 860 2629 τζκαθ.

62 2641 209 2668 "EINSIUS.

101 2675 161 2711 (96)
173 2675 237 2702 Ποῦ
251 2675 358 2702 τοίνυν
373 2674 426 2701 ἔτι.
441 2674 497 2701 Ποῦ
511 2674 601 2701 τοίνυν
616 2673 675 2711 ἐστί
690 2673 791 2711 habent
804 2672 865 2701 cdi-_

60 2709 157 2740 tiones
172 2711 342 2738 recentiores
362 2714 458 2737 contra
471 2714 592 2737 veterum
610 2709 735 2736 codicum
752 2709 841 2736 ﬁdem.

101 2747 161 2780 (97)
180 2746 238 2773 Δεῖ.
254 2746 342 2776 Flor.,
356 2745 388 2780 δή
404 2752 453 2780 pro
473 2744 526 2780 δεῖ,
542 2752 695 2780 perperam.
707 2743 847 2780 ASYLBURG.

101 2778 161 2817 (98)
183 2782 236 2808 Ἐν
247 2781 288 2814 τῷ
302 2778 418 2817 ἥγε-ἱιά
435 2779 485 2806 καὶ
498 2779 532 2817 τὸ
543 2778 684 2817 duini-rut.
705 2778 810 2817 _Scribe_,
834 2779 863 2804 ἐν

61 2813 319 2854 τῷ’λ.εγειν>καὶ⁷ῖῷ
333 2813 448 2854 ὀμνύναι
461 2823 467 2830 '
483 2825 491 2854 ς
502 2813 657 2854 indicendo
669 2819 695 2854 et
704 2813 859 2854 jl_|_rando.‘_t

99 2848 160 2887 (99}
178 2851 269 2879 θὺδέ.
284 2848 357 2878 H'aac'
375 2850 510 2887 particula
534 2850 561 2887 in
583 2849 784 2878 recentioribus
808 2848 864 2887 _edi-

63 2884 202 2921 tiunihus,
218 2895 267 2916 seu
282 2894 360 2919 casu,
374 2884 422 2913 seu
438 2885 583 2918 industria,
601 2892 743 2921 perperam
760 2884 862 2912 omiSSa

62 2928 116 2954 est.

912 2375 1005 2410 quitur
1023 2379 1050 2401 et
1065 2374 1142 2404 vivit.
1161 2373 1232 2401 Vera
1261 2372 1334 2399 enim
1356 2372 1438 2398 simul
1465 2371 1548 2398 sentit
1572 2375 1598 2398 ct
1624 2370 1701 2402 diiit,

951 2529 989 2565 (i)
1011 2529 1075 2557 Ἐπὶ
1089 2528 1164 2565 γῆς,
1191 2527 1264 2565 Flor.
1282 2527 1417 2565 én‘t_=ﬁq'
1429 2527 1579 2565 _ambigue.
1597 2525 1703 2565 ΔΝοεῑιιι

915 2562 998 2593 lectio
1008 2565 1055 2591 ἐπὶ
1067 2562 1135 2599 γῆς,
1146 2564 1289 2598 repetitur,
1305 2563 1416 2599 infrarp.
1428 2563 1459 2599 5i
1466 2563 1491 2595 7,
1504 2562 1604 2599 alioqui
1620 2562 1702 2589 etiam

916 2609 977 2628 cum
999 2597 1116 2627 articulo
1129 2597 1185 2634 legi?
1197 2603 1287 2633 potest
1302 2599 1348 2625 ὲπὶ
1360 2598 1411 2633 τῆς
1426 2598 1489 2633 γῆς.
1508 2597 1640 2634 summa.

951 2635 989 2671 (2)
1011 2635 1076 2662 Ἐπὶ
1088 2632 1211 2661 taurini.
1228 2643 1241 2671 _«
1260 2634 1357 2671 Coram
1373 2632 1461 2664 hisce,
1475 2643 1484 2658 ι
1500 2633 1543 2671 vel
1559 2632 1703 2671 legendum

915 2668 961 2699 ὲπὶ
977 2668 1074 2705 τούτῳ,
1100 2679 1110 2695 ‹
1130 2669 1289 2705 ειιιιειχιιοο,
1308 2679 1316 2695 ι
1336 2669 1450 2696 deorum
1469 2668 1573 2696 scilicet
1589 2668 1702 2695 invoc:i-

915 2711 1004 2734 torum
1026 2704 1193 2733 testimonio.
1210 2704 1344 2731 Summo.

950 2741 988 2776 (3)
1009 2742 1042 2768 Ἢ
1059 2742 1102 2774 εις
1116 2741 1250 2776 τούτους.
1265 2739 1421 2776 VRespicere
1434 2738 1541 2776 videtur
1557 2737 1654 2764 Matth.
1671 2744 1701 2768 κ.

912 2777 962 2809 42;
978 2774 1042 2808 kxv,
1059 2776 1086 2808 4,
1103 2776 1144 2803 vel
1162 2775 1246 2802 alium
1265 2775 1308 2802 his
1325 2775 1442 2801 similem
1457 2774 1558 2801 locum.

950 2806 988 2852 (4)
1003 2806 1113 2852 Blov'c.
1129 2811 1185 2852 Aut
1212 2810 1270 2852 βίον
1290 2809 1589 2852 legendum'videtur-s
1600 2806 1700 2852 nisi},

918 2857 927 2872 ε
941 2842 1032 2873 animo
1046 2842 1148 2881 pariter
1162 2851 1188 2873 et
1212 2842 1270 2881 vita
1283 2855 1289 2871 :
1304 2842 1379 2871 {aut
1393 2843 1475 2879 βιούς,
1500 2844 1570 2881 sicut
1583 2842 1698 2881 infra_p.

915 2882 978 2912 516,
991 2886 1020 2908 ιιι
1034 2877 1079 2913 sit,
1099 2891 1107 2906 α
1124 2881 1205 2908 simul
1222 2880 1318 2907 dicens
1335 2884 1363 2906 et
1375 2877 1507 2913 vivens”,
1518 2878 1543 2904 id
1556 2881 1598 2904 est
1609 2877 1700 2904 verbis

915 2917 1017 2954 pariter
1035 2921 1062 2945 et
1077 2917 1137 2944 vita:
1149 2916 1304 2943 actionibus
1321 2915 1474 2942 declarans.
1496 2912 1628 2940 Susum.
