1933 3075
248 192 299 220 ιιι
837 183 1033 213 CLEMENTIS
1050 182 1284 210 ALEXANDRINI
1827 181 1876 210 4ῗῆ

249 248 277 276 in
305 255 412 283 semper
432 246 608 275 memoranda
641 245 779 279 ascriptus
809 242 1050 277 contemplatione.
1080 240 1151 273 Quid
1181 248 1257 274 vero,
1281 248 1336 270 non
1369 239 1443 266 aliud
1457 246 1568 274 quoque
1582 237 1763 271 sacriﬁcium,
1780 245 1876 273 nempe

250 295 407 330 dogmatum
421 298 448 321 et
461 293 638 328 pecuniarum
651 292 679 319 in
692 297 792 326 egenos
804 289 976 325 largitionem
1006 287 1165 323 cognoscit?
1180 286 1307 314 Maxime.
1322 285 1376 313 Sed
1389 293 1440 313 nec
1450 293 1481 313 ea
1500 293 1562 320 qute
1577 284 1606 311 [it
1618 292 1665 311 ore
1693 284 1784 311 utitur
1813 291 1875 311 ver-

248 340 316 371 bosa
333 341 498 376 precatione,
512 343 541 366 ut
550 339 596 374 qui
615 346 675 373 quae
703 341 796 372 petere
811 339 946 371 oporteat,
972 342 988 363 a
1004 335 1120 365 Domino
1135 333 1272 361 didicerit.
1288 333 1317 360 in
1333 333 1408 360 omni
1437 340 1502 367 ergo
1526 331 1587 359 loco
1611 331 1714 363 orabit,
1745 330 1794 358 sed
1821 338 1875 357 non

248 390 280 415 ut
294 391 387 422 aperte
399 386 500 422 populo
520 389 661 421 appareat.
676 383 747 417 Quin
764 390 829 411 vero
849 387 877 410 et
901 382 972 410 inter
986 381 1193 412 ambulandum,
1214 385 1241 408 et
1258 381 1286 410 in
1305 387 1431 409 sermone
1454 382 1482 406 et
1512 378 1604 413 quiete
1636 382 1663 405 et
1685 377 1825 409 lectione,
1849 380 1875 404 et

248 432 376 467 operibus
399 439 459 466 quae
483 430 552 458 ﬁunt
585 437 618 457 ex
635 430 751 462 ratione,
771 428 846 459 omni
883 427 963 454 modo
994 432 1131 461 precatur.
1154 426 1226 460 Quin
1249 425 1273 453 si
1293 425 1322 452 in
1343 425 1431 460 ipsius
1454 424 1553 451 anima:
1571 423 1762 459 penetralibus
1785 422 1873 450 solum

247 478 424 512 cogitaverit,
453 481 535 512 atque
568 475 818 503 cinenarrabilibus
847 474 994 508 gemitibus
1019 483 1029 499 ι
1050 472 1159 500 Patrem
1184 471 1363 503 invocaverit,
1394 471 1440 498 ille
1459 478 1544 505 prope
1573 470 1651 498 adest
1662 477 1696 497 eo
1712 469 1806 496 adhuc
1835 468 1872 495 lo-

247 529 358 559 quente.
371 524 438 550 Cum
449 523 506 550 sint
518 527 608 550 autem
625 526 681 549 tres
696 521 764 548 ﬁnes
788 520 911 554 cujusvis
924 519 1051 552 actionis,
1072 522 1184 555 propter
1199 519 1225 546 id
1251 517 1360 554 quidem
1377 517 1450 552 quod
1467 521 1510 545 est
1530 517 1632 549 bonum
1649 520 1676 545 et
1701 515 1771 543 utile
1785 514 1878 551 omnis

247 569 560 606 operaturzvoluptatis
575 572 667 596 autem
695 574 779 598 causa
808 565 911 601 aliquid
938 573 1029 601 agere,
1049 565 1093 593 his
1107 563 1239 600 relinquit
1252 564 1300 600 qui
1329 563 1469 600 vulgarem
1498 563 1582 591 vitam
1606 565 1771 598 sequuntur.

956 642 1024 672 CAP
1031 642 1077 672 UT
1094 642 1162 670 Vill.

461 701 615 730 Gnosticum
626 708 714 731 verum
733 702 772 727 ita
786 700 870 729 colere
883 699 1018 729 veritatem
1037 703 1066 725 ut
1081 707 1112 726 ne
1124 698 1228 734 quidem
1252 706 1317 733 opus
1328 697 1421 725 habeat
1444 698 1598 733 jurameuto
1614 698 1665 725 uti.

282 759 375 794 Longe
386 763 483 786 .autem
498 758 575 786 abest
591 757 676 792 utqui
693 757 720 784 in
732 757 780 783 tali
794 756 894 792 pietate
906 756 1032 790 probatus

1123 755 1224 782 Πολλοῦ
1239 763 1271 790 γε
1285 755 1324 782 δεῖ
1336 755 1382 782 τὸν
1399 755 1428 782 ἐν
1444 755 1554 791 τοιαύτῃ
1571 755 1698 791 εὐσεϐείᾳ
1711 754 1876 792 ἐξεταζόμε-

214 800 219 805 ’
247 810 299 838 est,
314 806 351 834 sit
364 806 398 833 ad
413 805 601 836 mentiendum
617 810 771 839 propensus
784 808 811 830 et
827 802 1032 837 adjurandum:

1087 810 1130 828 νον
1144 801 1290 837 πρόχειρον
1307 799 1376 828 εἶναι
1392 802 1456 837 περί
1470 810 1500 828 τε
1517 802 1546 827 τὺ
1565 801 1715 833 ψεύσασθαι
1732 803 1800 837 περὶ
1807 811 1836 828 τε
1848 801 1876 830 σὺ

245 857 288 879 est
303 851 376 879 enim
395 851 589 886 jusjurandum
605 849 744 876 confessio
759 848 898 876 definitiva
913 855 975 875 cum
992 848 1035 875 di-

245 897 310 925 vina
336 896 535 931 assumptione.
562 894 614 927 Qui
641 898 684 925 est
707 899 798 920 autem
824 893 907 920 semel
934 892 1034 925 ﬁdelis,

246 942 385 977 quomodo
409 942 530 976 seipsum
552 940 688 968 infidelem
715 940 872 976 pnebnerit,
900 945 929 966 ut
954 939 1035 968 etiam

247 996 317 1024 opus
333 989 432 1016 habeat
452 987 642 1022 jurejurando,
664 991 691 1014 et
716 995 770 1015 non
785 987 822 1017 ita
847 986 931 1013 vitam
953 986 1035 1015 insti—

247 1038 317 1065 tuat,
331 1038 361 1061 ut
373 1041 405 1061 ea
421 1034 456 1061 sit
471 1033 577 1059 ﬁrmum
587 1040 619 1060 ac
629 1032 770 1060 definitum
784 1032 988 1067 jusjurandum,
1002 1031 1034 1057 fi-

247 1080 366 1114 demque
380 1079 508 1107 ostendat
527 1079 710 1106 confessionis
725 1079 753 1106 in
768 1078 905 1105 constanti
928 1077 1035 1106 stabili-

247 1133 302 1161 que
322 1126 379 1152 vita
395 1130 422 1155 ct
435 1125 581 1153 sermone?
593 1125 621 1152 Si
638 1130 729 1152 autem
747 1125 774 1151 in
789 1124 895 1159 judicio
912 1124 972 1158 ejus
987 1123 1034 1158 qui

248 1171 316 1202 iacit
329 1175 356 1198 et
373 1171 504 1206 loquitur,
522 1171 641 1206 positum
658 1175 700 1198 est
717 1171 807 1198 facere
824 1170 964 1205 injuriam,
979 1176 1033 1196 non

248 1217 276 1244 in
292 1217 467 1252 perpessionc
480 1217 542 1252 ejus
556 1218 602 1252 qui
620 1218 723 1252 patitur
738 1216 970 1252 persecutionem,
986 1223 1035 1242 "8-.

246 1272 300 1300 quc
317 1265 473 1296 mentietur,
490 1272 580 1299 neque
602 1263 745 1299 pejcrabit,
759 1268 788 1290 ut
807 1263 852 1298 qui
878 1262 960 1289 Deum
979 1261 1036 1288 afii~

247 1313 322 1337 ecret
333 1310 444 1345 injuria,
457 1317 519 1336 cmn
532 1318 595 1337 cum
609 1310 682 1336 sciat'
692 1314 790 1337 natura
801 1316 864 1336 esse
877 1307 1034 1343 hujnsmodi

248 1360 277 1382 ut
294 1355 406 1382 minimc
420 1355 481 1382 lazdi
503 1355 600 1390 possit.
628 1354 680 1382 Scd
705 1363 793 1390 neque
811 1358 922 1391 propter
943 1355 1035 1389 proxi-

245 1409 321 1430 mum
335 1401 496 1434 mentietur,
518 1401 561 1427 vel
581 1401 683 1436 aliquid
707 1401 937 1435 transgredietur,
953 1409 1033 1435 quem

1085 847 1198 882 ὀμόσαι·
1213 847 1294 882 ὅρκος
1311 847 1361 882 μὲν
1380 847 1433 882 γάρ
1450 847 1523 873 ἐστιν
1542 846 1671 881 ὁμολογίᾳ
1696 846 1876 884 meopte-1min

1088 892 1155 928 μετὰ
1171 891 1426 928 προσπαραλήψεως
1439 891 1514 923 θείας
1528 891 1594 927 (89)°
1610 892 1624 917 ὀ
1636 891 1665 917 δὲ
1686 891 1760 925 ἅπαξ
1782 893 1876 926 πιστὸς

1085 938 1144 970 πῶς
1155 938 1187 964 ἂν
1202 937 1296 969 ἑαυτὸν
1312 938 1424 964 ἄπιστον
1439 938 1586 973 παράσχοι,
1602 937 1640 969 ὡς
1660 937 1707 964 καὶ
1723 938 1808 974 ὅρκου
1824 938 1875 964 δεῖ·

1085 984 1158 1015 σθαι,
1175 984 1235 1019 οὐχ)
1249 983 1277 1010 δὲ
1292 983 1416 1019 ἐμπέδως
1430 984 1477 1010 καὶ
1495 983 1708 1019 καθωρισμένως
1723 984 1807 1019 ὅρκον
1821 983 1874 1019 (90)

1085 1029 1154 1058 εἶναι
1171 1030 1257 1066 τούτῳ
1270 1030 1314 1057 τὸν
1336 1030 1409 1065 pinv;
1427 1030 1460 1065 ζῇ
1474 1038 1504 1055 τε
1523 1029 1571 1056 καὶ
1588 1030 1769 1061 πολιτεύεται,
1783 1030 1831 1056 καὶ
1847 1030 1876 1056 τὸ

1085 1078 1178 1104 πιστὸν
1202 1077 1251 1112 τῆς
1274 1076 1420 1112 ὁμολογίας
1441 1078 1470 1103 ὲν
1490 1076 1679 1112 ἀμεταπτώτῳ
1708 1076 1757 1103 καὶ
1776 1077 1875 1112 eripuin

1084 1120 1203 1147 δείκνυσι
1233 1120 1282 1155 βίῳ
1295 1129 1324 1147 τε
1347 1121 1394 1148 καὶ
1413 1120 1495 1156 λόγῳ.
1519 1122 1550 1147 Et
1565 1120 1592 1147 δὲ
1615 1121 1643 1148 ὲν
1659 1122 1693 1157 τῇ
1718 1122 1810 1157 κρίσει
1829 1122 1874 1149 τοῦ

1084 1167 1200 1202 δρῶντος
1211 1167 1258 1193 καὶ
1270 1166 1414 1198 λαλοῦντος
1430 1167 1460 1193 τὸ
1474 1167 1588 1198 ἀδικεῖν,
1604 1167 1664 1202 οὐχὶ
1681 1167 1709 1193 δὲ
1724 1169 1753 1194 ὲν
1768 1168 1808 1202 τῷ
1822 1169 1874 1195 πά-

1086 1213 1126 1240 θει
1151 1215 1238 1240 κεῖται
1262 1213 1309 1239 τοῦ
1336 1213 1543 1248 διακονουμένου
1569 1213 1635 1248 (91),
1662 1213 1723 1240 οὔτε
1744 1213 1875 1248 ψεύσεται

1084 1258 1146 1286 οὔτε
1168 1260 1336 1295 ἐπιορκήσει,
1360 1259 1397 1290 ὡς
1414 1259 1514 1286 ἀδικῶν
1533 1259 1563 1285 τὸ
1587 1259 1673 1290 θεῖον,
1696 1260 1775 1286 τοῦτο
1795 1259 1874 1294 φύσει

1084 1304 1200 1336 ἀϐλαϐὲς
1217 1305 1349 1341 ὑπάρχειν
1366 1304 1460 1337 εἰδώς·
1486 1305 1543 1332 ἀλλ’
1558 1305 1617 1332 οὐδὲ
1632 1305 1675 1332 διὰ
1698 1306 1743 1332 τὸν
1760 1305 1874 1340 πλησίον

1083 1351 1214 1385 ψεύσεται
1234 1351 1250 1387 ἢ
1272 1351 1462 1387 παραϐήσεται
1477 1360 1513 1384 τι,
1531 1352 1561 1378 ὃν
1577 1359 1609 1385 γε
1622 1352 1732 1387 ἀγαπᾷν
1751 1352 1874 1388 μεμάθη-

1084 1406 1126 1429 κε,
1143 1397 1194 1424 κᾶν
1210 1397 1246 1433 μὴ
1266 1397 1384 1433 συνήθης
1399 1397 1529 1433 τυγχάνῃ.
1547 1399 1584 1424 Δι’
1611 1398 1706 1425 ἑαυτὸν
1721 1398 1749 1424 δὲ
1767 1399 1812 1434 ἄρ’
1833 1398 1873 1425 ἑτι

248 1446 346 1475 didicit
363 1446 488 1482 diligere,
503 1447 611 1474 etiamsi
627 1454 681 1475 non
701 1447 737 1476 sit
753 1447 906 1475 familiaris.
919 1447 1032 1482 Propter

1087 1443 1183 1479 μᾶλλον
1200 1443 1261 1470 οὔτε
1285 1443 1414 1478 ψεύσεται
1433 1443 1495 1470 οὔτε
1520 1445 1696 1480 ἐπιορκήσει,
1722 1445 1780 1479 εἴγε
1802 1445 1872 1471 ἑκὼν

248 1491 370 1526 seipsum
386 1495 477 1519 autem
506 1492 593 1519 multo
617 1492 708 1519 minus
732 1495 780 1519 aut
802 1492 961 1524 mentietur,
987 1496 1033 1518 aut

247 1537 391 1573 pejerabit,
400 1537 535 1572 siquidem
548 1545 687 1572 nunquam
702 1545 750 1565 sua
763 1536 860 1572 sponte
871 1538 899 1565 in
912 1539 1032 1573 seipsum

247 1581 367 1616 iniustus
384 1583 548 1610 invenietur.
567 1582 621 1609 Sed
635 1590 725 1617 neque
744 1583 829 1617 jurat,
846 1587 876 1610 ιιι
890 1584 937 1618 qui
952 1584 978 1610 in
994 1584 1034 1610 af-

247 1628 404 1657 ﬁrmatione
418 1627 539 1663 quidem,
559 1637 567 1653 ι
588 1627 627 1654 ita
643 1633 656 1647 α
673 1637 680 1654 :
699 1636 709 1653 ι
727 1628 754 1654 in
768 1627 915 1663 negatione
929 1632 1032 1663 autem,

248 1673 323 1703 (Non
332 1674 374 1705 δ.»
395 1681 528 1709 usurpare
542 1674 726 1701 constituerit.
744 1673 879 1705 adurare
901 1675 974 1702 enim
991 1679 1033 1702 est.

246 1719 459 1757 jusjurandum,
487 1720 529 1747 vel
554 1724 684 1754 tanquam
711 1719 919 1755 jusjurandum,
944 1724 1035 1750 mente

248 1770 413 1800 conceptum
446 1765 570 1801 proferre
598 1766 632 1793 ad
664 1765 770 1801 aliquid
801 1766 1033 1802 persuadendum.

248 1811 354 1842 Sufﬁcit
371 1819 436 1847 ergo
461 1811 486 1839 ei
511 1811 555 1839 vel
573 1811 745 1843 allirmationi
765 1812 809 1839 vel
825 1812 964 1846 negationi
987 1811 1035 1843 ad-

248 1858 314 1885 dere
330 1857 407 1890 illud,
429 1857 497 1885 Vere
522 1857 595 1891 dico,
614 1861 644 1889 ut
665 1858 744 1885 ﬁdem
763 1858 797 1886 iis
819 1858 911 1890 faciat,
930 1858 975 1892 qui
992 1866 1035 1885 re-

248 1904 342 1938 sponsi
365 1903 425 1938 ejus
451 1911 506 1931 non
521 1904 690 1939 perspiciunt
717 1904 905 1935 stabilitatem.
921 1903 1034 1939 Oportet

247 1950 322 1979 enim
334 1957 396 1977 eum
414 1950 526 1983 habere,
546 1954 576 1979 ut
597 1957 648 1985 ego
673 1950 783 1985 quidem
805 1951 943 1983 existimo,
964 1950 1034 1985 apud

247 2000 375 2024 externos
393 1996 503 2031 quidem
519 1996 602 2023 vitam
618 1996 669 2028 [ide
682 1996 801 2032 dignam,
817 2000 848 2027 ut
862 2004 897 2023 ne
911 1996 1034 2031 postule-

247 2045 293 2069 tur
307 2042 416 2078 quidem
432 2042 466 2069 ab
482 2050 514 2070 eo
526 2042 718 2077 jusjurandum
740 2043 829 2076 ;apud
845 2042 966 2076 seipsum
983 2049 1034 2068 an-

247 2091 302 2114 tem
318 2090 345 2114 et
360 2087 406 2122 qui
428 2095 489 2114 cum
505 2095 537 2114 eo
548 2091 757 2118 conversantur,
767 2087 850 2114 anitni
865 2087 1032 2122 aequitatem,

248 2141 309 2168 quae
326 2136 369 2160 est
379 2133 487 2168 justitia
503 2133 668 2162 voluntaria.
683 2132 743 2160 .lam
755 2141 822 2161 vero
837 2137 912 2160 recte
927 2136 1033 2168 gnostr—

247 2188 297 2211 cus
311 2180 396 2215 jurat,
415 2180 544 2215 proclivis
566 2184 656 2206 autem
675 2180 709 2209 ad
729 2179 877 2214 jurandum
903 2187 957 2206 non
977 2183 1030 2211 est,

246 2231 343 2253 verum
360 2231 423 2252 raro
436 2224 547 2259 quidem
559 2224 664 2254 accedit
681 2224 714 2251 ad
732 2224 892 2259 jurandum,
905 2232 937 2252 eo
949 2232 1031 2260 quem

1084 1490 1133 1516 οὐκ
1143 1489 1174 1516 ἄν
1187 1498 1251 1516 ποτε
1260 1489 1351 1521 ἄδικος
1361 1491 1401 1521 εἰς
1412 1490 1506 1516 ἑαυτὸν
1514 1489 1649 1526 εὑρεθείη.
1666 1490 1734 1516 Ἀλλ’
1747 1490 1808 1517 οὐδὲ
1823 1491 1874 1517 οἴε-

1084 1544 1128 1562 ται
1137 1535 1191 1570 (92)
1204 1536 1250 1563 ἐπὶ
1266 1535 1315 1571 μὲν
1327 1535 1376 1570 τῆς
1389 1535 1613 1569 συγκαταθέσεως
1625 1535 1703 1571 μόνον
1714 1536 1744 1562 τὸ
1759 1546 1769 1561 ‹
1782 1537 1846 1568 Ναὶ,
1860 1546 1869 1562 ι

1084 1581 1131 1607 ἐπὶ
1144 1581 1172 1607 δὲ
1192 1581 1242 1616 τῆς
1258 1581 1397 1617 ἀρνήσεως
1415 1582 1445 1607 τὸ
1470 1591 1480 1607 ι
1500 1580 1536 1608 Οὓ
1553 1590 1563 1607 ι
1576 1581 1755 1617 προελόμενος
1763 1583 1871 1608 τάσσειν

1085 1627 1236 1663 antemna.
1258 1627 1386 1662 Ὀμνύναι
1398 1627 1452 1663 γάρ
1470 1628 1527 1653 ἐστι
1542 1627 1571 1654 τὸ
1587 1628 1679 1663 ὅρκον,
1693 1628 1710 1663 ἦ
1730 1628 1769 1660 ὡς
1780 1628 1813 1654 ἂν
1825 1629 1857 1663 ὄρ

1085 1681 1143 1705 κον,
1158 1673 1212 1700 ἀπὸ
1223 1673 1341 1705 διανοίας
1357 1673 1558 1710 προσφέρεσθαι
1575 1673 1630 1710 (95)
1646 1675 1870 1710 παραστατικῶς.

1091 1719 1182 1755 Ἄρκεί
1196 1719 1284 1746 τοίνυν
1298 1719 1372 1755 αὐτῷ
1390 1720 1449 1755 ἦτοι
1466 1720 1498 1755 τῇ
1518 1719 1717 1753 συγκαταθέσει
1738 1720 1755 1755 ἢ
1772 1721 1806 1756 τῇ
1823 1722 1873 1756 ἀρ-

1084 1765 1160 1800 νήσει
1178 1764 1389 1801 προσθεῖναιτδ,
1401 1765 1519 1801 Ἀληθῶς
1540 1765 1622 1799 λέγω,
1644 1766 1684 1797 εἰς
1699 1766 1871 1801 παράστασιν

1085 1810 1138 1842 τῶν
1149 1810 1186 1846 μὴ
1196 1810 1348 1847 διορῶντων
1358 1811 1440 1837 αὐτοῦ
1456 1812 1485 1837 τὸ
1501 1811 1607 1846 βέϐαιον
1621 1811 1671 1846 τῆς
1685 1812 1871 1847 ἀποκρίσεως.

1086 1857 1178 1892 Ἐχειν
1194 1856 1258 1893 γὰρ,
1276 1855 1363 1892 οἶμαι,
1381 1857 1435 1893 χρὴ
1452 1857 1520 1892 πρὸς
1534 1857 1584 1892 μὲν
1603 1858 1665 1889 τοὺς
1684 1857 1738 1890 ἔξω
1756 1858 1802 1884 τὸν
1816 1858 1873 1893 βίον

1085 1901 1250 1935 ἀξιόπιστον,
1266 1902 1303 1935 ὡς
1319 1903 1385 1938 μηδὲ
1396 1903 1476 1938 ὅρκον
1490 1903 1634 1935 αἰτεῖσθαι,
1653 1904 1722 1939 πρὸς
1736 1905 1833 1930 ἑαυτὸν
1844 1904 1873 1931 δὲ

1085 1949 1132 1975 καὶ
1154 1950 1216 1981 τοὺς
1241 1949 1380 1980 συνιέντας
1402 1949 1456 1984 (94)
1477 1949 1695 1985 εὐγνωμοσύνην,
1715 1950 1779 1985 ἣτις
1799 1950 1873 1976 ἐστὶν

1085 1995 1206 2026 ἑκούσιος
1219 1994 1383 2029 δικαιοσύνη.
1399 1994 1502 2025 Αὐτίκα
1515 1993 1626 2030 εὖορκος
1643 1994 1702 2030 μὲν,
1715 1995 1746 2021 οὺ
1761 1995 1814 2030 μὴν
1829 1995 1874 2021 5'3-

1085 2040 1214 2076 επίφορος
1226 2041 1272 2068 ἐπὶ
1289 2041 1318 2067 τὸ
1332 2040 1446 2076 ὀμνύναι
1462 2041 1476 2066 ὸ
1496 2041 1655 2074 γνωστικὸς,
1676 2041 1690 2068 ὃ
1703 2049 1735 2075 γε
1751 2041 1873 2073 σπανίως

1086 2086 1132 2117 ἐπὶ
1148 2086 1177 2112 τὸ
1191 2086 1303 2121 ὀμνύναι
1315 2085 1615 2122 ἁφικνούμενος,οὖτως
1628 2086 1676 2122 μέν
1691 2095 1732 2113 τοι
1751 2087 1790 2119 ὡς
1803 2087 1872 2121 ἑφα-

1087 2140 1147 2166 μεν.
1165 2131 1220 2158 Καί
1232 2140 1272 2158 τοι
1284 2132 1314 2159 τὸ
1328 2132 1469 2167 ἀληθεύειν
1478 2132 1548 2159 κατὰ
1564 2131 1609 2159 τὸν
1624 2132 1704 2168 ὄρχον
1720 2133 1790 2167 μετὰ
1806 2141 1862 2167 cup

1086 2176 1189 2212 φοινίας
1205 2177 1253 2212 τῆς
1270 2177 1341 2204 κατὰ
1354 2177 1384 2204 τὺ
1407 2177 1506 2212 ἀληθὲς
1528 2177 1642 2211 γίνεται.
1659 2177 1696 2204 Τὸ
1713 2179 1805 2213 εὑρεῖν
1827 2176 1874 2205 οὖν

1085 2224 1228 2259 συμϐαίνει
1243 2223 1313 2250 κατὰ
1325 2224 1374 2259 τὴν
1396 2223 1563 2259 κατόρθωσιν
1585 2224 1634 2259 τὴν
1655 2225 1684 2250 ἐν
1708 2225 1766 2256 τοῖς
1789 2224 1874 2259 καθή·

302 2314 333 2344 ᾖ
351 2310 384 2339 Ρ.
401 2311 454 2340 862
471 2310 526 2340 ED.
542 2311 689 2345 POTTER,
711 2312 763 2340 7‘29
780 2312 835 2340 ED.
852 2312 963 2341 PARlS.
1002 2319 1015 2334 ι
1035 2312 1131 2346 Matth.
1149 2321 1176 2345 ν,
1193 2313 1237 2340 37.
1275 2313 1289 2332 δ
1307 2312 1365 2340 Jac.
1381 2321 1408 2346 v,
1426 2313 1469 2340 12.

248 2401 376 2433 diiiieilis,
403 2407 565 2437 sequuntur.
593 2412 602 2428 ι
623 2402 687 2430 Vult
703 2403 774 2430 enim
801 2407 914 2435 auctor,
942 2404 1032 2430 virum

249 2445 312 2474 vere
326 2437 476 2474 perfectum
493 2446 547 2469 non
563 2446 642 2473 egere
656 2439 851 2473 voluptatibus,
865 2439 966 2474 quibus
979 2439 1032 2466 hu-

247 2472 402 2509 jusceviue
417 2480 552 2503 aerumnas
569 2472 734 2509 leniat,quas
751 2474 796 2501 ille
811 2474 852 2501 vel
865 2472 973 2509 parum,
989 2474 1032 2505 vel

249 2515 284 2535 ne
295 2508 404 2541 quidem
416 2508 526 2535 omnino
538 2509 629 2535 sentit.

286 2542 341 2577 (89)
359 2541 438 2570 Μετὰ
458 2543 737 2578 προσ-παραλήψεως
756 2544 846 2578 θείας.
867 2553 876 2569 ι
898 2543 965 2571 Cum
985 2551 1031 2572 as-

250 2580 409 2639 gurltgptione
423 2578 508 2607 divini
520 2579 650 2612 nominis,
670 2588 678 2603 ι
694 2578 783 2614 inquit
794 2580 821 2607 in
835 2579 926 2606 Indice
940 2578 1032 2606 erco

272 2620 287 2639 v
319 2621 377 2639 ιιι-ιι.

281 2620 377 2639 nnura.

272 2621 478 2683 ’(lggjg'tmxor.
497 2648 531 2684 71d
554 2648 588 2677 de
612 2648 766 2679 Xenocrate
790 2649 951 2684 philosopho
972 2654 1030 2676 tra-

250 2684 319 2711 dunt
334 2687 471 2711 auctores.
487 2683 582 2711 Cicero
593 2691 639 2717 pro
653 2683 737 2710 Balbo
754 2691 763 2710 :
782 2683 796 2709 ι
808 2684 922 2712 Athenis
942 2685 1028 2716 aiunt,

250 2727 312 2745 cum
331 2719 440 2752 quidam
459 2719 529 2753 apud
545 2726 602 2749 eos,
625 2720 673 2753 qui
687 2723 781 2746 sancte
801 2720 973 2754 graviterque
989 2720 1030 2745 vi.

249 2754 335 2782 xissct
350 2776 357 2787 ,
392 2754 576 2781 testimoniqu
600 2754 705 2788 publice
723 2754 842 2785 diceret.
867 2760 904 2785 et,
924 2758 954 2780 ut
970 2762 1029 2782 mos

248 2787 407 2819 Griecorum
425 2793 478 2820 est,
503 2789 612 2823 jurandi
638 2796 722 2816 causa
740 2789 774 2815 ad
794 2797 856 2817 aras
879 2790 1028 2823 accederet,

251 2832 304 2851 una
326 2831 392 2851 voce
405 2832 501 2852 omnes
517 2824 634 2857 jndices,
652 2832 685 2850 ne
705 2824 728 2851 is
744 2824 866 2857 jnraret,
883 2825 1030 2852 reclamas-

250 2867 290 2891 se.
318 2861 326 2885 i
350 2858 477 2886 ldem‘ad
494 2858 610 2885 Atticum
635 2859 682 2886 lib.
704 2867 759 2886 xv:
780 2868 790 2884 (
810 2859 876 2892 Quae.
898 2859 964 2887 mihi
986 2868 1029 2887 res

251 2896 336 2927 multo
353 2894 574 2923 honorificentior
589 2895 647 2922 visa
663 2897 715 2928 est,
735 2902 815 2930 quam
844 2898 874 2923 ut
896 2895 951 2929 ilia,
968 2903 1029 2923 cum

1083 2403 1177 2438 jurare
1190 2403 1229 2430 tui
1244 2403 1317 2431 cives
1332 2403 1513 2431 Xenocratem
1530 2404 1717 2434 testimonium
1735 2403 1873 2432 dicentem

1085 2439 1300 2473 prohibuerunt,
1327 2448 1336 2464 ι
1357 2444 1408 2466 etc.
1436 2438 1516 2466 COnf.
1540 2438 1673 2473 Diogenes
1692 2439 1824 2467 Laertius
1846 2441 1873 2468 in

1086 2473 1244 2506 Xenocrate;
1262 2473 1386 2503 Valerius
1406 2473 1551 2507 Maximus,
1569 2474 1617 2502 lib.
1645 2482 1676 2504 ιι,
1695 2483 1721 2501 c.
1738 2475 1788 2502 ult.

1122 2509 1178 2544 (91)
1204 2508 1452 2543 Διακονουμένου.
1480 2508 1550 2544 Lege
1573 2509 1762 2544 ἀδικουμένου.
1783 2509 1872 2543 Quam

1085 2543 1230 2571 lectionem
1242 2548 1353 2571 secutus
1361 2544 1467 2571 videtur
1475 2543 1618 2579 interpres.
1627 2543 1740 2575 Loiv'ra.
1747 2561 1783 2565 —
1790 2545 1873 2571 Forte

1085 2579 1175 2606 verior
1191 2580 1271 2606 lectio
1285 2583 1326 2606 est
1344 2579 1518 2614 διωκομένου,
1533 2586 1593 2614 quae
1608 2587 1659 2606 vox
1679 2580 1798 2608 forensis
1818 2585 1870 2611 est.

1086 2618 1114 2640 et
1134 2622 1197 2651 eum
1220 2615 1399 2651 significat,_¢
1421 2614 1468 2649 qui
1491 2614 1707 2651 persecutionem
1723 2616 1839 2650 patitur,
1860 2625 1868 2640 ι

1086 2654 1115 2676 ιιι
1133 2650 1289 2684 interpretis
1307 2649 1396 2677 verbis
1409 2656 1480 2676 utar.

1120 2684 1176 2719 (92)
1207 2683 1283 2711 Ἀλλ’
1305 2684 1375 2712 οὐδὲ
1400 2684 1500 2711 οἴεται.
1528 2683 1709 2712 Scribendum
1728 2685 1786 2712 ἀλλ’
1808 2686 1870 2712 οὐδὲ

1082 2719 1205 2754 δμνυται.
1225 2719 1283 2747 Non
1300 2719 1381 2746 modo
1397 2728 1452 2746 non
1472 2720 1585 2754 pejerat,
1607 2729 1617 2746 ι
1634 2720 1681 2747 sed
1701 2728 1736 2748 ne
1756 2721 1870 2748 omnino

1082 2755 1191 2790 quidem
1205 2755 1289 2787 jurat,
1307 2764 1316 2780 ι
1331 2755 1408 2789 juxta
1428 2755 1528 2782 Christi
1543 2759 1718 2790 prmceptum.

1085 2824 1104 2852 S
1119 2790 1174 2824 (93)
1188 2789 1421 2825 Προσφέρεσθαι.
1434 2791 1469 2818 Η.
1483 2789 1693 2826 προφέρεσθαι,(
1705 2790 1841 2826 proferre.
1857 2800 1866 2817 ι

1106 2833 1216 2852 rtuunc.

1106 2833 1216 2853 YLBURG.

1120 2860 1175 2894 (94)
1193 2860 1269 2893 Τοὺς
1286 2860 1455 2894 συνιέντας.
1472 2860 1554 2888 Forte
1574 2861 1664 2895 aptius
1679 2862 1743 2894 τοὺς
1765 2861 1869 2891 συνών·

1083 2904 1142 2929 τας,
1159 2905 1167 2921 ι
1187 2903 1234 2923 eos
1246 2897 1292 2931 qui
1306 2903 1399 2923 secum
1414 2900 1620 2926 conversantur.
1641 2906 1650 2922 ι
1670 2896 1707 2927 lo.
