1933 3075
65 185 120 212 473

691 183 909 212 STROMATUM
926 183 990 211 LIB.
1013 183 1067 212 Vll.

1643 183 1697 212 474

65 249 160 268 κουσιν
173 240 240 276 (95).
256 240 314 267 Ποῦ
330 239 419 267 τοίνυν
440 239 479 266 ἔτι
499 239 555 275 (96)
570 239 617 266 τοῦ
631 240 713 276 ὅρκου
727 241 807 276 χρεία
819 240 858 276 τῷ

917 241 1029 268 iiximus
1050 240 1140 268 modo.
1159 240 1321 276 Quanquam
1338 244 1368 268 ut
1384 240 1420 268 sit
1441 248 1523 267 verax
1544 240 1572 267 in
1595 240 1697 275 jureju-

64 287 138 315 κατὰ
152 287 238 323 ἄκρον
251 286 383 322 ἀληθείας
396 285 497 321 βιοῦντι
508 294 515 318 ;
533 286 562 312 Ὁ
577 286 625 321 μὲν
636 283 683 313 οὖν
700 286 767 322 μηδὲ
777 286 861 322 ὀμνὺς

65 332 168 360 πολλοῦ
181 341 214 367 γε
227 332 268 358 δεῖ
285 332 341 368 (97)
358 333 517 368 ἐπιορκήσει
529 340 535 346 ·
550 332 564 358 6
580 332 608 358 δὲ
627 331 708 367 μηδὲν
725 332 861 368 παραϐαί-

63 387 119 406 νων
129 377 185 405 τῶν
202 379 274 405 κατά
291 378 340 410 τὰς
356 377 491 411 συνθήκας
503 377 557 403 οὐδ’
574 377 607 404 ἂν
620 377 720 413 ὀμόσαι
734 377 858 404 πώποτε·

64 425 132 452 ὅπου
148 432 181 458 γε
200 423 250 458 τῆς
270 432 299 450 τε
315 422 500 458 παραϐάσεως
515 422 563 450 καὶ
579 423 628 458 τῆς
644 423 821 454 ὲπιτελέσεως
832 424 861 449 ὲν

63 471 123 501 τοῖς
141 469 235 505 ἔργοις
248 470 265 504 ὴ
287 468 417 504 κύρωσις,
434 469 530 505 ὥσπερ
552 468 647 503 ἀμέλει
670 468 700 495 τὸ
715 468 861 503 ψεύδεσθαι

63 515 115 542 καὶ
131 515 163 541 τὸ
179 515 340 550 ψευδορκείν
353 516 381 541 ἐν
395 514 434 550 τῷ
447 515 546 548 λέγειν,
563 514 610 540 καὶ
624 514 655 540 τὸ
674 513 789 549 ὀμνύναι
805 513 860 549 (98)

64 561 144 596 παρά
160 561 192 587 τὸ
212 560 343 595 καθῆκον.
370 560 398 587 '0
414 560 442 586 δὲ
457 560 569 591 δικαίως
591 560 675 595 βιοὺς,
702 559 785 595 μηδὲν
809 568 862 586 πα·-

65 607 206 643 ραϐαίνων
221 607 275 633 τῶν
285 606 472 642 καθηκόντων,
485 605 548 633 ἔνθα
563 607 579 641 ή
593 606 683 642 κρίσις
698 607 715 640 ή
731 605 780 640 τῆς
794 605 861 641 άλη-

63 653 144 686 θείας
161 652 330 686 ἐξετάζεται,
348 654 404 684 τοῖς
416 652 507 689 ἔργοις
524 652 642 688 εὐορκεῐ.
656 651 792 688 Παρέλκει
808 651 862 677 τοί-

62 707 113 726 νυν
127 699 206 734 αὐτῷ
224 699 255 724 τὸ
277 698 348 725 κατά
365 698 415 734 τὴν
437 697 560 732 γλῶτταν
582 697 742 734 μαρτύριον.
763 698 863 724 [lentu

63 745 168 780 σμένος
198 742 246 770 οὖν
276 744 364 779 ﬁdem]
386 743 431 770 τὸν
457 743 525 770 Θεὸν
553 741 623 770 εἶναι
646 743 761 770 πάντοτε
776 763 783 775 ,
814 743 862 770 καὶ

61 791 230 826 αἰδούμενος
246 791 282 826 μὴ
296 790 450 827 ἀληθεύειν,
465 790 576 823 ἀνάξιόν
592 799 622 816 τε
639 787 722 817 αὑτοῦ
736 789 785 816 καὶ
794 789 861 824 ψεύ-

61 838 161 865 δεσθαι
176 837 331 872 γινώσκων,
349 839 383 873 τῇ
404 837 555 873 συνειδήσει
565 838 599 873 τῇ
616 837 676 872 θείᾳ
690 836 739 864 κα).
752 837 785 871 τῇ
800 837 862 863 ἑαυ-

60 884 112 910 τοῦ
129 885 262 919 ἀρκεῖται
279 883 390 919 μόναιςο
415 884 464 910 καὶ
485 883 573 920 ταύτῃ
593 884 623 910 οὗ
645 883 783 918 ψεύδεται,
799 882 861 910 οὔτε

911 287 1008 319 rando,
1024 287 1053 314 ﬁt
1067 295 1101 314 ex
1115 295 1147 314 ea
1165 295 1248 322 quam
1266 295 1329 314 cum
1344 287 1461 314 veritate
1480 287 1560 314 habet
1579 294 1698 315 consen-

911 333 998 361 sione.
1012 333 1069 360 Hoc
1086 341 1151 368 ergo
1169 334 1209 365 ﬁt,
1232 336 1369 368 quatenus
1386 334 1448 368 quis
1471 340 1502 360 se
1524 337 1601 360 recte
1627 334 1698 368 gerit

910 379 991 414 vulgo
1003 379 1030 405 in
1042 378 1147 406 olﬁciis.
1157 379 1212 406 Cur
1224 387 1286 406 nam
1300 387 1365 414 ergo
1379 383 1421 407 est
1436 387 1505 414 opus
1516 379 1661 414 jujerando
1673 379 1698 407 ei

911 425 957 459 qui
971 425 1008 451 ita
1019 425 1086 452 vivit
1102 429 1130 452 ut
1142 425 1197 460 jam
1215 427 1373 460 pervenerit
1397 426 1430 452 ad
1446 433 1583 453 summum
1598 426 1699 453 verita-

911 471 967 498 tis?
981 470 1034 503 Qui
1050 471 1133 506 igitur
1144 479 1179 498 ne
1192 472 1267 506 jurat
1285 471 1408 507 quidem,
1431 472 1547 498 multum
1567 471 1645 499 abest
1669 475 1699 498 ut

911 517 947 544 sit
962 517 1138 552 pcjeraturus
1156 526 1162 542 :
1184 518 1231 552 qui
1245 522 1336 544 autem
1360 517 1429 544 nihil
1447 517 1651 552 transgreditur
1664 524 1700 544 ex

911 563 946 591 iis
959 571 1020 598 qua:
1034 567 1113 598 pacta
1127 567 1155 590 et
1169 567 1305 590 conventa
1323 567 1399 595 sunt,
1418 563 1445 592 is.
1463 571 1603 598 nunquam
1621 563 1700 597 jura-

911 611 982 638 verit
1003 619 1009 637 ε
1026 610 1251 645 quandoquidem
1277 614 1369 636 utrum
1386 609 1531 636 violaverit
1550 617 1585 636 an
1610 608 1700 644 perfe-

912 655 990 687 cerit,
1014 655 1087 682 facto
1105 654 1253 681 conﬁrmat
1272 663 1279 681 :
1300 654 1373 682 sicut
1390 658 1465 681 certe
1480 654 1588 687 mentiri
1605 659 1632 681 et
1652 661 1701 689 po.

909 701 1012 735 jerare,
1029 701 1058 728 iu
1073 700 1191 728 dicendo
1207 703 1235 727 et
1248 699 1378 734 iurando,
1396 703 1439 728 est
1454 703 1553 734 praeter
1568 699 1699 728 oﬂicium.

912 745 963 778 Qui
981 750 1074 773 autem
1097 745 1171 780 iuste
1194 745 1272 779 vivit,
1292 746 1361 773 nihil
1385 753 1419 773 ex
1439 745 1472 772 iis
1497 753 1563 780 quae.
1582 745 1702 773 oﬁicium

912 792 971 820 ﬁeri
997 792 1128 827 postulat.
1151 792 1322 823 transiliens,
1349 791 1396 818 ubi
1428 791 1602 818 examinatur
1625 790 1701 826 judi-z

912 839 984 867 cium
999 839 1134 872 veritatis,
1154 839 1178 866 is
1195 838 1276 866 factis
1288 838 1370 873 310
1384 845 1450 865 vere
1469 838 1552 872 iurat.
1570 837 1617 865 Est
1634 844 1705 872 ergo,

912 885 937 913 ei
951 885 1119 920 superﬂuum
1140 885 1240 920 lingua:
1253 884 1453 912 testimonium.
1467 883 1535 911 Cum
1551 891 1617 918 ergo
1627 883 1663 910 sit
1675 883 1705 911 ei.

61 930 144 966 ’παρά
156 930 209 962 τὰς
227 929 365 966 συνθήκας
381 939 406 957 τι
424 931 543 957 ποιεῖται
553 939 559 945 ·
581 930 667 966 ταύτῃ
683 929 712 956 δὲ
725 930 786 956 οὐδὲ
805 929 859 965 (99)

917 938 1022 966 semper
1038 938 1203 966 persuasum
1218 930 1303 958 Deum
1315 937 1378 957 esse
1390 930 1502 964 ubique,
1515 932 1541 957 et
1556 929 1704 958 erubescat

60 976 182 1011 ὖμνυσιν
201 977 283 1012 ὅρκον
297 975 470 1011 ἀπαιτηθεὶς,
488 976 548 1003 οὐδὲ
570 975 681 1011 ἔξαρνος
705 975 771 1002 ποτὲ
790 975 863 1010 γίνε-

60 1030 120 1054 ται,
146 1022 194 1049 ἵνα
219 1022 257 1058 μὴ
272 1022 423 1058 ψεύσηται,
451 1022 503 1051 κᾶν
525 1021 714 1058 ἐναποθνήσκῃ
736 1022 792 1054 τοῖς
814 1021 863 1057 βα-

63 1068 171 1100 σάνοις.

915 985 970 1004 non
982 984 1078 1004 verum
1095 976 1198 1009 dicere.
1221 980 1249 1004 et
1268 976 1367 1004 falsum
1387 975 1480 1003 dicere
1502 978 1650 1010 cognoscat
1672 982 1702 1002 se

915 1030 978 1050 esse
994 1022 1148 1058 indignum,
1167 1022 1259 1050 divina
1285 1026 1312 1050 et
1330 1030 1381 1050 sua
1398 1022 1491 1058 ipsius‘
1501 1024 1645 1049 contentus
1660 1022 1704 1048 est

915 1069 1087 1096 conscientia
1103 1078 1109 1096 :
1123 1072 1151 1096 et
1169 1069 1230 1096 ideo
1247 1076 1302 1096 non
1322 1068 1466 1101 mentitur,
1491 1075 1580 1102 neque
1604 1070 1703 1101 praeter

61 1120 147 1149 pacta
172 1118 310 1142 conventa
335 1114 401 1142 facit
425 1114 540 1150 aliquid.
563 1113 641 1142 Unde
658 1114 741 1142 etiam
763 1122 855 1149 neque
870 1114 955 1149 jurat,
975 1116 997 1143 si
1018 1115 1102 1143 fuerit
1132 1119 1245 1152 rogatus
1266 1123 1382 1152 :neque
1406 1122 1528 1151 unquam
1560 1113 1634 1150 quod
1656 1113 1703 1149 ju-

61 1161 138 1193 ravit
150 1163 249 1196 negat,
273 1168 309 1188 ne
325 1160 425 1188 falsum
440 1159 525 1194 dicat,
550 1160 659 1188 etiamsi
676 1160 809 1188 moriatur
832 1161 860 1187 in
878 1161 1034 1189 tormentis.

794 1217 911 1245 CAPUT
929 1218 974 1246 IX.

261 1263 410 1291 Virtutibus
424 1263 510 1290 multo
525 1263 610 1299 magis
623 1263 721 1298 pollere
738 1263 831 1290 debere
846 1264 923 1291 illum
934 1265 979 1300 qui
993 1265 1060 1292 alios
1075 1265 1185 1292 docendi
1200 1273 1295 1292 munus
1311 1264 1338 1291 in
1353 1273 1381 1291 se
1394 1265 1515 1298 suscepit.

98 1321 200 1348 Πλεῖον
221 1319 250 1346 δέ
272 1329 298 1346 τι
321 1320 369 1346 καὶ
395 1319 495 1355 μᾶλλον
513 1319 641 1346 ἐπιτείνει
666 1319 695 1345 τδ
711 1319 861 1353 γνωστικδν

60 1368 178 1402 ἀξίωμα
193 1367 208 1392 6
223 1366 272 1402 τὴν
290 1366 458 1401 προστασίαν
476 1366 526 1401 τῆς
542 1365 596 1392 τῶν
613 1365 713 1401 ἐτέρων
733 1365 862 1393 διδασκα-

60 1415 125 1447 λίας
148 1413 307 1445 ἀναλαϐὼν,
334 1412 381 1439 τοῦ
401 1411 527 1447 μεγίστου
551 1412 597 1438 ἐπὶ
621 1412 672 1447 γῆς
697 1411 734 1447 (Ι)
756 1411 861 1446 ἀγαθοῦ

58 1461 112 1496 τὴν
129 1458 292 1495 οἰκονομίαν
310 1458 382 1494 λόγῳ
403 1466 434 1484 τε
455 1458 503 1485 καὶ
523 1457 596 1494 ἔργῳ
615 1457 862 1492 ἀναδεξάμενος,δι¹

57 1504 94 1541 ἦς
127 1506 200 1542 πρὸς
229 1505 261 1531 τὸ
283 1504 360 1531 Θεῖον
385 1504 533 1538 συνάφειάν
556 1512 585 1530 τε
601 1503 648 1530 καὶ
665 1503 803 1530 κοινωνίαν
815 1504 863 1538 ἐμ-

61 1551 220 1587 μεσιτεύει.
245 1550 290 1582 Ὦς
306 1550 335 1576 δὲ
360 1551 386 1576 οἱ
402 1550 436 1577 τά
460 1550 569 1584 ἐπίγεια
592 1549 790 1584 θρησκεύοντες
807 1551 863 1581 τοῖς

60 1598 211 1634 ἀγάλμασι
227 1596 354 1632 καθάπερ
369 1597 495 1622 ἐπαΐουσι
516 1595 730 1632 προσεύχονται,
747 1596 796 1627 τὰς
820 1596 864 1630 βε-

950 1319 1073 1348 Gnostiei
1100 1324 1191 1347 autem
1217 1320 1377 1355 dignitatem
1417 1321 1535 1348 maxime
1568 1325 1648 1356 auget
1676 1325 1704 1349 et

915 1367 1072 1401 ampliﬁcat,
1089 1367 1136 1401 qui
1154 1366 1271 1394 aliorum
1287 1366 1474 1393 docendorum
1497 1367 1619 1401 suscepit
1635 1374 1704 1402 prae-

916 1411 1060 1443 fecturam,
1089 1415 1119 1439 ut
1140 1412 1186 1447 qui
1202 1412 1314 1439 maximi
1338 1412 1410 1447 quod
1426 1416 1467 1440 est
1492 1413 1518 1439 in
1536 1413 1618 1440 terris
1639 1413 1704 1441 boui

916 1458 1151 1493 dispensationem
1168 1461 1195 1485 et
1214 1458 1298 1486 verbo
1323 1463 1350 1486 et
1375 1457 1450 1496 facto
1478 1459 1627 1494 acceperit,
1655 1467 1704 1494 per

916 1512 998 1539 quam
1016 1507 1146 1538 tanquam
1162 1503 1297 1530 mediator
1319 1503 1459 1530 hominem
1483 1510 1546 1529 cum
1565 1502 1621 1530 Deo
1637 1511 1704 1530 con-

914 1549 1013 1585 iungit.
1031 1549 1108 1575 Sicut
1123 1553 1214 1575 autem
1233 1547 1279 1583 qui
1297 1555 1341 1575 res
1360 1551 1486 1574 terrenas
1502 1547 1594 1574 colunt
1611 1555 1643 1575 ac
1657 1556 1704 1575 ve-

917 1599 1060 1627 uel-antur,
1087 1598 1237 1630 precantur
1253 1594 1402 1621 simulacra
1420 1594 1535 1629 perinde
1557 1602 1588 1622 ac
1612 1595 1636 1621 si
1653 1602 1703 1621 au-

59 1643 144 1675 ὃαίας
172 1643 221 1670 ἐπὶ
243 1642 345 1669 τούτων
436 1642 573 1677 τιθέμενοι
598 1641 752 1677 συνθήκας·
778 1641 859 1674 οὕτως

917 1641 1002 1672 diant.
1027 1641 1136 1668 stabilia
1159 1641 1296 1668 ducentes
1319 1645 1399 1676 pacta
1424 1645 1558 1668 conventa
1582 1649 1643 1676 qua:
1664 1640 1705 1669 eis

58 1691 108 1718 ἐπὶ
126 1689 186 1717 τῶν
203 1689 333 1725 ἐμψύχων
355 1688 520 1724 ἀγαλμάτων
539 1688 593 1716 τῶν
614 1687 765 1723 ἀνθρώπων
781 1688 797 1723 ἡ
817 1695 864 1722 με-

57 1736 259 1773 γαλοπρέπεια
268 1734 315 1761 τοῦ
323 1734 409 1769 Λόγου
421 1736 437 1770 ή
452 1734 555 1770 ἀληθὴς
567 1735 635 1770 πρὸς
649 1733 694 1760 τοῦ
707 1733 863 1767 ἀξιοπίστου

57 1781 317 1819 παραλαμβάνεται
336 1781 506 1812 διδασκάλου,
530 1780 579 1807 καὶ
598 1781 615 1816 ή
637 1781 676 1812 εἰς
691 1780 802 1811 τούτους
824 1779 862 1814 (5)

57 1828 216 1864 εὐεργεσία
229 1829 270 1860 είς
287 1827 368 1854 αὐτὸν
383 1827 550 1862 ἀναφέρεται
567 1827 611 1853 τὸν
631 1826 743 1862 Κύριον,
761 1822 791 1852 οὗ
803 1826 863 1852 κατ’

57 1875 159 1902 εἰκόνα
189 1873 326 1900 παιδεύων
350 1874 364 1900 6
387 1873 427 1908 τῷ
453 1873 510 1899 ὄντι
538 1872 681 1909 ἄνθρωπος
703 1873 865 1908 δημιουργεῖ

57 1921 108 1948 καὶ
125 1918 360 1956 μεταρρυθμίζει,
383 1918 513 1950 καινίζων
533 1919 573 1950 εἰς
592 1919 729 1953 σωτηρίαν
752 1917 797 1944 τὸν
812 1925 863 1945 κα-

55 1966 238 2002 τηχούμενον
265 1965 416 2002 ἄνθρωπον.
438 1965 482 1996 Ὧς
501 1964 556 2000 γὰρ
574 1963 621 1990 τὸν
642 1964 752 1999 σίδηρον
777 1964 864 1999 ’Ἄρην

59 2011 321 2049 προσαγορεύουσιν
345 2011 485 2046 Ἕλληνες,
501 2011 549 2038 καὶ
572 2010 619 2037 τὸν
644 2008 714 2037 οἴνον
740 2009 864 2036 Διόνυσον

58 2059 136 2087 κατά
151 2066 222 2093 τινα,
233 2057 372 2092 ἀναφοράν
382 2064 393 2079 ἰ
412 2056 500 2088 οὕτως
518 2058 532 2084 ὁ
548 2056 708 2091 γνωστικὸς,
727 2055 797 2082 ἰδίαν
812 2064 865 2082 σωτ-

57 2105 162 2140 τηρίαν
177 2103 331 2138 ἡγούμενος
343 2103 392 2138 τὴν
415 2103 470 2130 τῶν
494 2102 578 2134 πέλας
595 2102 739 2137 ὠφέλειαν,
754 2101 863 2136 ἄγαλμα

59 2150 190 2186 ἔμψυχον
206 2148 319 2180 εἰκότως
330 2147 363 2180 ἂν
382 2147 429 2182 τοῦ
441 2147 544 2183 Κυρίου
555 2147 670 2182 λέγοιτο,
686 2146 717 2173 οὐ
731 2145 802 2175 κατὰ
815 2145 864 2181 τὴν

58 2197 114 2231 τῆς
128 2195 241 2231 μορφῆς
257 2194 384 2229 ἰδιότητα,
413 2193 481 2220 ἀλλὰ
503 2193 575 2220 κατά
594 2193 625 2220 τὸ
647 2192 697 2228 τῆς
723 2191 864 2226 δυνάμεως

60 2242 213 2278 σύμϐολον,
231 2242 278 2268 καὶ
294 2241 406 2268 κατὰτὸ
418 2241 467 2275 τῆς
486 2240 627 2277 κηρύξεως
646 2240 782 2276 ὁμοίωμα.
805 2239 863 2265 Πᾶν

58 2289 117 2323 ἄρα
133 2287 148 2313 ὅ
157 2295 186 2313 τι
204 2295 257 2322 περ
270 2285 302 2312 ἂν
317 2287 347 2313 ὲν
360 2286 407 2321 νῷ,
423 2286 502 2312 τοῦτο
515 2286 561 2312 καὶ
572 2286 618 2311 ἐπὶ
630 2284 757 2319 γλώσσης
773 2283 861 2319 φέρει,

914 1687 982 1718 ﬁunt
996 1687 1155 1715 auctoribus
1171 1694 1177 1712 :
1195 1687 1232 1713 ita
1244 1686 1271 1713 in
1285 1686 1414 1714 animatis
1437 1685 1612 1720 imaginibus,
1629 1685 1704 1714 scili-

913 1737 956 1760 cet
971 1732 1138 1765 hominibus,
1165 1739 1230 1759 vera
1247 1731 1312 1767 Logi
1329 1730 1532 1766 magnificentia
1556 1739 1571 1758 a
1589 1731 1641 1758 ﬁde
1662 1731 1705 1758 di-

914 1785 968 1813 gno
990 1777 1122 1812 magistro
1143 1777 1279 1811 accipitur
1298 1785 1305 1803 :
1323 1780 1352 1803 et
1377 1776 1450 1811 quod
1473 1777 1501 1803 in
1527 1784 1574 1803 eos
1599 1776 1706 1803 confer-

913 1826 958 1850 tur
972 1823 1145 1854 beneﬁcium,
1157 1822 1277 1850 refertur
1289 1822 1322 1849 ad
1339 1821 1428 1857 ipsum
1444 1822 1602 1854 Dominum,
1616 1822 1649 1849 ad
1660 1830 1705 1849 cu-

911 1868 957 1902 jus
974 1868 1120 1902 imaginem
1135 1867 1238 1894 docens
1256 1867 1279 1894 is
1292 1867 1340 1902 qui
1354 1875 1450 1894 revera
1465 1871 1508 1894 est
1521 1867 1614 1899 ltonio,
1629 1871 1705 1894 creat

918 1916 947 1945 >14
958 1917 984 1941 et
998 1914 1156 1944 concinnat.
1167 1912 1200 1940 ad
1216 1913 1333 1940 salutem
1348 1919 1494 1945 renovans,
1506 1912 1643 1940 hominem
1659 1919 1706 1940 ca-

916 1960 1118 1988 teeliumenum.
1130 1959 1273 1992 Quomodo
1287 1959 1358 1986 enim
1373 1958 1474 1986 ferrum
1491 1958 1604 1986 Martem
1617 1958 1704 1987 Grmci

915 2006 1063 2042 appellant,
1078 2010 1106 2033 et
1130 2006 1223 2032 vinum
1255 2005 1402 2036 Bacchum,
1429 2009 1540 2039 propter
1557 2005 1703 2040 quamdam

914 2053 1094 2080 relationem:
1114 2052 1151 2078 ita
1165 2051 1317 2088 gnostieus,
1347 2051 1535 2086 proximorum
1559 2050 1704 2078 utilitatem

915 2099 1051 2134 propriam
1069 2099 1183 2126 salutem
1210 2098 1382 2129 existimans,
1407 2097 1504 2124 merito
1530 2096 1636 2124 dicetur
1651 2096 1704 2123 Do—

914 2144 982 2172 mini
995 2144 1086 2179 imago
1101 2144 1231 2176 animata,
1246 2151 1301 2171 non
1323 2141 1414 2178 quoad
1445 2142 1538 2170 formae
1552 2142 1703 2178 proprieta-

915 2195 981 2222 tem,
997 2190 1046 2217 sed
1060 2189 1150 2225 quoad
1162 2189 1381 2217 communionem
1407 2188 1562 2225 potestatis,
1585 2192 1611 2215 et
1626 2188 1704 2215 simi-

915 2237 1058 2264 litudinem
1074 2235 1285 2271 praedicationis.
1307 2234 1444 2269 Quidquid
1463 2234 1543 2260 habet
1559 2233 1586 2260 in
1602 2237 1703 2265 mente,

916 2284 942 2311 id
959 2284 1040 2311 etiam
1061 2283 1114 2310 fert
1130 2282 1158 2309 in
1176 2282 1283 2316 lingua:
1298 2285 1380 2316 atque
1403 2280 1475 2315 apud
1499 2287 1546 2307 eos
1563 2279 1608 2314 qui
1629 2279 1703 2314 digni

59 2334 136 2368 πρὸς
147 2332 214 2363 τοὺς
225 2332 333 2358 ἐπαΐειν
352 2331 445 2365 ἀξίους
468 2332 500 2358 ὲκ
515 2331 566 2366 τῆς
580 2330 804 2365 συγκαταθέσεως
817 2330 859 2356 κα)

917 2335 980 2358 sunt
997 2329 1102 2360 audire,
1120 2335 1152 2354 ex
1166 2327 1327 2354 assensione
1342 2330 1368 2353 et
1393 2325 1527 2353 sententia
1556 2325 1638 2352 simul
1664 2325 1704 2351 lo-

59 2380 119 2407 ἀπδ
131 2378 248 2415 γνώμης
261 2378 347 2412 λέγων
360 2378 417 2414 ἅμα
430 2379 478 2405 καὶ
490 2377 564 2413 βίους
578 2377 627 2414 (4).
649 2376 748 2412 Ἀληθῆ
761 2385 790 2403 τε
804 2375 859 2416 γὰρ

120 2460 153 2489 ἧς
170 2456 206 2483 Ρ.
223 2456 276 2484 865
292 2455 346 2484 ΕΙ).
368 2454 519 2487 POTTER,
536 2455 590 2482 ’150
608 2454 662 2481 ΕΙ).
684 2453 798 2482 PARIS.

101 2535 162 2569 (95)
178 2533 218 2562 Τὸ
235 2534 335 2569 εὑρεῖν
349 2532 407 2562 οὖν
418 2532 669 2569 συμϐαίνειῌκατὰ
684 2531 741 2569 τὴν
754 2531 861 2569 κατόρ-

59 2567 162 2598 θωσικ
173 2567 275 2603 τὴνένῖ
284 2569 347 2602 τοῖς
360 2567 557 2602 καθήκουσιν.
575 2567 680 2600 Scribe,
695 2567 725 2594 τὺ
739 2568 863 2603 εὐορκεζν

59 2605 112 2632 οὖν
146 2605 290 2640 συμϐαίνει
320 2604 393 2632 κατὰ
415 2604 465 2639 τὴν
492 2603 662 2639 κατόρθωσιν
676 2613 700 2630 τ.
716 2603 744 2629 ὲν
758 2611 783 2629 τ.
797 2602 861 2633 καθ,

61 2641 209 2668 llemstus.

101 2676 162 2709 (96)
174 2675 237 2702 Ποῦ
251 2675 358 2702 τοίνυν
373 2674 426 2701 ἔτι.
441 2674 497 2701 Ποῦ
512 2674 601 2701 τοίνυν
617 2673 675 2700 ἐστί
690 2673 792 2705 habent
805 2672 865 2702 edi-.

58 2712 157 2739 tiones
172 2711 342 2738 recentiores
362 2715 458 2737 contra
472 2714 593 2737 veterum
610 2709 735 2736 codicum
752 2709 841 2736 ﬁdem.

102 2746 162 2781 (97)
180 2746 238 2772 Δεῖ.
255 2745 341 2781 Flor.,
356 2745 388 2780 δή
404 2753 453 2780 pro
473 2744 527 2781 δεῖ,
542 2752 695 2781 perperam.
706 2743 847 2781 ~Svtasutut.

101 2779 161 2816 (98)
184 2782 236 2808 Ἐν
247 2780 288 2814 τῷ
305 2778 418 2816 λέγεἱὴ
435 2779 485 2806 καὶ
498 2779 532 2816 τὸ
543 2778 684 2816 iui-157m.
704 2778 810 2816 Scribe,
833 2780 863 2804 ἐν

60 2813 318 2853 «ᾤ’λέγεινκαὶτῷ
333 2813 448 2853 ὀμνύναι
461 2823 467 2829 ·
483 2824 491 2853 ι
503 2814 657 2853 indicendo
669 2818 696 2853 et
704 2813 859 2853 jt_t_rando.__t

99 2848 159 2886 (99)
178 2851 269 2879 Οὑδέ.
284 2848 357 2878 Ηιειί
376 2850 509 2886 particula
534 2850 561 2886 in
583 2849 785 2878 recentioribus
808 2848 863 2886 edi-

62 2883 201 2921 tionibus,
217 2895 267 2915 seu
282 2894 360 2918 casu,
374 2883 422 2913 seu
438 2885 582 2919 industria,
601 2892 743 2921 perperam
761 2883 862 2912 omissa

61 2927 116 2953 est.

912 2376 1005 2410 quitur
1023 2380 1049 2402 et
1065 2374 1142 2404 vivit.
1160 2373 1232 2401 Vera
1261 2373 1334 2400 enim
1357 2372 1438 2398 simul
1465 2371 1548 2398 sentit
1572 2375 1599 2398 et
1624 2370 1701 2403 divit,

952 2530 989 2565 (l)
1011 2529 1076 2556 Ἐπὶ
1088 2529 1164 2565 Δἧς,
1191 2528 1264 2565 Flor.
1283 2527 1417 2565 én1_-.ﬁg°
1429 2527 1580 2565 ambigue.
1597 2525 1703 2565 _Nostra

915 2562 998 2593 lectio
1009 2565 1055 2591 ἐπὶ
1068 2562 1135 2599 γῆς,
1146 2564 1289 2598 repetitur,
1305 2563 1417 2599 infrarp.
1428 2563 1492 2599 5l7,
1504 2562 1605 2599 alioqui
1620 2562 1703 2589 etiam

915 2609 977 2628 cum
999 2597 1115 2627 articulo
1130 2597 1186 2634 legi
1197 2603 1287 2633 potest
1301 2599 1348 2625 ἐπὶ
1360 2598 1411 2633 τῆς
1426 2598 1489 2633 γῆς.
1508 2597 1641 2634 δῃουιιῦ.

951 2635 990 2671 (‘2)
1011 2635 1076 2662 Ἐ’π).
1088 2632 1211 2661 τούτων.
1228 2643 1241 2671 λι
1260 2634 1357 2671 Coram
1373 2632 1461 2664 hisce,
1475 2643 1485 2658 ι
1501 2633 1543 2671 vel
1559 2632 1704 2671 legendum

915 2668 961 2698 ὲπῖ
977 2668 1074 2705 τούτῳ,
1100 2679 1110 2695 ί
1130 2669 1289 2705 superrhoc,
1307 2678 1316 2695 ι
1336 2669 1450 2696 deorum
1469 2668 1574 2696 scilicet
1589 2668 1703 2695 invoca-

915 2711 1004 2734 torum
1026 2706 1193 2732 testimonio.
1210 2704 1343 2732 Svuumc.

950 2741 988 2777 (5)
1009 2741 1042 2768 Ἡ
1059 2742 1103 2777 εἰς
1116 2741 1251 2777 τούτους.
1265 2739 1421 2777 _Respicere
1434 2738 1542 2777 videtur
1557 2737 1654 2764 Matth.
1672 2744 1701 2768 κ,

912 2777 962 2810 ιιὲς
979 2775 1041 2807 irxv,
1058 2776 1086 2808 4,
1103 2777 1144 2803 vel
1163 2775 1246 2802 alium
1264 2775 1308 2802 his
1325 2775 1442 2801 similem
1458 2775 1558 2810 locum.

951 2806 988 2852 (4)
1003 2806 1113 2852 Βίους,
1129 2811 1184 2852 Aut
1211 2810 1270 2852 βίου
1290 2806 1700 2852 legendum,vidc'turidutﬂsu,

918 2857 927 2872 ‹
942 2842 1032 2874 animo
1046 2842 1149 2882 pariter
1162 2850 1188 2873 et
1199 2842 1270 2882 r'vita
1283 2855 1290 2872 :
1305 2842 1379 2871 {aut
1393 2843 1475 2879 βιούς,
1499 2845 1571 2882 sicut
1584 2842 1699 2882 infra_p.

915 2882 978 2912 516,
991 2887 1020 2908 ιιι
1034 2877 1079 2913 sit,
1099 2891 1108 2906 ι
1124 2881 1205 2908 simul
1222 2881 1318 2907 dicens
1335 2884 1362 2907 et
1375 2877 1498 2910 vivens”
1518 2878 1544 2905 id
1556 2882 1598 2905 est
1609 2877 1701 2905 verbis

916 2917 1017 2954 pariter
1035 2921 1062 2945 et
1077 2917 1137 2944 vita:
1149 2916 1304 2944 actionibus
1321 2915 1474 2942 declarans.
1496 2913 1628 2941 Susum.
