1933 3075
43 179 98 206 ΠΤ

673 178 890 208 STROMATUM
907 180 972 208 LIB.
991 180 1049 209 Vl].

1636 180 1689 207 478

42 235 253 270 ἀναγκάζεται·
280 237 328 263 ἐπὶ
352 237 381 264 δὲ
411 237 465 264 τῶν
494 237 608 274 πλησίον
633 237 752 274 ὠφελείᾳ
778 237 840 273 μὸντ

900 238 932 265 ab
946 246 990 271 eo,
1002 238 1028 266 si
1038 245 1094 266 non
1105 238 1206 268 faceret
1215 239 1323 267 illorum
1341 246 1434 267 causa.
1448 237 1473 266 is
1485 238 1556 265 enim
1568 238 1688 272 seipsum

43 283 158 319 ποιήσει
173 283 276 315 τινὰ,ἃ
287 284 337 311 οὐκ
348 284 380 311 ἂν
391 284 603 320 προηγουμένως
610 285 684 320 αὐτῷ
700 285 847 321 πραχθείη,

42 330 66 355 εί
81 330 123 365 μὴ
150 329 186 355 δι’
200 330 326 362 ἐκείνους
348 330 454 366 ποιοίη·
475 327 551 362 οὗτος
576 331 671 358 ἑαυτὸν
697 331 849 358 ἐπιδίδωσιν

41 375 118 411 ὑπὲρ
131 375 185 410 τῆς
206 376 382 411 Ἐκκλησίας,
396 377 467 412 ὑπὲρ
480 376 535 404 τῶν
557 377 717 413 γνωρίμων,
739 377 786 409 οὒς
799 377 849 404 αὑ-

42 421 91 453 τὸς
104 421 257 457 ἐγέννησεν
277 421 333 457 (12)
348 422 377 448 ἐν
391 423 495 455 πίστει,
507 424 547 454 είς
562 423 713 459 ὑπόδειγμα
726 424 781 455 τοῖς
792 423 849 450 δια-

42 467 182 500 δέξασθαι
196 468 248 503 τὴν
260 468 348 502 ἄκραν
363 468 519 504 οἰκονομίαν
531 468 579 495 τοῦ
599 469 788 505 φιλανθρώπου
802 470 849 496 καὶ

41 515 177 549 φιλοθέου
196 514 342 541 παιδευτοῦ
356 515 526 551 δυναμένοις,
548 516 588 548 εἰς
614 516 785 551 παράστασιν
798 516 848 551 τῆς

41 561 183 596 ἀληθείας
211 561 267 588 τῶν
287 560 393 595 λόγων,
422 562 463 593 είς
486 562 626 598 ἐνέργειαν
654 563 704 598 τῆς
738 563 849 598 ἀγάπης

40 607 92 642 τῆς
120 607 197 642 πρὸς
214 607 261 634 τὸν
280 608 398 644 Κύριον·
429 607 580 640 ἁδούλωτος
600 605 677 640 οὗτος
703 609 732 635 ὲν
755 608 847 644 φόϐῳ,

41 655 155 691 ἀληθὴς
180 656 210 681 ἐν
228 655 311 690 λόγῳ,
330 655 494 691 καρτερικὸς
516 656 545 681 ἐν
566 655 649 690 πόνῳ,
676 656 743 692 μηδὲ
765 657 794 682 ὲν
809 655 848 692 τῷ

41 701 216 737 προφορικῷ
233 701 304 736 λόγῳ
316 700 469 736 ψεύσασθαι
486 701 571 728 θέλων
590 702 665 728 ποτέ”
683 703 738 730 κάν
761 702 849 738 τούτῳ

39 746 70 772 τὸ
83 746 291 781 ἀναμάρτητον
304 746 420 773 πάντοτε
435 746 577 781 κατορθῶν
587 755 594 762 ·
612 747 674 773 ἐπεὶ
695 747 726 773 τὸ
752 746 849 781 ψεῦδος

39 793 122 824 αὐτὸ,
139 793 194 819 ἆτε
222 793 292 828 μετά
317 801 389 825 τινος
411 793 487 819 δόλου
515 793 671 828 εἰρημένον,
691 794 741 820 οὐκ
765 794 849 829 ἀργός

39 840 101 865 ἐστι
115 839 215 873 λόγος,
242 839 298 865 ἀλλ’
313 840 353 871 είς
374 839 474 866 κακίαν
497 839 613 875 ἐνεργεῖ.
638 838 774 866 Πάντοθεν
794 839 849 875 ἄρα

41 886 190 920 μαρτυρεῖ
204 886 241 920 τῇ
256 885 369 921 ἀληθείᾳ
387 885 466 921 μόνος
488 887 502 913 ὁ
526 886 687 920 γνωστικδς,
714 886 762 913 καὶ
774 885 847 921 ἔργῳ

39 932 88 958 καὶ
102 931 195 966 λόγῳ.
220 931 277 957 Ἀεὶ
291 930 345 967 γὰρ
361 931 488 967 κατορθοῖ
504 931 532 957 ἐν
545 931 612 958 πᾶσι
626 931 743 963 πάντως,
759 931 805 958 καὶ
819 931 848 957 ἐν

39 977 117 1013 λόγῳ
130 978 184 1004 καὶ
209 978 240 1004 ὲν
267 977 377 1013 πράξει,
394 978 442 1004 καὶ
459 979 488 1004 ὲν
511 978 579 1013 αὐτῇ
605 979 639 1013 τῇ
657 970 756 1013 ἐννοίᾳ.
773 977 847 1013 Αὕτη

42 1023 92 1057 μὲν
111 1021 176 1053 οὖν,
197 1022 237 1053 ὠς
258 1023 286 1048 ὲν
311 1022 442 1058 ἐπιδρομῇ
461 1023 553 1057 φάναι,
580 1023 659 1058 ἡτοῦ
684 1022 848 1058 Χριστιανοῦ

41 1068 206 1095 θεοσέϐεια.
226 1069 259 1094 Εἰ
272 1068 304 1104 δὴ
316 1068 490 1104 καθηκόντως
511 1068 598 1095 ταῦτα
625 1070 697 1095 ποιεῖ
716 1068 849 1095 καὶκατὰ

40 1114 124 1148 λόγον
138 1114 237 1150 ὀρθὸν,
251 1114 370 1146 εὐσεϐῶς
386 1116 457 1141 ποιεῖ
473 1115 520 1141 καὶ
537 1114 656 1146 δικαίως.
680 1115 711 1141 Et
722 1114 750 1141 δὲ
762 1114 848 1141 ταῦτα

40 1158 134 1190 οὕτως
146 1158 220 1193 ἔχει,
238 1158 319 1193 μόνος
336 1158 368 1185 ἄν
386 1158 428 1194 εἴη
446 1159 485 1195 τῷ
501 1159 558 1186 ὄντι
576 1159 690 1195 εὐσεϐής
705 1168 735 1186 τε
748 1160 796 1186 καὶ
807 1159 847 1187 δί-

40 1213 123 1236 καιος
145 1205 197 1230 καὶ
209 1203 340 1240 θεοσεϐὴς
362 1206 377 1231 ὁ
400 1205 557 1239 γνωστικός.
583 1207 640 1233 Οὐκ
664 1206 719 1242 ἄρα
742 1205 848 1237 ἄθεοςὸ

39 1250 227 1287 Χριστιανός·
241 1251 316 1277 τουτὶ
334 1251 388 1287 γὰρ
411 1249 446 1286 ἦν
467 1252 498 1278 τὸ
516 1252 695 1288 προκείμενον
717 1251 848 1284 ἐπιδεῖξαι

39 1298 99 1328 τοῖς
114 1296 290 1331 φιλοσόφοις
308 1296 378 1323 ὥστε
390 1297 465 1323 οὐδὲν
482 1297 565 1324 κακὸν
578 1297 594 1333 ἢ
609 1298 731 1333 αἰσχρὸν,
745 1298 759 1324 ὃ
775 1299 848 1324 ἐστιν

40 1341 150 1373 ἄδικον,
171 1341 248 1368 κατὰ
265 1342 367 1377 μηδένα
388 1343 489 1378 τρόπον
511 1344 654 1379 ἐνεργήσει
671 1343 747 1371 ποτέ.
774 1344 849 1370 Ἀκο-

38 1387 151 1419 λούθως
163 1386 259 1413 τοίνυν
275 1387 336 1414 οὐδὲ
347 1388 451 1420 ἀσεϐεῖ,
472 1389 528 1415 ἀλλ’
544 1389 561 1424 ἣ
576 1389 655 1424 μόνος
667 1389 706 1425 τῷ
719 1389 775 1416 am
787 1389 848 1416 θεο-

40 1433 130 1464 σεϐεῖ,
149 1433 238 1464 ὁσίως
252 1434 299 1460 καὶ
315 1434 508 1469 προσηκόντως
527 1434 572 1461 τὸν
595 1435 680 1467 ὁντως
694 1436 759 1462 ὄντα
782 1435 849 1462 Θεὸν

39 1479 230 1514 πανηγεμόνα
256 1479 303 1505 καὶ
329 1479 441 1514 βασιλέα
465 1480 512 1506 καὶ
535 1481 753 1517 παντοκράτορα,
779 1481 851 1508 κατὰ

38 1526 91 1561 τὴν
104 1525 202 1561 ἀληθῆ
219 1525 378 1552 θεοσέϐειαν
401 1525 482 1558 ὁσίως
501 1527 724 1563 προτρεπόμενος
737 1527 804 1564 (15).

900 285 983 313 tradit
998 292 1047 320 pro
1062 284 1195 318 Ecclesia,
1205 293 1255 320 pro
1272 285 1455 312 familiaribus
1466 287 1495 316 ᾔ(
1504 291 1574 318 quos
1587 284 1688 318 ipsein

899 331 952 359 lide
968 331 1071 367 genuit,
1090 332 1118 358 in
1145 332 1299 366 exemplum
1318 332 1353 359 iis
1377 331 1424 366 qui
1442 330 1597 366 suscepturi
1625 333 1690 357 sunt

900 385 1037 405 summum
1051 377 1118 404 illud
1131 377 1249 405 oﬁicium
1277 377 1389 413 benigni
1405 381 1432 405 et
1451 377 1488 412 pii
1510 376 1644 408 doctoris,
1659 379 1690 402 ut

899 423 1027 450 ostendat
1042 423 1190 450 verborum
1206 427 1353 451 veritatem
1370 428 1398 450 et
1414 426 1543 458 operetur
1569 422 1690 457 charita-

899 474 952 496 lem
976 469 1005 496 in
1030 468 1186 497 Dominum.
1217 470 1242 497 ls
1259 473 1302 497 est
1335 469 1468 504 ejusmodi
1493 473 1522 496 ιιι
1549 476 1565 496 a
1591 469 1690 495 timore

899 522 955 542 non
968 515 1108 550 redigatur
1127 515 1155 542 in
1186 515 1360 548 servitutem,
1386 523 1469 543 verus
1495 515 1523 542 in
1548 522 1688 546 sermone.

899 561 1020 589 tolerans
1035 562 1065 588 in
1075 561 1180 594 labore,
1194 562 1291 590 necin
1311 562 1415 597 prolato
1425 569 1552 590 sermone
1568 568 1689 596 unquam

899 607 1045 638 mentiens,
1063 611 1090 634 et
1112 607 1141 634 in
1161 614 1194 634 eo
1205 614 1236 634 se
1262 614 1373 641 semper
1384 607 1421 634 ita
1445 615 1546 642 gerens
1573 610 1603 634 ut
1630 614 1685 633 non

899 657 994 688 peccet
1005 662 1016 680 ;
1028 652 1250 687 quandoquidem
1270 653 1359 687 ipsum
1377 653 1562 686 mendacium,
1576 653 1689 687 utquod

899 706 962 726 cum
975 698 1067 733 aliquo
1083 698 1147 727 dolo
1162 697 1265 725 dictum
1278 697 1324 730 sit,
1341 705 1396 725 non
1412 702 1454 726 est
1471 706 1562 726 sermo
1571 698 1688 729 otiosus.

899 745 947 772 sed
964 748 1110 773 exercetur
1138 744 1172 772 ad
1198 744 1306 772 vitium.
1332 743 1459 779 Undique
1484 751 1550 779 ergo
1578 744 1690 771 veritati

899 789 1087 817 testimonium
1105 789 1159 816 fert
1175 789 1250 817 solus
1271 789 1425 824 gnosticus,
1450 793 1477 816 et
1492 789 1564 816 facto
1583 794 1611 816 et
1628 797 1691 816 ora—

899 836 993 864 tione:
1011 843 1120 870 semper
1133 835 1206 862 enim
1220 835 1248 862 in
1276 835 1405 862 omnibus
1426 835 1539 863 omnino
1566 843 1596 863 se
1616 839 1691 862 recte

899 881 979 917 gerit,
1000 881 1069 908 etin
1081 888 1221 913 sermone,
1237 885 1264 908 ct
1278 882 1306 908 in
1331 881 1450 912 actione,
1469 885 1497 907 et
1521 880 1547 907 in
1571 881 1632 915 ipsa
1644 887 1691 907 co—

899 928 1042 963 gitatione.
1074 927 1137 955 Hatc
1164 935 1230 963 ergo
1259 932 1311 960 est,
1344 932 1374 955 ut
1401 928 1557 955 summatim
1588 927 1689 959 dicam,

898 973 1048 1002 Christiani
1066 975 1152 1009 pietas
1169 979 1196 1002 et
1221 974 1329 1009 religio.
1344 973 1373 1001 Si
1392 974 1449 1001 haec
1478 974 1544 1001 facit
1572 974 1636 1006 rite,
1663 978 1692 1000 et

899 1022 1097 1049 convenienter
1114 1025 1196 1048 rectae
1222 1021 1332 1054 rationi,
1359 1021 1403 1056 pie
1431 1020 1495 1048 facit
1510 1024 1538 1047 et
1556 1020 1640 1054 juste.
1662 1019 1692 1046 Si

898 1067 957 1094 hac
970 1071 1062 1095 autem
1080 1068 1117 1095 ita
1132 1075 1162 1095 se
1177 1067 1291 1099 habent,
1322 1066 1464 1101 gnosticus
1492 1067 1568 1094 solus
1596 1073 1692 1093 revera

898 1113 951 1141 erit
979 1114 1053 1148 pius,
1083 1115 1176 1148 justus
1205 1113 1407 1148 religiosusque
1432 1111 1480 1139 Dei
1505 1112 1604 1139 cultor.
1631 1111 1692 1139 Non

899 1165 943 1189 est
957 1167 1024 1196 ergo
1038 1159 1213 1187 Christianus
1227 1160 1337 1191 atheus,
1367 1159 1442 1195 quod
1459 1159 1550 1186 fuerat
1566 1159 1692 1194 proposi-

901 1210 959 1233 tum
976 1206 1122 1234 ostendere
1140 1206 1322 1242 philosophis,
1349 1213 1434 1241 quare
1460 1206 1565 1233 nullum
1591 1206 1692 1232 malum

901 1253 943 1280 vel
961 1257 1051 1288 turpe,
1069 1253 1143 1288 quod
1168 1257 1211 1280 est
1226 1253 1371 1287 injustnm,
1390 1253 1445 1279 ullo
1466 1252 1547 1279 modo
1571 1260 1693 1286 unquam

901 1299 1070 1334 operabitur.
1085 1299 1294 1333 Consequenter
1307 1305 1372 1333 ergo
1388 1305 1440 1325 nec
1457 1306 1487 1325 se
1500 1298 1571 1332 gerit
1596 1298 1690 1332 impie,

902 1346 951 1374 sed
965 1346 1008 1373 vel
1022 1346 1098 1373 solus
1127 1345 1172 1380 pie
1185 1352 1218 1372 ac
1233 1349 1329 1372 sancte
1358 1344 1444 1371 Deum
1461 1344 1537 1375 colit,
1563 1351 1640 1376 eum,
1654 1343 1692 1370 in-

897 1399 991 1427 quam,
1007 1391 1053 1426 qui
1069 1399 1134 1419 vere
1148 1395 1190 1419 est
1201 1391 1284 1423 Deus,
1298 1391 1438 1426 princeps,
1454 1394 1482 1417 et
1495 1397 1541 1417 rex
1556 1389 1690 1421 omnium,

899 1441 926 1466 et
948 1437 1133 1474 omnipotens,
1164 1445 1198 1466 ex
1226 1445 1291 1466 vera
1320 1436 1451 1473 religione
1474 1444 1542 1472 pure
1567 1439 1595 1464 et
1616 1439 1692 1464 caste

900 1484 1005 1513 colens.

796 1595 912 1624 CAPUT
929 1595 965 1623 Χ.

444 1656 544 1689 Quibus
555 1657 682 1693 gradibus
697 1657 734 1684 ad
744 1665 830 1685 veram
845 1656 1033 1693 perfectionem
1049 1657 1132 1685 tendit
1147 1657 1292 1692 gnosticus.

79 1729 187 1755 Ἔστιν
200 1728 264 1764 γὰρ,
278 1729 316 1761 ὼς
329 1729 395 1761 ἔπος
408 1731 505 1763 εἰπεῖν,
518 1731 534 1766 ἡ
547 1730 646 1766 γνῶσις
658 1731 795 1763 τελείωσίς
807 1741 840 1762 τις

937 1731 985 1760 Est
1000 1731 1084 1764 enim,
1100 1735 1130 1759 ut
1143 1732 1180 1758 ita
1195 1732 1284 1759 dicam
1295 1751 1302 1765 ,
1329 1731 1462 1767 cognitio,
1492 1729 1614 1766 quaedam
1642 1728 1693 1756 lio-

40 1774 212 1811 ἀνθρώπου,
225 1775 264 1806 ὡς
277 1775 432 1812 ἀνθρώπου,
445 1776 489 1804 διὰ
504 1777 555 1812 τῆς
566 1777 620 1804 τῶν
643 1777 723 1804 θείων
736 1778 849 1813 ἐπιστῆ-

41 1829 101 1856 μης
132 1821 383 1857 συμπληρουμένη,
408 1823 479 1850 κατά
493 1831 524 1850 τε
537 1823 584 1850 τὸν
613 1823 714 1859 τρόπον
736 1824 783 1851 καὶ
803 1824 849 1851 τὸν

41 1867 102 1901 βίον
118 1867 171 1893 καὶ
189 1867 237 1893 τὸν
250 1867 328 1901 λόγον
345 1868 489 1904 σύμφωνος
505 1870 552 1896 καὶ
564 1869 694 1905 ὁμόλογος
710 1871 793 1906 ἑαυτῇ
819 1879 849 1897 τε

40 1914 91 1940 καὶ
105 1913 150 1948 τῷ
159 1913 230 1948 θείῳ
238 1914 380 1949 ΛόγῳΔιὰ
388 1914 489 1949 ταύτης
497 1915 551 1951 γὰρ
560 1915 708 1943 τελειοῦται
719 1917 736 1952 ἡ
749 1917 848 1948 πίστις,

40 1959 82 1991 ὡς
112 1959 228 1985 τελείου
257 1959 304 1985 τοῦ
330 1961 426 1987 πιστοῦ
449 1961 534 1997 ταύτῃ
563 1963 650 1997 μόνως
680 1963 862 1998 γιγνομένου.’

39 2005 146 2036 Πίστις
173 2005 227 2040 μὲν
254 2003 301 2032 οὖν
329 2005 480 2034 ἐνδιάθετον
508 2007 534 2034 τί
554 2007 629 2034 ἐστιν
654 2007 771 2042 ἀγαθὸν,
803 2009 850 2035 καὶ

40 2052 111 2079 ἄνευ
126 2050 179 2078 τοῦ
197 2051 290 2086 ζητεῖν
309 2052 355 2079 τὸν
380 2052 446 2080 Θεὸν
466 2054 635 2088 ὁμολογοῦσα
664 2053 733 2081 εῖναι
757 2054 850 2081 τοῦτον

41 2099 93 2124 καὶ
106 2096 269 2129 δοξάζουσα
278 2097 315 2129 ὡς
325 2098 399 2126 ὁντα.
417 2099 497 2126 Ὅθεν
509 2101 573 2136 χρὴ,
597 2100 651 2127 ἀπὸ
671 2101 773 2135 ταύτης
785 2101 851 2128 ἀνα-

40 2145 170 2180 γόμενον
184 2144 238 2179 τῆς
254 2145 372 2177 πίστεως
383 2147 430 2173 καὶ
444 2147 594 2182 αὐξηθέντα
614 2147 643 2173 ἐν
661 2147 742 2182 αὐτῇ,
760 2147 851 2183 χάριτι

42 2190 95 2218 τοῦ
112 2190 188 2217 Θεοῦ
213 2190 265 2226 τὴν
286 2191 350 2226 περὶ
375 2192 456 2219 αὑτοῦ
475 2192 651 2228 κομίσασθαι,
678 2193 716 2225 ὡς
740 2190 796 2220 οἶόν
821 2194 851 2220 τέ

42 2238 120 2269 ἐστι,
156 2235 274 2270 γνῶσιν.
290 2237 393 2264 Γνῶσιν
407 2238 435 2264 δὲ
452 2239 549 2272 σοφίας
569 2239 620 2274 τῆς
639 2240 710 2266 κατὰ
727 2240 853 2267 διδασκα-

41 2283 108 2309 λίαν
128 2282 315 2317 ἐγγινομένης
339 2283 477 2320 διαφέρειν
501 2286 607 2320 φαμέν·
684 2287 734 2322 μὲν
752 2288 806 2324 γάρ
825 2287 852 2314 τί

41 2331 128 2356 ἐστιν
140 2327 259 2362 γνῶσις,
275 2328 354 2355 τοῦτο
366 2329 474 2361 πάντως
486 2330 541 2367 (Η)
554 2331 602 2358 καὶ
619 2333 849 2368 σοφίαετυγχάνει·

40 2373 61 2412 ᾔ
78 2375 111 2402 δέ
127 2384 157 2401 τι
171 2374 266 2408 σοφία,
276 2375 307 2400 οὑ
320 2375 429 2408 πάντως
455 2377 565 2410 γνῶσις,
598 2378 642 2404 Ἑν
667 2378 733 2414 μόνῃ
752 2379 806 2414 γὰρ
818 2380 851 2415 τῇ

901 1778 995 1811 minis,
1006 1782 1139 1813 tanquam
1154 1778 1286 1810 hominis,
1302 1777 1445 1813 perfectio,
1458 1784 1519 1812 qum
1540 1775 1693 1811 completur

901 1831 950 1859 per
974 1831 1067 1851 rerum
1093 1824 1249 1851 divinarum
1280 1824 1440 1856 scientiam;
1455 1827 1482 1850 et
1510 1823 1644 1853 moribus,
1665 1825 1693 1849 et

900 1870 967 1902 vita,
983 1873 1011 1897 et
1026 1877 1162 1902 sermone,
1179 1877 1347 1905 congruens,
1365 1873 1393 1896 et
1411 1869 1585 1896 consentiens
1598 1867 1648 1895 sibi
1666 1870 1694 1894 et

900 1915 976 1951 Logo
992 1916 1095 1944 divino.
1112 1915 1165 1943 Per
1177 1915 1247 1942 hanc
1257 1915 1331 1943 enim
1348 1915 1416 1942 ﬁdes
1432 1915 1584 1950 perﬁcitur,
1598 1916 1693 1947 utpote

901 1969 964 1989 cum
980 1969 1029 1996 per
1052 1969 1112 1989 eam
1140 1960 1314 1988 solummodo
1340 1960 1427 1987 ﬁdelis
1456 1959 1588 1987 elliciatur
1602 1958 1694 1994 perfe-

902 2013 972 2036 ctus.
988 2008 1036 2035 Est
1053 2015 1118 2043 ergo
1129 2008 1198 2035 ﬁdes
1211 2008 1320 2042 aliquod
1335 2007 1438 2034 bonum
1464 2006 1631 2033 intrinsecus
1642 2012 1693 2039 po-

903 2054 997 2087 situm,
1013 2058 1040 2081 et
1051 2062 1113 2089 quae
1130 2054 1234 2089 absque
1246 2062 1279 2081 eo
1295 2053 1367 2088 quod
1380 2053 1464 2080 Deum
1483 2055 1596 2088 quatrat,
1607 2051 1693 2078 Deum

902 2108 965 2128 esse
981 2100 1138 2133 conﬁtetur,
1156 2104 1183 2128 et
1200 2104 1330 2135 tanquam
1346 2100 1393 2134 qui
1405 2099 1441 2126 sit
1453 2098 1597 2134 gloriﬁcat.
1615 2097 1693 2124 Unde

901 2150 1009 2181 oportet
1025 2146 1059 2174 ab
1074 2146 1126 2174 hac
1143 2146 1194 2174 ﬁde
1207 2145 1335 2174 eductum
1356 2149 1383 2173 et
1400 2145 1427 2172 in
1440 2153 1472 2172 ea
1490 2148 1611 2176 auctum,
1631 2151 1694 2178 gra—

901 2193 939 2219 tia
956 2192 1016 2224 Dei,
1032 2193 1123 2228 quoad
1139 2193 1198 2220 ﬁeri
1226 2195 1325 2228 potest,
1341 2191 1402 2226 ejus
1416 2192 1542 2226 accipere
1558 2191 1693 2226 cognitio-

902 2246 976 2266 nem.
997 2238 1119 2266 Dicimus
1148 2243 1241 2266 autem
1267 2238 1453 2273 cognitionem
1476 2237 1587 2265 diﬁcrre
1614 2245 1629 2264 a
1652 2245 1694 2264 sa-

902 2284 1004 2320 pientia
1024 2293 1084 2319 quae
1099 2292 1148 2320 per
1165 2285 1317 2312 doctrinam
1339 2284 1512 2319 acquiritur:
1530 2291 1591 2311 nam
1625 2291 1693 2318 qua-

903 2335 984 2358 tenus
1008 2330 1110 2366 aliquid
1134 2335 1178 2358 est
1209 2331 1348 2366 cognitio,
1381 2335 1496 2358 eatenus
1523 2330 1600 2358 idem
1635 2338 1694 2357 om—

903 2377 970 2404 nino
994 2381 1037 2405 est
1059 2377 1142 2404 etiam
1177 2377 1336 2413 sapientia:
1366 2381 1502 2412 quatenus
1532 2379 1621 2404 autem
1651 2380 1694 2403 est

40 2421 96 2447 τοῦ
113 2419 291 2455 προφορικοῦ
311 2420 390 2454 λόγου
404 2421 435 2447 τὺ
456 2421 507 2456 τῆς
535 2422 629 2456 σοφίας
643 2423 728 2458 ὄνομα
754 2424 840 2458 φαντά

904 2423 1006 2458 aliquid
1033 2423 1168 2459 sapientia
1179 2444 1186 2455 ,
1217 2432 1270 2450 non
1285 2427 1400 2451 eatenus
1415 2426 1458 2450 cst
1477 2424 1589 2450 omnino
1603 2422 1694 2457 cogni-

40 2466 132 2498 ζεται
152 2465 222 2501 (15).
240 2465 313 2501 Πλὴν
334 2466 403 2493 ἀλλὰ
422 2467 452 2493 τὺ
469 2467 507 2503 μὴ
531 2468 656 2495 διστάσαι
680 2469 744 2505 περὶ
770 2469 849 2503 Θεοῦ,

107 2547 145 2576 »Β
163 2543 196 2571 Ρ.
215 2543 268 2571 864
284 2544 339 2572 ED.
356 2544 506 2578 POTTER,
526 2545 574 2572 73!
593 2545 649 2574 ΕΙ).
669 2545 782 2574 PARIS.

85 2622 154 2658 (ig)
186 2621 384 2658 νἘτέννυησεν.
414 2623 461 2651 Sic
496 2624 530 2652 de
556 2623 685 2652 Onesimo
715 2624 746 2651 D.
782 2623 855 2651 Pau-

41 2657 97 2686 ιυέ
127 2657 248 2685 Philem.
279 2659 335 2686 20:
364 2660 414 2685 Ὃν
439 2659 573 2695 ἐγέννησα
601 2661 631 2686 ἐν
658 2661 716 2691 τοῖς
743 2659 853 2695 δεσμοῖς

88 2702 119 2720 υ.

43 2702 153 2765 1’τὀἴίζᾰ)
180 2727 284 2762 Ὁσίως
299 2731 548 2763 προτρεπόμενος.
567 2729 597 2757 F.
618 2729 852 2765 Morellnslegen—

44 2764 122 2791 dum
137 2767 236 2790 censet
258 2765 508 2800 παρατρεπόμενος,
534 2775 546 2791 ι
559 2766 687 2800 precibus
711 2764 796 2792 Deuni
809 2766 854 2800 pie

43 2804 190 2833 casteque
202 2799 383 2827 concilians»
399 2799 536 2829 COLLEC'I'.
560 2799 567 2800 ί
759 2812 762 2815 ⁴

87 2834 262 2872 (141701720
280 2834 411 2868 πάντως.
442 2834 521 2863 Forte
545 2836 643 2863 melius
669 2835 756 2872 ταύτῃ
785 2835 854 2862 πάν-

46 2878 116 2901 τως.
140 2870 277 2897 Srteunc.

91 2905 151 2941 (15)
175 2906 228 2932 Ἑν
237 2905 319 2940 μόνῃ
335 2905 389 2939 γὰρ
402 2905 437 2940 τῇ
450 2906 502 2933 τοῦ
514 2906 694 2941 προφορικοῦ
705 2906 797 2941 λόγου
817 2906 850 2933 τὸ

903 2470 952 2497 tio.
965 2469 996 2497 in
1012 2470 1070 2497 sola
1085 2470 1157 2497 enim
1171 2470 1308 2497 sermonis
1323 2470 1421 2505 prolati
1448 2469 1615 2506 cognitione,
1643 2477 1694 2496 no—

905 2625 962 2660 τῆς
976 2625 1088 2659 σοφίας
1101 2625 1195 2660 ὄνομα
1210 2624 1393 2660 φαντάζεται.
1413 2625 1603 2661 Cognitionem
1629 2625 1692 2653 Cle-

906 2668 984 2688 mens
995 2660 1090 2688 deﬁnit
1103 2660 1166 2688 alibi
1183 2661 1318 2696 ἀπόδειξιν
1331 2661 1386 2688 τῶν
1407 2660 1582 2692 διὰ⁷πίστεως
1597 2669 1694 2696 παρει-

905 2695 1052 2731 λημμένων
1069 2696 1182 2731 ἰσχυρὰν
1194 2696 1240 2722 καὶ
1265 2695 1383 2730 βέϐαιον,
1405 2705 1415 2721 ι
1431 2695 1692 2724 demonstrationem

905 2730 1011 2764 eorum,
1025 2739 1086 2765 qua:
1098 2730 1145 2765 per
1161 2730 1240 2758 ﬁdem
1254 2731 1354 2758 tradita
1365 2735 1439 2762 sunt,
1455 2731 1558 2758 ﬁrmam
1574 2734 1693 2757 certam—

908 2774 987 2800 quep
1002 2766 1163 2801 sapientiam
1175 2773 1241 2794 vero
1250 2766 1294 2793 hic
1311 2766 1349 2793 ait
1362 2775 1424 2794 esse
1439 2767 1622 2801 cognitionem
1636 2773 1692 2792 non

907 2801 1043 2836 quamvis,
1070 2801 1118 2829 sed
1133 2802 1230 2837 prolati
1250 2801 1325 2828 verbi
1353 2809 1435 2836 opera
1455 2805 1618 2837 partamtut
1628 2807 1691 2827 cum

905 2835 922 2863 a
938 2837 1069 2872 magistro
1080 2835 1221 2869 docemur,
1240 2840 1322 2871 atque
1349 2835 1420 2864 hanc
1439 2835 1524 2865 solam
1543 2835 1627 2870 hujus
1641 2842 1692 2862 nov

905 2871 994 2900 minis
1002 2879 1064 2901 esse
1078 2872 1227 2900 notionem.
1242 2871 1378 2900 COLLECT.
