1933 3075
258 192 312 221 -Πθ

844 190 1040 220 CLEMENTIS
1056 191 1291 219 ALEXANDRINI

1841 189 1892 218 L80

259 259 325 279 men
339 251 483 287 sapientia:
495 250 638 286 accipitur.
652 249 753 278 Verum
777 250 920 278 enimvero
941 250 977 278 de
997 249 1054 278 Deo

1109 250 1249 278 πιστεῦσαι
1263 251 1302 282 δὲ,
1329 250 1452 286 θεμέλιος
1476 249 1611 284 γνώσεως.
1626 250 1728 285 ’Ἄμφω
1747 248 1776 276 δὲ
1796 249 1811 275 ὁ
1824 249 1893 284 Χρι-

259 305 316 325 non
344 298 487 329 dubitare,
522 298 570 325 sed
597 295 729 328 credere,
770 299 812 324 est
844 296 1052 323 fundamentum

259 343 436 377 cognitionis.
455 341 503 370 Est
534 345 627 369 autem
651 345 798 376 utrumque
827 341 964 374 Christus,
990 342 1052 368 fun-

259 389 430 421 damentum,
459 389 586 424 inquam,
602 394 630 416 et
656 388 811 420 aediﬁcium,
831 396 880 423 per
906 397 987 423 quem
1009 393 1053 416 est

258 439 287 462 et
302 434 464 470 principium
490 438 517 462 et
548 434 621 462 ﬁnis.
652 434 685 461 Et
711 438 834 461 extrema
858 434 969 470 quidem
997 442 1052 462 non

259 481 402 512 docentur,
429 487 526 514 nempe
547 479 712 514 principium
738 483 764 507 et
794 479 874 513 ﬁnis;
901 479 980 512 ﬁdes,
1010 479 1053 506 in-

259 533 354 561 quam,
362 525 656 560 etcharitas.Cognitio
665 530 756 552 autem
767 533 828 560 qua:
835 526 916 553 datur
925 533 957 553 ex
969 525 1053 553 tradi—

259 572 333 598 tione
343 573 371 602 ἧς
381 578 430 605 per
445 570 492 598 Dei
506 571 635 606 gratiam,
649 571 733 598 veluti
747 571 884 605 quoddam
899 572 1053 607 depositum

258 617 438 644 committitur
460 617 494 644 iis
511 617 558 652 qui
578 617 686 652 seipsos
706 617 833 644 doctrina
853 617 932 652 311
957 617 1054 652 dignos

258 662 442 694 cxhibuerint.
459 671 494 690 ex
515 670 570 699 qua
594 663 726 691 elucescit
752 663 898 691 charitatis
921 663 1052 699 dignitas,

258 715 292 735 ex
306 708 366 736 luce
383 708 411 735 in
427 709 527 736 lucem.
542 708 650 736 Dictum
666 712 708 736 est
720 709 804 740 enim,
824 719 833 734 ι
849 709 960 737 habenti
976 710 1054 736 dabi-

258 757 337 780 ῑυμ.
351 763 361 780 ι
388 752 464 782 Fidei
487 754 598 789 quidem
620 754 739 790 cognitio
754 764 760 782 ς
777 755 927 790 cognitioni
951 759 1053 788 autem,

257 800 380 828 cbaritas
394 809 402 828 :
417 800 546 827 charitati
558 804 660 832 autem,
675 800 832 829 hazreditas.
848 800 905 828 Hoc
917 804 1007 827 autem
1025 801 1054 828 ﬁt

258 845 370 881 quando
383 845 446 880 quis
459 845 618 880 pependerit
629 852 644 872 a
660 844 776 873 Domino
790 853 838 881 per
854 845 947 877 ﬁdem,
960 846 1055 880 cogni-

260 892 374 924 tionem,
392 896 420 919 et
439 892 613 923 charitatem,
627 895 654 920 et
674 899 728 919 una
747 899 809 920 cum
830 900 864 920 eo
887 893 1053 926 ascenderit,

260 938 307 965 ubi
327 942 371 966 est
393 937 456 966 ﬁdei
479 943 580 966 nostra;
600 941 627 965 et
647 937 793 967 charitatis
807 938 880 967 Deus
901 944 928 967 et
946 944 1053 969 custos.

260 983 332 1012 Hine
352 983 470 1019 denique
491 983 610 1011 traditur
625 984 747 1019 cognitio
762 984 796 1012 iis
810 985 857 1020 qui
876 985 910 1012 ad
925 985 977 1013 hoc
992 991 1056 1014 sunt

261 1029 318 1064 apti
332 1033 359 1057 et
373 1030 479 1062 selecti,
491 1037 524 1058 eo
534 1029 607 1065 quod
615 1030 714 1065 majori
726 1031 928 1066 praeparatione
939 1039 1009 1066 opus
1018 1031 1055 1059 sit

258 1080 289 1104 et
307 1077 572 1112 praeexercitatione,
587 1080 614 1104 et
629 1077 663 1104 ad
685 1084 718 1104 ea
730 1077 865 1104 audienda
882 1086 942 1113 qua:
957 1077 1056 1105 dicun-

259 1126 318 1156 tur,
333 1128 360 1151 et
375 1123 460 1150 vitam
475 1123 704 1158 componendam,
719 1127 746 1151 et
761 1123 795 1150 ad
806 1124 980 1152 considerate
990 1132 1056 1160 pro-

259 1170 439 1206 grediendum
454 1170 488 1197 ad
503 1170 529 1197 id
544 1170 617 1206 quod
637 1174 679 1198 est
700 1170 772 1198 ultra
793 1178 854 1198 eam
877 1179 938 1206 quae
957 1175 1000 1199 est
1021 1179 1055 1200 ex

261 1216 322 1251 lege
338 1216 484 1251 justitiam.
501 1215 538 1242 Ea
557 1224 608 1243 nos
622 1216 734 1244 deducit
752 1216 786 1243 ad
800 1215 879 1244 ﬁnem
894 1217 1056 1245 intermina-

260 1267 319 1290 lum
334 1265 360 1290 et
376 1262 537 1297 perfectum,
554 1264 632 1299 prius
649 1263 751 1291 docens
764 1271 824 1291 eam
843 1271 904 1299 qua!
919 1264 999 1292 nobis
1013 1269 1055 1292 est

259 1308 364 1342 futura,
380 1309 436 1337 Deo
451 1310 658 1338 convenientem
675 1317 738 1337 cum
761 1309 815 1337 diis
837 1310 947 1337 vivendi
967 1311 1055 1338 ratio-

259 1363 335 1387 nem,
351 1363 413 1383 cum
429 1356 462 1384 ab
477 1357 551 1384 omni
567 1364 649 1392 poma
673 1360 700 1384 et
723 1356 858 1391 supplicio
875 1356 1008 1385 fuerimus
1025 1358 1056 1385 li.

261 1402 359 1436 herati,
376 1410 437 1437 quae
457 1403 626 1432 sustinemus
643 1410 677 1430 ex
699 1403 821 1437 peccatis
844 1403 878 1430 ad
905 1403 1054 1431 salutarem

259 1449 443 1484 disciplinam.
472 1449 538 1477 Post
563 1457 645 1484 quam
668 1448 896 1482 redemptionem,
913 1451 1056 1484 pnemium

260 1498 289 1522 et
309 1494 429 1522 honores
451 1494 553 1521 dantur
568 1495 778 1526 consummatis,
800 1503 863 1522 cum
883 1496 1056 1523 cessaverint

260 1540 371 1575 quidem
394 1548 408 1567 a
424 1541 596 1575 purgatione.
611 1542 782 1568 cessaverint
803 1545 894 1569 autem
917 1542 999 1569 etiam
1021 1542 1055 1570 ab

260 1587 314 1614 alio
336 1594 501 1622 quocunque
520 1587 686 1619 ministerio,
702 1588 879 1621 quantumvis
896 1591 1003 1619 sancto.
1026 1592 1054 1616 et

261 1633 333 1660 inter
348 1635 459 1660 sanctos
476 1641 482 1659 :
499 1632 598 1659 deinde
612 1640 660 1659 eos
672 1632 719 1667 qui
735 1632 837 1659 fuerint
849 1633 943 1660 mundi
959 1633 1055 1666 corde,

261 1678 289 1705 in
303 1678 534 1713 propinquitatem
546 1677 654 1705 Domini
674 1682 795 1710 evectos,
812 1683 904 1706 manet
918 1683 1056 1714 perpetuae

261 1724 512 1759 contemplationis,
525 1724 675 1756 restitutio,
696 1728 724 1752 et
744 1725 858 1752 deorum
884 1726 1057 1760 appellantur

262 1770 383 1802 nomine,
399 1770 445 1805 qui
466 1770 495 1798 in
519 1769 616 1797 iisdem
640 1770 752 1798 sedibus
775 1775 840 1798 sunt
865 1772 1002 1806 collocati,
1027 1773 1057 1801 in

263 1815 364 1850 quibus
381 1815 426 1842 alii
437 1815 476 1842 dii
490 1816 537 1851 qui
549 1820 613 1844 sunt
626 1816 706 1852 primi
723 1817 775 1845 sub
793 1816 940 1846 Servatore
955 1819 1058 1848 constio

263 1862 326 1890 tuti.
343 1861 391 1890 Est
416 1869 481 1897 ergo
505 1863 637 1898 cognitio,
652 1863 730 1890 velox
755 1863 788 1890 ad
811 1865 1012 1899 purgationem.
1031 1869 1058 1893 ct

263 1911 327 1943 apta
340 1908 374 1935 ad
389 1908 461 1935 illam
477 1913 617 1944 acceptam
633 1909 812 1937 mutationem
822 1910 849 1938 in
859 1911 966 1940 melius.
981 1910 1058 1940 Unde

263 1956 345 1982 etiam
362 1954 443 1983 facile
461 1955 584 1984 traducit
603 1955 636 1982 ad
655 1955 681 1983 id
697 1956 770 1992 quod
785 1960 828 1984 est
847 1958 946 1985 animae
957 1965 1059 1993 cogna-

262 2005 321 2028 tum
342 2008 374 2028 ac
389 1999 512 2032 divinum
528 2005 556 2028 et
568 2005 707 2033 sanctum,
723 2005 751 2029 et
768 2009 817 2038 per
833 2002 977 2036 cujusdam
993 2009 1059 2038 pro-

262 2048 315 2083 prii
333 2048 447 2076 luminis
466 2048 598 2084 mysticos
621 2047 762 2083 profectus
783 2049 945 2077 transmittit
969 2049 1059 2077 homi-

1104 295 1175 328 στὺς,
1207 297 1221 322 ὃ
1244 304 1274 322 τε
1299 295 1423 330 θεμέλιος
1447 294 1465 329 ῆ
1484 303 1514 320 τε
1537 293 1710 328 ἐποικοδομὴ,
1732 293 1767 319 δι’
1790 289 1821 319 οὗ
1848 293 1894 318 καὶ

1103 343 1120 377 ἡ
1139 342 1209 378 ἀρχὴ
1235 342 1281 368 καὶ
1304 341 1338 368 τὰ
1362 341 1435 377 τέλη.
1469 340 1524 367 Καὶ
1551 339 1586 366 τὰ
1617 339 1666 374 μὲν
1697 339 1770 374 ἄκρα
1796 339 1828 365 οὐ
1858 338 1895 364 δι-

1103 387 1250 418 δάσκεται,
1274 387 1332 422 ἦτε
1346 386 1418 422 ἀρχὴ
1448 385 1497 412 καὶ
1521 385 1552 412 τὸ
1576 384 1667 417 τέλος·
1704 385 1798 415 πίστις
1824 384 1895 418 λέγω

1104 434 1151 461 καὶ
1183 435 1200 469 ἡ
1235 433 1346 468 ἀγάπη·
1382 433 1399 468 ὴ
1430 431 1532 467 γνῶσις
1565 431 1613 463 δέ,
1652 432 1684 458 ὲκ
1719 431 1895 467 παραδόσεως

1103 480 1275 516 διαδιδομένη
1303 479 1374 507 κατὰ
1400 480 1478 516 χάριν
1502 479 1581 511 Θεοῦ,
1608 479 1671 510 τοὺς
1701 477 1794 510 ἀξίους
1827 478 1896 511 sci;

1104 527 1215 558 ἑαυτοὺς
1233 526 1284 561 τῆς
1300 526 1472 558 διδασκαλίας
1485 526 1687 561 παρεχομένους
1697 522 1752 550 οἷον
1772 532 1898 559 παρακα-

1103 572 1208 608 ταθήκη
1228 571 1426 612 ἐγχειρίζεται,
1445 571 1491 606 ἀφ’
1510 568 1544 606 ἧς
1555 570 1586 596 τὸ
1597 570 1646 605 τῆς
1661 568 1773 604 ἀγάπης
1789 567 1898 601 ἀξίωμα

1105 619 1258 654 ἐκλάμπει,
1283 619 1315 644 ἐκ
1337 618 1426 653 φωτὸς
1448 618 1488 649 είς
1510 617 1576 651 φῶς.
1599 616 1714 651 Εἴρηται
1734 614 1802 650 γὰρ,
1831 623 1838 638 ι
1856 613 1897 647 Τῷ

1105 665 1193 701 ἔχοντι
1204 663 1418 700 προστεθήσεται
1430 662 1497 699 (16)·
1514 673 1524 689 ι
1534 664 1566 698 τῇ
1583 662 1631 697 μὲν
1642 661 1742 693 πίστει,
1758 661 1775 695 ἡ
1786 659 1898 694 γνῶσιςι

1103 712 1137 745 τῇ
1155 710 1184 737 δέ
1201 709 1311 744 γνῶσει,
1328 709 1458 745 ήὰγάπη·
1476 710 1510 744 τῇ
1524 708 1619 744 ἀγάπῃ
1634 707 1672 738 δὲ,
1686 708 1702 742 ὴ
1719 705 1897 742 κληρονομία.

1105 755 1210 782 Γίνεται
1223 755 1252 782 δέ
1266 754 1354 786 τοῦτο,
1374 754 1448 781 ὁπότ’
1464 755 1496 782 ἄν
1508 762 1550 785 τις
1563 752 1706 789 κρεμασθῇ
1726 751 1774 777 τοῦ
1796 750 1898 786 Κυρίου

1105 802 1149 832 διὰ
1162 810 1191 828 τε
1209 801 1336 834 πίστεως,
1353 801 1398 829 διά
1413 809 1442 827 τε
1455 800 1592 835 γνώσεως,
1605 800 1648 826 διά
1661 807 1691 826 τε
1709 798 1837 833 ἀγάπης,
1856 797 1898 823 καὶ

1107 851 1242 886 συναναὸῇ
1261 849 1336 885 αὐτῷ
1354 848 1418 876 ἔνθα
1434 847 1508 874 ἐστὶν
1523 847 1538 873 ὁ
1554 846 1603 882 τῆς
1618 846 1736 877 πίστεως
1755 845 1839 880 ήμῶν
1857 844 1899 870 καὶ

1106 897 1216 933 ἀγάπης
1238 897 1304 928 Θεὸς
1326 896 1374 922 καὶ
1395 894 1521 930 φρουρός·
1543 892 1605 919 ὅθεν
1619 893 1666 919 ἐπὶ
1680 892 1753 918 τέλει
1768 893 1785 927 ἡ
1800 891 1901 926 γνῶσις

1108 943 1284 981 παραδίδοται
1299 943 1354 974 τοῖς
1365 942 1406 973 εἰς
1423 939 1501 967 τοῦτο
1513 939 1675 974 ἐπιτηδείοις
1687 939 1734 965 καὶ.
1752 938 1899 973 ἐγκρῇοις,

1107 990 1151 1017 διὰ
1164 989 1209 1017 τοῦ
1224 989 1343 1020 πλείονος
1365 987 1541 1023 παρασκευῆς
1561 986 1609 1014 καὶ⁵
1627 984 1840 1020 προγυμνασίας
1854 984 1901 1010 δεῖ·

1108 1035 1171 1063 σθαι
1185 1035 1233 1062 καὶ¹
1247 1035 1316 1071 πρὸς
1328 1035 1358 1061 τὸ
1369 1033 1478 1061 ἀκούειν
1492 1032 1546 1059 τῶν
1555 1031 1720 1067 λεγομένων,
1733 1029 1783 1057 καὶ
1803 1030 1846 1061 εἰς
1858 1038 1901 1055 κα-

1108 1083 1240 1119 ταστολὴν
1257 1083 1324 1118 βίον,
1342 1082 1389 1109 καὶ
1408 1083 1449 1113 εἰς
1464 1081 1494 1108 τὸ
1509 1081 1554 1108 ἐπὶ
1573 1079 1654 1106 πλέον
1672 1079 1722 1114 τῆς
1734 1077 1809 1105 κατὰ
1823 1078 1901 1112 νόμον

1108 1130 1281 1166 δικαιοσύνης
1318 1129 1380 1156 κατ’
1405 1128 1548 1155 ἐπίστασιν
1572 1124 1796 1163 προεληλυθέναι.
1830 1124 1900 1157 Αὕτη

1108 1176 1176 1212 πρὸς
1193 1175 1267 1207 τέλος
1284 1175 1345 1209 ἄγει
1361 1174 1391 1201 τὺ
1403 1173 1581 1208 ἀτελεύτητον
1595 1171 1642 1198 καὶ
1653 1170 1764 1203 τέλειον,
1774 1169 1899 1205 προδιἰὰ-

1109 1231 1212 1250 σκουσα
1227 1223 1276 1258 τὴν
1293 1222 1424 1258 ἐσομένην
1437 1221 1502 1256 ἡμῖν
1518 1219 1590 1247 κατὰ
1605 1219 1671 1246 Θεὸν
1684 1218 1753 1255 μετὰ
1767 1217 1840 1244 θεῶν
1851 1216 1899 1251 (ιτ)

1107 1270 1224 1300 δίαιταν,
1242 1268 1430 1296 ἀπολυθέντων
1447 1267 1525 1302 ἡμῶν
1536 1265 1672 1297 κολάσεως
1683 1264 1738 1300 (i8)
1752 1265 1800 1291 καὶ
1819 1273 1900 1299 τιμω-

1110 1316 1170 1352 ρίας
1193 1316 1314 1351 ἁπάσης,
1331 1314 1364 1346 ἃς
1381 1315 1414 1340 ἐκ
1429 1313 1483 1339 τῶν
1499 1311 1706 1348 ἁμαρτημάτων
1723 1311 1763 1342 είς
1780 1309 1901 1337 παιδείαν

1108 1361 1280 1396 ὑπομένομεν
1304 1360 1452 1395 σωτήριον·
1474 1357 1533 1394 μεθ’
1551 1358 1585 1393 ἣν
1602 1357 1795 1392 ἀπολύτρωσιν
1811 1355 1841 1382 τὸ
1857 1354 1899 1389 γέ-

1111 1416 1159 1443 ρας
1182 1407 1228 1433 καὶ
1251 1407 1279 1432 αἱ
1301 1405 1380 1441 τιμαὶ
1396 1403 1578 1431 τελειωθεῖσιν
1596 1402 1778 1434 ἀποδίδονται,
1798 1410 1899 1427 πεπαυ-

1110 1453 1200 1489 μένοις
1219 1452 1267 1487 μὲν
1283 1451 1332 1486 τῆς
1349 1449 1519 1485 καθάρσεως,
1538 1448 1724 1483 πεπαυμένοις
1740 1447 1771 1474 δὲ
1789 1447 1838 1474 καὶ
1850 1447 1899 1472 1::-

1109 1499 1237 1535 τουργίας
1248 1498 1296 1533 τῆς
1310 1497 1404 1532 ἄλλης,
1416 1496 1466 1523 κᾶν
1477 1496 1544 1530 ἁγία
1556 1493 1635 1531 ᾗακαὶ
1647 1496 1676 1521 ἐν
1689 1494 1778 1528 ἁγίοις
1789 1502 1795 1508 ⁸
1811 1493 1900 1519 ἔπειτα

1109 1544 1238 1581 καθαροῖς
1255 1545 1287 1579 τῇ
1305 1542 1403 1579 καρδίᾳ
1419 1542 1472 1577 (l9)
1490 1539 1645 1576 γενομένοις
1665 1538 1735 1566 κατὰ
1757 1539 1789 1565 τὸ
1806 1546 1899 1574 προσε-

1071 1606 1092 1635 C
1109 1589 1155 1624 χὲς
1172 1589 1218 1616 τοῦ
1232 1588 1334 1624 Κυρίου
1349 1586 1498 1623 προσμένει
1514 1587 1548 1621 τῇ
1566 1585 1668 1635 θεωρία
1684 1585 1716 1620 τῇ
1740 1583 1822 1635 αῖδὶῳ
1838 1585 1899 1635 dm:

1109 1635 1293 1666 κατάστασις”
1312 1634 1359 1660 καὶ
1376 1632 1433 1659 Θεοὶ
1450 1632 1499 1669 τὴν
1514 1631 1702 1667 προσηγορίαν
1719 1630 1867 1665 κέκληνται
1879 1629 1899 1654 οἶ

1111 1681 1249 1718 σύνορονοι
1266 1681 1318 1708 τῶν
1336 1680 1421 1708 ἄλλων
1435 1679 1504 1706 θεῶν
1520 1678 1574 1706 τῶν
1591 1679 1644 1705 ὑπὸ
1660 1677 1698 1713 τῷ
1709 1677 1819 1713 Σωτῆρι
1834 1676 1900 1711 πρὼ-

1109 1737 1164 1755 των
1180 1728 1353 1763 τεταγμένων
1370 1726 1557 1762 γενησόμενοι.
1571 1724 1673 1760 Ταχεῖα
1689 1724 1781 1751 τοίνυν
1799 1725 1839 1755 εἰς
1855 1723 1899 1749 κᾶ-

1109 1775 1205 1811 θαρσιν
1222 1774 1278 1810 (20)
1301 1773 1411 1808 γνῶσις,
1429 1773 1478 1799 καὶ
1501 1771 1652 1807 ἐπιτήδειος
1677 1772 1717 1802 εἰς
1739 1771 1791 1805 τὴν
1815 1771 1860 1797 ἐπὶ
1876 1769 1899 1795 τὺ

1110 1821 1232 1855 κρεῖττον
1255 1818 1452 1854 εὐπρόσδεκτον
1470 1816 1630 1853 μεταϐολήν.
1643 1816 1725 1842 Ὅθεν
1741 1817 1791 1843 καὶ
1809 1815 1899 1851 ῥαδίως

1111 1867 1150 1898 εἰς
1167 1866 1197 1893 τὸ
1227 1865 1357 1900 συγγενὲς
1376 1865 1425 1900 τῆς
1441 1864 1530 1900 ψυχῆς
1550 1864 1621 1890 Θεῖόν
1641 1872 1671 1890 τε
1694 1863 1743 1890 καὶ
1761 1863 1840 1897 ἅγιον
1859 1871 1899 1897 με·

1111 1911 1234 1944 τοικίζει,
1252 1911 1300 1937 καὶ
1315 1911 1358 1938 διά
1373 1919 1444 1942 τινος
1460 1909 1559 1937 οἰκείου
1578 1908 1665 1944 φωτὸς
1681 1908 1838 1940 διαΰισάζει
1858 1907 1900 1938 τὰς

1111 1957 1253 1993 προκοπὰς
1265 1957 1315 1989 τὰς
1334 1956 1466 1992 μυστικὰς
1481 1956 1536 1992 (21)
1554 1956 1598 1983 τὸν
1615 1956 1770 1991 ἄνθρωπον,
1783 1956 1860 1990 ἄχρις
1873 1954 1899 1980 ἂν

1110 2003 1150 2034 είς
1175 2003 1220 2030 τὸν
1243 2003 1389 2038 κορυφαῖον
1415 2002 1629 2037 ἀποκαταστήσῃ
1652 2001 1702 2036 τῆς
1725 2001 1899 2030 ἀναπαύσεως

1110 2049 1193 2076 τόπον
1216 2048 1261 2076 τὸν
1284 2048 1404 2084 καθαρὸν
1418 2048 1473 2084 (22)
1492 2048 1525 2083 τῇ
1549 2047 1656 2083 καρδίᾳ,
1675 2047 1825 2082 πρόσωπον
1841 2045 1898 2081 πρδς

301 2129 330 2158 >14
348 2126 379 2153 P.
399 2126 453 2154 865
469 2125 524 2153 ΕΙ).
546 2125 694 2159 POTTER,
716 2126 768 2154 75'2
785 2125 841 2155 ED.
861 2125 975 2158 PARIS.
1016 2133 1028 2148 ι
1050 2126 1055 2153 1

1110 2148 1117 2154 .
1130 2135 1186 2159 nx,
1201 2125 1247 2154 26.

298 2204 354 2239 (16)
368 2203 419 2240 ῨΤῷ
430 2204 537 2240 ἔχοντι
546 2203 790 2240 προστεθήσεται.
812 2203 857 2239 Τῷ
874 2203 962 2239 ἔχοντι
977 2203 1055 2240 δοθή-

264 2248 351 2272 σεται,
368 2239 435 2267 Luc.
453 2247 510 2267 xix.
524 2239 560 2266 26
575 2243 602 2266 et
620 2239 696 2266 alibi.

299 2265 356 2310 (ιτ)
369 2265 541 2302 ratio»
553 2265 628 2310 μετὰ
640 2265 724 2301 θεῶν.
746 2273 796 2310 Ms.
805 2273 906 2305 pari...
920 2274 991 2301 κατά
1072 2265 1094 2292 D

264 2309 333 2337 θεῶν
348 2309 422 2345 μετὰ
437 2309 516 2337 θεῶν.
533 2309 612 2337 Coni.
628 2310 757 2345 superius
779 2309 912 2344 Protrept.
928 2318 990 2345 pag.
1008 2311 1053 2342 88,

264 2350 324 2373 Ιιοῑ.
343 2350 369 2373 Ἱ.

264 2415 285 2445 P
300 2380 356 2422 (l8)
376 2379 545 2414 Κολάσεως.
566 2379 646 2408 Conf.
662 2379 763 2408 διο-σπι.
786 2389 824 2413 vi,
845 2388 908 2416 pag.
921 2380 973 2408 668
987 2381 1054 2408 edit.

287 2424 353 2442 aris.

287 2424 353 2442 :II'IS.

301 2450 358 2484 (l9)
380 2451 526 2484 Καθαροῖς
537 2450 574 2484 τῇ
587 2450 702 2484 καρδίᾳ.
722 2451 844 2486 Respicit
856 2451 951 2478 Matth.
964 2460 990 2483 v,
1007 2451 1034 2479 8.

300 2486 357 2521 (20)
373 2486 540 2522 Κάθαρσιν.
562 2485 703 2522 Platonem
720 2486 772 2513 hoc
780 2485 844 2513 loco
858 2487 984 2522 sequitur
999 2487 1057 2514 Cle-

264 2529 354 2549 mens.
373 2521 466 2548 Refert
492 2522 565 2548 euim
590 2521 678 2551 Plato,
704 2521 1056 2555 pessimorum’hominum

266 2557 383 2588 animas,
400 2557 493 2583 statim
518 2564 551 2584 ac
574 2564 589 2583 e
613 2563 729 2590 corpore
753 2557 881 2587 exierint,
899 2557 926 2583 in
941 2556 1056 2584 Tartara

265 2591 348 2628 mitti,
365 2599 505 2628 nunquam
521 2599 699 2628 egressuras;
715 2599 772 2622 eas,
789 2592 817 2619 in
831 2592 931 2628 quibus
947 2592 1057 2628 virtutis

264 2627 380 2661 Vitiique
395 2626 496 2661 aliquid
511 2627 657 2654 admistum
674 2631 727 2659 est,
746 2627 831 2654 variis
840 2626 1057 2662 purgationibus

265 2662 436 2698 puriﬁcatas,
453 2662 563 2698 tandem
580 2662 766 2698 inrbeatorum
782 2662 861 2690 sedes
877 2662 1013 2695 transire;
1030 2666 1058 2689 at

265 2705 327 2732 quae
342 2705 390 2732 per
401 2697 600 2733 philosophiam
613 2697 640 2723 in
652 2697 703 2723 hac
714 2697 769 2723 vita
781 2702 934 2732 repurgata:
943 2698 1055 2733 fuerint.

266 2732 471 2768 quamprimum
486 2739 501 2758 a
517 2733 744 2768 corporeﬂsolutzg
755 2732 830 2768 sint,
847 2740 981 2768 summam
998 2732 1057 2768 feli-

266 2767 377 2796 citatem
393 2768 535 2802 consequi.
548 2767 610 2794 ihec
622 2767 665 2794 ille
680 2768 706 2793 i-n
725 2767 856 2794 Plut'done
872 2775 899 2802 p.
915 2767 950 2794 84
964 2777 970 2794 :
984 2768 1016 2794 Οἱ
1029 2767 1056 2802 δὲ

266 2804 299 2839 δὴ
314 2803 347 2830 ἂν
363 2803 460 2835 δόξωσι
470 2801 657 2839 διαφερόντως
674 2802 742 2839 πρὸς
758 2802 788 2828 τὸ
802 2801 883 2839 ῥσίως
901 2802 1006 2839 βιῶναι2
1019 2801 1058 2830 οὗ·

267 2837 308 2866 τοί
325 2839 394 2865 εἰσιν
409 2840 433 2865 οι
447 2837 530 2874 τῶνδε
543 2837 592 2874 μὲν
609 2837 668 2874 τῶν
682 2838 772 2874 τόπων
786 2837 839 2874 τῶν
854 2839 882 2864 ἐν
895 2839 930 2874 τῇ
940 2839 975 2873 γῇ
987 2838 1059 2864 ἐλευ-

268 2874 426 2909 θερούμενοί
443 2881 472 2899 τε
489 2873 537 2900 καὶ
550 2873 794 2909 ἀπαλλαττόμενοι,
812 2873 907 2908 ὥσπερ
922 2873 1059 2909 δεσμωτη-

270 2908 419 2943 gemam
434 2908 461 2935 δὲ
477 2909 515 2941 είς
532 2908 580 2944 τὴν
598 2908 720 2944 καθαρὰν
737 2909 841 2944 οἴκησιν
854 2908 1056 2944 ἀλςικκνούμενοι,

1109 2204 1157 2231 καὶ
1175 2204 1221 2230 ἐπὶ
1237 2204 1289 2239 γῆς
1305 2204 1479 2239 αἰκιζόμενοι.
1498 2204 1606 2230 Τουτων
1629 2204 1658 2230 δέ
1681 2203 1773 2230 αὐτῶν
1791 2204 1818 2230 οἱ
1832 2203 1897 2239 φιλοῖ

1109 2239 1190 2274 σοφίᾳ
1208 2238 1307 2271 ἱκανῶς
1323 2238 1509 2275 καθηράμενοι
1522 2239 1587 2266 ἄνευ
1604 2248 1633 2266 τε
1651 2239 1788 2274 σωμάτων
1800 2238 1898 2275 ζῶσιῗτὺ

1108 2269 1238 2317 παράπαν
1255 2269 1353 2317 εἱςξτὸν
1370 2269 1587 2317 ἔπειτα-χρόνον,
1601 2274 1652 2317 και
1669 2269 1850 2317 είς-οἰκήσεις
1864 2274 1898 2299 ἔτι

1108 2309 1210 2336 τούτων
1227 2309 1352 2342 καλλίους
1368 2309 1558 2344 ἀφικνοῦνται·
1575 2319 1584 2335 ι
1600 2310 1651 2342 Qui
1671 2313 1762 2336 autem
1788 2310 1832 2344 pie
1851 2316 1898 2344 pne

1109 2345 1216 2372 ueteris
1233 2345 1335 2372 vixisse
1352 2345 1540 2376 inveniuntur,
1555 2345 1581 2371 hi
1597 2349 1661 2371 sunt
1677 2344 1725 2379 qui
1739 2353 1774 2372 ex
1792 2345 1835 2372 his
1848 2350 1897 2371 ter—

1110 2380 1183 2407 renis
1199 2381 1266 2407 locis
1280 2384 1410 2415 tanquam
1426 2388 1441 2408 e
1455 2388 1567 2408 carcere
1581 2380 1675 2410 soluti,
1688 2384 1772 2415 atque
1785 2380 1895 2407 liberali.

1109 2416 1142 2442 ad
1167 2415 1265 2442 altiora
1285 2416 1493 2448 transcendunt,
1521 2423 1672 2450 puramque
1693 2423 1779 2450 supra
1805 2420 1895 2442 terram

1109 2451 1234 2478 habitant
1258 2451 1407 2485 regionem.
1424 2451 1495 2478 Inter
1511 2450 1560 2478 has
1575 2455 1665 2478 autem
1678 2451 1842 2485 quicunque
1856 2457 1895 2477 sa-

1109 2486 1144 2513 tis
1161 2493 1208 2520 per
1222 2486 1420 2521 philosophiam
1436 2486 1543 2521 purgati
1566 2491 1640 2516 sunt,
1656 2486 1763 2520 absque
1779 2485 1896 2520 corpori-

1109 2521 1160 2548 bus
1176 2521 1288 2548 omnino
1302 2525 1388 2548 totum
1401 2529 1449 2556 per
1464 2525 1572 2556 tempus
1584 2522 1690 2549 vivunt.
1708 2522 1895 2548 habitationes-

1109 2565 1173 2590 que,
1190 2556 1232 2583 his
1247 2556 1328 2583 etiam
1343 2556 1514 2591 pulchriores
1532 2557 1744 2584 nanciscuntur.
1761 2567 1771 2582 ι
1790 2556 1894 2590 Reliqua

1109 2592 1145 2618 ibi
1159 2591 1245 2618 videri
1258 2595 1397 2626 poterunt.

1144 2627 1200 2661 (21)
1208 2625 1366 2657 Διαϐιϐάζει
1375 2626 1428 2659 τὰς
1436 2626 1589 2660 προκοπὰς
1597 2627 1651 2660 τὰς
1656 2626 1811 2661 μυστικάς
1833 2625 1894 2659 Lege

1109 2661 1252 2697 προκοπῆς
1268 2662 1325 2697 τῆς
1344 2662 1479 2696 μυστικῆς
1505 2662 1658 2694 διαϐιϐάζει
1678 2663 1724 2688 τὸν
1746 2661 1890 2697 ἄνθρωπον.

1110 2696 1362 2724 Lew1n.4—Allttilit
1373 2701 1469 2723 auctor
1483 2698 1516 2724 ad
1532 2698 1621 2724 varias
1637 2698 1698 2724 illas
1710 2696 1892 2724 lustrationes.

1109 2740 1179 2767 quas
1201 2737 1277 2759 certo
1299 2732 1395 2768 ordine
1410 2732 1549 2764 subibant,
1566 2733 1613 2768 qui
1629 2733 1740 2761 Cereris
1758 2732 1894 2768 Eleusini:

1111 2766 1239 2802 mysteria
1255 2767 1415 2803 ἐποπτεύειν
1429 2766 1596 2802 cupiebant}
1613 2769 1648 2795 de
1663 2769 1766 2803 quibus
1780 2767 1844 2794 alibi
1857 2766 1893 2792 di-

1111 2808 1184 2864 ἓιιιιιι
1204 2806 1256 2830 est.
1274 2803 1354 2830 Conl‘.
1375 2801 1474 2830 Strom.
1492 2803 1539 2830 lib.
1556 2812 1592 2835 νι,
1607 2801 1751 2838 pag—667,
1767 2803 1820 2831 668
1834 2802 1889 2828 edn.

1134 2846 1199 2864 arts.

1134 2846 1199 2865 aI'IS.

1147 2873 1203 2909 (22)
1226 2874 1281 2900 Τὸν
1307 2874 1444 2906 καθαρόν.
1466 2873 1614 2909 Conjuuxit
1640 2878 1738 2901 auctor
1762 2873 1853 2900 Matth.
1867 2878 1888 2901 ν.

1111 2909 1137 2942 8,
1153 2913 1179 2936 et
1194 2909 1204 2935 l
1218 2909 1280 2937 Cor.
1296 2917 1355 2943 xm,
1376 2910 1416 2936 l2.
