1933 3075
58 134 111 161 ‘85

687 135 904 164 STROMATUM
920 136 984 165 LIB.
1006 136 1062 165 ιιι.

1642 140 1694 169 ό86

57 193 207 228 διείληῳεν,
223 194 264 225 ὡς
285 193 319 221 ἂν
340 194 415 221 θείαν
437 194 564 230 χωρήσας
587 193 643 229 (57)
670 194 847 230 διδασκαλίαν.

904 195 950 230 qui
976 195 1096 222 divinam
1121 194 1259 230 acceperit
1283 195 1447 224 doctrinam.
1463 195 1547 224 Facto
1565 197 1648 233 igitur
1660 199 1697 226 ab

62 239 234 274 Ἀρξάμενός
261 241 287 274 γ’
305 238 352 267 οὖν
379 241 411 268 ἐκ
433 240 480 267 τοῦ
505 239 655 276 Θαυμάζειν
679 241 730 276 τὴν
754 241 852 272 κτίσιν,

54 284 159 319 δεῖγμα
179 285 228 311 τοῦ
251 285 382 312 δύνασθαι
401 285 492 312 λαϐεῖν
505 285 554 320 τὴν
570 286 670 319 γνῶσιν
683 286 803 320 κομίζων
815 285 854 312 οἴ-

54 329 138 355 κοθεν
154 329 295 365 πρόθυμος
311 331 433 367 μαθητὴς
444 331 491 357 τοῦ
505 331 608 367 Κυρίου
621 332 724 365 γίνεται
733 340 739 345 ·
753 331 854 363 εύοέως

53 374 83 400 δὲ·
99 374 235 407 ἀκούσας,
247 375 313 402 Θεόν
335 385 364 403 τε
384 377 431 403 καὶ
445 377 573 412 πρόνοιαν
587 376 746 403 ἐπίστευσεν
766 376 795 409 ἐξ
816 374 853 404 ὧν

51 425 224 460 ἐθαύμασεν.
234 414 354 452 Ἐνθένδε
370 421 416 452 οἷν
431 423 600 459 ὁρμώμενος,
615 424 647 449 ὲκ
668 423 768 454 παντὸς
789 423 852 458 τρό-

51 480 105 497 που
122 474 253 506 συνεργεῖ
269 473 336 506 πρὸς
348 473 395 507 τὴν
412 472 538 507 μάθησίν,
554 470 632 498 ’πάντ’
644 471 735 496 ἐκεῖνα
752 469 847 501 ποιῶν,

49 518 85 544 δι’
99 515 138 544 ὧν
162 518 258 544 λαόεῖν
278 518 421 554 δυνήσεται
435 519 484 553 τὴν
496 517 596 552 γνῶσιν
609 514 646 544 ὧν
665 516 757 543 ποθεῖ·
771 515 852 546 πόῦος

49 565 78 591 δὲ
111 565 188 591 κατά
218 565 361 600 προκοπὴν
385 565 501 596 πίστεως
526 565 582 600 ἅμα
606 563 718 600 ζητήσει
739 561 852 599 κραθεὶς

50 610 235 636 συνίσταται·
258 610 289 636 τὸ
309 610 331 636 δ’
343 611 416 637 ἐστὶν
433 610 506 643 ἀξιον
519 609 644 644 γενέσθαι
656 609 705 644 τῆς
717 608 851 642 τοσαύτης

49 656 100 682 καὶ
112 655 284 691 τηλικαύτης
295 655 419 691 θεωρίας.
431 655 523 687 υῦτως
537 655 663 689 γεύσεται
673 653 720 680 τοῦ
733 653 852 688 Θελήμα-

46 710 96 733 τος
108 701 159 727 τοῦ
181 700 250 727 Θεοῦ
271 702 285 727 ὁ
307 702 455 735 γνωστικός
467 709 474 715 ·
496 701 526 726 οὐ
541 700 595 736 γὰρ
610 699 658 731 τὰς
672 699 766 732 ἀκοὰς,
782 699 850 725 ἀλλά

46 744 100 779 τὴν
113 744 207 779 ψυχὴν
220 744 369 780 παρίστησι
383 746 440 776 τοῖς
452 745 504 771 ὑπὸ
520 745 574 771 τῶν
588 744 741 780 λεγομένων
757 744 850 779 δηλου-

48 791 147 825 μένοις
174 791 344 826 πράγμασιν.
358 791 455 822 Οὐσίας
468 791 556 817 τοίνυν
575 791 621 817 καὶ
643 790 677 816 τὰ
698 790 849 825 πράγματα

47 836 123 863 αὐτὰ
148 837 319 872 παραλαϐὼν
344 837 388 864 διὰ
413 836 466 863 τῶν
485 837 581 871 λόγων,
597 836 710 867 εἰκότως
733 836 779 862 καὶ
800 836 849 871 τὴν

46 882 142 918 ψυχὴν
165 883 214 909 ἐπὶ
230 883 265 908 τὰ
283 882 375 909 δέοντα
398 883 473 916 ἄγεν
493 883 523 908 τὸ
546 891 555 907 ί
571 883 616 918 Μὴ
634 881 788 918 μοιχεύσῃς,
802 881 847 916 Μὴ

47 928 191 963 φονεύσῃς
207 928 277 963 (58),
293 938 302 953 ι
327 928 397 960 ἰδίως
423 928 600 963 ἐκλαμϐάνων
622 928 659 960 ὡς
681 927 785 963 εἴρηται
808 927 847 962 τῷ

46 974 210 1009 γνωστικῷ,
231 975 281 1009 οὐχ
306 974 344 1006 ὼς
370 974 445 1009 παρά
465 975 520 1005 τοῖς
550 974 639 1005 ἄλλοις
670 966 845 1009 ὑπείληπταιέ

47 1022 202 1057 Πρόσεισιν
230 1021 287 1056 (59)
305 1019 350 1047 οὖν
377 1020 613 1059 ὲγγυμκὲιζόμενος
634 1021 668 1055 τῇ
696 1021 846 1055 ἐπιστημο-

2 1066 9 1083 ’-
46 1069 111 1102 νικῇ
127 1066 236 1102 θεωρίᾳ
247 1067 288 1098 εἰς
299 1066 330 1092 τὸ
342 1065 553 1103 ἐναγωνίσασθαι
567 1067 623 1097 τοῖς
633 1064 846 1100 καθολικώτερον

46 1115 96 1141 καὶ
112 1113 408 1149 μεγαλοπρεπέστερον
421 1112 573 1148 εἰρημένοις
584 1120 591 1127 ⁸
610 1111 688 1143 εἰδὼς
708 1110 737 1139 εὖ
762 1112 844 1147 μάλα,

44 1162 87 1188 ὅτι
112 1171 122 1187 ι
139 1162 155 1187 ό
175 1161 310 1187 διδάσκων
324 1160 465 1195 ἄνθρωπον
486 1159 595 1193 γνῶσιν,
608 1169 617 1184 ι
633 1158 704 1185 κατά
715 1159 760 1186 τὸν
775 1159 846 1194 Προ-

44 1210 151 1244 ςήτην,
160 1207 266 1243 Κύριός
280 1208 363 1239 ἐστιν,
371 1207 414 1234 διὰ
421 1206 552 1242 πόματος
563 1206 732 1242 ἀνθρωπίνου
743 1205 845 1241 Κύριος

43 1256 184 1292 ἐνεργῶν.
198 1254 293 1290 Ταύτῃ
317 1255 362 1281 καὶ
384 1254 471 1289 σάρκα
491 1253 643 1289 ἀνείληφεν.
658 1252 776 1284 Εἰκότως
798 1251 845 1278 οὖν

43 1301 182 1328 οὐδέποτε
193 1300 226 1326 τὸ
237 1299 286 1335 ἡδὺ
303 1299 356 1335 πρὸ
375 1298 421 1324 τοῦ
440 1298 622 1333 συμφέροντος
637 1298 755 1333 αἱρεῖται
767 1305 773 1311 ·
790 1295 844 1322 οὐδ’

42 1349 77 1374 ἂν
91 1346 269 1383 προκαλῆται
281 1345 361 1371 αὑτὸν
380 1344 450 1370 κατά
463 1352 522 1370 τινα
536 1344 693 1378 περίστασιν
707 1350 845 1378 προκατα-

41 1395 192 1431 ληφθέντα
212 1390 358 1428 ἑταιρικῶς
379 1390 558 1426 ἐκϐιαζομένη
580 1390 667 1426 ὡραία
685 1391 768 1426 γυνή’
783 1390 844 1416 ἐπεὶ

43 1443 117 1478 μηδὲ
138 1442 189 1469 τὸν
209 1441 310 1476 Ἰωσὴφ
332 1441 466 1476 παράγειν
479 1439 529 1474 τῆς
541 1438 690 1469 ἑνστάσεως
706 1438 812 1472 ἴσχυσεν
826 1437 843 1473 ή

38 1490 91 1516 τοῦ
107 1489 247 1516 δεσπότου
261 1488 345 1522 γυνή·
359 1485 509 1513 ἀπεδύσατο
523 1486 550 1512 δὲ
561 1486 628 1520 αὐτῇ
644 1485 712 1518 πρὸς
727 1483 787 1519 βίαν
800 1492 845 1510 κα-

36 1535 168 1571 τεχούσῃ
181 1534 228 1560 τὸν
242 1533 353 1568 χιτῶνα,
366 1532 466 1567 γυμνὸς
481 1532 529 1566 μὲν
546 1531 595 1566 τῆς
612 1530 749 1566 ἁμαρτίας
767 1530 843 1564 γενό-

40 1590 141 1618 μενος,
149 1581 184 1607 τὸ
196 1580 308 1615 κόσμιον
318 1579 346 1604 δέ
357 1577 402 1604 τοῦ
414 1577 493 1613 ἤθους
505 1576 741 1612 περιϐαλλόμενος.
750 1577 782 1602 Εἰ
791 1575 844 1611 γὰρ

39 1633 64 1657 οἱ
89 1629 142 1656 τοῦ
159 1627 293 1654 δεσπότου
305 1626 439 1661 ὀφοαλμοὶ
454 1625 503 1660 οὑχ
517 1624 620 1660 ἐώρων,
633 1624 679 1651 τοῦ
695 1624 843 1658 Αἰγυπτίου

37 1677 130 1710 λέγω,
145 1675 195 1701 τὸν
211 1674 321 1708 Ἰωσὴφ,
335 1672 390 1699 ἀλλ’
402 1672 459 1706 οῖγε
475 1671 521 1698 τοῦ
541 1671 760 1706 παντοκράτορος
779 1671 844 1697 ἐπε-

38 1722 182 1749 σκόπουν.
193 1720 288 1754 Ἡμεῖς
304 1718 352 1754 μὲν
365 1718 418 1754 γὰρ
430 1718 480 1752 τῆς
492 1717 583 1752 φωνῆς
597 1716 740 1751 ἀκούομεν,
753 1717 800 1743 καὶ
811 1716 845 1743 τὰ

38 1770 167 1805 σώματα
187 1767 343 1802 θεωροῦμεν
355 1775 361 1780 ·
375 1767 389 1792 ὁ
399 1766 463 1798 Θεὸς
476 1766 504 1792 δὲ
517 1765 547 1792 τὺ
561 1766 676 1801 πρᾶγμα
694 1765 740 1799 ἀφ’
754 1762 783 1791 οὗ
795 1763 844 1798 φέ-

39 1825 127 1853 ρεται
154 1815 187 1841 τὸ
211 1815 309 1849 φωνεῖν
333 1814 380 1840 καὶ
401 1813 519 1848 βλέπειν,
539 1810 844 1845 ἐξετάξει.Ἀκολούθως

36 1865 111 1899 ἄρα,
129 1862 184 1888 κᾶν
210 1861 287 1892 νόσος
310 1859 375 1895 ἐπίῃ
397 1859 442 1886 καί
464 1868 489 1885 τι
513 1858 567 1885 τῶν
590 1857 788 1894 περιπατικῶν
804 1857 844 1892 τῷ

35 1907 208 1946 γνωστικῷ,
223 1907 271 1934 καὶ
293 1906 325 1942 δὴ
343 1906 457 1941 μάλιστα
477 1905 491 1931 ὁ
511 1903 698 1940 φοϐερώτατος
719 1903 842 1936 θάνατος,

36 1959 187 1993 ἄτρεπτος
207 1954 282 1989 μένει
307 1951 377 1979 κατά
400 1953 449 1987 τὴν
472 1951 572 1986 ψυχὴν,
596 1950 683 1978 πάντα
706 1950 784 1982 εἰδὼς
809 1950 843 1976 τὰ

35 2002 163 2031 τοιαῦτα
181 2001 299 2031 κτίσεως
310 1999 431 2034 ἀνάγκην
443 1996 521 2030 εἶναι,
530 1997 598 2024 ἀλλὰ
609 1998 656 2024 καὶ
668 1996 753 2028 οὕτως
764 1996 843 2023 δυνά-

38 2059 88 2085 μει
107 2047 160 2074 τοῦ
182 2045 252 2072 Θεοῦ
269 2045 414 2080 φάρμακον
425 2044 545 2078 γίνεσθαι
559 2043 704 2078 σωτηρίας,
718 2043 762 2069 διὰ
779 2052 842 2069 παι-

36 2096 120 2126 δείας
138 2094 205 2124 τοὺς
217 2091 402 2127 ἀπηνέστερον
417 2089 717 2126 μεταρῤυθμιζομένους
732 2089 843 2124 εὐεργε-

35 2142 157 2172 τςῦντα,
170 2138 240 2174 πρὸς
252 2137 300 2173 τῆς
313 2137 415 2172 ἀγαθῆς
426 2138 508 2168 ὅντως
520 2137 579 2163 κατ’
588 2136 664 2169 ἀξίαν
677 2135 841 2171 μεριζόμενα

37 2185 191 2223 πῳνοίας.
205 2182 353 2219 Χρὼμενος
376 2182 463 2209 τοίνυν
490 2183 544 2213 τοῖς
570 2182 697 2213 κτιστοῖς,
719 2181 792 2208 ὁπότ’
808 2180 840 2208 ἂν

906 239 1087 268 admiratione
1101 247 1194 268 rerum
1208 245 1362 268 creatarum
1385 241 1474 274 initio,
1491 245 1573 277 atque
1589 250 1622 270 eo
1636 243 1696 277 ipso

905 290 1010 314 certum
1028 286 1171 319 indicium,
1187 287 1261 322 quod
1283 287 1316 314 ad
1343 287 1545 322 percipiendam
1574 288 1609 315 sit
1636 289 1696 315 ido-

904 339 973 359 neus
988 332 1183 366 cognitionem,
1203 332 1284 360 domo
1297 340 1391 360 secum
1413 332 1539 365 aﬁ‘erens.
1558 333 1587 361 ﬁt
1603 334 1696 362 alacer

903 381 930 404 et
943 382 1086 412 promptus
1101 377 1207 404 Domini
1229 378 1391 413 discipulus.
1409 377 1496 405 Simul
1511 387 1542 406 ac
1556 383 1646 406 autem
1660 380 1696 408 de

904 423 958 451 Deo
973 423 1067 450 audire
1082 424 1164 458 C(Bpil
1182 431 1213 450 ac
1229 424 1262 451 de
1276 424 1460 458 providentia,
1476 424 1593 452 credidit
1611 433 1643 452 ex
1660 426 1694 453 iis

903 477 963 505 quae
984 473 1026 497 est
1049 470 1211 496 admiratus.
1229 469 1297 496 Hinc
1311 470 1447 505 impulsus
1461 471 1589 498 omnibus
1604 472 1694 499 modis

902 516 948 543 dat
962 523 1072 551 operam
1090 516 1254 550 disciplime,
1272 516 1362 542 omnia
1386 524 1470 551 agens
1491 517 1592 551 quibus
1606 519 1694 553 possit

902 563 1029 598 accipere
1046 562 1229 597 cognitionem
1246 570 1340 589 eorum
1365 570 1426 597 qua:
1449 563 1596 591 desiderat.
1616 563 1694 591 Desi-

902 608 1008 636 derium
1033 612 1124 636 autem
1141 616 1189 644 per
1206 608 1359 643 profectum
1385 609 1458 641 ﬁdei,
1477 610 1605 638 consistit
1627 618 1693 637 con-

902 659 1080 689 temperatum
1104 663 1165 682 cum
1190 654 1366 690 inquisitione
1381 664 1387 682 ;
1402 655 1429 682 id
1451 660 1541 683 autem
1566 661 1608 684 est
1633 656 1692 684 ﬁeri

901 700 1012 736 dignum
1029 700 1076 727 tali
1090 703 1220 735 tantaque
1236 701 1476 736 contemplatione.
1495 702 1540 729 Sic
1557 702 1605 730 Dei
1621 711 1690 738 gno-

901 747 988 774 sticus
1004 746 1125 782 gustabit
1138 747 1306 774 voluntatem
1323 757 1329 774 :
1348 755 1402 774 non
1419 755 1500 776 aures
1523 749 1596 776 enim
1621 757 1692 784 pra:-

900 792 955 825 bet,
969 793 1018 821 sed
1028 793 1160 825 animum,
1173 793 1255 820 rebus
1267 801 1327 828 quae
1337 793 1527 828 signiﬁcantur
1540 795 1574 822 ab
1585 795 1619 823 iis
1631 803 1691 831 qua:

900 840 1039 866 dicuntur.
1057 839 1125 866 Cum
1143 846 1207 874 ergo
1225 839 1299 874 ipsas
1325 847 1416 866 rerum
1433 840 1570 868 essentias
1594 846 1622 868 et
1646 849 1691 869 res

866 877 886 903 Β
899 886 973 921 ipsas
983 886 1119 921 acceperit
1127 893 1175 920 per
1186 885 1280 918 verba,
1292 885 1391 912 merito
1405 888 1433 916 >I<
1444 886 1563 913 animam
1581 894 1691 922 quoque

857 1563 878 1592 ϐ

899 931 1010 959 deducit
1024 932 1057 959 ad
1072 939 1103 959 ea
1120 939 1181 966 qua:
1201 935 1318 967 oportet,
1336 932 1413 963 illud,
1435 941 1444 957 ι
1459 931 1518 959 Non
1535 933 1691 961 nttnchabe-

897 977 948 1010 ris,
964 977 1024 1005 Non
1039 978 1194 1012 _oceideSI,
1214 988 1223 1002 ι
1247 978 1378 1013 peculiari
1395 977 1476 1005 modo
1499 979 1647 1014 accipiens,
1660 985 1690 1007 ut

898 1023 1002 1051 dictum
1028 1027 1071 1051 est
1094 1024 1231 1059 gnostico,
1254 1031 1310 1051 non
1327 1028 1358 1051 ut
1378 1025 1413 1051 ab
1437 1024 1499 1052 aliis
1522 1025 1687 1060 concipitur.

896 1069 989 1106 Pergit
1005 1078 1069 1106 ergo
1083 1078 1112 1098 se
1128 1078 1260 1098 exercens
1277 1071 1510 1106 contemplatione
1526 1072 1687 1104 scicntiﬁca,

897 1121 926 1144 ut
944 1117 1076 1152 paulatim
1103 1124 1212 1152 quoque
1228 1124 1258 1145 se
1274 1121 1400 1144 exerceat
1421 1117 1450 1144 in
1469 1117 1504 1145 iis
1526 1125 1587 1153 qua}
1602 1119 1690 1153 magis

896 1164 1024 1191 universe
1039 1168 1066 1191 et
1080 1163 1301 1198 magniﬁcentius
1317 1163 1390 1190 dicta
1403 1167 1478 1195 sunt,
1495 1168 1569 1191 recte
1585 1164 1687 1197 sciens,

896 1210 969 1245 quod
983 1219 991 1235 ι
1003 1210 1141 1245 ηυὶᾱοεοϊ
1151 1210 1290 1238 hominem
1302 1209 1447 1237 scientiam
1456 1210 1481 1243 b,
1497 1220 1505 1236 ι
1525 1215 1555 1237 ιιι
1570 1211 1608 1237 ait
1620 1210 1689 1238 ΡΝ)⁴

896 1257 988 1292 pheta,
1004 1260 1046 1284 est
1068 1256 1212 1288 Dominus,
1230 1263 1279 1291 per
1292 1263 1324 1283 os
1339 1255 1459 1283 hominis
1474 1256 1607 1284 Dominus
1621 1265 1688 1292 ope-

895 1310 971 1330 rans.
998 1303 1061 1330 Ideo
1085 1310 1195 1330 carnem
1221 1309 1331 1337 quoque
1359 1301 1475 1336 accepit.
1502 1301 1597 1329 Merito
1621 1310 1688 1338 ergo

895 1355 1034 1383 nunquam
1045 1348 1198 1383 jucundum
1211 1348 1317 1383 praefert
1333 1348 1402 1380 utili,
1417 1355 1467 1374 nec
1481 1347 1505 1376 si
1517 1356 1583 1375 casu
1595 1349 1687 1384 aliquo

894 1394 1005 1421 invadat
1020 1402 1082 1421 eum
1099 1394 1311 1429 meretricioque
1328 1401 1403 1421 more
1420 1393 1489 1421 forte
1503 1394 1613 1421 fortuna
1624 1403 1687 1430 pret

894 1445 973 1467 vocet
990 1439 1109 1468 formosa
1124 1441 1221 1468 mulier
1234 1450 1240 1467 z
1255 1440 1384 1475 quoniam
1401 1439 1561 1475 necJoseph
1576 1441 1686 1476 quidem

895 1487 928 1513 ab
945 1487 1072 1513 instituto
1089 1487 1225 1514 abducere
1253 1486 1340 1520 potuit
1364 1494 1434 1513 uxor
1453 1486 1567 1513 domini.
1589 1487 1631 1514 Ab
1654 1495 1686 1515 ea

895 1537 985 1560 autem
1000 1533 1063 1560 exui
1078 1541 1107 1560 se
1124 1534 1288 1568 patiebatur,
1303 1541 1350 1568 per
1361 1533 1414 1560 vim
1429 1537 1537 1560 tenente
1551 1535 1684 1566 tunicam,

896 1583 924 1606 ut
940 1579 987 1614 qui
1003 1587 1017 1605 a
1031 1584 1142 1613 peccato
1159 1579 1268 1614 quidem
1290 1579 1371 1606 luerit
1387 1579 1517 1612 nudatus,
1533 1579 1685 1608 honestatis

895 1629 985 1652 autem
1002 1629 1193 1652 ornamentum
1208 1625 1339 1652 induerit.
1356 1624 1423 1651 Nam
1438 1626 1490 1652 etsi
1508 1626 1580 1653 oeuli
1596 1626 1686 1653 domi-

893 1672 933 1703 ni,
948 1671 1069 1707 Egyplii
1094 1672 1215 1706 inquam,
1232 1670 1331 1706 Joscph
1349 1680 1403 1698 non
1418 1671 1557 1704 videbant,
1575 1677 1603 1698 at
1625 1680 1685 1700 om-

894 1718 1042 1752 nipotentis
1062 1718 1171 1752 quidem
1187 1722 1261 1745 certe
1276 1718 1470 1753 inspiciebant.
1484 1717 1552 1745 Nam
1567 1726 1617 1746 nos
1635 1726 1685 1746 vo-

894 1770 953 1790 cem
967 1763 1078 1798 quidem
1101 1763 1240 1795 audimus,
1256 1768 1283 1791 et
1305 1771 1422 1798 corpora
1444 1764 1660 1799 contemplamur
1675 1774 1684 1793 :

894 1809 966 1837 Deus
980 1814 1069 1837 autem
1086 1810 1173 1845 ipsam
1190 1817 1247 1837 rem
1264 1811 1412 1841 examinat,
1431 1818 1446 1837 a
1460 1817 1513 1845 qua
1529 1811 1615 1838 fertur
1631 1819 1684 1839 vox

893 1860 920 1882 et
943 1859 1079 1890 aspectus.
1108 1855 1156 1883 His
1181 1856 1428 1890 consequenter,'si
1446 1857 1487 1882 vel
1502 1857 1624 1888 morbus,
1641 1858 1684 1885 vel

893 1908 975 1929 casus
985 1901 1095 1936 aliquis,
1109 1902 1264 1937 gnosticum
1276 1902 1418 1933 invaserit,
1430 1906 1512 1936 atque
1527 1903 1593 1930 adeo
1608 1911 1684 1931 mors

892 1954 953 1982 qua:
977 1952 1019 1975 est
1036 1948 1159 1974 omnium
1176 1948 1295 1975 maxime
1321 1948 1462 1980 terribilis,
1480 1953 1571 1975 manet
1591 1949 1683 1976 animo

892 1995 1046 2024 interritus,
1065 1994 1155 2022 sriens
1171 2002 1341 2029 quacunque
1365 1998 1428 2022 sunt
1449 1995 1606 2029 hujusmodi
1621 2003 1682 2023 esse

892 2046 998 2069 natura;
1011 2042 1200 2069 necessitatem
1214 2051 1220 2068 :
1234 2041 1281 2069 sed
1299 2042 1340 2069 sic
1356 2049 1466 2076 quoque
1476 2041 1523 2068 Dei
1539 2042 1638 2069 virtute
1650 2051 1680 2070 ea

892 2089 960 2117 efﬁci
972 2089 1200 2116 medicamentum
1214 2088 1321 2122 salutis,
1331 2091 1360 2114 ut
1374 2096 1434 2122 qum
1448 2096 1495 2123 per
1508 2088 1679 2123 disciplinam

891 2143 938 2163 eos
950 2134 1082 2162 beneﬁcio
1096 2134 1213 2162 afﬁciant
1228 2134 1273 2169 qui
1288 2134 1425 2161 difﬁcilius
1436 2134 1679 2166 transformantur,

891 2186 919 2209 et
934 2190 996 2209 vere
1011 2182 1080 2209 bona
1095 2189 1144 2216 pro
1159 2181 1265 2208 meritis
1281 2181 1481 2216 dispertiautur
1496 2181 1678 2216 providentia.

36 2234 103 2269 ἐρεῖ
119 2230 180 2266 (40)
197 2229 292 2264 Λόγος,
307 2229 346 2260 εἰς
367 2228 427 2255 ὅσον
445 2229 512 2263 ἐρεῖ,
526 2227 595 2254 κατά
606 2228 655 2263 τὴν
668 2228 713 2254 ἐπὶ
724 2228 770 2254 τὸν
782 2228 840 2254 κτί-

897 2228 977 2256 Utens
992 2229 1074 2262 igitur
1095 2229 1177 2255 rebus
1195 2228 1307 2260 creatis,
1324 2227 1433 2262 quando
1448 2232 1475 2255 et
1488 2231 1622 2263 quantum
1638 2228 1680 2254 di-

36 2287 132 2306 σαντα
151 2275 338 2312 εὐχαριστίαν,
353 2275 400 2301 καὶ
413 2275 463 2310 τῆς
482 2274 655 2305 ἀπολαύσεως
676 2273 768 2309 κύριος
789 2283 839 2301 κα-

56 2328 186 2353 ίπαται.
202 2324 239 2350 Οὐ
255 2323 416 2358 μνησικακεῖ
435 2330 511 2354 ποτε,
527 2322 557 2349 οὐ
573 2322 729 2357 χαλεπαίνει
741 2322 837 2353 οὐδενὶ,

34 2372 92 2398 κᾶν
109 2370 212 2406 μίσους
226 2368 300 2401 ἄξιος
313 2368 434 2404 τυγχάνῃ
446 2368 486 2402 ἐφ’
496 2364 534 2399 οἷς
546 2367 752 2403 διαπράττεται·
767 2366 838 2393 σέϐει

33 2418 94 2454 μὲν
110 2415 170 2451 γὰρ
182 2415 229 2442 τὸν
237 2413 364 2450 Ποιητὴν,
373 2414 467 2448 ἀγαπᾷ
477 2412 505 2439 δὲ
516 2412 561 2438 τὸν
572 2412 697 2439 κοινωνὸν
710 2411 756 2438 τοῦ
769 2411 836 2445 βίου,

30 2462 194 2498 οἰκτείρων
210 2461 258 2487 καὶ
273 2460 489 2496 ὐπερευχόμενος
509 2458 590 2486 αὑτοῦ
611 2458 654 2485 διὰ
668 2458 717 2494 τὴν
730 2458 838 2492 ἄγνοιαν

31 2508 145 2538 αὑτοῦ·
163 2507 213 2533 καὶ
233 2506 266 2542 δὴ
279 2507 326 2533 καὶ
342 2505 496 2541 συμπάσχει
516 2505 556 2540 τῷ
576 2505 691 2540 σώματι,
706 2505 746 2541 τῷ
760 2505 838 2539 φύσει

893 2280 936 2302 cet
953 2275 1082 2306 Verbum,
1099 2275 1179 2310 eique
1198 2276 1244 2310 qui
1259 2275 1363 2302 creavit
1386 2282 1469 2309 agens
1485 2275 1596 2309 gratias,
1612 2281 1679 2301 usus

892 2329 985 2348 earum
1011 2321 1041 2348 ﬁt
1075 2321 1211 2349 dominus.
1227 2320 1371 2355 Nunquam
1388 2325 1505 2355 acceptae
1518 2324 1561 2347 est
1575 2327 1679 2346 memor

892 2367 1009 2403 injuriae,
1022 2368 1125 2394 nemini
1140 2367 1169 2394 ﬁt
1182 2367 1317 2399 infensus,
1327 2367 1434 2394 etiamsi
1451 2367 1486 2394 sit
1501 2365 1563 2393 odio
1578 2365 1678 2400 dignus

891 2417 1002 2449 propter
1012 2421 1043 2440 ea
1055 2421 1116 2447 quae
1131 2413 1197 2440 facit
1213 2423 1219 2440 :
1239 2414 1304 2440 colit
1321 2414 1393 2440 enim
1408 2413 1577 2445 Creatorem,
1589 2411 1678 2447 diligit

892 2462 982 2487 autem
1000 2459 1062 2486 vita:
1075 2459 1191 2490 socium,
1212 2460 1272 2494 ejus
1291 2460 1430 2490 misertus.
1445 2463 1472 2486 et
1487 2466 1536 2494 pro
1546 2466 1579 2486 eo
1594 2466 1677 2486 orans

891 2509 1002 2540 propter
1016 2506 1077 2541 ejus
1093 2506 1285 2541 ignorantiam.
1303 2505 1331 2533 ln
1355 2514 1454 2541 corpus
1468 2514 1576 2542 quoque
1596 2513 1675 2533 suum

96 2601 133 2631 ὦ
149 2597 183 2624 Ρ.
204 2594 257 2624 868
272 2594 328 2624 ED.
345 2569 493 2626 PDTTER,
513 2593 566 2621 755
584 2593 639 2620 Εἰ).
659 2592 770 2620 PARIS.
809 2601 819 2612 -
837 2592 847 2619 Ι

897 2593 923 2621 d.
941 2593 1108 2637 xx,15,lﬂ.
1148 2593 1161 2613 ιι
1180 2592 1252 2620 Psal.
1267 2600 1339 2624 xctv,
1357 2592 1400 2620 lo.

70 2688 136 2725 (δῖ)
158 2686 315 2725 Χωρήσας.
337 2684 368 2725 Id
391 2685 560 2725 restituimus
576 2691 607 2711 ex
631 2683 705 2725 Flor.
722 2682 838 2725 Sylb._et

28 2718 90 2753 ms‘.
111 2718 213 2750 Paris:
234 2718 284 2757 pro
294 2718 430 2761 χωρίσας,
447 2720 519 2761 quod
544 2720 572 2761 in
595 2719 762 2761 recetttior‘e‘s
780 2718 839 2761 edi-

29 2763 132 2788 tiones
150 2754 474 2793 perpe'ram'irrepserat,
489 2754 584 2782 Matth.
601 2762 639 2784 ιιι,
656 2754 686 2780 ‘l‘l
702 2754 756 2781 εΟὐ
771 2754 838 2780 πάν-

27 2805 80 2821 τες
95 2792 223 2821 vum-36'.
234 2791 329 2818 τοῦτον
346 2790 391 2816 τὸν
405 2790 492 2821 λόγον,
505 2789 561 2816 ἀλλ’
576 2787 616 2821 οἷς
629 2789 740 2815 δέδοται.

34 2801 223 2838 τες1ωρουσι
234 2799 329 2818 τουτον
346 2799 391 2816 τον
406 2799 492 2824 Λογον,
505 2799 554 2816 αΛΛ
576 2799 616 2821 οῖς
629 2799 740 2830 οεοοταίι.

71 2824 133 2863 (δὲ)
156 2827 209 2861 Μὴ
233 2826 418 2864 μοιχεύσῃς,
436 2825 482 2858 Μὴ
503 2826 665 2864 φονεύσῃς.
697 2826 741 2851 διε
753 2823 838 2864 Flor,

31 2860 170 2902 Sylbdrg.
191 2868 218 2890 et
233 2860 290 2889 ’ms.
311 2860 469 2895 Paris.,pro
485 2868 539 2895 quo
555 2860 688 2888 editiones
704 2860 838 2887 recentio-

890 2691 935 2712 res
952 2691 1094 2719 perperam
1106 2682 1152 2719 Μὴ
1171 2683 1333 2719 μοιχεύσεις,
1349 2682 1551 2719 μὴ-ῳονεύσεις.

926 2716 986 2755 (39)·
1000 2716 1176 2753 Πρόσεισιν-ξ
1197 2729 1205 2744 ι
1218 2716 1339 2747 Ᾰςεεᾱίι.
1350 2716 1366 2744 ἰ
1380 2716 1525 2752 ἸιιιριῬτεε
1553 2716 1675 2752 πρόεισιν

891 2754 990 2790 legisse
1004 2755 1122 2782 videtur.

928 2790 983 2824 (40)
1009 2790 1093 2826 Ἐρεῖ.
1115 2790 1185 2826 Lege
1205 2791 1287 2826 αἱρεῖ,
1304 2795 1333 2817 ut
1351 2789 1432 2819 etiam
1450 2795 1511 2823 pug.
1530 2786 1591 2816 7M.
1611 2786 1673 2818 746»

892 2826 943 2853 756
959 2825 1001 2853 ed.
1020 2825 1107 2853 Paris.
1127 2825 1238 2853 ιον-τη.
