1933 3075
255 188 310 216 479

841 185 1036 215 CLEMENTIS
1053 185 1288 214 ALEXANDRIM

1837 182 1893 211 480

257 255 322 274 men
337 246 480 282 sapientia:
492 245 634 280 accipitur.
650 244 750 272 Verum
774 244 916 272 enimvero
938 244 973 273 de
994 244 1051 272 Dco

1107 245 1246 272 πιστεῦσαι
1260 245 1299 276 δὲ,
1327 244 1449 280 θεμέλιος
1473 243 1608 278 γνώσεως.
1623 244 1725 278 Ἀμφω
1744 242 1772 269 δὲ
1792 243 1806 268 ὁ
1820 242 1894 277 Χρι-

256 301 314 320 non
341 293 484 324 dubitare,
519 293 567 319 sed
594 290 726 323 credere,
767 294 810 318 est
841 291 1048 318 fundamentum

256 337 433 372 cognitionis.
452 336 501 365 Est
532 341 625 364 autem
648 340 796 371 utrumque
824 336 961 369 Christus,
987 336 1049 363 fun-

257 384 428 416 damentum,
456 385 583 418 inquam,
600 389 626 411 et
653 383 808 414 aediﬁcium.
828 391 877 418 per
903 391 984 418 quem
1006 387 1050 410 est

255 435 284 457 et
299 429 462 464 principium
487 433 515 456 et
545 429 618 457 ﬁnis.
648 429 682 456 Et
707 433 831 456 extrema
855 429 967 464 quidem
994 436 1049 456 non

257 476 400 506 ducentur,
426 482 524 509 nempe
544 474 709 509 principium
735 478 762 502 et
791 474 871 508 ﬁnis;
899 474 977 507 ﬁdes,
1007 474 1051 501 in-

257 528 352 556 quam,
360 520 653 555 etcharitasﬂognitio
663 524 753 547 autem
765 528 825 555 quae
832 520 914 547 datur
923 528 954 547 ex
966 519 1051 547 tradi-

256 567 369 597 tionevls
379 573 427 600 per
442 565 491 593 Dei
503 565 632 601 gratiam,
646 566 730 593 veluti
745 565 881 600 quoddam
896 566 1050 601 depositum

255 612 435 639 committitur
458 612 492 639 iis
509 612 556 646 qui
576 612 682 647 seipsos
704 611 831 639 doctrina
850 611 930 646 311
955 611 1051 647 dignos

255 657 440 689 cxhibuerint,
457 666 492 685 ex
513 665 567 694 qua
592 658 724 685 elucescit
749 658 895 686 charitatis
918 658 1049 693 dignitas,

255 710 290 730 ex
304 703 364 731 luce
381 703 408 730 in
425 704 524 731 lucem.
540 703 647 730 Dictum
663 707 706 731 est
718 703 802 734 enim.
821 713 830 729 ι
846 703 958 731 habenti
974 703 1052 731 dabi-

256 753 301 775 tur
310 754 334 776 α.
349 758 359 774 ι
386 747 462 776 Fidei
485 749 596 784 quidem
617 749 758 784 cognitio:
775 750 924 784 cognitioni
949 753 1050 782 autem,

255 795 378 823 Charitas
392 804 399 822 :
415 795 543 822 charitati
556 799 658 826 autem,
673 794 830 823 hazreditas.
846 795 903 822 Hoc
915 799 1004 822 autem
1023 795 1052 822 ﬁt

255 841 368 876 quando
381 840 444 875 quis
456 839 616 875 pependerit
626 847 642 867 a
658 839 774 867 Domino
788 848 836 875 per
852 839 944 872 ﬁdem,
957 840 1053 875 cogni—

257 887 371 919 tionem,
389 890 417 914 et
437 887 610 918 charitatcm,
624 890 652 915 et
672 894 725 913 una
744 894 807 914 eum
828 894 861 915 eo
885 887 1051 920 ascenderit,

257 934 305 961 ubi
325 937 368 961 est
391 932 454 960 ﬁdei
477 937 578 960 nostra:
598 936 625 960 et
645 932 791 961 charitatis
805 932 878 961 Deus
899 938 926 961 et
945 939 1051 963 custos.

258 978 330 1006 Hinc
350 978 468 1014 denique
488 978 608 1006 traditur
623 978 745 1014 cognitio
759 979 794 1007 iis
808 979 855 1014 qui
873 979 908 1006 ad
923 979 975 1007 hoc
989 986 1054 1008 sunt

259 1025 316 1059 apti
330 1028 357 1052 et
371 1025 476 1057 selecti,
488 1032 522 1052 eo
532 1023 605 1059 quod
614 1024 712 1060 majori
724 1025 925 1060 praeparatione
938 1033 1007 1061 opus
1016 1026 1053 1055 sit

256 1075 287 1099 et
304 1071 571 1107 praaexercitatione,
586 1075 612 1098 et
628 1071 661 1098 ad
683 1079 716 1099 ea
728 1071 863 1099 audienda
879 1080 940 1107 qua:
955 1072 1053 1100 dicun-

258 1121 315 1151 tur,
331 1122 358 1146 et
372 1118 457 1146 vitam
474 1118 701 1153 componendam,
717 1122 744 1146 et
760 1118 793 1145 ad
804 1119 977 1147 considerate
988 1127 1054 1155 pro-

257 1165 437 1201 grediendum
452 1165 486 1192 ad
501 1165 527 1192 id
543 1165 614 1200 quod
635 1168 678 1193 est
698 1165 771 1192 ultra
791 1172 852 1192 eam
875 1173 936 1200 qua:
956 1170 999 1194 est
1019 1174 1053 1194 ex

259 1211 320 1246 lege
336 1210 482 1246 justitiam.
499 1210 537 1237 Ea
555 1219 605 1238 nos
621 1211 731 1238 deducit
750 1211 785 1238 ad
798 1210 877 1238 ﬁnem
892 1212 1053 1239 intermina-

259 1263 317 1285 tum
332 1261 358 1285 et
374 1257 535 1293 perfectum,
552 1258 630 1294 prius
647 1258 750 1286 docens
762 1265 822 1285 eam
841 1266 902 1293 quae
917 1258 997 1286 nobis
1011 1263 1053 1287 est

258 1304 362 1337 futura,
379 1304 434 1332 Deo
450 1305 657 1332 convenientem
674 1312 736 1331 cum
759 1304 813 1332 diis
836 1304 946 1332 vivendi
965 1306 1053 1332 ratio-

258 1359 333 1383 nem,
349 1359 411 1378 cum
427 1352 460 1379 ab
475 1352 549 1378 omni
565 1359 648 1387 pruna
671 1354 699 1378 et
721 1350 856 1386 supplicio
874 1351 1007 1379 fuerimus
1024 1353 1054 1379 li.

259 1397 358 1431 berati,
375 1405 436 1432 qua}
455 1398 624 1428 sustinemus
642 1405 676 1425 ex
697 1397 820 1432 peccatis
843 1398 877 1424 ad
903 1398 1052 1426 salutarem

258 1444 442 1479 disciplinam.
471 1444 536 1472 Post
561 1451 644 1479 quam
667 1443 895 1477 redemptionem,
911 1445 1054 1478 prmmium

259 1493 287 1517 et
307 1490 427 1517 honores
450 1489 552 1516 dantur
567 1490 777 1521 consummatis.
799 1497 862 1516 cum
882 1490 1054 1517 cessaverint

259 1536 369 1570 quidem
392 1543 406 1562 a
423 1536 595 1570 purgatione.
610 1537 781 1563 cessaverint
802 1540 893 1563 autem
916 1536 998 1563 etiam
1020 1537 1054 1564 ab

259 1582 313 1609 alio
334 1589 500 1617 quocunque
519 1582 684 1614 ministerio,
701 1582 877 1616 quantumvis
895 1585 1002 1614 sancto,
1025 1586 1053 1610 et

260 1628 332 1655 inter
347 1631 458 1655 sanctos
475 1636 481 1654 :
498 1627 597 1654 deinde
611 1634 659 1654 eos
671 1627 718 1662 qui
734 1627 836 1654 fuerint
848 1627 942 1654 mundi
958 1627 1053 1661 corde,

260 1674 288 1701 iu
302 1673 533 1709 propinquitatem
545 1673 653 1700 Domini
673 1677 794 1705 evectos,
811 1677 903 1700 manet
917 1678 1056 1709 perpetua),

261 1719 674 1754 contemplationis.restitutio,
696 1723 723 1746 et
743 1719 856 1747 deorum
882 1721 1056 1755 appellantur

262 1765 383 1797 nomine,
399 1766 444 1800 qui
466 1765 494 1792 in
518 1764 615 1792 iisdem
639 1765 751 1793 sedibus
774 1770 838 1793 sunt
864 1767 1001 1799 collocati,
1027 1768 1056 1796 in

262 1810 363 1845 quibus
381 1811 426 1837 alii
437 1810 475 1837 dii
490 1810 536 1846 qui
549 1815 612 1838 sunt
626 1811 705 1846 primi
722 1812 775 1839 sub
792 1811 939 1841 Servatore
953 1814 1057 1843 consti-

263 1857 325 1885 tuti.
342 1856 391 1885 Est
415 1864 481 1892 ergo
505 1857 636 1893 cognitio,
651 1858 729 1885 velox
754 1858 788 1885 ad
810 1860 1011 1894 purgationem.
1029 1863 1057 1888 et

263 1907 326 1938 apta
339 1903 373 1930 ad
388 1903 460 1930 illam
477 1908 616 1938 acceptam
632 1904 811 1931 mutationem
821 1905 848 1932 in
858 1905 965 1934 melius.
979 1904 1058 1934 Unde

262 1951 344 1977 etiam
362 1950 442 1978 facile
460 1950 583 1979 traducit
602 1950 636 1977 ad
654 1951 681 1978 id
696 1951 769 1986 quod
784 1954 827 1979 est
846 1952 945 1980 animm
956 1960 1058 1988 cogna-

262 2000 320 2023 tum
341 2003 374 2023 ac
388 1995 510 2027 divinum
527 1999 555 2023 et
567 1999 706 2028 sanctum,
722 1999 750 2023 et
767 2004 816 2032 per
833 1997 976 2031 cujusdam
993 2004 1058 2032 pro-

261 2043 315 2079 prii
333 2043 446 2071 luminis
464 2043 597 2079 mysticus
619 2042 761 2078 profectus
782 2044 944 2072 transmittit
968 2043 1058 2072 homi-

1101 289 1172 322 στὸς,
1204 290 1218 317 ὅ
1241 298 1271 316 τε
1296 289 1420 324 θεμέλιος
1445 288 1461 323 ἦ
1481 296 1511 314 τε
1534 286 1706 322 ὲποικοδομὴ,
1729 286 1763 313 δι’
1786 283 1817 312 οὗ
1845 286 1895 312 καὶ

1100 337 1117 371 ἡ
1136 336 1206 372 ἀρχὴ
1232 337 1278 362 καὶ
1301 335 1335 362 τὰ
1359 335 1432 370 τέλη.
1465 334 1521 361 Καὶ¹
1548 333 1583 360 τὰ
1614 333 1663 368 μὲν
1694 333 1767 368 ἄκρα
1793 332 1824 358 οὺ
1856 331 1897 358 ενι-

1100 381 1247 412 δὰσκεται,
1271 382 1329 416 ἥτε
1343 380 1415 417 ἀρχὴ
1445 379 1494 406 καὶ
1518 378 1549 406 τὺ
1572 378 1664 410 τέλος·
1701 378 1795 409 πίστις
1820 377 1896 411 λέγω

1101 428 1148 454 καὶ
1181 429 1197 463 ὴ
1233 427 1344 462 ἀγάπη·
1380 427 1396 462 ἡ
1427 426 1529 461 γνῶσις
1563 425 1610 456 δὲ,
1649 425 1680 451 ἐκ
1716 424 1897 460 παραδόσεως

1100 474 1272 509 διαδιδομένη
1301 473 1372 501 κατὰ
1397 474 1475 510 χάριν
1499 473 1578 505 Θεοῦ,
1605 473 1668 503 τοὺς
1698 471 1791 504 ἀξίους
1823 470 1898 504 σφᾶς

1101 521 1213 552 ἑαυτοὺς
1231 520 1281 556 τῆς
1297 520 1469 552 διδασκαλίας
1482 519 1684 555 παρεχομένους
1693 515 1750 544 οἷον
1770 525 1899 552 παρακα-

1101 566 1205 602 ταθήκη
1225 565 1423 606 ἐγχειρίζεται,
1442 565 1488 600 ἀφ’
1507 562 1541 600 ἧς
1553 563 1583 590 τὸ
1594 564 1644 599 τῆς
1658 562 1771 597 ἀγάπης
1788 561 1899 594 ἀξίωμα

1102 613 1255 648 ἐκλάμπει,
1280 613 1312 639 ὲκ
1334 611 1423 646 φωτὸς
1445 612 1485 643 είς
1507 610 1573 645 φῶς.
1597 610 1712 645 Εἴρηται
1732 607 1801 643 γὰρ,
1827 617 1835 632 ι
1853 607 1899 641 Τῷ

1102 659 1191 695 ἔχοντι
1202 658 1416 694 προστεθήσεται
1428 657 1494 693 (16)·
1511 667 1521 682 ι
1531 658 1563 692 τῇ
1580 656 1628 691 μὲν
1639 655 1740 686 πίστει,
1756 655 1774 689 ἡ
1786 652 1900 687 γνῶσις·

1101 706 1135 740 τῇ
1153 704 1181 731 δὲ
1199 703 1309 738 γνῶσει,
1326 703 1455 739 ἡᾰγάπη·
1473 704 1507 738 τῇ
1521 702 1616 738 ἀγάπῃ
1631 701 1668 732 δὲ,
1683 702 1700 735 ἡ
1717 699 1898 735 κληρονομία.

1103 749 1208 776 Γίνεται
1221 749 1249 776 δὲ
1263 748 1352 780 τοῦτο,
1371 748 1445 775 ὀπάέ
1462 748 1494 775 ἄν
1506 756 1548 779 τις
1561 745 1703 782 κρεμασθῇ
1725 744 1773 770 τοῦ
1796 743 1900 779 Κυρίου

1102 796 1146 827 διά
1160 804 1189 822 τε
1207 796 1334 828 πίστεως,
1351 795 1396 823 διά
1410 803 1439 821 τε
1452 793 1590 829 γνώσεως,
1603 793 1646 820 διά
1658 801 1688 819 τε
1706 791 1834 826 ἀγάπης,
1853 790 1900 816 καὶ

1104 845 1239 880 συναναϐῇ
1259 843 1334 879 αὐτῷ
1352 842 1416 869 ἔνθα
1432 841 1506 868 ἐστὶν
1521 841 1535 866 ὁ
1551 840 1600 875 τῆς
1615 839 1734 870 πίστεως
1753 838 1836 874 ἡμῶν
1855 837 1901 863 καὶ

1104 891 1214 927 ἀγάπης
1235 891 1302 922 Θεὸς
1323 889 1372 916 καὶ
1393 887 1519 923 φρουρός·
1542 886 1603 913 ὅθεν
1617 886 1663 913 ἐπὶ
1678 885 1751 912 τέλει
1766 886 1785 920 ἡ
1800 884 1902 919 γνῶσις

1106 937 1282 974 παραδίδοται
1296 937 1352 968 τοῖς
1363 936 1404 967 είς
1421 933 1499 961 τοῦτο
1511 932 1673 968 ἐπιτηδείοις
1685 932 1733 958 καὶ
1751 931 1902 966 ὲγκρίτοις,

1105 984 1148 1011 διὰ
1162 983 1207 1011 τοῦ
1222 983 1341 1014 πλείονος
1362 980 1538 1017 παρασκευῆς
1559 979 1606 1008 καὶ
1625 977 1838 1014 προγυμνασίας
1853 977 1904 1003 δεῖ-

1106 1030 1168 1061 σθαι
1183 1029 1231 1056 καὶ
1245 1029 1314 1065 πρὸς
1326 1029 1355 1055 τὸ
1367 1027 1476 1054 ἀκούειν
1490 1026 1544 1053 τῶν
1554 1025 1718 1060 λεγομένων,
1732 1023 1782 1050 καὶ
1803 1024 1843 1054 εἰς
1857 1031 1904 1048 κα-

1106 1077 1238 1113 ταστολὴν
1255 1077 1322 1112 βίου,
1340 1076 1387 1103 καὶ
1406 1077 1447 1107 είς
1462 1075 1492 1101 τὸ
1506 1074 1552 1101 ἐπὶ
1571 1073 1652 1100 πλέον
1670 1072 1720 1108 τῆς
1732 1070 1809 1098 κατά
1822 1071 1903 1105 νόμον

1106 1124 1279 1159 δικαιοσύνης
1316 1123 1378 1150 κατ’
1404 1122 1545 1149 ἐπίστασιν
1570 1117 1796 1156 προεληλυθέναι.
1828 1116 1902 1150 Αὕτη

1106 1171 1174 1206 πρὸς
1191 1169 1265 1201 τέλος
1282 1169 1343 1203 ἄγει
1359 1169 1389 1195 τὸ
1401 1167 1579 1201 ἀτελεύτητον
1593 1164 1641 1192 καὶ
1651 1164 1762 1195 τέλειον,
1772 1162 1901 1198 προδιξά-

1107 1226 1210 1244 σκουσα
1225 1217 1274 1252 τὴν
1291 1216 1422 1252 ἐσομένην
1435 1215 1499 1250 ἡμῖν
1517 1213 1587 1240 κατὰ
1603 1212 1668 1239 Θεὸν
1682 1211 1751 1248 μετὰ
1765 1210 1838 1237 θεῶν
1849 1209 1901 1245 (17)

1106 1264 1222 1295 δίαιταν,
1240 1262 1428 1290 ἀπολυθέντων
1445 1260 1523 1296 ἡμῶν
1535 1259 1670 1291 κολάσεως
1681 1258 1736 1294 (18)
1750 1258 1799 1285 καὶ
1817 1266 1903 1292 τιμω-

1107 1310 1168 1346 ρίας
1192 1310 1312 1345 ἀπάσης,
1329 1308 1362 1340 ἃς
1380 1309 1412 1334 ὲκ
1427 1306 1481 1333 τῶν
1498 1305 1704 1341 ἁμαρτημάτων
1721 1305 1760 1336 εἰς
1778 1303 1903 1330 παιδείαν

1107 1355 1278 1390 ὑπομένομεν
1302 1354 1450 1389 σωτήριον·
1473 1351 1531 1387 μεθ’
1549 1352 1583 1386 ἣν
1600 1350 1792 1385 ἀπολύτρωσιν
1809 1348 1840 1375 το
1857 1348 1901 1382 γέ-

1109 1410 1158 1437 ρας
1180 1401 1227 1428 καὶ
1249 1401 1277 1426 αἱ
1300 1399 1378 1435 τιμαὶ
1395 1397 1576 1425 τελειωθεῖσιν
1593 1395 1774 1427 ἀποδίδονται,
1795 1403 1901 1421 πεπαν-

1109 1447 1198 1483 μένοις
1217 1446 1265 1482 μὲν
1282 1446 1330 1480 τῆς
1347 1444 1517 1480 καθάρσεως,
1536 1442 1721 1476 πεπαυμένοις
1740 1440 1768 1467 δὲ
1785 1440 1835 1467 καὶ
1849 1441 1902 1466 λει-

1107 1493 1235 1529 τουργίας
1247 1493 1295 1527 τῆς
1309 1491 1402 1526 ἄλλης,
1414 1490 1464 1517 κᾶν
1476 1489 1542 1524 ἁγία
1554 1487 1633 1524 ᾖ-καὶ
1645 1490 1674 1515 ὲν
1687 1487 1775 1522 ἁγίοις
1786 1495 1792 1501 ·
1809 1486 1902 1513 ἔπειτα

1107 1539 1237 1575 καθαροῖς
1254 1539 1286 1574 τῇ
1303 1536 1402 1573 καρδίᾳ
1417 1535 1471 1571 (19)
1488 1534 1644 1569 γενομένοις
1663 1532 1733 1559 κατὰ
1755 1532 1785 1558 τὸ
1804 1539 1902 1567 amas-

1070 1601 1091 1629 ο
1107 1583 1154 1619 χὲς
1171 1583 1216 1610 τοῦ
1230 1582 1332 1618 Κυρίου
1347 1580 1496 1616 προσμένει
1513 1581 1546 1614 τῇ
1565 1578 1666 1614 θεωρίᾳ
1739 1577 1818 1629 αῑδίῳ
1834 1578 1902 1629 dm:

1108 1629 1291 1660 κατάστασις·
1311 1628 1358 1654 καὶ
1375 1626 1431 1653 θεοὶ
1448 1626 1497 1663 τὴν
1513 1625 1701 1662 προσηγορίαν
1717 1623 1868 1659 κέκληνται
1881 1623 1902 1648 οἱ

1110 1675 1247 1713 σύνθρονοι
1264 1675 1317 1702 τῶν
1334 1674 1420 1702 ἄλλων
1433 1673 1502 1700 θεῶν
1519 1672 1572 1700 τῶν
1590 1672 1642 1699 ὑπὸ
1659 1671 1697 1706 τῷ
1708 1671 1816 1706 Σωτῆρι
1829 1669 1904 1705 πρώ-

1107 1731 1162 1749 των
1179 1722 1352 1757 τεταγμένων
1369 1720 1555 1756 γενησόμενοι.
1570 1718 1671 1754 Ταχεία
1687 1718 1777 1745 τοίνυν
1795 1719 1835 1748 εἰς
1855 1717 1902 1743 κᾶ-

1109 1769 1204 1805 θαρσιν
1221 1768 1276 1804 (20)
1300 1767 1410 1802 γνῶσις,
1428 1766 1476 1793 καὶ
1500 1765 1651 1801 ἐπιτήδειος
1675 1765 1716 1796 εἰς
1738 1764 1788 1799 τὴν
1811 1764 1861 1790 ἐπὶ
1877 1762 1903 1789 τὸ

1109 1815 1231 1849 κρεῖττον
1253 1812 1450 1848 εύπρόσδεκτον
1469 1810 1628 1847 μεταϐολήν.
1642 1810 1723 1836 Ὅθεν
1740 1810 1788 1836 καὶ
1806 1809 1902 1844 ῥᾳδίως

1110 1861 1149 1892 εἰς
1166 1860 1196 1887 τὸ
1227 1859 1356 1894 συγγενὲς
1375 1859 1424 1894 τῆς
1440 1857 1530 1894 ψυχῆς
1549 1857 1620 1884 θεῖόν
1640 1865 1669 1884 τε
1693 1856 1742 1883 καὶ
1760 1857 1836 1890 ἆγιον
1859 1865 1902 1891 με-

1109 1905 1233 1937 τοικίζει,
1251 1905 1298 1932 καὶ
1314 1904 1357 1933 διά
1372 1913 1443 1935 τινος
1459 1903 1558 1933 οἰκείου
1577 1902 1664 1938 φωτὸς
1680 1901 1834 1933 διαϐιϐάζει
1859 1902 1903 1932 τὰς

1111 1951 1252 1988 προκοπὰς
1264 1951 1314 1983 τὰς
1333 1950 1465 1986 μυστικὰς
1480 1950 1534 1986 (21)
1552 1950 1597 1976 τὸν
1614 1949 1768 1984 ἄνθρωπον,
1779 1949 1862 1983 ἄχρις
1874 1948 1903 1974 ἂν

1109 1998 1149 2029 είς
1174 1997 1220 2024 τὸν
1243 1997 1388 2032 κορυφαῖον
1415 1995 1629 2031 ἀποκαταστήσῃ
1651 1995 1701 2030 τῆς
1723 1994 1903 2024 ἀναπαύσεως

1109 2043 1192 2070 τόπον
1215 2043 1260 2070 τὸν
1283 2042 1403 2078 καθαρὸν
1417 2041 1472 2078 (⁵22)
1491 2043 1524 2077 τῇ
1548 2040 1655 2077 καρδίᾳ,
1674 2040 1822 2076 πρόσωπον
1839 2039 1901 2075 11:)»;

300 2124 329 2154 ᾖ
347 2121 378 2148 Ρ.
398 2121 452 2149 865
468 2121 523 2148 ΕΙ).
545 2120 692 2154 POTTER,
715 2121 768 2149 7‘52
784 2120 840 2150 ΕΙ).
861 2119 974 2153 PARIS.
1015 2127 1027 2142 ι
1049 2120 1054 2148 1

1109 2142 1116 2148 .
1129 2129 1185 2154 nx,
1200 2120 1246 2148 26.

297 2199 353 2234 (l6)
376 2198 418 2232 Τῷ
429 2199 530 2234 ἔχοντι
545 2198 790 2233 προστεθήσεται.
812 2197 857 2233 Τῷ
874 2197 961 2233 ἔχοντι
976 2198 1054 2234 δοθή-

262 2243 350 2267 σεται,
367 2234 433 2262 Luc.
452 2242 508 2262 ωε.
523 2234 558 2261 26
574 2239 601 2261 et
619 2234 695 2261 alibi.

298 2259 354 2306 ί
745 2268 797 2306 Μςζ
805 2268 906 2300 Paris"
919 2269 990 2296 κατὰ
1002 2269 1055 2306 τῷν
1071 2259 1093 2286 D

262 2306 332 2333 θεῶν
346 2304 420 2340 ’μετὰ
436 2305 515 2333 θεῶν.
531 2304 611 2333 Coni.
628 2305 756 2340 superius
779 2304 911 2339 Protrept.
929 2313 989 2339 pag.
1007 2305 1052 2336 88,

264 2345 323 2368 not.
342 2345 367 2368 Ἰ.

263 2411 284 2441 Ρ
299 2376 355 2416 (f8)
375 2375 544 2409 Κολάσεως.
565 2374 645 2403 Conf.
662 2374 762 2403 Strom.
785 2383 824 2407 vi,
845 2383 907 2410 pag.
921 2375 973 2402 668
987 2375 1053 2403 edit.

286 2419 352 2438 aris.

286 2419 352 2438 arts.

300 2446 357 2479 (i9)
379 2446 525 2479 Καθαροῖς
536 2445 574 2479 τῇ
587 2445 702 2479 καρδίᾳ.
721 2445 843 2481 Respicit
855 2446 951 2473 Matth.
963 2454 990 2477 v,
1007 2445 1033 2475 8.

299 2481 356 2516 (20)
376 2481 541 2514 Κάθαρσιν.
561 2481 703 2516 Platonem
720 2481 772 2508 hoc
785 2483 843 2508 loco
858 2482 983 2516 sequitur
999 2481 1057 2507 Cle-

264 2524 353 2543 mens.
372 2516 466 2543 Refert
492 2517 566 2543 enim
590 2515 678 2546 Plato,
703 2515 1056 2550 pessimorum’hominum

266 2552 383 2583 animas,
400 2551 493 2578 statim
518 2558 550 2578 ac
574 2558 589 2578 e
613 2558 729 2585 corpore
753 2551 882 2583 exierint,
899 2551 926 2578 in
942 2550 1056 2578 Tartara

265 2586 348 2617 mitti.
365 2593 505 2622 nunquam
521 2593 698 2622 egressuras;
715 2594 772 2616 eas.
789 2587 817 2613 in
831 2587 931 2622 quibus
948 2586 1057 2612 virtutis

264 2622 380 2656 vitiique
394 2620 496 2655 aliquid
511 2620 657 2649 admistum
674 2625 726 2653 est,
746 2622 831 2648 variis
840 2620 1057 2656 purgationibus

265 2656 436 2692 puriﬁcatas.
453 2656 562 2683 tandem
580 2656 766 2692 inrbeatorum
782 2656 861 2684 sedes
877 2656 1013 2689 transire;
1030 2660 1058 2682 at

266 2691 327 2727 quae
342 2700 389 2727 per
401 2691 600 2727 philosophiam
613 2691 639 2717 in
652 2691 703 2717 hac
714 2691 768 2717 vita
781 2695 934 2726 repurgata:
944 2691 1054 2727 fuerint,

266 2725 471 2763 quamprimum
486 2733 501 2752 a
513 2725 744 2763 'corporemsorlutzg
754 2725 830 2763 sint,
848 2734 981 2763 summam
992 2725 1058 2763 feli-

266 2760 377 2790 citatem
393 2761 535 2796 consequi.
548 2760 610 2788 llaec
621 2761 665 2788 ille
680 2762 706 2787 in
725 2760 856 2788 thdonc
872 2769 898 2796 p.
915 2761 950 2788 84
964 2770 970 2788 :
984 2762 1015 2788 Οἱ
1028 2761 1056 2796 δὲ

266 2798 299 2834 δὴ
315 2797 347 2825 ἂν
363 2797 459 2830 δόξωσι
469 2794 657 2834 διαφερόντως
674 2796 742 2834 πρὸς
758 2797 787 2823 τὸ
802 2794 882 2834 ocimi
901 2796 1006 2834 βιῶναι,
1018 2794 1058 2824 οὗ·

267 2831 308 2860 τοί
325 2834 393 2860 εἰσιν
409 2834 433 2859 oi
447 2831 531 2859 τῶνδε
543 2831 592 2868 μὲν
609 2831 668 2868 τῶν
682 2832 771 2858 τόπων
786 2831 839 2868 τῷν
853 2833 882 2858 ὲν
895 2833 931 2868 τῇ
940 2833 974 2867 γῇ
987 2832 1059 2858 ὲλευ-

268 2867 426 2904 θερούμενοί
437 2876 472 2904 τε
489 2868 536 2894 καὶ
550 2867 793 2904 ᾀπαλλγαττομενοι,
812 2867 907 2904 ὥσπερ
921 2867 1058 2904 δεσμωτη-

271 2902 418 2937 ρίωνίᾶνω
434 2903 461 2930 δὲ
477 2903 515 2936 εἱς
531 2903 580 2939 τὴν
598 2902 719 2939 καθαρὰν
736 2903 841 2938 οἴκησιν
854 2902 1056 2939 ἀφικνούμενοι,

1108 2198 1156 2226 καὶ
1174 2199 1220 2224 ἐπὶ
1236 2199 1288 2234 γῆς
1304 2198 1479 2234 οίκιζὸμενοι.
1497 2198 1606 2224 Τουτων
1628 2198 1657 2224 δὲ
1680 2197 1772 2234 αὐτῶν
1788 2197 1899 2234 οῑ-φιλος

1109 2234 1189 2268 σοφίᾳ
1207 2231 1306 2265 ἱκανῶς
1323 2231 1509 2269 καθῃράμενοι
1521 2233 1586 2260 ἄνευ
1603 2233 1786 2269 τεγσωμάτων
1798 2231 1900 2269 ζῶσιτδ

1108 2263 1237 2311 παράπαν
1255 2263 1353 2311 εἱςξτὸν
1369 2263 1587 2311 ἔπειτα-χρόνον,
1601 2268 1652 2311 ’καλ
1668 2263 1708 2299 εἰς
1724 2263 1850 2309 οἰκήσεις
1866 2268 1900 2293 ἑτι

1108 2303 1209 2330 τούτων
1227 2303 1351 2335 καλλίους
1367 2303 1558 2338 ἀφικνοῦνται·
1574 2313 1584 2329 ι
1599 2303 1650 2336 Qui
1671 2307 1763 2329 autem
1786 2303 1833 2337 pie
1852 2310 1900 2338 pra!

1108 2339 1215 2366 caeteris
1232 2339 1335 2366 vixisse
1351 2339 1539 2370 inveniuntur,
1554 2338 1580 2365 hi
1596 2342 1660 2365 sunt
1676 2338 1724 2373 qui
1739 2346 1773 2365 ex
1790 2339 1835 2365 his
1850 2344 1899 2365 ler-

1110 2375 1182 2401 renis
1198 2374 1265 2401 locis
1280 2378 1409 2408 tanquam
1425 2382 1440 2401 e
1455 2382 1567 2401 carcere
1581 2374 1674 2405 soluti,
1687 2377 1772 2408 atque
1783 2373 1898 2402 liberali,

1108 2410 1142 2436 ad
1167 2410 1264 2436 altiora
1284 2410 1492 2441 transcendunt,
1521 2416 1671 2443 puramque
1692 2417 1777 2443 supra
1803 2413 1898 2436 terram

1109 2445 1233 2472 habitant
1257 2445 1407 2479 regionem.
1423 2445 1495 2472 lnter
1510 2444 1560 2472 has
1574 2449 1664 2471 autem
1678 2445 1843 2478 quicunque
1858 2451 1898 2471 sa-

1108 2481 1144 2507 tis
1160 2487 1208 2514 per
1222 2479 1419 2515 philosophiam
1435 2480 1543 2514 purgati
1566 2484 1639 2510 sunt,
1657 2479 1763 2514 absque
1778 2480 1899 2514 corpori-

1108 2515 1160 2542 bus
1175 2515 1287 2541 omnino
1302 2519 1387 2541 totum
1400 2523 1448 2549 per
1464 2518 1572 2549 tempus
1583 2515 1689 2543 vivunt.
1708 2515 1898 2541 habitationes-

1108 2558 1172 2584 que,
1190 2550 1232 2577 his
1246 2550 1328 2577 etiam
1343 2549 1514 2584 pulchriores
1532 2550 1743 2577 nanciscuntur.
1760 2560 1771 2575 ›
1788 2549 1897 2585 Reliqua

1108 2586 1145 2612 ibi
1158 2585 1244 2612 videri
1258 2589 1397 2620 poterunt.

1144 2620 1184 2653 (2|
1192 2621 1200 2655 )
1208 2619 1366 2650 Διαέιϐἁζει
1375 2620 1428 2652 τὰς
1435 2620 1589 2654 προκοπὰς
1597 2620 1650 2653 τὰς
1655 2619 1812 2655 μυστικάς
1834 2619 1898 2654 Lege

1109 2655 1252 2691 προκοπῆς
1276 2655 1479 2691 ῆςνμυστικῆς
1505 2655 1658 2688 διαόιὸάζει
1677 2656 1724 2682 τὸν
1745 2655 1894 2690 ἄνθρωπον.

1109 2690 1362 2718 wa-ru.—Alludit
1373 2694 1469 2717 auctor
1483 2691 1516 2718 ad
1532 2691 1621 2717 varias
1637 2691 1698 2718 illas
1710 2691 1896 2720 lustratioues.

1109 2734 1179 2760 quas
1200 2731 1276 2753 certo
1299 2726 1395 2752 ordine
1410 2726 1549 2757 subibant,
1567 2727 1612 2761 qui
1630 2726 1739 2755 Cereris
1757 2726 1897 2753 Eleusiniae

1111 2761 1240 2795 mysteria
1255 2760 1415 2787 ἐποπτεύειν
1429 2760 1596 2796 cupiebant’:
1613 2762 1647 2789 de
1663 2762 1766 2796 quibus
1781 2762 1847 2788 alibi
1861 2761 1897 2787 di-

1111 2802 1184 2857 optum
1204 2800 1256 2824 est.
1274 2797 1354 2823 Cont‘.
1374 2795 1474 2824 Strom.
1492 2797 1539 2824 lib.
1556 2805 1591 2828 v1,
1607 2795 1750 2832 pag.’667,
1767 2797 1822 2824 668
1837 2797 1893 2823 edn.

1133 2839 1198 2857 aris.

1133 2839 1198 2859 al'lS.

1146 2867 1202 2903 (22)
1226 2867 1280 2894 Τὸν
1306 2868 1444 2900 καθαρόν.
1466 2867 1614 2903 Conjuuxit
1639 2871 1738 2895 auctor
1763 2867 1857 2894 Matth.
1872 2873 1892 2895 ν.

1111 2903 1137 2936 8,
1152 2907 1179 2930 et
1194 2903 1204 2929 l
1218 2903 1280 2931 Cor.
1296 2911 1355 2937 xui,
1376 2903 1416 2930 l2.
