1933 3075
58 122 115 149 485

694 124 910 153 STROMATUM
927 125 990 153 LIB.
1013 124 1069 154 VII.

1648 129 1701 157 486

59 180 213 216 διείληφεν,
229 182 272 213 ὡς
293 181 327 209 ἂν
348 182 421 209 θείαν
444 182 571 218 χωρήσας
594 181 650 217 (57)
677 182 848 210 διδασκαλίαν

910 183 957 218 qui
983 183 1103 210 divinam
1128 183 1266 218 acceperit
1289 183 1454 212 doctrinam.
1470 184 1555 213 Facto
1572 186 1654 221 igitur
1667 188 1704 215 ab

66 227 241 262 Ἀρξέιμενὸς
269 229 295 262 γ’
313 227 360 255 οὖν
386 229 417 256 ἐκ
440 228 487 255 τοῦ
512 228 661 265 θαυμάζειν
686 229 736 265 τὴν
760 229 859 260 κτίσιν,

58 271 166 307 δεῖγμα.
185 273 233 299 τοῦ
258 273 389 300 δύνασθαι
407 273 499 300 λαϐεῖν
512 273 560 309 τὴν
577 274 677 308 γνῶσιν
690 274 810 309 κομίζων
822 273 861 300 of-

58 316 144 343 κοθεν
161 317 303 353 πρόθυμος
318 319 440 355 μαθητὴς
451 319 497 345 τοῦ
512 319 614 355 Κυρίου
628 320 731 354 γίνεται
740 327 746 333 ⁸
759 319 860 351 εὐθέως

57 362 88 388 δὲ
105 362 240 396 ἀκούσας,
253 363 320 390 Θεόν
342 373 371 391 τε
391 365 438 391 καὶ
452 365 580 400 πρόνοιαν
593 364 753 391 ἐπίστευσεν
772 364 802 397 ἐξ
822 363 860 393 ὧν

53 403 361 448 ὲθαύμασεν.Ὲνθενδε
377 409 424 440 οἷν
438 411 606 447 ὁρμώμενος,
622 412 654 438 ὲκ
675 412 775 443 παντὸς
795 412 859 446 τρό-

53 468 111 485 που
129 462 260 494 συνεργεῖ
275 460 343 494 πρὸς
354 461 402 495 τὴν
419 460 545 495 μάθησιν,
561 458 638 486 πάντ’
651 459 742 484 ἐκεῖνα
759 457 854 489 ποιῶν,

52 506 90 531 δι’
105 503 146 532 ὧν
169 507 264 532 λαϐεῖν
284 506 428 542 δυνήσεται
442 507 491 541 τὴν
503 506 602 540 γνῶσιν
615 503 653 532 ὧν
671 504 764 532 ποθεῖ·
778 504 858 535 πόθος

51 553 83 579 δὲ
118 552 196 579 κατὰ
225 553 367 588 προκοπὴν
392 553 509 584 πίστεως
533 553 589 588 ἅμα
612 551 725 588 ζητήσει
746 550 858 587 κραθεὶς

53 598 242 624 συνίσταται·
265 598 295 624 τὸ
315 598 337 624 δ’
350 599 423 625 ἐστὶν
439 598 512 631 ἄξιον
526 597 650 632 γενέσθαι
662 597 711 632 τῆς
724 596 858 630 τοσαύτης

51 644 106 670 καὶ
119 643 290 679 τηλικαύτης
301 643 426 679 θεωρίας.
438 644 530 675 Οὕτως
543 643 669 677 γεύσεται
680 641 727 668 τοῦ
740 641 802 676 θελή
807 649 859 676 μα-

49 697 102 721 τος
115 689 166 715 τοῦ
188 688 257 715 Θεοῦ
278 690 292 715 ὁ
314 690 462 723 γνωστικός
474 697 481 704 θ
503 689 532 715 οὺ
547 687 601 724 γὰρ
616 687 665 720 τὰς
678 687 773 720 ἀκοὰς,
789 687 856 714 ἀλλὰ

49 732 106 768 τὴν
119 731 214 767 ψυχὴν
227 732 376 768 παρίστησι
390 734 446 764 τοῖς
459 733 510 759 ὑπὸ
527 733 580 759 τῶν
595 732 747 768 λεγομένων
764 732 857 767 δηλου-

50 779 154 813 μένοις
181 778 350 814 πράγμασιν.
364 779 462 810 Οὐσίας
474 779 562 805 τοίνυν
581 779 628 805 καὶ
649 778 684 805 τὰ
705 778 855 814 πράγματα

49 824 130 851 αὐτὰ
155 825 325 860 παραλαϐὼν
350 825 394 851 διὰ
419 824 473 852 τῶν
492 825 587 859 λόγων,
603 824 716 856 εἰκότως
739 824 786 850 καὶ
807 824 855 859 τὴν

48 871 148 906 ψυχὴν
171 871 221 897 ἐπὶ
237 871 271 897 τὰ
289 870 381 897 δέοντα
404 871 480 905 ἄγει·
500 871 529 896 τὸ
553 879 562 895 ι
577 871 622 906 Μὴ
640 869 794 906 μοιχεύσῃς,
808 869 854 904 Μὴ
873 865 892 892 Β

49 917 198 952 φονεύσῃς
214 916 284 951 (58),
300 926 309 941 ι
334 916 404 948 ἰδίως
429 916 606 951 ἐκλαμϐάνων
628 916 666 948 ὡς
687 916 792 951 εἴρηται
814 916 854 950 τῷ

48 962 217 997 γνωστικῷ,
239 962 288 997 οὐχ
313 963 350 994 ὡς
377 962 451 998 παρὰ
471 963 526 993 τοῖς
557 962 645 993 ἄλλοις
676 962 852 997 ὑπείληπται.

50 1010 209 1045 Πῴσεισιν
237 1009 294 1044 (59)
311 1007 356 1035 οὖν
383 1009 619 1047 ἐγγυμκριζόμενος
641 1010 674 1043 τῇ
702 1009 852 1044 ἐπιστημο-

48 1057 116 1090 νικῇ
132 1055 244 1090 θεωρίᾳ
254 1055 294 1086 εἰς
305 1054 336 1080 τὸ
347 1054 559 1091 ἐναγωνίσασθαι
574 1055 629 1085 τοῖς
639 1053 853 1089 καθολικώτερον

48 1103 100 1129 καὶ
117 1101 414 1138 μεγαλοπρεπέστερον
427 1100 597 1136 εἰρημένοις-
617 1099 694 1132 εἰδὼς
714 1098 743 1127 εὖ
769 1100 851 1135 μάλα,

46 1151 91 1176 ὅτι
116 1159 126 1175 ι
143 1150 160 1175 ὁ
181 1149 316 1175 διδάσκων
331 1148 471 1184 ἄνθρωπον
492 1147 601 1181 γνῶσιν,
615 1157 623 1172 ι
639 1146 710 1173 κατὰ
722 1147 767 1174 τὸν
781 1148 852 1182 Προ-

46 1199 156 1232 φήτην,
165 1195 274 1231 Κύριός
286 1195 369 1227 ἐστιν,
377 1195 421 1221 διὰ
427 1195 559 1230 στόματος
569 1194 737 1230 ἀνθρωπίνου
749 1193 851 1229 Κύριος

45 1244 190 1280 ἐνεργῶν.
204 1242 299 1279 Ταύτῃ
323 1243 368 1269 καὶ
390 1242 477 1277 σάρκα
498 1241 649 1277 ἀνείληφεν.
664 1241 783 1272 Εἰκότως
805 1239 851 1266 οὖν

45 1290 188 1317 οὐδέποτε
200 1288 232 1314 τὸ
243 1288 292 1323 ἡδὺ
309 1287 362 1323 πρὸ
381 1286 427 1312 τοῦ
446 1286 628 1322 συμφέροντος
643 1286 762 1320 αἱρεῖται
773 1293 780 1299 ⁸
797 1283 850 1310 οὐδ’

44 1337 80 1363 ἂν
94 1334 276 1371 προκαλῆται
287 1333 366 1359 αὑτὸν
386 1332 456 1358 κατά
469 1340 529 1358 τινα
543 1331 700 1367 περίστασιν
714 1338 852 1366 προκατα-

44 1383 198 1419 ληφθέντα
218 1378 364 1416 ἑταιρικῶς
385 1378 564 1414 ἐκϐιαζομένη
585 1378 673 1414 ὡραία
691 1379 775 1414 γυνή·
790 1378 851 1404 ἐπεὶ

46 1431 121 1466 μηδὲ
141 1430 194 1456 τὸν
215 1430 316 1464 Ἰωσὴφ
338 1428 472 1463 παράγειν
485 1427 535 1462 τῆς
547 1427 697 1457 ἔνο-τάσεως
712 1425 819 1460 ἴσχυσεν
833 1426 849 1461 ἡ

41 1478 94 1505 τοῦ
109 1477 254 1504 δεσπότου
267 1476 351 1510 γυνή’
365 1473 516 1501 ἀπεδύσατο
529 1473 556 1500 δὲ
567 1474 634 1508 αὐτῇ
650 1473 718 1507 πρὸς
734 1471 793 1507 βίαν
806 1480 852 1498 κα-

40 1524 172 1559 τεχοὺσῃ
186 1521 235 1548 τὸν
249 1520 359 1556 χιτῶνα,
372 1520 473 1555 γυμνὸς
487 1520 535 1554 μὲν
552 1519 601 1554 τῆς
618 1518 755 1554 ἁμαρτίας
773 1518 849 1552 γενό-

44 1579 145 1607 μενος,
153 1569 188 1595 τὸ
201 1568 314 1603 κόσμιον
324 1567 352 1592 δὲ
362 1566 408 1592 τοῦ
420 1565 500 1601 ἤθους
512 1564 746 1600 περιϐαλλόμενος.
757 1565 789 1590 Εἰ
797 1564 850 1600 γὰρ

42 1621 69 1646 οἱ
92 1618 146 1644 τοῦ
163 1616 299 1642 δεσπότου
311 1614 445 1649 ὀφθαλμοὶ
460 1613 509 1648 οὑχ
523 1612 626 1649 ἑώρων,
639 1612 685 1639 τοῦ
701 1612 850 1646 Αἰγυπτίου

40 1665 133 1698 λέγω,
149 1663 200 1689 τὸν
216 1662 326 1696 Ἰωσὴφ,
341 1660 396 1687 ἀλλ’
408 1660 465 1694 οἵγε
481 1659 527 1686 τοῦ
547 1659 766 1695 παντοκράτορος
785 1660 850 1685 ἐπε-

42 1711 187 1737 σκόπουν.
199 1708 294 1742 Ἡμεῖς
309 1706 358 1742 μὲν
371 1706 424 1741 γὰρ
436 1706 486 1741 τῆς
498 1705 590 1740 φωνῆς
603 1705 746 1740 ἀκούομεν,
759 1705 806 1731 καὶ
817 1704 851 1731 τὰ

42 1758 172 1792 σώματα
192 1755 349 1791 θεωροῦμεν
361 1762 368 1768 ·
380 1755 394 1780 ὁ
404 1754 469 1785 Θεὸς
482 1754 510 1780 δὲ
523 1754 553 1780 τὸ
567 1754 682 1789 πρᾶγμα
700 1753 746 1788 ἀφ’
760 1750 789 1779 οὗ
802 1752 850 1787 φέ-

42 1813 131 1841 ρεται
158 1803 192 1830 τὺ
216 1803 315 1837 φωνεῖν
338 1802 385 1827 καὶ¹
406 1800 525 1836 βλέπειν,
545 1799 851 1833 ὲξετάζει.Ἀκολούοως

40 1852 115 1887 ἄρα,
133 1850 190 1877 κᾶν
215 1849 292 1879 νόσος
316 1847 380 1883 ἐπίῃ
402 1847 448 1874 καί
470 1856 495 1873 τι
519 1846 573 1873 τῶν
595 1845 794 1882 περιστατικῶν
810 1845 850 1880 τῷ

39 1895 213 1934 γνωστικῷ,
229 1895 276 1922 καὶ
298 1894 331 1930 δὴ
348 1894 463 1929 μάλιστα
483 1893 497 1919 ὁ
517 1892 704 1928 φοϐερώτατος
725 1891 848 1923 θάνατος,

39 1946 193 1980 ᾶτβπτος
213 1942 288 1977 μένει
313 1939 383 1967 κατὰ
406 1941 455 1975 τὴν
478 1939 578 1975 ψυχὴν,
602 1939 689 1965 πάντα
712 1938 790 1970 είδὼς
815 1938 849 1974 τὰ

39 1990 168 2019 τοιαῦτα
186 1988 305 2018 κτίσεως
316 1987 437 2021 ἀνάγκην
448 1984 527 2017 εἶναι,
536 1985 604 2012 ἀλλὰ
615 1986 662 2012 καὶ
674 1984 759 2016 οὕτως
771 1984 850 2011 δυνά-

43 2046 94 2072 μει
112 2035 166 2062 τοῦ
188 2033 258 2060 Θεοῦ
275 2033 419 2068 φάρμακον
431 2031 551 2066 γίνεσθαι
564 2031 710 2066 σωτηρίας,
724 2030 768 2057 διὰ
784 2039 848 2057 παι-

40 2083 124 2114 δείας
143 2081 211 2112 τοὺς
222 2079 408 2115 ἀπηνέστερον
423 2077 722 2114 μεταρῥυθμιζομένους
738 2076 849 2111 εὐεργε-

40 2129 162 2159 τοῦντα,
175 2126 246 2162 πρὸς
257 2125 306 2161 τῆς
318 2125 421 2160 ἀγαθῆς
431 2126 514 2156 ὅντως
526 2125 585 2151 κατ’
594 2123 670 2157 ἀξίαν
683 2123 847 2159 μεριζόμενα

42 2174 195 2211 πῳνοίας.
211 2169 359 2206 Χρὼμενος
381 2170 470 2197 τοίνυν
495 2171 550 2201 τοῖς
576 2169 703 2201 κτιστοῖς,
725 2168 798 2195 ὁπότ’
814 2168 846 2195 ἂν

41 2222 108 2257 ἐρεῖ
123 2218 185 2254 (40)
202 2217 297 2251 Λόγος,
312 2217 352 2248 εἰς
373 2216 433 2243 ὅσον
452 2216 518 2251 ἐρεῖ,
532 2215 601 2242 κατὰ
611 2215 660 2251 τὴν
674 2216 719 2242 ἐπὶ
730 2216 776 2242 τὸν
788 2215 846 2242 κτί-
862 2229 884 2257 D

41 2274 137 2294 σαντα
155 2263 344 2299 εὐχαριστίαν,
358 2263 405 2289 καὶ
419 2262 469 2297 τῆς
488 2262 661 2293 ἀπολαύσεως
682 2261 774 2297 κύριος
795 2270 846 2289 κα-

39 2315 190 2341 θίσταται.
207 2312 244 2338 Οὐ
261 2311 422 2346 μνησικακεῖ
441 2318 517 2341 ποτε,
533 2310 563 2336 οὑ
579 2310 735 2345 χαλεπαίνει
747 2309 844 2342 οὐδενὶ,

38 2359 96 2386 κᾶν
113 2358 217 2394 μίσους
231 2356 305 2389 ἄξιος
319 2356 440 2391 τυγχάνῃ
452 2356 492 2390 ἐφ’
502 2352 540 2387 οἷς
552 2355 743 2391 διαπράττεται
752 2363 758 2369 ·
772 2355 844 2381 σέϐει

38 2405 97 2442 μὲν
113 2403 174 2439 γὰρ
186 2402 234 2430 τὸν
242 2401 370 2437 Ποιητὴν,
379 2401 473 2436 ἀγαπᾷ
483 2400 510 2427 δὲ
522 2400 566 2426 τὸν
578 2400 703 2426 κοινωνὸν
715 2399 762 2426 τοῦ
775 2399 842 2433 βίου,

34 2450 199 2486 οἰκτείρων
215 2449 263 2475 καὶ
279 2447 494 2484 ὑπερευχόμενος
514 2446 596 2473 αὐτοῦ
617 2446 660 2473 διὰ
674 2446 723 2482 τὴν
736 2446 845 2480 ἄγνοιαν

35 2496 132 2526 αὑτοῦ
142 2504 148 2510 ·
167 2494 218 2521 καὶ
238 2493 271 2530 δὴ
284 2494 332 2521 καὶ
348 2493 502 2529 συμπάσχει
522 2492 562 2528 τῷ
582 2493 696 2528 σώματι,
712 2493 752 2529 τῷ
766 2493 844 2528 φύσει

912 228 1093 256 admiratione
1108 236 1201 256 rerum
1215 233 1369 257 creatarum
1391 230 1481 262 initio,
1498 234 1580 265 atque
1595 239 1629 258 eo
1643 232 1703 266 ipso

911 279 1017 302 certum
1034 275 1178 308 indicium,
1194 275 1268 310 quod
1290 275 1323 302 ad
1349 276 1552 310 percipiendam
1580 276 1616 304 sit
1642 277 1702 304 ido-

911 327 980 347 neus
994 320 1190 355 cognitionem,
1210 321 1291 347 domo
1304 328 1397 348 secum
1419 321 1546 354 aﬁ'erens,
1565 321 1594 349 ﬁt
1610 323 1703 350 alacer

910 369 937 392 et
950 370 1092 400 promptus
1107 365 1214 392 Domini
1235 366 1397 401 discipulus.
1415 366 1502 394 Simul
1517 375 1549 394 ac
1563 372 1653 395 autem
1667 369 1702 396 de

910 411 965 439 Deo
979 412 1074 439 audire
1088 412 1171 446 erepit
1188 419 1220 439 ac
1236 411 1269 439 de
1283 412 1467 446 providentia,
1483 413 1599 440 credidit
1617 421 1649 441 ex
1667 415 1701 442 iis

910 466 970 493 qua:
990 462 1034 485 est
1056 458 1218 485 admiratus.
1235 457 1304 485 liinc
1318 458 1453 493 impulsus
1468 460 1595 487 omnibus
1611 461 1701 488 modis

909 504 955 531 dat
969 511 1079 539 operam
1097 504 1261 538 disciplinm,
1278 504 1369 531 omnia
1392 512 1476 540 agens
1498 506 1598 540 quibus
1613 508 1701 541 possit

909 551 1035 586 accipere
1052 551 1236 586 cognitionem
1252 558 1347 578 eorum
1372 559 1432 586 qua:
1455 551 1602 579 desiderat.
1622 552 1701 580 Desi-

908 597 1014 625 derium
1040 601 1131 624 autem
1147 604 1196 632 per
1213 596 1365 632 profectum
1392 597 1464 630 ﬁdei,
1483 599 1612 626 consistit
1633 606 1700 626 eon-

908 647 1086 678 temperatnm
1110 651 1172 670 cum
1197 643 1435 678 inquisitione:id
1457 648 1548 672 autem
1573 649 1614 672 est
1639 645 1699 672 ﬁeri

907 689 1018 724 dignum
1035 689 1082 715 tali
1097 692 1226 723 tantaque
1243 690 1482 724 contemplatione.
1501 690 1547 718 Sic
1564 690 1611 719 Dei
1627 700 1696 727 gno-

907 735 994 763 sticus
1011 735 1131 770 gustabit
1144 735 1312 762 voluntatem
1329 745 1335 762 z
1355 743 1409 762 non
1426 743 1507 764 aures
1529 738 1602 764 enim
1627 746 1698 773 pra:-

907 781 962 813 bet,
976 781 1024 809 sed
1035 781 1167 813 animum,
1179 781 1262 808 rebus
1273 789 1333 816 qua:
1343 782 1534 816 signiﬁcantur
1546 783 1581 811 ab
1591 783 1625 812 iis
1637 779 1698 819 quaé

906 828 1045 855 dicuntur.
1064 827 1132 854 Cum
1150 835 1214 862 ergo
1231 827 1306 862 ipsas
1332 835 1423 854 rerum
1440 829 1576 856 essentias
1600 834 1628 857 et
1652 838 1697 858 res

906 874 980 909 ipsas
990 874 1126 908 aceeperit
1134 881 1182 909 per
1193 874 1286 906 verba,
1298 874 1397 901 merito
1411 876 1440 904 ἧς
1451 874 1570 901 animam
1587 883 1698 910 quoque

905 920 1016 947 deducit
1030 921 1064 948 ad
1079 927 1110 947 ea
1127 928 1188 955 qua:
1208 924 1324 955 oportet,
1342 920 1419 952 illud,
1441 929 1451 946 α
1465 919 1524 947 Non
1541 921 1697 949 mmchabe-

904 966 954 998 ris,
971 965 1031 993 Non
1046 966 1167 1001 ;occides
1176 972 1200 998 ι,
1220 976 1229 990 ι
1253 966 1384 1001 peculiari
1401 966 1482 994 modo
1505 967 1653 1002 accipiens,
1667 973 1697 995 ut

904 1012 1008 1039 dictum
1034 1016 1078 1040 est
1102 1013 1237 1047 gnostico,
1260 1020 1316 1039 non
1334 1016 1364 1039 ut
1384 1013 1419 1040 ab
1443 1013 1505 1041 aliis
1529 1013 1694 1048 concipitur.

902 1058 995 1094 Pergit
1011 1067 1076 1094 ergo
1089 1067 1119 1087 se
1134 1066 1266 1087 exercens
1283 1059 1517 1094 contemplatione
1532 1060 1694 1092 scientiﬁca,

903 1109 933 1132 ut
950 1105 1082 1141 paulatim
1109 1113 1218 1140 quoque
1234 1113 1264 1133 se
1280 1109 1406 1133 exerceat
1427 1105 1457 1133 in
1475 1106 1510 1133 iis
1532 1114 1594 1141 quae
1609 1107 1696 1142 magis

902 1152 1030 1179 universe
1045 1157 1072 1179 et
1087 1152 1308 1187 magniﬁcentius
1323 1151 1397 1178 dicta
1410 1155 1484 1184 sunt,
1501 1157 1575 1180 recte
1591 1153 1693 1185 sciens,

903 1198 975 1233 quod
989 1207 998 1223 ι
1009 1198 1055 1233 qui
1064 1198 1147 1226 docet
1157 1199 1296 1226 hominem
1308 1198 1453 1225 scientiam
1462 1199 1488 1232 ι’,
1503 1209 1512 1225 ι
1531 1203 1562 1226 ut
1576 1199 1614 1226 ait
1626 1198 1695 1226 Pro-

902 1245 994 1280 pheta,
1011 1249 1053 1272 est
1075 1244 1218 1276 Dominus,
1236 1252 1285 1279 per
1298 1252 1329 1271 os
1345 1244 1465 1272 hominis
1480 1244 1613 1272 Dominus
1627 1253 1694 1280 ope-

901 1298 978 1318 rans.
1003 1290 1067 1318 Ideo
1091 1298 1202 1318 carnem
1228 1297 1337 1325 quoque
1366 1290 1481 1325 accepit.
1508 1289 1603 1318 Merito
1628 1299 1694 1326 ergo

901 1344 1040 1371 nunquam
1051 1336 1204 1371 jucundum
1217 1336 1323 1371 praefert
1339 1336 1408 1368 utili,
1423 1343 1473 1363 nec
1488 1336 1512 1364 si
1523 1344 1589 1364 casu
1601 1338 1693 1373 aliquo

901 1382 1011 1409 invadat
1027 1390 1089 1409 eum
1106 1383 1317 1417 meretricioque
1334 1389 1410 1409 more
1426 1382 1496 1409 forte
1509 1382 1619 1410 fortuna
1630 1392 1694 1418 pro-

900 1433 980 1455 vocet
996 1427 1116 1456 formosa
1131 1429 1246 1456 mulier:
1262 1428 1390 1464 quoniam
1407 1428 1567 1464 necJoseph
1582 1430 1692 1464 quidem

901 1475 935 1501 ab
952 1475 1078 1502 instituto
1095 1475 1232 1502 abducere
1259 1475 1347 1509 potuit
1371 1482 1440 1501 uxor
1460 1474 1573 1501 domini.
1596 1475 1637 1502 Ab
1661 1483 1692 1503 ea

902 1525 992 1548 autem
1007 1521 1069 1549 exui
1084 1529 1113 1549 se
1130 1522 1294 1556 patiebatur,
1309 1529 1357 1556 per
1368 1522 1421 1548 vim
1435 1525 1544 1549 tenente
1557 1523 1690 1554 tunicam,

902 1571 931 1594 ut
947 1567 993 1602 qui
1009 1575 1024 1594 a
1037 1572 1148 1602 peccato
1165 1567 1274 1602 quidem
1296 1567 1378 1594 luerit
1393 1567 1524 1601 nudatus,
1540 1568 1691 1596 honestatis

901 1617 991 1640 autem
1009 1617 1199 1640 ornamentmn
1215 1613 1345 1640 induerit.
1361 1613 1428 1640 Nam
1444 1614 1497 1641 etsi
1514 1614 1586 1641 oculi
1602 1614 1692 1641 domi-

900 1660 940 1691 ni,
955 1658 1076 1695 IEgyptii
1100 1660 1221 1695 inquam,
1238 1659 1338 1694 Josepli
1355 1668 1409 1687 non
1425 1660 1563 1692 videbant,
1581 1665 1609 1687 at
1631 1668 1691 1688 om—

900 1706 1048 1740 nipotentis
1068 1706 1178 1740 quidem
1193 1710 1267 1734 certe
1282 1706 1476 1741 inspiciebant.
1490 1706 1558 1733 Nam
1573 1715 1624 1734 nos
1640 1715 1691 1735 vo—

900 1758 959 1778 cem
974 1751 1084 1786 quidem
1107 1751 1245 1783 audimus,
1262 1756 1289 1779 et
1311 1759 1427 1787 corpora
1449 1753 1689 1787 contemplamur:

900 1797 972 1825 Deus
987 1802 1075 1826 autem
1092 1798 1179 1833 ipsam
1196 1806 1253 1825 rem
1270 1799 1418 1830 examinat,
1437 1806 1451 1825 a
1466 1806 1519 1834 qua
1536 1799 1621 1826 fertur
1637 1808 1690 1827 vox

900 1848 926 1870 et
949 1847 1085 1878 aspectus.
1114 1843 1162 1871 His
1187 1845 1434 1878 consequenter,si
1452 1845 1493 1871 vel
1508 1845 1630 1877 morbus,
1646 1846 1689 1873 vel

899 1896 981 1916 casus
992 1889 1101 1924 aliquis,
1115 1890 1269 1925 gnosticum
1282 1890 1424 1922 invaserit,
1436 1895 1518 1925 atque
1532 1891 1599 1918 adeo
1614 1899 1690 1919 mors

899 1942 959 1970 qua;
983 1940 1026 1963 est
1043 1935 1165 1962 omnium
1182 1936 1301 1963 maxime
1327 1937 1468 1968 terribilis,
1486 1941 1578 1963 manet
1597 1938 1689 1964 animo

898 1982 1052 2012 interritus.
1071 1983 1161 2010 stiens
1178 1990 1348 2017 quaecunque
1371 1986 1434 2010 sunt
1455 1983 1611 2017 hujusmodi
1626 1991 1688 2011 esse

898 2033 1004 2057 naturae
1017 2029 1206 2057 necessitatem
1220 2039 1226 2057 :
1241 2029 1287 2057 sed
1306 2029 1346 2057 sic
1362 2037 1472 2064 quoque
1483 2029 1529 2057 Dei
1545 2031 1644 2058 virtute
1655 2039 1686 2058 ea

898 2077 967 2105 efﬁci
978 2076 1206 2104 medicamentum
1220 2077 1365 2110 salutis,ut
1380 2084 1440 2111 qum
1454 2084 1501 2112 per
1513 2076 1686 2112 disciplinam

897 2130 945 2151 eos
956 2122 1088 2150 beneﬁcio
1102 2122 1220 2150 afﬁciant
1235 2123 1279 2157 qui
1294 2122 1431 2150 diﬁicilius
1442 2123 1685 2155 transformamur,

897 2173 925 2197 et
941 2178 1002 2197 vere
1017 2170 1086 2198 bona
1101 2177 1150 2205 pro
1165 2169 1271 2197 meritis
1288 2169 1486 2204 dispertiantur
1502 2169 1684 2204 providentia.

898 2215 983 2244 Utens
999 2217 1081 2251 igitur
1101 2217 1183 2244 rebus
1201 2216 1313 2248 creatis,
1331 2216 1439 2251 quando
1454 2220 1480 2243 ct
1494 2219 1627 2251 quantum
1644 2216 1686 2243 di-

900 2268 942 2291 cet
959 2263 1088 2294 Vcrbum,
1105 2263 1186 2298 eique
1205 2264 1251 2298 qui
1266 2263 1369 2290 creavit
1392 2270 1474 2297 agens
1491 2263 1602 2298 gratias,
1618 2270 1686 2289 usus

898 2317 992 2336 earum
1017 2309 1047 2336 ﬁt
1081 2309 1218 2337 dominus.
1233 2308 1377 2344 Nunquam
1394 2314 1511 2343 accepta:
1524 2312 1566 2335 est
1580 2315 1685 2335 memor

898 2356 1015 2391 injuriae,
1029 2356 1131 2382 nemini
1147 2355 1175 2382 ﬁt
1188 2356 1324 2387 infensus,
1334 2355 1440 2383 etiamsi
1457 2356 1492 2382 sit
1507 2354 1569 2382 odio
1584 2354 1684 2389 dignus

898 2405 1008 2437 propter
1018 2409 1050 2428 ea
1062 2409 1122 2436 quae
1137 2401 1203 2429 facit
1220 2412 1225 2429 :
1245 2402 1310 2429 colit
1326 2402 1400 2429 enim
1414 2401 1583 2433 Creatorem,
1595 2400 1684 2435 diligit

898 2451 987 2475 autem
1007 2447 1068 2475 vitae
1082 2447 1197 2479 socium,
1218 2448 1279 2482 ejus
1297 2448 1436 2478 misertus.
1451 2451 1477 2475 et
1493 2455 1542 2482 pro
1552 2454 1585 2475 eo
1600 2454 1684 2474 orans

897 2498 1008 2529 propter
1023 2494 1083 2529 ejus
1099 2494 1291 2530 ignorantiam.
1308 2493 1338 2522 In
1361 2502 1460 2530 corpus
1475 2502 1582 2530 quoque
1602 2502 1681 2522 suum

99 2589 136 2619 ᾖ(
153 2585 188 2612 Ρ.
209 2582 262 2612 868
278 2582 334 2612 ΕΙ).
352 2581 499 2614 POTTER,
519 2581 572 2609 755
590 2581 645 2608 ΕΙ).
665 2580 776 2608 PARIS.
815 2589 825 2600 ι
843 2580 850 2607 l

903 2581 930 2609 d.
947 2589 995 2614 xx,
1009 2581 1054 2614 15,
1072 2581 1114 2608 Η.
1153 2581 1168 2601 ι)
1186 2581 1258 2608 Psal.
1273 2588 1345 2613 xcrv,
1363 2581 1406 2608 10.

74 2676 140 2712 (57)
162 2674 321 2712 Χωρήσας.
343 2672 374 2712 ld_
397 2673 566 2712 restituimus
582 2679 614 2699 ex
637 2671 711 2712 Flor.
728 2671 845 2712 Sylb._ct

33 2707 94 2740 ms‘.
115 2707 217 2738 Paris.
240 2717 291 2744 pro
305 2709 436 2744 χωρίσας,
453 2708 525 2744 quod
550 2708 578 2744 in
602 2707 768 2744 recentiores
787 2707 845 2744 edi-

33 2750 136 2776 tiones
154 2742 310 2781 perperam
317 2742 479 2781 irrepserat,
495 2742 646 2781 Mattl1._1x,
656 2743 692 2781 _i_i
708 2742 762 2769 εΟὐ
777 2742 844 2768 πάν-

32 2793 83 2815 τες
99 2775 229 2818 χωροὖᾶι
240 2775 397 2818 mamma»
410 2778 497 2818 λόγον,
511 2777 567 2804 ἀλλ’
583 2775 622 2818 οἷς
635 2777 746 2818 δέδοται.

74 2812 215 2852 ξῖίέςγΜὴ
239 2814 424 2852 μοιχεύσῃς,
441 2812 488 2846 Μὴ
509 2814 671 2852 φονεύσῃς.
703 2813 747 2839 Sic
759 2812 844 2852 Flet,

37 2848 175 2890 Sylbuig.
197 2856 225 2878 et
240 2848 297 2877 ’ms.
317 2848 416 2881 Paris,
427 2856 475 2883 pro
491 2856 545 2883 quo
561 2848 694 2877 editiones
710 2848 844 2876 recentio—

896 2679 941 2700 res
959 2679 1100 2707 perperam
1112 2670 1159 2706 Μὴ
1177 2671 1340 2707 μοιχεύσεις,
1355 2670 1556 2707 μὴ-ῳονεύσεις.

932 2704 993 2743 (59)
1007 2704 1183 2741 Πρόσεισιᾶπᾷ
1202 2717 1211 2732 ι
1223 2704 1346 2735 Ἁεοθᾱίι.
1356 2704 1372 2732 ἰ
1386 2704 1531 2740 interpres
1559 2704 1681 2740 πρόεισιν

897 2743 996 2778 legisse
1010 2743 1129 2770 videtur.

934 2779 989 2813 (40)
1016 2778 1100 2814 Ἐρεῑ.
1122 2779 1190 2814 Lege
1211 2779 1293 2814 αἱρεῖ,
1309 2783 1338 2806 ut
1357 2778 1438 2808 etiam
1456 2784 1517 2812 pag.
1536 2775 1597 2806 7M,
1617 2774 1678 2806 746,

898 2814 949 2841 736
965 2814 1007 2841 ed.
1027 2813 1114 2841 Paris.
1134 2814 1244 2841 Lovvrn.
