1933 3075
57 134 112 161 485

692 135 908 164 STROMATUM
924 135 988 164 LIB.
1011 135 1066 164 VII.

1646 139 1699 167 ιεσ

58 193 210 228 διείληφεν,
227 194 270 226 ὡς
291 194 325 221 ἂν
346 194 419 221 θείαν
442 193 569 230 χωρήσας
592 193 647 228 (57)
675 193 850 221 διδασκαλίαν.

908 194 955 229 qui
981 194 1101 221 divinam
1125 193 1264 229 acceperit
1288 193 1451 222 doctrinam.
1467 194 1552 223 Facto
1570 196 1652 232 Igitur
1665 198 1701 225 ab

64 239 239 275 ’Λρξὰμενός
267 241 293 274 γ’
311 238 358 267 οὖν
383 242 415 268 ἐκ
437 240 484 267 τοῦ
509 239 659 276 θαυμάζειν
683 240 734 276 τὴν
758 241 856 272 κτίσιν,

56 283 164 320 δεῖγμα
183 285 231 311 τοῦ
256 285 386 312 δύνασθαι
405 285 497 312 λαϐεῖν
509 285 559 320 τὴν
575 285 675 319 γνῶσιν
688 285 807 320 κομίζων
820 285 859 311 οτ-

56 329 142 356 κοθεν
159 330 300 365 πρόθυμος
316 331 438 367 μαθητὴς
449 331 495 357 τοῦ
510 330 612 367 Κυρίου
626 331 744 365 γίνεται·
757 330 858 362 εὐθέως

56 374 86 400 δὲ
103 374 238 407 ἀκούσας,
251 376 318 402 Θεόν
339 385 369 403 τε
390 377 436 403 καὶ
450 377 578 412 πρόνοιαν
591 376 751 402 ἐπίστευσεν
770 375 800 408 ἐξ
820 374 858 403 ὧν

53 425 228 460 ἐθαύμασεν.
238 415 359 452 Ἐνθένδε
375 421 422 452 οἷν
436 423 604 459 ὁρμώμενος,
620 423 652 449 ὲκ
673 423 773 454 παντὸς
793 423 857 457 τρύσ-

54 480 110 497 που
128 473 258 506 συνεργεῖ
273 472 341 506 πρὸς
352 473 400 507 τὴν
417 472 543 507 μάθησίν,
558 469 637 498 πάντ’
649 471 740 496 ἐκεῖνα
757 468 852 500 ποιῶν,

51 518 89 544 δι’
104 515 143 544 ὧν
167 519 262 545 λαϐεῖν
283 518 426 554 δυνήσεται
440 519 489 553 τὴν
501 518 600 552 γνῶσιν
613 514 651 544 ὧν
669 515 762 543 ποθεῖ“
776 515 857 546 πόθος

51 565 83 591 δὲ
117 565 194 591 κατὰ
224 565 366 600 προκοπὴν
390 565 506 596 πίστεως
531 565 587 599 ἅμα
610 562 723 600 ζητήσει
744 561 856 598 κραθεὶς

52 610 239 636 συνίσταται·
262 610 293 636 τὸ
314 610 336 635 δ’
348 611 421 637 ἐστὶν
438 610 511 643 ἄξιον
524 609 649 644 γενέσθαι
660 609 709 644 τῆς
722 607 856 641 τοσαύτης

51 656 106 682 καὶ
118 655 288 691 τηλικαύτης
299 655 424 691 θεωρίας.
436 655 528 686 υῦτως
541 654 668 688 γεύσεται
678 653 725 680 τοῦ
738 652 857 688 θελήμα-

49 709 101 733 τος
113 701 165 727 τοῦ
186 700 255 727 Θεοῦ
275 702 290 727 ὁ
311 701 460 735 γνωστικύς
473 709 479 715 ·
501 700 531 726 οὐ
546 699 600 735 γὰρ
615 699 663 731 τὰς
676 699 771 731 ἀκοὰς,
787 698 855 725 ἀλλὰ

48 744 104 780 τὴν
118 743 213 779 ψυχὴν
225 745 374 779 παρίστησι
388 746 445 776 τοῖς
457 744 509 770 ὑπὸ
525 744 579 770 τῶν
593 743 746 779 λεγομένων
761 743 855 779 δηλου-

49 791 152 825 μένοις
180 790 348 826 πράγμασιν.
362 791 461 822 Οὐσίας
473 791 561 817 τοίνυν
580 790 626 816 καὶ
648 790 682 816 τὰ
703 790 854 825 πράγματα.

47 836 129 863 αὐτὰ
154 836 324 872 παραλαϐὼν
349 836 393 863 διὰ
417 836 471 863 τῶν
490 836 586 870 λόγων,
602 836 715 867 εἰκότως
738 836 784 861 καὶ
805 836 854 871 τὴν

910 239 1091 267 admiratione
1106 247 1199 266 rerum
1213 244 1366 267 creatarum
1389 240 1479 273 initio,
1496 244 1577 276 atque
1593 249 1627 268 eo
1641 242 1700 276 ipso

909 290 1015 314 certum
1032 285 1176 318 indicium,
1192 286 1265 321 quod
1288 286 1321 313 ad
1348 286 1550 321 percipiendam
1578 286 1614 314 sit
1640 287 1700 314 ido-

909 339 978 358 neus
992 331 1188 365 cognitionem,
1208 331 1289 358 domo
1302 339 1396 358 secum
1417 331 1544 364 atterens,
1562 332 1591 359 ﬁt
1607 333 1700 360 alacer

908 380 935 403 et
947 381 1090 411 promptus
1105 376 1212 403 Domini
1233 377 1395 412 discipulus.
1414 376 1500 404 Simul
1516 386 1547 404 ac
1561 382 1651 405 autem
1665 379 1700 406 de

908 422 963 450 Dco
977 423 1072 450 audire
1086 423 1170 457 cmpit
1187 430 1218 450 ac
1234 422 1268 450 de
1281 423 1465 457 providentia,
1481 423 1597 450 credidit
1615 432 1647 451 ex
1665 425 1700 452 iis

907 477 968 504 qua:
989 473 1031 496 est
1054 468 1216 496 admiratus.
1233 468 1302 495 llinc
1316 469 1451 504 impulsus
1466 470 1594 498 omnibus
1608 471 1699 498 modis

907 515 952 542 dat
967 522 1077 550 operam
1095 515 1259 549 disciplinae,
1277 515 1367 542 omnia
1390 522 1474 550 agens
1496 516 1596 550 quibus
1611 517 1699 551 possit

907 562 1034 597 accipere
1050 562 1234 597 cognitionem
1251 569 1346 588 eorum
1370 569 1431 596 quae
1454 561 1601 590 desiderat.
1621 562 1699 590 Desi-

907 608 1013 636 derium
1038 612 1129 635 autem
1146 615 1194 643 per
1211 607 1364 642 profectum
1390 608 1463 640 ﬁdei,
1482 609 1610 636 consistit
1631 617 1698 636 con-

906 658 1085 689 telnperatum
1109 662 1170 681 cum
1195 653 1392 689 inquisitione:
1407 654 1434 681 id
1455 658 1546 682 autem
1571 660 1613 682 est
1637 654 1697 682 ﬁeri

906 700 1017 736 dignum
1034 700 1081 726 tali
1095 703 1225 734 tantaque
1241 700 1480 735 contemplatione.
1500 700 1545 728 Sic
1563 701 1610 729 Dei
1625 710 1695 737 gno-

906 747 993 774 slieus
1009 746 1130 781 gustabit
1143 746 1311 773 voluntatem
1328 755 1334 773 :
1353 754 1407 773 non
1424 753 1505 774 aures
1528 748 1601 774 enim
1625 756 1698 783 pra:-

905 792 961 824 bct,
974 792 1022 820 sed
1033 793 1165 824 animum,
1178 792 1260 820 rebus
1271 800 1332 827 quae
1342 792 1532 827 signiﬁcantur
1545 793 1579 821 ab
1590 794 1624 821 ﬁs
1635 789 1696 829 quat

905 839 1043 866 dicuntur.
1062 838 1131 866 Cum
1148 846 1213 873 ergo
1230 839 1304 874 ipsas
1330 845 1422 865 rerum
1439 839 1575 866 essentias
1599 844 1627 867 et
1651 847 1696 867 res

46 883 147 918 ψυχὴν
170 883 219 909 ἐπὶ
235 882 270 908 τά
288 882 380 909 δέοντα
403 883 479 916 ἄγει·
499 882 528 908 τὸ
551 891 560 906 ι
576 882 621 917 Μὴ
639 880 793 917 μοιχεύσῃς,
807 880 850 916 Μὴ

905 885 978 920 ipsas
989 885 1124 920 acceperit
1133 892 1180 920 per
1191 885 1285 916 verba,
1297 884 1395 912 merito
1410 887 1439 915 ᾖ(
1450 884 1569 911 animam
1586 893 1696 921 quoque

47 928 197 964 φονεύσῃς
212 928 282 964 (58),
298 938 307 954 ι
333 928 402 959 ἰδίως
428 927 605 963 ἐκλαμϐάνων
627 928 664 959 ὡς
686 927 791 963 εἴρηται
813 926 852 962 τῷ

47 974 216 1009 γνωστικῷ,
237 974 287 1009 οὐχ
311 974 349 1006 ὡς
376 974 450 1009 παρὰ
470 975 525 1005 τοῖς
556 973 644 1004 ἄλλοις
675 973 851 1008 ὑπείληπται.

47 1022 208 1057 Πρόσεισιν
235 1021 292 1056 (59)
310 1018 355 1047 οὖν
381 1020 618 1058 ὲγγυμκέιζόμενος
639 1021 673 1055 τῇ
701 1020 852 1055 ἐπιστημο-

46 1069 114 1102 νικῇ
131 1067 242 1102 θεωρίᾳ
252 1066 292 1098 εἰς
304 1066 335 1092 τὸ
346 1065 558 1103 ἐναγωνετασθαι
572 1066 627 1096 τοῖς
638 1064 852 1100 καθολικώτερον

47 1115 98 1141 καὶ
116 1113 414 1149 μεγαλοπρεπέστερον
426 1112 596 1148 εἰρημένοις·
616 1110 693 1143 εἰδὼς
713 1109 743 1138 εὖ
768 1111 850 1147 μάλα,

45 1163 90 1188 ὅτι
115 1171 125 1187 ι
143 1162 159 1187 ὁ
180 1161 315 1187 διδάσκων
330 1159 470 1195 ἄνθρωπον
491 1158 601 1193 γνῶσιν,
614 1168 623 1184 ι
639 1158 709 1184 κατὰ
721 1158 766 1185 τὸν
781 1159 852 1193 Προ-

45 1211 155 1245 φήτην,
164 1207 272 1243 Κύριός
286 1206 558 1241 ἐστιν,διὰστόματος
568 1205 737 1242 ἀνθρωπίνου
749 1205 850 1240 Κύριος

44 1256 189 1292 ἐνεργῶν.
203 1254 298 1290 Ταύτῃ
322 1255 367 1280 καὶ
389 1254 477 1288 σάρκα
497 1253 648 1288 ἀνείληφεν.
663 1252 783 1283 Εἰκότως
804 1250 850 1277 οὖν

44 1302 187 1329 οὐδέποτε
199 1300 231 1326 τὺ
243 1299 291 1335 ἡδὺ
309 1298 361 1334 πρὸ
380 1297 426 1324 τοῦ
445 1297 628 1333 συμῳέροντος
642 1297 761 1332 αἱρεῖται
773 1304 779 1310 “
796 1294 850 1321 οὐδ’

43 1349 79 1375 ἂν
93 1346 275 1383 προκαλῆται
287 1344 366 1371 αὑτὸν
385 1344 455 1370 κατά
468 1352 528 1370 τινα
542 1343 699 1378 περίστασιν
713 1349 851 1378 προκατα-

43 1395 197 1431 ληφθέντα
217 1390 363 1428 ἑταιρικῶς
384 1390 564 1426 ἐκϐιαζομένη
585 1390 673 1425 ὡραία
691 1389 774 1425 γυνή·
790 1390 850 1416 ἐπεὶ

45 1443 120 1478 μηδὲ
141 1442 193 1469 τὸν
214 1441 315 1476 Ἰωσὴφ
337 1440 471 1475 παράγειν
485 1439 534 1474 τῆς
547 1438 696 1468 ὲνστὰσεως
712 1437 818 1472 ἴσχυσεν
832 1437 849 1472 ὴ

41 1490 94 1517 τοῦ
109 1489 253 1516 δεσπότου
267 1488 350 1522 γυνή·
365 1485 515 1513 ἀπεδύσατο
529 1485 556 1512 δὲ
567 1485 634 1519 αὐτῇ
650 1484 718 1518 πρὸς
733 1482 793 1518 βίαν
806 1491 851 1509 κα-

39 1536 172 1571 τεχούσῃ
186 1534 234 1560 τὸν
247 1532 358 1568 χιτῶνα,
372 1531 472 1567 γυμνὸς
487 1531 535 1566 μὲν
552 1531 601 1566 τῆς
618 1529 755 1565 ἁμαρτίας
773 1529 849 1564 γενό-

44 1581 188 1619 μενος,τὸ
201 1580 313 1614 κόσμιον
324 1578 352 1604 δὲ
362 1577 408 1604 τοῦ
420 1577 499 1613 ἤθους
512 1576 747 1612 περιϐαλλόμενος.
756 1576 788 1602 Ei
797 1575 850 1611 γὰρ

42 1632 69 1658 οἱ
92 1630 146 1656 τοῦ
163 1627 298 1655 δεσπότου
311 1625 445 1661 ὀφθαλμοὶ
460 1625 509 1660 οὐχ
523 1623 626 1660 ἑώρων,
638 1623 685 1650 τοῦ
701 1623 850 1658 Αίγυπτίου

40 1677 133 1710 λέγω,
149 1675 200 1701 τὸν
216 1674 326 1708 Ἰωσὴφ,
341 1671 396 1699 ἀλλ’
408 1671 465 1705 οἶγε
481 1671 527 1697 τοῦ
547 1670 766 1706 παντοκράτορος
785 1671 850 1696 ἐπε-

42 1723 187 1749 σκόπουν.
198 1720 294 1754 Ἡμεῖς
309 1718 357 1754 μὲν
371 1717 424 1754 γὰρ
436 1717 486 1752 τῆς
498 1716 590 1752 φωνῆς
603 1716 746 1751 ἀκούομεν,
760 1717 806 1742 καὶ
818 1715 852 1742 τὰ

42 1770 172 1804 σώματα
192 1767 349 1803 θεωροῦμεν
361 1775 368 1780 ·
380 1767 394 1792 ὁ
404 1766 469 1797 Θεὸς
482 1765 510 1792 δὲ
523 1765 554 1791 τὸ
567 1765 681 1800 πρᾶγμα
700 1765 746 1798 ἀφ’
760 1761 789 1790 οὗ
802 1763 850 1798 φέ-

41 1825 130 1853 ρεται
157 1815 192 1842 τὺ
216 1815 315 1849 φωνεῖν
339 1814 386 1839 καὶ
407 1812 525 1848 βλέπειν,
545 1810 851 1844 ὲξετάζει.¹Ακολούοως

39 1865 115 1899 ἄρα,
132 1862 190 1889 κᾶν
215 1861 293 1892 νόσος
316 1859 381 1895 ἐπίῃ
402 1859 448 1885 καί
470 1867 496 1885 τι
519 1857 573 1885 τῶν
596 1856 794 1893 περιπατικῶν
811 1856 850 1891 τῷ

38 1907 213 1946 γνωστικῷ,
229 1907 277 1934 καὶ
299 1906 332 1941 δὴ
349 1906 464 1941 μάλιστα
483 1905 498 1931 ὁ
517 1903 704 1940 φοϐερώτατος
725 1903 848 1935 θάνατος,

38 1959 192 1993 ἄτρεπτος
213 1953 289 1989 μένει
313 1951 383 1978 κατὰ
407 1953 456 1987 τὴν
479 1950 578 1986 ψυχὴν,
603 1950 690 1977 πάντα
713 1949 790 1981 εἰδὼς
816 1949 849 1975 τὰ

39 2002 168 2031 τοιαῦτα.
186 2000 305 2031 κτίσεως
316 1998 437 2033 ἀνάγκην
449 1995 527 2029 εἶναι,
537 1996 604 2024 ἀλλὰ
616 1997 662 2023 καὶ
675 1995 759 2027 οὕτως
771 1995 850 2022 δυνά-

41 2058 93 2085 μει
111 2047 165 2074 τοῦ
187 2045 258 2072 Θεοῦ
275 2044 420 2080 φάρμακον
431 2043 551 2077 γίνεσθαι
565 2042 710 2078 σωτηρίας,
724 2042 768 2068 διὰ
785 2050 848 2068 παι-

39 2095 124 2126 δείας
142 2093 211 2123 τοὺς
223 2091 408 2126 ἀπηνέστερον
424 2088 723 2125 μεταρρυθμιζομένους
739 2088 849 2122 εὐεργε-

39 2142 161 2172 τοῦντα,
175 2138 246 2174 πρὸς
258 2137 306 2173 τῆς
319 2137 422 2172 ἀγαθῆς
432 2137 514 2167 ὄντως
526 2136 586 2162 κατ’
594 2135 670 2168 ἀξίαν
684 2133 848 2170 μεριζόμενα

41 2186 195 2223 πρθνοῖιις.
211 2182 360 2218 Χρώμενος
382 2182 470 2208 τοίνυν
496 2182 551 2212 τοῖς
577 2181 704 2212 κτιστοῖς,
726 2179 799 2206 ὁπότ’
814 2179 847 2206 ἂν

904 931 1015 959 deducit
1029 931 1063 958 ad
1077 938 1108 958 ea
1126 939 1186 966 qua;
1206 934 1322 966 oportet,
1341 931 1418 963 illud,
1440 940 1450 956 ι
1464 930 1523 958 Non
1540 932 1696 959 mmchabe-

903 977 954 1010 ris,
970 976 1030 1004 Non
1044 977 1165 1012 '_occidcs
1175 983 1199 1009 I,
1219 987 1227 1001 ι
1252 977 1383 1012 peculiari
1400 976 1481 1004 modo
1504 978 1652 1012 accipiens,
1666 983 1696 1005 ut

903 1023 1007 1050 dictum
1033 1027 1076 1051 est
1100 1023 1236 1058 gnostico,
1259 1030 1315 1051 non
1333 1027 1363 1050 ut
1383 1024 1418 1050 ab
1442 1024 1504 1051 aliis
1527 1024 1693 1058 concipitur.

901 1069 994 1105 Pergit
1010 1077 1075 1106 ergo
1088 1077 1118 1098 se
1133 1077 1265 1098 exercens
1282 1070 1516 1105 contemplatione
1531 1070 1692 1102 scientiﬁca.

902 1120 932 1143 ut
949 1117 1082 1152 paulatim
1108 1123 1217 1151 quoque
1233 1124 1263 1144 se
1279 1120 1405 1144 exerceat
1427 1115 1456 1143 in
1475 1117 1509 1143 iis
1532 1124 1592 1151 qua;
1608 1117 1695 1152 magis

902 1163 1029 1190 universe
1045 1168 1071 1190 et
1086 1162 1306 1198 magniﬁcentius
1323 1162 1396 1190 dicta
1409 1166 1483 1194 sunt,
1500 1167 1574 1190 recte
1590 1163 1692 1195 sciens,

901 1209 974 1244 quod
988 1218 997 1234 ι
1009 1209 1145 1244 quidocet
1157 1209 1295 1237 hominem
1307 1209 1452 1236 scientiam
1461 1209 1486 1243 ι),
1502 1219 1511 1235 ι
1530 1213 1561 1236 ut
1575 1209 1614 1236 ait
1625 1209 1694 1237 Pro-

901 1256 994 1291 pheta,
1010 1259 1052 1283 est
1074 1255 1217 1287 Dominus,
1236 1262 1284 1290 per
1297 1263 1329 1282 os
1344 1255 1464 1282 hominis
1480 1255 1613 1282 Dominus
1627 1263 1694 1290 0pc-

901 1309 976 1329 rans.
1003 1302 1067 1329 Ideo
1090 1309 1201 1328 carnem
1227 1308 1337 1336 quoque
1365 1301 1480 1335 accepit.
1507 1300 1602 1328 Merito
1627 1309 1694 1336 ergo

900 1355 1040 1382 nunquam
1051 1347 1203 1382 jucundum
1216 1347 1322 1382 praefert
1339 1347 1408 1378 utili,
1422 1354 1473 1374 nec
1487 1346 1510 1374 si
1522 1355 1588 1374 casu
1601 1348 1693 1383 aliquo

900 1393 1011 1420 invadat
1026 1401 1088 1420 eum
1105 1393 1316 1428 meretricioque
1333 1400 1409 1419 more
1426 1392 1495 1420 forte
1509 1392 1618 1420 fortuna
1630 1402 1693 1428 pro-

900 1444 979 1466 vocet
996 1438 1116 1467 formosa
1130 1440 1245 1467 mulier:
1261 1439 1389 1474 quoniam
1406 1446 1458 1466 nec
1467 1438 1567 1474 Joseph
1582 1440 1691 1475 quidem

900 1485 935 1512 ab
951 1485 1078 1512 instituto
1095 1486 1232 1513 abducere
1259 1485 1346 1520 potuit
1370 1492 1439 1512 uxor
1459 1485 1572 1512 domini.
1595 1485 1637 1513 Ab
1660 1494 1692 1513 ea

901 1537 991 1559 autem
1006 1532 1069 1559 exui
1084 1540 1113 1559 se
1130 1532 1294 1567 patiebatur,
1309 1540 1356 1567 por
1367 1532 1421 1559 vim
1435 1535 1543 1559 tenente
1557 1533 1690 1565 tunicam,

863 1562 884 1591 θ
902 1583 930 1605 ut
946 1578 993 1613 qui
1009 1586 1023 1604 a
1036 1562 1148 1613 peccato
1164 1578 1274 1613 quidem
1287 1562 1377 1605 Ἰυοτὶι
1393 1578 1523 1611 nudatus,
1539 1562 1691 1606 honestatis

901 1628 991 1651 anteit]
1008 1628 1199 1651 ornamentum
1215 1624 1345 1651 induerit.
1361 1623 1429 1650 Nam
1444 1624 1497 1651 etsi
1514 1625 1585 1652 oculi
1602 1625 1692 1652 donti-

900 1671 939 1702 ni,
954 1670 1075 1706 {Egyptii
1100 1671 1221 1706 inquam,
1238 1670 1338 1705 Joseph
1355 1678 1409 1697 non
1424 1670 1563 1703 videbant,
1581 1675 1608 1697 at
1631 1679 1690 1698 0m-

900 1717 1048 1751 nipotentis
1068 1717 1177 1752 quidem
1193 1721 1267 1744 certe
1282 1717 1476 1751 inspiciebant.
1490 1716 1558 1744 Nam
1573 1725 1623 1745 nos
1640 1725 1691 1745 vo-

900 1769 959 1789 cem
973 1762 1084 1797 quidem
1107 1762 1245 1793 audimus,
1262 1766 1289 1789 ct
1311 1770 1428 1797 corpora
1450 1763 1689 1798 contemplamur:

900 1808 972 1836 Deus
987 1813 1075 1836 autem
1092 1809 1179 1844 ipsam
1197 1816 1253 1835 rem
1270 1810 1418 1840 examinat,
1437 1817 1451 1835 a
1466 1817 1519 1844 qua
1536 1809 1621 1836 fertur
1637 1818 1690 1837 vox

900 1859 926 1881 et
949 1857 1085 1889 aspectus.
1113 1854 1162 1882 liis
1187 1855 1434 1888 consequenter,si
1452 1855 1493 1881 vel
1508 1855 1630 1887 morbus,
1646 1856 1690 1883 vel

899 1907 981 1927 casus
992 1900 1102 1935 aliquis,
1115 1900 1269 1935 gnosticum
1283 1901 1424 1932 invaserit,
1437 1905 1518 1935 atque
1533 1901 1599 1928 adeo
1614 1909 1690 1929 mors

899 1953 959 1981 quae
983 1951 1025 1974 est
1043 1946 1165 1973 omnium
1182 1946 1301 1973 maxime
1327 1947 1469 1978 terribilis,
1487 1951 1578 1973 manet
1597 1947 1689 1974 animo

899 1993 1052 2023 interritus.
1071 1993 1161 2021 sciens
1178 2000 1348 2028 quaecunque
1371 1997 1435 2021 sunt
1455 1993 1612 2028 hujusmodi
1627 2001 1688 2022 esse

898 2044 1004 2068 natura:
1017 2040 1207 2068 necessitatem
1220 2050 1226 2067 ε
1241 2040 1288 2067 sed
1306 2040 1347 2068 sic
1362 2048 1472 2075 quoque
1483 2039 1530 2067 Dei
1545 2041 1645 2068 virtute
1656 2049 1687 2068 ea

898 2088 967 2116 ellici
979 2087 1206 2115 medicamentum
1220 2087 1366 2121 salutis,ut
1381 2095 1440 2121 quzr
1454 2094 1502 2122 per
1514 2086 1686 2122 disciplinam

898 2141 945 2162 eos
956 2133 1089 2161 beneﬁcio
1102 2133 1220 2160 alliciant
1235 2133 1280 2168 qui
1295 2133 1432 2160 dillicilius
1443 2133 1685 2166 transformamur,

898 2185 925 2208 et
941 2189 1003 2208 vere
1017 2181 1087 2208 bona
1101 2188 1151 2215 pro
1165 2180 1272 2207 meritis
1288 2179 1487 2215 dispertiantur
1503 2179 1685 2214 providentia.

40 2234 107 2269 ἐρεῖ
123 2230 185 2267 (40)
202 2229 298 2263 Λόγος,
313 2229 352 2260 εἰς
374 2228 434 2254 ὅσον
452 2228 519 2263 ἐρεῖ,
533 2226 601 2254 κατὰ
612 2227 661 2262 τὴν
674 2227 720 2253 ἐπὶ
731 2227 776 2253 τὸν
789 2227 847 2253 κτί-

903 2227 984 2255 Utens
999 2228 1081 2261 igitur
1102 2228 1184 2255 rebus
1201 2227 1314 2258 creatis,
1331 2226 1440 2261 quando
1454 2230 1481 2253 ct
1495 2229 1628 2261 quantum
1645 2226 1686 2253 di-

40 2287 136 2307 σαντα
155 2275 344 2312 εὐχαριστίαν,
359 2274 470 2309 καὶτῆς
488 2273 661 2305 ἀπολαύσεως
683 2272 775 2308 κύριος
795 2282 847 2300 κα-

39 2328 190 2354 θίσταται.
207 2324 245 2350 Οὐ
261 2323 423 2358 μνησικακεῖ
442 2330 518 2353 ποτε,
533 2322 564 2348 οὐ
580 2321 735 2356 χαλεπαίνει
747 2321 844 2353 οὐδενὶ,

39 2372 96 2399 κᾶν
113 2370 218 2406 μίσους
232 2368 306 2401 ἄξιος
319 2368 440 2404 τυγχάνῃ
452 2368 493 2402 ἐφ’
503 2364 541 2399 οἷς
552 2367 744 2402 διαπράττεται
753 2374 759 2380 '
773 2366 845 2392 σέϐει

38 2418 97 2454 μὲν
113 2415 175 2451 γὰρ
187 2415 234 2442 τὸν
243 2413 371 2449 Ποιητὴν,
380 2413 474 2448 ἀγαπᾷ
483 2412 511 2438 δὲ
523 2412 567 2438 τὸν
579 2412 704 2438 κοινωνὸν
717 2410 762 2437 τοῦ
776 2410 843 2445 βίου,

35 2463 200 2498 οἰκτείρων
216 2461 265 2487 καὶ
280 2459 495 2496 ὑπερευχόμενπ
515 2458 597 2485 αὐτοῦ
618 2458 661 2484 διὰ
675 2458 724 2493 τὴν
737 2457 845 2492 ἄγνοιαν

36 2509 133 2538 αὑτοῦ
143 2516 149 2523 ·
167 2506 218 2534 καὶ
239 2506 273 2541 δὴ
285 2507 333 2532 καὶ
349 2506 502 2541 σύμ-πάσχει
524 2504 562 2540 τῷ
583 2504 698 2540 σώματι,
713 2505 753 2540 τῷ
767 2504 846 2539 φύσει

900 2279 943 2301 cet
960 2274 1088 2306 Verbum,
1106 2274 1186 2310 eique
1205 2275 1251 2309 qui
1266 2273 1370 2301 ereavit
1393 2281 1475 2308 agens
1492 2273 1603 2308 gratias,
1619 2280 1686 2299 usus

899 2328 992 2347 earum
1018 2320 1048 2347 ﬁt
1082 2321 1218 2348 dominus.
1234 2319 1378 2354 Nunquam
1394 2324 1511 2353 accepta:
1525 2322 1567 2346 est
1581 2325 1686 2345 memor

899 2367 1016 2402 injuriae,
1029 2367 1132 2393 nemini
1148 2366 1176 2393 ﬁt
1189 2366 1324 2398 infensus,
1335 2366 1441 2394 etiamsi
1457 2366 1493 2393 sit
1508 2364 1570 2392 odio
1585 2364 1685 2399 dignus

899 2417 1009 2448 propter
1019 2420 1050 2439 ea
1063 2419 1123 2446 quae
1138 2411 1204 2439 facit
1221 2422 1226 2439 :
1246 2413 1311 2439 colit
1328 2413 1400 2439 enim
1415 2411 1584 2444 Creatorem,
1596 2410 1685 2446 diligit

899 2462 988 2486 autem
1008 2458 1069 2486 vita:
1083 2458 1198 2489 socium,
1219 2459 1279 2493 ejus
1298 2459 1438 2488 misertus.
1452 2462 1479 2485 et
1495 2465 1543 2493 pro
1554 2464 1586 2485 eo
1601 2464 1684 2484 orans

898 2509 1009 2540 propter
1024 2505 1084 2540 ejus
1100 2505 1292 2541 ignorantiam.
1310 2503 1338 2532 In
1362 2512 1462 2540 corpus
1476 2512 1584 2540 quoque
1603 2512 1682 2532 suum

99 2601 136 2632 ᾖ(
153 2597 188 2625 Ρ.
210 2594 264 2624 868
279 2594 335 2623 ED.
352 2568 500 2626 PDTTER,
520 2593 573 2621 755
591 2592 646 2620 ED.
666 2591 778 2619 PARIS.
816 2601 826 2611 -
845 2591 931 2620 Exod.
949 2600 996 2625 xx,
1011 2592 1055 2625 15,
1073 2592 1115 2619 ιι.
1154 2593 1168 2612 b
1187 2591 1259 2619 Psal.
1274 2599 1346 2624 xcrv,
1364 2591 1407 2619 10.

73 2689 141 2725 (δῖ)
163 2686 322 2725 Χωρήσας.
343 2684 375 2725 Id
398 2685 567 2725 restituimu-s
583 2692 615 2712 ex
639 2682 712 2725 Flor.
730 2682 846 2725 Sylb.lct

34 2718 94 2753 ms‘.
115 2718 219 2750 Paris:
240 2718 291 2757 pro
301 2718 437 2756 χωρίσας,
454 2720 526 2757 quod
551 2720 579 2757 in
603 2719 770 2757 recentiones
788 2718 846 2757 edi—

35 2763 137 2788 tiones
155 2753 481 2794 perpe'rain"ir'repserat,
497 2754 693 2794 Mattl1.,1x,i
709 2764 714 2780 ε
727 2754 763 2779 Οὐ
778 2753 846 2780 πάν-

241 2787 398 2831 τοῦτονιτδν
412 2790 499 2831 λὸἴρν,
513 2789 568 2816 ἀλλ’
584 2787 624 2831 οἷς
636 2789 747 2831 δέδοται.

74 2823 215 2865 (δ’ξςγΜὴ
239 2827 425 2865 μοιχεύσῃς,
443 2825 490 2858 Μὴ
511 2826 673 2865 scum-rdquo
705 2825 749 2851 Sic
760 2823 846 2864 Flor,

37 2859 176 2902 Syibu'rg.
197 2859 225 2891 et
239 2859 477 2895 insfParisqpro
493 2868 546 2895 quo
563 2859 695 2888 editiones
711 2859 845 2887 recentio-

898 2691 942 2711 res
960 2690 1101 2718 perperam
1113 2681 1159 2718 Μὴ
1178 2682 1341 2718 μοιχεύσεις,
1356 2681 1558 2718 μὴ-φονεύσεις.

934 2715 1184 2754 (59)νῘ1ρόσειο-ιὶρ.“
1203 2728 1212 2743 ι
1225 2715 1373 2746 accedit.)
1388 2715 1532 2751 interpres
1560 2715 1683 2751 πρόεισιν

897 2754 997 2790 legisse
1011 2754 1130 2781 videtur.

935 2790 990 2824 (/10)
1017 2789 1101 2825 Ἐρεῖ.
1123 2790 1192 2825 Lege
1212 2790 1294 2825 αἱρεῖ,
1311 2793 1339 2816 ut
1358 2788 1439 2818 etiam
1457 2794 1518 2822 pag.
1538 2785 1599 2815 7M,
1619 2784 1680 2816 746,

900 2826 950 2853 756
966 2825 1009 2853 ed.
1028 2824 1115 2852 Paris.
1135 2824 1245 2852 Lowrn.
