1933 3075
253 106 306 136 487

847 107 1043 136 CLEMENTIS
1061 106 1297 137 ALEXANDRIXI

1839 114 1888 141 48⁵3

251 173 302 202 per
314 165 524 194 consensionem
540 164 655 193 allicitur
673 175 679 193 ;
695 166 740 193 cui
755 164 864 201 quidem
881 170 979 192 natura
994 173 1040 201 pa-

1095 166 1204 202 παθητῷ
1226 166 1405 201 ἐνδεδεμένος.
1416 166 1494 194 Ἀλλὰ
1516 167 1546 193 οὐ
1576 168 1754 204 πρωτοπαθεϊ
1774 170 1845 196 κατὰ
1860 173 1889 196 το

252 213 324 240 tibili
349 216 392 240 est
418 212 555 247 alligatus.
572 210 633 238 Non
650 215 741 239 tamen
766 211 900 246 primario
917 216 1043 238 moretur

252 266 287 287 ex
301 259 515 293 perturbatione.
532 258 562 287 ln
586 258 780 286 involuntariis
797 261 871 285 certe
887 257 1010 289 casibus,
1027 265 1042 284 a

253 305 395 333 doloribus
419 305 538 340 seipsum
564 304 703 332 deducens
728 304 761 331 ad
781 311 813 332 ea
829 312 890 339 qua:
907 307 971 332 sunt
983 304 1042 338 ejus

253 351 374 387 propria,
394 357 449 378 non
465 350 611 378 abducitur
625 351 659 377 ab
671 350 705 378 iis
718 358 780 385 qua:
796 353 860 377 sunt
884 350 918 377 ab
933 357 965 377 eo
980 350 1044 377 alie-

252 404 288 424 na
306 406 313 423 :
331 395 377 424 sed
404 396 439 423 iis
461 395 549 422 solum
576 396 649 423 cedit
676 400 703 422 et
728 403 758 423 se
781 395 970 423 accommodat
983 403 1043 431 qua:

252 447 316 472 sunt
341 444 365 470 ei
388 442 555 474 necessaria,
586 449 730 477 quousque
756 442 840 469 illaesa
864 446 1044 470 conservatur

251 489 351 515 anima.
370 487 429 515 Non
448 488 520 515 enim
545 489 749 516 existimatione
766 489 855 516 solum
872 492 1043 516 aut‘externa

251 535 341 571 specie
355 535 414 574 vult
428 542 490 563 esse
508 535 605 566 lidelis,
623 535 671 562 sed
689 536 846 570 cognitione
865 543 892 562 ei
915 536 1041 568 veritate,

250 583 301 610 hoc
310 586 351 610 est
361 582 438 609 lirmo
448 581 594 616 stabilique
604 581 687 613 facto,
695 583 722 608 el.
731 589 857 609 sermone
863 580 975 609 eﬂicaci.
984 581 1043 609 Non

249 630 338 658 solum
354 637 419 664 ergo
436 627 530 656 laudat
545 629 617 656 bona
632 633 659 656 et
674 629 802 660 honesta,
826 629 873 656 sed
889 629 947 664 ipse
961 629 1042 656 etiam

249 675 390 704 contendit
413 682 476 702 esse
498 675 588 702 bonus
607 679 634 702 et
653 675 797 706 honestus,
812 683 827 701 a
842 675 915 702 bono
929 680 956 702 et
972 675 1043 702 lideli

250 730 330 750 servo
353 721 440 749 factus
465 727 514 756 per
534 721 696 748 charitatem
719 721 837 754 amicus,
856 725 967 756 propter
981 726 1044 756 pere

250 768 394 796 lectionem
403 770 432 799 >14
445 766 567 799 habitus,
576 774 657 801 quam
669 774 702 793 ex
711 774 775 793 vera
782 766 928 801 disciplina
939 771 965 793 et
977 765 1044 793 mul-

249 819 277 842 ta
293 813 490 842 exercitatione
504 820 572 847 pure
587 812 745 847 acquislvit.
769 811 838 839 Cum
852 819 918 846 ergo
943 817 1042 846 magna

249 861 276 888 vi
288 858 436 888 contendat
448 862 477 886 ut
492 858 635 894 perveniat
650 857 684 885 ad
701 864 838 885 summum
862 856 1040 892 cognitionis,

249 905 373 932 moribus
387 907 512 936 ornatus,
531 903 624 931 habitu
636 903 814 938 compositus,
831 903 923 930 omnia
934 902 1039 930 habens

250 951 395 978 commoda
408 950 469 985 ejus
484 950 532 985 qui
544 953 588 977 est
609 957 674 977 vere
689 949 841 984 gnosticus,
857 949 1040 984 pulchrasque

250 997 403 1031 respiciens
422 997 577 1032 imagines:
595 996 696 1024 multos
708 995 817 1031 quidem
843 995 890 1030 qui
917 995 1040 1030 perfecte

249 1041 387 1073 vixerunt,
411 1041 592 1076 patriarchas,
621 1041 755 1076 plurimos
775 1045 865 1068 autem
880 1040 1039 1075 prophetas,

250 1091 278 1114 et
288 1087 368 1114 nobis
384 1087 596 1114 innumerabiles
612 1087 735 1121 angelos,
752 1089 780 1113 et
791 1089 931 1121 postremo
946 1085 1041 1113 Domi—

250 1141 316 1160 num
331 1133 377 1168 qui
393 1141 445 1160 nos
456 1133 560 1164 docuit,
575 1138 602 1160 et
616 1132 739 1160 ostendit
751 1132 809 1159 fieri
825 1139 906 1167 posse
921 1134 952 1158 ut
964 1139 1040 1159 sum-

250 1186 322 1206 mam
339 1179 413 1205 illam
429 1179 511 1206 vitam
538 1186 734 1213 assequamur:
751 1178 812 1205 ideo
831 1178 924 1204 omnia
944 1175 1040 1203 mundi

249 1225 320 1252 bona
338 1232 398 1260 qua:
413 1228 477 1252 sunt
492 1224 518 1251 in
535 1228 662 1260 promptu
674 1228 701 1251 et
716 1225 749 1252 ad
775 1231 897 1255 manum,
926 1231 981 1250 non
998 1223 1040 1250 di-

250 1271 318 1306 ligit,
332 1279 366 1298 ne
380 1271 454 1298 humi
471 1275 620 1304 remaneat,
637 1270 684 1298 sed
698 1277 730 1298 ea
745 1278 806 1305 qua":
827 1273 983 1305 sperantur,
997 1269 1040 1296 vel

249 1318 340 1352 potius
353 1317 410 1351 jam
429 1320 494 1344 sunt
507 1317 626 1351 cognita,
653 1316 743 1351 quoad
766 1315 1040 1350 comprehensionem

249 1365 340 1390 autem
356 1365 510 1396 sperantur.
537 1360 593 1388 llae
606 1369 671 1395 ergo
686 1361 792 1387 ratione
807 1360 925 1391 laberes,
940 1363 968 1387 et
979 1363 1039 1386 tor-

249 1412 352 1439 menta,
370 1411 397 1435 et
412 1407 572 1434 alllictiones
588 1407 716 1439 sustinet,
730 1414 784 1433 non
799 1411 829 1433 ut
845 1407 891 1441 qui
908 1410 971 1433 sunt
983 1405 1040 1432 for-

251 1457 292 1481 tes
307 1452 378 1488 apud
392 1452 569 1487 philosophos
586 1457 696 1486 propter
712 1459 787 1486 spem
803 1451 875 1486 quod
892 1454 1040 1485 praesentes

249 1499 358 1536 quidem
388 1502 453 1526 sunt
473 1498 607 1525 cessaturi
629 1497 751 1528 dolores,
768 1497 823 1524 sint
836 1500 926 1524 autem
941 1504 1039 1523 rursus

1094 213 1188 244 πάθος.
1202 213 1280 240 Κατά
1296 213 1351 249 (41.)
1371 215 1397 249 γ’
1409 213 1455 242 οὖν
1477 215 1526 248 τὰς
1542 215 1686 247 ἀκουσίους
1699 217 1887 252 περιστάσεις,

1093 258 1201 292 ἀνάγων
1213 252 1308 285 ἐαυτδν
1320 259 1374 287 ἀπὸ
1383 260 1437 287 τῶν
1450 261 1538 288 πόνων
1551 261 1597 287 ἐπὶ
1608 260 1643 287 τὰ
1654 261 1753 293 οίκεία,
1763 262 1794 287 οὐ
1808 271 1889 288 συνα-

1093 304 1243 339 ποφέρεται
1255 305 1311 337 τοῖς
1325 305 1474 342 ἀλλοτρίοις
1489 306 1570 333 αὐτοῦ
1582 315 1589 322 ⁸
1606 308 1844 342 ωμπερισέρεται
1861 308 1889 334 δὲ

1092 351 1149 381 τοῖς
1161 350 1319 384 ἀναγκαίοις
1333 351 1414 378 αὐτοῦ
1431 351 1519 387 μόνον,
1535 353 1576 384 εἰς
1589 353 1650 379 ὅσον
1662 352 1787 388 ἀϐλαόὴς
1800 355 1890 389 τηρεῖ-

1091 404 1137 422 ται
1149 397 1165 431 ὴ
1183 395 1265 432 ψυχή.
1279 397 1316 423 Οὐ
1328 397 1382 433 γάρ
1394 406 1444 424 που
1460 399 1488 424 ὲν
1502 398 1644 434 ὑπολήψει,
1660 398 1719 425 ἀλλ’
1732 399 1795 426 οὐδὲ
1809 400 1840 426 ὲν

1092 442 1190 474 δοκεῖν,
1208 442 1302 474 πιστὸς
1317 441 1385 469 εἶναι
1399 443 1535 478 βούλεται·
1549 443 1647 478 γνώσει
1661 444 1689 470 δὲ
1703 444 1751 471 καὶ
1763 444 1888 479 ἀληθείᾳ,

1093 488 1108 514 ὃ
1133 488 1205 514 ἐστιν
1231 488 1303 524 ἔργῳ
1330 488 1440 524 βεϐαίῳ,
1458 490 1504 516 καὶ
1529 489 1611 524 λόγῳ,
1625 490 1673 516 καὶ
1694 489 1801 525 ἐνεργῷ
1821 489 1889 524 (Ω).

1094 533 1198 560 Οὐκοῦν
1222 534 1252 560 οὐ
1282 534 1361 569 μόνον
1384 535 1490 561 ἐπαινεῖ
1505 534 1539 561 τὰ
1563 535 1643 568 καλὰ,
1658 535 1726 562 ἀλλὰ
1745 536 1794 562 καὶ
1810 536 1891 565 αὐτὸς

1094 578 1215 615 βιάζεται
1241 577 1312 606 εἶναι
1335 580 1427 612 καλὸς,
1454 581 1486 606 ἐκ
1511 579 1559 606 τοῦ
1587 581 1690 615 ἀγαθοῦ
1718 581 1766 608 καὶ
1793 581 1891 608 πιποῦ

1093 626 1186 653 δούλου
1215 626 1384 662 μεταϐαίνων
1421 626 1454 653 δι’
1490 627 1600 663 ἀγάπης
1634 629 1674 659 εις
1713 627 1810 662 φίλον,
1848 627 1892 654 διὰ

1092 671 1123 699 τὺ
1140 673 1230 699 τέλεον
1252 673 1301 708 τῆς
1329 673 1422 706 ἕξεως,
1439 673 1453 699 ὃ
1472 673 1503 700 ἐκ
1521 673 1666 709 μαθήσεως
1695 675 1746 710 τῆς
1772 674 1892 709 ἀληθοῦς

1093 719 1142 746 καὶ
1164 719 1358 754 συνασκήσεως
1382 718 1437 755 (45)
1461 719 1561 754 ὴολλῆς
1585 718 1715 755 καθαρῶς
1742 718 1890 754 ἐκτήσατ’).

1100 765 1143 797 Ὧς
1158 764 1191 792 ἂν
1210 763 1258 792 οὖν
1275 766 1317 791 ἐπ’
1343 765 1427 801 ἄκρον
1452 764 1580 799 γνώσεως
1606 766 1685 801 ἥκειν
1712 765 1890 801 βιαζόμενος,

1094 810 1132 846 τῷ
1142 811 1203 847 ἤθει
1227 811 1443 846 κεκοσμημένος,
1457 810 1496 846 τῷ
1518 811 1639 846 σχήματι
1655 811 1891 847 κατεσταλμένος,

1059 844 1080 871 Β
1093 844 1182 884 πάντα
1209 858 1300 884 ἐκεῖνα
1314 844 1396 892 ’ἔνων
1427 844 1487 883 ὃσα.
1505 844 1732 892 πλεονεκτήματά.
1756 844 1819 884 ἐστι
1846 857 1891 884 τοῦ

1091 902 1150 927 κατ’
1166 901 1295 937 ἀλήθειαν
1323 900 1486 935 γνωπικοῦ,
1508 901 1550 933 εἰς
1570 902 1620 933 τὰς
1644 901 1755 934 εἰκόνας
1779 903 1893 939 ἀφορῶν

1090 948 1140 980 τὰς
1167 947 1264 981 καλὰς,
1293 947 1407 980 πολλοὺς
1432 948 1480 983 μὲν
1509 948 1572 980 τοὺς
1585 948 1808 985 κατωρθωκότας
1825 950 1893 985 πρὶς

1090 993 1172 1021 αὐτοῦ
1192 994 1374 1030 πατριάρχας,
1391 994 1568 1030 παμπόλλους
1583 994 1612 1021 δὲ
1626 995 1784 1030 προφήτας,
1813 995 1892 1023 ἀπεί-

1091 1048 1154 1075 ρους
1168 1033 1282 1071 δ’δ’σους
1305 1041 1371 1075 ἡμῖν
1397 1039 1505 1076 ἀριθμῷ
1530 1039 1706 1076 λογιζόμενος
1734 1040 1793 1077 (44)
1810 1041 1892 1075 ἀγγέ-

1090 1085 1162 1117 λους,
1177 1086 1224 1112 καὶ
1236 1084 1279 1112 τὸν
1294 1086 1340 1112 ἐπὶ
1349 1087 1416 1112 πᾶσι
1433 1086 1545 1122 Κύριον,
1558 1085 1604 1113 τὸν
1616 1086 1764 1119 διδάξαντα
1781 1087 1830 1113 καὶ
1845 1095 1893 1112 παι

1092 1132 1265 1167 ραστήσαντα
1279 1131 1389 1158 δυνατὸν
1397 1128 1467 1158 εἶναι
1478 1131 1524 1158 τὸν
1534 1133 1684 1168 κορυφαῖον
1701 1132 1810 1158 ἐκεῖνον
1822 1133 1889 1167 κτή-

1092 1177 1190 1204 σασθαι
1208 1177 1281 1212 βίον*
1303 1177 1347 1204 διὰ
1363 1177 1491 1204 τοῦτο-τὰ
1517 1177 1651 1213 πρόχειρα
1669 1177 1762 1204 πάντα
1777 1177 1825 1204 τοῦ
1842 1178 1890 1204 ιόο

1092 1232 1160 1259 σμου
1180 1223 1251 1250 καλά
1277 1223 1327 1249 οὐκ
1354 1223 1459 1258 ἀγαπᾷ,
1483 1223 1527 1250 ἴνα
1552 1223 1589 1259 μὴ
1608 1223 1764 1260 καταμείνῃ
1789 1223 1890 1259 χαμαὶ,

1090 1268 1158 1296 ἀλλὰ
1174 1269 1208 1296 τὰ
1224 1267 1400 1304 ἐλπιζόμενα,
1420 1267 1519 1304 μᾶλλον
1535 1268 1563 1294 δὲ
1587 1268 1622 1294 τὰ
1647 1269 1811 1304 ἐγνωσμένα
1827 1269 1890 1304 ἠδη.

1091 1316 1132 1346 εἰς
1148 1314 1300 1350 κατάληψιν
1316 1313 1345 1340 δὲ
1368 1313 1545 1348 ἐλπιζόμενα.
1563 1313 1656 1350 Ταύτῃ
1673 1313 1730 1349 ἄρα
1751 1314 1817 1346 τοὺς
1839 1314 1890 1339 πό-

1091 1369 1153 1393 νους
1169 1360 1275 1392 καὶτὰς
1290 1360 1432 1395 βασάνους,
1452 1359 1500 1386 καὶ
1514 1359 1563 1391 τὰς
1578 1359 1694 1394 θλίψεις,
1712 1360 1763 1394 οὐχ
1780 1359 1819 1391 ὡς
1836 1368 1890 1386 πα-

1093 1406 1126 1442 ρὰ
1142 1408 1198 1438 τοῖς
1221 1406 1374 1441 φιλοσόφοις
1389 1406 1413 1432 ol
1437 1405 1566 1441 ἀνδρεῖοι,
1591 1403 1680 1431 ἐλπίδι
1707 1405 1755 1431 τοῦ
1783 1405 1892 1431 παύσειέ

1092 1454 1153 1481 σθαι
1172 1452 1226 1489 (45)
1254 1453 1302 1488 μὲν
1319 1452 1352 1479 τὰ
1368 1452 1505 1479 ἐνεστῶτα
1532 1451 1656 1485 ἀλγεινὰ,
1685 1449 1765 1483 αὖθις
1783 1451 1813 1478 δὲ
1838 1451 1892 1477 τῶν

1090 1499 1177 1535 ἡδέων
1207 1499 1364 1534 μετασχεῖν,
1396 1498 1528 1533 ὑπομένει
1545 1501 1552 1512 ⁵
1581 1497 1638 1524 ἀλλ’
1654 1498 1670 1532 ἡ
1686 1496 1791 1531 γνῶσις
1814 1496 1893 1530 αὐτῷ

247 1543 433 1580 jucundorum
452 1542 537 1569 futuri
553 1542 721 1577 participes;
736 1541 783 1569 sed
800 1542 918 1576 cognitio
934 1541 959 1568 ei
975 1549 1039 1576 per-

1095 1546 1195 1580 πεῖσμα
1217 1544 1392 1579 βεϐαιότατον
1408 1543 1568 1579 ὲνεγέννησε
1592 1543 1642 1578 τῆς
1658 1542 1714 1569 τῶν
1736 1542 1892 1578 μελλόντων

249 1590 407 1618 suasiOnem
436 1588 607 1623 ingeneravit
632 1587 838 1618 firmissimam,
861 1594 891 1614 se
914 1594 976 1614 esse
995 1594 1040 1614 re-

250 1641 406 1671 cepturum,
421 1643 482 1670 quae
493 1637 596 1669 sperat,
609 1632 711 1660 futura.
727 1632 863 1665 Quocirca
882 1640 936 1660 non
951 1633 1039 1660 solum

249 1690 310 1718 quae
322 1682 367 1709 hic
377 1685 441 1709 sunt
460 1679 605 1715 supplicia,
622 1679 671 1707 sed
686 1679 769 1706 etiam
781 1678 902 1713 jucunda
917 1683 1041 1706 contem-

250 1730 292 1756 nit
308 1729 410 1756 omnia.
432 1727 516 1755 Aiunt
530 1731 605 1754 certe
613 1727 722 1754 beatum
736 1725 860 1757 Petrum.
877 1733 940 1753 cum
955 1726 1040 1753 vidis-

249 1776 292 1801 set
308 1780 420 1800 uxorem
446 1779 523 1800 suam
553 1772 617 1799 duci
634 1771 668 1798 ad
692 1776 818 1803 mortem,
837 1771 957 1798 lanatum
978 1771 1040 1806 qui-

249 1818 312 1845 dem
326 1825 387 1845 esse
406 1818 478 1852 quod
498 1821 655 1848 vocaretur.
672 1816 784 1852 etquod
798 1817 909 1844 domum
926 1816 1041 1844 reduces

249 1866 336 1895 retur,
351 1871 412 1890 eam
425 1863 586 1890 adhortatus
603 1871 635 1890 ac
651 1863 819 1895 consolatus,
838 1863 948 1891 nomine
964 1871 1040 1890 com-

250 1909 378 1944 pellasse,
397 1917 429 1936 ac
444 1909 559 1943 dixisse,
578 1918 587 1935 ι
603 1909 676 1937 lleus
692 1913 722 1936 tu
739 1913 875 1937 memento
891 1909 1010 1937 Domini.
1026 1920 1034 1936 ι

248 1952 315 1983 Tale
331 1959 390 1983 erat
414 1956 556 1983 beatorum
584 1956 693 1983 illorum
710 1955 928 1987 matrimonium.
945 1959 973 1983 et
991 1964 1038 1984 us-

248 2010 303 2037 que
322 2002 356 2029 ad
373 2003 553 2031 charissimos
583 2002 704 2038 perfecta
722 2002 840 2030 affectio.
865 2001 904 2029 Ea
930 2003 1038 2030 ratione

248 2048 398 2084 Apostolus
415 2056 535 2084 quoque,
553 2048 620 2082 «Qui
635 2055 749 2076 uxorem
760 2048 846 2081 ducit,
859 2048 894 2076 sit
905 2051 1036 2084 tanquam

303 2119 334 2148 >11
353 2115 385 2142 P.
404 2114 457 2142 868
475 2113 530 2141 ΕΙ).
551 2113 700 2146 POTTER,
720 2113 773 2141 756
790 2113 844 2142 ΕΙ).
863 2114 976 2144 PARlS.

286 2173 343 2209 (41)
364 2172 454 2200 Κατά.
477 2173 552 2200 llanc
569 2172 887 2209 prmpositionermquan]
911 2173 974 2201 libri
997 2182 1043 2201 rc-

249 2207 386 2238 ceritidres
402 2209 541 2241 Oiniltunt,
561 2207 732 2235 restituilnus
745 2215 759 2234 c
771 2207 856 2239 Flor.,
873 2208 1000 2244 Sylburg.
1013 2214 1041 2236 et

249 2252 303 2272 ms.
319 2244 420 2274 Paris.
435 2248 464 2270 ut
482 2244 534 2270 alia
549 2244 631 2270 etiam
649 2243 861 2278 quamplurima.

285 2279 342 2314 (42)
361 2279 416 2305 Καὶ
433 2279 552 2315 (Eg-epqu).
576 2289 585 2304 ι
601 2279 690 2305 Etiam
711 2278 824 2306 cllicaci.
840 2288 850 2304 ι
869 2278 977 2315 Alioqui
993 2279 1040 2306 καί

249 2315 426 2342 redundaret.
443 2314 521 2341 SrLu.

286 2350 343 2384 (45)
359 2348 524 2382 Μαθήσεως
533 2348 588 2382 τῆς
599 2349 733 2382 ἀληθοῦς
746 2348 795 2375 καὶ
808 2348 1038 2382 σιενίισκήσεως.

251 2383 456 2421 Sidedidimus
477 2392 510 2421 ex
534 2383 606 2421 Flor.
622 2389 649 2411 et
665 2385 792 2419 Sylburg.
820 2385 973 2421 Μαυήσεως
993 2385 1040 2411 καὶ

250 2419 368 2455 ἀληθοῦς
383 2420 575 2455 συνασκήσεως
587 2420 688 2446 habent
702 2420 868 2446 recentiores
882 2419 948 2446 edit.
960 2429 967 2453 ;
988 2428 1040 2454 μα·-

251 2453 357 2490 θήσεως
375 2453 557 2490 ἀληοοῦςκαὶ
570 2455 763 2490 συνασκήσεως
783 2463 835 2490 ins.
849 2454 937 2482 Paris.

299 2489 342 2522 44)
361 2488 560 2523 [λογιζόμενος.
579 2488 662 2524 Flor.,
680 2488 880 2524 λογιζομένους.

300 2524 344 2560 45)
365 2524 553 2560 ῌαύσασθαι.
566 2523 639 2551 Flor.
654 2523 809 2551 παύσασθαι
828 2533 878 2560 pro
901 2524 950 2552 fut.
968 2525 1039 2553 παύ-

252 2559 357 2585 σεσθαι.
371 2558 503 2585 δνιιιυιις..

288 2594 343 2628 (Mi)
360 2592 418 2630 Τῷν
427 2594 752 2630 μελλόντωννέλπίόξων.
769 2593 921 2622 Solwrismi
935 2596 1039 2630 species

254 2632 302 2662 per
324 2629 489 2655 intellectum
515 2637 564 2664 pro
586 2628 638 2656 τῶν
658 2629 807 2664 μελλόντων
830 2628 957 2663 ἀγαθῶν(
971 2630 1038 2658 SrL-

255 2671 332 2690 BURG.

291 2699 346 2734 (47)
365 2698 442 2725 (Ima!
457 2697 554 2733 r’m'vr.
569 2699 630 2726 Haec
647 2700 711 2726 citat
727 2700 859 2728 Eusebius
872 2699 945 2726 Eccl.
964 2699 1036 2728 llist.

255 2733 303 2762 lib.
322 2741 363 2766 ιιι,
379 2743 404 2761 c.
418 2734 468 2766 2i;
486 2734 654 2769 Nicepllorns
672 2735 718 2762 lib.
738 2744 774 2766 ix.
794 2744 854 2770 cap.
871 2736 915 2763 14.

290 2769 345 2804 (48)
364 2769 508 2797 Γυναῖκα.
525 2769 561 2797 De
576 2770 606 2798 Β.
624 2770 696 2797 Petri
717 2780 801 2798 uxore
817 2769 888 2798 conf.
914 2779 975 2805 qua!
989 2771 1038 2798 ad-

253 2806 357 2833 notavit
385 2806 535 2832 Cotclcrius
555 2806 586 2832 ad
611 2806 744 2841 Rccogxil.
762 2807 908 2835 Clrnxcntis
922 2807 968 2834 lib.
987 2814 1035 2833 vn.

1092 1589 1207 1617 ἐλπίδων
1224 1590 1279 1625 (46)
1297 1589 1469 1625 ἀπολήψεως.
1492 1588 1592 1624 Διόπερ
1615 1589 1646 1615 οὐ
1673 1588 1753 1624 μόνον
1776 1587 1833 1614 τῶν
1850 1588 1894 1613 ἐν-

1093 1635 1180 1662 ταῦθα
1195 1635 1345 1667 κολάσεων,
1361 1633 1429 1661 ἀλλὰ
1445 1634 1494 1660 καὶ
1520 1633 1574 1660 τῶν
1595 1633 1681 1669 ἡδέων
1698 1633 1831 1660 ἁπάντων
1842 1641 1894 1658 κα-

1092 1683 1231 1717 ταφρονεῖ.
1261 1680 1331 1707 Φασί
1345 1681 1370 1715 γ’
1383 1678 1430 1708 οὖν
1460 1679 1515 1716 (47)
1542 1679 1588 1706 τὸν
1613 1679 1749 1715 μακάριον
1775 1678 1893 1714 Πέτρον,

1093 1727 1261 1763 θεασάμενον
1273 1727 1322 1763 τὴν
1348 1725 1430 1754 αὐτοῦ
1457 1727 1574 1760 γυναῖκα
1600 1725 1654 1760 (49)
1685 1724 1826 1760 ἀγομένην
1843 1724 1895 1759 τὴν

1093 1773 1140 1800 ἐπὶ
1161 1773 1275 1800 Θάνατον
1293 1772 1360 1808 (49),
1388 1772 1506 1808 ἡσθῆναι
1525 1771 1575 1808 μὲν
1590 1771 1641 1806 τῆς
1658 1771 1784 1806 κλήσεως
1798 1770 1893 1805 χάριν,

1092 1820 1140 1846 καὶ
1152 1819 1200 1854 τῆς
1214 1820 1255 1850 είς
1269 1816 1342 1846 οἷκον
1358 1817 1537 1854 ἀνακομιδῆς,
1547 1817 1722 1852 ὲπιφωνῆσαι
1731 1816 1759 1843 δὲ
1774 1814 1805 1843 εὖ
1817 1816 1895 1851 μάλα

1093 1864 1301 1901 »προτρεπτικῶς
1326 1873 1356 1891 τε
1381 1865 1429 1891 καὶ
1456 1863 1671 1900 Διιαριιικλητικῶς
1700 1862 1731 1895 ἐξ
1758 1863 1894 1898 ὀνόματος

1077 1911 1289 1948 ιπροσειπόντα·
1311 1920 1320 1936 ι
1336 1910 1495 1946 Μεμνήσθω
1510 1910 1579 1945 αὐτῇ
1595 1909 1642 1936 τοῦ
1666 1909 1772 1944 Κυρίου
1792 1909 1865 1944 (50).
1883 1918 1891 1934 ι

1090 1957 1216 1989 Τοιοῦτος
1229 1955 1264 1992 ἦν
1279 1957 1293 1984 ὁ
1306 1956 1359 1983 τῶν
1380 1956 1523 1992 μακαρίων
1536 1956 1636 1991 γάμος,
1653 1955 1702 1982 καὶ
1713 1956 1730 1990 ἡ
1747 1955 1830 1990 μέχρι
1838 1954 1894 1981 τῶν

1091 2004 1225 2039 φιλτάτων
1249 2004 1340 2030 τελεία
1361 2003 1490 2034 διάθεσις.
1509 2001 1604 2038 Ταύτῃ
1620 2001 1695 2028 καὶὸ
1714 2001 1892 2031 ’Δπόςτολος,

1093 2059 1102 2075 ι
1126 2050 1155 2076 'O
1171 2050 1269 2086 γαμῶν
1281 2050 1348 2086 (5|),
1363 2048 1454 2084 φησὶν,
1470 2048 1508 2080 ὡς
1525 2047 1563 2084 μὴ
1575 2046 1691 2082 γαμῶν·
1713 2057 1722 2072 ι
1744 2047 1892 2083 ἀπροσπαε

1130 2175 1184 2211 (49)
1206 2174 1266 2211 Τὴν
1287 2176 1337 2203 ἐπὶ
1359 2174 1498 2203 θάνατον.
1530 2174 1563 2203 ΙΙ.
1581 2175 1687 2202 mavult
1701 2175 1753 2210 τὴν
1776 2174 1824 2201 ὲπὶ
1845 2174 1893 2202 6:-

1095 2210 1186 2272 ἓάτου.
1213 2210 1364 2247 Ulrobique
1389 2215 1480 2238 autem
1505 2210 1668 2238 subauditur
1696 2218 1794 2238 accus.
1820 2211 1891 2237 6:34».

1118 2254 1227 2272 mune.

1118 2254 1227 2274 YLBURG.

1132 2281 1186 2317 (50)
1207 2280 1376 2316 Μεμνήσθω
1395 2280 1473 2315 αὐτῇ
1485 2279 1539 2308 τοῦ
1564 2280 1689 2317 Κιζρίου.
1708 2280 1813 2317 Euseb.
1843 2281 1893 2310 lib.

1094 2324 1125 2343 ιιι
1142 2315 1214 2345 Hist.
1232 2315 1293 2351 cap.
1308 2317 1353 2348 24,
1378 2321 1472 2351 narrat
1495 2318 1547 2344 hoc
1575 2316 1664 2349 ipsum
1684 2323 1718 2342 ex
1734 2315 1892 2346 Clemente.

1096 2353 1214 2386 legitque
1233 2349 1376 2388 Μέμνησο,
1399 2349 1524 2388 ὦναῦτη,
1551 2351 1597 2377 τοῦ
1627 2351 1745 2388 Ιξυρίου.
1774 2351 1892 2378 Rufinus

1094 2385 1155 2422 cap.
1171 2388 1188 2415 5
1209 2388 1244 2414 ita
1261 2385 1360 2414 vertit:
1377 2395 1386 2412 ι
1405 2387 1489 2414 Aiunt
1507 2385 1624 2422 beatum
1635 2385 1756 2422 Petrum
1771 2392 1836 2413 cum
1852 2388 1893 2413 vi-

1093 2421 1179 2450 disset
1207 2430 1320 2449 uxorem
1346 2430 1423 2450 suam
1439 2421 1502 2449 duci
1518 2421 1551 2448 ad
1566 2421 1738 2456 passionem,
1763 2421 1892 2456 gavisam

1093 2465 1154 2485 esse
1179 2458 1321 2485 electionis
1345 2457 1443 2492 gratia.
1466 2462 1494 2484 et
1507 2457 1679 2484 exclamasse
1699 2457 1734 2483 ad
1748 2463 1811 2492 eam
1826 2464 1891 2483 Cum

1093 2493 1249 2528 duceretur,
1262 2501 1293 2520 ac
1302 2491 1411 2528 proprie
1419 2492 1533 2528 nomine
1543 2492 1756 2528 compellantem
1763 2491 1872 2528 dixisse
1883 2500 1889 2518 :

1097 2527 1133 2554 ιΟ
1146 2529 1256 2561 conjux,
1271 2526 1405 2556 iuramento
1419 2527 1537 2554 Domini.
1557 2534 1569 2552 π
1582 2526 1659 2553 Talia
1670 2526 1804 2560 conjugia
1826 2535 1890 2554 san-

1092 2567 1197 2589 ctorum
1210 2569 1298 2595 erant,
1313 2567 1368 2590 tam
1385 2562 1505 2597 perfecta
1518 2562 1568 2589 fuit
1585 2561 1696 2589 affectio
1712 2562 1858 2589 beatorum
1878 2571 1886 2586 ι

1093 2596 1165 2625 ldem
1179 2597 1292 2632 Njceph.
1309 2598 1356 2625 lib.
1367 2596 1396 2630 if,
1414 2605 1439 2625 c.
1453 2597 1496 2624 44.
1513 2597 1598 2625 COLL.
1613 2612 1648 2617 -—
1658 2597 1775 2632 Rectius
1788 2597 1823 2624 Η.
1837 2597 1889 2624 Μέ-

1094 2634 1185 2668 μνησ¹,
1195 2631 1217 2659 ὦ
1228 2631 1307 2668 αὕτη.
1335 2633 1427 2660 Refert
1442 2637 1533 2659 autem
1551 2633 1609 2658 haec
1624 2632 1707 2659 etiam
1723 2631 1827 2659 Eusrb.
1841 2632 1887 2658 lib.

1094 2667 1146 2700 iu,’
1163 2676 1186 2695 c.
1213 2668 1259 2696 24.
1282 2667 1415 2696 διιιιυιιο.
1431 2683 1466 2688 ——
1493 2668 1601 2694 Similia
1619 2668 1719 2694 scribit
1743 2669 1828 2694 etiam
1846 2667 1887 2694 Cl.

1092 2702 1186 2729 Lowth
1191 2704 1197 2729 i
1202 2712 1242 2730 ns.

1127 2737 1184 2773 (51)
1211 2738 1236 2763 '0
1249 2738 1359 2772 γαμῶν,
1374 2738 1495 2772 Respicit
1513 2736 1524 2764 ἰ
1545 2737 1609 2764 Cor.
1624 2746 1673 2770 vn,
1687 2737 1742 2764 29:
1761 2737 1848 2773 Τοῦτο

1091 2772 1178 2808 φημι,
1190 2773 1307 2807 ἀδελφοὶ,
1317 2774 1357 2799 ὃτι
1371 2773 1488 2809 ὁκαιρὺς
1503 2773 1733 2809 συνεσταλμένος
1749 2773 1781 2798 τὺ
1795 2772 1887 2809 λοιπὸν

1092 2803 1175 2842 ἔστιν,
1186 2809 1228 2836 ἵνα
1242 2803 1290 2835 καὶ
1298 2803 1322 2835 οἱ
1337 2803 1595 2844 ἕχοντεξγυναῖκας,
1606 2803 1646 2840 ὡς
1657 2808 1696 2844 μὴ
1707 2803 1818 2843 ἔχοντες
1825 2803 1885 2833 ὦσι.
