  <div class='ocr_page' id='page_1' title='image "/cluster/home/n/w/nwhite01/storage/ocr_20150623/9/njp.32101077772398/301.png"; bbox 0 0 1933 3075; ppageno 0'>
   <div class='ocr_carea' id='block_1_1' title="bbox 187 166 240 194">
    <p class='ocr_par' dir='ltr' id='par_1_1' title="bbox 187 166 240 194">
     <span class='ocr_line' id='line_1_1' title="bbox 187 166 240 194; baseline 0 0"><span class='ocrx_word' id='word_1_1' title='bbox 187 166 240 194; x_wconf 69' lang='grc' dir='ltr'>ιθθ</span> 
     </span>
    </p>
   </div>
   <div class='ocr_carea' id='block_1_2' title="bbox 770 165 1214 193">
    <p class='ocr_par' dir='ltr' id='par_1_2' title="bbox 770 165 1214 193">
     <span class='ocr_line' id='line_1_2' title="bbox 770 165 1214 193; baseline 0 -1"><span class='ocrx_word' id='word_1_2' title='bbox 770 165 966 193; x_wconf 73' lang='lat' dir='ltr'><strong>CLEMENTIS</strong></span> <span class='ocrx_word' id='word_1_3' title='bbox 981 165 1214 192; x_wconf 74' lang='lat' dir='ltr'><strong>ALEXANDRINI</strong></span> 
     </span>
    </p>
   </div>
   <div class='ocr_carea' id='block_1_3' title="bbox 1761 166 1814 193">
    <p class='ocr_par' dir='ltr' id='par_1_3' title="bbox 1761 166 1814 193">
     <span class='ocr_line' id='line_1_3' title="bbox 1761 166 1814 193; baseline 0.019 -1"><span class='ocrx_word' id='word_1_4' title='bbox 1761 166 1814 193; x_wconf 84' lang='lat'><strong>500</strong></span> 
     </span>
    </p>
   </div>
   <div class='ocr_carea' id='block_1_4' title="bbox 187 220 977 260">
    <p class='ocr_par' dir='ltr' id='par_1_4' title="bbox 187 222 975 260">
     <span class='ocr_line' id='line_1_4' title="bbox 187 222 975 260; baseline -0.001 -9"><span class='ocrx_word' id='word_1_5' title='bbox 187 224 283 257; x_wconf 78' lang='lat' dir='ltr'><strong>vincit,</strong></span> <span class='ocrx_word' id='word_1_6' title='bbox 300 223 348 260; x_wconf 81' lang='lat' dir='ltr'><strong>qui</strong></span> <span class='ocrx_word' id='word_1_7' title='bbox 365 223 392 251; x_wconf 91' lang='lat' dir='ltr'><strong>in</strong></span> <span class='ocrx_word' id='word_1_8' title='bbox 410 222 491 259; x_wconf 76' lang='lat'><strong>315</strong></span> <span class='ocrx_word' id='word_1_9' title='bbox 506 223 691 255; x_wconf 86' lang='lat' dir='ltr'><strong>matrimonio,</strong></span> <span class='ocrx_word' id='word_1_10' title='bbox 707 227 733 250; x_wconf 91' lang='lat' dir='ltr'><strong>et</strong></span> <span class='ocrx_word' id='word_1_11' title='bbox 749 223 896 251; x_wconf 76' lang='lat' dir='ltr'><strong>liberatum</strong></span> <span class='ocrx_word' id='word_1_12' title='bbox 913 231 975 258; x_wconf 88' lang='lat' dir='ltr'><strong>pro-</strong></span> 
     </span>
    </p>
   </div>
   <div class='ocr_carea' id='block_1_5' title="bbox 1029 220 1815 260">
    <p class='ocr_par' dir='ltr' id='par_1_5' title="bbox 1029 220 1815 258">
     <span class='ocr_line' id='line_1_5' title="bbox 1029 220 1815 258; baseline 0.001 -10"><span class='ocrx_word' id='word_1_13' title='bbox 1029 223 1178 258; x_wconf 68' lang='grc' dir='ltr'>φερομένης</span> <span class='ocrx_word' id='word_1_14' title='bbox 1188 231 1194 237; x_wconf 93' lang='grc'><strong>·</strong></span> <span class='ocrx_word' id='word_1_15' title='bbox 1213 222 1251 257; x_wconf 83' lang='grc' dir='ltr'><strong>τῷ</strong></span> <span class='ocrx_word' id='word_1_16' title='bbox 1267 222 1295 249; x_wconf 85' lang='grc' dir='ltr'>δὲ</span> <span class='ocrx_word' id='word_1_17' title='bbox 1311 222 1394 257; x_wconf 85' lang='grc' dir='ltr'>ἀοίκῳ</span> <span class='ocrx_word' id='word_1_18' title='bbox 1410 222 1444 249; x_wconf 73' lang='grc' dir='ltr'>τὰ</span> <span class='ocrx_word' id='word_1_19' title='bbox 1460 222 1543 249; x_wconf 85' lang='grc' dir='ltr'>πολλὰ</span> <span class='ocrx_word' id='word_1_20' title='bbox 1559 220 1628 249; x_wconf 75' lang='grc' dir='ltr'>εἶναι</span> <span class='ocrx_word' id='word_1_21' title='bbox 1641 222 1815 258; x_wconf 71' lang='grc' dir='ltr'>συμεέῆηκεν</span> 
     </span>
    </p>
   </div>
   <div class='ocr_carea' id='block_1_6' title="bbox 187 269 976 305">
    <p class='ocr_par' dir='ltr' id='par_1_6' title="bbox 187 269 976 305">
     <span class='ocr_line' id='line_1_6' title="bbox 187 269 976 305; baseline -0.008 -4"><span class='ocrx_word' id='word_1_22' title='bbox 187 271 340 303; x_wconf 80' lang='lat' dir='ltr'><strong>creatione,</strong></span> <span class='ocrx_word' id='word_1_23' title='bbox 357 274 384 298; x_wconf 90' lang='lat' dir='ltr'><strong>ct</strong></span> <span class='ocrx_word' id='word_1_24' title='bbox 398 270 496 298; x_wconf 87' lang='lat' dir='ltr'><strong>domus</strong></span> <span class='ocrx_word' id='word_1_25' title='bbox 520 277 596 301; x_wconf 81' lang='lat' dir='ltr'><strong>cura.</strong></span> <span class='ocrx_word' id='word_1_26' title='bbox 610 269 686 305; x_wconf 82' lang='lat' dir='ltr'><strong>[citra</strong></span> <span class='ocrx_word' id='word_1_27' title='bbox 709 269 875 303; x_wconf 81' lang='lat' dir='ltr'><strong>voluptatem</strong></span> <span class='ocrx_word' id='word_1_28' title='bbox 888 273 915 296; x_wconf 89' lang='lat' dir='ltr'><strong>et</strong></span> <span class='ocrx_word' id='word_1_29' title='bbox 930 269 976 296; x_wconf 92' lang='lat' dir='ltr'><strong>do-</strong></span> 
     </span>
    </p>
   </div>
   <div class='ocr_carea' id='block_1_7' title="bbox 187 314 974 347">
    <p class='ocr_par' dir='ltr' id='par_1_7' title="bbox 187 314 974 347">
     <span class='ocr_line' id='line_1_7' title="bbox 187 314 974 347; baseline -0.006 -1"><span class='ocrx_word' id='word_1_30' title='bbox 187 319 273 346; x_wconf 83' lang='lat' dir='ltr'><strong>lorem</strong></span> <span class='ocrx_word' id='word_1_31' title='bbox 291 325 321 346; x_wconf 79' lang='lat' dir='ltr'><strong>se</strong></span> <span class='ocrx_word' id='word_1_32' title='bbox 333 319 452 347; x_wconf 79' lang='lat' dir='ltr'><strong>exercet,</strong></span> <span class='ocrx_word' id='word_1_33' title='bbox 469 320 496 343; x_wconf 91' lang='lat' dir='ltr'><strong>et</strong></span> <span class='ocrx_word' id='word_1_34' title='bbox 511 323 573 342; x_wconf 87' lang='lat' dir='ltr'><strong>cum</strong></span> <span class='ocrx_word' id='word_1_35' title='bbox 589 315 615 342; x_wconf 94' lang='lat' dir='ltr'><strong>in</strong></span> <span class='ocrx_word' id='word_1_36' title='bbox 632 314 741 342; x_wconf 72' lang='lat' dir='ltr'><strong>familia:</strong></span> <span class='ocrx_word' id='word_1_37' title='bbox 756 319 879 342; x_wconf 81' lang='lat' dir='ltr'><strong>versetur</strong></span> <span class='ocrx_word' id='word_1_38' title='bbox 893 322 974 342; x_wconf 76' lang='lat' dir='ltr'><strong>cura—</strong></span> 
     </span>
    </p>
   </div>
   <div class='ocr_carea' id='block_1_8' title="bbox 189 359 977 396">
    <p class='ocr_par' dir='ltr' id='par_1_8' title="bbox 189 359 977 396">
     <span class='ocr_line' id='line_1_8' title="bbox 189 359 977 396; baseline -0.008 -5"><span class='ocrx_word' id='word_1_39' title='bbox 189 364 274 396; x_wconf 85' lang='lat' dir='ltr'><strong>tione,</strong></span> <span class='ocrx_word' id='word_1_40' title='bbox 292 362 447 390; x_wconf 86' lang='lat' dir='ltr'><strong>indivulsus</strong></span> <span class='ocrx_word' id='word_1_41' title='bbox 467 364 558 387; x_wconf 90' lang='lat' dir='ltr'><strong>tamen</strong></span> <span class='ocrx_word' id='word_1_42' title='bbox 579 364 622 387; x_wconf 89' lang='lat' dir='ltr'><strong>est</strong></span> <span class='ocrx_word' id='word_1_43' title='bbox 637 367 652 386; x_wconf 91' lang='lat' dir='ltr'><strong>a</strong></span> <span class='ocrx_word' id='word_1_44' title='bbox 669 359 715 386; x_wconf 90' lang='lat' dir='ltr'><strong>Dei</strong></span> <span class='ocrx_word' id='word_1_45' title='bbox 731 359 874 392; x_wconf 85' lang='lat' dir='ltr'><strong>charitate,</strong></span> <span class='ocrx_word' id='word_1_46' title='bbox 888 360 977 386; x_wconf 82' lang='lat' dir='ltr'><strong>insur-</strong></span> 
     </span>
    </p>
   </div>
   <div class='ocr_carea' id='block_1_9' title="bbox 188 404 977 444">
    <p class='ocr_par' dir='ltr' id='par_1_9' title="bbox 188 404 977 444">
     <span class='ocr_line' id='line_1_9' title="bbox 188 404 977 444; baseline -0.008 -8"><span class='ocrx_word' id='word_1_47' title='bbox 188 410 282 444; x_wconf 74' lang='lat' dir='ltr'><strong>gilque</strong></span> <span class='ocrx_word' id='word_1_48' title='bbox 305 407 437 435; x_wconf 79' lang='lat' dir='ltr'><strong>adversus</strong></span> <span class='ocrx_word' id='word_1_49' title='bbox 460 413 568 433; x_wconf 88' lang='lat' dir='ltr'><strong>omnem</strong></span> <span class='ocrx_word' id='word_1_50' title='bbox 594 404 770 431; x_wconf 82' lang='lat' dir='ltr'><strong>tentationem</strong></span> <span class='ocrx_word' id='word_1_51' title='bbox 789 412 850 439; x_wconf 63' lang='lat' dir='ltr'><strong>quae</strong></span> <span class='ocrx_word' id='word_1_52' title='bbox 866 404 977 431; x_wconf 72' lang='lat' dir='ltr'><strong>alfertur</strong></span> 
     </span>
    </p>
   </div>
   <div class='ocr_carea' id='block_1_10' title="bbox 188 449 976 490">
    <p class='ocr_par' dir='ltr' id='par_1_10' title="bbox 188 449 976 490">
     <span class='ocr_line' id='line_1_10' title="bbox 188 449 976 490; baseline -0.008 -8"><span class='ocrx_word' id='word_1_53' title='bbox 188 463 237 490; x_wconf 88' lang='lat' dir='ltr'><strong>per</strong></span> <span class='ocrx_word' id='word_1_54' title='bbox 251 453 333 485; x_wconf 84' lang='lat' dir='ltr'><strong>lilios,</strong></span> <span class='ocrx_word' id='word_1_55' title='bbox 348 459 462 480; x_wconf 82' lang='lat' dir='ltr'><strong>uxorem</strong></span> <span class='ocrx_word' id='word_1_56' title='bbox 478 455 505 478; x_wconf 84' lang='lat' dir='ltr'><strong>et</strong></span> <span class='ocrx_word' id='word_1_57' title='bbox 528 450 657 483; x_wconf 80' lang='lat' dir='ltr'><strong>famulos,</strong></span> <span class='ocrx_word' id='word_1_58' title='bbox 679 455 706 477; x_wconf 90' lang='lat' dir='ltr'><strong>et</strong></span> <span class='ocrx_word' id='word_1_59' title='bbox 727 450 929 485; x_wconf 84' lang='lat' dir='ltr'><strong>possessiones.</strong></span> <span class='ocrx_word' id='word_1_60' title='bbox 944 449 976 476; x_wconf 84' lang='lat' dir='ltr'><strong>Ei</strong></span> 
     </span>
    </p>
   </div>
   <div class='ocr_carea' id='block_1_11' title="bbox 188 497 977 535">
    <p class='ocr_par' dir='ltr' id='par_1_11' title="bbox 188 497 977 535">
     <span class='ocr_line' id='line_1_11' title="bbox 188 497 977 535; baseline -0.008 -7"><span class='ocrx_word' id='word_1_61' title='bbox 188 505 280 528; x_wconf 87' lang='lat' dir='ltr'><strong>autem</strong></span> <span class='ocrx_word' id='word_1_62' title='bbox 295 500 341 535; x_wconf 89' lang='lat' dir='ltr'><strong>qui</strong></span> <span class='ocrx_word' id='word_1_63' title='bbox 357 499 468 526; x_wconf 89' lang='lat' dir='ltr'><strong>domum</strong></span> <span class='ocrx_word' id='word_1_64' title='bbox 483 505 538 524; x_wconf 93' lang='lat' dir='ltr'><strong>non</strong></span> <span class='ocrx_word' id='word_1_65' title='bbox 553 497 646 529; x_wconf 89' lang='lat' dir='ltr'><strong>habet,</strong></span> <span class='ocrx_word' id='word_1_66' title='bbox 664 503 763 531; x_wconf 82' lang='lat' dir='ltr'><strong>magna</strong></span> <span class='ocrx_word' id='word_1_67' title='bbox 777 503 810 523; x_wconf 74' lang='lat' dir='ltr'><strong>ex</strong></span> <span class='ocrx_word' id='word_1_68' title='bbox 824 499 901 531; x_wconf 86' lang='lat' dir='ltr'><strong>parte</strong></span> <span class='ocrx_word' id='word_1_69' title='bbox 914 503 977 524; x_wconf 83' lang='lat' dir='ltr'><strong>eve-</strong></span> 
     </span>
    </p>
   </div>
   <div class='ocr_carea' id='block_1_12' title="bbox 187 542 976 578">
    <p class='ocr_par' dir='ltr' id='par_1_12' title="bbox 187 542 976 578">
     <span class='ocr_line' id='line_1_12' title="bbox 187 542 976 578; baseline -0.006 -4"><span class='ocrx_word' id='word_1_70' title='bbox 187 547 230 574; x_wconf 90' lang='lat' dir='ltr'><strong>nit</strong></span> <span class='ocrx_word' id='word_1_71' title='bbox 245 551 275 574; x_wconf 91' lang='lat' dir='ltr'><strong>ut</strong></span> <span class='ocrx_word' id='word_1_72' title='bbox 291 553 345 573; x_wconf 94' lang='lat' dir='ltr'><strong>non</strong></span> <span class='ocrx_word' id='word_1_73' title='bbox 361 548 489 572; x_wconf 88' lang='lat' dir='ltr'><strong>tentetur.</strong></span> <span class='ocrx_word' id='word_1_74' title='bbox 511 543 563 576; x_wconf 86' lang='lat' dir='ltr'><strong>Qui</strong></span> <span class='ocrx_word' id='word_1_75' title='bbox 583 550 650 578; x_wconf 81' lang='lat' dir='ltr'><strong>ergo</strong></span> <span class='ocrx_word' id='word_1_76' title='bbox 675 542 718 570; x_wconf 89' lang='lat' dir='ltr'><strong>sui</strong></span> <span class='ocrx_word' id='word_1_77' title='bbox 742 542 914 570; x_wconf 88' lang='lat' dir='ltr'><strong>solummodo</strong></span> <span class='ocrx_word' id='word_1_78' title='bbox 926 549 976 570; x_wconf 91' lang='lat' dir='ltr'><strong>cu-</strong></span> 
     </span>
    </p>
   </div>
   <div class='ocr_carea' id='block_1_13' title="bbox 188 588 979 627">
    <p class='ocr_par' dir='ltr' id='par_1_13' title="bbox 188 588 979 627">
     <span class='ocr_line' id='line_1_13' title="bbox 188 588 979 627; baseline -0.004 -8"><span class='ocrx_word' id='word_1_79' title='bbox 188 600 246 620; x_wconf 87' lang='lat' dir='ltr'><strong>ram</strong></span> <span class='ocrx_word' id='word_1_80' title='bbox 262 592 341 627; x_wconf 85' lang='lat' dir='ltr'><strong>gerit,</strong></span> <span class='ocrx_word' id='word_1_81' title='bbox 358 590 478 617; x_wconf 78' lang='lat' dir='ltr'><strong>vincitur</strong></span> <span class='ocrx_word' id='word_1_82' title='bbox 493 589 528 616; x_wconf 86' lang='lat' dir='ltr'><strong>ab</strong></span> <span class='ocrx_word' id='word_1_83' title='bbox 543 597 586 621; x_wconf 88' lang='lat' dir='ltr'><strong>eo,</strong></span> <span class='ocrx_word' id='word_1_84' title='bbox 603 589 650 624; x_wconf 87' lang='lat' dir='ltr'><strong>qui</strong></span> <span class='ocrx_word' id='word_1_85' title='bbox 664 596 727 616; x_wconf 93' lang='lat' dir='ltr'><strong>cum</strong></span> <span class='ocrx_word' id='word_1_86' title='bbox 741 589 778 616; x_wconf 90' lang='lat' dir='ltr'><strong>sit</strong></span> <span class='ocrx_word' id='word_1_87' title='bbox 793 588 908 616; x_wconf 80' lang='lat' dir='ltr'><strong>inferior</strong></span> <span class='ocrx_word' id='word_1_88' title='bbox 916 590 979 624; x_wconf 91' lang='lat' dir='ltr'><strong>qui-</strong></span> 
     </span>
    </p>
   </div>
   <div class='ocr_carea' id='block_1_14' title="bbox 187 633 979 670">
    <p class='ocr_par' dir='ltr' id='par_1_14' title="bbox 187 633 979 670">
     <span class='ocr_line' id='line_1_14' title="bbox 187 633 979 670; baseline -0.003 -6"><span class='ocrx_word' id='word_1_89' title='bbox 187 638 249 664; x_wconf 88' lang='lat' dir='ltr'><strong>dem</strong></span> <span class='ocrx_word' id='word_1_90' title='bbox 266 640 292 663; x_wconf 90' lang='lat' dir='ltr'><strong>in</strong></span> <span class='ocrx_word' id='word_1_91' title='bbox 305 636 339 663; x_wconf 90' lang='lat' dir='ltr'><strong>iis</strong></span> <span class='ocrx_word' id='word_1_92' title='bbox 354 643 414 670; x_wconf 65' lang='lat' dir='ltr'><strong>qua:</strong></span> <span class='ocrx_word' id='word_1_93' title='bbox 426 635 563 670; x_wconf 76' lang='lat' dir='ltr'><strong>pertinent</strong></span> <span class='ocrx_word' id='word_1_94' title='bbox 574 633 608 660; x_wconf 90' lang='lat' dir='ltr'><strong>ad</strong></span> <span class='ocrx_word' id='word_1_95' title='bbox 622 641 700 660; x_wconf 83' lang='lat' dir='ltr'><strong>suam</strong></span> <span class='ocrx_word' id='word_1_96' title='bbox 715 634 839 666; x_wconf 84' lang='lat' dir='ltr'><strong>salutem,</strong></span> <span class='ocrx_word' id='word_1_97' title='bbox 854 635 979 669; x_wconf 82' lang='lat' dir='ltr'><strong>superior</strong></span> 
     </span>
    </p>
   </div>
   <div class='ocr_carea' id='block_1_15' title="bbox 187 680 979 716">
    <p class='ocr_par' dir='ltr' id='par_1_15' title="bbox 187 680 979 716">
     <span class='ocr_line' id='line_1_15' title="bbox 187 680 979 716; baseline -0.003 -6"><span class='ocrx_word' id='word_1_98' title='bbox 187 686 278 710; x_wconf 88' lang='lat' dir='ltr'><strong>autem</strong></span> <span class='ocrx_word' id='word_1_99' title='bbox 291 683 319 709; x_wconf 93' lang='lat' dir='ltr'><strong>in</strong></span> <span class='ocrx_word' id='word_1_100' title='bbox 335 689 442 713; x_wconf 85' lang='lat' dir='ltr'><strong>eorum,</strong></span> <span class='ocrx_word' id='word_1_101' title='bbox 461 688 523 716; x_wconf 65' lang='lat' dir='ltr'><strong>qua:</strong></span> <span class='ocrx_word' id='word_1_102' title='bbox 537 680 572 707; x_wconf 82' lang='lat' dir='ltr'><strong>ad</strong></span> <span class='ocrx_word' id='word_1_103' title='bbox 585 680 670 706; x_wconf 89' lang='lat' dir='ltr'><strong>vitam</strong></span> <span class='ocrx_word' id='word_1_104' title='bbox 685 684 820 715; x_wconf 79' lang='lat' dir='ltr'><strong>spectant,</strong></span> <span class='ocrx_word' id='word_1_105' title='bbox 835 680 979 715; x_wconf 84' lang='lat' dir='ltr'><strong>dispensa-</strong></span> 
     </span>
    </p>
   </div>
   <div class='ocr_carea' id='block_1_16' title="bbox 188 726 981 763">
    <p class='ocr_par' dir='ltr' id='par_1_16' title="bbox 188 726 981 763">
     <span class='ocr_line' id='line_1_16' title="bbox 188 726 981 763; baseline -0.001 -8"><span class='ocrx_word' id='word_1_106' title='bbox 188 729 272 759; x_wconf 83' lang='lat' dir='ltr'><strong>tione.</strong></span> <span class='ocrx_word' id='word_1_107' title='bbox 289 728 416 763; x_wconf 84' lang='lat' dir='ltr'><strong>exiguam</strong></span> <span class='ocrx_word' id='word_1_108' title='bbox 433 734 528 754; x_wconf 81' lang='lat' dir='ltr'><strong>revera</strong></span> <span class='ocrx_word' id='word_1_109' title='bbox 545 729 690 753; x_wconf 80' lang='lat' dir='ltr'><strong>conservat</strong></span> <span class='ocrx_word' id='word_1_110' title='bbox 707 726 864 761; x_wconf 79' lang='lat' dir='ltr'><strong>imaginem,</strong></span> <span class='ocrx_word' id='word_1_111' title='bbox 877 735 926 762; x_wconf 88' lang='lat' dir='ltr'><strong>per</strong></span> <span class='ocrx_word' id='word_1_112' title='bbox 937 736 981 754; x_wconf 89' lang='lat' dir='ltr'><strong>ve—</strong></span> 
     </span>
    </p>
   </div>
   <div class='ocr_carea' id='block_1_17' title="bbox 186 771 979 806">
    <p class='ocr_par' dir='ltr' id='par_1_17' title="bbox 186 771 979 806">
     <span class='ocr_line' id='line_1_17' title="bbox 186 771 979 806; baseline -0.003 -5"><span class='ocrx_word' id='word_1_113' title='bbox 186 773 278 802; x_wconf 83' lang='lat' dir='ltr'><strong>ritatis</strong></span> <span class='ocrx_word' id='word_1_114' title='bbox 293 780 398 801; x_wconf 87' lang='lat' dir='ltr'><strong>curam.</strong></span> <span class='ocrx_word' id='word_1_115' title='bbox 415 771 468 799; x_wconf 87' lang='lat' dir='ltr'><strong>Sed</strong></span> <span class='ocrx_word' id='word_1_116' title='bbox 483 771 565 798; x_wconf 86' lang='lat' dir='ltr'><strong>nobis</strong></span> <span class='ocrx_word' id='word_1_117' title='bbox 579 771 701 806; x_wconf 84' lang='lat' dir='ltr'><strong>quidem,</strong></span> <span class='ocrx_word' id='word_1_118' title='bbox 718 778 800 805; x_wconf 88' lang='lat' dir='ltr'><strong>quam</strong></span> <span class='ocrx_word' id='word_1_119' title='bbox 819 771 876 798; x_wconf 80' lang='lat' dir='ltr'><strong>ﬁeri</strong></span> <span class='ocrx_word' id='word_1_120' title='bbox 889 775 979 806; x_wconf 81' lang='lat' dir='ltr'><strong>potest</strong></span> 
     </span>
    </p>
   </div>
   <div class='ocr_carea' id='block_1_18' title="bbox 186 816 978 854">
    <p class='ocr_par' dir='ltr' id='par_1_18' title="bbox 186 816 978 854">
     <span class='ocr_line' id='line_1_18' title="bbox 186 816 978 854; baseline -0.004 -7"><span class='ocrx_word' id='word_1_121' title='bbox 186 819 316 853; x_wconf 85' lang='lat' dir='ltr'><strong>maxime,</strong></span> <span class='ocrx_word' id='word_1_122' title='bbox 334 818 412 854; x_wconf 87' lang='lat' dir='ltr'><strong>prius</strong></span> <span class='ocrx_word' id='word_1_123' title='bbox 434 817 511 844; x_wconf 87' lang='lat' dir='ltr'><strong>varie</strong></span> <span class='ocrx_word' id='word_1_124' title='bbox 534 816 686 844; x_wconf 77' lang='lat' dir='ltr'><strong>exercenda</strong></span> <span class='ocrx_word' id='word_1_125' title='bbox 712 822 754 843; x_wconf 82' lang='lat' dir='ltr'><strong>est</strong></span> <span class='ocrx_word' id='word_1_126' title='bbox 778 816 878 849; x_wconf 81' lang='lat' dir='ltr'><strong>anima,</strong></span> <span class='ocrx_word' id='word_1_127' title='bbox 894 820 923 843; x_wconf 92' lang='lat' dir='ltr'><strong>ut</strong></span> <span class='ocrx_word' id='word_1_128' title='bbox 945 817 978 844; x_wconf 89' lang='lat' dir='ltr'><strong>ad</strong></span> 
     </span>
    </p>
   </div>
   <div class='ocr_carea' id='block_1_19' title="bbox 187 863 976 901">
    <p class='ocr_par' dir='ltr' id='par_1_19' title="bbox 187 863 976 901">
     <span class='ocr_line' id='line_1_19' title="bbox 187 863 976 901; baseline -0.005 -8"><span class='ocrx_word' id='word_1_129' title='bbox 187 865 393 901; x_wconf 69' lang='lat' dir='ltr'><strong>suscipiendam</strong></span> <span class='ocrx_word' id='word_1_130' title='bbox 420 863 604 899; x_wconf 77' lang='lat' dir='ltr'><strong>cognitionem</strong></span> <span class='ocrx_word' id='word_1_131' title='bbox 629 863 665 890; x_wconf 89' lang='lat' dir='ltr'><strong>sit</strong></span> <span class='ocrx_word' id='word_1_132' title='bbox 683 863 809 897; x_wconf 71' lang='lat' dir='ltr'><strong>expedita</strong></span> <span class='ocrx_word' id='word_1_133' title='bbox 832 867 859 890; x_wconf 91' lang='lat' dir='ltr'><strong>et</strong></span> <span class='ocrx_word' id='word_1_134' title='bbox 877 863 976 890; x_wconf 83' lang='lat' dir='ltr'><strong>facilis.</strong></span> 
     </span>
    </p>
   </div>
   <div class='ocr_carea' id='block_1_20' title="bbox 1026 266 1814 303">
    <p class='ocr_par' dir='ltr' id='par_1_20' title="bbox 1026 266 1814 303">
     <span class='ocr_line' id='line_1_20' title="bbox 1026 266 1814 303; baseline 0 -9"><span class='ocrx_word' id='word_1_135' title='bbox 1026 269 1194 303; x_wconf 81' lang='grc' dir='ltr'>ἀπειραστῳ.</span> <span class='ocrx_word' id='word_1_136' title='bbox 1213 268 1301 294; x_wconf 81' lang='grc' dir='ltr'>Μόνου</span> <span class='ocrx_word' id='word_1_137' title='bbox 1314 268 1341 302; x_wconf 85' lang='grc' dir='ltr'>γ’</span> <span class='ocrx_word' id='word_1_138' title='bbox 1350 266 1396 295; x_wconf 84' lang='grc' dir='ltr'>οὖν</span> <span class='ocrx_word' id='word_1_139' title='bbox 1413 268 1508 295; x_wconf 76' lang='grc' dir='ltr'>ἑαυτοῦ</span> <span class='ocrx_word' id='word_1_140' title='bbox 1526 268 1683 303; x_wconf 78' lang='grc' dir='ltr'>κηδόμενος,</span> <span class='ocrx_word' id='word_1_141' title='bbox 1701 269 1814 302; x_wconf 79' lang='grc' dir='ltr'>ἡττᾶται</span> 
     </span>
    </p>
   </div>
   <div class='ocr_carea' id='block_1_21' title="bbox 1027 313 1815 350">
    <p class='ocr_par' dir='ltr' id='par_1_21' title="bbox 1027 313 1815 350">
     <span class='ocr_line' id='line_1_21' title="bbox 1027 313 1815 350; baseline 0 -10"><span class='ocrx_word' id='word_1_142' title='bbox 1027 314 1094 349; x_wconf 85' lang='grc' dir='ltr'>πρὸς</span> <span class='ocrx_word' id='word_1_143' title='bbox 1109 314 1155 340; x_wconf 77' lang='grc' dir='ltr'>τοῦ</span> <span class='ocrx_word' id='word_1_144' title='bbox 1167 313 1380 350; x_wconf 75' lang='grc' dir='ltr'><strong>ἀπολειπομένου</strong></span> <span class='ocrx_word' id='word_1_145' title='bbox 1399 314 1449 349; x_wconf 87' lang='grc' dir='ltr'>μὲν</span> <span class='ocrx_word' id='word_1_146' title='bbox 1465 314 1534 341; x_wconf 80' lang='grc' dir='ltr'>κατὰ</span> <span class='ocrx_word' id='word_1_147' title='bbox 1550 314 1599 350; x_wconf 82' lang='grc' dir='ltr'>τὴν</span> <span class='ocrx_word' id='word_1_148' title='bbox 1616 313 1711 340; x_wconf 74' lang='grc' dir='ltr'>ἑαυτοῦ</span> <span class='ocrx_word' id='word_1_149' title='bbox 1729 322 1815 348; x_wconf 63' lang='grc' dir='ltr'>σωτη-</span> 
     </span>
    </p>
   </div>
   <div class='ocr_carea' id='block_1_22' title="bbox 1027 359 1814 397">
    <p class='ocr_par' dir='ltr' id='par_1_22' title="bbox 1027 359 1814 397">
     <span class='ocr_line' id='line_1_22' title="bbox 1027 359 1814 397; baseline 0.001 -11"><span class='ocrx_word' id='word_1_150' title='bbox 1027 359 1098 395; x_wconf 85' lang='grc' dir='ltr'>ρίαν,</span> <span class='ocrx_word' id='word_1_151' title='bbox 1115 359 1318 395; x_wconf 79' lang='grc' dir='ltr'>περιττεύοντος</span> <span class='ocrx_word' id='word_1_152' title='bbox 1332 360 1360 386; x_wconf 85' lang='grc' dir='ltr'>δὲ</span> <span class='ocrx_word' id='word_1_153' title='bbox 1371 361 1400 387; x_wconf 86' lang='grc' dir='ltr'>ὲν</span> <span class='ocrx_word' id='word_1_154' title='bbox 1410 361 1442 395; x_wconf 82' lang='grc' dir='ltr'>τῇ</span> <span class='ocrx_word' id='word_1_155' title='bbox 1455 359 1525 386; x_wconf 88' lang='grc' dir='ltr'><strong>κατά</strong></span> <span class='ocrx_word' id='word_1_156' title='bbox 1539 361 1584 387; x_wconf 82' lang='grc' dir='ltr'><strong>τὸν</strong></span> <span class='ocrx_word' id='word_1_157' title='bbox 1595 360 1652 395; x_wconf 88' lang='grc' dir='ltr'>βίον</span> <span class='ocrx_word' id='word_1_158' title='bbox 1663 362 1814 397; x_wconf 79' lang='grc' dir='ltr'><strong>οἰκονομίᾳ,</strong></span> 
     </span>
    </p>
   </div>
   <div class='ocr_carea' id='block_1_23' title="bbox 1027 405 1815 441">
    <p class='ocr_par' dir='ltr' id='par_1_23' title="bbox 1027 405 1815 441">
     <span class='ocr_line' id='line_1_23' title="bbox 1027 405 1815 441; baseline 0.001 -10"><span class='ocrx_word' id='word_1_159' title='bbox 1027 405 1117 431; x_wconf 80' lang='grc' dir='ltr'><strong>εἰκόνα</strong></span> <span class='ocrx_word' id='word_1_160' title='bbox 1142 405 1260 440; x_wconf 77' lang='grc' dir='ltr'>ἀτέχνως</span> <span class='ocrx_word' id='word_1_161' title='bbox 1278 405 1333 441; x_wconf 80' lang='lat'><strong>(83)</strong></span> <span class='ocrx_word' id='word_1_162' title='bbox 1354 405 1484 437; x_wconf 76' lang='grc' dir='ltr'><strong>σώζοντος</strong></span> <span class='ocrx_word' id='word_1_163' title='bbox 1505 405 1598 441; x_wconf 78' lang='grc' dir='ltr'><strong>ὀλίγην</strong></span> <span class='ocrx_word' id='word_1_164' title='bbox 1620 407 1653 441; x_wconf 83' lang='grc' dir='ltr'>τῇ</span> <span class='ocrx_word' id='word_1_165' title='bbox 1677 406 1726 441; x_wconf 84' lang='grc' dir='ltr'>τῆς</span> <span class='ocrx_word' id='word_1_166' title='bbox 1749 406 1815 441; x_wconf 73' lang='grc' dir='ltr'>ἀλη-</span> 
     </span>
    </p>
   </div>
   <div class='ocr_carea' id='block_1_24' title="bbox 1026 449 1817 486">
    <p class='ocr_par' dir='ltr' id='par_1_24' title="bbox 1026 449 1817 486">
     <span class='ocr_line' id='line_1_24' title="bbox 1026 449 1817 486; baseline 0.003 -10"><span class='ocrx_word' id='word_1_167' title='bbox 1026 449 1100 482; x_wconf 81' lang='grc' dir='ltr'>θείας</span> <span class='ocrx_word' id='word_1_168' title='bbox 1123 450 1244 486; x_wconf 85' lang='grc' dir='ltr'>προνοίᾳ.</span> <span class='ocrx_word' id='word_1_169' title='bbox 1254 450 1321 477; x_wconf 80' lang='grc' dir='ltr'>Ἀλλ’</span> <span class='ocrx_word' id='word_1_170' title='bbox 1339 451 1404 486; x_wconf 82' lang='grc' dir='ltr'>ἡμῖν</span> <span class='ocrx_word' id='word_1_171' title='bbox 1427 459 1469 485; x_wconf 85' lang='grc' dir='ltr'><strong>γε,</strong></span> <span class='ocrx_word' id='word_1_172' title='bbox 1487 450 1525 482; x_wconf 86' lang='grc' dir='ltr'>ὡς</span> <span class='ocrx_word' id='word_1_173' title='bbox 1544 450 1583 477; x_wconf 80' lang='grc' dir='ltr'><strong>ἒνι</strong></span> <span class='ocrx_word' id='word_1_174' title='bbox 1607 451 1732 486; x_wconf 82' lang='grc' dir='ltr'>μάλιστα,</span> <span class='ocrx_word' id='word_1_175' title='bbox 1751 460 1817 486; x_wconf 85' lang='grc' dir='ltr'>προ-</span> 
     </span>
    </p>
   </div>
   <div class='ocr_carea' id='block_1_25' title="bbox 1026 495 1829 533">
    <p class='ocr_par' dir='ltr' id='par_1_25' title="bbox 1026 495 1829 533">
     <span class='ocr_line' id='line_1_25' title="bbox 1026 495 1829 533; baseline 0.002 -11"><span class='ocrx_word' id='word_1_176' title='bbox 1026 496 1194 532; x_wconf 80' lang='grc' dir='ltr'>γυμναστέον</span> <span class='ocrx_word' id='word_1_177' title='bbox 1214 496 1343 528; x_wconf 79' lang='grc' dir='ltr'><strong>ποικίλως</strong></span> <span class='ocrx_word' id='word_1_178' title='bbox 1365 497 1415 532; x_wconf 78' lang='grc' dir='ltr'>τὴν</span> <span class='ocrx_word' id='word_1_179' title='bbox 1439 496 1538 532; x_wconf 74' lang='grc' dir='ltr'>ψυχὴν,</span> <span class='ocrx_word' id='word_1_180' title='bbox 1556 497 1600 524; x_wconf 80' lang='grc' dir='ltr'>ἵνα</span> <span class='ocrx_word' id='word_1_181' title='bbox 1612 497 1724 532; x_wconf 80' lang='grc' dir='ltr'>εὐεργὸς</span> <span class='ocrx_word' id='word_1_182' title='bbox 1739 495 1829 533; x_wconf 76' lang='grc' dir='ltr'>γένη-⁸</span> 
     </span>
    </p>
   </div>
   <div class='ocr_carea' id='block_1_26' title="bbox 1026 542 1815 578">
    <p class='ocr_par' dir='ltr' id='par_1_26' title="bbox 1026 542 1815 578">
     <span class='ocr_line' id='line_1_26' title="bbox 1026 542 1815 578; baseline 0.003 -10"><span class='ocrx_word' id='word_1_183' title='bbox 1026 551 1071 569; x_wconf 83' lang='grc' dir='ltr'><strong>ται</strong></span> <span class='ocrx_word' id='word_1_184' title='bbox 1096 542 1167 578; x_wconf 74' lang='grc' dir='ltr'>πρὸς</span> <span class='ocrx_word' id='word_1_185' title='bbox 1189 542 1238 578; x_wconf 81' lang='grc' dir='ltr'>τὴν</span> <span class='ocrx_word' id='word_1_186' title='bbox 1259 542 1310 577; x_wconf 80' lang='grc' dir='ltr'>τῆς</span> <span class='ocrx_word' id='word_1_187' title='bbox 1333 542 1460 576; x_wconf 86' lang='grc' dir='ltr'>γνώσεως</span> <span class='ocrx_word' id='word_1_188' title='bbox 1477 543 1642 578; x_wconf 73' lang='grc' dir='ltr'>παραδοχὴν.</span> <span class='ocrx_word' id='word_1_189' title='bbox 1661 543 1717 578; x_wconf 76' lang='grc' dir='ltr'><strong>Οὐχ</strong></span> <span class='ocrx_word' id='word_1_190' title='bbox 1733 544 1815 578; x_wconf 78' lang='grc' dir='ltr'>ὁρᾶτε</span> 
     </span>
    </p>
   </div>
   <div class='ocr_carea' id='block_1_27' title="bbox 1027 588 1816 624">
    <p class='ocr_par' dir='ltr' id='par_1_27' title="bbox 1027 588 1816 624">
     <span class='ocr_line' id='line_1_27' title="bbox 1027 588 1816 624; baseline 0.003 -10"><span class='ocrx_word' id='word_1_191' title='bbox 1027 588 1086 621; x_wconf 82' lang='grc' dir='ltr'><strong>πῶς</strong></span> <span class='ocrx_word' id='word_1_192' title='bbox 1107 589 1274 624; x_wconf 85' lang='grc' dir='ltr'>μαλάσσεται</span> <span class='ocrx_word' id='word_1_193' title='bbox 1296 589 1380 624; x_wconf 86' lang='grc' dir='ltr'>κηρὸς</span> <span class='ocrx_word' id='word_1_194' title='bbox 1396 588 1444 615; x_wconf 73' lang='grc' dir='ltr'><strong>καὶ</strong></span> <span class='ocrx_word' id='word_1_195' title='bbox 1467 589 1628 624; x_wconf 85' lang='grc' dir='ltr'>καθαίρεται</span> <span class='ocrx_word' id='word_1_196' title='bbox 1644 589 1754 624; x_wconf 82' lang='grc' dir='ltr'>χαλκὸς,</span> <span class='ocrx_word' id='word_1_197' title='bbox 1773 590 1816 616; x_wconf 78' lang='grc' dir='ltr'>ἶνα</span> 
     </span>
    </p>
   </div>
   <div class='ocr_carea' id='block_1_28' title="bbox 1027 635 1818 671">
    <p class='ocr_par' dir='ltr' id='par_1_28' title="bbox 1027 635 1818 671">
     <span class='ocr_line' id='line_1_28' title="bbox 1027 635 1818 671; baseline 0 -9"><span class='ocrx_word' id='word_1_198' title='bbox 1027 636 1071 663; x_wconf 76' lang='grc' dir='ltr'>τὸν</span> <span class='ocrx_word' id='word_1_199' title='bbox 1097 635 1206 662; x_wconf 79' lang='grc' dir='ltr'><strong>ἐπιόντα</strong></span> <span class='ocrx_word' id='word_1_200' title='bbox 1232 636 1393 671; x_wconf 79' lang='grc' dir='ltr'><strong>χαρακτῆρα</strong></span> <span class='ocrx_word' id='word_1_201' title='bbox 1419 635 1619 671; x_wconf 76' lang='grc' dir='ltr'>παραδέξηται;</span> <span class='ocrx_word' id='word_1_202' title='bbox 1647 636 1752 662; x_wconf 75' lang='grc' dir='ltr'>Αὐτίκα</span> <span class='ocrx_word' id='word_1_203' title='bbox 1779 636 1818 668; x_wconf 85' lang='grc' dir='ltr'>ὡς</span> 
     </span>
    </p>
   </div>
   <div class='ocr_carea' id='block_1_29' title="bbox 1027 681 1818 717">
    <p class='ocr_par' dir='ltr' id='par_1_29' title="bbox 1027 681 1818 717">
     <span class='ocr_line' id='line_1_29' title="bbox 1027 681 1818 717; baseline 0.001 -9"><span class='ocrx_word' id='word_1_204' title='bbox 1027 682 1041 708; x_wconf 90' lang='lat'><strong>6</strong></span> <span class='ocrx_word' id='word_1_205' title='bbox 1065 681 1177 713; x_wconf 82' lang='grc' dir='ltr'><strong>Θάνατος</strong></span> <span class='ocrx_word' id='word_1_206' title='bbox 1200 681 1338 717; x_wconf 80' lang='grc' dir='ltr'>χωρισμὸς</span> <span class='ocrx_word' id='word_1_207' title='bbox 1373 681 1463 716; x_wconf 78' lang='grc' dir='ltr'>ψυχῆς</span> <span class='ocrx_word' id='word_1_208' title='bbox 1488 681 1542 708; x_wconf 76' lang='grc' dir='ltr'><strong>ἀπὸ</strong></span> <span class='ocrx_word' id='word_1_209' title='bbox 1567 681 1708 717; x_wconf 83' lang='grc' dir='ltr'>σώματος,</span> <span class='ocrx_word' id='word_1_210' title='bbox 1731 682 1818 714; x_wconf 71' lang='grc' dir='ltr'>οὕτως</span> 
     </span>
    </p>
   </div>
   <div class='ocr_carea' id='block_1_30' title="bbox 1028 725 1818 764">
    <p class='ocr_par' dir='ltr' id='par_1_30' title="bbox 1028 725 1818 764">
     <span class='ocr_line' id='line_1_30' title="bbox 1028 725 1818 764; baseline 0 -10"><span class='ocrx_word' id='word_1_211' title='bbox 1028 728 1157 764; x_wconf 77' lang='grc' dir='ltr'>ὴγνῶσις</span> <span class='ocrx_word' id='word_1_212' title='bbox 1185 725 1240 754; x_wconf 78' lang='grc' dir='ltr'>οἷον</span> <span class='ocrx_word' id='word_1_213' title='bbox 1263 728 1277 753; x_wconf 98' lang='lat'><strong>6</strong></span> <span class='ocrx_word' id='word_1_214' title='bbox 1301 727 1409 761; x_wconf 79' lang='grc' dir='ltr'>λογικὸς</span> <span class='ocrx_word' id='word_1_215' title='bbox 1430 726 1554 759; x_wconf 75' lang='grc' dir='ltr'>θάνατος,</span> <span class='ocrx_word' id='word_1_216' title='bbox 1572 727 1625 754; x_wconf 78' lang='grc' dir='ltr'>ἀπὸ</span> <span class='ocrx_word' id='word_1_217' title='bbox 1647 727 1701 754; x_wconf 84' lang='grc' dir='ltr'><strong>τῶν</strong></span> <span class='ocrx_word' id='word_1_218' title='bbox 1724 727 1818 755; x_wconf 81' lang='grc' dir='ltr'>παθῶν</span> 
     </span>
    </p>
   </div>
   <div class='ocr_carea' id='block_1_31' title="bbox 1027 773 1816 809">
    <p class='ocr_par' dir='ltr' id='par_1_31' title="bbox 1027 773 1816 809">
     <span class='ocr_line' id='line_1_31' title="bbox 1027 773 1816 809; baseline 0 -9"><span class='ocrx_word' id='word_1_219' title='bbox 1027 775 1143 807; x_wconf 78' lang='grc' dir='ltr'><strong>ἐπείγων</strong></span> <span class='ocrx_word' id='word_1_220' title='bbox 1169 774 1217 800; x_wconf 83' lang='grc' dir='ltr'>καὶ</span> <span class='ocrx_word' id='word_1_221' title='bbox 1243 773 1367 809; x_wconf 78' lang='grc' dir='ltr'><strong>χωρίζων</strong></span> <span class='ocrx_word' id='word_1_222' title='bbox 1395 773 1443 808; x_wconf 79' lang='grc' dir='ltr'><strong>τὴν</strong></span> <span class='ocrx_word' id='word_1_223' title='bbox 1467 773 1556 808; x_wconf 68' lang='grc' dir='ltr'>ψυχὴν</span> <span class='ocrx_word' id='word_1_224' title='bbox 1580 773 1647 809; x_wconf 70' lang='grc'><strong>(84),</strong></span> <span class='ocrx_word' id='word_1_225' title='bbox 1668 774 1716 800; x_wconf 80' lang='grc' dir='ltr'><strong>καὶ</strong></span> <span class='ocrx_word' id='word_1_226' title='bbox 1748 782 1816 809; x_wconf 84' lang='grc' dir='ltr'>προ-</span> 
     </span>
    </p>
   </div>
   <div class='ocr_carea' id='block_1_32' title="bbox 1029 818 1820 854">
    <p class='ocr_par' dir='ltr' id='par_1_32' title="bbox 1029 818 1820 854">
     <span class='ocr_line' id='line_1_32' title="bbox 1029 818 1820 854; baseline -0.005 -6"><span class='ocrx_word' id='word_1_227' title='bbox 1029 822 1102 854; x_wconf 82' lang='grc' dir='ltr'>άγων</span> <span class='ocrx_word' id='word_1_228' title='bbox 1118 821 1157 851; x_wconf 84' lang='grc' dir='ltr'>εἰς</span> <span class='ocrx_word' id='word_1_229' title='bbox 1178 819 1226 854; x_wconf 78' lang='grc' dir='ltr'>τὴν</span> <span class='ocrx_word' id='word_1_230' title='bbox 1253 819 1304 854; x_wconf 83' lang='grc' dir='ltr'>τῆς</span> <span class='ocrx_word' id='word_1_231' title='bbox 1331 818 1561 854; x_wconf 49' lang='grc' dir='ltr'>εὐποιίαςζωὴν,</span> <span class='ocrx_word' id='word_1_232' title='bbox 1591 819 1634 845; x_wconf 85' lang='grc' dir='ltr'><strong>ἵνα</strong></span> <span class='ocrx_word' id='word_1_233' title='bbox 1663 818 1723 844; x_wconf 79' lang='grc' dir='ltr'>τότε</span> <span class='ocrx_word' id='word_1_234' title='bbox 1754 818 1820 854; x_wconf 76' lang='grc' dir='ltr'>εἴπῃ</span> 
     </span>
    </p>
   </div>
   <div class='ocr_carea' id='block_1_33' title="bbox 1030 864 1816 901">
    <p class='ocr_par' dir='ltr' id='par_1_33' title="bbox 1030 864 1816 901">
     <span class='ocr_line' id='line_1_33' title="bbox 1030 864 1816 901; baseline -0.001 -10"><span class='ocrx_word' id='word_1_235' title='bbox 1030 864 1097 900; x_wconf 81' lang='grc' dir='ltr'><strong>μετά</strong></span> <span class='ocrx_word' id='word_1_236' title='bbox 1111 865 1268 901; x_wconf 77' lang='grc' dir='ltr'>παρρησίας</span> <span class='ocrx_word' id='word_1_237' title='bbox 1290 865 1358 901; x_wconf 79' lang='grc' dir='ltr'>πρὸς</span> <span class='ocrx_word' id='word_1_238' title='bbox 1368 865 1413 891; x_wconf 75' lang='grc' dir='ltr'>τὸν</span> <span class='ocrx_word' id='word_1_239' title='bbox 1426 864 1492 891; x_wconf 86' lang='grc' dir='ltr'>Θεόν</span> <span class='ocrx_word' id='word_1_240' title='bbox 1505 873 1512 880; x_wconf 76' lang='grc'><em>’</em></span> <span class='ocrx_word' id='word_1_241' title='bbox 1533 873 1542 890; x_wconf 81' lang='grc' dir='ltr'><strong>ι</strong></span> <span class='ocrx_word' id='word_1_242' title='bbox 1568 865 1611 896; x_wconf 84' lang='grc' dir='ltr'>Ὠς</span> <span class='ocrx_word' id='word_1_243' title='bbox 1626 864 1714 896; x_wconf 85' lang='grc' dir='ltr'>θέλεις</span> <span class='ocrx_word' id='word_1_244' title='bbox 1739 864 1789 897; x_wconf 83' lang='grc' dir='ltr'><strong>ζῶ.</strong></span> <span class='ocrx_word' id='word_1_245' title='bbox 1807 874 1816 890; x_wconf 75' lang='grc' dir='ltr'><strong>ι</strong></span> 
     </span>
    </p>
   </div>
   <div class='ocr_carea' id='block_1_34' title="bbox 186 909 977 946">
    <p class='ocr_par' dir='ltr' id='par_1_34' title="bbox 186 909 976 946">
     <span class='ocr_line' id='line_1_34' title="bbox 186 909 976 946; baseline -0.005 -7"><span class='ocrx_word' id='word_1_246' title='bbox 186 911 246 940; x_wconf 86' lang='lat' dir='ltr'><strong>Non</strong></span> <span class='ocrx_word' id='word_1_247' title='bbox 259 911 359 939; x_wconf 86' lang='lat' dir='ltr'><strong>videtis</strong></span> <span class='ocrx_word' id='word_1_248' title='bbox 375 910 514 946; x_wconf 84' lang='lat' dir='ltr'><strong>quomodo</strong></span> <span class='ocrx_word' id='word_1_249' title='bbox 528 909 651 936; x_wconf 82' lang='lat' dir='ltr'><strong>mollitur</strong></span> <span class='ocrx_word' id='word_1_250' title='bbox 665 916 728 936; x_wconf 86' lang='lat' dir='ltr'><strong>cera</strong></span> <span class='ocrx_word' id='word_1_251' title='bbox 744 913 772 936; x_wconf 92' lang='lat' dir='ltr'><strong>et</strong></span> <span class='ocrx_word' id='word_1_252' title='bbox 788 913 918 944; x_wconf 79' lang='lat' dir='ltr'><strong>purgatur</strong></span> <span class='ocrx_word' id='word_1_253' title='bbox 929 916 976 941; x_wconf 72' lang='lat' dir='ltr'><strong>aes,</strong></span> 
     </span>
    </p>
   </div>
   <div class='ocr_carea' id='block_1_35' title="bbox 1029 909 1821 946">
    <p class='ocr_par' dir='ltr' id='par_1_35' title="bbox 1036 910 1821 946">
     <span class='ocr_line' id='line_1_35' title="bbox 1036 910 1821 946; baseline 0.001 -10"><span class='ocrx_word' id='word_1_254' title='bbox 1036 910 1064 936; x_wconf 86' lang='grc' dir='ltr'><strong>Ὀ</strong></span> <span class='ocrx_word' id='word_1_255' title='bbox 1077 910 1125 945; x_wconf 86' lang='grc' dir='ltr'>μὲν</span> <span class='ocrx_word' id='word_1_256' title='bbox 1138 911 1193 946; x_wconf 78' lang='grc' dir='ltr'>γὰρ</span> <span class='ocrx_word' id='word_1_257' title='bbox 1215 910 1368 946; x_wconf 83' lang='grc' dir='ltr'>ἀνθρώποις</span> <span class='ocrx_word' id='word_1_258' title='bbox 1381 910 1436 946; x_wconf 79' lang='grc'><strong>(85)</strong></span> <span class='ocrx_word' id='word_1_259' title='bbox 1451 910 1578 946; x_wconf 82' lang='grc' dir='ltr'><strong>ἀρέσκειν</strong></span> <span class='ocrx_word' id='word_1_260' title='bbox 1602 910 1821 946; x_wconf 74' lang='grc' dir='ltr'><strong>προαιρούμενος</strong></span> 
     </span>
    </p>
   </div>
   <div class='ocr_carea' id='block_1_36' title="bbox 187 953 977 990">
    <p class='ocr_par' dir='ltr' id='par_1_36' title="bbox 187 953 977 990">
     <span class='ocr_line' id='line_1_36' title="bbox 187 953 977 990; baseline -0.005 -5"><span class='ocrx_word' id='word_1_261' title='bbox 187 962 217 985; x_wconf 80' lang='grc' dir='ltr'><strong>ιιι</strong></span> <span class='ocrx_word' id='word_1_262' title='bbox 244 965 345 984; x_wconf 80' lang='lat' dir='ltr'><strong>novum</strong></span> <span class='ocrx_word' id='word_1_263' title='bbox 374 956 492 990; x_wconf 83' lang='lat' dir='ltr'><strong>accipiat</strong></span> <span class='ocrx_word' id='word_1_264' title='bbox 520 953 735 982; x_wconf 85' lang='lat' dir='ltr'><strong>characterem?</strong></span> <span class='ocrx_word' id='word_1_265' title='bbox 769 953 829 981; x_wconf 84' lang='lat' dir='ltr'><strong>Jam</strong></span> <span class='ocrx_word' id='word_1_266' title='bbox 856 961 920 981; x_wconf 76' lang='lat' dir='ltr'><strong>vero</strong></span> <span class='ocrx_word' id='word_1_267' title='bbox 947 958 977 981; x_wconf 88' lang='lat' dir='ltr'><strong>ut</strong></span> 
     </span>
    </p>
   </div>
   <div class='ocr_carea' id='block_1_37' title="bbox 187 1001 977 1037">
    <p class='ocr_par' dir='ltr' id='par_1_37' title="bbox 187 1001 977 1037">
     <span class='ocr_line' id='line_1_37' title="bbox 187 1001 977 1037; baseline -0.005 -5"><span class='ocrx_word' id='word_1_268' title='bbox 187 1012 264 1032; x_wconf 90' lang='lat' dir='ltr'><strong>mors</strong></span> <span class='ocrx_word' id='word_1_269' title='bbox 277 1009 319 1032; x_wconf 85' lang='lat' dir='ltr'><strong>est</strong></span> <span class='ocrx_word' id='word_1_270' title='bbox 334 1003 432 1030; x_wconf 60' lang='lat' dir='ltr'><strong>anima),</strong></span> <span class='ocrx_word' id='word_1_271' title='bbox 454 1001 590 1037; x_wconf 76' lang='lat' dir='ltr'><strong>separatio</strong></span> <span class='ocrx_word' id='word_1_272' title='bbox 609 1009 624 1028; x_wconf 90' lang='lat' dir='ltr'><strong>a</strong></span> <span class='ocrx_word' id='word_1_273' title='bbox 647 1009 772 1036; x_wconf 86' lang='lat' dir='ltr'><strong>corpore,</strong></span> <span class='ocrx_word' id='word_1_274' title='bbox 796 1001 834 1028; x_wconf 90' lang='lat' dir='ltr'><strong>ita</strong></span> <span class='ocrx_word' id='word_1_275' title='bbox 858 1001 977 1036; x_wconf 80' lang='lat' dir='ltr'><strong>cognitio</strong></span> 
     </span>
    </p>
   </div>
   <div class='ocr_carea' id='block_1_38' title="bbox 187 1046 977 1080">
    <p class='ocr_par' dir='ltr' id='par_1_38' title="bbox 187 1046 977 1080">
     <span class='ocr_line' id='line_1_38' title="bbox 187 1046 977 1080; baseline -0.004 -3"><span class='ocrx_word' id='word_1_276' title='bbox 187 1055 230 1078; x_wconf 88' lang='lat' dir='ltr'><strong>est</strong></span> <span class='ocrx_word' id='word_1_277' title='bbox 253 1049 338 1077; x_wconf 88' lang='lat' dir='ltr'><strong>veluti</strong></span> <span class='ocrx_word' id='word_1_278' title='bbox 362 1055 436 1075; x_wconf 85' lang='lat' dir='ltr'><strong>mors</strong></span> <span class='ocrx_word' id='word_1_279' title='bbox 458 1047 611 1080; x_wconf 83' lang='lat' dir='ltr'><strong>rationalis,</strong></span> <span class='ocrx_word' id='word_1_280' title='bbox 637 1046 777 1073; x_wconf 85' lang='lat' dir='ltr'><strong>abducens</strong></span> <span class='ocrx_word' id='word_1_281' title='bbox 798 1051 825 1073; x_wconf 90' lang='lat' dir='ltr'><strong>et</strong></span> <span class='ocrx_word' id='word_1_282' title='bbox 847 1054 977 1080; x_wconf 74' lang='lat' dir='ltr'><strong>separatis</strong></span> 
     </span>
    </p>
   </div>
   <div class='ocr_carea' id='block_1_39' title="bbox 188 1091 976 1128">
    <p class='ocr_par' dir='ltr' id='par_1_39' title="bbox 188 1091 976 1128">
     <span class='ocr_line' id='line_1_39' title="bbox 188 1091 976 1128; baseline -0.004 -5"><span class='ocrx_word' id='word_1_283' title='bbox 188 1097 306 1123; x_wconf 86' lang='lat' dir='ltr'><strong>animam</strong></span> <span class='ocrx_word' id='word_1_284' title='bbox 318 1102 332 1121; x_wconf 91' lang='lat' dir='ltr'><strong>a</strong></span> <span class='ocrx_word' id='word_1_285' title='bbox 342 1094 461 1122; x_wconf 85' lang='lat' dir='ltr'><strong>molibus</strong></span> <span class='ocrx_word' id='word_1_286' title='bbox 469 1097 496 1120; x_wconf 87' lang='lat' dir='ltr'><strong>et</strong></span> <span class='ocrx_word' id='word_1_287' title='bbox 504 1092 765 1128; x_wconf 88' lang='lat' dir='ltr'><strong>perturbationibus,</strong></span> <span class='ocrx_word' id='word_1_288' title='bbox 773 1091 976 1123; x_wconf 49' lang='lat' dir='ltr'><strong>etmdeducens</strong></span> 
     </span>
    </p>
   </div>
   <div class='ocr_carea' id='block_1_40' title="bbox 188 1138 977 1174">
    <p class='ocr_par' dir='ltr' id='par_1_40' title="bbox 188 1138 977 1174">
     <span class='ocr_line' id='line_1_40' title="bbox 188 1138 977 1174; baseline -0.005 -5"><span class='ocrx_word' id='word_1_289' title='bbox 188 1143 223 1170; x_wconf 82' lang='lat' dir='ltr'><strong>ad</strong></span> <span class='ocrx_word' id='word_1_290' title='bbox 237 1143 322 1169; x_wconf 85' lang='lat' dir='ltr'><strong>vitam</strong></span> <span class='ocrx_word' id='word_1_291' title='bbox 337 1141 470 1168; x_wconf 89' lang='lat' dir='ltr'><strong>bonarum</strong></span> <span class='ocrx_word' id='word_1_292' title='bbox 498 1139 699 1174; x_wconf 90' lang='lat' dir='ltr'><strong>operationum,</strong></span> <span class='ocrx_word' id='word_1_293' title='bbox 713 1143 743 1166; x_wconf 91' lang='lat' dir='ltr'><strong>ut</strong></span> <span class='ocrx_word' id='word_1_294' title='bbox 755 1142 821 1166; x_wconf 88' lang='lat' dir='ltr'><strong>tunc</strong></span> <span class='ocrx_word' id='word_1_295' title='bbox 833 1138 888 1166; x_wconf 88' lang='lat' dir='ltr'><strong>Deo</strong></span> <span class='ocrx_word' id='word_1_296' title='bbox 902 1139 977 1165; x_wconf 91' lang='lat' dir='ltr'><strong>dicat</strong></span> 
     </span>
    </p>
   </div>
   <div class='ocr_carea' id='block_1_41' title="bbox 188 1185 977 1220">
    <p class='ocr_par' dir='ltr' id='par_1_41' title="bbox 188 1185 977 1220">
     <span class='ocr_line' id='line_1_41' title="bbox 188 1185 977 1220; baseline -0.004 -5"><span class='ocrx_word' id='word_1_297' title='bbox 188 1189 292 1216; x_wconf 86' lang='lat' dir='ltr'><strong>libere:</strong></span> <span class='ocrx_word' id='word_1_298' title='bbox 311 1196 321 1212; x_wconf 73' lang='grc' dir='ltr'><strong>ι</strong></span> <span class='ocrx_word' id='word_1_299' title='bbox 340 1186 408 1214; x_wconf 83' lang='lat' dir='ltr'><strong>Vivo</strong></span> <span class='ocrx_word' id='word_1_300' title='bbox 421 1186 492 1214; x_wconf 89' lang='lat' dir='ltr'><strong>sicut</strong></span> <span class='ocrx_word' id='word_1_301' title='bbox 515 1189 545 1212; x_wconf 91' lang='lat' dir='ltr'><strong>tu</strong></span> <span class='ocrx_word' id='word_1_302' title='bbox 559 1185 611 1212; x_wconf 86' lang='lat' dir='ltr'><strong>vis.</strong></span> <span class='ocrx_word' id='word_1_303' title='bbox 632 1195 641 1211; x_wconf 73' lang='grc' dir='ltr'><strong>ι</strong></span> <span class='ocrx_word' id='word_1_304' title='bbox 657 1185 725 1212; x_wconf 77' lang='lat' dir='ltr'><strong>Nam</strong></span> <span class='ocrx_word' id='word_1_305' title='bbox 750 1185 830 1220; x_wconf 82' lang='lat' dir='ltr'><strong>cujus</strong></span> <span class='ocrx_word' id='word_1_306' title='bbox 844 1189 886 1212; x_wconf 90' lang='lat' dir='ltr'><strong>est</strong></span> <span class='ocrx_word' id='word_1_307' title='bbox 898 1185 977 1212; x_wconf 84' lang='lat' dir='ltr'><strong>insti-</strong></span> 
     </span>
    </p>
   </div>
   <div class='ocr_carea' id='block_1_42' title="bbox 188 1229 977 1266">
    <p class='ocr_par' dir='ltr' id='par_1_42' title="bbox 188 1229 977 1266">
     <span class='ocr_line' id='line_1_42' title="bbox 188 1229 977 1266; baseline -0.003 -8"><span class='ocrx_word' id='word_1_308' title='bbox 188 1236 277 1259; x_wconf 90' lang='lat' dir='ltr'><strong>tutum</strong></span> <span class='ocrx_word' id='word_1_309' title='bbox 292 1234 322 1258; x_wconf 88' lang='lat' dir='ltr'><strong>ut</strong></span> <span class='ocrx_word' id='word_1_310' title='bbox 337 1231 444 1266; x_wconf 83' lang='lat' dir='ltr'><strong>placeat</strong></span> <span class='ocrx_word' id='word_1_311' title='bbox 458 1229 626 1262; x_wconf 78' lang='lat' dir='ltr'><strong>hominibus,</strong></span> <span class='ocrx_word' id='word_1_312' title='bbox 642 1230 665 1257; x_wconf 88' lang='lat' dir='ltr'><strong>is</strong></span> <span class='ocrx_word' id='word_1_313' title='bbox 679 1229 735 1257; x_wconf 90' lang='lat' dir='ltr'><strong>Deo</strong></span> <span class='ocrx_word' id='word_1_314' title='bbox 749 1230 856 1264; x_wconf 82' lang='lat' dir='ltr'><strong>placere</strong></span> <span class='ocrx_word' id='word_1_315' title='bbox 870 1237 924 1256; x_wconf 94' lang='lat' dir='ltr'><strong>non</strong></span> <span class='ocrx_word' id='word_1_316' title='bbox 934 1237 977 1264; x_wconf 92' lang='lat' dir='ltr'><strong>po-</strong></span> 
     </span>
    </p>
   </div>
   <div class='ocr_carea' id='block_1_43' title="bbox 187 1275 978 1313">
    <p class='ocr_par' dir='ltr' id='par_1_43' title="bbox 187 1275 978 1313">
     <span class='ocr_line' id='line_1_43' title="bbox 187 1275 978 1313; baseline -0.004 -8"><span class='ocrx_word' id='word_1_317' title='bbox 187 1282 257 1306; x_wconf 82' lang='lat' dir='ltr'><strong>test:</strong></span> <span class='ocrx_word' id='word_1_318' title='bbox 274 1277 402 1313; x_wconf 79' lang='lat' dir='ltr'><strong>quoniam</strong></span> <span class='ocrx_word' id='word_1_319' title='bbox 426 1285 480 1304; x_wconf 90' lang='lat' dir='ltr'><strong>non</strong></span> <span class='ocrx_word' id='word_1_320' title='bbox 494 1283 557 1312; x_wconf 64' lang='lat' dir='ltr'><strong>quae</strong></span> <span class='ocrx_word' id='word_1_321' title='bbox 573 1276 730 1308; x_wconf 81' lang='lat' dir='ltr'><strong>conferunt,</strong></span> <span class='ocrx_word' id='word_1_322' title='bbox 761 1275 808 1303; x_wconf 82' lang='lat' dir='ltr'><strong>sed</strong></span> <span class='ocrx_word' id='word_1_323' title='bbox 829 1284 889 1311; x_wconf 77' lang='lat' dir='ltr'><strong>qua:</strong></span> <span class='ocrx_word' id='word_1_324' title='bbox 902 1275 978 1303; x_wconf 89' lang='lat' dir='ltr'><strong>dele-</strong></span> 
     </span>
    </p>
   </div>
   <div class='ocr_carea' id='block_1_44' title="bbox 186 1321 977 1359">
    <p class='ocr_par' dir='ltr' id='par_1_44' title="bbox 186 1321 977 1359">
     <span class='ocr_line' id='line_1_44' title="bbox 186 1321 977 1359; baseline -0.004 -8"><span class='ocrx_word' id='word_1_325' title='bbox 186 1328 263 1352; x_wconf 84' lang='lat' dir='ltr'><strong>ctant</strong></span> <span class='ocrx_word' id='word_1_326' title='bbox 277 1323 399 1359; x_wconf 82' lang='lat' dir='ltr'><strong>plerique</strong></span> <span class='ocrx_word' id='word_1_327' title='bbox 411 1323 532 1358; x_wconf 67' lang='lat' dir='ltr'><strong>eligunt;</strong></span> <span class='ocrx_word' id='word_1_328' title='bbox 548 1322 595 1357; x_wconf 89' lang='lat' dir='ltr'><strong>qui</strong></span> <span class='ocrx_word' id='word_1_329' title='bbox 610 1325 701 1349; x_wconf 85' lang='lat' dir='ltr'><strong>autem</strong></span> <span class='ocrx_word' id='word_1_330' title='bbox 717 1321 771 1349; x_wconf 90' lang='lat' dir='ltr'><strong>Deo</strong></span> <span class='ocrx_word' id='word_1_331' title='bbox 784 1323 883 1357; x_wconf 86' lang='lat' dir='ltr'><strong>placet,</strong></span> <span class='ocrx_word' id='word_1_332' title='bbox 898 1322 977 1349; x_wconf 84' lang='lat' dir='ltr'><strong>bonis</strong></span> 
     </span>
    </p>
   </div>
   <div class='ocr_carea' id='block_1_45' title="bbox 188 1369 977 1405">
    <p class='ocr_par' dir='ltr' id='par_1_45' title="bbox 188 1369 977 1405">
     <span class='ocr_line' id='line_1_45' title="bbox 188 1369 977 1405; baseline 0 -9"><span class='ocrx_word' id='word_1_333' title='bbox 188 1370 345 1398; x_wconf 86' lang='lat' dir='ltr'><strong>hominibus</strong></span> <span class='ocrx_word' id='word_1_334' title='bbox 372 1377 423 1405; x_wconf 90' lang='lat' dir='ltr'><strong>per</strong></span> <span class='ocrx_word' id='word_1_335' title='bbox 449 1370 676 1404; x_wconf 85' lang='lat' dir='ltr'><strong>consequentiam</strong></span> <span class='ocrx_word' id='word_1_336' title='bbox 703 1369 734 1396; x_wconf 83' lang='lat' dir='ltr'><strong>(it</strong></span> <span class='ocrx_word' id='word_1_337' title='bbox 748 1372 842 1404; x_wconf 79' lang='lat' dir='ltr'><strong>gratus</strong></span> <span class='ocrx_word' id='word_1_338' title='bbox 856 1372 883 1396; x_wconf 86' lang='lat' dir='ltr'><strong>et</strong></span> <span class='ocrx_word' id='word_1_339' title='bbox 897 1377 977 1396; x_wconf 90' lang='lat' dir='ltr'><strong>acce-</strong></span> 
     </span>
    </p>
   </div>
   <div class='ocr_carea' id='block_1_46' title="bbox 188 1414 978 1451">
    <p class='ocr_par' dir='ltr' id='par_1_46' title="bbox 188 1414 978 1451">
     <span class='ocr_line' id='line_1_46' title="bbox 188 1414 978 1451; baseline -0.003 -8"><span class='ocrx_word' id='word_1_340' title='bbox 188 1421 262 1451; x_wconf 84' lang='lat' dir='ltr'><strong>ptus.</strong></span> <span class='ocrx_word' id='word_1_341' title='bbox 277 1415 420 1449; x_wconf 86' lang='lat' dir='ltr'><strong>Quomodo</strong></span> <span class='ocrx_word' id='word_1_342' title='bbox 433 1423 498 1451; x_wconf 79' lang='lat' dir='ltr'><strong>ergo</strong></span> <span class='ocrx_word' id='word_1_343' title='bbox 512 1416 590 1444; x_wconf 89' lang='lat' dir='ltr'><strong>cibus</strong></span> <span class='ocrx_word' id='word_1_344' title='bbox 602 1419 629 1443; x_wconf 87' lang='lat' dir='ltr'><strong>et</strong></span> <span class='ocrx_word' id='word_1_345' title='bbox 644 1419 724 1450; x_wconf 87' lang='lat' dir='ltr'><strong>polus</strong></span> <span class='ocrx_word' id='word_1_346' title='bbox 737 1419 765 1442; x_wconf 89' lang='lat' dir='ltr'><strong>et</strong></span> <span class='ocrx_word' id='word_1_347' title='bbox 780 1414 871 1442; x_wconf 82' lang='lat' dir='ltr'><strong>Venus</strong></span> <span class='ocrx_word' id='word_1_348' title='bbox 883 1415 907 1443; x_wconf 88' lang='lat' dir='ltr'><strong>ci</strong></span> <span class='ocrx_word' id='word_1_349' title='bbox 920 1422 978 1441; x_wconf 88' lang='lat' dir='ltr'><strong>am-</strong></span> 
     </span>
    </p>
   </div>
   <div class='ocr_carea' id='block_1_47' title="bbox 188 1461 977 1501">
    <p class='ocr_par' dir='ltr' id='par_1_47' title="bbox 188 1461 977 1501">
     <span class='ocr_line' id='line_1_47' title="bbox 188 1461 977 1501; baseline -0.001 -13"><span class='ocrx_word' id='word_1_350' title='bbox 188 1463 260 1498; x_wconf 89' lang='lat' dir='ltr'><strong>plius</strong></span> <span class='ocrx_word' id='word_1_351' title='bbox 275 1462 356 1490; x_wconf 81' lang='lat' dir='ltr'><strong>fuerit</strong></span> <span class='ocrx_word' id='word_1_352' title='bbox 368 1462 550 1501; x_wconf 74' lang='lat' dir='ltr'><strong>delectabilis,</strong></span> <span class='ocrx_word' id='word_1_353' title='bbox 579 1470 643 1489; x_wconf 92' lang='lat' dir='ltr'><strong>cum</strong></span> <span class='ocrx_word' id='word_1_354' title='bbox 659 1462 740 1489; x_wconf 86' lang='lat' dir='ltr'><strong>etiam</strong></span> <span class='ocrx_word' id='word_1_355' title='bbox 762 1469 916 1489; x_wconf 89' lang='lat' dir='ltr'><strong>sermonem</strong></span> <span class='ocrx_word' id='word_1_356' title='bbox 931 1461 977 1495; x_wconf 92' lang='lat' dir='ltr'><strong>qui</strong></span> 
     </span>
    </p>
   </div>
   <div class='ocr_carea' id='block_1_48' title="bbox 189 1507 977 1544">
    <p class='ocr_par' dir='ltr' id='par_1_48' title="bbox 189 1507 977 1544">
     <span class='ocr_line' id='line_1_48' title="bbox 189 1507 977 1544; baseline -0.001 -9"><span class='ocrx_word' id='word_1_357' title='bbox 189 1510 308 1544; x_wconf 77' lang='lat' dir='ltr'><strong>aliquam</strong></span> <span class='ocrx_word' id='word_1_358' title='bbox 323 1508 403 1536; x_wconf 78' lang='lat' dir='ltr'><strong>aﬂert</strong></span> <span class='ocrx_word' id='word_1_359' title='bbox 416 1509 597 1543; x_wconf 90' lang='lat' dir='ltr'><strong>voluptatem,</strong></span> <span class='ocrx_word' id='word_1_360' title='bbox 626 1512 788 1543; x_wconf 86' lang='lat' dir='ltr'><strong>motumque</strong></span> <span class='ocrx_word' id='word_1_361' title='bbox 803 1507 977 1542; x_wconf 77' lang='lat' dir='ltr'><strong>cogitatienis</strong></span> 
     </span>
    </p>
   </div>
   <div class='ocr_carea' id='block_1_49' title="bbox 188 1553 978 1589">
    <p class='ocr_par' dir='ltr' id='par_1_49' title="bbox 188 1553 978 1589">
     <span class='ocr_line' id='line_1_49' title="bbox 188 1553 978 1589; baseline -0.003 -8"><span class='ocrx_word' id='word_1_362' title='bbox 188 1557 216 1581; x_wconf 85' lang='lat' dir='ltr'><strong>et</strong></span> <span class='ocrx_word' id='word_1_363' title='bbox 239 1554 428 1589; x_wconf 87' lang='lat' dir='ltr'><strong>operationem</strong></span> <span class='ocrx_word' id='word_1_364' title='bbox 463 1553 632 1589; x_wconf 86' lang='lat' dir='ltr'><strong>jucundam,</strong></span> <span class='ocrx_word' id='word_1_365' title='bbox 658 1553 757 1581; x_wconf 84' lang='lat' dir='ltr'><strong>habeat</strong></span> <span class='ocrx_word' id='word_1_366' title='bbox 793 1553 978 1588; x_wconf 79' lang='lat' dir='ltr'><strong>suspectam?</strong></span> 
     </span>
    </p>
   </div>
   <div class='ocr_carea' id='block_1_50' title="bbox 190 1599 975 1636">
    <p class='ocr_par' dir='ltr' id='par_1_50' title="bbox 190 1599 975 1636">
     <span class='ocr_line' id='line_1_50' title="bbox 190 1599 975 1636; baseline 0 -10"><span class='ocrx_word' id='word_1_367' title='bbox 190 1608 203 1626; x_wconf 70' lang='grc' dir='ltr'><strong>ο</strong></span> <span class='ocrx_word' id='word_1_368' title='bbox 218 1599 303 1627; x_wconf 89' lang='lat' dir='ltr'><strong>Nemo</strong></span> <span class='ocrx_word' id='word_1_369' title='bbox 320 1609 330 1625; x_wconf 70' lang='grc' dir='ltr'><strong>ι</strong></span> <span class='ocrx_word' id='word_1_370' title='bbox 345 1600 419 1627; x_wconf 89' lang='lat' dir='ltr'><strong>enim</strong></span> <span class='ocrx_word' id='word_1_371' title='bbox 436 1609 445 1626; x_wconf 74' lang='grc' dir='ltr'><strong>ι</strong></span> <span class='ocrx_word' id='word_1_372' title='bbox 463 1604 554 1636; x_wconf 86' lang='lat' dir='ltr'><strong>potest</strong></span> <span class='ocrx_word' id='word_1_373' title='bbox 580 1600 688 1627; x_wconf 88' lang='lat' dir='ltr'><strong>duobus</strong></span> <span class='ocrx_word' id='word_1_374' title='bbox 715 1599 835 1626; x_wconf 79' lang='lat' dir='ltr'><strong>demittis</strong></span> <span class='ocrx_word' id='word_1_375' title='bbox 861 1599 975 1631; x_wconf 88' lang='lat' dir='ltr'><strong>servire,</strong></span> 
     </span>
    </p>
   </div>
   <div class='ocr_carea' id='block_1_51' title="bbox 188 1644 976 1680">
    <p class='ocr_par' dir='ltr' id='par_1_51' title="bbox 188 1644 976 1680">
     <span class='ocr_line' id='line_1_51' title="bbox 188 1644 976 1680; baseline 0 -9"><span class='ocrx_word' id='word_1_376' title='bbox 188 1645 244 1674; x_wconf 84' lang='lat' dir='ltr'><strong>Deo</strong></span> <span class='ocrx_word' id='word_1_377' title='bbox 257 1650 284 1673; x_wconf 89' lang='lat' dir='ltr'><strong>et</strong></span> <span class='ocrx_word' id='word_1_378' title='bbox 298 1652 478 1673; x_wconf 67' lang='lat' dir='ltr'><strong>mammonzeu</strong></span> <span class='ocrx_word' id='word_1_379' title='bbox 491 1656 498 1672; x_wconf 85' lang='lat'>:</span> <span class='ocrx_word' id='word_1_380' title='bbox 516 1656 525 1671; x_wconf 77' lang='grc' dir='ltr'><strong>ι</strong></span> <span class='ocrx_word' id='word_1_381' title='bbox 542 1653 598 1673; x_wconf 94' lang='lat' dir='ltr'><strong>non</strong></span> <span class='ocrx_word' id='word_1_382' title='bbox 613 1645 758 1680; x_wconf 87' lang='lat' dir='ltr'><strong>pecuniam</strong></span> <span class='ocrx_word' id='word_1_383' title='bbox 774 1645 928 1679; x_wconf 82' lang='lat' dir='ltr'><strong>intelligens</strong></span> <span class='ocrx_word' id='word_1_384' title='bbox 937 1644 976 1672; x_wconf 89' lang='lat' dir='ltr'><strong>sic</strong></span> 
     </span>
    </p>
   </div>
   <div class='ocr_carea' id='block_1_52' title="bbox 189 1691 976 1726">
    <p class='ocr_par' dir='ltr' id='par_1_52' title="bbox 189 1691 976 1726">
     <span class='ocr_line' id='line_1_52' title="bbox 189 1691 976 1726; baseline -0.001 -8"><span class='ocrx_word' id='word_1_385' title='bbox 189 1692 261 1719; x_wconf 91' lang='lat' dir='ltr'><strong>nude</strong></span> <span class='ocrx_word' id='word_1_386' title='bbox 273 1691 350 1723; x_wconf 87' lang='lat' dir='ltr'><strong>dicit,</strong></span> <span class='ocrx_word' id='word_1_387' title='bbox 367 1691 415 1719; x_wconf 90' lang='lat' dir='ltr'><strong>sed</strong></span> <span class='ocrx_word' id='word_1_388' title='bbox 430 1691 681 1726; x_wconf 88' lang='lat' dir='ltr'><strong>suppeditationem</strong></span> <span class='ocrx_word' id='word_1_389' title='bbox 706 1699 766 1726; x_wconf 77' lang='lat' dir='ltr'><strong>qua:</strong></span> <span class='ocrx_word' id='word_1_390' title='bbox 790 1691 819 1717; x_wconf 86' lang='lat' dir='ltr'><strong>ﬁt</strong></span> <span class='ocrx_word' id='word_1_391' title='bbox 834 1698 849 1718; x_wconf 89' lang='lat' dir='ltr'><strong>a</strong></span> <span class='ocrx_word' id='word_1_392' title='bbox 861 1691 976 1725; x_wconf 83' lang='lat' dir='ltr'><strong>pecunia</strong></span> 
     </span>
    </p>
   </div>
   <div class='ocr_carea' id='block_1_53' title="bbox 189 1736 977 1772">
    <p class='ocr_par' dir='ltr' id='par_1_53' title="bbox 189 1736 977 1772">
     <span class='ocr_line' id='line_1_53' title="bbox 189 1736 977 1772; baseline 0 -8"><span class='ocrx_word' id='word_1_393' title='bbox 189 1739 218 1764; x_wconf 91' lang='lat' dir='ltr'><strong>in</strong></span> <span class='ocrx_word' id='word_1_394' title='bbox 231 1737 321 1764; x_wconf 87' lang='lat' dir='ltr'><strong>varias</strong></span> <span class='ocrx_word' id='word_1_395' title='bbox 335 1738 500 1772; x_wconf 87' lang='lat' dir='ltr'><strong>voluptates.</strong></span> <span class='ocrx_word' id='word_1_396' title='bbox 522 1737 628 1765; x_wconf 79' lang='lat' dir='ltr'><strong>Revera</strong></span> <span class='ocrx_word' id='word_1_397' title='bbox 643 1745 697 1764; x_wconf 90' lang='lat' dir='ltr'><strong>non</strong></span> <span class='ocrx_word' id='word_1_398' title='bbox 711 1741 800 1772; x_wconf 90' lang='lat' dir='ltr'><strong>potest</strong></span> <span class='ocrx_word' id='word_1_399' title='bbox 815 1736 872 1764; x_wconf 85' lang='lat' dir='ltr'><strong>ﬁeri</strong></span> <span class='ocrx_word' id='word_1_400' title='bbox 887 1740 917 1763; x_wconf 92' lang='lat' dir='ltr'><strong>ut</strong></span> <span class='ocrx_word' id='word_1_401' title='bbox 930 1737 977 1772; x_wconf 90' lang='lat' dir='ltr'><strong>qui</strong></span> 
     </span>
    </p>
   </div>
   <div class='ocr_carea' id='block_1_54' title="bbox 189 1784 981 1820">
    <p class='ocr_par' dir='ltr' id='par_1_54' title="bbox 189 1784 981 1820">
     <span class='ocr_line' id='line_1_54' title="bbox 189 1784 981 1820; baseline 0.001 -10"><span class='ocrx_word' id='word_1_402' title='bbox 189 1784 277 1812; x_wconf 81' lang='lat' dir='ltr'><strong>Deum</strong></span> <span class='ocrx_word' id='word_1_403' title='bbox 297 1785 425 1819; x_wconf 77' lang='lat' dir='ltr'><strong>cognovit</strong></span> <span class='ocrx_word' id='word_1_404' title='bbox 440 1785 585 1819; x_wconf 79' lang='lat' dir='ltr'><strong>magniﬁce</strong></span> <span class='ocrx_word' id='word_1_405' title='bbox 610 1789 637 1812; x_wconf 87' lang='lat' dir='ltr'><strong>et</strong></span> <span class='ocrx_word' id='word_1_406' title='bbox 650 1793 724 1817; x_wconf 84' lang='lat' dir='ltr'><strong>vere,</strong></span> <span class='ocrx_word' id='word_1_407' title='bbox 751 1786 792 1813; x_wconf 90' lang='lat' dir='ltr'><strong>eis</strong></span> <span class='ocrx_word' id='word_1_408' title='bbox 806 1793 866 1820; x_wconf 70' lang='lat' dir='ltr'><strong>qum</strong></span> <span class='ocrx_word' id='word_1_409' title='bbox 880 1785 981 1812; x_wconf 73' lang='lat' dir='ltr'><strong>adver—</strong></span> 
     </span>
    </p>
   </div>
   <div class='ocr_carea' id='block_1_55' title="bbox 189 1828 976 1865">
    <p class='ocr_par' dir='ltr' id='par_1_55' title="bbox 189 1828 976 1865">
     <span class='ocr_line' id='line_1_55' title="bbox 189 1828 976 1865; baseline 0.004 -11"><span class='ocrx_word' id='word_1_410' title='bbox 189 1833 285 1855; x_wconf 78' lang='lat' dir='ltr'><strong>sautur</strong></span> <span class='ocrx_word' id='word_1_411' title='bbox 299 1828 402 1855; x_wconf 81' lang='lat' dir='ltr'><strong>serviat</strong></span> <span class='ocrx_word' id='word_1_412' title='bbox 416 1829 611 1863; x_wconf 87' lang='lat' dir='ltr'><strong>voluptatibus.</strong></span> <span class='ocrx_word' id='word_1_413' title='bbox 639 1829 688 1856; x_wconf 86' lang='lat' dir='ltr'><strong>Est</strong></span> <span class='ocrx_word' id='word_1_414' title='bbox 700 1837 766 1864; x_wconf 83' lang='lat' dir='ltr'><strong>ergo</strong></span> <span class='ocrx_word' id='word_1_415' title='bbox 780 1838 852 1857; x_wconf 89' lang='lat' dir='ltr'><strong>unus</strong></span> <span class='ocrx_word' id='word_1_416' title='bbox 867 1829 976 1865; x_wconf 86' lang='lat' dir='ltr'><strong>quidem</strong></span> 
     </span>
    </p>
   </div>
   <div class='ocr_carea' id='block_1_56' title="bbox 189 1873 977 1911">
    <p class='ocr_par' dir='ltr' id='par_1_56' title="bbox 189 1873 977 1911">
     <span class='ocr_line' id='line_1_56' title="bbox 189 1873 977 1911; baseline 0.004 -11"><span class='ocrx_word' id='word_1_417' title='bbox 189 1874 265 1901; x_wconf 84' lang='lat' dir='ltr'><strong>solus</strong></span> <span class='ocrx_word' id='word_1_418' title='bbox 277 1873 312 1900; x_wconf 92' lang='lat' dir='ltr'><strong>ab</strong></span> <span class='ocrx_word' id='word_1_419' title='bbox 325 1874 557 1909; x_wconf 86' lang='lat' dir='ltr'><strong>omnicupiditate</strong></span> <span class='ocrx_word' id='word_1_420' title='bbox 571 1875 677 1903; x_wconf 90' lang='lat' dir='ltr'><strong>alienus</strong></span> <span class='ocrx_word' id='word_1_421' title='bbox 690 1875 724 1902; x_wconf 92' lang='lat' dir='ltr'><strong>ab</strong></span> <span class='ocrx_word' id='word_1_422' title='bbox 739 1876 828 1908; x_wconf 82' lang='lat' dir='ltr'><strong>initio,</strong></span> <span class='ocrx_word' id='word_1_423' title='bbox 842 1876 977 1911; x_wconf 86' lang='lat' dir='ltr'><strong>benignus</strong></span> 
     </span>
    </p>
   </div>
   <div class='ocr_carea' id='block_1_57' title="bbox 188 1919 977 1956">
    <p class='ocr_par' dir='ltr' id='par_1_57' title="bbox 188 1919 977 1956">
     <span class='ocr_line' id='line_1_57' title="bbox 188 1919 977 1956; baseline 0.004 -10"><span class='ocrx_word' id='word_1_424' title='bbox 188 1924 216 1946; x_wconf 83' lang='grc' dir='ltr'>(ι</span> <span class='ocrx_word' id='word_1_425' title='bbox 229 1920 350 1947; x_wconf 88' lang='lat' dir='ltr'><strong>clemens</strong></span> <span class='ocrx_word' id='word_1_426' title='bbox 365 1919 510 1956; x_wconf 75' lang='lat' dir='ltr'><strong>Dominus,</strong></span> <span class='ocrx_word' id='word_1_427' title='bbox 526 1921 573 1956; x_wconf 88' lang='lat' dir='ltr'><strong>qui</strong></span> <span class='ocrx_word' id='word_1_428' title='bbox 587 1926 696 1956; x_wconf 85' lang='lat' dir='ltr'><strong>propter</strong></span> <span class='ocrx_word' id='word_1_429' title='bbox 708 1930 759 1949; x_wconf 87' lang='lat' dir='ltr'><strong>nos</strong></span> <span class='ocrx_word' id='word_1_430' title='bbox 774 1921 863 1950; x_wconf 82' lang='lat' dir='ltr'><strong>factus</strong></span> <span class='ocrx_word' id='word_1_431' title='bbox 877 1925 918 1950; x_wconf 89' lang='lat' dir='ltr'><strong>est</strong></span> <span class='ocrx_word' id='word_1_432' title='bbox 929 1922 977 1949; x_wconf 91' lang='lat' dir='ltr'><strong>ho-</strong></span> 
     </span>
    </p>
   </div>
   <div class='ocr_carea' id='block_1_58' title="bbox 188 1965 977 2002">
    <p class='ocr_par' dir='ltr' id='par_1_58' title="bbox 188 1965 977 2002">
     <span class='ocr_line' id='line_1_58' title="bbox 188 1965 977 2002; baseline 0.004 -10"><span class='ocrx_word' id='word_1_433' title='bbox 188 1974 243 1993; x_wconf 81' lang='lat' dir='ltr'><strong>no.</strong></span> <span class='ocrx_word' id='word_1_434' title='bbox 259 1965 422 2002; x_wconf 88' lang='lat' dir='ltr'><strong>Quicunque</strong></span> <span class='ocrx_word' id='word_1_435' title='bbox 436 1970 527 1994; x_wconf 88' lang='lat' dir='ltr'><strong>autem</strong></span> <span class='ocrx_word' id='word_1_436' title='bbox 544 1967 656 1995; x_wconf 86' lang='lat' dir='ltr'><strong>student</strong></span> <span class='ocrx_word' id='word_1_437' title='bbox 671 1968 819 1996; x_wconf 88' lang='lat' dir='ltr'><strong>assimilari</strong></span> <span class='ocrx_word' id='word_1_438' title='bbox 833 1968 977 1995; x_wconf 83' lang='lat' dir='ltr'><strong>characte-</strong></span> 
     </span>
    </p>
   </div>
   <div class='ocr_carea' id='block_1_59' title="bbox 189 2012 978 2050">
    <p class='ocr_par' dir='ltr' id='par_1_59' title="bbox 189 2012 978 2050">
     <span class='ocr_line' id='line_1_59' title="bbox 189 2012 978 2050; baseline 0.001 -11"><span class='ocrx_word' id='word_1_439' title='bbox 189 2013 211 2040; x_wconf 91' lang='lat' dir='ltr'><strong>ri</strong></span> <span class='ocrx_word' id='word_1_440' title='bbox 225 2013 271 2047; x_wconf 78' lang='lat' dir='ltr'><strong>qui</strong></span> <span class='ocrx_word' id='word_1_441' title='bbox 285 2012 319 2039; x_wconf 88' lang='lat' dir='ltr'><strong>ab</strong></span> <span class='ocrx_word' id='word_1_442' title='bbox 334 2012 393 2048; x_wconf 92' lang='lat' dir='ltr'><strong>ipso</strong></span> <span class='ocrx_word' id='word_1_443' title='bbox 408 2013 488 2041; x_wconf 88' lang='lat' dir='ltr'><strong>datus</strong></span> <span class='ocrx_word' id='word_1_444' title='bbox 503 2017 555 2047; x_wconf 86' lang='lat' dir='ltr'><strong>est,</strong></span> <span class='ocrx_word' id='word_1_445' title='bbox 581 2017 611 2041; x_wconf 83' lang='lat' dir='ltr'><strong>ut</strong></span> <span class='ocrx_word' id='word_1_446' title='bbox 624 2013 690 2042; x_wconf 82' lang='lat' dir='ltr'><strong>[iant</strong></span> <span class='ocrx_word' id='word_1_447' title='bbox 716 2019 844 2050; x_wconf 82' lang='lat' dir='ltr'><strong>expertes</strong></span> <span class='ocrx_word' id='word_1_448' title='bbox 870 2014 978 2049; x_wconf 85' lang='lat' dir='ltr'><strong>cupidi-</strong></span> 
     </span>
    </p>
   </div>
   <div class='ocr_carea' id='block_1_60' title="bbox 188 2059 975 2095">
    <p class='ocr_par' dir='ltr' id='par_1_60' title="bbox 188 2059 975 2095">
     <span class='ocr_line' id='line_1_60' title="bbox 188 2059 975 2095; baseline 0.004 -10"><span class='ocrx_word' id='word_1_449' title='bbox 188 2060 254 2086; x_wconf 86' lang='lat' dir='ltr'><strong>tatis</strong></span> <span class='ocrx_word' id='word_1_450' title='bbox 273 2066 322 2093; x_wconf 87' lang='lat' dir='ltr'><strong>per</strong></span> <span class='ocrx_word' id='word_1_451' title='bbox 334 2059 559 2089; x_wconf 80' lang='lat' dir='ltr'><strong>exercitationem</strong></span> <span class='ocrx_word' id='word_1_452' title='bbox 574 2067 672 2095; x_wconf 87' lang='lat' dir='ltr'><strong>magna</strong></span> <span class='ocrx_word' id='word_1_453' title='bbox 688 2061 713 2087; x_wconf 92' lang='lat' dir='ltr'><strong>vi</strong></span> <span class='ocrx_word' id='word_1_454' title='bbox 729 2061 908 2088; x_wconf 85' lang='lat' dir='ltr'><strong>contendunt.</strong></span> <span class='ocrx_word' id='word_1_455' title='bbox 924 2061 975 2094; x_wconf 86' lang='lat' dir='ltr'><strong>Qui</strong></span> 
     </span>
    </p>
   </div>
   <div class='ocr_carea' id='block_1_61' title="bbox 187 2106 977 2142">
    <p class='ocr_par' dir='ltr' id='par_1_61' title="bbox 187 2106 977 2142">
     <span class='ocr_line' id='line_1_61' title="bbox 187 2106 977 2142; baseline 0.001 -9"><span class='ocrx_word' id='word_1_456' title='bbox 187 2107 259 2133; x_wconf 89' lang='lat' dir='ltr'><strong>enim</strong></span> <span class='ocrx_word' id='word_1_457' title='bbox 276 2106 444 2141; x_wconf 89' lang='lat' dir='ltr'><strong>concupivit,</strong></span> <span class='ocrx_word' id='word_1_458' title='bbox 453 2110 479 2133; x_wconf 91' lang='lat' dir='ltr'><strong>et</strong></span> <span class='ocrx_word' id='word_1_459' title='bbox 491 2107 612 2141; x_wconf 86' lang='lat' dir='ltr'><strong>seipsum</strong></span> <span class='ocrx_word' id='word_1_460' title='bbox 624 2110 718 2142; x_wconf 86' lang='lat' dir='ltr'><strong>postea</strong></span> <span class='ocrx_word' id='word_1_461' title='bbox 729 2107 876 2139; x_wconf 86' lang='lat' dir='ltr'><strong>continuit,</strong></span> <span class='ocrx_word' id='word_1_462' title='bbox 890 2107 977 2134; x_wconf 89' lang='lat' dir='ltr'><strong>instar</strong></span> 
     </span>
    </p>
   </div>
   <div class='ocr_carea' id='block_1_62' title="bbox 187 2151 974 2187">
    <p class='ocr_par' dir='ltr' id='par_1_62' title="bbox 187 2151 974 2187">
     <span class='ocr_line' id='line_1_62' title="bbox 187 2151 974 2187; baseline 0 -9"><span class='ocrx_word' id='word_1_463' title='bbox 187 2157 229 2179; x_wconf 77' lang='lat' dir='ltr'><strong>est</strong></span> <span class='ocrx_word' id='word_1_464' title='bbox 244 2151 333 2179; x_wconf 65' lang='lat' dir='ltr'><strong>vidum</strong></span> <span class='ocrx_word' id='word_1_465' title='bbox 344 2171 352 2184; x_wconf 85' lang='lat'><strong>,</strong></span> <span class='ocrx_word' id='word_1_466' title='bbox 365 2159 426 2187; x_wconf 68' lang='lat' dir='ltr'><strong>quae</strong></span> <span class='ocrx_word' id='word_1_467' title='bbox 441 2159 537 2179; x_wconf 86' lang='lat' dir='ltr'><strong>rursus</strong></span> <span class='ocrx_word' id='word_1_468' title='bbox 561 2151 590 2178; x_wconf 81' lang='lat' dir='ltr'><strong>ﬁt</strong></span> <span class='ocrx_word' id='word_1_469' title='bbox 603 2152 680 2186; x_wconf 91' lang='lat' dir='ltr'><strong>virgo</strong></span> <span class='ocrx_word' id='word_1_470' title='bbox 695 2159 743 2186; x_wconf 88' lang='lat' dir='ltr'><strong>per</strong></span> <span class='ocrx_word' id='word_1_471' title='bbox 756 2152 974 2187; x_wconf 85' lang='lat' dir='ltr'><strong>temperantiam.</strong></span> 
     </span>
    </p>
   </div>
   <div class='ocr_carea' id='block_1_63' title="bbox 187 2197 977 2233">
    <p class='ocr_par' dir='ltr' id='par_1_63' title="bbox 187 2197 977 2233">
     <span class='ocr_line' id='line_1_63' title="bbox 187 2197 977 2233; baseline 0.001 -9"><span class='ocrx_word' id='word_1_472' title='bbox 187 2197 212 2225; x_wconf 80' lang='lat' dir='ltr'><strong>Is</strong></span> <span class='ocrx_word' id='word_1_473' title='bbox 228 2205 287 2225; x_wconf 87' lang='lat' dir='ltr'><strong>eam</strong></span> <span class='ocrx_word' id='word_1_474' title='bbox 304 2198 471 2233; x_wconf 86' lang='lat' dir='ltr'><strong>cognitionis</strong></span> <span class='ocrx_word' id='word_1_475' title='bbox 486 2197 638 2225; x_wconf 89' lang='lat' dir='ltr'><strong>mercedem</strong></span> <span class='ocrx_word' id='word_1_476' title='bbox 655 2197 795 2225; x_wconf 78' lang='lat' dir='ltr'><strong>Servatori</strong></span> <span class='ocrx_word' id='word_1_477' title='bbox 806 2203 833 2226; x_wconf 88' lang='lat' dir='ltr'><strong>et</strong></span> <span class='ocrx_word' id='word_1_478' title='bbox 848 2198 977 2233; x_wconf 78' lang='lat' dir='ltr'><strong>Magistro</strong></span> 
     </span>
    </p>
   </div>
   <div class='ocr_carea' id='block_1_64' title="bbox 189 2243 977 2278">
    <p class='ocr_par' dir='ltr' id='par_1_64' title="bbox 189 2243 977 2278">
     <span class='ocr_line' id='line_1_64' title="bbox 189 2243 977 2278; baseline 0 -8"><span class='ocrx_word' id='word_1_479' title='bbox 189 2243 327 2275; x_wconf 79' lang='lat' dir='ltr'><strong>reddidit,</strong></span> <span class='ocrx_word' id='word_1_480' title='bbox 341 2250 424 2277; x_wconf 91' lang='lat' dir='ltr'><strong>quam</strong></span> <span class='ocrx_word' id='word_1_481' title='bbox 444 2243 503 2278; x_wconf 85' lang='lat' dir='ltr'><strong>ipse</strong></span> <span class='ocrx_word' id='word_1_482' title='bbox 518 2243 614 2278; x_wconf 89' lang='lat' dir='ltr'><strong>petiit;</strong></span> <span class='ocrx_word' id='word_1_483' title='bbox 637 2251 735 2278; x_wconf 89' lang='lat' dir='ltr'><strong>nempe</strong></span> <span class='ocrx_word' id='word_1_484' title='bbox 753 2244 946 2271; x_wconf 82' lang='lat' dir='ltr'><strong>abstinentiam</strong></span> <span class='ocrx_word' id='word_1_485' title='bbox 962 2253 977 2271; x_wconf 86' lang='lat' dir='ltr'><strong>a</strong></span> 
     </span>
    </p>
   </div>
   <div class='ocr_carea' id='block_1_65' title="bbox 188 2289 978 2325">
    <p class='ocr_par' dir='ltr' id='par_1_65' title="bbox 188 2289 978 2325">
     <span class='ocr_line' id='line_1_65' title="bbox 188 2289 978 2325; baseline 0.003 -10"><span class='ocrx_word' id='word_1_486' title='bbox 188 2289 277 2321; x_wconf 81' lang='lat' dir='ltr'><strong>malis,</strong></span> <span class='ocrx_word' id='word_1_487' title='bbox 291 2293 318 2316; x_wconf 86' lang='lat' dir='ltr'><strong>et</strong></span> <span class='ocrx_word' id='word_1_488' title='bbox 331 2289 465 2316; x_wconf 86' lang='lat' dir='ltr'><strong>bonarum</strong></span> <span class='ocrx_word' id='word_1_489' title='bbox 481 2289 620 2317; x_wconf 83' lang='lat' dir='ltr'><strong>actionum</strong></span> <span class='ocrx_word' id='word_1_490' title='bbox 638 2289 836 2324; x_wconf 79' lang='lat' dir='ltr'><strong>operationem,</strong></span> <span class='ocrx_word' id='word_1_491' title='bbox 848 2298 897 2325; x_wconf 90' lang='lat' dir='ltr'><strong>per</strong></span> <span class='ocrx_word' id='word_1_492' title='bbox 909 2299 978 2325; x_wconf 88' lang='lat' dir='ltr'><strong>quas</strong></span> 
     </span>
    </p>
   </div>
   <div class='ocr_carea' id='block_1_66' title="bbox 187 2333 979 2370">
    <p class='ocr_par' dir='ltr' id='par_1_66' title="bbox 187 2333 979 2370">
     <span class='ocr_line' id='line_1_66' title="bbox 187 2333 979 2370; baseline 0.001 -10"><span class='ocrx_word' id='word_1_493' title='bbox 187 2333 293 2361; x_wconf 86' lang='lat' dir='ltr'><strong>accedit</strong></span> <span class='ocrx_word' id='word_1_494' title='bbox 307 2334 392 2361; x_wconf 87' lang='lat' dir='ltr'><strong>salus.</strong></span> <span class='ocrx_word' id='word_1_495' title='bbox 420 2333 497 2361; x_wconf 88' lang='lat' dir='ltr'><strong>Sicut</strong></span> <span class='ocrx_word' id='word_1_496' title='bbox 510 2342 576 2369; x_wconf 81' lang='lat' dir='ltr'><strong>ergo</strong></span> <span class='ocrx_word' id='word_1_497' title='bbox 590 2335 639 2369; x_wconf 88' lang='lat' dir='ltr'><strong>qui</strong></span> <span class='ocrx_word' id='word_1_498' title='bbox 656 2337 729 2361; x_wconf 85' lang='lat' dir='ltr'><strong>artes</strong></span> <span class='ocrx_word' id='word_1_499' title='bbox 745 2334 915 2366; x_wconf 88' lang='lat' dir='ltr'><strong>didicerunt,</strong></span> <span class='ocrx_word' id='word_1_500' title='bbox 930 2343 979 2370; x_wconf 87' lang='lat' dir='ltr'><strong>per</strong></span> 
     </span>
    </p>
   </div>
   <div class='ocr_carea' id='block_1_67' title="bbox 188 2379 979 2415">
    <p class='ocr_par' dir='ltr' id='par_1_67' title="bbox 188 2379 979 2415">
     <span class='ocr_line' id='line_1_67' title="bbox 188 2379 979 2415; baseline 0.003 -10"><span class='ocrx_word' id='word_1_501' title='bbox 188 2387 221 2405; x_wconf 85' lang='lat' dir='ltr'><strong>ea</strong></span> <span class='ocrx_word' id='word_1_502' title='bbox 234 2386 296 2414; x_wconf 68' lang='lat' dir='ltr'><strong>qua:</strong></span> <span class='ocrx_word' id='word_1_503' title='bbox 310 2383 374 2406; x_wconf 89' lang='lat' dir='ltr'><strong>sunt</strong></span> <span class='ocrx_word' id='word_1_504' title='bbox 393 2379 466 2406; x_wconf 89' lang='lat' dir='ltr'><strong>docti</strong></span> <span class='ocrx_word' id='word_1_505' title='bbox 485 2379 614 2406; x_wconf 86' lang='lat' dir='ltr'><strong>alimenta</strong></span> <span class='ocrx_word' id='word_1_506' title='bbox 638 2379 786 2414; x_wconf 88' lang='lat' dir='ltr'><strong>acquirunt</strong></span> <span class='ocrx_word' id='word_1_507' title='bbox 801 2390 806 2406; x_wconf 93' lang='lat'><strong>:</strong></span> <span class='ocrx_word' id='word_1_508' title='bbox 821 2379 858 2406; x_wconf 89' lang='lat' dir='ltr'><strong>ita</strong></span> <span class='ocrx_word' id='word_1_509' title='bbox 875 2381 979 2415; x_wconf 81' lang='lat' dir='ltr'><strong>gnosti-</strong></span> 
     </span>
    </p>
   </div>
   <div class='ocr_carea' id='block_1_68' title="bbox 187 2425 976 2460">
    <p class='ocr_par' dir='ltr' id='par_1_68' title="bbox 187 2425 976 2460">
     <span class='ocr_line' id='line_1_68' title="bbox 187 2425 976 2460; baseline 0 -8"><span class='ocrx_word' id='word_1_510' title='bbox 187 2433 237 2452; x_wconf 88' lang='lat' dir='ltr'><strong>cus</strong></span> <span class='ocrx_word' id='word_1_511' title='bbox 248 2445 255 2456; x_wconf 92' lang='lat'><strong>,</strong></span> <span class='ocrx_word' id='word_1_512' title='bbox 273 2432 322 2460; x_wconf 89' lang='lat' dir='ltr'><strong>per</strong></span> <span class='ocrx_word' id='word_1_513' title='bbox 337 2432 370 2452; x_wconf 86' lang='lat' dir='ltr'><strong>ca</strong></span> <span class='ocrx_word' id='word_1_514' title='bbox 385 2432 446 2459; x_wconf 71' lang='lat' dir='ltr'><strong>qua:</strong></span> <span class='ocrx_word' id='word_1_515' title='bbox 461 2425 528 2456; x_wconf 88' lang='lat' dir='ltr'><strong>scit,</strong></span> <span class='ocrx_word' id='word_1_516' title='bbox 546 2425 629 2453; x_wconf 85' lang='lat' dir='ltr'><strong>vitam</strong></span> <span class='ocrx_word' id='word_1_517' title='bbox 647 2427 802 2460; x_wconf 78' lang='lat' dir='ltr'><strong>acquirens,</strong></span> <span class='ocrx_word' id='word_1_518' title='bbox 820 2425 848 2452; x_wconf 84' lang='lat' dir='ltr'><strong>ﬁt</strong></span> <span class='ocrx_word' id='word_1_519' title='bbox 864 2426 956 2453; x_wconf 83' lang='lat' dir='ltr'><strong>salvus</strong></span> <span class='ocrx_word' id='word_1_520' title='bbox 971 2436 976 2452; x_wconf 92' lang='lat'>:</span> 
     </span>
    </p>
   </div>
   <div class='ocr_carea' id='block_1_69' title="bbox 186 2466 976 2505">
    <p class='ocr_par' dir='ltr' id='par_1_69' title="bbox 186 2466 976 2505">
     <span class='ocr_line' id='line_1_69' title="bbox 186 2466 976 2505; baseline 0.001 -8"><span class='ocrx_word' id='word_1_521' title='bbox 186 2471 234 2505; x_wconf 79' lang='lat' dir='ltr'><strong>qui</strong></span> <span class='ocrx_word' id='word_1_522' title='bbox 245 2471 318 2498; x_wconf 90' lang='lat' dir='ltr'><strong>enim</strong></span> <span class='ocrx_word' id='word_1_523' title='bbox 327 2471 446 2497; x_wconf 88' lang='lat' dir='ltr'><strong>noluerit</strong></span> <span class='ocrx_word' id='word_1_524' title='bbox 455 2471 688 2504; x_wconf 63' lang='lat' dir='ltr'><strong>perturbationem</strong></span> <span class='ocrx_word' id='word_1_525' title='bbox 697 2466 861 2499; x_wconf 69' lang='lat' dir='ltr'><strong>exscindere</strong></span> <span class='ocrx_word' id='word_1_526' title='bbox 870 2472 976 2504; x_wconf 67' lang='lat' dir='ltr'><strong>animae,</strong></span> 
     </span>
    </p>
   </div>
   <div class='ocr_carea' id='block_1_70' title="bbox 186 2516 978 2553">
    <p class='ocr_par' dir='ltr' id='par_1_70' title="bbox 186 2516 978 2553">
     <span class='ocr_line' id='line_1_70' title="bbox 186 2516 978 2553; baseline 0 -8"><span class='ocrx_word' id='word_1_527' title='bbox 186 2517 309 2551; x_wconf 74' lang='lat' dir='ltr'><strong>seipsum</strong></span> <span class='ocrx_word' id='word_1_528' title='bbox 325 2516 436 2543; x_wconf 85' lang='lat' dir='ltr'><strong>occidit.</strong></span> <span class='ocrx_word' id='word_1_529' title='bbox 455 2516 524 2549; x_wconf 84' lang='lat' dir='ltr'><strong>Sed,</strong></span> <span class='ocrx_word' id='word_1_530' title='bbox 548 2521 578 2543; x_wconf 91' lang='lat' dir='ltr'><strong>ut</strong></span> <span class='ocrx_word' id='word_1_531' title='bbox 593 2517 710 2549; x_wconf 79' lang='lat' dir='ltr'><strong>videtur,</strong></span> <span class='ocrx_word' id='word_1_532' title='bbox 729 2518 851 2545; x_wconf 87' lang='lat' dir='ltr'><strong>alimenti</strong></span> <span class='ocrx_word' id='word_1_533' title='bbox 869 2518 978 2553; x_wconf 85' lang='lat' dir='ltr'><strong>quidem</strong></span> 
     </span>
    </p>
   </div>
   <div class='ocr_carea' id='block_1_71' title="bbox 186 2563 977 2598">
    <p class='ocr_par' dir='ltr' id='par_1_71' title="bbox 186 2563 977 2598">
     <span class='ocr_line' id='line_1_71' title="bbox 186 2563 977 2598; baseline 0.003 -7"><span class='ocrx_word' id='word_1_534' title='bbox 186 2563 311 2591; x_wconf 73' lang='lat' dir='ltr'><strong>defectus</strong></span> <span class='ocrx_word' id='word_1_535' title='bbox 326 2567 369 2590; x_wconf 89' lang='lat' dir='ltr'><strong>est</strong></span> <span class='ocrx_word' id='word_1_536' title='bbox 385 2563 538 2598; x_wconf 77' lang='lat' dir='ltr'><strong>ignorantia</strong></span> <span class='ocrx_word' id='word_1_537' title='bbox 552 2563 648 2591; x_wconf 73' lang='lat' dir='ltr'><strong>anima:</strong></span> <span class='ocrx_word' id='word_1_538' title='bbox 663 2574 669 2591; x_wconf 86' lang='lat'>:</span> <span class='ocrx_word' id='word_1_539' title='bbox 686 2565 885 2592; x_wconf 86' lang='lat' dir='ltr'><strong>nutrimentum</strong></span> <span class='ocrx_word' id='word_1_540' title='bbox 901 2573 977 2598; x_wconf 84' lang='lat' dir='ltr'><strong>vero,</strong></span> 
     </span>
    </p>
   </div>
   <div class='ocr_carea' id='block_1_72' title="bbox 242 2639 980 2674">
    <p class='ocr_par' dir='ltr' id='par_1_72' title="bbox 242 2639 980 2674">
     <span class='ocr_line' id='line_1_72' title="bbox 242 2639 980 2674; baseline 0.003 -7"><span class='ocrx_word' id='word_1_541' title='bbox 242 2644 272 2674; x_wconf 61' lang='grc' dir='ltr'><strong>ᾖ(</strong></span> <span class='ocrx_word' id='word_1_542' title='bbox 290 2639 321 2667; x_wconf 86' lang='grc' dir='ltr'><strong>Ρ.</strong></span> <span class='ocrx_word' id='word_1_543' title='bbox 343 2640 396 2668; x_wconf 80' lang='grc'><strong>875</strong></span> <span class='ocrx_word' id='word_1_544' title='bbox 414 2640 469 2667; x_wconf 87' lang='grc' dir='ltr'><strong>ΕΙ).</strong></span> <span class='ocrx_word' id='word_1_545' title='bbox 487 2639 635 2672; x_wconf 81' lang='lat' dir='ltr'><strong>POTTER,</strong></span> <span class='ocrx_word' id='word_1_546' title='bbox 655 2641 775 2668; x_wconf 62' lang='lat'><strong>741-742</strong></span> <span class='ocrx_word' id='word_1_547' title='bbox 794 2641 848 2670; x_wconf 88' lang='grc' dir='ltr'><strong>ΕΙ).</strong></span> <span class='ocrx_word' id='word_1_548' title='bbox 868 2641 980 2669; x_wconf 80' lang='lat' dir='ltr'><strong>PARIS.</strong></span> 
     </span>
    </p>
   </div>
   <div class='ocr_carea' id='block_1_73' title="bbox 235 2717 766 2752">
    <p class='ocr_par' dir='ltr' id='par_1_73' title="bbox 235 2717 766 2752">
     <span class='ocr_line' id='line_1_73' title="bbox 235 2717 766 2752; baseline -0.002 -6"><span class='ocrx_word' id='word_1_549' title='bbox 235 2719 280 2751; x_wconf 77' lang='grc'>85)</span> <span class='ocrx_word' id='word_1_550' title='bbox 306 2717 461 2752; x_wconf 63' lang='grc' dir='ltr'><strong>Ἀτέχνωᾳ</strong></span> <span class='ocrx_word' id='word_1_551' title='bbox 481 2717 563 2746; x_wconf 79' lang='lat' dir='ltr'><strong>Conf.</strong></span> <span class='ocrx_word' id='word_1_552' title='bbox 579 2717 665 2745; x_wconf 68' lang='lat' dir='ltr'><strong>Index</strong></span> <span class='ocrx_word' id='word_1_553' title='bbox 682 2717 766 2745; x_wconf 74' lang='lat' dir='ltr'><strong>Cnet.</strong></span> 
     </span>
    </p>
   </div>
   <div class='ocr_carea' id='block_1_74' title="bbox 235 2753 979 2788">
    <p class='ocr_par' dir='ltr' id='par_1_74' title="bbox 235 2753 979 2788">
     <span class='ocr_line' id='line_1_74' title="bbox 235 2753 979 2788; baseline 0.001 -8"><span class='ocrx_word' id='word_1_554' title='bbox 235 2754 280 2782; x_wconf 64' lang='grc'><strong>84)</strong></span> <span class='ocrx_word' id='word_1_555' title='bbox 307 2753 451 2788; x_wconf 72' lang='grc' dir='ltr'>Ἐπείτων</span> <span class='ocrx_word' id='word_1_556' title='bbox 470 2753 521 2780; x_wconf 78' lang='grc' dir='ltr'>καὶ</span> <span class='ocrx_word' id='word_1_557' title='bbox 541 2753 669 2788; x_wconf 77' lang='grc' dir='ltr'>χωρίζων</span> <span class='ocrx_word' id='word_1_558' title='bbox 683 2753 741 2787; x_wconf 78' lang='grc' dir='ltr'><strong>τὴν</strong></span> <span class='ocrx_word' id='word_1_559' title='bbox 761 2753 875 2788; x_wconf 68' lang='grc' dir='ltr'><strong>ψυχήν.</strong></span> <span class='ocrx_word' id='word_1_560' title='bbox 898 2753 979 2781; x_wconf 81' lang='lat' dir='ltr'><strong>Forte</strong></span> 
     </span>
    </p>
   </div>
   <div class='ocr_carea' id='block_1_75' title="bbox 188 2789 980 2824">
    <p class='ocr_par' dir='ltr' id='par_1_75' title="bbox 188 2789 980 2824">
     <span class='ocr_line' id='line_1_75' title="bbox 188 2789 980 2824; baseline 0.003 -9"><span class='ocrx_word' id='word_1_561' title='bbox 188 2791 279 2817; x_wconf 72' lang='lat' dir='ltr'><strong>verius</strong></span> <span class='ocrx_word' id='word_1_562' title='bbox 294 2790 419 2823; x_wconf 86' lang='grc' dir='ltr'>ἀπάγων,</span> <span class='ocrx_word' id='word_1_563' title='bbox 439 2799 448 2814; x_wconf 75' lang='grc' dir='ltr'><strong>ι</strong></span> <span class='ocrx_word' id='word_1_564' title='bbox 464 2789 617 2819; x_wconf 83' lang='lat' dir='ltr'><strong>abducens.</strong></span> <span class='ocrx_word' id='word_1_565' title='bbox 631 2798 640 2813; x_wconf 73' lang='grc' dir='ltr'><strong>ι</strong></span> <span class='ocrx_word' id='word_1_566' title='bbox 658 2789 748 2823; x_wconf 88' lang='lat' dir='ltr'><strong>inquit</strong></span> <span class='ocrx_word' id='word_1_567' title='bbox 763 2789 890 2824; x_wconf 86' lang='lat' dir='ltr'><strong>Sylburg.</strong></span> <span class='ocrx_word' id='word_1_568' title='bbox 909 2789 980 2817; x_wconf 84' lang='lat' dir='ltr'><strong>Scri-</strong></span> 
     </span>
    </p>
   </div>
   <div class='ocr_carea' id='block_1_76' title="bbox 189 2819 980 2859">
    <p class='ocr_par' dir='ltr' id='par_1_76' title="bbox 189 2819 980 2859">
     <span class='ocr_line' id='line_1_76' title="bbox 189 2819 980 2859; baseline 0 -7"><span class='ocrx_word' id='word_1_569' title='bbox 189 2825 234 2856; x_wconf 90' lang='lat' dir='ltr'><strong>he,</strong></span> <span class='ocrx_word' id='word_1_570' title='bbox 247 2819 364 2858; x_wconf 74' lang='grc' dir='ltr'>ἀπάγων</span> <span class='ocrx_word' id='word_1_571' title='bbox 382 2824 429 2850; x_wconf 70' lang='grc' dir='ltr'>καὶ</span> <span class='ocrx_word' id='word_1_572' title='bbox 450 2824 575 2859; x_wconf 78' lang='grc' dir='ltr'><strong>χωρίζων</strong></span> <span class='ocrx_word' id='word_1_573' title='bbox 588 2824 638 2858; x_wconf 85' lang='grc' dir='ltr'><strong>τὴν</strong></span> <span class='ocrx_word' id='word_1_574' title='bbox 653 2819 753 2859; x_wconf 47' lang='grc' dir='ltr'>φυγήν.</span> <span class='ocrx_word' id='word_1_575' title='bbox 771 2819 803 2850; x_wconf 77' lang='lat' dir='ltr'><strong>Et</strong></span> <span class='ocrx_word' id='word_1_576' title='bbox 819 2819 980 2852; x_wconf 51' lang='lat' dir='ltr'><strong>hocveonve-</strong></span> 
     </span>
    </p>
   </div>
   <div class='ocr_carea' id='block_1_77' title="bbox 189 2859 977 2895">
    <p class='ocr_par' dir='ltr' id='par_1_77' title="bbox 189 2859 977 2895">
     <span class='ocr_line' id='line_1_77' title="bbox 189 2859 977 2895; baseline 0.003 -9"><span class='ocrx_word' id='word_1_577' title='bbox 189 2860 230 2886; x_wconf 85' lang='lat' dir='ltr'><strong>nit</strong></span> <span class='ocrx_word' id='word_1_578' title='bbox 255 2867 317 2886; x_wconf 90' lang='lat' dir='ltr'><strong>cum</strong></span> <span class='ocrx_word' id='word_1_579' title='bbox 341 2859 500 2887; x_wconf 83' lang='lat' dir='ltr'><strong>deﬁnitione</strong></span> <span class='ocrx_word' id='word_1_580' title='bbox 525 2859 713 2894; x_wconf 61' lang='lat' dir='ltr'><strong>philosophum,</strong></span> <span class='ocrx_word' id='word_1_581' title='bbox 740 2867 821 2895; x_wconf 88' lang='lat' dir='ltr'><strong>quam</strong></span> <span class='ocrx_word' id='word_1_582' title='bbox 845 2859 977 2888; x_wconf 80' lang='lat' dir='ltr'><strong>Platonici</strong></span> 
     </span>
    </p>
   </div>
   <div class='ocr_carea' id='block_1_78' title="bbox 189 2894 977 2931">
    <p class='ocr_par' dir='ltr' id='par_1_78' title="bbox 189 2894 977 2931">
     <span class='ocr_line' id='line_1_78' title="bbox 189 2894 977 2931; baseline 0.001 -10"><span class='ocrx_word' id='word_1_583' title='bbox 189 2895 301 2922; x_wconf 79' lang='lat' dir='ltr'><strong>tradunt</strong></span> <span class='ocrx_word' id='word_1_584' title='bbox 317 2895 388 2922; x_wconf 81' lang='grc' dir='ltr'>;”ὐτι</span> <span class='ocrx_word' id='word_1_585' title='bbox 403 2894 544 2930; x_wconf 74' lang='grc' dir='ltr'>φιλοσοφία</span> <span class='ocrx_word' id='word_1_586' title='bbox 563 2895 634 2922; x_wconf 66' lang='grc' dir='ltr'>ἐστὶν</span> <span class='ocrx_word' id='word_1_587' title='bbox 645 2895 733 2931; x_wconf 65' lang='grc' dir='ltr'>ὄρεξις</span> <span class='ocrx_word' id='word_1_588' title='bbox 750 2894 854 2930; x_wconf 71' lang='grc' dir='ltr'>σοφίας,</span> <span class='ocrx_word' id='word_1_589' title='bbox 871 2896 916 2923; x_wconf 73' lang='lat'><strong>7.1&quot;.</strong></span> <span class='ocrx_word' id='word_1_590' title='bbox 931 2896 977 2922; x_wconf 73' lang='grc' dir='ltr'><strong>λύ-</strong></span> 
     </span>
    </p>
   </div>
   <div class='ocr_carea' id='block_1_79' title="bbox 995 2265 1017 2292">
    <p class='ocr_par' dir='ltr' id='par_1_79' title="bbox 995 2265 1017 2292">
     <span class='ocr_line' id='line_1_79' title="bbox 995 2265 1017 2292; baseline 0 0"><span class='ocrx_word' id='word_1_591' title='bbox 995 2265 1017 2292; x_wconf 90' lang='lat' dir='ltr'><strong>D</strong></span> 
     </span>
    </p>
   </div>
   <div class='ocr_carea' id='block_1_80' title="bbox 1029 956 1819 992">
    <p class='ocr_par' dir='ltr' id='par_1_80' title="bbox 1029 956 1819 992">
     <span class='ocr_line' id='line_1_80' title="bbox 1029 956 1819 992; baseline -0.001 -9"><span class='ocrx_word' id='word_1_592' title='bbox 1029 956 1088 991; x_wconf 81' lang='grc' dir='ltr'>Θεῷ</span> <span class='ocrx_word' id='word_1_593' title='bbox 1103 957 1200 992; x_wconf 78' lang='grc' dir='ltr'>ἀρέσαι</span> <span class='ocrx_word' id='word_1_594' title='bbox 1224 957 1254 983; x_wconf 79' lang='grc' dir='ltr'><strong>οὐ</strong></span> <span class='ocrx_word' id='word_1_595' title='bbox 1266 956 1394 988; x_wconf 85' lang='grc' dir='ltr'>δύναται,</span> <span class='ocrx_word' id='word_1_596' title='bbox 1421 956 1483 983; x_wconf 75' lang='grc' dir='ltr'>ἐπεὶ</span> <span class='ocrx_word' id='word_1_597' title='bbox 1507 957 1544 991; x_wconf 80' lang='grc' dir='ltr'>μὴ</span> <span class='ocrx_word' id='word_1_598' title='bbox 1573 956 1608 983; x_wconf 84' lang='grc' dir='ltr'>τὰ</span> <span class='ocrx_word' id='word_1_599' title='bbox 1633 956 1819 992; x_wconf 68' lang='grc' dir='ltr'>συμφέροντα,</span> 
     </span>
    </p>
   </div>
   <div class='ocr_carea' id='block_1_81' title="bbox 1027 1000 1822 1038">
    <p class='ocr_par' dir='ltr' id='par_1_81' title="bbox 1027 1000 1822 1038">
     <span class='ocr_line' id='line_1_81' title="bbox 1027 1000 1822 1038; baseline -0.001 -10"><span class='ocrx_word' id='word_1_600' title='bbox 1027 1001 1095 1028; x_wconf 86' lang='grc' dir='ltr'><strong>ἀλλά</strong></span> <span class='ocrx_word' id='word_1_601' title='bbox 1111 1002 1144 1028; x_wconf 78' lang='grc' dir='ltr'>τὰ</span> <span class='ocrx_word' id='word_1_602' title='bbox 1165 1002 1300 1038; x_wconf 78' lang='grc' dir='ltr'><strong>τέρποντα</strong></span> <span class='ocrx_word' id='word_1_603' title='bbox 1326 1001 1465 1037; x_wconf 78' lang='grc' dir='ltr'>αἱροῦνται</span> <span class='ocrx_word' id='word_1_604' title='bbox 1479 1002 1504 1028; x_wconf 82' lang='grc' dir='ltr'>οἱ</span> <span class='ocrx_word' id='word_1_605' title='bbox 1527 1001 1636 1028; x_wconf 78' lang='grc' dir='ltr'>πολλοί-</span> <span class='ocrx_word' id='word_1_606' title='bbox 1651 1001 1777 1038; x_wconf 75' lang='grc' dir='ltr'><strong>ἀρέσκων</strong></span> <span class='ocrx_word' id='word_1_607' title='bbox 1792 1000 1822 1026; x_wconf 68' lang='grc' dir='ltr'><strong>δέ</strong></span> 
     </span>
    </p>
   </div>
   <div class='ocr_carea' id='block_1_82' title="bbox 1027 1047 1821 1084">
    <p class='ocr_par' dir='ltr' id='par_1_82' title="bbox 1027 1047 1821 1084">
     <span class='ocr_line' id='line_1_82' title="bbox 1027 1047 1821 1084; baseline -0.003 -10"><span class='ocrx_word' id='word_1_608' title='bbox 1027 1057 1069 1080; x_wconf 86' lang='grc' dir='ltr'><strong>τις</strong></span> <span class='ocrx_word' id='word_1_609' title='bbox 1079 1048 1118 1083; x_wconf 85' lang='grc' dir='ltr'>τῷ</span> <span class='ocrx_word' id='word_1_610' title='bbox 1130 1048 1199 1083; x_wconf 83' lang='grc' dir='ltr'>Θεῷ,</span> <span class='ocrx_word' id='word_1_611' title='bbox 1224 1050 1279 1080; x_wconf 81' lang='grc' dir='ltr'>τοῖς</span> <span class='ocrx_word' id='word_1_612' title='bbox 1295 1047 1449 1079; x_wconf 79' lang='grc' dir='ltr'><strong>σπουδαίοις</strong></span> <span class='ocrx_word' id='word_1_613' title='bbox 1473 1047 1527 1074; x_wconf 83' lang='grc' dir='ltr'><strong>τῶν</strong></span> <span class='ocrx_word' id='word_1_614' title='bbox 1547 1047 1698 1084; x_wconf 84' lang='grc' dir='ltr'>ἀνθρώπων</span> <span class='ocrx_word' id='word_1_615' title='bbox 1723 1047 1821 1082; x_wconf 81' lang='grc' dir='ltr'>εὐάρε-</span> 
     </span>
    </p>
   </div>
   <div class='ocr_carea' id='block_1_83' title="bbox 1029 1092 1821 1129">
    <p class='ocr_par' dir='ltr' id='par_1_83' title="bbox 1029 1092 1821 1129">
     <span class='ocr_line' id='line_1_83' title="bbox 1029 1092 1821 1129; baseline -0.004 -8"><span class='ocrx_word' id='word_1_616' title='bbox 1029 1103 1088 1127; x_wconf 72' lang='grc' dir='ltr'>στος</span> <span class='ocrx_word' id='word_1_617' title='bbox 1102 1094 1162 1121; x_wconf 79' lang='grc' dir='ltr'>κατ’</span> <span class='ocrx_word' id='word_1_618' title='bbox 1172 1094 1383 1129; x_wconf 77' lang='grc' dir='ltr'><strong>ἐπακολούθημα</strong></span> <span class='ocrx_word' id='word_1_619' title='bbox 1393 1093 1508 1128; x_wconf 83' lang='grc' dir='ltr'>γίνεται.</span> <span class='ocrx_word' id='word_1_620' title='bbox 1525 1093 1636 1129; x_wconf 81' lang='grc' dir='ltr'>Τερπνά</span> <span class='ocrx_word' id='word_1_621' title='bbox 1649 1092 1741 1119; x_wconf 84' lang='grc' dir='ltr'>τοίνυν</span> <span class='ocrx_word' id='word_1_622' title='bbox 1758 1092 1821 1118; x_wconf 72' lang='grc' dir='ltr'><strong>τοὺ-</strong></span> 
     </span>
    </p>
   </div>
   <div class='ocr_carea' id='block_1_84' title="bbox 1027 1139 1819 1176">
    <p class='ocr_par' dir='ltr' id='par_1_84' title="bbox 1027 1139 1819 1176">
     <span class='ocr_line' id='line_1_84' title="bbox 1027 1139 1819 1176; baseline -0.003 -10"><span class='ocrx_word' id='word_1_623' title='bbox 1027 1148 1065 1175; x_wconf 73' lang='grc' dir='ltr'><strong>τῳ</strong></span> <span class='ocrx_word' id='word_1_624' title='bbox 1077 1139 1135 1172; x_wconf 83' lang='grc' dir='ltr'><strong>πῶς</strong></span> <span class='ocrx_word' id='word_1_625' title='bbox 1150 1140 1189 1166; x_wconf 77' lang='grc' dir='ltr'>ἔτι</span> <span class='ocrx_word' id='word_1_626' title='bbox 1204 1140 1237 1166; x_wconf 86' lang='grc' dir='ltr'>ἂν</span> <span class='ocrx_word' id='word_1_627' title='bbox 1253 1139 1295 1175; x_wconf 74' lang='grc' dir='ltr'><strong>εἴη</strong></span> <span class='ocrx_word' id='word_1_628' title='bbox 1312 1140 1346 1166; x_wconf 82' lang='grc' dir='ltr'><strong>τά</strong></span> <span class='ocrx_word' id='word_1_629' title='bbox 1361 1139 1425 1176; x_wconf 76' lang='grc' dir='ltr'>περὶ</span> <span class='ocrx_word' id='word_1_630' title='bbox 1448 1140 1498 1175; x_wconf 84' lang='grc' dir='ltr'><strong>τὴν</strong></span> <span class='ocrx_word' id='word_1_631' title='bbox 1519 1139 1631 1175; x_wconf 83' lang='grc' dir='ltr'>βρῶσιν,</span> <span class='ocrx_word' id='word_1_632' title='bbox 1654 1139 1702 1165; x_wconf 77' lang='grc' dir='ltr'>καὶ</span> <span class='ocrx_word' id='word_1_633' title='bbox 1728 1139 1819 1170; x_wconf 82' lang='grc' dir='ltr'>πόσιν,</span> 
     </span>
    </p>
   </div>
   <div class='ocr_carea' id='block_1_85' title="bbox 1028 1185 1821 1224">
    <p class='ocr_par' dir='ltr' id='par_1_85' title="bbox 1028 1185 1821 1224">
     <span class='ocr_line' id='line_1_85' title="bbox 1028 1185 1821 1224; baseline -0.004 -10"><span class='ocrx_word' id='word_1_634' title='bbox 1028 1188 1077 1215; x_wconf 77' lang='grc' dir='ltr'>καὶ</span> <span class='ocrx_word' id='word_1_635' title='bbox 1091 1187 1247 1223; x_wconf 71' lang='grc' dir='ltr'>ἀφροδίσιον</span> <span class='ocrx_word' id='word_1_636' title='bbox 1262 1187 1370 1224; x_wconf 80' lang='grc' dir='ltr'>ἡδονὴν,</span> <span class='ocrx_word' id='word_1_637' title='bbox 1398 1187 1465 1213; x_wconf 87' lang='grc' dir='ltr'>ὅπου</span> <span class='ocrx_word' id='word_1_638' title='bbox 1480 1194 1512 1220; x_wconf 87' lang='grc' dir='ltr'><strong>γε</strong></span> <span class='ocrx_word' id='word_1_639' title='bbox 1536 1186 1583 1212; x_wconf 75' lang='grc' dir='ltr'>καὶ</span> <span class='ocrx_word' id='word_1_640' title='bbox 1608 1186 1686 1220; x_wconf 80' lang='grc' dir='ltr'>λόγον</span> <span class='ocrx_word' id='word_1_641' title='bbox 1702 1185 1821 1221; x_wconf 71' lang='grc' dir='ltr'>φέροντα</span> 
     </span>
    </p>
   </div>
   <div class='ocr_carea' id='block_1_86' title="bbox 1027 1231 1821 1269">
    <p class='ocr_par' dir='ltr' id='par_1_86' title="bbox 1027 1231 1821 1269">
     <span class='ocr_line' id='line_1_86' title="bbox 1027 1231 1821 1269; baseline -0.005 -9"><span class='ocrx_word' id='word_1_642' title='bbox 1027 1243 1088 1261; x_wconf 85' lang='grc' dir='ltr'>τινα</span> <span class='ocrx_word' id='word_1_643' title='bbox 1101 1233 1197 1269; x_wconf 77' lang='grc' dir='ltr'>ἡδονὴν</span> <span class='ocrx_word' id='word_1_644' title='bbox 1215 1233 1263 1260; x_wconf 73' lang='grc' dir='ltr'><strong>καὶ</strong></span> <span class='ocrx_word' id='word_1_645' title='bbox 1275 1233 1379 1269; x_wconf 79' lang='grc' dir='ltr'>κίνημα</span> <span class='ocrx_word' id='word_1_646' title='bbox 1393 1233 1512 1264; x_wconf 84' lang='grc' dir='ltr'>διανοίας</span> <span class='ocrx_word' id='word_1_647' title='bbox 1526 1232 1574 1258; x_wconf 83' lang='grc' dir='ltr'>καὶ</span> <span class='ocrx_word' id='word_1_648' title='bbox 1597 1231 1738 1267; x_wconf 77' lang='grc' dir='ltr'>ἐνέργημα</span> <span class='ocrx_word' id='word_1_649' title='bbox 1763 1239 1821 1266; x_wconf 81' lang='grc' dir='ltr'>τερ-</span> 
     </span>
    </p>
   </div>
   <div class='ocr_carea' id='block_1_87' title="bbox 1028 1277 1821 1315">
    <p class='ocr_par' dir='ltr' id='par_1_87' title="bbox 1028 1277 1821 1315">
     <span class='ocr_line' id='line_1_87' title="bbox 1028 1277 1821 1315; baseline -0.005 -9"><span class='ocrx_word' id='word_1_650' title='bbox 1028 1280 1094 1307; x_wconf 78' lang='grc' dir='ltr'>πνὸν</span> <span class='ocrx_word' id='word_1_651' title='bbox 1118 1280 1267 1315; x_wconf 77' lang='grc' dir='ltr'>ὑφορᾶται;</span> <span class='ocrx_word' id='word_1_652' title='bbox 1288 1289 1297 1305; x_wconf 85' lang='grc' dir='ltr'><strong>ι</strong></span> <span class='ocrx_word' id='word_1_653' title='bbox 1316 1279 1411 1310; x_wconf 73' lang='grc' dir='ltr'>Οὐδεὶς</span> <span class='ocrx_word' id='word_1_654' title='bbox 1424 1279 1480 1314; x_wconf 78' lang='grc' dir='ltr'><strong>γὰρ</strong></span> <span class='ocrx_word' id='word_1_655' title='bbox 1494 1278 1605 1305; x_wconf 85' lang='grc' dir='ltr'>δύναται</span> <span class='ocrx_word' id='word_1_656' title='bbox 1625 1278 1687 1304; x_wconf 80' lang='grc' dir='ltr'>δυσὶ</span> <span class='ocrx_word' id='word_1_657' title='bbox 1714 1277 1821 1313; x_wconf 76' lang='grc' dir='ltr'>κυρίοις</span> 
     </span>
    </p>
   </div>
   <div class='ocr_carea' id='block_1_88' title="bbox 1027 1323 1819 1360">
    <p class='ocr_par' dir='ltr' id='par_1_88' title="bbox 1027 1323 1819 1360">
     <span class='ocr_line' id='line_1_88' title="bbox 1027 1323 1819 1360; baseline -0.005 -8"><span class='ocrx_word' id='word_1_658' title='bbox 1027 1325 1173 1358; x_wconf 79' lang='grc' dir='ltr'>δουλεύειν,</span> <span class='ocrx_word' id='word_1_659' title='bbox 1193 1335 1202 1351; x_wconf 77' lang='lat' dir='ltr'><strong>t</strong></span> <span class='ocrx_word' id='word_1_660' title='bbox 1221 1325 1280 1360; x_wconf 83' lang='grc' dir='ltr'>Θεῷ</span> <span class='ocrx_word' id='word_1_661' title='bbox 1295 1325 1342 1352; x_wconf 75' lang='grc' dir='ltr'><strong>καὶ</strong></span> <span class='ocrx_word' id='word_1_662' title='bbox 1353 1325 1486 1360; x_wconf 83' lang='grc' dir='ltr'>μαμωνᾷ·</span> <span class='ocrx_word' id='word_1_663' title='bbox 1501 1324 1531 1351; x_wconf 80' lang='grc' dir='ltr'><strong>οὑ</strong></span> <span class='ocrx_word' id='word_1_664' title='bbox 1544 1324 1575 1351; x_wconf 79' lang='grc' dir='ltr'><strong>τὸ</strong></span> <span class='ocrx_word' id='word_1_665' title='bbox 1589 1323 1721 1360; x_wconf 81' lang='grc' dir='ltr'>ἀργύριον</span> <span class='ocrx_word' id='word_1_666' title='bbox 1733 1323 1819 1356; x_wconf 77' lang='grc' dir='ltr'>λέγων</span> 
     </span>
    </p>
   </div>
   <div class='ocr_carea' id='block_1_89' title="bbox 1029 1369 1818 1408">
    <p class='ocr_par' dir='ltr' id='par_1_89' title="bbox 1029 1369 1818 1408">
     <span class='ocr_line' id='line_1_89' title="bbox 1029 1369 1818 1408; baseline -0.006 -9"><span class='ocrx_word' id='word_1_667' title='bbox 1029 1373 1094 1408; x_wconf 67' lang='grc' dir='ltr'>φησι</span> <span class='ocrx_word' id='word_1_668' title='bbox 1111 1372 1195 1407; x_wconf 74' lang='grc' dir='ltr'>ψιλῶς</span> <span class='ocrx_word' id='word_1_669' title='bbox 1213 1371 1308 1404; x_wconf 72' lang='grc' dir='ltr'>οὕτως,</span> <span class='ocrx_word' id='word_1_670' title='bbox 1322 1372 1389 1399; x_wconf 74' lang='grc' dir='ltr'>ἀλλὰ</span> <span class='ocrx_word' id='word_1_671' title='bbox 1399 1372 1447 1408; x_wconf 85' lang='grc' dir='ltr'>τὴν</span> <span class='ocrx_word' id='word_1_672' title='bbox 1468 1372 1500 1398; x_wconf 83' lang='grc' dir='ltr'>ἐκ</span> <span class='ocrx_word' id='word_1_673' title='bbox 1511 1370 1556 1397; x_wconf 82' lang='grc' dir='ltr'>τοῦ</span> <span class='ocrx_word' id='word_1_674' title='bbox 1571 1369 1704 1406; x_wconf 85' lang='grc' dir='ltr'>ἀργυρίου</span> <span class='ocrx_word' id='word_1_675' title='bbox 1721 1371 1761 1401; x_wconf 85' lang='grc' dir='ltr'>εἰς</span> <span class='ocrx_word' id='word_1_676' title='bbox 1771 1369 1818 1400; x_wconf 73' lang='grc' dir='ltr'><strong>τὰς</strong></span> 
     </span>
    </p>
   </div>
   <div class='ocr_carea' id='block_1_90' title="bbox 1028 1414 1819 1453">
    <p class='ocr_par' dir='ltr' id='par_1_90' title="bbox 1028 1414 1819 1453">
     <span class='ocr_line' id='line_1_90' title="bbox 1028 1414 1819 1453; baseline -0.005 -9"><span class='ocrx_word' id='word_1_677' title='bbox 1028 1417 1152 1449; x_wconf 75' lang='grc' dir='ltr'>ποικίλας</span> <span class='ocrx_word' id='word_1_678' title='bbox 1168 1418 1264 1453; x_wconf 75' lang='grc' dir='ltr'>ἡδονὰς</span> <span class='ocrx_word' id='word_1_679' title='bbox 1279 1418 1427 1453; x_wconf 77' lang='grc' dir='ltr'>χορηγίαν·</span> <span class='ocrx_word' id='word_1_680' title='bbox 1444 1417 1484 1453; x_wconf 84' lang='grc' dir='ltr'>τῷ</span> <span class='ocrx_word' id='word_1_681' title='bbox 1501 1417 1559 1444; x_wconf 83' lang='grc' dir='ltr'>δντι</span> <span class='ocrx_word' id='word_1_682' title='bbox 1576 1417 1626 1452; x_wconf 80' lang='grc' dir='ltr'>οὐχ</span> <span class='ocrx_word' id='word_1_683' title='bbox 1647 1414 1703 1442; x_wconf 79' lang='grc' dir='ltr'>οἷόν</span> <span class='ocrx_word' id='word_1_684' title='bbox 1723 1424 1753 1441; x_wconf 85' lang='grc' dir='ltr'><strong>τε</strong></span> <span class='ocrx_word' id='word_1_685' title='bbox 1774 1415 1819 1441; x_wconf 80' lang='grc' dir='ltr'><strong>τὸν</strong></span> 
     </span>
    </p>
   </div>
   <div class='ocr_carea' id='block_1_91' title="bbox 1028 1462 1816 1498">
    <p class='ocr_par' dir='ltr' id='par_1_91' title="bbox 1028 1462 1816 1498">
     <span class='ocr_line' id='line_1_91' title="bbox 1028 1462 1816 1498; baseline -0.003 -8"><span class='ocrx_word' id='word_1_686' title='bbox 1028 1464 1093 1490; x_wconf 76' lang='grc' dir='ltr'>Θεὸν</span> <span class='ocrx_word' id='word_1_687' title='bbox 1107 1463 1245 1498; x_wconf 74' lang='grc' dir='ltr'>ἐγνωκότα</span> <span class='ocrx_word' id='word_1_688' title='bbox 1255 1463 1464 1498; x_wconf 64' lang='grc' dir='ltr'>μεγαλοφρόνως</span> <span class='ocrx_word' id='word_1_689' title='bbox 1479 1463 1525 1489; x_wconf 75' lang='grc' dir='ltr'>καὶ</span> <span class='ocrx_word' id='word_1_690' title='bbox 1537 1462 1646 1498; x_wconf 85' lang='grc' dir='ltr'>ἀληθῶς</span> <span class='ocrx_word' id='word_1_691' title='bbox 1662 1463 1723 1493; x_wconf 82' lang='grc' dir='ltr'>ταῖς</span> <span class='ocrx_word' id='word_1_692' title='bbox 1741 1462 1816 1488; x_wconf 86' lang='grc' dir='ltr'>ἀντι-</span> 
     </span>
    </p>
   </div>
   <div class='ocr_carea' id='block_1_92' title="bbox 1029 1506 1818 1546">
    <p class='ocr_par' dir='ltr' id='par_1_92' title="bbox 1029 1506 1818 1546">
     <span class='ocr_line' id='line_1_92' title="bbox 1029 1506 1818 1546; baseline -0.004 -9"><span class='ocrx_word' id='word_1_693' title='bbox 1029 1511 1169 1546; x_wconf 82' lang='grc' dir='ltr'>κειμέναις</span> <span class='ocrx_word' id='word_1_694' title='bbox 1187 1510 1322 1537; x_wconf 80' lang='grc' dir='ltr'>δουλεύειν</span> <span class='ocrx_word' id='word_1_695' title='bbox 1351 1509 1465 1545; x_wconf 78' lang='grc' dir='ltr'>ἡδοναῖς.</span> <span class='ocrx_word' id='word_1_696' title='bbox 1493 1506 1540 1541; x_wconf 83' lang='grc' dir='ltr'><strong>Εἷς</strong></span> <span class='ocrx_word' id='word_1_697' title='bbox 1569 1509 1618 1544; x_wconf 80' lang='grc' dir='ltr'>μὲν</span> <span class='ocrx_word' id='word_1_698' title='bbox 1635 1507 1681 1536; x_wconf 73' lang='grc' dir='ltr'><strong>οὖν</strong></span> <span class='ocrx_word' id='word_1_699' title='bbox 1696 1508 1787 1544; x_wconf 74' lang='grc' dir='ltr'>μόνος,</span> <span class='ocrx_word' id='word_1_700' title='bbox 1803 1508 1818 1534; x_wconf 91' lang='lat'><strong>6</strong></span> 
     </span>
    </p>
   </div>
   <div class='ocr_carea' id='block_1_93' title="bbox 1030 1555 1818 1591">
    <p class='ocr_par' dir='ltr' id='par_1_93' title="bbox 1030 1555 1818 1591">
     <span class='ocr_line' id='line_1_93' title="bbox 1030 1555 1818 1591; baseline -0.004 -8"><span class='ocrx_word' id='word_1_701' title='bbox 1030 1555 1230 1591; x_wconf 79' lang='grc' dir='ltr'>ἀνεπιθὺμητος</span> <span class='ocrx_word' id='word_1_702' title='bbox 1252 1555 1281 1587; x_wconf 79' lang='grc' dir='ltr'><strong>ἐξ</strong></span> <span class='ocrx_word' id='word_1_703' title='bbox 1295 1556 1393 1591; x_wconf 77' lang='grc' dir='ltr'>ἀρχῆς,</span> <span class='ocrx_word' id='word_1_704' title='bbox 1414 1557 1428 1582; x_wconf 84' lang='lat'><strong>6</strong></span> <span class='ocrx_word' id='word_1_705' title='bbox 1448 1555 1551 1590; x_wconf 82' lang='grc' dir='ltr'>Κύριος</span> <span class='ocrx_word' id='word_1_706' title='bbox 1564 1556 1579 1582; x_wconf 87' lang='lat'><strong>6</strong></span> <span class='ocrx_word' id='word_1_707' title='bbox 1593 1555 1793 1590; x_wconf 78' lang='grc' dir='ltr'>φιλάνθρωπος,</span> <span class='ocrx_word' id='word_1_708' title='bbox 1804 1556 1818 1580; x_wconf 87' lang='grc'>6</span> 
     </span>
    </p>
   </div>
   <div class='ocr_carea' id='block_1_94' title="bbox 1031 1600 1817 1638">
    <p class='ocr_par' dir='ltr' id='par_1_94' title="bbox 1031 1600 1817 1638">
     <span class='ocr_line' id='line_1_94' title="bbox 1031 1600 1817 1638; baseline -0.004 -9"><span class='ocrx_word' id='word_1_709' title='bbox 1031 1603 1078 1629; x_wconf 81' lang='grc' dir='ltr'><strong>καὶ</strong></span> <span class='ocrx_word' id='word_1_710' title='bbox 1092 1602 1126 1629; x_wconf 77' lang='grc' dir='ltr'>δι’</span> <span class='ocrx_word' id='word_1_711' title='bbox 1140 1603 1214 1637; x_wconf 78' lang='grc' dir='ltr'>ἡμᾶς</span> <span class='ocrx_word' id='word_1_712' title='bbox 1231 1602 1372 1638; x_wconf 86' lang='grc' dir='ltr'>ἄνθρωπος</span> <span class='ocrx_word' id='word_1_713' title='bbox 1383 1610 1389 1616; x_wconf 90' lang='grc'>·</span> <span class='ocrx_word' id='word_1_714' title='bbox 1416 1602 1474 1628; x_wconf 72' lang='grc' dir='ltr'>ὅσοι</span> <span class='ocrx_word' id='word_1_715' title='bbox 1488 1601 1517 1628; x_wconf 89' lang='grc' dir='ltr'>δὲ</span> <span class='ocrx_word' id='word_1_716' title='bbox 1531 1600 1719 1636; x_wconf 71' lang='grc' dir='ltr'>ἐξομοιοῦσθαι</span> <span class='ocrx_word' id='word_1_717' title='bbox 1736 1600 1817 1626; x_wconf 82' lang='grc' dir='ltr'>σπεύ-</span> 
     </span>
    </p>
   </div>
   <div class='ocr_carea' id='block_1_95' title="bbox 1030 1646 1820 1683">
    <p class='ocr_par' dir='ltr' id='par_1_95' title="bbox 1030 1646 1820 1683">
     <span class='ocr_line' id='line_1_95' title="bbox 1030 1646 1820 1683; baseline -0.003 -9"><span class='ocrx_word' id='word_1_718' title='bbox 1030 1647 1104 1674; x_wconf 84' lang='grc' dir='ltr'>δουσι</span> <span class='ocrx_word' id='word_1_719' title='bbox 1120 1648 1158 1683; x_wconf 84' lang='grc' dir='ltr'><strong>τῷ</strong></span> <span class='ocrx_word' id='word_1_720' title='bbox 1170 1648 1215 1674; x_wconf 78' lang='grc' dir='ltr'><strong>ὑπ’</strong></span> <span class='ocrx_word' id='word_1_721' title='bbox 1230 1646 1312 1674; x_wconf 76' lang='grc' dir='ltr'>αὐτοῦ</span> <span class='ocrx_word' id='word_1_722' title='bbox 1327 1647 1460 1682; x_wconf 75' lang='grc' dir='ltr'>δεδομένῳ</span> <span class='ocrx_word' id='word_1_723' title='bbox 1474 1646 1640 1682; x_wconf 80' lang='grc' dir='ltr'>χαρακτῆρι,</span> <span class='ocrx_word' id='word_1_724' title='bbox 1651 1646 1820 1682; x_wconf 75' lang='grc' dir='ltr'>ἁνεπιθύμη-</span> 
     </span>
    </p>
   </div>
   <div class='ocr_carea' id='block_1_96' title="bbox 1029 1691 1819 1732">
    <p class='ocr_par' dir='ltr' id='par_1_96' title="bbox 1029 1691 1819 1732">
     <span class='ocr_line' id='line_1_96' title="bbox 1029 1691 1819 1732; baseline -0.003 -12"><span class='ocrx_word' id='word_1_725' title='bbox 1029 1703 1071 1721; x_wconf 89' lang='grc' dir='ltr'><strong>τοι</strong></span> <span class='ocrx_word' id='word_1_726' title='bbox 1084 1694 1114 1727; x_wconf 77' lang='grc' dir='ltr'>ἐξ</span> <span class='ocrx_word' id='word_1_727' title='bbox 1129 1694 1270 1732; x_wconf 49' lang='lat' dir='ltr'><strong>asangm;</strong></span> <span class='ocrx_word' id='word_1_728' title='bbox 1297 1692 1423 1727; x_wconf 81' lang='grc' dir='ltr'>γενέσθαι</span> <span class='ocrx_word' id='word_1_729' title='bbox 1449 1692 1597 1727; x_wconf 75' lang='grc' dir='ltr'>βιάζονται.</span> <span class='ocrx_word' id='word_1_730' title='bbox 1614 1693 1642 1719; x_wconf 88' lang='grc' dir='ltr'>ὐ</span> <span class='ocrx_word' id='word_1_731' title='bbox 1655 1693 1712 1727; x_wconf 81' lang='grc' dir='ltr'>γὰρ</span> <span class='ocrx_word' id='word_1_732' title='bbox 1727 1691 1819 1719; x_wconf 77' lang='grc' dir='ltr'>ἐπιθυ-</span> 
     </span>
    </p>
   </div>
   <div class='ocr_carea' id='block_1_97' title="bbox 1032 1737 1819 1776">
    <p class='ocr_par' dir='ltr' id='par_1_97' title="bbox 1032 1737 1819 1776">
     <span class='ocr_line' id='line_1_97' title="bbox 1032 1737 1819 1776; baseline -0.004 -9"><span class='ocrx_word' id='word_1_733' title='bbox 1032 1741 1130 1776; x_wconf 82' lang='grc' dir='ltr'>μήσας,</span> <span class='ocrx_word' id='word_1_734' title='bbox 1155 1740 1201 1767; x_wconf 74' lang='grc' dir='ltr'>καὶ</span> <span class='ocrx_word' id='word_1_735' title='bbox 1217 1739 1357 1774; x_wconf 76' lang='grc' dir='ltr'>κατασχὼν</span> <span class='ocrx_word' id='word_1_736' title='bbox 1372 1738 1479 1771; x_wconf 78' lang='grc' dir='ltr'>ἑαυτοῦ,</span> <span class='ocrx_word' id='word_1_737' title='bbox 1492 1738 1632 1774; x_wconf 73' lang='grc' dir='ltr'>εκαθάπερ</span> <span class='ocrx_word' id='word_1_738' title='bbox 1646 1739 1662 1773; x_wconf 85' lang='grc' dir='ltr'>ἡ</span> <span class='ocrx_word' id='word_1_739' title='bbox 1675 1739 1747 1773; x_wconf 82' lang='grc' dir='ltr'>χήρα</span> <span class='ocrx_word' id='word_1_740' title='bbox 1765 1737 1819 1774; x_wconf 78' lang='grc'><strong>(86)</strong></span> 
     </span>
    </p>
   </div>
   <div class='ocr_carea' id='block_1_98' title="bbox 1030 1776 1820 1821">
    <p class='ocr_par' dir='ltr' id='par_1_98' title="bbox 1030 1776 1820 1821">
     <span class='ocr_line' id='line_1_98' title="bbox 1030 1776 1820 1821; baseline -0.004 -9"><span class='ocrx_word' id='word_1_741' title='bbox 1030 1785 1074 1812; x_wconf 82' lang='grc' dir='ltr'>διὰ</span> <span class='ocrx_word' id='word_1_742' title='bbox 1090 1785 1266 1821; x_wconf 73' lang='grc' dir='ltr'>σωφροσύνης</span> <span class='ocrx_word' id='word_1_743' title='bbox 1282 1783 1359 1817; x_wconf 80' lang='grc' dir='ltr'>αὖθις</span> <span class='ocrx_word' id='word_1_744' title='bbox 1375 1776 1517 1820; x_wconf 72' lang='grc' dir='ltr'>παρθένος.</span> <span class='ocrx_word' id='word_1_745' title='bbox 1544 1782 1626 1816; x_wconf 80' lang='grc' dir='ltr'>Οὗτος</span> <span class='ocrx_word' id='word_1_746' title='bbox 1643 1783 1737 1819; x_wconf 75' lang='grc' dir='ltr'>μισθὸς</span> <span class='ocrx_word' id='word_1_747' title='bbox 1750 1782 1820 1817; x_wconf 63' lang='grc' dir='ltr'>γνώι</span> 
     </span>
    </p>
   </div>
   <div class='ocr_carea' id='block_1_99' title="bbox 1031 1830 1821 1867">
    <p class='ocr_par' dir='ltr' id='par_1_99' title="bbox 1031 1830 1821 1867">
     <span class='ocr_line' id='line_1_99' title="bbox 1031 1830 1821 1867; baseline -0.003 -9"><span class='ocrx_word' id='word_1_748' title='bbox 1031 1841 1100 1864; x_wconf 86' lang='grc' dir='ltr'>σεως</span> <span class='ocrx_word' id='word_1_749' title='bbox 1114 1831 1152 1866; x_wconf 84' lang='grc' dir='ltr'>τῷ</span> <span class='ocrx_word' id='word_1_750' title='bbox 1167 1832 1274 1867; x_wconf 79' lang='grc' dir='ltr'>Σωτῆρι</span> <span class='ocrx_word' id='word_1_751' title='bbox 1283 1832 1330 1858; x_wconf 81' lang='grc' dir='ltr'>καὶ</span> <span class='ocrx_word' id='word_1_752' title='bbox 1344 1831 1513 1867; x_wconf 74' lang='grc' dir='ltr'>Διδασκάλῳ,</span> <span class='ocrx_word' id='word_1_753' title='bbox 1527 1831 1557 1858; x_wconf 82' lang='grc' dir='ltr'>ὃν</span> <span class='ocrx_word' id='word_1_754' title='bbox 1567 1831 1648 1863; x_wconf 81' lang='grc' dir='ltr'>αὐτὸς</span> <span class='ocrx_word' id='word_1_755' title='bbox 1659 1830 1756 1866; x_wconf 70' lang='grc' dir='ltr'>ᾔτησε,</span> <span class='ocrx_word' id='word_1_756' title='bbox 1772 1830 1821 1866; x_wconf 69' lang='grc' dir='ltr'>τὴν</span> 
     </span>
    </p>
   </div>
   <div class='ocr_carea' id='block_1_100' title="bbox 1032 1876 1819 1913">
    <p class='ocr_par' dir='ltr' id='par_1_100' title="bbox 1032 1876 1819 1913">
     <span class='ocr_line' id='line_1_100' title="bbox 1032 1876 1819 1913; baseline -0.017 1"><span class='ocrx_word' id='word_1_757' title='bbox 1032 1877 1136 1913; x_wconf 71' lang='grc' dir='ltr'>ἀπολὴν</span> <span class='ocrx_word' id='word_1_758' title='bbox 1148 1877 1202 1904; x_wconf 72' lang='grc' dir='ltr'>τῶν</span> <span class='ocrx_word' id='word_1_759' title='bbox 1218 1877 1324 1909; x_wconf 65' lang='grc' dir='ltr'>κακῶν»</span> <span class='ocrx_word' id='word_1_760' title='bbox 1338 1877 1385 1904; x_wconf 66' lang='grc' dir='ltr'><strong>καὶ</strong></span> <span class='ocrx_word' id='word_1_761' title='bbox 1406 1877 1455 1912; x_wconf 80' lang='grc' dir='ltr'>τὴν</span> <span class='ocrx_word' id='word_1_762' title='bbox 1472 1877 1611 1912; x_wconf 76' lang='grc' dir='ltr'>ἐνέργειαν</span> <span class='ocrx_word' id='word_1_763' title='bbox 1621 1876 1672 1911; x_wconf 80' lang='grc' dir='ltr'>τῆς</span> <span class='ocrx_word' id='word_1_764' title='bbox 1687 1876 1819 1907; x_wconf 72' lang='grc' dir='ltr'>εὐποιίας,</span> 
     </span>
    </p>
   </div>
   <div class='ocr_carea' id='block_1_101' title="bbox 1031 1921 1822 1960">
    <p class='ocr_par' dir='ltr' id='par_1_101' title="bbox 1031 1921 1822 1960">
     <span class='ocr_line' id='line_1_101' title="bbox 1031 1921 1822 1960; baseline -0.004 -9"><span class='ocrx_word' id='word_1_765' title='bbox 1031 1924 1065 1951; x_wconf 88' lang='grc' dir='ltr'>δι’</span> <span class='ocrx_word' id='word_1_766' title='bbox 1076 1923 1116 1952; x_wconf 87' lang='grc' dir='ltr'>ὧν</span> <span class='ocrx_word' id='word_1_767' title='bbox 1130 1925 1146 1959; x_wconf 84' lang='grc' dir='ltr'>ἡ</span> <span class='ocrx_word' id='word_1_768' title='bbox 1165 1924 1286 1959; x_wconf 82' lang='grc' dir='ltr'>σωτηρία</span> <span class='ocrx_word' id='word_1_769' title='bbox 1302 1924 1479 1960; x_wconf 84' lang='grc' dir='ltr'>περιγίνεται.</span> <span class='ocrx_word' id='word_1_770' title='bbox 1501 1924 1606 1959; x_wconf 84' lang='grc' dir='ltr'>Ὥσπερ</span> <span class='ocrx_word' id='word_1_771' title='bbox 1624 1921 1671 1950; x_wconf 84' lang='grc' dir='ltr'><strong>οὖν</strong></span> <span class='ocrx_word' id='word_1_772' title='bbox 1681 1923 1706 1949; x_wconf 72' lang='grc' dir='ltr'>οἱ</span> <span class='ocrx_word' id='word_1_773' title='bbox 1716 1922 1766 1954; x_wconf 72' lang='grc' dir='ltr'><strong>τὰς</strong></span> <span class='ocrx_word' id='word_1_774' title='bbox 1778 1922 1822 1948; x_wconf 70' lang='grc' dir='ltr'>τί-</span> 
     </span>
    </p>
   </div>
   <div class='ocr_carea' id='block_1_102' title="bbox 1031 1966 1821 2005">
    <p class='ocr_par' dir='ltr' id='par_1_102' title="bbox 1031 1966 1821 2005">
     <span class='ocr_line' id='line_1_102' title="bbox 1031 1966 1821 2005; baseline -0.003 -9"><span class='ocrx_word' id='word_1_775' title='bbox 1031 1979 1095 2005; x_wconf 83' lang='grc' dir='ltr'>χνας</span> <span class='ocrx_word' id='word_1_776' title='bbox 1122 1969 1308 2005; x_wconf 75' lang='grc' dir='ltr'>μεμαθηκότες</span> <span class='ocrx_word' id='word_1_777' title='bbox 1338 1970 1370 1996; x_wconf 77' lang='grc' dir='ltr'>δι’</span> <span class='ocrx_word' id='word_1_778' title='bbox 1392 1966 1429 1996; x_wconf 85' lang='grc' dir='ltr'>ὧν</span> <span class='ocrx_word' id='word_1_779' title='bbox 1454 1968 1664 2003; x_wconf 79' lang='grc' dir='ltr'>ὲπαιδεύθησαν,</span> <span class='ocrx_word' id='word_1_780' title='bbox 1680 1967 1821 2002; x_wconf 74' lang='grc' dir='ltr'>πορίζουσι</span> 
     </span>
    </p>
   </div>
   <div class='ocr_carea' id='block_1_103' title="bbox 1031 2011 1821 2051">
    <p class='ocr_par' dir='ltr' id='par_1_103' title="bbox 1031 2011 1821 2051">
     <span class='ocr_line' id='line_1_103' title="bbox 1031 2011 1821 2051; baseline -0.003 -9"><span class='ocrx_word' id='word_1_781' title='bbox 1031 2016 1080 2048; x_wconf 75' lang='grc' dir='ltr'>τὰς</span> <span class='ocrx_word' id='word_1_782' title='bbox 1094 2016 1207 2051; x_wconf 64' lang='grc' dir='ltr'>τροφὰς,</span> <span class='ocrx_word' id='word_1_783' title='bbox 1221 2015 1306 2047; x_wconf 79' lang='grc' dir='ltr'>οὕτως</span> <span class='ocrx_word' id='word_1_784' title='bbox 1321 2017 1335 2042; x_wconf 91' lang='lat'><strong>6</strong></span> <span class='ocrx_word' id='word_1_785' title='bbox 1349 2015 1497 2049; x_wconf 82' lang='grc' dir='ltr'>γνωστικδς</span> <span class='ocrx_word' id='word_1_786' title='bbox 1510 2015 1545 2041; x_wconf 75' lang='grc' dir='ltr'>δι’</span> <span class='ocrx_word' id='word_1_787' title='bbox 1564 2011 1601 2042; x_wconf 78' lang='grc' dir='ltr'>ὧν</span> <span class='ocrx_word' id='word_1_788' title='bbox 1613 2014 1758 2041; x_wconf 69' lang='grc' dir='ltr'>ἐπίσταται</span> <span class='ocrx_word' id='word_1_789' title='bbox 1772 2022 1821 2040; x_wconf 81' lang='grc' dir='ltr'>πο-</span> 
     </span>
    </p>
   </div>
   <div class='ocr_carea' id='block_1_104' title="bbox 1033 2059 1821 2098">
    <p class='ocr_par' dir='ltr' id='par_1_104' title="bbox 1033 2059 1821 2098">
     <span class='ocr_line' id='line_1_104' title="bbox 1033 2059 1821 2098; baseline -0.004 -10"><span class='ocrx_word' id='word_1_790' title='bbox 1033 2061 1115 2098; x_wconf 79' lang='grc' dir='ltr'>ρίζων</span> <span class='ocrx_word' id='word_1_791' title='bbox 1135 2061 1184 2096; x_wconf 79' lang='grc' dir='ltr'><strong>τὴν</strong></span> <span class='ocrx_word' id='word_1_792' title='bbox 1204 2061 1276 2097; x_wconf 80' lang='grc' dir='ltr'>ζωὴν</span> <span class='ocrx_word' id='word_1_793' title='bbox 1302 2060 1433 2093; x_wconf 74' lang='grc' dir='ltr'>σώζεται·</span> <span class='ocrx_word' id='word_1_794' title='bbox 1450 2059 1529 2096; x_wconf 78' lang='grc' dir='ltr'>ὁγὰρ</span> <span class='ocrx_word' id='word_1_795' title='bbox 1545 2060 1581 2095; x_wconf 79' lang='grc' dir='ltr'><strong>μὴ</strong></span> <span class='ocrx_word' id='word_1_796' title='bbox 1595 2059 1712 2094; x_wconf 76' lang='grc' dir='ltr'>θελήσας</span> <span class='ocrx_word' id='word_1_797' title='bbox 1728 2059 1758 2085; x_wconf 86' lang='grc' dir='ltr'><strong>τὸ</strong></span> <span class='ocrx_word' id='word_1_798' title='bbox 1771 2059 1821 2094; x_wconf 78' lang='grc' dir='ltr'>τῆς</span> 
     </span>
    </p>
   </div>
   <div class='ocr_carea' id='block_1_105' title="bbox 1030 2104 1822 2143">
    <p class='ocr_par' dir='ltr' id='par_1_105' title="bbox 1030 2104 1822 2143">
     <span class='ocr_line' id='line_1_105' title="bbox 1030 2104 1822 2143; baseline -0.004 -9"><span class='ocrx_word' id='word_1_799' title='bbox 1030 2108 1118 2143; x_wconf 75' lang='grc' dir='ltr'>ψυχῆς</span> <span class='ocrx_word' id='word_1_800' title='bbox 1143 2107 1257 2142; x_wconf 70' lang='grc' dir='ltr'>ἐκκόψαι</span> <span class='ocrx_word' id='word_1_801' title='bbox 1279 2106 1364 2138; x_wconf 80' lang='grc' dir='ltr'>πάθος</span> <span class='ocrx_word' id='word_1_802' title='bbox 1380 2106 1474 2133; x_wconf 81' lang='grc' dir='ltr'>ἑαυτὸν</span> <span class='ocrx_word' id='word_1_803' title='bbox 1499 2106 1668 2132; x_wconf 83' lang='grc' dir='ltr'>ἀπέκτεινεν.</span> <span class='ocrx_word' id='word_1_804' title='bbox 1703 2104 1822 2136; x_wconf 81' lang='grc' dir='ltr'>’Δλλ“ώς</span> 
     </span>
    </p>
   </div>
   <div class='ocr_carea' id='block_1_106' title="bbox 1031 2150 1820 2190">
    <p class='ocr_par' dir='ltr' id='par_1_106' title="bbox 1031 2150 1820 2190">
     <span class='ocr_line' id='line_1_106' title="bbox 1031 2150 1820 2190; baseline -0.005 -10"><span class='ocrx_word' id='word_1_805' title='bbox 1031 2154 1129 2186; x_wconf 76' lang='grc' dir='ltr'>ἔοικεν,</span> <span class='ocrx_word' id='word_1_806' title='bbox 1145 2153 1262 2190; x_wconf 74' lang='grc' dir='ltr'>ἁτροιρία</span> <span class='ocrx_word' id='word_1_807' title='bbox 1277 2153 1326 2188; x_wconf 83' lang='grc' dir='ltr'>μὲν</span> <span class='ocrx_word' id='word_1_808' title='bbox 1342 2154 1358 2188; x_wconf 86' lang='grc' dir='ltr'>ἡ</span> <span class='ocrx_word' id='word_1_809' title='bbox 1375 2152 1471 2187; x_wconf 84' lang='grc' dir='ltr'>ἄγνοια</span> <span class='ocrx_word' id='word_1_810' title='bbox 1486 2151 1538 2186; x_wconf 79' lang='grc' dir='ltr'><strong>τῆς</strong></span> <span class='ocrx_word' id='word_1_811' title='bbox 1550 2151 1650 2186; x_wconf 71' lang='grc' dir='ltr'>ψυχῆς,</span> <span class='ocrx_word' id='word_1_812' title='bbox 1665 2150 1753 2186; x_wconf 72' lang='grc' dir='ltr'>τροφὴ</span> <span class='ocrx_word' id='word_1_813' title='bbox 1764 2151 1820 2185; x_wconf 78' lang='grc' dir='ltr'><strong>ὂὲή</strong></span> 
     </span>
    </p>
   </div>
   <div class='ocr_carea' id='block_1_107' title="bbox 1031 2195 1820 2234">
    <p class='ocr_par' dir='ltr' id='par_1_107' title="bbox 1031 2195 1820 2234">
     <span class='ocr_line' id='line_1_107' title="bbox 1031 2195 1820 2234; baseline -0.006 -9"><span class='ocrx_word' id='word_1_814' title='bbox 1031 2199 1138 2234; x_wconf 72' lang='grc' dir='ltr'>γνῶσις.</span> <span class='ocrx_word' id='word_1_815' title='bbox 1151 2195 1235 2225; x_wconf 72' lang='grc' dir='ltr'>Αῧται</span> <span class='ocrx_word' id='word_1_816' title='bbox 1248 2198 1276 2225; x_wconf 90' lang='grc' dir='ltr'><strong>δέ</strong></span> <span class='ocrx_word' id='word_1_817' title='bbox 1290 2199 1358 2225; x_wconf 74' lang='grc' dir='ltr'>εἰσιν</span> <span class='ocrx_word' id='word_1_818' title='bbox 1377 2199 1405 2225; x_wconf 87' lang='grc' dir='ltr'>αἱ</span> <span class='ocrx_word' id='word_1_819' title='bbox 1422 2197 1570 2231; x_wconf 76' lang='grc' dir='ltr'>γνωστικαὶ</span> <span class='ocrx_word' id='word_1_820' title='bbox 1581 2197 1676 2232; x_wconf 70' lang='grc' dir='ltr'>ψυχαὶ,</span> <span class='ocrx_word' id='word_1_821' title='bbox 1692 2195 1725 2226; x_wconf 74' lang='grc' dir='ltr'>ἃς</span> <span class='ocrx_word' id='word_1_822' title='bbox 1741 2195 1820 2221; x_wconf 80' lang='grc' dir='ltr'>ἀπεί-</span> 
     </span>
    </p>
   </div>
   <div class='ocr_carea' id='block_1_108' title="bbox 1031 2241 1820 2279">
    <p class='ocr_par' dir='ltr' id='par_1_108' title="bbox 1031 2241 1820 2279">
     <span class='ocr_line' id='line_1_108' title="bbox 1031 2241 1820 2279; baseline -0.006 -7"><span class='ocrx_word' id='word_1_823' title='bbox 1031 2254 1099 2272; x_wconf 77' lang='grc' dir='ltr'>κασε</span> <span class='ocrx_word' id='word_1_824' title='bbox 1127 2245 1158 2272; x_wconf 78' lang='grc' dir='ltr'>τὸ</span> <span class='ocrx_word' id='word_1_825' title='bbox 1181 2244 1346 2278; x_wconf 80' lang='grc' dir='ltr'>Εὑαγγέλιον</span> <span class='ocrx_word' id='word_1_826' title='bbox 1374 2246 1433 2276; x_wconf 86' lang='grc' dir='ltr'>ταῖς</span> <span class='ocrx_word' id='word_1_827' title='bbox 1460 2242 1640 2279; x_wconf 84' lang='grc' dir='ltr'>ἡγιασμέναις</span> <span class='ocrx_word' id='word_1_828' title='bbox 1665 2241 1820 2277; x_wconf 81' lang='grc' dir='ltr'>παρθένοις,</span> 
     </span>
    </p>
   </div>
   <div class='ocr_carea' id='block_1_109' title="bbox 1029 2287 1819 2327">
    <p class='ocr_par' dir='ltr' id='par_1_109' title="bbox 1029 2287 1819 2327">
     <span class='ocr_line' id='line_1_109' title="bbox 1029 2287 1819 2327; baseline -0.005 -10"><span class='ocrx_word' id='word_1_829' title='bbox 1029 2293 1089 2323; x_wconf 84' lang='grc' dir='ltr'>ταῖς</span> <span class='ocrx_word' id='word_1_830' title='bbox 1106 2291 1337 2327; x_wconf 75' lang='grc' dir='ltr'>προσδεχομέναις</span> <span class='ocrx_word' id='word_1_831' title='bbox 1351 2290 1397 2317; x_wconf 84' lang='grc' dir='ltr'><strong>τὸν</strong></span> <span class='ocrx_word' id='word_1_832' title='bbox 1411 2290 1523 2325; x_wconf 82' lang='grc' dir='ltr'>Κύριον.</span> <span class='ocrx_word' id='word_1_833' title='bbox 1540 2288 1673 2324; x_wconf 85' lang='grc' dir='ltr'>Παρθένοι</span> <span class='ocrx_word' id='word_1_834' title='bbox 1692 2288 1742 2322; x_wconf 84' lang='grc' dir='ltr'>μὲν</span> <span class='ocrx_word' id='word_1_835' title='bbox 1756 2287 1819 2323; x_wconf 76' lang='grc' dir='ltr'>γὰρ,</span> 
     </span>
    </p>
   </div>
   <div class='ocr_carea' id='block_1_110' title="bbox 1028 2333 1847 2371">
    <p class='ocr_par' dir='ltr' id='par_1_110' title="bbox 1028 2333 1847 2371">
     <span class='ocr_line' id='line_1_110' title="bbox 1028 2333 1847 2371; baseline -0.006 -8"><span class='ocrx_word' id='word_1_836' title='bbox 1028 2337 1066 2369; x_wconf 82' lang='grc' dir='ltr'>ὡς</span> <span class='ocrx_word' id='word_1_837' title='bbox 1082 2336 1174 2363; x_wconf 85' lang='grc' dir='ltr'>κακῶν</span> <span class='ocrx_word' id='word_1_838' title='bbox 1193 2336 1399 2371; x_wconf 73' lang='grc' dir='ltr'>ἀπεσχημέναι·</span> <span class='ocrx_word' id='word_1_839' title='bbox 1419 2334 1631 2369; x_wconf 83' lang='grc' dir='ltr'>προσδεχόμεναι</span> <span class='ocrx_word' id='word_1_840' title='bbox 1652 2333 1680 2359; x_wconf 78' lang='grc' dir='ltr'>δὲ</span> <span class='ocrx_word' id='word_1_841' title='bbox 1703 2333 1747 2360; x_wconf 73' lang='grc' dir='ltr'><strong>διὰ</strong></span> <span class='ocrx_word' id='word_1_842' title='bbox 1771 2333 1820 2368; x_wconf 81' lang='grc' dir='ltr'>τὴν</span> <span class='ocrx_word' id='word_1_843' title='bbox 1843 2347 1847 2351; x_wconf 92' lang='grc'><strong>-</strong></span> 
     </span>
    </p>
   </div>
   <div class='ocr_carea' id='block_1_111' title="bbox 1030 2379 1819 2418">
    <p class='ocr_par' dir='ltr' id='par_1_111' title="bbox 1030 2379 1819 2418">
     <span class='ocr_line' id='line_1_111' title="bbox 1030 2379 1819 2418; baseline -0.008 -8"><span class='ocrx_word' id='word_1_844' title='bbox 1030 2384 1140 2418; x_wconf 85' lang='grc' dir='ltr'>ἀγάπην</span> <span class='ocrx_word' id='word_1_845' title='bbox 1155 2383 1200 2409; x_wconf 82' lang='grc' dir='ltr'><strong>τὸν</strong></span> <span class='ocrx_word' id='word_1_846' title='bbox 1213 2382 1325 2418; x_wconf 82' lang='grc' dir='ltr'>Κύριον,</span> <span class='ocrx_word' id='word_1_847' title='bbox 1353 2381 1401 2409; x_wconf 80' lang='grc' dir='ltr'>καὶ</span> <span class='ocrx_word' id='word_1_848' title='bbox 1415 2381 1445 2407; x_wconf 85' lang='grc' dir='ltr'>τὸ</span> <span class='ocrx_word' id='word_1_849' title='bbox 1461 2382 1559 2408; x_wconf 78' lang='grc' dir='ltr'>οίκεῖον</span> <span class='ocrx_word' id='word_1_850' title='bbox 1575 2380 1743 2407; x_wconf 76' lang='grc' dir='ltr'>ἀνάπτουσαι</span> <span class='ocrx_word' id='word_1_851' title='bbox 1763 2379 1819 2414; x_wconf 80' lang='grc' dir='ltr'><strong>φῶς</strong></span> 
     </span>
    </p>
   </div>
   <div class='ocr_carea' id='block_1_112' title="bbox 1029 2424 1818 2464">
    <p class='ocr_par' dir='ltr' id='par_1_112' title="bbox 1029 2424 1818 2464">
     <span class='ocr_line' id='line_1_112' title="bbox 1029 2424 1818 2464; baseline -0.006 -9"><span class='ocrx_word' id='word_1_852' title='bbox 1029 2430 1068 2460; x_wconf 79' lang='grc' dir='ltr'>εὶς</span> <span class='ocrx_word' id='word_1_853' title='bbox 1081 2428 1129 2464; x_wconf 79' lang='grc' dir='ltr'><strong>τὴν</strong></span> <span class='ocrx_word' id='word_1_854' title='bbox 1144 2428 1198 2454; x_wconf 86' lang='grc' dir='ltr'>τῶν</span> <span class='ocrx_word' id='word_1_855' title='bbox 1224 2428 1394 2464; x_wconf 83' lang='grc' dir='ltr'>πραγμάτων</span> <span class='ocrx_word' id='word_1_856' title='bbox 1418 2427 1543 2462; x_wconf 83' lang='grc' dir='ltr'>θεωρίαν,</span> <span class='ocrx_word' id='word_1_857' title='bbox 1570 2426 1696 2461; x_wconf 77' lang='grc' dir='ltr'>φρόνιμοι</span> <span class='ocrx_word' id='word_1_858' title='bbox 1717 2424 1818 2460; x_wconf 69' lang='grc' dir='ltr'>ψυχαί·</span> 
     </span>
    </p>
   </div>
   <div class='ocr_carea' id='block_1_113' title="bbox 1031 2469 1820 2510">
    <p class='ocr_par' dir='ltr' id='par_1_113' title="bbox 1031 2469 1820 2510">
     <span class='ocr_line' id='line_1_113' title="bbox 1031 2469 1820 2510; baseline -0.005 -10"><span class='ocrx_word' id='word_1_859' title='bbox 1031 2474 1172 2510; x_wconf 76' lang='grc' dir='ltr'>Ποθοῦμέν</span> <span class='ocrx_word' id='word_1_860' title='bbox 1192 2482 1232 2506; x_wconf 87' lang='grc' dir='ltr'><strong>σε,</strong></span> <span class='ocrx_word' id='word_1_861' title='bbox 1250 2471 1272 2500; x_wconf 82' lang='grc' dir='ltr'>ὧ</span> <span class='ocrx_word' id='word_1_862' title='bbox 1286 2473 1382 2509; x_wconf 82' lang='grc' dir='ltr'>Κύριε,</span> <span class='ocrx_word' id='word_1_863' title='bbox 1406 2473 1545 2507; x_wconf 82' lang='grc' dir='ltr'>λέγουσαι,</span> <span class='ocrx_word' id='word_1_864' title='bbox 1566 2472 1618 2507; x_wconf 69' lang='grc' dir='ltr'>ἤδη</span> <span class='ocrx_word' id='word_1_865' title='bbox 1640 2471 1707 2497; x_wconf 79' lang='grc' dir='ltr'>ποτὲ</span> <span class='ocrx_word' id='word_1_866' title='bbox 1719 2469 1820 2497; x_wconf 82' lang='grc' dir='ltr'>ἀπολα-</span> 
     </span>
    </p>
   </div>
   <div class='ocr_carea' id='block_1_114' title="bbox 1033 2516 1821 2553">
    <p class='ocr_par' dir='ltr' id='par_1_114' title="bbox 1033 2516 1821 2553">
     <span class='ocr_line' id='line_1_114' title="bbox 1033 2516 1821 2553; baseline -0.005 -6"><span class='ocrx_word' id='word_1_867' title='bbox 1033 2520 1090 2546; x_wconf 74' lang='grc' dir='ltr'>ϐεῖν</span> <span class='ocrx_word' id='word_1_868' title='bbox 1100 2529 1106 2535; x_wconf 78' lang='lat'>&#39;</span> <span class='ocrx_word' id='word_1_869' title='bbox 1122 2519 1277 2552; x_wconf 84' lang='grc' dir='ltr'>ἀκολούθως</span> <span class='ocrx_word' id='word_1_870' title='bbox 1298 2517 1338 2551; x_wconf 74' lang='grc' dir='ltr'><strong>οἷς</strong></span> <span class='ocrx_word' id='word_1_871' title='bbox 1354 2519 1489 2550; x_wconf 81' lang='grc' dir='ltr'>ἐνετεὶλω,</span> <span class='ocrx_word' id='word_1_872' title='bbox 1505 2517 1653 2553; x_wconf 75' lang='grc' dir='ltr'>ὲζήσαμεν,</span> <span class='ocrx_word' id='word_1_873' title='bbox 1669 2517 1754 2553; x_wconf 78' lang='grc' dir='ltr'>μηδὲν</span> <span class='ocrx_word' id='word_1_874' title='bbox 1768 2516 1821 2542; x_wconf 73' lang='grc' dir='ltr'><strong>τῶν</strong></span> 
     </span>
    </p>
   </div>
   <div class='ocr_carea' id='block_1_115' title="bbox 1033 2564 1821 2603">
    <p class='ocr_par' dir='ltr' id='par_1_115' title="bbox 1033 2564 1821 2603">
     <span class='ocr_line' id='line_1_115' title="bbox 1033 2564 1821 2603; baseline -0.004 -11"><span class='ocrx_word' id='word_1_875' title='bbox 1033 2567 1267 2602; x_wconf 77' lang='grc' dir='ltr'>παρηγγελμένων</span> <span class='ocrx_word' id='word_1_876' title='bbox 1293 2566 1530 2603; x_wconf 76' lang='grc' dir='ltr'>παραϐεϐηκυίαι·</span> <span class='ocrx_word' id='word_1_877' title='bbox 1556 2565 1596 2592; x_wconf 84' lang='grc' dir='ltr'><strong>διδ</strong></span> <span class='ocrx_word' id='word_1_878' title='bbox 1610 2565 1658 2592; x_wconf 73' lang='grc' dir='ltr'><strong>καὶ</strong></span> <span class='ocrx_word' id='word_1_879' title='bbox 1682 2564 1731 2596; x_wconf 80' lang='grc' dir='ltr'>τὰς</span> <span class='ocrx_word' id='word_1_880' title='bbox 1755 2564 1821 2590; x_wconf 72' lang='grc' dir='ltr'>ὐπο-</span> 
     </span>
    </p>
   </div>
   <div class='ocr_carea' id='block_1_116' title="bbox 1037 2643 1502 2678">
    <p class='ocr_par' dir='ltr' id='par_1_116' title="bbox 1037 2643 1502 2678">
     <span class='ocr_line' id='line_1_116' title="bbox 1037 2643 1502 2678; baseline 0.002 -8"><span class='ocrx_word' id='word_1_881' title='bbox 1037 2651 1046 2661; x_wconf 90' lang='grc'><strong>·</strong></span> <span class='ocrx_word' id='word_1_882' title='bbox 1067 2643 1163 2671; x_wconf 87' lang='lat' dir='ltr'><strong>Matth.</strong></span> <span class='ocrx_word' id='word_1_883' title='bbox 1180 2652 1217 2676; x_wconf 85' lang='lat' dir='ltr'><strong>vt,</strong></span> <span class='ocrx_word' id='word_1_884' title='bbox 1235 2644 1285 2678; x_wconf 57' lang='lat'><strong>24;</strong></span> <span class='ocrx_word' id='word_1_885' title='bbox 1302 2644 1369 2672; x_wconf 90' lang='lat' dir='ltr'><strong>Luc.</strong></span> <span class='ocrx_word' id='word_1_886' title='bbox 1382 2652 1438 2676; x_wconf 78' lang='lat' dir='ltr'><strong>xvi,</strong></span> <span class='ocrx_word' id='word_1_887' title='bbox 1458 2644 1502 2671; x_wconf 76' lang='grc'><strong>15.</strong></span> 
     </span>
    </p>
   </div>
   <div class='ocr_carea' id='block_1_117' title="bbox 1034 2718 1819 2757">
    <p class='ocr_par' dir='ltr' id='par_1_117' title="bbox 1034 2718 1819 2757">
     <span class='ocr_line' id='line_1_117' title="bbox 1034 2718 1819 2757; baseline -0.001 -11"><span class='ocrx_word' id='word_1_888' title='bbox 1034 2729 1075 2752; x_wconf 88' lang='grc' dir='ltr'><strong>σις</strong></span> <span class='ocrx_word' id='word_1_889' title='bbox 1087 2721 1136 2757; x_wconf 80' lang='grc' dir='ltr'><strong>καὶ</strong></span> <span class='ocrx_word' id='word_1_890' title='bbox 1150 2721 1308 2757; x_wconf 85' lang='grc' dir='ltr'>περιαγωγὴ</span> <span class='ocrx_word' id='word_1_891' title='bbox 1320 2721 1408 2756; x_wconf 72' lang='grc' dir='ltr'>ψυχῆς</span> <span class='ocrx_word' id='word_1_892' title='bbox 1421 2721 1475 2748; x_wconf 83' lang='grc' dir='ltr'><strong>ἀπὸ</strong></span> <span class='ocrx_word' id='word_1_893' title='bbox 1486 2721 1620 2757; x_wconf 76' lang='grc' dir='ltr'>σώματος,</span> <span class='ocrx_word' id='word_1_894' title='bbox 1631 2719 1678 2757; x_wconf 65' lang='grc' dir='ltr'><strong>ἐπὶ</strong></span> <span class='ocrx_word' id='word_1_895' title='bbox 1691 2719 1726 2745; x_wconf 69' lang='grc' dir='ltr'>τὰ</span> <span class='ocrx_word' id='word_1_896' title='bbox 1741 2718 1819 2757; x_wconf 64' lang='grc' dir='ltr'>νοητὰ</span> 
     </span>
    </p>
   </div>
   <div class='ocr_carea' id='block_1_118' title="bbox 1033 2753 1848 2792">
    <p class='ocr_par' dir='ltr' id='par_1_118' title="bbox 1033 2753 1848 2792">
     <span class='ocr_line' id='line_1_118' title="bbox 1033 2753 1848 2792; baseline 0.001 -11"><span class='ocrx_word' id='word_1_897' title='bbox 1033 2756 1111 2791; x_wconf 77' lang='grc' dir='ltr'>ἡμῶν</span> <span class='ocrx_word' id='word_1_898' title='bbox 1126 2753 1416 2792; x_wconf 68' lang='grc' dir='ltr'>τρεπομένών’καῖ“τὰ</span> <span class='ocrx_word' id='word_1_899' title='bbox 1432 2757 1491 2783; x_wconf 80' lang='grc' dir='ltr'>κατ’</span> <span class='ocrx_word' id='word_1_900' title='bbox 1507 2753 1634 2791; x_wconf 84' lang='grc' dir='ltr'>ἀλήθειαν</span> <span class='ocrx_word' id='word_1_901' title='bbox 1652 2755 1725 2782; x_wconf 82' lang='grc' dir='ltr'>δντα.</span> <span class='ocrx_word' id='word_1_902' title='bbox 1740 2753 1819 2782; x_wconf 64' lang='lat' dir='ltr'><strong>lisia—</strong></span> <span class='ocrx_word' id='word_1_903' title='bbox 1835 2761 1848 2768; x_wconf 75' lang='lat'><strong>‘</strong></span> 
     </span>
    </p>
   </div>
   <div class='ocr_carea' id='block_1_119' title="bbox 1033 2799 1814 2861">
    <p class='ocr_par' dir='ltr' id='par_1_119' title="bbox 1033 2799 1814 2861">
     <span class='ocr_line' id='line_1_119' title="bbox 1033 2799 1814 2861; baseline 0 -8"><span class='ocrx_word' id='word_1_904' title='bbox 1033 2799 1123 2861; x_wconf 39' lang='lat' dir='ltr'><strong>3173&#39;s)</strong></span> <span class='ocrx_word' id='word_1_905' title='bbox 1146 2827 1333 2861; x_wconf 76' lang='grc' dir='ltr'>Ἀνθρώποις.</span> <span class='ocrx_word' id='word_1_906' title='bbox 1349 2827 1429 2854; x_wconf 84' lang='lat' dir='ltr'><strong>Conf.</strong></span> <span class='ocrx_word' id='word_1_907' title='bbox 1443 2826 1522 2854; x_wconf 81' lang='lat' dir='ltr'><strong>Rom.</strong></span> <span class='ocrx_word' id='word_1_908' title='bbox 1537 2834 1599 2858; x_wconf 83' lang='lat' dir='ltr'><strong>vin,</strong></span> <span class='ocrx_word' id='word_1_909' title='bbox 1615 2825 1648 2857; x_wconf 83' lang='lat'><strong>8;</strong></span> <span class='ocrx_word' id='word_1_910' title='bbox 1663 2825 1725 2852; x_wconf 86' lang='lat' dir='ltr'><strong>Gal.</strong></span> <span class='ocrx_word' id='word_1_911' title='bbox 1740 2833 1759 2856; x_wconf 78' lang='grc' dir='ltr'>ι,</span> <span class='ocrx_word' id='word_1_912' title='bbox 1775 2823 1814 2853; x_wconf 83' lang='grc' dir='ltr'><strong>Ιθ.</strong></span> 
     </span>
    </p>
   </div>
   <div class='ocr_carea' id='block_1_120' title="bbox 1069 2860 1782 2898">
    <p class='ocr_par' dir='ltr' id='par_1_120' title="bbox 1069 2860 1782 2898">
     <span class='ocr_line' id='line_1_120' title="bbox 1069 2860 1782 2898; baseline -0.001 -10"><span class='ocrx_word' id='word_1_913' title='bbox 1069 2864 1124 2898; x_wconf 71' lang='lat'><strong>(86)</strong></span> <span class='ocrx_word' id='word_1_914' title='bbox 1138 2860 1229 2896; x_wconf 50' lang='grc' dir='ltr'>Χήρα.</span> <span class='ocrx_word' id='word_1_915' title='bbox 1246 2863 1323 2890; x_wconf 79' lang='lat' dir='ltr'><strong>Conl‘.</strong></span> <span class='ocrx_word' id='word_1_916' title='bbox 1350 2863 1448 2891; x_wconf 83' lang='lat' dir='ltr'><strong>Slrom.</strong></span> <span class='ocrx_word' id='word_1_917' title='bbox 1473 2870 1515 2895; x_wconf 87' lang='grc' dir='ltr'>ιιι,</span> <span class='ocrx_word' id='word_1_918' title='bbox 1531 2869 1592 2897; x_wconf 75' lang='lat' dir='ltr'><strong>pag.</strong></span> <span class='ocrx_word' id='word_1_919' title='bbox 1607 2861 1669 2893; x_wconf 87' lang='lat'><strong>558,</strong></span> <span class='ocrx_word' id='word_1_920' title='bbox 1684 2865 1741 2888; x_wconf 90' lang='lat' dir='ltr'><strong>not.</strong></span> <span class='ocrx_word' id='word_1_921' title='bbox 1757 2860 1782 2887; x_wconf 85' lang='lat'><strong>5.</strong></span> 
     </span>
    </p>
   </div>
  </div>
