1933 3075
30 182 75 210 501
657 183 697 210 ST
701 183 772 210 R0)!
777 182 819 209 AT

894 182 957 208 LIB.
980 181 1033 208 V’ll.

1607 185 1660 214 50!

29 241 133 277 σχέσεις
160 241 352 277 ἀπαιτοῦμεν·
378 241 514 277 εὐχόμεθα
534 241 562 268 δὲ
587 241 619 267 τὰ
636 241 821 276 συμφέροντα,

880 240 1004 274 :oguitio.
1023 239 1069 267 lla:
1086 244 1177 266 autem
1191 243 1255 267 sunt
1268 240 1399 275 gnostica:
1416 240 1523 274 animas,
1536 250 1603 277 quas
1617 251 1663 270 as-

26 284 76 322 ὁὺχ
91 288 127 319 ὼς
137 287 317 323 καθηκόντως
332 287 387 323 (87)
399 287 446 314 τοῦ
462 289 546 314 αἰτεῖν
560 288 593 314 τὰ
607 288 734 315 κάλλιστα
747 288 822 322 παρὰ

27 335 75 361 σοῦ
86 343 93 349 ·
113 333 161 360 καὶ
177 335 268 361 πάντα
283 334 330 360 ἐπὶ
348 335 479 370 συμφόρῳ
492 334 632 370 δεξόμεθα,
650 334 700 361 κᾶν
716 334 822 370 πονηρὰ

26 379 100 407 εἶναι
109 381 174 416 δοκῇ
188 380 223 407 τὰ
238 380 386 415 προσιόντα
400 381 548 415 γυμνάσια,
568 380 645 407 ᾶτινα
658 381 722 415 ἡμῖν
738 389 822 415 προσ-

28 426 109 462 φέρει
120 427 137 462 ἡ
148 427 186 462 ,σὴ
195 427 337 462 οἰκονομία
350 427 389 458 εἰς
405 417 568 462 cumdie-atquo;
592 426 772 461 βεϐαιότητος.
794 427 821 452 '0

30 472 82 506 μὲν
98 470 144 498 οὖν
154 472 315 506 γνωστικὺς,
329 471 363 498 δι’
382 472 533 507 ὑπερϐολὴν
550 462 687 507 ὁσιότητος
700 471 823 506 αἰτούμε-

28 526 85 550 νος,
104 518 204 553 gmw
218 519 363 553 ἀποτυχεῖν
379 517 497 553 ἕτοιμος,
512 518 528 553 ἢ
545 517 582 553 μὴ
598 517 756 552 αἰτούμενος
775 527 822 544 τυ-

27 564 99 598 χεῖν.
115 564 191 600 Εὑχὴ
218 564 266 599 μὲν
291 564 365 600 αὑτῷ
391 564 474 600 (88)ό
490 564 546 599 βίος
561 564 633 595 ἆπας
658 564 706 590 καὶ
732 564 822 599 ὁμιλία

29 610 100 646 πρὸς
135 610 219 637 Θεόν·
255 611 306 638 κᾶν
332 610 451 646 καθαρὸς
524 610 743 646 ἁμαρτημάτων,
758 610 823 636 πάν-

28 664 83 687 τως
97 653 128 682 οἵ)
160 655 281 690 βούλεται
305 656 438 689 τεύξεται.
460 656 539 690 Λέγει
558 656 612 691 γὰρ
627 657 640 683 ὁ
655 656 719 687 Θεὸς
732 656 770 691 τῷ
786 656 824 682 δι-

29 700 118 736 καίῳ·
139 709 150 726 ι
170 701 283 736 Δίτησαι
295 701 362 736 (89),
378 701 425 728 καὶ
440 699 519 727 δώσω
536 710 576 727 σοι
587 710 593 716 ·
610 701 759 737 ἐννοήθητι,
777 701 823 727 καὶ

29 747 150 782 ποιήσω.
169 756 178 772 ι
199 747 261 773 Ἐὰν
277 747 326 783 μὲν
343 744 389 774 οὖν
413 747 585 782 συμφέροντα
599 744 627 783 ᾖ,
652 747 824 783 παραχρῆμα

28 791 148 827 λήψεται
159 801 166 807 ·
183 792 329 828 ἀσύμφορα
345 792 372 819 δὲ
386 793 514 819 οὐδέποτε
530 793 670 828 αἰτήσεται
680 801 686 807 ·
705 792 744 819 διὸ
764 793 823 819 οὐδὲ

28 838 149 873 λήψεται
159 847 166 853 ·
181 838 268 870 οὕτως
280 838 354 865 ἔσται
370 839 384 864 ὃ
403 839 536 874 βούλεται.
552 839 610 866 Κᾶν
620 848 661 870 τις
673 839 740 874 ἡμῖν
756 839 823 875 λέγῃ

29 885 228 920 ἐπιτυγχάνειν
252 884 327 915 τινὰς
344 884 390 911 καὶ
413 884 466 911 τῶν
482 884 651 919 ἁμαρτωλῶν
680 884 750 911 κατὰ
776 884 824 916 τὰς

29 931 168 965 αἰτήσεις,
186 930 308 962 σπανίως
325 930 373 965 μὲν
387 930 466 956 τοῦτο
484 929 527 957 διὰ
544 931 593 966 τὴν
622 930 670 957 τοῦ
696 930 762 957 Θεοῦ
786 931 825 957 δι-

29 976 112 1004 καίαν
126 977 297 1012 ἀγαθότητα·
313 976 412 1003 δίδοται
426 976 455 1003 δὲ
466 978 523 1008 τοῖς
545 977 592 1003 καὶ
604 977 699 1008 ἄλλους
714 977 757 1003 εὑε
763 985 824 1012 ργε-

29 1024 87 1049 τεῖν
102 1023 282 1058 δυναμένοις·
298 1022 359 1049 ὅθεν
372 1023 401 1048 οὺ
416 1022 461 1048 διὰ
484 1023 528 1049 τὸν
552 1024 703 1058 αἰτήσαντα
722 1024 739 1058 ἡ
753 1023 826 1054 δόσις

30 1068 146 1101 γίνεται,
174 1067 231 1094 ἀλλ’
249 1069 265 1102 ἡ
286 1067 435 1103 οἰκονομία,
455 1067 500 1094 τὸν
529 1067 662 1099 σώζεσθαι
685 1068 719 1094 δι’
743 1067 824 1094 αὐτοῦ

33 1112 171 1147 μέλλοντα
188 1113 380 1148 προορωμένη,
404 1112 511 1138 δικαίαν
528 1112 609 1139 πάλιν
632 1114 749 1139 ποιεῖται
775 1113 824 1147 τὴν

29 1159 136 1194 δωρεάν
146 1168 152 1173 ·
165 1160 224 1190 τοῖς
234 1159 255 1185 δ’
268 1159 324 1185 ὅσοι
340 1157 420 1190 ἄξιοι,
432 1158 465 1185 τὰ
477 1158 560 1190 ὄντως
570 1158 659 1193 ἀγαθὰ
671 1159 718 1185 καὶ
735 1159 771 1194 μὴ
783 1159 825 1185 αί-

29 1203 176 1239 τουμένοις
195 1203 307 1230 δίδοται.
320 1205 378 1229 Ὂτ¹
394 1203 426 1230 ἂν
449 1201 496 1230 οὖν
522 1203 558 1238 μὴ
581 1203 651 1230 κατὰ
669 1203 792 1238 ἀνάγκην
808 1203 824 1238 ἢ

31 1250 114 1283 φόὸον
129 1250 148 1285 ἦ
166 1250 263 1276 ἐλπίδα
279 1249 382 1281 δίκαιός
406 1258 448 1281 τις
467 1248 495 1286 ᾗ,
509 1249 566 1276 ἀλλ’
583 1251 614 1276 ὲκ
627 1249 824 1285 προαιρέσεως,

28 1296 98 1332 αὕτη
113 1297 131 1331 ἡ
146 1296 211 1327 ὁδὸς
223 1295 334 1329 λέγεται
351 1295 475 1330 βασιλικὴ
503 1295 568 1330 (90),
594 1295 627 1330 ἦν
643 1295 672 1320 τὸ
690 1294 826 1329 βασιλικὸν

28 1342 118 1368 ὁδεύει
131 1341 230 1376 γένος’
242 1341 383 1377 ὀλισθηραὶ
393 1341 422 1367 δὲ
438 1342 464 1367 αἱ
484 1341 561 1368 ἄλλαι
577 1341 768 1377 παρεκτροπαὶ
781 1341 827 1368 καὶ

29 1387 219 1424 κρημνώδεις.
234 1387 270 1414 Εῖ
277 1387 302 1421 γ’
314 1385 361 1418 οὖν
373 1396 415 1419 τις
436 1387 530 1422 ἀφέλοι
545 1388 589 1414 τὸν
610 1387 690 1422 φόϐον
716 1387 763 1414 καὶ
777 1387 826 1422 τὴν

28 1434 126 1469 τιμὴν,
144 1433 197 1463 οὐκ
220 1431 267 1459 οἷδ’
283 1433 306 1458 εί
322 1432 362 1458 ἔτι
387 1433 584 1467 ὑποστήσονται
611 1432 659 1464 τὰς
684 1432 786 1467 ολίψεις
801 1433 827 1458 οἱ

28 1478 162 1512 γεννάδαι
176 1477 232 1504 τῶν
247 1476 510 1513 παρρησιαζομένων
535 1477 695 1511 φιλοσόφων.
718 1476 827 1504 Ἐπιθυ-

32 1524 92 1559 μίαι
103 1523 134 1550 δὲ
144 1524 193 1550 καὶ
205 1523 239 1550 τὰ
252 1523 437 1559 ἄλλαὰμαρτή
442 1533 513 1559 ματα
521 1524 639 1559 τρίὸολοι
648 1523 703 1559 (91)
712 1525 758 1550 καὶ
770 1523 827 1550 σκό-

30 1570 117 1601 λοπες
144 1570 280 1604 εἴρηνται.
306 1569 465 1604 Ἐργόιζεται
488 1570 576 1597 τοίνυν
600 1571 614 1596 ὁ
631 1570 780 1604 γνωστικὸς
798 1571 827 1598 ὲν

31 1616 69 1651 τῷ
93 1615 143 1642 τοῦ
167 1615 273 1651 Κυρίου
292 1615 443 1650 ἀμπελῶνι,
462 1616 596 1650 φυτεύων,
615 1617 760 1649 κλαδεύων,
777 1618 828 1653 ἀρ»
842 1605 865 1636 C

29 1661 130 1693 ὂεὺων,
146 1661 220 1693 θεῖος
233 1661 315 1692 ὅντως
338 1662 470 1697 ὑπάρχων
482 1662 536 1689 τῶν
547 1664 587 1695 εἰς
602 1663 693 1690 πίστιν
709 1672 830 1690 καταπε-

31 1709 216 1743 φυτευμένων
233 1708 366 1743 γεωργός.
383 1708 414 1734 Οἱ
429 1708 478 1743 μὲν
499 1706 546 1735 οὖν
560 1709 589 1735 τὸ
609 1710 692 1736 κακὸν
708 1710 744 1745 μὴ
758 1711 828 1746 πρά-

31 1756 131 1787 ξαντες
150 1755 247 1790 μισθὸν
261 1755 383 1788 ἀξιοῦσιν
395 1755 492 1791 ἀργίας
506 1755 654 1791 λαμϐάνειν
664 1765 670 1770 ·
689 1757 702 1782 ὁ
713 1757 742 1783 δὲ
759 1757 827 1791 ἀγαα

30 1799 63 1826 Οὰ
83 1799 198 1835 πράξας
220 1801 254 1826 ἐκ
271 1800 457 1836 προαιρέσεως
475 1801 583 1835 γυμνῆς
595 1802 706 1828 ἀπαιτεῖ
727 1802 771 1828 τὸν
786 1811 829 1837 μι-

31 1846 96 1873 σθὸν
110 1846 150 1877 ὠς
165 1846 286 1882 ἐργάτης
301 1847 413 1880 ἀγαθός.
438 1847 545 1883 Ἀμέλει
568 1847 616 1874 καὶ
630 1848 739 1874 διπλοῦν
747 1846 830 1884 λήψε-

29 1901 86 1924 ται,
106 1889 154 1919 ὦν.
165 1901 197 1918 τε
207 1892 258 1919 οὐκ
273 1893 393 1929 ἐποίησε,
409 1894 455 1921 καὶ
467 1893 525 1920 ἀνθ’
535 1889 572 1919 ὧν
588 1894 780 1929 εὐηργέτησεν.
801 1895 829 1920 '0

30 1938 191 1971 γνωστικδς
203 1934 282 1970 οὗτος
295 1939 455 1974 πειράζεται
470 1939 515 1965 ὑπ’
531 1939 637 1971 οὐδενός
648 1948 654 1954 '
671 1940 741 1975 πλὴν
755 1941 779 1966 εἰ
792 1940 829 1975 μὴ
847 1962 852 1971 ,

30 1983 172 2020 ἐπιτρέψῃ
181 1985 195 2010 ό
206 1984 282 2016 Θεὸς,
294 1985 340 2011 καὶ
348 1984 427 2010 τοῦτο
437 1985 480 2011 διὰ
492 1985 541 2020 τὴν
551 1985 605 2011 τῶν
615 1985 745 2012 συνόντων
758 1985 829 2020 ὼψὲ-

31 2031 121 2059 λειαν.
146 2030 362 2066 Ἐπιρρώννυταί
382 2031 408 2065 γ’
416 2029 462 2057 οὖν
475 2031 543 2066 πρὸς
557 2031 606 2066 τὴν
619 2031 709 2058 πίστιν
724 2031 767 2057 διὰ
781 2033 829 2067 τῆς

32 2076 168 2111 ἀνδρικῆς
183 2075 426 2110 παρακαλούμενος
442 2077 589 2111 ὑπομονῆς.
604 2076 711 2111 ’Δμέλει
729 2078 774 2103 καὶ
786 2077 830 2104 διὰ

31 2122 114 2149 τοῦτο
128 2123 152 2148 οἱ
168 2121 300 2157 μακάριοι
314 2122 457 2148 ἀπόστολοι
474 2122 514 2154 είς
527 2122 607 2157 πῆξιν
625 2122 672 2148 καὶ
686 2122 830 2157 βεϐαίωσιν

32 2169 88 2195 τῶν
104 2168 286 2204 Ἔκκλησιῶν,
300 2168 340 2198 εἰς
348 2169 444 2202 πεῖραν
454 2169 501 2195 και¹
511 2168 659 2204 μαρτύριον
665 2167 830 2203 τελειότητος

32 2215 171 2250 ἤχθησαν.
190 2215 281 2250 Ἔχων
301 2212 348 2241 οὖν
359 2215 373 2240 ὁ
383 2215 532 2248 γνωστικὺς
546 2215 654 2242 ἔναυλον
669 2215 717 2250 τὴν
739 2215 831 2250 φωνὴν

32 2261 82 2296 τὴν
98 2260 233 2294 λέγουσαν
243 2269 249 2274 ·
268 2269 278 2285 ι
295 2261 344 2286 “Ov
358 2259 413 2293 ἐγὼ
427 2260 550 2292 πατάξω,
570 2261 601 2287 σὺ
619 2260 742 2296 ἐλέησον,
760 2270 768 2286 ι
784 2261 830 2287 καὶ

30 2307 98 2339 τοὺς
114 2305 261 2341 μισοῦντας
273 2307 389 2332 αἰτεῖται
401 2306 575 2341 μετανοῆσαι.
589 2307 642 2342 Τὴν
657 2306 711 2342 γὰρ
722 2307 775 2334 τῶν
783 2315 830 2334 κα-

876 287 1006 313 similavit
1024 286 1201 321 Evangelium
1218 286 1370 321 virginibus
1397 288 1581 316 sanctificatis
1600 297 1661 324 (ιιιιε

876 332 1019 359 Dominum
1034 336 1195 367 exspectant
1205 338 1228 358 ι.
1243 331 1311 359 Nam
1330 332 1450 367 virgines
1466 334 1576 368 quidem
1598 339 1662 362 sunt

876 383 905 405 ut
921 386 980 412 quae
994 385 1008 403 a
1023 378 1101 404 malis
1118 378 1311 410 abstinuerint.
1327 384 1485 413 exspectant
1502 383 1591 406 autem
1610 379 1664 407 Do-

876 425 978 451 minum
1003 429 1114 459 propter
1128 425 1327 459 ‘_charitatem:
1353 433 1488 460 suumque
1511 426 1664 454 accendunt

876 471 967 498 lumen
985 471 1018 498 ad
1034 479 1124 498 rerum
1141 472 1418 506 contemplationem,
1434 472 1581 507 prudentes
1602 473 1663 500 ani-

876 525 936 549 mas,
949 517 1087 546 dicentes:
1102 517 1123 545 0
1136 517 1261 550 Domine,
1278 518 1334 553 jam
1351 518 1459 545 tandem
1475 518 1664 547 desideramus

876 568 903 592 te
918 565 1056 600 recipere;
1085 564 1241 592 secundum
1261 572 1293 592 ea
1308 573 1368 600 qua:
1391 569 1420 592 tu
1437 565 1573 593 mandasti
1594 566 1664 592 vixi-

877 618 952 642 mus,
970 611 1037 637 nihil
1061 612 1299 646 prretermittentes
1314 619 1407 639 eorum
1425 620 1485 647 quae
1500 612 1662 648 prfecepisti.

877 656 1060 688 Quamobrem
1078 657 1213 691 promissa
1231 665 1341 692 quoque
1363 657 1492 692 petimus.
1515 657 1665 685 Precamur

877 705 967 729 autem
987 710 1048 737 qum
1073 706 1136 729 sunt
1154 702 1251 734 utilia,
1271 710 1333 729 cum
1357 710 1411 729 non
1429 703 1573 730 conveniat
1599 709 1614 728 a
1638 706 1665 729 te

877 752 969 783 petere
984 756 1045 783 qum
1060 751 1123 775 sunt
1139 748 1338 783 pulcherrima;
1356 751 1382 775 et
1395 748 1560 783 accipiemus
1573 749 1664 776 omnia

877 803 927 830 pro
943 795 1074 826 utilibus,
1092 795 1201 822 etiamsi
1222 794 1367 822 videantur
1382 802 1443 822 esse
1458 795 1528 821 mala
1543 802 1604 829 quae
1621 795 1665 822 of-

878 841 998 868 ferentur
1024 841 1104 868 nobis
1129 840 1276 873 exercitia,
1303 848 1363 875 qua:
1385 840 1495 874 quidem
1520 841 1599 868 nobis
1618 845 1666 868 tua

878 885 956 913 oﬂ’ert
981 885 1152 921 dispensatio
1177 893 1209 912 ac
1226 893 1309 917 cura,
1336 885 1369 912 ad
1394 885 1569 913 stabilitatem
1586 894 1666 914 exer-

843 933 862 961 Β
877 931 992 959 cendam
1010 936 1037 959 et
1049 932 1244 959 constantiam.
1264 931 1353 966 Atque
1370 931 1393 958 is
1413 930 1522 966 quidem
1538 931 1584 966 qui
1599 939 1668 966 gno—

877 977 963 1004 sticus
977 981 1039 1010 est,
1064 981 1175 1012 propter
1191 977 1325 1011 insignem
1348 977 1539 1008 sanctitatem,
1556 980 1598 1004 est
1618 985 1668 1012 pa-

876 1022 980 1054 ratior,
996 1030 1050 1049 non
1065 1023 1173 1057 assequi
1198 1023 1219 1050 si
1241 1026 1332 1057 petat,
1351 1030 1431 1057 quam
1448 1023 1557 1057 assequi
1576 1022 1598 1049 si
1612 1029 1667 1049 n0n

876 1072 960 1103 petat.
984 1068 1109 1095 Precatio
1134 1067 1244 1103 quidem
1271 1071 1312 1094 est
1338 1067 1363 1094 ei
1386 1067 1513 1095 universa
1540 1067 1612 1099 vita,
1640 1071 1668 1094 et

876 1121 938 1140 cum
951 1116 981 1145 ὦ
995 1113 1049 1141 Deo
1067 1114 1249 1141 conversatio.
1261 1113 1339 1146 Quod
1348 1113 1370 1140 si
1381 1113 1499 1140 mundus
1517 1113 1553 1141 sit
1566 1120 1582 1139 a
1598 1120 1665 1147 pec-

880 1160 959 1193 catis,
970 1159 1082 1186 omnino
1093 1159 1165 1194 quod
1179 1159 1236 1185 vult
1247 1163 1418 1193 assequetur.
1426 1158 1504 1186 Justo
1514 1159 1587 1186 enim
1599 1157 1668 1185 dicit

878 1206 950 1234 Deus
968 1214 974 1231 :
993 1215 1002 1231 ‹
1019 1205 1094 1237 Pete,
1118 1209 1144 1233 et
1154 1205 1303 1240 dabogtibi;
1321 1204 1422 1240 cogita,
1440 1208 1468 1232 et
1485 1204 1593 1232 faciam.
1612 1214 1621 1231 ι
1639 1203 1668 1231 Si

877 1255 942 1279 sunt
957 1259 1024 1286 ergo
1038 1251 1118 1278 utilia
1129 1271 1136 1283 ,
1155 1251 1272 1286 accipiet
1296 1252 1421 1286 protinus
1434 1259 1441 1277 ι
1455 1251 1563 1278 inutilia
1577 1254 1668 1277 autem

877 1305 1017 1332 nunquam
1030 1298 1106 1332 petit,
1119 1301 1145 1324 et
1158 1297 1219 1325 ideo
1232 1305 1287 1325 non
1304 1298 1436 1332 accipiet:
1453 1297 1502 1331 ita,
1514 1296 1588 1332 quod
1599 1297 1668 1327 vult.

878 1345 939 1372 erit.
969 1344 1047 1378 Quod
1074 1345 1096 1372 si
1114 1344 1176 1379 quis
1204 1344 1278 1372 dicat
1301 1345 1401 1377 nobis,
1428 1343 1562 1379 quosdam
1587 1343 1670 1370 etiam

877 1394 1036 1426 peccatores
1053 1390 1202 1425 impetrare
1217 1389 1244 1416 id
1260 1389 1333 1425 quod
1350 1393 1444 1424 petant
1462 1399 1468 1416 ;
1486 1389 1538 1415 hoc
1557 1387 1670 1423 quidem

878 1444 941 1463 raro
955 1436 1001 1468 ﬁt,
1018 1441 1131 1471 propter
1143 1436 1248 1471 justam
1275 1435 1322 1463 Dei
1339 1435 1501 1462 bonitatem.
1519 1434 1604 1461 Datur
1620 1440 1671 1460 au-

878 1486 932 1509 tem
948 1482 987 1510 eis
1004 1482 1086 1509 etiam
1103 1481 1148 1516 qui
1166 1485 1282 1517 possunt
1307 1481 1370 1508 aliis
1396 1479 1560 1508 benefacere
1574 1487 1580 1505 :
1598 1479 1670 1506 unde

878 1536 934 1556 non
951 1528 980 1554 fit
993 1527 1105 1555 donatio
1122 1533 1234 1563 propter
1248 1535 1309 1554 eum
1325 1527 1372 1562 qui
1390 1526 1467 1562 petiit
1487 1536 1493 1554 :
1515 1525 1564 1553 sed
1578 1525 1670 1552 divina

880 1575 1059 1610 dispensatio,
1075 1582 1129 1610 qua
1146 1574 1287 1610 prawidct,
1304 1574 1421 1600 alterum
1436 1581 1498 1600 esse
1513 1580 1561 1608 per
1580 1571 1670 1606 ipsum

882 1621 987 1648 salvum
1003 1620 1125 1647 futurum
1135 1640 1143 1652 ,
1163 1628 1260 1647 rursus
1273 1620 1377 1655 justam
1392 1619 1456 1646 facit
1467 1618 1642 1646 donationem
1661 1627 1669 1644 :

883 1667 916 1693 iis
932 1671 1022 1693 autem
1046 1666 1092 1700 qui
1110 1669 1175 1693 sunt
1191 1665 1266 1700 digni
1280 1684 1287 1697 ,
1304 1672 1335 1691 ea
1352 1664 1435 1691 etiam
1453 1670 1513 1698 quae.
1529 1670 1591 1690 vere
1606 1665 1671 1690 sunt

882 1712 953 1739 bona
977 1711 1079 1738 dantur
1103 1711 1166 1739 licet
1189 1719 1244 1738 non
1270 1710 1437 1745 petentibus.
1465 1708 1581 1742 Quando
1605 1716 1671 1743 ergo

883 1766 937 1785 non
956 1758 1120 1785 necessitate
1136 1757 1176 1784 vel
1194 1761 1269 1784 metu
1282 1757 1324 1783 vel
1339 1764 1387 1791 spe
1410 1755 1493 1782 fuerit
1511 1755 1604 1789 justus
1619 1754 1670 1780 ali-

882 1804 956 1838 quis,
971 1803 1016 1830 sed
1033 1811 1065 1830 ex
1081 1803 1169 1830 libero
1188 1802 1272 1829 animi
1286 1802 1422 1833 instituto,
1441 1801 1499 1828 haec
1512 1801 1613 1828 dicitur
1628 1800 1670 1827 via

883 1848 957 1883 regia
970 1867 977 1879 ,
1003 1855 1084 1882 quam
1103 1847 1256 1882 ingreditur
1269 1846 1360 1881 regale
1375 1854 1481 1882 genus:
1499 1850 1562 1873 sunt
1580 1849 1671 1872 autem

883 1893 994 1920 lubrica:
1011 1896 1038 1920 et
1062 1893 1216 1927 praecipites
1234 1892 1294 1918 alia:
1310 1892 1344 1918 ab
1359 1899 1391 1918 ea
1413 1891 1621 1919 declinationes.
1642 1889 1672 1916 Si

883 1939 945 1974 quis
961 1945 1026 1972 ergo
1042 1941 1143 1965 metum
1156 1941 1182 1964 et
1201 1938 1333 1965 honorem
1350 1937 1510 1968 abstulerit,
1529 1936 1622 1963 nescio
1637 1942 1672 1962 an

883 1984 1025 2012 toleraturi
1041 1983 1096 2018 jam
1115 1983 1170 2010 sint
1187 1983 1359 2015 afﬂictiones,
1376 1983 1501 2018 praclari
1516 1982 1572 2015 isti,
1586 1987 1613 2010 et
1625 1982 1672 2017 qui

883 2034 959 2056 tanta
989 2031 1016 2056 in
1047 2029 1186 2064 loquenlo
1213 2033 1328 2056 utuntur
1354 2028 1480 2056 libertate
1505 2028 1670 2063 philosophi.

883 2076 1053 2111 Cupiditates
1065 2084 1129 2111 ergo
1146 2080 1173 2103 et
1191 2076 1243 2102 alia
1259 2079 1371 2110 peccata
1387 2076 1460 2103 dicta
1490 2079 1554 2103 sunt
1576 2074 1671 2102 tribuli

883 2126 910 2149 et
925 2122 997 2148 valli.
1014 2121 1150 2157 Operatur
1164 2129 1228 2156 ergo
1245 2121 1386 2157 guosticus
1413 2122 1440 2148 iu
1459 2122 1536 2149 vinea
1549 2120 1669 2153 Domini,

884 2168 1026 2203 plantans,
1042 2172 1159 2203 putans,
1177 2168 1309 2202 irrigans,
1327 2175 1390 2195 vere
1413 2167 1524 2195 divinus
1548 2166 1671 2202 agricola

883 2221 979 2241 eorum
995 2214 1042 2248 qui
1059 2218 1124 2241 sunt
1136 2214 1250 2248 plantati
1266 2214 1294 2241 in
1309 2213 1370 2241 fide.
1384 2212 1417 2240 Et
1432 2213 1479 2248 qui
1495 2213 1600 2241 malum
1610 2213 1673 2247 qui-

883 2259 944 2287 dem
959 2267 1012 2286 non
1029 2259 1161 2291 fecerunt,
1175 2268 1281 2295 aequum
1293 2264 1406 2287 censent
1420 2264 1450 2286 ut
1461 2259 1507 2287 otii
1520 2258 1672 2287 mercedem

883 2305 1040 2340 accipiant:
1054 2306 1100 2340 qui
1125 2310 1216 2333 autem
1234 2306 1304 2333 bona
1325 2306 1390 2334 fecit
1415 2314 1448 2333 ex
1463 2306 1538 2333 nudo
1555 2313 1586 2332 ac
1602 2313 1673 2340 puro

31 2353 163 2388 κούργων
187 2353 215 2378 ὲν
230 2353 288 2383 τοῖς
313 2352 431 2383 σταδίοις
457 2352 668 2388 ἐπιτελουμένην
694 2353 825 2388 τιμωρίαι

883 2352 966 2378 animi
988 2353 1127 2384 instituto,
1151 2353 1236 2387 exigit
1250 2353 1403 2380 mercedem
1424 2358 1453 2380 ut
1471 2353 1559 2380 bonus
1574 2359 1672 2386 opera-

31 2399 82 2426 καὶ
116 2398 218 2425 παίδων
248 2397 306 2424 ἐστὶ
331 2397 368 2433 μὴ
391 2397 540 2425 θεάσασθαι
558 2398 630 2433 (92)·
650 2399 678 2424 οὐ
693 2398 747 2434 γὰρ
758 2398 830 2425 ἐστιν

31 2445 112 2476 ὅπως
125 2445 177 2471 ὑπὸ
187 2444 240 2471 τῶν
253 2444 342 2471 αὐτῶν
357 2444 411 2480 (95)
426 2445 587 2480 παιδευθείη
609 2446 667 2471 ποτ’
688 2445 720 2471 ἂν
736 2445 749 2470 ὁ
762 2453 832 2479 γνω-

884 2400 952 2427 rius.
966 2399 1083 2434 Duplum
1100 2403 1173 2426 certe
1189 2402 1354 2434 accepturus
1370 2403 1423 2431 est,
1439 2403 1495 2426 tum
1512 2399 1547 2425 ob
1563 2407 1594 2425 ea
1609 2406 1673 2433 qua:

885 2453 941 2473 non
958 2445 1022 2472 fecit
1035 2465 1042 2477 ,
1064 2449 1120 2472 tum
1143 2449 1170 2472 et
1195 2453 1227 2472 ea
1254 2453 1314 2480 quae
1330 2445 1398 2473 bene
1413 2445 1488 2473 fecit.
1509 2444 1672 2480 Hujusmodi

71 2537 104 2566 ᾖ(
124 2533 154 2560 Ρ.
173 2533 226 2561 876
242 2533 296 2561 ΕΒ.
318 2532 468 2567 POTTER,
488 2533 607 2560 ἨΞ-745
625 2533 679 2561 El).
695 2533 807 2561 PARIS.

881 2533 975 2560 Matth.
992 2541 1055 2566 xxv,
1072 2534 1085 2560 1
1104 2538 1131 2561 ct
1147 2541 1204 2568 seq.

71 2621 132 2656 (87)
146 2623 356 2656 Καθηκόντως.
372 2621 454 2649 Forte
466 2622 560 2649 verius
573 2621 750 2658 καθήκοντος.
765 2622 825 2649 SvL-

921 2622 977 2664 (ξξῖ)
996 2623 1050 2649 Καὶ
1070 2622 1190 2664 auida»:
1211 2623 1276 2664 ᾆίξτὶ
1297 2622 1343 2664 μὴ
1369 2621 1555 2664 θεςξσασθαιῖ⁹
1568 2621 1675 2664 Seqsus

31 2663 120 2720 “17138.
139 2692 224 2727 Εὑχὴ
236 2692 295 2727 μὲν
308 2691 400 2724 αὐτῷ.
415 2691 465 2719 Ms.
481 2691 583 2723 Paris,
601 2692 666 2727 εὐχὴ
679 2692 733 2727 γὰρ
747 2692 829 2727 αὐτῷ.

34 2760 51 2763 _
70 2692 134 2763 (soi
151 2729 288 2762 Αιτησαι.
316 2727 396 2755 Conf.
424 2728 524 2754 Strom.
551 2735 590 2759 v1,
618 2736 680 2763 pag.
696 2727 748 2754 6ϋὸ
762 2728 828 2755 edit.

33 2760 54 2787 Ρ
70 2725 134 2767 (89)
151 2725 288 2762 Αῑὲηὸ-αι.
316 2727 396 2755 Conf.
424 2728 524 2754 Strom.
551 2735 590 2759 v1,
618 2725 680 2763 pag".
696 2725 748 2754 665
762 2725 828 2755 edit.

57 2770 129 2788 ειιίς.

71 2797 132 2865 ξ90)
151 2797 312 2831 Βασιλική.
328 2797 407 2825 Conf.
425 2797 524 2825 Strom.
541 2805 572 2828 ll,
587 2805 613 2832 p.
628 2797 691 2830 458,
706 2805 734 2824 n.
750 2797 776 2824 4.

84 2833 131 2861 91)
148 2833 292 2865 Τρίΰολοι.
320 2832 443 2865 Respicit
457 2833 524 2860 Gen.
542 2840 584 2863 ιιι,
601 2833 651 2864 M;
666 2832 717 2859 lsa.
733 2841 759 2863 ν.

84 2833 131 2861 91)
148 2833 292 2866 Τρίΰολοι.
320 2832 443 2867 Respicit
457 2833 524 2860 Gen.
542 2840 584 2863 ιιι,
601 2833 651 2864 M;
666 2832 717 2859 lsa.
733 2841 759 2863 ν.
776 2832 785 2858 1
804 2835 831 2859 et

35 2874 113 2901 seq.;
122 2867 201 2895 Num.
216 2875 315 2899 xxxiii,
325 2868 360 2895 55
369 2877 376 2901 ς
385 2867 486 2895 Ezec‘n.
497 2875 595 2898 xxvm,
611 2867 645 2894 Ἡ
655 2877 665 2899 ;
677 2868 741 2895 Ose.
752 2875 782 2900 ιι,
796 2868 828 2901 6;

37 2902 110 2929 Luc.
120 2910 178 2937 xm,
191 2903 206 2930 6
221 2907 249 2930 et
263 2911 336 2938 seq.,
353 2903 395 2930 vel
410 2903 493 2930 alium
512 2903 556 2930 his
569 2902 686 2931 similem
703 2903 801 2931 locum.

886 2656 985 2685 melius
999 2662 1148 2688 constaret,
1164 2657 1188 2684 si
1203 2657 1341 2685 deleretur
1354 2658 1452 2692 partio.
1467 2657 1602 2692 negativp.
1616 2656 1674 2683 \‘ox

886 2693 1084 2728 natauivsimili
1098 2700 1180 2728 sensu
1189 2694 1309 2719 occurrit
1324 2691 1385 2728 pag.
1413 2692 1467 2728 7587
1487 2692 1551 2719 edit.
1571 2691 1673 2728 Paris,

886 2728 975 2762 inquit
989 2727 1093 2755 Lowth.
1123 2727 1234 2758 Verum,
1253 2726 1505 2762 reteu'taﬁnegativa
1516 2726 1672 2762 particula,

887 2761 985 2790 sensus
999 2767 1052 2794 est,
1067 2771 1101 2790 ne
1116 2763 1208 2797 pueris
1223 2763 1344 2798 quidem,
1359 2763 1401 2789 vel
1423 2761 1673 2797 imperfectioribus

885 2798 1061 2830 Christianis,
1075 2806 1144 2833 opus
1159 2805 1220 2825 esse
1232 2801 1262 2825 ut
1275 2798 1411 2833 ejusmodi
1432 2798 1587 2832 spectacula
1601 2803 1671 2822 con-

886 2836 939 2859 tem
945 2834 1062 2866 plentur.

883 2863 976 2929 “(93)
996 2868 1069 2895 Ὑπό
1096 2868 1154 2896 τῶν
1177 2865 1285 2896 αὐτῶν.
1315 2866 1420 2900 Scribe,
1449 2866 1500 2892 ὑπὸ
1531 2863 1672 2893 τοιούτων.

910 2910 1023 2929 εικδιυε.

910 2910 1023 2931 ειιιδιυε.
