1926 3072
103 176 149 203 505

697 170 914 200 STROMATUM
933 170 998 198 LlB.
1015 169 1070 197 νη.

1651 170 1706 197 506

102 233 176 268 ϐάλλῃ
191 230 285 266 φαῦλον
301 229 345 265 νόη
351 238 388 265 μα
409 229 456 256 καὶ
472 229 621 263 γνωστικὸν
644 228 783 264 προσλάϐῃ
794 248 801 258 ,
818 227 861 262 τηε,

918 226 1018 262 quibus
1042 226 1133 252 omnia
1160 226 1286 253 oriuntur
1308 226 1383 253 vilia.
1409 225 1608 252 Fornicationis
1629 226 1702 252 enim

101 279 126 304 ἐν
136 277 202 312 αύτῷ
215 277 260 303 τοῦ
280 276 380 312 Κυρίου
396 276 543 302 ἀνάστασιν
561 275 615 310 (99)
633 274 759 307 δοξάζων.
786 273 864 299 Ἀλλὰ

101 324 141 350 καὶ
164 323 198 349 ὅτ’
223 322 254 349 ἂν
281 321 490 357 ἐπιστημονικοῦ
518 321 693 356 θεωρήματος
715 319 864 354 κατάληψιν

99 369 159 405 λάὸῃ
169 389 175 400 ,
186 369 228 395 τὸν
244 368 342 404 Κύριον
352 368 418 403 όρᾷν
432 367 546 402 νομίζει,
557 367 606 398 τὰς
616 366 690 401 ὂψεις
699 366 779 392 αὑτοῦ
797 365 864 401 πρὸς

98 415 128 441 τὰ
146 414 222 449 ὁρατὰ
243 414 279 449 (Ι)
296 413 490 448 χειραγωγῶν,
515 413 565 439 κᾶν
588 413 695 448 βλέπειν
712 412 774 447 δοκῇ
791 411 809 438 ὃ.
827 411 864 446 μὴ

99 461 192 494 βλέπειν
213 459 306 495 ἐθέλῃ·
329 459 449 491 κολάζων
471 459 500 485 τὸ
517 459 660 492 ὁρατικὸν,
686 458 723 484 ὅτ’
748 457 781 484 ἂν
803 457 865 492 ἠδο-

99 506 166 541 μένου
182 505 273 532 ἑαυτοῦ
296 505 365 532 κατὰ
382 505 431 540 τὴν
449 505 602 540 προσϐολὴν
630 504 680 539 τῆς
695 503 782 538 ὅψεως
804 511 864 529 συν-

97 551 220 587 αίσθηται·
250 552 310 577 ἐπεὶ
343 550 423 577 τοῦτο
455 551 535 586 μόνον
567 551 632 586 ὁρᾷν
666 549 789 585 βούλεται
818 549 864 575 καὶ

97 596 200 627 ἀκούειν,
226 596 240 622 ὃ
261 596 400 631 προσῆκεν
426 596 509 630 αὐτῷ.
525 595 627 622 Αὐτίκα
658 595 712 622 τῶν
743 594 863 629 ἀδελφῶν

94 641 135 673 τὰς
146 641 226 676 ψυχὰς
243 640 362 675 θεωρῶν,
388 641 435 667 καὶ
454 641 504 676 τῆς
524 641 625 676 σαρκὸς
640 640 670 666 τὸ
683 640 778 672 κάλλος
795 641 863 675 αὐτῇ

96 687 173 722 βλέπει
185 689 215 722 τῇ
228 687 299 723 ψυχῇ
315 689 348 723 τῇ
364 687 444 722 μόνον
454 687 484 714 τὸ
495 687 576 714 καλὸν
593 687 658 714 ἄνευ
669 687 718 722 τῆς
731 689 863 724 σαρκικῆς

93 734 175 768 ἡδονῆς
196 735 352 760 ἐπισκοπεῖν
377 733 527 770 εἰθισμένη.
560 734 682 768 Ἀδελφοὶ
702 734 724 760 δ’
746 735 799 761 εἰσὶ
824 735 864 770 τῷ

93 780 139 804 ὅντε
154 778 219 805 κατὰ
231 779 279 815 τὴν
297 779 386 806 κτίσιν
400 779 448 814 τὴν
466 779 654 815 ὲξειλεγμένην
669 780 717 816 (Ξ),
734 782 780 807 καὶ
793 781 863 808 κατὰ

91 825 131 859 τὴν
148 825 305 859 ὑμοήθειαν,
330 825 376 851 καὶ
396 825 466 851 κατὰ
487 826 538 861 τὴν
559 825 613 853 τῶν
635 826 723 862 ἔργων
745 827 864 853 ὑπόστα-

92 878 126 896 σιν
140 869 183 904 (5),
193 870 226 896 τὰ
238 870 309 897 αὐτὰ
326 870 475 903 ποιοῦντες,
488 872 535 898 καὶ
544 871 678 903 νοοῦντες,
693 872 740 898 καὶ
755 872 863 899 λαλοῦν-

917 280 990 306 smpe
1011 272 1068 306 jam
1094 276 1151 298 tres
1165 279 1199 299 ex
1215 271 1338 306 Apostoli
1362 271 1497 300 sententia
1512 271 1639 305 superius
1655 279 1702 305 po-

918 318 1025 344 suimus
1040 316 1208 344 dilferentias
1218 337 1225 349 ,
1240 317 1381 344 libidinem
1395 337 1402 349 ,
1420 318 1574 350 avaritiam,
1590 316 1705 344 idolola-

918 363 1008 389 triam.
1036 362 1146 398 Jejunat
1160 370 1225 398 ergo
1239 363 1321 390 etiam
1340 371 1374 391 ex
1395 363 1453 398 lege
1466 371 1481 390 a
1493 363 1573 390 malis
1587 362 1702 390 actioni-

917 409 969 436 bus
980 428 988 441 ,
1009 413 1036 435 et
1051 416 1084 435 ex
1100 408 1238 443 Evangelii
1257 409 1427 443 perfectione
1440 417 1454 436 a
1470 409 1548 436 malis
1561 409 1705 443 cogitatio-

916 455 1010 482 nibus.
1035 453 1066 480 Ei
1091 455 1258 482 adhibentur
1277 455 1358 482 etiam
1383 455 1566 487 tentationes,
1591 462 1646 482 non
1669 455 1704 482 ad

917 499 1152 532 cmundationem,
1171 501 1218 528 sed
1235 501 1268 528 ad
1285 501 1513 536 propinquorum,
1528 506 1558 528 ut
1574 502 1703 534 diximus,

917 545 1062 572 utilitatem
1084 554 1090 572 :
1111 545 1135 572 si
1151 545 1275 572 laborum
1293 545 1364 573 facto
1381 547 1505 581 periculo
1518 550 1546 574 et
1561 546 1704 580 dolorum,

916 598 965 619 eos
979 592 1176 626 contempserit
1188 595 1214 618 et
1225 591 1369 626 ablegarit.
1386 591 1487 618 Eadem
1504 597 1545 619 est
1561 592 1644 618 etiam
1659 599 1705 618 ra-

916 637 955 664 tio
973 637 1008 664 de
1032 637 1191 671 voluptate:
1206 641 1248 665 est
1265 638 1337 664 enim
1352 645 1395 666 res
1411 639 1545 671 maxima,
1561 645 1624 664 cum
1643 637 1705 672 quis

916 691 975 710 eam
992 688 1121 718 expertus
1136 683 1241 716 fuerit,
1261 683 1362 711 deinde
1376 684 1524 712 abstinere.
1543 683 1614 716 Quid
1632 683 1705 711 enim

916 736 1056 763 magnum,
1069 729 1093 756 si
1104 729 1167 764 quis
1184 737 1213 757 se
1228 729 1368 757 contineat
1382 731 1416 756 ab
1429 730 1462 758 iis
1474 738 1534 765 qua:
1545 738 1600 757 non
1613 731 1709 759 novit?

917 773 942 801 ls
958 782 1022 802 vero
1037 783 1191 810 exsequens
1209 780 1373 811 praeceptum
1389 775 1538 811 Evangelii,
1550 776 1615 802 facit
1628 776 1705 803 illum

916 820 988 847 diem
1019 820 1208 853 Dominicnm,
1241 829 1296 856 quo
1324 822 1423 848 malam
1451 822 1582 857 abjecerit
1618 822 1707 849 animi

917 867 1081 894 sententiam
1096 871 1123 895 et
1140 868 1277 902 acceperit
1288 875 1347 895 eam
1359 876 1419 903 qua:
1437 873 1524 896 estex
1538 869 1704 904 cognitione,

90 923 128 947 τες
145 917 312 951 ἐνεργήματα
331 916 396 951 ἅγια
412 917 460 943 καὶ
476 917 556 949 καλὰ,
577 917 595 943 ἃ
617 919 632 944 ό
651 918 753 953 Κύριος
768 919 861 952 αὐτοὺς

917 920 977 940 eam
1001 921 1062 948 qua:
1079 917 1121 941 est
1146 913 1174 940 in
1192 913 1253 949 ipso
1275 913 1384 941 Domini
1403 914 1561 949 glorilicans
1580 922 1707 942 resurre-

90 961 203 997 ἠῖέλησεν
224 962 371 995 ἐκλεκτοὺς
390 964 470 995 ὄντας
486 965 604 999 φρονεῖν.
628 964 723 996 Πίστις
742 966 790 1000 μὲν
807 965 860 1001 γὰρ

90 1008 113 1033 ἐν
177 1008 210 1034 τὰ
224 1009 292 1035 αὐτὰ
309 1009 458 1044 αἱρεῖσθαι·
480 1009 580 1044 γνῶσις
597 1010 625 1036 δὲ
642 1010 671 1036 ἐν
690 1010 729 1046 τῷ
743 1010 777 1037 τὰ
793 1011 862 1038 αὐτὰ

91 1054 259 1089 μεμαθηκέναι
283 1056 333 1082 καὶ
350 1057 458 1091 φρονεῖν
469 1064 475 1070 ·
494 1056 572 1088 ἐλπὶς
587 1056 615 1082 δὲ
632 1057 662 1083 ἐν
680 1057 720 1092 τῷ
735 1057 770 1084 τὰ
793 1058 862 1084 αὐτὰ

89 1101 161 1127 ποιεῖν
177 1100 222 1136 (εἰ).
241 1101 303 1127 Κᾶν
321 1102 392 1128 κατὰ
407 1102 438 1128 τὸ
461 1102 610 1137 ἀναγκαῖον
625 1103 673 1130 τοῦ
694 1103 751 1138 βίον
774 1104 862 1139 ὀλίγον

88 1155 109 1172 τι
123 1147 167 1181 τῆς
180 1147 252 1183 ὥρας
268 1148 336 1183 περὶ
348 1148 397 1183 τὴν
412 1149 516 1185 τροφὴν
532 1149 679 1185 ἀσχοληθῇ,
695 1153 861 1186 χρεωκοπεῖ-

88 1191 138 1219 σθαι
161 1193 260 1226 οἴεται,
294 1194 504 1230 περισπώμενος
532 1195 586 1222 ὑπὸ
612 1196 659 1222 τοῦ
688 1197 860 1232 πράγματος.

87 1238 164 1275 Ταύτῃ
178 1239 236 1266 οὐδὲ
251 1240 323 1275 δναρ
347 1240 412 1266 ποτὲ
430 1241 466 1276 μὴ
490 1241 610 1277 ἁρμόζον
632 1242 753 1278 ἐκλεκτῷ
770 1242 862 1278 βλέπει

86 1284 189 1320 ἀτέχνως
207 1286 255 1321 (5).
272 1286 357 1318 Ξὲνος
377 1286 415 1322 (6)
435 1287 490 1323 γὰρ
510 1288 558 1314 καὶ
575 1289 763 1324 παρεπίδημος
780 1290 808 1316 ἐν
824 1290 863 1325 τῷ

87 1329 128 1364 βίῳ
142 1332 218 1358 παντὶ
230 1333 285 1363 πᾶς
300 1328 379 1363 οὗτος
388 1353 394 1364 ,
409 1332 438 1364 ὃς
448 1353 455 1365 ,
469 1333 546 1359 πόλιν
557 1333 649 1366 οἰκῶν,
661 1335 715 1360 τῶν
728 1335 798 1361 κατὰ
813 1335 862 1370 τὴν

85 1374 151 1401 πόλιν
165 1377 362 1413 κατεφρόνησε,
384 1379 449 1413 παρ’
467 1377 556 1410 ἄλλοις
572 1378 800 1414 θαυμαζομένων
816 1380 863 1406 καὶ

85 1419 195 1456 καθάπερ
211 1422 240 1448 ὲν
253 1423 360 1458 ἐρημίᾳ
371 1424 404 1458 τῇ
422 1422 499 1448 πόλει
512 1422 574 1457 βιοῖ,
587 1424 629 1450 ἵνα
646 1424 682 1460 μὴ
696 1426 710 1451 ὁ
720 1425 800 1457 τόπος
815 1427 863 1452 αύ-

83 1465 121 1492 τίιν
134 1467 281 1504 ἀναγκάζῃ,
299 1467 357 1494 ἀλλ’
376 1469 394 1503 ἡ
408 1469 568 1504 προαίρεσις
579 1469 689 1507 δεικνύῃ
704 1470 814 1498 δίκαιον.
833 1472 862 1498 '0

82 1514 218 1546 γνωστικὸς
233 1512 314 1547 οὗτος
325 1535 332 1547 ,
352 1515 489 1542 συνελόντι
503 1517 601 1548 εἰπεῖν,
620 1516 669 1552 τὴν
680 1517 862 1554 ἀποστολικὴν

82 1559 200 1587 ἁπωσίαν
226 1560 446 1598 ἁνταναπληροί,
475 1561 548 1597 βιοὺς
573 1561 677 1597 ὀρθῶς,
703 1563 862 1598 γιγνώσκων

914 959 1044 987 ctionem.
1066 959 1222 992 Quinetiam
1239 968 1302 987 cum
1318 961 1478 988 scientiﬁca:
1500 960 1707 996 contemplatio-

914 1005 959 1032 nis
974 1006 1111 1040 acceperit
1135 1006 1428 1041 comprehensionem,
1450 1014 1480 1034 se
1497 1005 1641 1034 Dominum
1665 1007 1708 1033 vi-

914 1051 979 1078 dere
993 1051 1153 1085 existimat,
1175 1053 1264 1080 visum
1291 1061 1373 1081 suum
1395 1052 1535 1081 deducens
1550 1053 1584 1080 ad
1601 1061 1633 1080 ea
1645 1060 1707 1088 qua

914 1099 1016 1126 cadunt
1032 1099 1083 1126 sub
1100 1104 1241 1134 aspectum
1254 1120 1262 1132 ,
1283 1101 1336 1128 etsi
1351 1101 1476 1128 videatur
1491 1101 1583 1128 videre
1598 1108 1630 1128 ea
1645 1110 1706 1136 quae

914 1151 969 1170 non
984 1145 1041 1171 vult
1056 1145 1149 1173 videre
1163 1155 1169 1173 :
1181 1146 1321 1181 castigans
1333 1146 1444 1173 videndi
1457 1146 1627 1179 facultatem,
1639 1155 1703 1175 cum

916 1192 1033 1219 senserit
1044 1200 1073 1220 se
1086 1193 1225 1227 voluptate
1241 1192 1309 1220 allici
1327 1195 1356 1224 ὦ
1366 1201 1398 1220 ex
1416 1194 1599 1228 applicatione
1614 1195 1704 1223 visus.

915 1237 984 1264 Nam
1006 1238 1059 1265 hoc
1076 1239 1165 1265 solum
1188 1239 1246 1266 vult
1263 1239 1357 1266 videre
1378 1244 1406 1267 et
1428 1241 1523 1267 audire
1540 1241 1613 1275 quod
1627 1242 1661 1268 ad
1676 1249 1706 1268 se

915 1284 1040 1318 pertinet.
1061 1283 1121 1311 .lam
1144 1293 1208 1313 vero
1231 1285 1346 1312 fratrum
1370 1286 1478 1313 animas
1507 1287 1704 1319 considerans,

915 1330 1006 1357 carnis
1024 1338 1133 1366 quoque
1151 1331 1382 1367 pulchritudinem
1404 1331 1475 1368 ipsa:
1490 1332 1588 1367 aspicit
1602 1333 1704 1365 anima,

915 1384 975 1411 qum
986 1377 1075 1403 solum
1093 1377 1120 1403 id
1132 1376 1204 1411 quod
1221 1381 1263 1405 est
1279 1377 1426 1404 honestum
1448 1378 1592 1406 consuevit
1606 1378 1706 1406 intueri

915 1422 1019 1456 absque
1040 1422 1179 1457 voluptate
1195 1423 1311 1451 carnali.
1328 1422 1439 1451 Fratres
1464 1427 1556 1451 autem
1580 1427 1644 1451 sunt
1659 1424 1707 1459 qui

915 1476 1010 1496 revera
1026 1476 1075 1504 per
1091 1469 1206 1496 electam
1223 1469 1403 1501 creationem,
1419 1473 1447 1497 et
1462 1477 1570 1497 morum
1588 1477 1707 1497 consen-

915 1516 1031 1548 sionem,
1049 1519 1076 1542 et
1090 1523 1204 1550 operum
1224 1516 1406 1543 substantiam
1418 1536 1426 1548 ,
1444 1515 1540 1544 eadem
1558 1516 1664 1544 faciunt
1679 1522 1708 1545 et

915 1563 1036 1597 cogitant
1047 1565 1075 1590 et
1086 1563 1240 1597 loquuntur
1255 1570 1339 1597 opera
1355 1566 1452 1590 sancta
1465 1566 1492 1590 et
1509 1563 1635 1596 honesta,
1646 1571 1709 1599 qua:

82 1605 189 1640 ἀκριϐῶς
200 1628 208 1639 ,
225 1607 341 1642 ὠφελῶν
357 1609 420 1640 τοὺς
437 1609 606 1644 ἐπιτηδείους
618 1629 625 1642 ,
651 1609 686 1637 τὰ
710 1610 760 1646 ὅρη
787 1610 860 1645 μεθι-

917 1608 1042 1636 Dominus
1054 1609 1140 1636 voluit
1154 1609 1241 1643 ipsos,
1256 1616 1319 1636 cum
1331 1608 1387 1636 sint
1401 1609 1493 1640 electi,
1503 1609 1622 1636 sentire.
1636 1608 1705 1636 Nam

83 1651 138 1683 στὰς
153 1652 188 1686 (7)
212 1653 267 1679 τῶν
290 1652 405 1688 πλησίον
418 1673 426 1686 ,
445 1654 492 1680 καὶ
509 1655 558 1686 τὰς
581 1655 633 1690 τῆς
654 1655 744 1690 ψυχῆς
771 1655 859 1682 αὐτῶν

80 1696 224 1733 ἀνωμαλίας
249 1699 422 1726 ἀποϐάλλων.
448 1700 545 1727 Καίτοι
573 1700 688 1733 ἕκαστος
709 1700 789 1736 ἡμῶν
814 1701 862 1728 αὐ-

125 1789 152 1819 )Ιη
169 1786 199 1814 Ρ.
218 1787 270 1814 878
292 1787 348 1814 ΕΙ).
365 1787 514 1821 POTTER,
537 1789 589 1816 Ἱίᾷ
606 1788 660 1816 ΕΙ).
679 1788 793 1817 PARIS.

108 1877 158 1915 (99)
182 1878 374 1915 Ἀνάσταᾳιις.
388 1878 469 1906 Conf.
487 1879 566 1907 Rom.
582 1887 621 1910 vr.
636 1879 652 1906 6
670 1884 696 1907 et
709 1888 769 1915 seq.

110 1913 211 1950 (1)-Τὰγ
230 1913 335 1948 ὁρατά.
354 1913 534 1942 Scribendum
553 1915 645 1950 potius
659 1915 694 1941 τὰ
711 1913 861 1950 μὴ’ὁρατά,

79 1949 115 1973 vel
134 1948 165 1985 τα
181 1949 289 1984 ἀόρατα
300 1969 307 1980 ,
327 1958 337 1973 ι
353 1949 513 1976 invisibilia.
530 1958 540 1975 ›
553 1948 663 1977 Excidit
680 1948 751 1977 forte
765 1948 783 1977 αξ
797 1958 861 1985 pro-

78 1987 130 2016 pter
146 1983 266 2018 ejusdem
289 1985 388 2011 littera:
410 1985 439 2011 in
452 1992 519 2012 voce
539 1985 710 2019 praecedente
723 1983 862 2018 viciniam,

80 2021 105 2042 ιιι
115 2026 180 2052 saepe
193 2019 263 2046 alias
279 2020 319 2046 ﬁt.
333 2019 438 2046 Deinde
454 2020 618 2047 sententiam
634 2021 704 2047 hanc
717 2022 769 2047 hoc
783 2020 864 2047 modo

79 2053 198 2088 distingui
214 2055 323 2090 velim;
342 2054 399 2085 Τὰς
419 2055 496 2090 ὄψεις
512 2055 594 2082 αὐτοῦ
613 2055 681 2090 πρὸς
704 2055 739 2082 τὰ
761 2055 866 2090 ἀόρατα

79 2089 246 2126 χειραγωγῶν
261 2098 267 2104 ’
281 2089 335 2116 κᾶν
351 2090 465 2126 βλέπειν
478 2090 543 2126 δοκῇ
561 2090 578 2117 ἂ
592 2089 755 2126 μὴβλέπειν
773 2089 863 2126 ἐθέλῃ,

79 2122 160 2155 mag.
180 2124 215 2151 Ut
232 2133 334 2152 sensus
351 2122 387 2152 sit
402 2135 408 2151 :
427 2135 436 2150 ι
452 2122 598 2152 Dominqu
616 2122 754 2152 se'videre
767 2122 864 2153 existi-

78 2163 136 2190 mat,
162 2161 259 2196 oculos
276 2168 342 2188 suos
358 2161 391 2187 ad
407 2168 439 2187 ea
453 2179 460 2192 ,
476 2169 537 2195 quae
552 2161 641 2188 visum
656 2160 766 2196 fugiunt
779 2181 785 2191 ,
809 2161 862 2187 du-

79 2200 145 2221 cens.
159 2194 237 2226 Quod
259 2196 284 2223 si
305 2203 337 2222 ea
353 2194 546 2223 rideatur’sibi
558 2196 676 2231 videre,
692 2194 755 2231 quze
769 2196 863 2223 videre

78 2235 125 2255 non
138 2230 234 2261 vellet,
263 2231 405 2264 castigans
425 2231 535 2258 videndi
552 2230 720 2258 facultatem.
739 2241 748 2257 ι
772 2231 860 2264 Quin—

78 2264 149 2300 t-tiaim
164 2265 271 2300 ἀόρατα
283 2266 324 2293 Cl.
339 2264 464 2292 Lowlhio
479 2267 592 2300 placuit.

107 2299 142 2333 (2)
161 2299 270 2327 Κτίσιν
292 2300 350 2334 τὴν
371 2299 593 2336 ἐξειλεςῖ-μένην.
613 2301 715 2328 Novam
733 2301 861 2337 intelligit

77 2334 215 2362 electorum
242 2337 431 2366 creationem.
460 2334 542 2370 qnam
566 2337 729 2370 generaliori
747 2334 860 2364 humani

76 2371 174 2406 geiieris
199 2371 335 2398 creationi
358 2372 611 2406 contradistinguit.
637 2372 683 2399 Sic
705 2371 805 2399 Slrom.
831 2381 859 2404 v,

76 2404 159 2441 p.706
170 2425 178 2437 ,
197 2410 344 2441 postquam
368 2407 475 2433 uixerat
492 2404 635 2433 Platonem
649 2407 794 2434 universos
811 2407 861 2434 ho-

76 2439 154 2467 mines
164 2461 171 2471 .
188 2439 264 2475 quod
271 2439 375 2468 eodem
393 2441 449 2469 Deo
465 2441 545 2468 Patre
560 2443 615 2468 nati
630 2446 722 2470 essent
735 2462 742 2473 ,
762 2443 861 2470 fratres

75 2475 229 2512 appellasse,
247 2477 330 2503 infert
345 2486 351 2503 :
369 2477 451 2512 Ὅθεν
464 2477 569 2512 ἀνάγκη
585 2497 592 2509 ,
608 2478 684 2512 φησὶ,
701 2477 859 2512 γεγονέναι,

75 2510 236 2547 ἀσπάζεσθαί
254 2520 283 2538 τε
297 2511 344 2538 καὶ
362 2510 582 2547 φιλεῖν,ντούτου’ς
601 2510 648 2547 μὲν
662 2510 748 2540 ταῦτα
765 2512 806 2546 ἐφ’
821 2511 861 2544 οἷς

74 2543 176 2583 γνῷσις,
191 2547 315 2583 ἐκείνους
326 2543 373 2583 δὲ,
382 2547 424 2582 ἐφ’
437 2545 478 2579 οἷς
493 2547 555 2579 δόξα
565 2543 577 2562 ’ν
588 2543 652 2578 ἴσως
664 2547 713 2583 τὴν
731 2543 860 2583 ἐκλέκτὴν

74 2581 168 2618 ταύτην
183 2581 268 2618 φύσιν
286 2581 414 2618 γνώσεως
433 2583 580 2617 ἐφιεμένην
600 2581 771 2618 μαντεύεται.

107 2614 143 2649 (5)
159 2614 352 2643 ἰ’πόστασιν.
370 2617 397 2644 Id
415 2614 467 2648 est,
480 2614 644 2652 peculiarem
660 2619 859 2649 characterem,

75 2655 118 2687 seu
131 2655 269 2678 naturam.
293 2652 321 2679 Id
335 2653 408 2679 enim
429 2653 565 2687 signilii‘at
591 2653 750 2685 ὑπόστασις.
770 2654 861 2680 b‘uida:

74 2682 156 2721 locum
173 2687 313 2721 praeterire
322 2695 376 2714 non
387 2682 498 2721 possitm
526 2692 555 2712 v'
571 2682 737 2720 ’Υπόςτασις
748 2688 802 2714 vol.
818 2696 858 2717 ιιι.

75 2725 100 2752 p.
196 2722 241 2758 ed.
267 2720 425 2758 Cantabrig.
446 2733 453 2749 :
482 2723 667 2758 ’Υποστατικὴ
693 2724 720 2750 δὲ
743 2724 860 2758 διαφορὰ

74 2756 195 2793 τυγχανει
212 2757 290 2790 λόγος
302 2777 309 2789 ,
327 2757 389 2784 καθ’
403 2756 433 2784 ἰν
447 2760 463 2793 ἡ
483 2758 553 2785 κατὰ
570 2756 706 2793 ἄθροισμα
722 2758 775 2785 τῶν
793 2756 860 2784 θεω-

77 2790 209 2829 ρουμένων
241 2792 395 2829 ἰδιωμάτων
412 2790 508 2829 κοινῶν
525 2793 574 2828 τῆς
591 2790 694 2825 οὖσίας.
716 2793 860 2829 Ἐτερότης

74 2823 206 2864 τέμνουσα
229 2823 307 2854 κατα
323 2828 440 2864 ἀριθμὸν
463 2828 526 2864 ᾷλλο
543 2823 590 2856 ἀπ’
615 2823 711 2861 ἄλλου,
735 2823 785 2864 τὴν
807 2823 860 2855 τῶν

75 2858 180 2898 ᾁτόμῳν
197 2865 314 2898 ποιεῖται
332 2858 445 2897 πληθύν⁴
469 2863 531 2890 Haec
557 2865 652 2890 mutila
666 2858 727 2891 esse
744 2858 861 2898 pronun-

77 2896 122 2920 tiat
137 2895 314 2925 doctissimus
331 2895 467 2933 interpres
481 2906 486 2924 :
499 2906 559 2933 qum
570 2919 577 2933 ,
605 2899 712 2927 sublata
737 2895 798 2934 post
813 2907 859 2926 vo-

913 1655 982 1682 iides
998 1655 1027 1682 in
1043 1655 1096 1682 hoc
1120 1654 1271 1688 consistit,
1289 1657 1319 1681 ut
1334 1654 1430 1682 eadem
1446 1655 1570 1690 eligant:
1587 1655 1709 1689 cognitio

915 1705 1007 1728 autem
1024 1701 1053 1729 in
1069 1708 1102 1729 eo
1115 1721 1123 1734 ,
1142 1701 1216 1736 quod
1229 1701 1326 1729 eadem
1347 1701 1496 1729 didicerint
1518 1705 1546 1729 et
1567 1701 1705 1729 sentiant;

917 1887 975 1907 cem
991 1879 1085 1906 οὐσίαν
1103 1880 1207 1915 periodi
1221 1883 1305 1915 nota.
1316 1879 1421 1914 integra
1436 1887 1468 1906 ac
1487 1880 1632 1915 perspicua
1650 1883 1706 1908 sta-

917 1916 965 1941 tim
996 1915 1176 1949 apparebunt.
1204 1914 1323 1941 Proinde
1353 1915 1392 1942 sic
1428 1916 1526 1950 exponi
1554 1914 1704 1950 poterunt:

920 1959 929 1975 ι
944 1950 1121 1985 llypostatica
1137 1957 1215 1980 vero,
1232 1958 1279 1977 seu
1297 1950 1449 1984 personalis
1460 1970 1466 1980 ,
1480 1950 1646 1982 dill'erentia,
1665 1956 1706 1978 est

917 1986 987 2011 ratio
1000 2005 1006 2017 ,
1029 1992 1083 2019 qua
1100 1985 1246 2012 diversitas
1263 1985 1289 2011 in
1306 1985 1387 2012 rebus
1411 1985 1563 2019 congeriem
1581 1993 1706 2012 commu-

917 2020 992 2047 nium
1013 2021 1139 2047 essentia:
1161 2020 1358 2054 proprietatum
1381 2020 1545 2046 habentibus
1569 2027 1652 2046 unum
1670 2021 1706 2049 ab

916 2056 971 2083 alio
986 2055 1112 2082 dividens
1125 2074 1132 2086 ,
1159 2055 1361 2082 individuorum
1379 2054 1581 2081 multitudinem
1600 2054 1675 2082 facit.
1691 2064 1702 2081 ι

916 2090 953 2116 Ea
979 2091 1051 2117 enim
1075 2090 1256 2125 personaliter
1276 2090 1386 2116 dilfcrre
1408 2089 1617 2124 intelliguntur,
1642 2098 1705 2124 quae

915 2126 967 2152 sub
988 2124 1083 2152 eadem
1108 2125 1199 2152 infima
1217 2125 1309 2159 specie
1326 2124 1414 2159 posita
1438 2129 1515 2157 sunt;
1535 2132 1567 2151 ac
1589 2125 1706 2159 proinde

914 2161 1037 2187 eamdem
1062 2162 1209 2188 essentiam
1229 2164 1311 2194 atque
1337 2159 1497 2187 essentiales
1519 2161 1706 2194 proprietates

913 2195 1053 2228 habentia,
1082 2203 1136 2222 non
1152 2195 1203 2222 nisi
1222 2200 1296 2222 certa
1312 2195 1493 2222 accidentium
1505 2196 1632 2230 congerie
1647 2195 1707 2223 dis-

914 2235 1026 2265 crepant
1039 2241 1044 2257 :
1059 2230 1187 2260 utPlato,
1206 2230 1344 2261 Socrates,
1362 2235 1415 2257 etc.

950 2266 988 2301 (4)
1008 2266 1116 2301 Ποιεῖν.
1135 2265 1248 2301 Videtur
1266 2266 1408 2299 legendum
1429 2265 1531 2292 ποθεῖν.
1550 2265 1666 2301 pr‘m.

951 2301 989 2336 (5)
1015 2300 1163 2336 Ἀτέχνως.
1182 2300 1227 2327 Sic
1249 2309 1332 2336 supra
1352 2309 1379 2335 p.
1406 2301 1457 2328 757
1478 2301 1542 2328 edit.
1563 2300 1651 2328 Paris.
1676 2304 1705 2328 et

915 2337 989 2363 alibi.
1015 2337 1093 2364 (lout.
1112 2335 1195 2362 Index
1223 2335 1340 2363 Gratus.
1365 2335 1494 2370 Alioquin
1510 2335 1630 2371 ἀτεχνῶς
1651 2336 1704 2363 hoc

915 2379 998 2398 sensu
1017 2371 1143 2398 usitatius
1159 2374 1210 2398 est.
1234 2371 1300 2398 Nam
1328 2371 1383 2398 ber
1401 2371 1530 2398 adverbia
1550 2371 1590 2398 sic
1605 2371 1705 2398 distin-

915 2407 972 2440 guit
987 2407 1165 2433 Ammonius:
1184 2407 1317 2441 ’Λτέχνως
1329 2406 1376 2432 καὶ
1389 2406 1508 2441 ἀτεχνῶς
1520 2405 1643 2441 διαφέρει
1653 2414 1660 2421 ’
1673 2405 1708 2433 τὸ.

917 2442 964 2476 μὲν
981 2441 1035 2477 γὰρ
1049 2441 1228 2476 παροξύτονον
1246 2442 1416 2477 σημαίνειητὸ
1431 2442 1515 2477 χωρὶς
1531 2441 1643 2477 τέχνης,
1656 2442 1703 2477 καὶ

915 2477 1038 2512 ἀμαθῶς,
1048 2476 1078 2502 τὸ
1091 2476 1119 2502 δὲ
1133 2477 1341 2512 περισπώμενον
1352 2476 1454 2503 τίθεται
1469 2476 1528 2503 ἀντὶ
1541 2477 1587 2502 τοῦ
1598 2476 1702 2508 ἁπλῶς.

915 2512 963 2538 καὶ
980 2512 1092 2547 ἀδήλως,
1111 2512 1158 2538 καὶ
1170 2511 1310 2543 καθάπαξ,
1323 2512 1369 2538 καὶ
1385 2512 1511 2543 καθόλου,
1529 2511 1668 2547 ἄντικρυς,
1685 2512 1703 2545 ἧ

917 2547 1049 2583 φανερῶς.
1063 2546 1153 2574 Possit
1163 2548 1244 2583 etiam
1258 2547 1308 2573 hoc
1321 2547 1478 2583 adverbium
1495 2547 1528 2574 ad
1543 2546 1703 2583 sequentem

916 2581 1079 2609 sententiam
1105 2590 1158 2608 non
1184 2581 1356 2608 incommode
1382 2582 1477 2609 referri
1497 2590 1505 2608 '.
1527 2582 1619 2616 Ταύτῃ
1642 2581 1703 2608 οὐδὲ

915 2618 981 2653 δναρ
1004 2617 1069 2643 ποτε
1091 2617 1126 2651 μὴ
1152 2617 1271 2652 ἁρμόζον
1295 2617 1417 2653 ὲκλεκτῷ
1441 2616 1545 2653 βλέπει,
1569 2617 1704 2653 ’ᾼτεχνῶς

916 2653 1048 2688 ξένοςγὰρ
1057 2653 1103 2679 καὶ
1121 2652 1310 2687 παρεπίδημος
1327 2652 1355 2678 ὲν
1367 2661 1391 2678 τ.
1407 2652 1432 2686 β,
1447 2661 1453 2667 '
1469 2662 1477 2677 ι
1493 2652 1562 2679 Hinc
1580 2652 1609 2678 ﬁt
1624 2656 1653 2678 ut
1668 2659 1704 2679 ne

916 2687 1051 2715 somnium
1077 2688 1186 2721 quidem
1206 2687 1292 2714 videat
1304 2709 1312 2719 ,
1337 2687 1411 2721 quod
1429 2695 1483 2714 non
1500 2689 1587 2714 electo
1602 2694 1703 2714 conve-

915 2723 982 2749 niat.
996 2722 1062 2758 Nam
1080 2723 1180 2758 hospes
1194 2730 1314 2758 prorsus
1324 2727 1351 2749 et
1366 2723 1539 2758 peregrinus.
1556 2731 1566 2748 ι

951 2757 989 2792 (li)
1018 2757 1118 2790 Ξένος.
1145 2756 1266 2791 Respicit
1293 2756 1375 2785 ﬂebo.
1402 2756 1446 2789 τι,
1475 2758 1530 2784 13:
1554 2756 1701 2792 Ὁμολογή-

916 2791 1025 2825 σαντὲς,
1036 2794 1076 2819 ὅτι
1089 2792 1156 2825 ξένοι
1170 2793 1217 2818 καὶ
1234 2793 1419 2828 παρεπίδημοί
1435 2793 1503 2819 εἰσιν
1516 2792 1563 2828 ἐπ).
1576 2793 1625 2828 τῆς
1637 2791 1698 2826 γῆς.

950 2829 988 2863 (7)
1001 2830 1069 2862 Ὂρη
1082 2827 1236 2862 μεθιστάς.
1248 2827 1399 2862 Allegorice
1409 2828 1520 2862 exponit
1534 2827 1629 2863 Matth.
1642 2833 1699 2863 tm,

913 2865 944 2890 21
963 2861 1125 2896 (Marcii,
1138 2863 1190 2895 23;
1210 2863 1294 2889 lCor.
1308 2861 1373 2894 inn,
1389 2863 1407 2889 Ξ
1423 2871 1429 2896 ;
1445 2861 1514 2890 Luc.
1533 2869 1579 2894 ni,
1597 2862 1628 2894 5;
1647 2861 1698 2888 lsa.

915 2908 958 2930 λι,
980 2899 1005 2933 4,
1022 2899 1061 2926 vel
1080 2898 1122 2926 his
1140 2898 1256 2925 similem
1275 2898 1374 2924 locum.
