1926 3072
298 152 349 180 511

881 151 1078 180 CLEMENTIS
1096 151 1332 180 ALEXANDRINI
1868 156 1893 182 51
1900 157 1913 182 3

299 210 452 238 Christum.
470 208 530 236 Non
541 209 614 237 enim
629 209 729 237 caloris
745 209 954 245 participatione
969 210 1086 243 calidus,

1148 210 1249 246 λόγησιν
1278 210 1326 236 καὶ
1343 209 1511 246 ἐπιστροφὴν
1535 209 1588 237 τῶν
1612 209 1760 245 συγγενῶν,
1783 215 1911 238 κοινωνεῖν

300 263 390 290 neque
404 255 486 290 ignis,
503 255 620 287 lucidus,
635 255 684 283 sed
698 256 756 283 vult
770 260 845 284 totus
860 264 922 284 esse
939 257 996 285 lux.
1012 256 1086 284 Idem

300 304 430 328 accurate
444 301 522 328 novit
536 301 562 328 id
579 301 651 336 quod
663 302 766 329 dictum
779 306 823 330 est
836 309 843 328 :
861 311 870 328 ‹
886 302 942 330 Nisi
959 302 1022 330 odio
1035 302 1086 330 ha-

301 344 416 374 bueritis
438 351 539 380 patrem
557 351 584 373 et
600 350 714 373 matrem
729 366 737 378 ,
762 350 789 374 et
802 350 932 381 praeterea
949 348 1087 382 propriam

301 397 410 425 quoque
418 390 548 421 animam,
560 394 587 417 et
600 391 651 418 nisi
662 392 769 427 signum
781 394 955 427 portaveritis
964 400 1004 420 ιι.»
1020 393 1088 420 Nam

301 441 329 462 et
348 435 474 463 carnales
497 436 671 469 affectiones,
696 445 759 472 qua:
782 438 931 473 voluptatis
955 439 1088 466 maximas

301 481 404 515 habent
421 481 565 509 illecebras
577 502 585 514 ,
600 482 657 509 odit
671 503 679 514 ,
696 491 850 518 magnoque
869 484 985 519 despicit
997 485 1089 512 animo

302 526 395 553 omnia
416 534 476 561 quae
501 527 535 554 ad
560 528 727 555 creationem
747 532 774 556 et
796 529 971 557 nutritionem
997 530 1089 557 carnis

303 575 366 598 sunt
375 573 591 600 accommodata.
603 573 689 600 Etiam
703 575 820 610 insurgit
828 575 959 603 adversus
970 576 1089 602 animam

302 625 463 653 corpoream
474 638 481 650 ,
499 619 643 654 imperium
660 620 822 647 detrectanti
845 621 968 656 spiritui,
985 621 1089 657 experti

302 665 434 696 rationis,
468 664 576 692 frenum
592 666 737 700 injiciens,
757 667 885 701 quoniam
905 677 913 693 ι
929 675 994 694 caro
1023 675 1090 695 con-

303 711 423 745 cupiscit
456 711 588 738 adversus
618 711 744 746 spiritum
760 712 785 740 ι’.
833 712 946 748 Signum
967 723 976 739 )
999 717 1089 741 autem

307 764 316 780 α
328 760 449 790 portare,
466 765 476 782 ι
493 760 534 784 est
553 760 668 784 mortem
684 758 872 791 circumferre,
889 759 957 786 adeo
970 762 999 786 ut
1012 759 1090 787 vivus

304 801 394 828 adhuc
404 802 531 829 omnibus
542 802 698 836 renuntiet;
713 804 842 838 quoniam
856 811 910 830 non
924 808 966 831 est
978 804 1090 839 aequalis

303 847 427 874 charitas
443 848 503 882 ejus
519 849 566 883 qui
582 858 591 874 α
605 849 748 876 seminavit
763 856 872 876 carnem
882 871 890 883 ,
904 859 912 875 I
925 852 952 877 et
968 850 1028 884 ejus
1042 850 1089 885 qui

1137 256 1165 283 δὲ
1181 256 1235 282 τῶν
1252 255 1322 282 [δίων
1337 255 1448 290 ἀγαθῶν
1461 256 1684 292 προθυμούμενος
1697 257 1754 288 τοῖς
1766 257 1911 291 φιλτάτοις·

1137 302 1215 328 αὐτοὶ
1229 302 1257 328 δὲ
1277 302 1364 334 οὕτως
1387 302 1460 338 αὐτῷ
1477 303 1501 328 οἱ
1527 303 1607 337 φίλοι.
1623 302 1718 335 At?ng
1736 301 1784 330 οὖν
1798 303 1833 330 τὰ
1855 306 1912 339 παρ’

1138 347 1212 382 αὐτῷ
1232 347 1432 383 κατατιθέμενα
1456 348 1612 384 σπέρματα,
1636 349 1696 375 καθ’
1712 350 1746 384 ἦν
1771 350 1914 376 ἐνετείλατο

1138 391 1239 428 Κύριος
1247 392 1303 428 (50)
1312 393 1456 429 γεωργίαν,
1465 393 1656 429 ἀναμάρτητος
1669 394 1719 429 μὲν
1734 394 1819 430 μένει,
1828 396 1915 431 ἐγκρα-

1138 438 1187 473 τὴς
1198 438 1226 464 δὲ
1237 439 1351 472 γίνεται,
1367 439 1413 465 καὶ
1427 439 1496 474 μετὰ
1509 438 1562 465 τῶν
1575 439 1675 474 ὁμοίων
1686 439 1775 473 διάγει
1789 439 1828 474 τῷ
1842 440 1902 466 meti

1141 493 1205 520 ματι
1219 485 1248 510 ὲν
1262 486 1318 516 τοῖς
1333 486 1425 520 χοροῖς
1438 485 1492 511 τῶν
1506 485 1601 519 ἁγίων,
1615 485 1668 512 κᾶν
1682 485 1728 511 ἐπὶ
1742 485 1793 520 γῆς
1817 484 1856 511 ἔτι
1875 495 1916 512 κα-

1138 531 1259 566 τέχηται.
1274 528 1366 562 Οὗτος,
1388 530 1421 557 δι’
1435 530 1499 566 ὅλης
1518 531 1626 566 ἡμέρας
1645 531 1693 558 καὶ
1704 530 1817 565 [νυκτὸς
1840 530 1916 565 λέγων

1139 575 1186 602 καὶ
1200 575 1283 602 ποιῶν
1296 575 1329 602 τὰ
1343 576 1539 611 προστάγματα
1552 575 1597 602 τοῦ
1612 576 1727 611 Κυρίου,
1739 577 1916 611 ὑπερευφραι-

1139 629 1224 652 vetat,
1239 620 1269 646 οὐ
1283 621 1391 656 πρωῖας
1411 621 1491 656 μόνον
1505 620 1623 652 ἀναστὰς
1643 621 1690 647 καὶ
1705 621 1787 657 μέσον
1810 622 1916 656 ἡμέρας,

1140 666 1206 692 ἀλλὰ
1221 666 1268 692 καὶ
1283 665 1450 701 περιπατῶν,
1467 667 1513 692 κσίι
1532 665 1713 701 κοιμώμενος,
1739 661 1917 702 ἀμφιεννύμε-

1139 712 1183 742 νός
1196 720 1226 738 τε
1240 711 1286 738 καὶ
1307 711 1501 746 ἀποδυόμενος,
1515 712 1562 738 καὶ
1582 711 1701 738 διδάσκει
1721 712 1766 738 τὸν
1789 712 1859 743 υἱὸν,
1880 712 1917 738 ἐὰν

1140 757 1197 788 υἱὸς
1241 757 1270 783 τὸ
1284 757 1372 791 γένος,
1393 757 1545 792 ἀχώριστος
1566 758 1604 784 ὢν
1617 758 1667 792 τῆς
1680 757 1794 792 ἐντολῆς
1817 758 1863 784 καὶ
1879 758 1919 791 τῆς

1140 803 1255 834 ἐλπίδος,
1275 802 1443 838 εὐχαριστῶν
1465 802 1509 828 ἀεὶ
1529 802 1568 837 τῷ
1587 802 1646 837 Θεῷ
1666 802 1795 838 καθάπερ
1817 802 1852 829 τὰ
1872 802 1919 833 ζῶα

1141 849 1195 885 (51)
1216 849 1250 876 τὰ
1273 848 1400 883 δοξολόγα
1425 848 1461 875 τὰ
1479 848 1522 875 διὰ
1548 849 1658 875 Ἡσαΐου
1684 848 1917 884 ἀλληγορούμενα·

305 890 425 917 animam
441 891 543 918 creavit
559 891 593 918 ad
610 892 763 919 scientiam.
780 892 831 920 Hic
853 901 915 920 cum
931 893 965 920 ad
983 894 1090 921 benefa-

1148 895 1338 931 ϋπομονητικὺς
1360 893 1427 931 πρὸς
1453 895 1542 921 πᾶσαν
1564 896 1679 930 πεῖραν·
1709 903 1718 920 ‹
1743 894 1771 921 '0
1788 894 1917 928 Κύριος,ι

305 936 396 962 ciendi
411 937 532 964 habitum
546 939 708 972 pervenerit,
723 939 797 967 dicto
809 940 891 967 citius
906 940 1038 968 beneficio
1050 940 1091 968 af-

307 982 374 1015 ﬁcit,
391 991 473 1012 orans
489 988 518 1011 ut
532 985 646 1013 fratrum
662 987 771 1021 quidem
786 991 961 1022 peccatorum
977 988 1012 1015 sit
1028 996 1090 1023 par-

306 1029 394 1064 ticeps
410 1030 444 1057 ad
467 1031 669 1059 confessionem
689 1036 716 1060 et
738 1037 917 1068 cognatorum
937 1035 1093 1062 conversio-

307 1081 393 1106 nem,
401 1075 435 1103 ad
450 1077 559 1112 pwpria
575 1081 666 1105 autem
685 1078 757 1105 bona
779 1078 952 1105 amicissimis
968 1085 1092 1105 commu-

307 1121 423 1149 nicanda
438 1124 640 1155 paratissimus.
650 1124 704 1160 Ipsi
720 1128 810 1151 autem
831 1124 871 1152 sic
882 1125 906 1152 ei
923 1128 987 1152 sunt
998 1124 1090 1152 amici.

307 1169 417 1202 Augens
432 1173 520 1196 autem
532 1178 592 1205 qua:
604 1170 676 1206 apud
688 1171 777 1205 ipsum
792 1169 967 1205 deponuntur
976 1170 1090 1202 semina,

307 1221 340 1240 ca
371 1222 452 1248 quam
472 1216 611 1243 mandavit
634 1216 766 1244 Dominus
793 1216 978 1252 agricultura,
1003 1220 1095 1243 manet

308 1259 417 1294 quidem
434 1262 500 1289 nulli
523 1266 638 1297 peccato
654 1263 759 1297 afﬁnis;
778 1263 808 1290 ﬁt
826 1266 917 1290 autem
933 1263 1092 1295 continens;

307 1308 334 1331 et
351 1306 447 1340 spiritu
460 1307 569 1342 quidem
581 1308 654 1343 degit
668 1316 730 1336 cum
749 1309 791 1336 sui
808 1309 942 1337 similibus
958 1309 986 1336 in
1001 1309 1093 1336 choris

308 1355 477 1384 sanctorum,
493 1353 601 1380 etiamsi
617 1353 707 1381 adhuc
722 1354 749 1381 in
766 1355 848 1382 terris
862 1354 1025 1381 detineatur.
1043 1352 1094 1380 Hic

308 1399 367 1423 toto
392 1397 435 1425 die
455 1403 482 1425 et
497 1403 578 1426 nocte
594 1399 688 1427 dicens
704 1404 732 1427 et
747 1399 850 1427 faciens
870 1400 949 1434 jussa
970 1399 1092 1431 Domini,

310 1449 391 1476 supra
409 1443 520 1469 modum
533 1443 651 1476 laetatur,
668 1451 723 1470 non
739 1444 827 1471 solum
838 1452 900 1471 cum
915 1451 994 1471 mane
1008 1443 1094 1478 surgit

1144 941 1236 976 φησὶν,
1254 949 1263 966 (
1282 940 1397 972 ἔδωκεν,
1410 941 1424 966 ὁ
1438 940 1539 976 Κύριος
1553 940 1678 974 ἀφείλετο
1693 940 1758 975 (5‘2).
1778 949 1790 966 ι
1807 939 1921 970 Τοιοῦτος

1143 986 1197 1022 γὰρ
1212 987 1258 1013 καὶ
1271 987 1286 1012 ὁ
1307 986 1375 1018 Ἰὼϐ,
1399 985 1428 1017 ὃς
1448 986 1495 1012 τοῦ
1518 986 1698 1022 ἀφαιρεθῆναι
1717 985 1751 1012 τὰ
1771 985 1855 1016 ἐκτὸς
1876 985 1919 1017 (551

1146 1033 1193 1059 σὺν
1207 1032 1254 1059 καὶ
1267 1034 1299 1068 τῇ
1313 1032 1360 1059 τοῦ
1376 1032 1500 1067 σώματος
1522 1031 1612 1067 ὗγιείᾳ
1634 1032 1827 1068 προσαπέθετο
1847 1032 1922 1057 πάντα

1145 1077 1189 1104 διὰ
1201 1078 1251 1113 τῆς
1266 1078 1333 1113 πρὸς
1345 1077 1391 1105 τὸν
1412 1077 1514 1113 Κύριον
1536 1078 1655 1112 ἀγάπης·
1673 1086 1682 1103 ‹
1701 1075 1734 1112 ἦν
1747 1077 1808 1112 (54)
1837 1086 1846 1102 ›
1867 1076 1921 1111 γὰρ,

1145 1124 1222 1159 φησὶ,
1251 1133 1260 1148 ‹
1276 1123 1388 1155 δίκαιος,
1402 1124 1484 1155 ὅσιος,
1500 1123 1669 1160 ἀπεχόμενος
1688 1122 1741 1149 ἀπὸ
1767 1122 1862 1154 πάσης
1885 1131 1922 1147 πο-

1144 1169 1249 1204 νηρίας.
1258 1169 1307 1195 »Τὸ
1315 1169 1343 1195 δὲ
1357 1169 1458 1195 «ὅσιον»
1473 1168 1506 1195 τὰ
1520 1169 1587 1204 πρὸς
1600 1168 1644 1195 τὸν
1655 1168 1720 1194 Θεὸν
1732 1167 1922 1201 δίκαιακαὶτὴν

1148 1216 1237 1242 πᾶσαν
1251 1215 1405 1250 οἰκονομίαν
1421 1215 1527 1251 μηνύει.
1546 1215 1580 1241 Ἃ
1598 1214 1630 1250 δὴ
1652 1214 1850 1249 ἐπιστάμενος,
1864 1223 1922 1248 γνωα

1148 1260 1239 1292 στικδς
1253 1258 1296 1295 ἦν.
1312 1260 1372 1296 Χρὴ
1386 1261 1440 1296 γὰρ
1463 1261 1541 1296 μήτε,
1563 1260 1610 1287 ὲὰν
1629 1260 1718 1294 ἀγαθᾶ
1736 1259 1762 1297 ᾖ,
1788 1269 1922 1296 1:903:27,-

1147 1306 1223 1333 κέναι
1237 1305 1341 1338 τούτοις
1353 1305 1534 1342 ἀνθρωπίνοις
1546 1303 1616 1337 οὖσι,
1633 1306 1700 1342 μήτε
1713 1304 1758 1338 αὖ,
1784 1307 1834 1333 ἐὰν
1853 1306 1922 1336 κακὰ,

1147 1351 1349 1387 ἀπεχθάνεσθαι
1370 1352 1477 1383 αὐτοῖς·
1495 1351 1562 1378 ἀλλὰ
1582 1353 1674 1378 ἐπάνω
1689 1350 1758 1379 εἶναι
1774 1353 1885 1387 apem,
1899 1351 1922 1377 ci

1149 1398 1198 1434 μὲν
1213 1398 1360 1431 πατοῦντα,
1373 1399 1407 1425 τὰ
1425 1399 1453 1426 δὲ
1471 1401 1527 1431 τοῖς
1540 1399 1677 1434 δεομένοις
1699 1398 1922 1434 παραπέμποντει.

1156 1445 1290 1480 Ἀσιραλὴς
1309 1445 1337 1471 δὲ
1356 1446 1385 1471 ἐν
1405 1445 1597 1480 συμπεριφορᾷ
1610 1445 1624 1470 ὁ
1638 1444 1793 1478 γνωστικὺς
1809 1444 1846 1479 μὴ
1857 1443 1922 1477 λάθῃ,

309 1492 337 1515 et
356 1488 486 1521 meridie,
511 1489 558 1517 sed
570 1490 652 1517 etiam
670 1498 731 1517 cum
750 1489 920 1522 deambulat,
937 1493 964 1517 et
979 1489 1091 1522 dormit,

1148 1490 1189 1527 ἣή
1206 1490 1396 1527 συμπεριφορὰ
1414 1490 1534 1522 διάθεσις
1552 1491 1676 1526 γένηται.

310 1538 337 1560 et
349 1537 439 1561 vestes
453 1535 542 1562 induit
557 1539 583 1562 et
597 1536 691 1567 exuit,
706 1540 733 1563 et
754 1535 833 1563 docet
848 1535 933 1562 filium
945 1556 952 1568 ,
968 1536 991 1563 si
1008 1540 1090 1563 natus
1109 1537 1134 1564 ei
1152 1536 1235 1574 fuerit
1251 1537 1339 1570 filius,
1362 1537 1555 1571 inseparabilis
1568 1544 1583 1563 a
1599 1536 1728 1563 mandato
1749 1539 1781 1563 et
1814 1543 1829 1562 a
1857 1543 1899 1569 spe
1919 1544 1922 1561 1

314 1579 368 1608 Deo
390 1590 498 1617 semper
512 1590 594 1617 agens
607 1583 727 1618 gratias,
750 1583 823 1611 sicut
847 1583 977 1610 animalia
993 1583 1190 1618 glorificantia,
1215 1591 1276 1619 quze
1304 1584 1450 1620 allegorice
1476 1584 1608 1611 dicuntur
1628 1592 1677 1618 per
1700 1583 1804 1611 Isaiam
1823 1593 1831 1611 :
1861 1582 1922 1610 Tole

310 1635 376 1654 rans
393 1630 422 1659 ἧς(
438 1631 569 1662 praeterea
587 1628 710 1663 cujusvis
721 1628 879 1656 tentationis
893 1638 899 1656 ε
911 1637 920 1653 ι
935 1627 1082 1660 Dominus,
1098 1638 1108 1654 ›
1126 1628 1225 1663 inquit,
1244 1638 1253 1654 ι
1267 1629 1353 1662 dedit,
1370 1628 1501 1656 Dominus
1513 1628 1661 1656 abstulit‘.
1678 1638 1687 1654 ι
1705 1627 1786 1655 Talis
1801 1632 1861 1655 crat
1886 1625 1922 1654 101

312 1681 436 1708 quoque,
452 1673 498 1708 qui
523 1678 634 1708 propter
650 1673 817 1709 singularem
831 1674 858 1701 in
881 1673 1027 1700 Dominum
1056 1674 1233 1706 cliaritatem,
1260 1674 1351 1701 omnia
1374 1674 1425 1701 sibi
1451 1677 1565 1701 externa
1590 1681 1644 1700 una
1664 1681 1727 1700 cum
1748 1673 1870 1700 sanitate
1893 1679 1922 1697 au

313 1718 439 1751 ferenda,
462 1719 606 1754 deposuit:
625 1729 634 1745 ι
648 1723 707 1747 erat
723 1730 732 1746 ι
750 1721 834 1752 enim,
851 1720 955 1754 inquit,
975 1730 984 1746 ι
996 1720 1099 1754 justus,
1118 1724 1243 1752 sanctus,
1262 1720 1403 1747 abstinens
1421 1719 1455 1746 ab
1471 1720 1545 1747 omni
1561 1719 1745 1753 improbitate.
1778 1728 1789 1744 ι
1821 1717 1922 1745 Verbum

313 1767 404 1791 autem
423 1774 431 1790 ι
446 1766 609 1798 sanctitatis,
626 1775 635 1792 ι
652 1766 744 1793 omnia
757 1773 817 1801 qum
832 1766 864 1793 ad
879 1765 964 1792 Deum
990 1769 1116 1801 spectant
1145 1766 1220 1801 jura,
1244 1769 1387 1800 totamque
1402 1766 1464 1792 vita:
1482 1765 1616 1792 rationem
1633 1764 1857 1800 comprehendit.
1877 1763 1922 1796 Qua

313 1818 376 1837 cum
392 1811 485 1844 sciret,
504 1815 562 1839 erat
579 1812 730 1846 gnosticus.
745 1812 857 1846 Oportet
870 1811 958 1843 enim,
974 1819 1063 1846 neque
1079 1812 1102 1839 si
1120 1812 1173 1839 sint
1185 1812 1256 1839 bona
1268 1832 1275 1844 ,
1289 1811 1329 1839 eis
1347 1819 1408 1839 esse
1421 1811 1536 1838 nimium
1550 1810 1672 1850 deditum
1684 1830 1693 1842 ,
1726 1818 1792 1837 cum
1824 1810 1922 1837 human:

314 1856 386 1890 sint;
400 1865 486 1892 neque
502 1865 598 1885 rursus
611 1858 635 1886 si
651 1858 732 1890 mala,
744 1858 859 1885 nimium
870 1865 941 1892 zcgre
956 1857 1029 1885 ferre
1042 1877 1050 1889 ,
1071 1858 1119 1886 sed
1151 1858 1276 1892 utrisque
1304 1865 1365 1884 esse
1393 1857 1562 1892 superiorem
1575 1876 1582 1888 ,
1604 1856 1663 1883 lucc
1688 1855 1804 1891 quidem
1834 1854 1922 1882 coacuit

313 1902 412 1935 cando,
453 1902 497 1930 illa
523 1911 587 1930 vero
609 1904 643 1930 ad
661 1911 762 1939 egenos
791 1903 1015 1930 transmittendo.
1038 1903 1066 1930 In
1108 1902 1341 1931 accommodando
1367 1911 1397 1930 se
1421 1907 1516 1930 autem
1548 1902 1691 1937 gnosticus
1721 1901 1872 1930 admodum
1899 1909 1922 1928 es

314 1954 411 1978 cautus
421 1971 427 1983 ,
444 1958 478 1977 ne
491 1950 560 1978 forte
575 1958 629 1978 non
646 1951 813 1986 intelligatur
826 1972 833 1984 ,
850 1955 897 1977 aut
913 1950 1129 1978 accommodatio
1141 1950 1187 1977 fiat
1201 1950 1311 1977 tandem
1330 1949 1484 1984 dispositio.

1017 2010 1132 2038 CAPUT
1153 2010 1223 2037 XIII.

696 2068 792 2095 Verum
806 2068 954 2103 gnoslicum
971 2066 1075 2095 delictis
1100 2068 1128 2094 in
1145 2067 1261 2102 seipsum
1277 2067 1402 2094 admissis
1418 2067 1562 2102 ignoscere.

350 2125 494 2161 Nunquam
509 2125 632 2153 meminit
654 2133 760 2157 eorum,
778 2125 825 2160 qui
853 2126 880 2152 in
895 2132 924 2152 se
937 2128 1094 2160 peccarunt,

1185 2123 1318 2150 Οὐδέποτε
1330 2123 1383 2151 τῶν
1399 2124 1438 2155 εἰς
1452 2122 1532 2149 αὐτὸν
1548 2121 1768 2158 ἁμαρτησάντων
1796 2122 1922 2157 μέμνηται

315 2172 364 2200 scd
378 2172 419 2199 eis
433 2171 565 2198 remittit:
581 2171 711 2206 quocirca
731 2171 806 2205 juste
819 2170 901 2198 etiam
912 2174 982 2202 orat,
995 2171 1041 2197 ubi
1059 2170 1100 2197 di-

316 2218 379 2244 cit:
408 2226 417 2242 (
434 2217 544 2244 Dimitte
558 2216 648 2247 nobis,
677 2223 740 2242 nam
768 2223 817 2242 nos
848 2223 957 2251 quoque
986 2215 1101 2242 dimitti-

317 2272 378 2291 mus
388 2264 429 2290 ὅ.»
463 2263 531 2290 Nam
550 2263 603 2289 hoc
627 2269 737 2297 quoque
764 2270 849 2289 unum
866 2265 909 2289 est
934 2269 966 2288 cx
982 2262 1015 2288 iis
1039 2269 1100 2296 quae

316 2311 373 2337 vult
387 2310 468 2341 Deus,
483 2310 550 2337 nihil
563 2309 767 2344 concupiscere,
785 2309 888 2335 nullum
902 2308 1002 2336 habere
1017 2308 1080 2335 odio
1093 2318 1099 2335 :

317 2356 398 2384 unius
417 2356 489 2383 enim
500 2355 649 2382 voluntatis
661 2362 730 2389 opus
744 2362 839 2382 omnes
853 2354 988 2381 homines.
1003 2353 1100 2381 Annon

319 2405 406 2429 autem
423 2402 577 2438 gnosticum
593 2401 688 2428 volens
711 2410 721 2426 ι
736 2400 887 2435 perfectum
904 2409 913 2426 ›
928 2407 988 2428 esse
1000 2400 1100 2428 Serva-

374 2483 403 2511 δῖ(
422 2479 453 2508 Ρ.
472 2480 522 2507 881
542 2479 596 2507 ΕΙ).
615 2479 763 2511 ΡΟΤΤΕΒ,
782 2479 903 2506 747-748
921 2478 974 2505 ED.
994 2477 1094 2506 PARIS

1148 2485 1158 2498 ι
1177 2478 1244 2505 Luc.
1262 2486 1319 2511 xiv,
1335 2478 1381 2511 26,
1397 2478 1442 2505 27.
1482 2478 1496 2498 δ
1516 2477 1603 2505 Galat.
1621 2485 1648 2510 ν,
1673 2477 1719 2504 17.

320 2516 353 2550 5;
372 2515 423 2543 101)
441 2523 459 2548 ι,
475 2516 520 2543 ‘21.
558 2515 572 2535 ἀ
592 2515 689 2542 Matth.
704 2523 743 2547 vi,
758 2515 810 2548 12;
828 2514 895 2541 Luc.
910 2522 949 2547 ιι,
965 2514 992 2541 4,

356 2592 411 2629 (50)
425 2593 541 2627 Κύριος.
560 2593 707 2628 Respicere
723 2593 829 2620 videtur
844 2591 928 2619 Marc.
948 2599 985 2623 IV,
1000 2591 1046 2624 20,
1062 2591 1104 2618 vel

322 2629 404 2655 alium
422 2629 485 2655 huic
500 2629 616 2656 similem
633 2629 733 2655 locum.

358 2662 413 2699 (51)
429 2663 504 2690 Ζῶα.
521 2663 623 2698 Nempe
646 2663 794 2698 seraphim,
811 2671 881 2698 quos
902 2661 1034 2690 describit
1051 2662 1103 2688 Isa.

321 2699 595 2769 Vl,(§:2)5'}\5:e/Jeto.
613 2733 665 2760 Job
678 2742 696 2764 ι,
712 2733 757 2763 ‘ll.
777 2733 914 2769 ἁψείλατο.

433 2767 573 2806 Τοιοῦτος,
597 2769 653 2806 γὰρ
681 2769 729 2806 καὶ
745 2770 764 2806 ¢5_
783 2768 851 2806 'lc‘uf)’,
882 2768 915 2806 ὃς
941 2767 1007 2806 τοῦ-
1018 2767 1105 2806 (iga!-

317 2802 443 2840 ρεθῆλλαι
458 2805 494 2832 τὰ
505 2802 605 2836 ἐκτός-,⁷
631 2804 736 2840 Scribe,
753 2803 782 2835 ὃς
807 2804 853 2840 καὶ
872 2804 949 2840 μέχρι
962 2802 1008 2828 τοῦ
1021 2802 1106 2840 Δὰφα-ι-

325 2837 437 2875 ρεοῆναι
460 2841 495 2867 τὰ
519 2840 595 2871 ἐκτὸς
611 2840 658 2866 σὺν
673 2839 718 2865 καὶ
747 2840 779 2874 τῇ
795 2838 840 2875 τοῦ
868 2837 992 2875 mag-.9;
1016 2837 1106 2875 ὑγιεξα

325 2872 512 2911 προὸαπέῦετο
535 2875 622 2902 πάντα
639 2874 682 2901 διὰ
707 2875 754 2909 τὴν
768 2872 846 2909 ’πρὸς
867 2875 910 2899 τον
928 2872 1028 2907 Κύριον
1040 2872 1106 2906 ἀγά-

1154 2169 1221 2196 ἁλλὰ
1236 2170 1342 2206 ἀφίησι”
1358 2170 1397 2196 διὸ
1410 2170 1456 2196 καὶ
1468 2169 1580 2200 δικαίως
1591 2167 1702 2203 εὔχεται
1715 2177 1722 2183 ·
1740 2177 1750 2193 ι
1766 2169 1856 2202 Ἀιρες
1870 2169 1922 2202 ἡμῖν

1153 2217 1249 2251 λέγων·
1281 2217 1328 2243 καὶ
1347 2216 1401 2252 γὰρ
1422 2217 1502 2252 ἡμεῖς
1528 2216 1676 2251 ἀφίεμεν-ι
1697 2215 1727 2241 ἓν
1745 2215 1803 2250 γάρ
1829 2216 1885 2241 ὲςτι
1898 2221 1922 2239 1:

1154 2262 1233 2289 τοῦτο
1248 2259 1285 2289 ὧν
1300 2264 1314 2289 ὁ
1331 2262 1397 2294 Θεὸς
1413 2262 1547 2297 βούλεται,
1575 2261 1688 2297 μηδενὸς
1715 2261 1875 2297 ἐπιθυμεῖν,
1898 2267 1922 2294 ξιξ

1154 2309 1216 2336 δένα
1240 2310 1338 2344 μισ-εἶν’
1365 2309 1424 2340 ἐνὸς
1442 2307 1495 2343 γὰρ
1516 2308 1665 2343 θελήματος
1692 2307 1774 2343 ἔργον
1797 2309 1824 2334 οἱ
1852 2308 1922 2333 πάνῖε]

1154 2354 1301 2390 ἂνθρωποι.
1311 2355 1365 2381 Καὶ
1375 2354 1438 2390 μήτι
1445 2354 1490 2380 τὸν
1499 2353 1646 2387 γνωστικὴν
1658 2353 1777 2379 ιτέλειον
1786 2353 1872 2388 (35)·›
1882 2349 1922 2377 εἴγε

1154 2400 1332 2435 βουλόμενοςὸ
1344 2399 1548 2436 Σωτὴρῖὴμῶνμ
1559 2400 1597 2430 ὡς
1611 2399 1658 2425 τὸν
1665 2398 1796 2434 οὐράνιον
1805 2399 1879 2425 Πατέ
1884 2407 1920 2433 ρι.

1760 2483 1772 2496 ε
1795 2476 1853 2504 Isa.
1870 2473 1922 2507 vni

1158 2600 1221 2626 πην.
1241 2591 1380 2619 llmusws.

1193 2623 1249 2662 (54)
1266 2626 1330 2653 Ἦν.
1347 2626 1398 2654 Job
1415 2634 1439 2658 1,
1458 2627 1470 2653 I
1485 2635 1494 2662 ς
1514 2625 1570 2652 Καὶ
1592 2623 1627 2662 ἧν
1644 2625 1658 2651 ὁ
1681 2625 1832 2662 ἄνθρωπος
1851 2624 1922 2662 iusim

1158 2660 1292 2696 ἀληθινὸς,
1310 2662 1463 2697 ἄμεμπτος,
1480 2661 1594 2692 δίκαιος,
1617 2660 1759 2697 Θεοςεϐῂς,
1781 2660 1922 2697 ﬁmi-(ipse

1159 2693 1213 2723 ἀπὸ
1230 2693 1336 2728 παντὸς
1343 2693 1462 2732 πονηροῦ
1476 2697 1647 2731 πράγματος.
1664 2693 1768 2732 Eadem
1786 2693 1857 2723 fere:
1871 2693 1922 2720 verb

1159 2734 1258 2767 repetit
1273 2733 1343 2759 Deus
1357 2731 1481 2767 ejusdem
1498 2733 1560 2758 libri
1573 2739 1604 2767 ﬁci.
1627 2739 1658 2767 tt,
1679 2739 1705 2757 v.
1726 2731 1751 2757 1.

1197 2768 1253 2802 (35)
1272 2760 1397 2804 γέλεωῐι.
1426 2766 1552 2804 [respicit
1573 2766 1668 2804 ltl_attb.
1694 2773 1721 2804 v_.
1746 2765 1811 2804 :58;
1840 2760 1922 2804 ξΕπςἻ

1160 2800 1206 2829 οὖν
1219 2804 1297 2838 ὑμεῖς
1310 2802 1416 2832 τέλειοι,
1435 2800 1528 2838 ὥσπερ
1542 2803 1556 2828 ὁ
1584 2801 1678 2836 Πατὴρ
1701 2800 1778 2835 ὑμῶν
1799 2802 1815 2827 ὁ
1841 2801 1869 2826 ἐν
1894 2800 1922 2822 ττιέ

1160 2839 1281 2874 οὐρανοῖς
1295 2837 1396 2868 τέλειός
1409 2838 1474 2863 ἐστι.
