  <div class='ocr_page' id='page_1' title='image "/cluster/home/n/w/nwhite01/storage/ocr_20150623/9/njp.32101077772398/312.png"; bbox 0 0 1933 3075; ppageno 0'>
   <div class='ocr_carea' id='block_1_1' title="bbox 71 147 114 174">
    <p class='ocr_par' dir='ltr' id='par_1_1' title="bbox 71 147 114 174">
     <span class='ocr_line' id='line_1_1' title="bbox 71 147 114 174; baseline 0 0"><span class='ocrx_word' id='word_1_1' title='bbox 71 147 114 174; x_wconf 76' lang='grc'><strong>521</strong></span> 
     </span>
    </p>
   </div>
   <div class='ocr_carea' id='block_1_2' title="bbox 660 144 1036 174">
    <p class='ocr_par' dir='ltr' id='par_1_2' title="bbox 660 144 1036 174">
     <span class='ocr_line' id='line_1_2' title="bbox 660 144 1036 174; baseline 0.003 -2"><span class='ocrx_word' id='word_1_2' title='bbox 660 144 878 173; x_wconf 80' lang='lat' dir='ltr'><strong>STROMATUM</strong></span> <span class='ocrx_word' id='word_1_3' title='bbox 895 144 959 173; x_wconf 85' lang='lat' dir='ltr'><strong>LIB.</strong></span> <span class='ocrx_word' id='word_1_4' title='bbox 980 145 1036 174; x_wconf 77' lang='lat' dir='ltr'><strong>VII.</strong></span> 
     </span>
    </p>
   </div>
   <div class='ocr_carea' id='block_1_3' title="bbox 1614 152 1666 181">
    <p class='ocr_par' dir='ltr' id='par_1_3' title="bbox 1614 152 1666 181">
     <span class='ocr_line' id='line_1_3' title="bbox 1614 152 1666 181; baseline 0.019 -1"><span class='ocrx_word' id='word_1_5' title='bbox 1614 152 1666 181; x_wconf 72' lang='grc'><strong>522</strong></span> 
     </span>
    </p>
   </div>
   <div class='ocr_carea' id='block_1_4' title="bbox 69 203 825 247">
    <p class='ocr_par' dir='ltr' id='par_1_4' title="bbox 69 203 825 241">
     <span class='ocr_line' id='line_1_4' title="bbox 69 203 825 241; baseline -0.003 -9"><span class='ocrx_word' id='word_1_6' title='bbox 69 213 108 232; x_wconf 82' lang='grc' dir='ltr'><strong>τε·</strong></span> <span class='ocrx_word' id='word_1_7' title='bbox 124 213 134 230; x_wconf 73' lang='grc' dir='ltr'><strong>ι</strong></span> <span class='ocrx_word' id='word_1_8' title='bbox 150 204 185 240; x_wconf 84' lang='grc' dir='ltr'><strong>τῷ</strong></span> <span class='ocrx_word' id='word_1_9' title='bbox 208 204 260 240; x_wconf 78' lang='grc' dir='ltr'><strong>γὰρ</strong></span> <span class='ocrx_word' id='word_1_10' title='bbox 284 204 322 236; x_wconf 77' lang='grc' dir='ltr'><strong>εἰς</strong></span> <span class='ocrx_word' id='word_1_11' title='bbox 347 204 425 231; x_wconf 81' lang='grc' dir='ltr'>τοῦτο</span> <span class='ocrx_word' id='word_1_12' title='bbox 449 205 542 240; x_wconf 74' lang='grc' dir='ltr'>ἥκοντι</span> <span class='ocrx_word' id='word_1_13' title='bbox 562 205 653 238; x_wconf 68' lang='grc' dir='ltr'>ἕξεως,</span> <span class='ocrx_word' id='word_1_14' title='bbox 671 206 741 241; x_wconf 80' lang='grc' dir='ltr'>ἁγίῳ</span> <span class='ocrx_word' id='word_1_15' title='bbox 763 203 825 232; x_wconf 60' lang='grc' dir='ltr'>εῖναι</span> 
     </span>
    </p>
   </div>
   <div class='ocr_carea' id='block_1_5' title="bbox 877 203 1667 247">
    <p class='ocr_par' dir='ltr' id='par_1_5' title="bbox 883 205 1667 247">
     <span class='ocr_line' id='line_1_5' title="bbox 883 205 1667 247; baseline 0.011 -15"><span class='ocrx_word' id='word_1_16' title='bbox 883 205 966 232; x_wconf 89' lang='lat' dir='ltr'><strong>animi</strong></span> <span class='ocrx_word' id='word_1_17' title='bbox 981 205 1178 242; x_wconf 79' lang='lat' dir='ltr'><strong>magnitudine,</strong></span> <span class='ocrx_word' id='word_1_18' title='bbox 1193 206 1251 235; x_wconf 83' lang='lat' dir='ltr'><strong>sive</strong></span> <span class='ocrx_word' id='word_1_19' title='bbox 1272 207 1423 238; x_wconf 73' lang='lat' dir='ltr'><strong>imitatione</strong></span> <span class='ocrx_word' id='word_1_20' title='bbox 1444 210 1504 246; x_wconf 79' lang='lat' dir='ltr'><strong>ejus</strong></span> <span class='ocrx_word' id='word_1_21' title='bbox 1525 212 1598 247; x_wconf 86' lang='lat' dir='ltr'><strong>quod</strong></span> <span class='ocrx_word' id='word_1_22' title='bbox 1624 218 1667 240; x_wconf 86' lang='lat' dir='ltr'><strong>est</strong></span> 
     </span>
    </p>
   </div>
   <div class='ocr_carea' id='block_1_6' title="bbox 69 250 831 287">
    <p class='ocr_par' dir='ltr' id='par_1_6' title="bbox 69 250 831 287">
     <span class='ocr_line' id='line_1_6' title="bbox 69 250 831 287; baseline 0 -9"><span class='ocrx_word' id='word_1_23' title='bbox 69 250 205 286; x_wconf 76' lang='grc' dir='ltr'>συμϐαίνει,</span> <span class='ocrx_word' id='word_1_24' title='bbox 220 250 312 286; x_wconf 74' lang='grc' dir='ltr'>μηδενὶ</span> <span class='ocrx_word' id='word_1_25' title='bbox 332 251 386 277; x_wconf 83' lang='grc' dir='ltr'><strong>τῶν</strong></span> <span class='ocrx_word' id='word_1_26' title='bbox 408 251 502 278; x_wconf 84' lang='grc' dir='ltr'>παθῶν</span> <span class='ocrx_word' id='word_1_27' title='bbox 524 251 593 278; x_wconf 74' lang='grc' dir='ltr'>κατὰ</span> <span class='ocrx_word' id='word_1_28' title='bbox 615 251 716 287; x_wconf 82' lang='grc' dir='ltr'><strong>μηδένα</strong></span> <span class='ocrx_word' id='word_1_29' title='bbox 732 252 831 287; x_wconf 80' lang='grc' dir='ltr'>τρόπον</span> 
     </span>
    </p>
   </div>
   <div class='ocr_carea' id='block_1_7' title="bbox 69 295 831 334">
    <p class='ocr_par' dir='ltr' id='par_1_7' title="bbox 69 295 831 334">
     <span class='ocr_line' id='line_1_7' title="bbox 69 295 831 334; baseline -0.001 -9"><span class='ocrx_word' id='word_1_30' title='bbox 69 298 249 334; x_wconf 83' lang='grc' dir='ltr'><strong>περιπίπτοντι,</strong></span> <span class='ocrx_word' id='word_1_31' title='bbox 266 297 321 324; x_wconf 77' lang='grc' dir='ltr'>ἀλλ’</span> <span class='ocrx_word' id='word_1_32' title='bbox 333 295 387 324; x_wconf 80' lang='grc' dir='ltr'>οἷον</span> <span class='ocrx_word' id='word_1_33' title='bbox 403 298 517 334; x_wconf 79' lang='grc' dir='ltr'>ἀσάρκῳ</span> <span class='ocrx_word' id='word_1_34' title='bbox 530 298 589 333; x_wconf 80' lang='grc' dir='ltr'>ήδη,</span> <span class='ocrx_word' id='word_1_35' title='bbox 607 297 655 324; x_wconf 74' lang='grc' dir='ltr'>καὶ</span> <span class='ocrx_word' id='word_1_36' title='bbox 670 298 734 325; x_wconf 79' lang='grc' dir='ltr'>ἄνευ</span> <span class='ocrx_word' id='word_1_37' title='bbox 750 297 831 332; x_wconf 83' lang='grc' dir='ltr'>τῆσδε</span> 
     </span>
    </p>
   </div>
   <div class='ocr_carea' id='block_1_8' title="bbox 68 343 828 380">
    <p class='ocr_par' dir='ltr' id='par_1_8' title="bbox 68 343 828 380">
     <span class='ocr_line' id='line_1_8' title="bbox 68 343 828 380; baseline -0.001 -10"><span class='ocrx_word' id='word_1_38' title='bbox 68 345 110 380; x_wconf 81' lang='grc' dir='ltr'>τῆς</span> <span class='ocrx_word' id='word_1_39' title='bbox 124 345 170 380; x_wconf 78' lang='grc' dir='ltr'>γῆς</span> <span class='ocrx_word' id='word_1_40' title='bbox 181 344 233 380; x_wconf 84' lang='grc'>(57)</span> <span class='ocrx_word' id='word_1_41' title='bbox 249 344 317 379; x_wconf 82' lang='grc' dir='ltr'>ἁγίῳ</span> <span class='ocrx_word' id='word_1_42' title='bbox 331 345 464 379; x_wconf 81' lang='grc' dir='ltr'><strong>γεγονότι.</strong></span> <span class='ocrx_word' id='word_1_43' title='bbox 476 344 574 380; x_wconf 86' lang='grc' dir='ltr'><strong>Διόπερ</strong></span> <span class='ocrx_word' id='word_1_44' title='bbox 591 353 601 369; x_wconf 73' lang='grc' dir='ltr'><strong>ι</strong></span> <span class='ocrx_word' id='word_1_45' title='bbox 612 343 828 378; x_wconf 62' lang='grc' dir='ltr'>Ὲδικαιώθητεμ</span> 
     </span>
    </p>
   </div>
   <div class='ocr_carea' id='block_1_9' title="bbox 69 389 831 426">
    <p class='ocr_par' dir='ltr' id='par_1_9' title="bbox 69 389 831 426">
     <span class='ocr_line' id='line_1_9' title="bbox 69 389 831 426; baseline -0.001 -11"><span class='ocrx_word' id='word_1_46' title='bbox 69 391 134 426; x_wconf 75' lang='grc' dir='ltr'>φησὶ,</span> <span class='ocrx_word' id='word_1_47' title='bbox 153 399 161 416; x_wconf 81' lang='grc' dir='ltr'><strong>ι</strong></span> <span class='ocrx_word' id='word_1_48' title='bbox 174 389 274 426; x_wconf 87' lang='grc' dir='ltr'>τῷ</span> <span class='ocrx_word' id='word_1_49' title='bbox 289 390 400 425; x_wconf 81' lang='grc' dir='ltr'>ὀνόματι</span> <span class='ocrx_word' id='word_1_50' title='bbox 416 390 462 417; x_wconf 77' lang='grc' dir='ltr'><strong>τοῦ</strong></span> <span class='ocrx_word' id='word_1_51' title='bbox 481 390 597 426; x_wconf 82' lang='grc' dir='ltr'>Κυρίου·</span> <span class='ocrx_word' id='word_1_52' title='bbox 612 399 622 415; x_wconf 73' lang='grc' dir='ltr'><strong><em>ι</em></strong></span> <span class='ocrx_word' id='word_1_53' title='bbox 636 389 831 424; x_wconf 79' lang='grc' dir='ltr'>ὲποιήθητε,ὼς</span> 
     </span>
    </p>
   </div>
   <div class='ocr_carea' id='block_1_10' title="bbox 67 434 830 470">
    <p class='ocr_par' dir='ltr' id='par_1_10' title="bbox 67 434 830 470">
     <span class='ocr_line' id='line_1_10' title="bbox 67 434 830 470; baseline -0.001 -8"><span class='ocrx_word' id='word_1_54' title='bbox 67 437 151 467; x_wconf 78' lang='grc' dir='ltr'>εἰπεῖν,</span> <span class='ocrx_word' id='word_1_55' title='bbox 166 436 208 462; x_wconf 75' lang='grc' dir='ltr'><strong>ὑπ’</strong></span> <span class='ocrx_word' id='word_1_56' title='bbox 223 435 303 462; x_wconf 83' lang='grc' dir='ltr'><strong>αὑτοῦ</strong></span> <span class='ocrx_word' id='word_1_57' title='bbox 328 436 426 463; x_wconf 85' lang='grc' dir='ltr'>δίκαιοι</span> <span class='ocrx_word' id='word_1_58' title='bbox 451 434 519 463; x_wconf 75' lang='grc' dir='ltr'>εἶναι</span> <span class='ocrx_word' id='word_1_59' title='bbox 543 436 581 467; x_wconf 90' lang='grc' dir='ltr'><strong>ώς</strong></span> <span class='ocrx_word' id='word_1_60' title='bbox 605 435 694 467; x_wconf 72' lang='grc' dir='ltr'>αὐτὸς,</span> <span class='ocrx_word' id='word_1_61' title='bbox 719 435 766 462; x_wconf 77' lang='grc' dir='ltr'>καὶ</span> <span class='ocrx_word' id='word_1_62' title='bbox 792 435 830 470; x_wconf 80' lang='grc' dir='ltr'>τῷ</span> 
     </span>
    </p>
   </div>
   <div class='ocr_carea' id='block_1_11' title="bbox 69 482 829 518">
    <p class='ocr_par' dir='ltr' id='par_1_11' title="bbox 69 482 829 518">
     <span class='ocr_line' id='line_1_11' title="bbox 69 482 829 518; baseline 0 -9"><span class='ocrx_word' id='word_1_63' title='bbox 69 483 188 518; x_wconf 83' lang='grc' dir='ltr'>Πνεύματι</span> <span class='ocrx_word' id='word_1_64' title='bbox 211 483 248 518; x_wconf 84' lang='grc' dir='ltr'><strong>τῷ</strong></span> <span class='ocrx_word' id='word_1_65' title='bbox 271 483 339 518; x_wconf 82' lang='grc' dir='ltr'>ἁγίῳ</span> <span class='ocrx_word' id='word_1_66' title='bbox 360 483 398 515; x_wconf 89' lang='grc' dir='ltr'>ὡς</span> <span class='ocrx_word' id='word_1_67' title='bbox 420 483 459 509; x_wconf 78' lang='grc' dir='ltr'>ἔνι</span> <span class='ocrx_word' id='word_1_68' title='bbox 485 482 599 518; x_wconf 84' lang='grc' dir='ltr'>μάλιστα</span> <span class='ocrx_word' id='word_1_69' title='bbox 625 482 695 510; x_wconf 84' lang='grc' dir='ltr'>κατὰ</span> <span class='ocrx_word' id='word_1_70' title='bbox 717 482 829 518; x_wconf 85' lang='grc' dir='ltr'>δύναμιν</span> 
     </span>
    </p>
   </div>
   <div class='ocr_carea' id='block_1_12' title="bbox 68 527 828 565">
    <p class='ocr_par' dir='ltr' id='par_1_12' title="bbox 68 527 828 565">
     <span class='ocr_line' id='line_1_12' title="bbox 68 527 828 565; baseline 0 -10"><span class='ocrx_word' id='word_1_71' title='bbox 68 529 225 564; x_wconf 81' lang='grc' dir='ltr'>ἀνεκράθητε.</span> <span class='ocrx_word' id='word_1_72' title='bbox 241 530 286 565; x_wconf 83' lang='grc' dir='ltr'><strong>Μὴ</strong></span> <span class='ocrx_word' id='word_1_73' title='bbox 312 529 365 565; x_wconf 89' lang='grc' dir='ltr'><strong>γὰρ</strong></span> <span class='ocrx_word' id='word_1_74' title='bbox 387 530 417 556; x_wconf 70' lang='grc' dir='ltr'>οὔ</span> <span class='ocrx_word' id='word_1_75' title='bbox 438 529 491 565; x_wconf 83' lang='grc'>(59)</span> <span class='ocrx_word' id='word_1_76' title='bbox 511 537 520 554; x_wconf 77' lang='grc' dir='ltr'><strong>ι</strong></span> <span class='ocrx_word' id='word_1_77' title='bbox 536 529 623 555; x_wconf 81' lang='grc' dir='ltr'>πάντα</span> <span class='ocrx_word' id='word_1_78' title='bbox 647 537 692 563; x_wconf 90' lang='grc' dir='ltr'><strong>μοι</strong></span> <span class='ocrx_word' id='word_1_79' title='bbox 708 527 828 561; x_wconf 78' lang='grc' dir='ltr'>ἐξεστιν;</span> 
     </span>
    </p>
   </div>
   <div class='ocr_carea' id='block_1_13' title="bbox 71 573 829 610">
    <p class='ocr_par' dir='ltr' id='par_1_13' title="bbox 71 573 829 610">
     <span class='ocr_line' id='line_1_13' title="bbox 71 573 829 610; baseline -0.001 -9"><span class='ocrx_word' id='word_1_80' title='bbox 71 574 129 600; x_wconf 69' lang='grc' dir='ltr'>Ἀλλ’</span> <span class='ocrx_word' id='word_1_81' title='bbox 143 574 188 601; x_wconf 77' lang='grc' dir='ltr'>οὐκ</span> <span class='ocrx_word' id='word_1_82' title='bbox 209 574 459 610; x_wconf 76' lang='grc' dir='ltr'>ἐξουσιασθήσομαι,</span> <span class='ocrx_word' id='word_1_83' title='bbox 476 584 485 600; x_wconf 70' lang='grc' dir='ltr'><strong>ι</strong></span> <span class='ocrx_word' id='word_1_84' title='bbox 504 574 581 610; x_wconf 79' lang='grc' dir='ltr'>φησὶ,</span> <span class='ocrx_word' id='word_1_85' title='bbox 599 574 674 610; x_wconf 83' lang='grc' dir='ltr'>παρὰ</span> <span class='ocrx_word' id='word_1_86' title='bbox 695 574 725 600; x_wconf 83' lang='grc' dir='ltr'>τὸ</span> <span class='ocrx_word' id='word_1_87' title='bbox 741 573 829 608; x_wconf 78' lang='grc' dir='ltr'>Εὐαγ-</span> 
     </span>
    </p>
   </div>
   <div class='ocr_carea' id='block_1_14' title="bbox 68 618 829 656">
    <p class='ocr_par' dir='ltr' id='par_1_14' title="bbox 68 618 829 656">
     <span class='ocr_line' id='line_1_14' title="bbox 68 618 829 656; baseline 0.001 -11"><span class='ocrx_word' id='word_1_88' title='bbox 68 619 143 653; x_wconf 79' lang='grc' dir='ltr'>γέλιόν</span> <span class='ocrx_word' id='word_1_89' title='bbox 152 629 175 646; x_wconf 88' lang='grc' dir='ltr'>τι</span> <span class='ocrx_word' id='word_1_90' title='bbox 190 620 307 655; x_wconf 82' lang='grc' dir='ltr'>ποιῆσαι,</span> <span class='ocrx_word' id='word_1_91' title='bbox 319 620 336 655; x_wconf 73' lang='grc' dir='ltr'><strong>ἢ</strong></span> <span class='ocrx_word' id='word_1_92' title='bbox 353 621 457 655; x_wconf 83' lang='grc' dir='ltr'>νοῆσαι,</span> <span class='ocrx_word' id='word_1_93' title='bbox 469 620 486 656; x_wconf 88' lang='grc' dir='ltr'>ῆ</span> <span class='ocrx_word' id='word_1_94' title='bbox 503 619 627 655; x_wconf 80' lang='grc' dir='ltr'>λαλῆσαι.</span> <span class='ocrx_word' id='word_1_95' title='bbox 642 629 651 645; x_wconf 78' lang='grc' dir='ltr'><strong>ι</strong></span> <span class='ocrx_word' id='word_1_96' title='bbox 665 619 704 646; x_wconf 84' lang='grc' dir='ltr'><strong>Τὰ</strong></span> <span class='ocrx_word' id='word_1_97' title='bbox 717 619 745 646; x_wconf 81' lang='grc' dir='ltr'><strong>δὲ</strong></span> <span class='ocrx_word' id='word_1_98' title='bbox 759 618 829 655; x_wconf 88' lang='grc' dir='ltr'>βρώ-</span> 
     </span>
    </p>
   </div>
   <div class='ocr_carea' id='block_1_15' title="bbox 68 664 828 700">
    <p class='ocr_par' dir='ltr' id='par_1_15' title="bbox 68 664 828 700">
     <span class='ocr_line' id='line_1_15' title="bbox 68 664 828 700; baseline 0 -10"><span class='ocrx_word' id='word_1_99' title='bbox 68 672 128 699; x_wconf 80' lang='grc' dir='ltr'>ματα</span> <span class='ocrx_word' id='word_1_100' title='bbox 147 665 178 700; x_wconf 81' lang='grc' dir='ltr'>τῇ</span> <span class='ocrx_word' id='word_1_101' title='bbox 200 664 296 700; x_wconf 68' lang='grc' dir='ltr'>κοιλίᾳ,</span> <span class='ocrx_word' id='word_1_102' title='bbox 314 664 362 691; x_wconf 76' lang='grc' dir='ltr'>καὶ</span> <span class='ocrx_word' id='word_1_103' title='bbox 384 665 400 700; x_wconf 85' lang='grc' dir='ltr'>ἡ</span> <span class='ocrx_word' id='word_1_104' title='bbox 424 664 512 691; x_wconf 83' lang='grc' dir='ltr'>κοιλία</span> <span class='ocrx_word' id='word_1_105' title='bbox 535 666 591 696; x_wconf 83' lang='grc' dir='ltr'>τοῖς</span> <span class='ocrx_word' id='word_1_106' title='bbox 614 664 763 700; x_wconf 78' lang='grc' dir='ltr'><strong>βρώμασιν,</strong></span> <span class='ocrx_word' id='word_1_107' title='bbox 780 664 798 691; x_wconf 75' lang='grc' dir='ltr'>ἃ,</span> <span class='ocrx_word' id='word_1_108' title='bbox 813 664 828 690; x_wconf 77' lang='grc' dir='ltr'>ὁ</span> 
     </span>
    </p>
   </div>
   <div class='ocr_carea' id='block_1_16' title="bbox 66 708 828 745">
    <p class='ocr_par' dir='ltr' id='par_1_16' title="bbox 66 708 828 745">
     <span class='ocr_line' id='line_1_16' title="bbox 66 708 828 745; baseline 0.001 -10"><span class='ocrx_word' id='word_1_109' title='bbox 66 709 120 741; x_wconf 78' lang='grc' dir='ltr'>Θεὸς</span> <span class='ocrx_word' id='word_1_110' title='bbox 134 710 294 745; x_wconf 77' lang='grc' dir='ltr'><strong>καταργήσει</strong></span> <span class='ocrx_word' id='word_1_111' title='bbox 311 709 376 745; x_wconf 81' lang='grc'>(60),</span> <span class='ocrx_word' id='word_1_112' title='bbox 391 719 401 736; x_wconf 70' lang='grc' dir='ltr'><strong>ι</strong></span> <span class='ocrx_word' id='word_1_113' title='bbox 419 710 541 737; x_wconf 81' lang='grc' dir='ltr'><strong>τουτέστι</strong></span> <span class='ocrx_word' id='word_1_114' title='bbox 557 711 619 742; x_wconf 77' lang='grc' dir='ltr'>τοὺς</span> <span class='ocrx_word' id='word_1_115' title='bbox 638 710 708 737; x_wconf 75' lang='grc' dir='ltr'><strong>οὕτω</strong></span> <span class='ocrx_word' id='word_1_116' title='bbox 725 708 828 744; x_wconf 75' lang='grc' dir='ltr'>λογιζο-</span> 
     </span>
    </p>
   </div>
   <div class='ocr_carea' id='block_1_17' title="bbox 66 755 827 792">
    <p class='ocr_par' dir='ltr' id='par_1_17' title="bbox 66 755 827 792">
     <span class='ocr_line' id='line_1_17' title="bbox 66 755 827 792; baseline 0 -10"><span class='ocrx_word' id='word_1_117' title='bbox 66 755 149 791; x_wconf 79' lang='grc' dir='ltr'><strong>μένους</strong></span> <span class='ocrx_word' id='word_1_118' title='bbox 164 756 208 782; x_wconf 84' lang='grc' dir='ltr'><strong>καὶ</strong></span> <span class='ocrx_word' id='word_1_119' title='bbox 218 755 356 791; x_wconf 79' lang='grc' dir='ltr'>βιοῦντας,</span> <span class='ocrx_word' id='word_1_120' title='bbox 372 756 410 788; x_wconf 84' lang='grc' dir='ltr'><strong>ὡς</strong></span> <span class='ocrx_word' id='word_1_121' title='bbox 425 756 468 783; x_wconf 78' lang='grc' dir='ltr'>διὰ</span> <span class='ocrx_word' id='word_1_122' title='bbox 485 757 514 783; x_wconf 87' lang='grc' dir='ltr'>τὺ</span> <span class='ocrx_word' id='word_1_123' title='bbox 533 757 631 783; x_wconf 75' lang='grc' dir='ltr'>ἐσθίειν</span> <span class='ocrx_word' id='word_1_124' title='bbox 649 756 702 792; x_wconf 87' lang='grc'><strong>(61)</strong></span> <span class='ocrx_word' id='word_1_125' title='bbox 715 756 827 791; x_wconf 88' lang='grc' dir='ltr'>γενομέ-</span> 
     </span>
    </p>
   </div>
   <div class='ocr_carea' id='block_1_18' title="bbox 65 802 827 838">
    <p class='ocr_par' dir='ltr' id='par_1_18' title="bbox 65 802 827 838">
     <span class='ocr_line' id='line_1_18' title="bbox 65 802 827 838; baseline 0.003 -11"><span class='ocrx_word' id='word_1_126' title='bbox 65 810 123 833; x_wconf 84' lang='grc' dir='ltr'>νους,</span> <span class='ocrx_word' id='word_1_127' title='bbox 140 802 174 837; x_wconf 85' lang='grc' dir='ltr'>μὴ</span> <span class='ocrx_word' id='word_1_128' title='bbox 189 802 246 837; x_wconf 78' lang='grc' dir='ltr'>οὐχὶ</span> <span class='ocrx_word' id='word_1_129' title='bbox 261 802 290 829; x_wconf 84' lang='grc' dir='ltr'><strong>δὲ</strong></span> <span class='ocrx_word' id='word_1_130' title='bbox 307 802 444 835; x_wconf 77' lang='grc' dir='ltr'>ἐσθίοντας</span> <span class='ocrx_word' id='word_1_131' title='bbox 461 803 504 830; x_wconf 83' lang='grc' dir='ltr'>ἵνα</span> <span class='ocrx_word' id='word_1_132' title='bbox 524 802 590 835; x_wconf 83' lang='grc' dir='ltr'>ζῶσι</span> <span class='ocrx_word' id='word_1_133' title='bbox 608 803 657 838; x_wconf 84' lang='grc' dir='ltr'>μὲν</span> <span class='ocrx_word' id='word_1_134' title='bbox 678 803 747 830; x_wconf 78' lang='grc' dir='ltr'>κατὰ</span> <span class='ocrx_word' id='word_1_135' title='bbox 764 802 827 830; x_wconf 85' lang='grc' dir='ltr'>ἀκό-</span> 
     </span>
    </p>
   </div>
   <div class='ocr_carea' id='block_1_19' title="bbox 65 846 825 885">
    <p class='ocr_par' dir='ltr' id='par_1_19' title="bbox 65 846 825 885">
     <span class='ocr_line' id='line_1_19' title="bbox 65 846 825 885; baseline 0.003 -12"><span class='ocrx_word' id='word_1_136' title='bbox 65 846 152 879; x_wconf 77' lang='grc' dir='ltr'>λουθον,</span> <span class='ocrx_word' id='word_1_137' title='bbox 168 847 234 874; x_wconf 74' lang='grc' dir='ltr'>κατὰ</span> <span class='ocrx_word' id='word_1_138' title='bbox 252 848 281 874; x_wconf 84' lang='grc' dir='ltr'>δὲ</span> <span class='ocrx_word' id='word_1_139' title='bbox 302 848 504 884; x_wconf 83' lang='grc' dir='ltr'>προηγούμενον</span> <span class='ocrx_word' id='word_1_140' title='bbox 525 850 556 884; x_wconf 86' lang='grc' dir='ltr'><strong>τῇ</strong></span> <span class='ocrx_word' id='word_1_141' title='bbox 573 848 670 884; x_wconf 83' lang='grc' dir='ltr'>γνώσει</span> <span class='ocrx_word' id='word_1_142' title='bbox 694 849 825 885; x_wconf 82' lang='grc' dir='ltr'>προσανὲ-</span> 
     </span>
    </p>
   </div>
   <div class='ocr_carea' id='block_1_20' title="bbox 881 251 1666 290">
    <p class='ocr_par' dir='ltr' id='par_1_20' title="bbox 881 251 1666 290">
     <span class='ocr_line' id='line_1_20' title="bbox 881 251 1666 290; baseline 0.011 -12"><span class='ocrx_word' id='word_1_143' title='bbox 881 251 989 279; x_wconf 89' lang='lat' dir='ltr'><strong>melius.</strong></span> <span class='ocrx_word' id='word_1_144' title='bbox 1007 251 1097 279; x_wconf 83' lang='lat' dir='ltr'><strong>Tertia</strong></span> <span class='ocrx_word' id='word_1_145' title='bbox 1118 256 1161 281; x_wconf 86' lang='lat' dir='ltr'><strong>est</strong></span> <span class='ocrx_word' id='word_1_146' title='bbox 1175 257 1265 281; x_wconf 85' lang='lat' dir='ltr'><strong>autem</strong></span> <span class='ocrx_word' id='word_1_147' title='bbox 1281 261 1365 281; x_wconf 81' lang='lat' dir='ltr'><strong>causa</strong></span> <span class='ocrx_word' id='word_1_148' title='bbox 1380 265 1386 282; x_wconf 89' lang='lat'>:</span> <span class='ocrx_word' id='word_1_149' title='bbox 1407 265 1416 281; x_wconf 74' lang='grc' dir='ltr'><strong>ι</strong></span> <span class='ocrx_word' id='word_1_150' title='bbox 1434 255 1561 290; x_wconf 80' lang='lat' dir='ltr'><strong>Remitte,</strong></span> <span class='ocrx_word' id='word_1_151' title='bbox 1580 262 1608 285; x_wconf 78' lang='lat' dir='ltr'><strong>et</strong></span> <span class='ocrx_word' id='word_1_152' title='bbox 1621 266 1666 286; x_wconf 88' lang='lat' dir='ltr'><strong>re-</strong></span> 
     </span>
    </p>
   </div>
   <div class='ocr_carea' id='block_1_21' title="bbox 880 297 1665 334">
    <p class='ocr_par' dir='ltr' id='par_1_21' title="bbox 880 297 1665 334">
     <span class='ocr_line' id='line_1_21' title="bbox 880 297 1665 334; baseline 0.009 -11"><span class='ocrx_word' id='word_1_153' title='bbox 880 297 1004 324; x_wconf 77' lang='lat' dir='ltr'><strong>mittetur</strong></span> <span class='ocrx_word' id='word_1_154' title='bbox 1019 297 1079 330; x_wconf 89' lang='lat' dir='ltr'><strong>tibi,</strong></span> <span class='ocrx_word' id='word_1_155' title='bbox 1096 307 1105 324; x_wconf 85' lang='grc'><strong>›</strong></span> <span class='ocrx_word' id='word_1_156' title='bbox 1123 298 1205 325; x_wconf 81' lang='lat' dir='ltr'><strong>veluti</strong></span> <span class='ocrx_word' id='word_1_157' title='bbox 1223 302 1339 334; x_wconf 78' lang='lat' dir='ltr'><strong>cogente</strong></span> <span class='ocrx_word' id='word_1_158' title='bbox 1350 300 1478 328; x_wconf 88' lang='lat' dir='ltr'><strong>mandato</strong></span> <span class='ocrx_word' id='word_1_159' title='bbox 1499 301 1532 329; x_wconf 89' lang='lat' dir='ltr'><strong>ad</strong></span> <span class='ocrx_word' id='word_1_160' title='bbox 1548 302 1665 330; x_wconf 90' lang='lat' dir='ltr'><strong>salutem</strong></span> 
     </span>
    </p>
   </div>
   <div class='ocr_carea' id='block_1_22' title="bbox 880 342 1663 382">
    <p class='ocr_par' dir='ltr' id='par_1_22' title="bbox 880 342 1663 382">
     <span class='ocr_line' id='line_1_22' title="bbox 880 342 1663 382; baseline 0.006 -13"><span class='ocrx_word' id='word_1_161' title='bbox 880 348 929 376; x_wconf 77' lang='lat' dir='ltr'><strong>per</strong></span> <span class='ocrx_word' id='word_1_162' title='bbox 941 342 1075 377; x_wconf 77' lang='lat' dir='ltr'><strong>insignem</strong></span> <span class='ocrx_word' id='word_1_163' title='bbox 1087 343 1247 372; x_wconf 87' lang='lat' dir='ltr'><strong>bonitatem.</strong></span> <span class='ocrx_word' id='word_1_164' title='bbox 1265 353 1274 370; x_wconf 83' lang='lat'><strong>(</strong></span> <span class='ocrx_word' id='word_1_165' title='bbox 1290 344 1343 372; x_wconf 88' lang='lat' dir='ltr'><strong>Sed</strong></span> <span class='ocrx_word' id='word_1_166' title='bbox 1359 345 1520 374; x_wconf 81' lang='lat' dir='ltr'><strong>sanctiﬁcati</strong></span> <span class='ocrx_word' id='word_1_167' title='bbox 1532 348 1600 376; x_wconf 87' lang='lat' dir='ltr'><strong>estis</strong></span> <span class='ocrx_word' id='word_1_168' title='bbox 1611 354 1624 368; x_wconf 78' lang='grc' dir='ltr'><strong>ι</strong></span> <span class='ocrx_word' id='word_1_169' title='bbox 1639 357 1663 382; x_wconf 73' lang='grc' dir='ltr'>ς»</span> 
     </span>
    </p>
   </div>
   <div class='ocr_carea' id='block_1_23' title="bbox 879 387 1665 425">
    <p class='ocr_par' dir='ltr' id='par_1_23' title="bbox 879 387 1665 425">
     <span class='ocr_line' id='line_1_23' title="bbox 879 387 1665 425; baseline 0.01 -11"><span class='ocrx_word' id='word_1_170' title='bbox 879 388 906 414; x_wconf 88' lang='lat' dir='ltr'><strong>ei</strong></span> <span class='ocrx_word' id='word_1_171' title='bbox 921 387 994 415; x_wconf 84' lang='lat' dir='ltr'><strong>enim</strong></span> <span class='ocrx_word' id='word_1_172' title='bbox 1007 388 1053 423; x_wconf 89' lang='lat' dir='ltr'><strong>qui</strong></span> <span class='ocrx_word' id='word_1_173' title='bbox 1071 389 1104 416; x_wconf 91' lang='lat' dir='ltr'><strong>ad</strong></span> <span class='ocrx_word' id='word_1_174' title='bbox 1121 388 1193 416; x_wconf 89' lang='lat' dir='ltr'><strong>hunc</strong></span> <span class='ocrx_word' id='word_1_175' title='bbox 1209 389 1283 417; x_wconf 90' lang='lat' dir='ltr'><strong>venit</strong></span> <span class='ocrx_word' id='word_1_176' title='bbox 1307 390 1439 425; x_wconf 88' lang='lat' dir='ltr'><strong>habitum,</strong></span> <span class='ocrx_word' id='word_1_177' title='bbox 1461 397 1585 420; x_wconf 88' lang='lat' dir='ltr'><strong>sanctum</strong></span> <span class='ocrx_word' id='word_1_178' title='bbox 1603 401 1665 422; x_wconf 87' lang='lat' dir='ltr'><strong>esse</strong></span> 
     </span>
    </p>
   </div>
   <div class='ocr_carea' id='block_1_24' title="bbox 880 432 1664 473">
    <p class='ocr_par' dir='ltr' id='par_1_24' title="bbox 880 432 1664 473">
     <span class='ocr_line' id='line_1_24' title="bbox 880 432 1664 473; baseline 0.011 -15"><span class='ocrx_word' id='word_1_179' title='bbox 880 432 1024 468; x_wconf 76' lang='lat' dir='ltr'><strong>contingit,</strong></span> <span class='ocrx_word' id='word_1_180' title='bbox 1039 433 1076 460; x_wconf 92' lang='lat' dir='ltr'><strong>ita</strong></span> <span class='ocrx_word' id='word_1_181' title='bbox 1095 437 1126 460; x_wconf 89' lang='lat' dir='ltr'><strong>ut</strong></span> <span class='ocrx_word' id='word_1_182' title='bbox 1138 433 1165 460; x_wconf 91' lang='lat' dir='ltr'><strong>in</strong></span> <span class='ocrx_word' id='word_1_183' title='bbox 1180 434 1282 462; x_wconf 86' lang='lat' dir='ltr'><strong>nullam</strong></span> <span class='ocrx_word' id='word_1_184' title='bbox 1292 436 1375 463; x_wconf 86' lang='lat' dir='ltr'><strong>animi</strong></span> <span class='ocrx_word' id='word_1_185' title='bbox 1387 437 1468 465; x_wconf 82' lang='lat' dir='ltr'><strong>cadat</strong></span> <span class='ocrx_word' id='word_1_186' title='bbox 1482 439 1664 473; x_wconf 86' lang='lat' dir='ltr'><strong>perturbatio-</strong></span> 
     </span>
    </p>
   </div>
   <div class='ocr_carea' id='block_1_25' title="bbox 879 478 1664 517">
    <p class='ocr_par' dir='ltr' id='par_1_25' title="bbox 879 478 1664 517">
     <span class='ocr_line' id='line_1_25' title="bbox 879 478 1664 517; baseline 0.011 -12"><span class='ocrx_word' id='word_1_187' title='bbox 879 485 952 510; x_wconf 88' lang='lat' dir='ltr'><strong>nem,</strong></span> <span class='ocrx_word' id='word_1_188' title='bbox 970 478 1018 508; x_wconf 81' lang='lat' dir='ltr'><strong>sed</strong></span> <span class='ocrx_word' id='word_1_189' title='bbox 1033 479 1145 513; x_wconf 82' lang='lat' dir='ltr'><strong>perinde</strong></span> <span class='ocrx_word' id='word_1_190' title='bbox 1158 479 1196 507; x_wconf 85' lang='lat' dir='ltr'><strong>sit</strong></span> <span class='ocrx_word' id='word_1_191' title='bbox 1212 487 1244 508; x_wconf 88' lang='lat' dir='ltr'><strong>ac</strong></span> <span class='ocrx_word' id='word_1_192' title='bbox 1259 481 1282 508; x_wconf 88' lang='lat' dir='ltr'><strong>si</strong></span> <span class='ocrx_word' id='word_1_193' title='bbox 1296 489 1378 510; x_wconf 88' lang='lat' dir='ltr'><strong>carne</strong></span> <span class='ocrx_word' id='word_1_194' title='bbox 1388 488 1490 517; x_wconf 89' lang='lat' dir='ltr'><strong>careat,</strong></span> <span class='ocrx_word' id='word_1_195' title='bbox 1501 488 1530 512; x_wconf 90' lang='lat' dir='ltr'><strong>et</strong></span> <span class='ocrx_word' id='word_1_196' title='bbox 1542 486 1601 514; x_wconf 83' lang='lat' dir='ltr'><strong>sine</strong></span> <span class='ocrx_word' id='word_1_197' title='bbox 1613 486 1664 514; x_wconf 85' lang='lat' dir='ltr'><strong>hac</strong></span> 
     </span>
    </p>
   </div>
   <div class='ocr_carea' id='block_1_26' title="bbox 879 526 1663 565">
    <p class='ocr_par' dir='ltr' id='par_1_26' title="bbox 879 526 1663 565">
     <span class='ocr_line' id='line_1_26' title="bbox 879 526 1663 565; baseline 0.013 -15"><span class='ocrx_word' id='word_1_198' title='bbox 879 526 953 551; x_wconf 88' lang='lat' dir='ltr'><strong>terra</strong></span> <span class='ocrx_word' id='word_1_199' title='bbox 988 529 1100 552; x_wconf 86' lang='lat' dir='ltr'><strong>sanctus</strong></span> <span class='ocrx_word' id='word_1_200' title='bbox 1134 526 1262 554; x_wconf 78' lang='lat' dir='ltr'><strong>evaserit.</strong></span> <span class='ocrx_word' id='word_1_201' title='bbox 1289 526 1471 560; x_wconf 88' lang='lat' dir='ltr'><strong>Quamobrem</strong></span> <span class='ocrx_word' id='word_1_202' title='bbox 1497 530 1663 565; x_wconf 68' lang='lat' dir='ltr'><strong>ujustiﬁcati</strong></span> 
     </span>
    </p>
   </div>
   <div class='ocr_carea' id='block_1_27' title="bbox 878 569 1663 608">
    <p class='ocr_par' dir='ltr' id='par_1_27' title="bbox 878 569 1663 608">
     <span class='ocr_line' id='line_1_27' title="bbox 878 569 1663 608; baseline 0.011 -12"><span class='ocrx_word' id='word_1_203' title='bbox 878 569 973 600; x_wconf 68' lang='lat' dir='ltr'><strong>estis,»</strong></span> <span class='ocrx_word' id='word_1_204' title='bbox 990 569 1089 604; x_wconf 88' lang='lat' dir='ltr'><strong>inquit,</strong></span> <span class='ocrx_word' id='word_1_205' title='bbox 1107 578 1116 595; x_wconf 87' lang='grc'><strong>‹</strong></span> <span class='ocrx_word' id='word_1_206' title='bbox 1132 571 1240 598; x_wconf 90' lang='lat' dir='ltr'><strong>nomine</strong></span> <span class='ocrx_word' id='word_1_207' title='bbox 1253 571 1407 608; x_wconf 60' lang='lat' dir='ltr'><strong>Dominibp</strong></span> <span class='ocrx_word' id='word_1_208' title='bbox 1422 574 1486 602; x_wconf 81' lang='lat' dir='ltr'><strong>facti</strong></span> <span class='ocrx_word' id='word_1_209' title='bbox 1498 577 1613 608; x_wconf 85' lang='lat' dir='ltr'><strong>estis.ut</strong></span> <span class='ocrx_word' id='word_1_210' title='bbox 1625 578 1663 605; x_wconf 91' lang='lat' dir='ltr'><strong>ita</strong></span> 
     </span>
    </p>
   </div>
   <div class='ocr_carea' id='block_1_28' title="bbox 878 613 1662 655">
    <p class='ocr_par' dir='ltr' id='par_1_28' title="bbox 878 613 1662 655">
     <span class='ocr_line' id='line_1_28' title="bbox 878 613 1662 655; baseline 0.013 -14"><span class='ocrx_word' id='word_1_211' title='bbox 878 613 977 646; x_wconf 88' lang='lat' dir='ltr'><strong>dicam,</strong></span> <span class='ocrx_word' id='word_1_212' title='bbox 993 615 1028 642; x_wconf 86' lang='lat' dir='ltr'><strong>ab</strong></span> <span class='ocrx_word' id='word_1_213' title='bbox 1040 615 1098 650; x_wconf 91' lang='lat' dir='ltr'><strong>ipso</strong></span> <span class='ocrx_word' id='word_1_214' title='bbox 1112 615 1180 650; x_wconf 87' lang='lat' dir='ltr'><strong>justi</strong></span> <span class='ocrx_word' id='word_1_215' title='bbox 1197 616 1267 643; x_wconf 85' lang='lat' dir='ltr'><strong>sicut</strong></span> <span class='ocrx_word' id='word_1_216' title='bbox 1291 617 1368 652; x_wconf 84' lang='lat' dir='ltr'><strong>ipse:</strong></span> <span class='ocrx_word' id='word_1_217' title='bbox 1381 623 1409 646; x_wconf 91' lang='lat' dir='ltr'><strong>ct</strong></span> <span class='ocrx_word' id='word_1_218' title='bbox 1426 618 1539 655; x_wconf 88' lang='lat' dir='ltr'><strong>Spiritui</strong></span> <span class='ocrx_word' id='word_1_219' title='bbox 1554 626 1662 655; x_wconf 88' lang='lat' dir='ltr'><strong>sancto.</strong></span> 
     </span>
    </p>
   </div>
   <div class='ocr_carea' id='block_1_29' title="bbox 877 659 1661 701">
    <p class='ocr_par' dir='ltr' id='par_1_29' title="bbox 877 659 1661 701">
     <span class='ocr_line' id='line_1_29' title="bbox 877 659 1661 701; baseline 0.011 -15"><span class='ocrx_word' id='word_1_220' title='bbox 877 659 966 695; x_wconf 82' lang='lat' dir='ltr'><strong>quoad</strong></span> <span class='ocrx_word' id='word_1_221' title='bbox 982 659 1039 688; x_wconf 82' lang='lat' dir='ltr'><strong>ﬁeri</strong></span> <span class='ocrx_word' id='word_1_222' title='bbox 1055 661 1154 695; x_wconf 90' lang='lat' dir='ltr'><strong>potuit,</strong></span> <span class='ocrx_word' id='word_1_223' title='bbox 1175 661 1311 689; x_wconf 82' lang='lat' dir='ltr'><strong>commisti</strong></span> <span class='ocrx_word' id='word_1_224' title='bbox 1331 666 1358 690; x_wconf 88' lang='lat' dir='ltr'><strong>et</strong></span> <span class='ocrx_word' id='word_1_225' title='bbox 1374 665 1567 701; x_wconf 75' lang='lat' dir='ltr'><strong>contemperati</strong></span> <span class='ocrx_word' id='word_1_226' title='bbox 1584 668 1661 696; x_wconf 82' lang='lat' dir='ltr'><strong>estis.</strong></span> 
     </span>
    </p>
   </div>
   <div class='ocr_carea' id='block_1_30' title="bbox 877 704 1663 747">
    <p class='ocr_par' dir='ltr' id='par_1_30' title="bbox 877 704 1663 747">
     <span class='ocr_line' id='line_1_30' title="bbox 877 704 1663 747; baseline 0.011 -16"><span class='ocrx_word' id='word_1_227' title='bbox 877 704 919 731; x_wconf 83' lang='lat' dir='ltr'><strong>An</strong></span> <span class='ocrx_word' id='word_1_228' title='bbox 936 712 990 732; x_wconf 84' lang='lat' dir='ltr'><strong>non</strong></span> <span class='ocrx_word' id='word_1_229' title='bbox 1007 704 1079 732; x_wconf 90' lang='lat' dir='ltr'><strong>enim</strong></span> <span class='ocrx_word' id='word_1_230' title='bbox 1094 714 1103 731; x_wconf 80' lang='grc' dir='ltr'><strong>ι</strong></span> <span class='ocrx_word' id='word_1_231' title='bbox 1120 706 1212 732; x_wconf 80' lang='lat' dir='ltr'><strong>omnia</strong></span> <span class='ocrx_word' id='word_1_232' title='bbox 1232 707 1299 734; x_wconf 91' lang='lat' dir='ltr'><strong>mihi</strong></span> <span class='ocrx_word' id='word_1_233' title='bbox 1322 708 1420 736; x_wconf 86' lang='lat' dir='ltr'><strong>licent?</strong></span> <span class='ocrx_word' id='word_1_234' title='bbox 1434 709 1487 737; x_wconf 89' lang='lat' dir='ltr'><strong>Sed</strong></span> <span class='ocrx_word' id='word_1_235' title='bbox 1500 718 1555 738; x_wconf 92' lang='lat' dir='ltr'><strong>non</strong></span> <span class='ocrx_word' id='word_1_236' title='bbox 1573 711 1601 739; x_wconf 91' lang='lat' dir='ltr'><strong>in</strong></span> <span class='ocrx_word' id='word_1_237' title='bbox 1615 720 1663 747; x_wconf 86' lang='lat' dir='ltr'><strong>po-</strong></span> 
     </span>
    </p>
   </div>
   <div class='ocr_carea' id='block_1_31' title="bbox 877 751 1662 790">
    <p class='ocr_par' dir='ltr' id='par_1_31' title="bbox 877 751 1662 790">
     <span class='ocr_line' id='line_1_31' title="bbox 877 751 1662 790; baseline 0.013 -14"><span class='ocrx_word' id='word_1_238' title='bbox 877 753 1005 778; x_wconf 87' lang='lat' dir='ltr'><strong>testatem</strong></span> <span class='ocrx_word' id='word_1_239' title='bbox 1029 751 1140 787; x_wconf 71' lang='lat' dir='ltr'><strong>redigar</strong></span> <span class='ocrx_word' id='word_1_240' title='bbox 1149 756 1174 785; x_wconf 78' lang='grc' dir='ltr'><strong>ο,</strong></span> <span class='ocrx_word' id='word_1_241' title='bbox 1191 761 1200 777; x_wconf 83' lang='lat' dir='ltr'><strong>I</strong></span> <span class='ocrx_word' id='word_1_242' title='bbox 1223 751 1321 787; x_wconf 85' lang='lat' dir='ltr'><strong>inquit,</strong></span> <span class='ocrx_word' id='word_1_243' title='bbox 1338 757 1367 781; x_wconf 80' lang='lat' dir='ltr'><strong>ut</strong></span> <span class='ocrx_word' id='word_1_244' title='bbox 1390 755 1493 790; x_wconf 88' lang='lat' dir='ltr'><strong>aliquid</strong></span> <span class='ocrx_word' id='word_1_245' title='bbox 1510 756 1607 785; x_wconf 80' lang='lat' dir='ltr'><strong>faciam</strong></span> <span class='ocrx_word' id='word_1_246' title='bbox 1620 759 1662 786; x_wconf 89' lang='lat' dir='ltr'><strong>vel</strong></span> 
     </span>
    </p>
   </div>
   <div class='ocr_carea' id='block_1_32' title="bbox 876 797 1660 835">
    <p class='ocr_par' dir='ltr' id='par_1_32' title="bbox 876 797 1660 835">
     <span class='ocr_line' id='line_1_32' title="bbox 876 797 1660 835; baseline 0.008 -11"><span class='ocrx_word' id='word_1_247' title='bbox 876 797 1003 833; x_wconf 72' lang='lat' dir='ltr'><strong>cogitem,</strong></span> <span class='ocrx_word' id='word_1_248' title='bbox 1020 797 1064 825; x_wconf 85' lang='lat' dir='ltr'><strong>vel</strong></span> <span class='ocrx_word' id='word_1_249' title='bbox 1089 797 1186 833; x_wconf 87' lang='lat' dir='ltr'><strong>loquar</strong></span> <span class='ocrx_word' id='word_1_250' title='bbox 1207 803 1304 833; x_wconf 73' lang='lat' dir='ltr'><strong>praeter</strong></span> <span class='ocrx_word' id='word_1_251' title='bbox 1325 799 1511 835; x_wconf 74' lang='lat' dir='ltr'><strong>Evangelium.</strong></span> <span class='ocrx_word' id='word_1_252' title='bbox 1535 811 1545 828; x_wconf 78' lang='grc' dir='ltr'><strong>ι</strong></span> <span class='ocrx_word' id='word_1_253' title='bbox 1560 802 1637 830; x_wconf 69' lang='lat' dir='ltr'><strong>Escae</strong></span> <span class='ocrx_word' id='word_1_254' title='bbox 1650 813 1660 829; x_wconf 73' lang='grc' dir='ltr'><strong>ι</strong></span> 
     </span>
    </p>
   </div>
   <div class='ocr_carea' id='block_1_33' title="bbox 876 845 1659 883">
    <p class='ocr_par' dir='ltr' id='par_1_33' title="bbox 876 845 1659 883">
     <span class='ocr_line' id='line_1_33' title="bbox 876 845 1659 883; baseline 0.005 -13"><span class='ocrx_word' id='word_1_255' title='bbox 876 847 965 871; x_wconf 84' lang='lat' dir='ltr'><strong>autem</strong></span> <span class='ocrx_word' id='word_1_256' title='bbox 977 853 986 869; x_wconf 82' lang='grc' dir='ltr'><strong>ι</strong></span> <span class='ocrx_word' id='word_1_257' title='bbox 995 845 1092 878; x_wconf 89' lang='lat' dir='ltr'><strong>ventri,</strong></span> <span class='ocrx_word' id='word_1_258' title='bbox 1101 850 1127 872; x_wconf 90' lang='lat' dir='ltr'><strong>et</strong></span> <span class='ocrx_word' id='word_1_259' title='bbox 1135 850 1230 873; x_wconf 86' lang='lat' dir='ltr'><strong>venter</strong></span> <span class='ocrx_word' id='word_1_260' title='bbox 1237 848 1320 879; x_wconf 88' lang='lat' dir='ltr'><strong>escis,</strong></span> <span class='ocrx_word' id='word_1_261' title='bbox 1329 854 1398 883; x_wconf 90' lang='lat' dir='ltr'><strong>quas</strong></span> <span class='ocrx_word' id='word_1_262' title='bbox 1408 845 1478 875; x_wconf 87' lang='lat' dir='ltr'><strong>Deus</strong></span> <span class='ocrx_word' id='word_1_263' title='bbox 1489 847 1641 880; x_wconf 77' lang='lat' dir='ltr'><strong>destruetd,</strong></span> <span class='ocrx_word' id='word_1_264' title='bbox 1651 859 1659 874; x_wconf 71' lang='grc' dir='ltr'><strong>ι</strong></span> 
     </span>
    </p>
   </div>
   <div class='ocr_carea' id='block_1_34' title="bbox 65 886 825 930">
    <p class='ocr_par' dir='ltr' id='par_1_34' title="bbox 65 891 825 929">
     <span class='ocr_line' id='line_1_34' title="bbox 65 891 825 929; baseline 0.003 -11"><span class='ocrx_word' id='word_1_265' title='bbox 65 901 153 927; x_wconf 83' lang='grc' dir='ltr'>χοντας.</span> <span class='ocrx_word' id='word_1_266' title='bbox 165 893 216 919; x_wconf 73' lang='grc' dir='ltr'><strong>Καὶ</strong></span> <span class='ocrx_word' id='word_1_267' title='bbox 234 893 300 929; x_wconf 87' lang='grc' dir='ltr'>μήτι</span> <span class='ocrx_word' id='word_1_268' title='bbox 320 891 375 920; x_wconf 77' lang='grc' dir='ltr'>οἷον</span> <span class='ocrx_word' id='word_1_269' title='bbox 391 894 494 929; x_wconf 80' lang='grc' dir='ltr'><strong>σάρκας</strong></span> <span class='ocrx_word' id='word_1_270' title='bbox 508 892 576 921; x_wconf 75' lang='grc' dir='ltr'>εἶναι</span> <span class='ocrx_word' id='word_1_271' title='bbox 585 893 630 921; x_wconf 78' lang='grc' dir='ltr'><strong>τοῦ</strong></span> <span class='ocrx_word' id='word_1_272' title='bbox 644 894 721 928; x_wconf 82' lang='grc' dir='ltr'>ἁγίου</span> <span class='ocrx_word' id='word_1_273' title='bbox 735 893 825 929; x_wconf 85' lang='grc' dir='ltr'>σώμα-</span> 
     </span>
    </p>
   </div>
   <div class='ocr_carea' id='block_1_35' title="bbox 877 886 1662 930">
    <p class='ocr_par' dir='ltr' id='par_1_35' title="bbox 877 889 1662 930">
     <span class='ocr_line' id='line_1_35' title="bbox 877 889 1662 930; baseline 0.009 -14"><span class='ocrx_word' id='word_1_274' title='bbox 877 889 926 916; x_wconf 89' lang='lat' dir='ltr'><strong>hoc</strong></span> <span class='ocrx_word' id='word_1_275' title='bbox 937 894 978 918; x_wconf 85' lang='lat' dir='ltr'><strong>est</strong></span> <span class='ocrx_word' id='word_1_276' title='bbox 988 898 1035 918; x_wconf 89' lang='lat' dir='ltr'><strong>eos</strong></span> <span class='ocrx_word' id='word_1_277' title='bbox 1049 892 1095 926; x_wconf 92' lang='lat' dir='ltr'><strong>qui</strong></span> <span class='ocrx_word' id='word_1_278' title='bbox 1110 892 1150 919; x_wconf 89' lang='lat' dir='ltr'><strong>sic</strong></span> <span class='ocrx_word' id='word_1_279' title='bbox 1162 893 1283 928; x_wconf 78' lang='lat' dir='ltr'><strong>cogitant</strong></span> <span class='ocrx_word' id='word_1_280' title='bbox 1296 897 1323 921; x_wconf 92' lang='lat' dir='ltr'><strong>et</strong></span> <span class='ocrx_word' id='word_1_281' title='bbox 1335 893 1439 926; x_wconf 90' lang='lat' dir='ltr'><strong>vivunt,</strong></span> <span class='ocrx_word' id='word_1_282' title='bbox 1457 898 1587 930; x_wconf 86' lang='lat' dir='ltr'><strong>tanquam</strong></span> <span class='ocrx_word' id='word_1_283' title='bbox 1604 897 1662 924; x_wconf 84' lang='lat' dir='ltr'><strong>nati</strong></span> 
     </span>
    </p>
   </div>
   <div class='ocr_carea' id='block_1_36' title="bbox 64 939 824 977">
    <p class='ocr_par' dir='ltr' id='par_1_36' title="bbox 64 939 824 977">
     <span class='ocr_line' id='line_1_36' title="bbox 64 939 824 977; baseline 0 -11"><span class='ocrx_word' id='word_1_284' title='bbox 64 948 100 971; x_wconf 84' lang='grc' dir='ltr'><strong>τος</strong></span> <span class='ocrx_word' id='word_1_285' title='bbox 107 939 205 971; x_wconf 77' lang='grc' dir='ltr'>τούτους</span> <span class='ocrx_word' id='word_1_286' title='bbox 218 940 299 975; x_wconf 74' lang='grc' dir='ltr'>φησίς</span> <span class='ocrx_word' id='word_1_287' title='bbox 314 940 396 976; x_wconf 83' lang='grc' dir='ltr'><strong>Σῶμα</strong></span> <span class='ocrx_word' id='word_1_288' title='bbox 407 941 434 967; x_wconf 83' lang='grc' dir='ltr'><strong>δὲ</strong></span> <span class='ocrx_word' id='word_1_289' title='bbox 446 941 634 977; x_wconf 82' lang='grc' dir='ltr'>ἁλληγορεῖται</span> <span class='ocrx_word' id='word_1_290' title='bbox 647 941 663 976; x_wconf 86' lang='grc' dir='ltr'><strong>ή</strong></span> <span class='ocrx_word' id='word_1_291' title='bbox 680 940 824 976; x_wconf 77' lang='grc' dir='ltr'>Ἐκκλησία</span> 
     </span>
    </p>
   </div>
   <div class='ocr_carea' id='block_1_37' title="bbox 64 983 825 1022">
    <p class='ocr_par' dir='ltr' id='par_1_37' title="bbox 64 983 825 1022">
     <span class='ocr_line' id='line_1_37' title="bbox 64 983 825 1022; baseline 0 -10"><span class='ocrx_word' id='word_1_292' title='bbox 64 986 159 1022; x_wconf 76' lang='grc' dir='ltr'>Κυρίου,</span> <span class='ocrx_word' id='word_1_293' title='bbox 171 987 184 1012; x_wconf 87' lang='grc' dir='ltr'>ὁ</span> <span class='ocrx_word' id='word_1_294' title='bbox 200 987 381 1022; x_wconf 79' lang='grc' dir='ltr'>πνευματικὸς</span> <span class='ocrx_word' id='word_1_295' title='bbox 397 988 445 1013; x_wconf 77' lang='grc' dir='ltr'><strong>καὶ</strong></span> <span class='ocrx_word' id='word_1_296' title='bbox 461 987 537 1020; x_wconf 71' lang='grc' dir='ltr'>ἅγιος</span> <span class='ocrx_word' id='word_1_297' title='bbox 549 987 641 1022; x_wconf 77' lang='grc' dir='ltr'>χορός¹</span> <span class='ocrx_word' id='word_1_298' title='bbox 660 986 689 1020; x_wconf 75' lang='grc' dir='ltr'><strong>ἐξ</strong></span> <span class='ocrx_word' id='word_1_299' title='bbox 706 983 743 1013; x_wconf 79' lang='grc' dir='ltr'>ὧν</span> <span class='ocrx_word' id='word_1_300' title='bbox 758 987 782 1013; x_wconf 89' lang='grc' dir='ltr'>οἱ</span> <span class='ocrx_word' id='word_1_301' title='bbox 795 986 825 1012; x_wconf 81' lang='grc' dir='ltr'>τὸ</span> 
     </span>
    </p>
   </div>
   <div class='ocr_carea' id='block_1_38' title="bbox 64 1031 826 1068">
    <p class='ocr_par' dir='ltr' id='par_1_38' title="bbox 64 1031 826 1068">
     <span class='ocr_line' id='line_1_38' title="bbox 64 1031 826 1068; baseline 0 -10"><span class='ocrx_word' id='word_1_302' title='bbox 64 1031 134 1067; x_wconf 75' lang='grc' dir='ltr'>ὄνομα</span> <span class='ocrx_word' id='word_1_303' title='bbox 148 1032 354 1068; x_wconf 78' lang='grc' dir='ltr'><strong>ἐπικεκλημένοι</strong></span> <span class='ocrx_word' id='word_1_304' title='bbox 372 1032 460 1068; x_wconf 87' lang='grc' dir='ltr'>μόνον,</span> <span class='ocrx_word' id='word_1_305' title='bbox 474 1032 593 1067; x_wconf 79' lang='grc' dir='ltr'>βιοῦντες</span> <span class='ocrx_word' id='word_1_306' title='bbox 608 1032 635 1059; x_wconf 82' lang='grc' dir='ltr'><strong>δὲ</strong></span> <span class='ocrx_word' id='word_1_307' title='bbox 652 1033 682 1059; x_wconf 83' lang='grc' dir='ltr'>οὺ</span> <span class='ocrx_word' id='word_1_308' title='bbox 698 1031 767 1059; x_wconf 83' lang='grc' dir='ltr'>κατὰ</span> <span class='ocrx_word' id='word_1_309' title='bbox 783 1031 826 1058; x_wconf 89' lang='grc' dir='ltr'>λό-</span> 
     </span>
    </p>
   </div>
   <div class='ocr_carea' id='block_1_39' title="bbox 63 1077 825 1114">
    <p class='ocr_par' dir='ltr' id='par_1_39' title="bbox 63 1077 825 1114">
     <span class='ocr_line' id='line_1_39' title="bbox 63 1077 825 1114; baseline 0.001 -11"><span class='ocrx_word' id='word_1_310' title='bbox 63 1085 109 1110; x_wconf 75' lang='grc' dir='ltr'>γον,</span> <span class='ocrx_word' id='word_1_311' title='bbox 123 1077 215 1113; x_wconf 78' lang='grc' dir='ltr'>σάρκες</span> <span class='ocrx_word' id='word_1_312' title='bbox 231 1079 295 1105; x_wconf 83' lang='grc' dir='ltr'>εἰσί.</span> <span class='ocrx_word' id='word_1_313' title='bbox 315 1088 324 1104; x_wconf 87' lang='grc'><strong>‹</strong></span> <span class='ocrx_word' id='word_1_314' title='bbox 337 1078 372 1105; x_wconf 74' lang='grc' dir='ltr'><strong>Τὸ</strong></span> <span class='ocrx_word' id='word_1_315' title='bbox 387 1078 416 1105; x_wconf 79' lang='grc' dir='ltr'><strong>δὲ</strong></span> <span class='ocrx_word' id='word_1_316' title='bbox 432 1078 510 1114; x_wconf 81' lang='grc' dir='ltr'>σῶμα</span> <span class='ocrx_word' id='word_1_317' title='bbox 521 1077 574 1113; x_wconf 74' lang='grc'>(62)</span> <span class='ocrx_word' id='word_1_318' title='bbox 592 1078 669 1104; x_wconf 74' lang='grc' dir='ltr'>τοῦτο</span> <span class='ocrx_word' id='word_1_319' title='bbox 682 1088 690 1103; x_wconf 79' lang='grc' dir='ltr'><strong>ι</strong></span> <span class='ocrx_word' id='word_1_320' title='bbox 707 1086 825 1112; x_wconf 84' lang='grc' dir='ltr'>πνευμα-</span> 
     </span>
    </p>
   </div>
   <div class='ocr_carea' id='block_1_40' title="bbox 63 1123 825 1160">
    <p class='ocr_par' dir='ltr' id='par_1_40' title="bbox 63 1123 825 1160">
     <span class='ocr_line' id='line_1_40' title="bbox 63 1123 825 1160; baseline 0.003 -12"><span class='ocrx_word' id='word_1_321' title='bbox 63 1123 133 1154; x_wconf 70' lang='grc' dir='ltr'>τιὶὼν,</span> <span class='ocrx_word' id='word_1_322' title='bbox 145 1124 277 1151; x_wconf 81' lang='grc' dir='ltr'>τουτέστιν</span> <span class='ocrx_word' id='word_1_323' title='bbox 302 1126 318 1160; x_wconf 89' lang='grc' dir='ltr'><strong>ή</strong></span> <span class='ocrx_word' id='word_1_324' title='bbox 342 1124 406 1159; x_wconf 84' lang='grc' dir='ltr'>ἁγία</span> <span class='ocrx_word' id='word_1_325' title='bbox 426 1124 581 1160; x_wconf 84' lang='grc' dir='ltr'>Ἐκκλησία,</span> <span class='ocrx_word' id='word_1_326' title='bbox 598 1124 628 1150; x_wconf 86' lang='grc' dir='ltr'>οὐ</span> <span class='ocrx_word' id='word_1_327' title='bbox 649 1125 681 1160; x_wconf 80' lang='grc' dir='ltr'><strong>τῇ</strong></span> <span class='ocrx_word' id='word_1_328' title='bbox 704 1123 825 1160; x_wconf 81' lang='grc' dir='ltr'>πορνείᾳ,</span> 
     </span>
    </p>
   </div>
   <div class='ocr_carea' id='block_1_41' title="bbox 64 1168 826 1206">
    <p class='ocr_par' dir='ltr' id='par_1_41' title="bbox 64 1168 826 1206">
     <span class='ocr_line' id='line_1_41' title="bbox 64 1168 826 1206; baseline 0.003 -12"><span class='ocrx_word' id='word_1_329' title='bbox 64 1168 112 1194; x_wconf 69' lang='grc' dir='ltr'><strong>οὐδὲ</strong></span> <span class='ocrx_word' id='word_1_330' title='bbox 128 1170 156 1205; x_wconf 81' lang='grc' dir='ltr'>τῇ</span> <span class='ocrx_word' id='word_1_331' title='bbox 177 1170 229 1197; x_wconf 82' lang='grc' dir='ltr'><strong>ἀπὸ</strong></span> <span class='ocrx_word' id='word_1_332' title='bbox 245 1170 292 1197; x_wconf 76' lang='grc' dir='ltr'><strong>τοῦ</strong></span> <span class='ocrx_word' id='word_1_333' title='bbox 310 1169 476 1204; x_wconf 76' lang='grc' dir='ltr'>Εὑαγγελίου</span> <span class='ocrx_word' id='word_1_334' title='bbox 494 1169 653 1201; x_wconf 80' lang='grc' dir='ltr'>ἀποστάσει,</span> <span class='ocrx_word' id='word_1_335' title='bbox 669 1169 688 1196; x_wconf 78' lang='grc' dir='ltr'>ἃ</span> <span class='ocrx_word' id='word_1_336' title='bbox 700 1170 767 1206; x_wconf 75' lang='grc' dir='ltr'>πρὸς</span> <span class='ocrx_word' id='word_1_337' title='bbox 782 1170 826 1196; x_wconf 75' lang='grc' dir='ltr'><strong>τὸν</strong></span> 
     </span>
    </p>
   </div>
   <div class='ocr_carea' id='block_1_42' title="bbox 63 1213 825 1253">
    <p class='ocr_par' dir='ltr' id='par_1_42' title="bbox 63 1213 825 1253">
     <span class='ocr_line' id='line_1_42' title="bbox 63 1213 825 1253; baseline 0.005 -13"><span class='ocrx_word' id='word_1_338' title='bbox 63 1213 152 1242; x_wconf 78' lang='grc' dir='ltr'>ὲθνικὺν</span> <span class='ocrx_word' id='word_1_339' title='bbox 167 1216 230 1251; x_wconf 82' lang='grc' dir='ltr'>βίον,</span> <span class='ocrx_word' id='word_1_340' title='bbox 239 1217 301 1244; x_wconf 85' lang='grc' dir='ltr'>κατ’</span> <span class='ocrx_word' id='word_1_341' title='bbox 309 1217 403 1244; x_wconf 80' lang='grc' dir='ltr'>οὐδένα</span> <span class='ocrx_word' id='word_1_342' title='bbox 412 1218 512 1253; x_wconf 85' lang='grc' dir='ltr'>τρόπον</span> <span class='ocrx_word' id='word_1_343' title='bbox 522 1217 575 1244; x_wconf 76' lang='grc' dir='ltr'><strong>οὐδ’</strong></span> <span class='ocrx_word' id='word_1_344' title='bbox 584 1218 657 1249; x_wconf 78' lang='grc' dir='ltr'>ὅπως</span> <span class='ocrx_word' id='word_1_345' title='bbox 667 1225 707 1249; x_wconf 87' lang='grc' dir='ltr'><strong>τις</strong></span> <span class='ocrx_word' id='word_1_346' title='bbox 717 1215 762 1244; x_wconf 82' lang='grc' dir='ltr'><strong>οὖν</strong></span> <span class='ocrx_word' id='word_1_347' title='bbox 771 1217 825 1253; x_wconf 79' lang='lat'>(65)</span> 
     </span>
    </p>
   </div>
   <div class='ocr_carea' id='block_1_43' title="bbox 63 1261 827 1299">
    <p class='ocr_par' dir='ltr' id='par_1_43' title="bbox 63 1261 827 1299">
     <span class='ocr_line' id='line_1_43' title="bbox 63 1261 827 1299; baseline 0.005 -13"><span class='ocrx_word' id='word_1_348' title='bbox 63 1261 204 1290; x_wconf 71' lang='lat' dir='ltr'><strong>olxstuwéov.</strong></span> <span class='ocrx_word' id='word_1_349' title='bbox 221 1263 352 1298; x_wconf 85' lang='grc' dir='ltr'>Πορνεύει</span> <span class='ocrx_word' id='word_1_350' title='bbox 369 1263 422 1299; x_wconf 87' lang='grc' dir='ltr'><strong>γὰρ</strong></span> <span class='ocrx_word' id='word_1_351' title='bbox 439 1264 478 1294; x_wconf 87' lang='grc' dir='ltr'><strong>είς</strong></span> <span class='ocrx_word' id='word_1_352' title='bbox 494 1264 543 1299; x_wconf 86' lang='grc' dir='ltr'><strong>τὴν</strong></span> <span class='ocrx_word' id='word_1_353' title='bbox 558 1263 719 1299; x_wconf 82' lang='grc' dir='ltr'>Ἐκκλησίαν</span> <span class='ocrx_word' id='word_1_354' title='bbox 736 1263 827 1290; x_wconf 76' lang='grc' dir='ltr'>καὶτὸ</span> 
     </span>
    </p>
   </div>
   <div class='ocr_carea' id='block_1_44' title="bbox 62 1306 826 1345">
    <p class='ocr_par' dir='ltr' id='par_1_44' title="bbox 62 1306 826 1345">
     <span class='ocr_line' id='line_1_44' title="bbox 62 1306 826 1345; baseline 0.004 -12"><span class='ocrx_word' id='word_1_355' title='bbox 62 1306 129 1334; x_wconf 81' lang='grc' dir='ltr'><strong>αὐτοῦ</strong></span> <span class='ocrx_word' id='word_1_356' title='bbox 145 1307 220 1343; x_wconf 83' lang='grc' dir='ltr'>σῶμα</span> <span class='ocrx_word' id='word_1_357' title='bbox 236 1310 250 1335; x_wconf 85' lang='grc' dir='ltr'><strong>ό</strong></span> <span class='ocrx_word' id='word_1_358' title='bbox 264 1308 379 1341; x_wconf 78' lang='grc' dir='ltr'>ἐθνικῶς</span> <span class='ocrx_word' id='word_1_359' title='bbox 396 1310 424 1335; x_wconf 85' lang='grc' dir='ltr'>ὲν</span> <span class='ocrx_word' id='word_1_360' title='bbox 447 1309 594 1345; x_wconf 66' lang='grc' dir='ltr'>Ἐκκλησία</span> <span class='ocrx_word' id='word_1_361' title='bbox 610 1309 826 1344; x_wconf 82' lang='grc' dir='ltr'>πολιτευόμενος,</span> 
     </span>
    </p>
   </div>
   <div class='ocr_carea' id='block_1_45' title="bbox 61 1351 827 1392">
    <p class='ocr_par' dir='ltr' id='par_1_45' title="bbox 61 1351 827 1392">
     <span class='ocr_line' id='line_1_45' title="bbox 61 1351 827 1392; baseline 0.005 -14"><span class='ocrx_word' id='word_1_362' title='bbox 61 1352 101 1378; x_wconf 82' lang='grc' dir='ltr'>εἰτ’</span> <span class='ocrx_word' id='word_1_363' title='bbox 115 1351 155 1380; x_wconf 78' lang='grc' dir='ltr'>οὖν</span> <span class='ocrx_word' id='word_1_364' title='bbox 169 1355 196 1381; x_wconf 85' lang='grc' dir='ltr'>ὲν</span> <span class='ocrx_word' id='word_1_365' title='bbox 211 1354 296 1390; x_wconf 78' lang='grc' dir='ltr'>ἔργῳ,</span> <span class='ocrx_word' id='word_1_366' title='bbox 314 1355 368 1381; x_wconf 86' lang='grc' dir='ltr'>είτε</span> <span class='ocrx_word' id='word_1_367' title='bbox 381 1355 428 1382; x_wconf 78' lang='grc' dir='ltr'>καὶ</span> <span class='ocrx_word' id='word_1_368' title='bbox 445 1356 474 1382; x_wconf 82' lang='grc' dir='ltr'>ὲν</span> <span class='ocrx_word' id='word_1_369' title='bbox 488 1354 570 1391; x_wconf 79' lang='grc' dir='ltr'>λόγῳ,</span> <span class='ocrx_word' id='word_1_370' title='bbox 587 1355 642 1382; x_wconf 81' lang='grc' dir='ltr'>εἴτε</span> <span class='ocrx_word' id='word_1_371' title='bbox 659 1355 706 1382; x_wconf 82' lang='grc' dir='ltr'>καὶ</span> <span class='ocrx_word' id='word_1_372' title='bbox 719 1356 748 1382; x_wconf 83' lang='grc' dir='ltr'>ὲν</span> <span class='ocrx_word' id='word_1_373' title='bbox 758 1355 827 1392; x_wconf 72' lang='grc' dir='ltr'>αὐτῇ</span> 
     </span>
    </p>
   </div>
   <div class='ocr_carea' id='block_1_46' title="bbox 60 1399 826 1438">
    <p class='ocr_par' dir='ltr' id='par_1_46' title="bbox 60 1399 826 1438">
     <span class='ocr_line' id='line_1_46' title="bbox 60 1399 826 1438; baseline 0.005 -14"><span class='ocrx_word' id='word_1_374' title='bbox 60 1399 86 1433; x_wconf 80' lang='grc' dir='ltr'><strong>τῇ</strong></span> <span class='ocrx_word' id='word_1_375' title='bbox 104 1399 193 1435; x_wconf 72' lang='grc' dir='ltr'>ἐννοίᾳ..</span> <span class='ocrx_word' id='word_1_376' title='bbox 202 1399 229 1426; x_wconf 84' lang='lat'><strong>&#39;0</strong></span> <span class='ocrx_word' id='word_1_377' title='bbox 251 1399 339 1436; x_wconf 79' lang='grc' dir='ltr'>ταύτῃ</span> <span class='ocrx_word' id='word_1_378' title='bbox 364 1410 373 1426; x_wconf 82' lang='grc' dir='ltr'><strong>ι</strong></span> <span class='ocrx_word' id='word_1_379' title='bbox 387 1401 555 1437; x_wconf 82' lang='grc' dir='ltr'>κολλώμενος</span> <span class='ocrx_word' id='word_1_380' title='bbox 697 1401 793 1438; x_wconf 81' lang='grc' dir='ltr'>πόρνῃ,</span> <span class='ocrx_word' id='word_1_381' title='bbox 814 1411 826 1428; x_wconf 77' lang='grc' dir='ltr'>ι</span> 
     </span>
    </p>
   </div>
   <div class='ocr_carea' id='block_1_47' title="bbox 59 1445 828 1483">
    <p class='ocr_par' dir='ltr' id='par_1_47' title="bbox 59 1445 828 1483">
     <span class='ocr_line' id='line_1_47' title="bbox 59 1445 828 1483; baseline 0.004 -12"><span class='ocrx_word' id='word_1_382' title='bbox 59 1445 85 1479; x_wconf 81' lang='grc' dir='ltr'><strong>τῇ</strong></span> <span class='ocrx_word' id='word_1_383' title='bbox 105 1446 172 1481; x_wconf 66' lang='grc' dir='ltr'>παρὰ</span> <span class='ocrx_word' id='word_1_384' title='bbox 193 1446 240 1481; x_wconf 79' lang='grc' dir='ltr'><strong>τὴν</strong></span> <span class='ocrx_word' id='word_1_385' title='bbox 264 1446 403 1483; x_wconf 85' lang='grc' dir='ltr'>Διαθήκην</span> <span class='ocrx_word' id='word_1_386' title='bbox 418 1446 624 1483; x_wconf 80' lang='grc' dir='ltr'>ὲνεργείᾳ,ᾶλλο</span> <span class='ocrx_word' id='word_1_387' title='bbox 639 1456 649 1472; x_wconf 74' lang='grc' dir='ltr'><strong>ι</strong></span> <span class='ocrx_word' id='word_1_388' title='bbox 665 1447 744 1482; x_wconf 81' lang='grc' dir='ltr'>σῶμα</span> <span class='ocrx_word' id='word_1_389' title='bbox 759 1457 768 1473; x_wconf 73' lang='grc' dir='ltr'><strong>ι</strong></span> <span class='ocrx_word' id='word_1_390' title='bbox 787 1447 828 1482; x_wconf 93' lang='grc' dir='ltr'>γί-</span> 
     </span>
    </p>
   </div>
   <div class='ocr_carea' id='block_1_48' title="bbox 60 1491 827 1529">
    <p class='ocr_par' dir='ltr' id='par_1_48' title="bbox 60 1491 827 1529">
     <span class='ocr_line' id='line_1_48' title="bbox 60 1491 827 1529; baseline 0.007 -14"><span class='ocrx_word' id='word_1_391' title='bbox 60 1497 131 1522; x_wconf 81' lang='grc' dir='ltr'>νεται,</span> <span class='ocrx_word' id='word_1_392' title='bbox 146 1491 192 1526; x_wconf 75' lang='grc' dir='ltr'><strong>οὐχ</strong></span> <span class='ocrx_word' id='word_1_393' title='bbox 208 1492 287 1526; x_wconf 77' lang='grc' dir='ltr'>ἅγιον</span> <span class='ocrx_word' id='word_1_394' title='bbox 307 1501 315 1518; x_wconf 85' lang='grc' dir='ltr'><strong>ι</strong></span> <span class='ocrx_word' id='word_1_395' title='bbox 331 1493 370 1524; x_wconf 85' lang='grc' dir='ltr'><strong>είς</strong></span> <span class='ocrx_word' id='word_1_396' title='bbox 388 1493 477 1529; x_wconf 79' lang='grc' dir='ltr'>σάρκα</span> <span class='ocrx_word' id='word_1_397' title='bbox 498 1493 572 1529; x_wconf 88' lang='grc' dir='ltr'>μίαν,</span> <span class='ocrx_word' id='word_1_398' title='bbox 587 1502 597 1519; x_wconf 74' lang='grc' dir='ltr'><strong>ι</strong></span> <span class='ocrx_word' id='word_1_399' title='bbox 615 1493 662 1520; x_wconf 79' lang='grc' dir='ltr'>καὶ</span> <span class='ocrx_word' id='word_1_400' title='bbox 684 1493 740 1528; x_wconf 84' lang='grc' dir='ltr'>βίον</span> <span class='ocrx_word' id='word_1_401' title='bbox 755 1493 827 1520; x_wconf 86' lang='grc' dir='ltr'>ὲονι-</span> 
     </span>
    </p>
   </div>
   <div class='ocr_carea' id='block_1_49' title="bbox 875 935 1663 972">
    <p class='ocr_par' dir='ltr' id='par_1_49' title="bbox 875 935 1663 972">
     <span class='ocr_line' id='line_1_49' title="bbox 875 935 1663 972; baseline 0.005 -8"><span class='ocrx_word' id='word_1_402' title='bbox 875 935 930 964; x_wconf 86' lang='lat' dir='ltr'><strong>sint</strong></span> <span class='ocrx_word' id='word_1_403' title='bbox 946 940 976 963; x_wconf 88' lang='lat' dir='ltr'><strong>ut</strong></span> <span class='ocrx_word' id='word_1_404' title='bbox 992 937 1144 972; x_wconf 81' lang='lat' dir='ltr'><strong>comedam,</strong></span> <span class='ocrx_word' id='word_1_405' title='bbox 1162 945 1218 965; x_wconf 92' lang='lat' dir='ltr'><strong>non</strong></span> <span class='ocrx_word' id='word_1_406' title='bbox 1248 942 1339 967; x_wconf 87' lang='lat' dir='ltr'><strong>autem</strong></span> <span class='ocrx_word' id='word_1_407' title='bbox 1359 939 1506 967; x_wconf 88' lang='lat' dir='ltr'><strong>comedunt</strong></span> <span class='ocrx_word' id='word_1_408' title='bbox 1522 943 1552 967; x_wconf 94' lang='lat' dir='ltr'><strong>ut</strong></span> <span class='ocrx_word' id='word_1_409' title='bbox 1567 940 1663 968; x_wconf 88' lang='lat' dir='ltr'><strong>vivant</strong></span> 
     </span>
    </p>
   </div>
   <div class='ocr_carea' id='block_1_50' title="bbox 874 984 1662 1022">
    <p class='ocr_par' dir='ltr' id='par_1_50' title="bbox 874 984 1662 1022">
     <span class='ocr_line' id='line_1_50' title="bbox 874 984 1662 1022; baseline 0.005 -11"><span class='ocrx_word' id='word_1_410' title='bbox 874 984 983 1019; x_wconf 86' lang='lat' dir='ltr'><strong>quidem</strong></span> <span class='ocrx_word' id='word_1_411' title='bbox 995 992 1043 1020; x_wconf 87' lang='lat' dir='ltr'><strong>per</strong></span> <span class='ocrx_word' id='word_1_412' title='bbox 1053 986 1285 1020; x_wconf 72' lang='lat' dir='ltr'><strong>consequentiam,</strong></span> <span class='ocrx_word' id='word_1_413' title='bbox 1298 987 1447 1022; x_wconf 78' lang='lat' dir='ltr'><strong>cognitioni</strong></span> <span class='ocrx_word' id='word_1_414' title='bbox 1462 990 1553 1014; x_wconf 83' lang='lat' dir='ltr'><strong>autem</strong></span> <span class='ocrx_word' id='word_1_415' title='bbox 1572 991 1662 1015; x_wconf 90' lang='lat' dir='ltr'><strong>atten-</strong></span> 
     </span>
    </p>
   </div>
   <div class='ocr_carea' id='block_1_51' title="bbox 875 1031 1662 1068">
    <p class='ocr_par' dir='ltr' id='par_1_51' title="bbox 875 1031 1662 1068">
     <span class='ocr_line' id='line_1_51' title="bbox 875 1031 1662 1068; baseline 0.001 -10"><span class='ocrx_word' id='word_1_416' title='bbox 875 1031 940 1058; x_wconf 83' lang='lat' dir='ltr'><strong>dant</strong></span> <span class='ocrx_word' id='word_1_417' title='bbox 951 1032 1148 1067; x_wconf 86' lang='lat' dir='ltr'><strong>principaliter.</strong></span> <span class='ocrx_word' id='word_1_418' title='bbox 1163 1032 1196 1060; x_wconf 86' lang='lat' dir='ltr'><strong>Et</strong></span> <span class='ocrx_word' id='word_1_419' title='bbox 1207 1033 1331 1068; x_wconf 91' lang='lat' dir='ltr'><strong>nunquid</strong></span> <span class='ocrx_word' id='word_1_420' title='bbox 1345 1040 1392 1061; x_wconf 88' lang='lat' dir='ltr'><strong>eos</strong></span> <span class='ocrx_word' id='word_1_421' title='bbox 1412 1041 1474 1062; x_wconf 83' lang='lat' dir='ltr'><strong>esse</strong></span> <span class='ocrx_word' id='word_1_422' title='bbox 1499 1033 1566 1061; x_wconf 90' lang='lat' dir='ltr'><strong>dicit</strong></span> <span class='ocrx_word' id='word_1_423' title='bbox 1577 1033 1662 1062; x_wconf 85' lang='lat' dir='ltr'><strong>veluti</strong></span> 
     </span>
    </p>
   </div>
   <div class='ocr_carea' id='block_1_52' title="bbox 875 1077 1663 1116">
    <p class='ocr_par' dir='ltr' id='par_1_52' title="bbox 875 1077 1663 1116">
     <span class='ocr_line' id='line_1_52' title="bbox 875 1077 1663 1116; baseline 0.004 -12"><span class='ocrx_word' id='word_1_424' title='bbox 875 1085 971 1105; x_wconf 75' lang='lat' dir='ltr'><strong>carnes</strong></span> <span class='ocrx_word' id='word_1_425' title='bbox 998 1077 1086 1105; x_wconf 79' lang='lat' dir='ltr'><strong>sancti</strong></span> <span class='ocrx_word' id='word_1_426' title='bbox 1113 1079 1257 1113; x_wconf 87' lang='lat' dir='ltr'><strong>corporis?</strong></span> <span class='ocrx_word' id='word_1_427' title='bbox 1272 1078 1379 1114; x_wconf 87' lang='lat' dir='ltr'><strong>Corpus</strong></span> <span class='ocrx_word' id='word_1_428' title='bbox 1401 1083 1491 1107; x_wconf 86' lang='lat' dir='ltr'><strong>autem</strong></span> <span class='ocrx_word' id='word_1_429' title='bbox 1518 1079 1663 1116; x_wconf 77' lang='lat' dir='ltr'><strong>allegorice</strong></span> 
     </span>
    </p>
   </div>
   <div class='ocr_carea' id='block_1_53' title="bbox 875 1123 1663 1160">
    <p class='ocr_par' dir='ltr' id='par_1_53' title="bbox 875 1123 1663 1160">
     <span class='ocr_line' id='line_1_53' title="bbox 875 1123 1663 1160; baseline 0.005 -10"><span class='ocrx_word' id='word_1_430' title='bbox 875 1123 975 1150; x_wconf 90' lang='lat' dir='ltr'><strong>dicitur</strong></span> <span class='ocrx_word' id='word_1_431' title='bbox 991 1123 1098 1151; x_wconf 88' lang='lat' dir='ltr'><strong>Domini</strong></span> <span class='ocrx_word' id='word_1_432' title='bbox 1117 1124 1249 1157; x_wconf 82' lang='lat' dir='ltr'><strong>Ecclesia,</strong></span> <span class='ocrx_word' id='word_1_433' title='bbox 1268 1124 1400 1160; x_wconf 84' lang='lat' dir='ltr'><strong>spiritalis</strong></span> <span class='ocrx_word' id='word_1_434' title='bbox 1416 1128 1443 1152; x_wconf 86' lang='lat' dir='ltr'><strong>et</strong></span> <span class='ocrx_word' id='word_1_435' title='bbox 1464 1129 1576 1154; x_wconf 82' lang='lat' dir='ltr'><strong>sanctus</strong></span> <span class='ocrx_word' id='word_1_436' title='bbox 1594 1126 1663 1154; x_wconf 88' lang='lat' dir='ltr'><strong>cbo-</strong></span> 
     </span>
    </p>
   </div>
   <div class='ocr_carea' id='block_1_54' title="bbox 876 1168 1661 1204">
    <p class='ocr_par' dir='ltr' id='par_1_54' title="bbox 876 1168 1661 1204">
     <span class='ocr_line' id='line_1_54' title="bbox 876 1168 1661 1204; baseline 0.005 -9"><span class='ocrx_word' id='word_1_437' title='bbox 876 1175 933 1200; x_wconf 84' lang='lat' dir='ltr'><strong>rus,</strong></span> <span class='ocrx_word' id='word_1_438' title='bbox 947 1176 981 1195; x_wconf 75' lang='lat' dir='ltr'><strong>ex</strong></span> <span class='ocrx_word' id='word_1_439' title='bbox 999 1168 1099 1203; x_wconf 87' lang='lat' dir='ltr'><strong>quibus</strong></span> <span class='ocrx_word' id='word_1_440' title='bbox 1123 1169 1141 1196; x_wconf 90' lang='lat' dir='ltr'><strong>ii</strong></span> <span class='ocrx_word' id='word_1_441' title='bbox 1160 1170 1207 1204; x_wconf 89' lang='lat' dir='ltr'><strong>qui</strong></span> <span class='ocrx_word' id='word_1_442' title='bbox 1230 1170 1289 1198; x_wconf 91' lang='lat' dir='ltr'><strong>solo</strong></span> <span class='ocrx_word' id='word_1_443' title='bbox 1311 1174 1442 1198; x_wconf 81' lang='lat' dir='ltr'><strong>vocantur</strong></span> <span class='ocrx_word' id='word_1_444' title='bbox 1464 1171 1584 1204; x_wconf 89' lang='lat' dir='ltr'><strong>nomine,</strong></span> <span class='ocrx_word' id='word_1_445' title='bbox 1606 1179 1661 1199; x_wconf 87' lang='lat' dir='ltr'><strong>non</strong></span> 
     </span>
    </p>
   </div>
   <div class='ocr_carea' id='block_1_55' title="bbox 877 1214 1660 1248">
    <p class='ocr_par' dir='ltr' id='par_1_55' title="bbox 877 1214 1660 1248">
     <span class='ocr_line' id='line_1_55' title="bbox 877 1214 1660 1248; baseline 0.004 -8"><span class='ocrx_word' id='word_1_446' title='bbox 877 1218 966 1241; x_wconf 82' lang='lat' dir='ltr'><strong>autem</strong></span> <span class='ocrx_word' id='word_1_447' title='bbox 977 1214 1072 1241; x_wconf 85' lang='lat' dir='ltr'><strong>vivunt</strong></span> <span class='ocrx_word' id='word_1_448' title='bbox 1086 1222 1119 1242; x_wconf 80' lang='lat' dir='ltr'><strong>ex</strong></span> <span class='ocrx_word' id='word_1_449' title='bbox 1131 1216 1247 1248; x_wconf 88' lang='lat' dir='ltr'><strong>ratione,</strong></span> <span class='ocrx_word' id='word_1_450' title='bbox 1261 1219 1325 1243; x_wconf 88' lang='lat' dir='ltr'><strong>sunt</strong></span> <span class='ocrx_word' id='word_1_451' title='bbox 1347 1223 1455 1244; x_wconf 88' lang='lat' dir='ltr'><strong>carnes.</strong></span> <span class='ocrx_word' id='word_1_452' title='bbox 1471 1225 1481 1242; x_wconf 80' lang='grc' dir='ltr'><strong>ι</strong></span> <span class='ocrx_word' id='word_1_453' title='bbox 1491 1215 1548 1245; x_wconf 81' lang='lat' dir='ltr'><strong>Hoc</strong></span> <span class='ocrx_word' id='word_1_454' title='bbox 1570 1220 1660 1244; x_wconf 84' lang='lat' dir='ltr'><strong>autem</strong></span> 
     </span>
    </p>
   </div>
   <div class='ocr_carea' id='block_1_56' title="bbox 877 1260 1661 1298">
    <p class='ocr_par' dir='ltr' id='par_1_56' title="bbox 877 1260 1661 1298">
     <span class='ocr_line' id='line_1_56' title="bbox 877 1260 1661 1298; baseline 0.006 -12"><span class='ocrx_word' id='word_1_455' title='bbox 877 1266 976 1294; x_wconf 86' lang='lat' dir='ltr'><strong>corpus</strong></span> <span class='ocrx_word' id='word_1_456' title='bbox 991 1269 1000 1286; x_wconf 69' lang='grc' dir='ltr'><strong>ι</strong></span> <span class='ocrx_word' id='word_1_457' title='bbox 1024 1260 1158 1295; x_wconf 85' lang='lat' dir='ltr'><strong>spiritale,</strong></span> <span class='ocrx_word' id='word_1_458' title='bbox 1174 1260 1227 1289; x_wconf 87' lang='lat' dir='ltr'><strong>hoc</strong></span> <span class='ocrx_word' id='word_1_459' title='bbox 1249 1264 1292 1289; x_wconf 88' lang='lat' dir='ltr'><strong>cst</strong></span> <span class='ocrx_word' id='word_1_460' title='bbox 1313 1266 1407 1290; x_wconf 85' lang='lat' dir='ltr'><strong>sancta</strong></span> <span class='ocrx_word' id='word_1_461' title='bbox 1418 1261 1551 1295; x_wconf 82' lang='lat' dir='ltr'><strong>Ecclesia,</strong></span> <span class='ocrx_word' id='word_1_462' title='bbox 1572 1270 1661 1298; x_wconf 78' lang='lat' dir='ltr'><strong>neque</strong></span> 
     </span>
    </p>
   </div>
   <div class='ocr_carea' id='block_1_57' title="bbox 877 1305 1659 1343">
    <p class='ocr_par' dir='ltr' id='par_1_57' title="bbox 877 1305 1659 1343">
     <span class='ocr_line' id='line_1_57' title="bbox 877 1305 1659 1343; baseline 0.005 -11"><span class='ocrx_word' id='word_1_463' title='bbox 877 1312 940 1333; x_wconf 89' lang='lat' dir='ltr'><strong>cum</strong></span> <span class='ocrx_word' id='word_1_464' title='bbox 952 1315 961 1332; x_wconf 79' lang='grc' dir='ltr'><strong>ι</strong></span> <span class='ocrx_word' id='word_1_465' title='bbox 975 1305 1166 1339; x_wconf 79' lang='lat' dir='ltr'><strong>fornicatione,</strong></span> <span class='ocrx_word' id='word_1_466' title='bbox 1177 1315 1186 1332; x_wconf 86' lang='grc'><strong>›</strong></span> <span class='ocrx_word' id='word_1_467' title='bbox 1196 1314 1285 1342; x_wconf 85' lang='lat' dir='ltr'><strong>neque</strong></span> <span class='ocrx_word' id='word_1_468' title='bbox 1295 1307 1329 1334; x_wconf 88' lang='lat' dir='ltr'><strong>ab</strong></span> <span class='ocrx_word' id='word_1_469' title='bbox 1340 1306 1486 1343; x_wconf 78' lang='lat' dir='ltr'><strong>Evangelio</strong></span> <span class='ocrx_word' id='word_1_470' title='bbox 1496 1307 1659 1340; x_wconf 81' lang='lat' dir='ltr'><strong>defectione.</strong></span> 
     </span>
    </p>
   </div>
   <div class='ocr_carea' id='block_1_58' title="bbox 877 1350 1660 1387">
    <p class='ocr_par' dir='ltr' id='par_1_58' title="bbox 877 1350 1660 1387">
     <span class='ocr_line' id='line_1_58' title="bbox 877 1350 1660 1387; baseline 0.005 -10"><span class='ocrx_word' id='word_1_471' title='bbox 877 1357 938 1385; x_wconf 69' lang='lat' dir='ltr'><strong>qua:</strong></span> <span class='ocrx_word' id='word_1_472' title='bbox 949 1350 1045 1378; x_wconf 88' lang='lat' dir='ltr'><strong>decent</strong></span> <span class='ocrx_word' id='word_1_473' title='bbox 1059 1351 1142 1378; x_wconf 86' lang='lat' dir='ltr'><strong>vitam</strong></span> <span class='ocrx_word' id='word_1_474' title='bbox 1156 1351 1295 1387; x_wconf 77' lang='lat' dir='ltr'><strong>gentilem,</strong></span> <span class='ocrx_word' id='word_1_475' title='bbox 1311 1352 1366 1379; x_wconf 93' lang='lat' dir='ltr'><strong>ullo</strong></span> <span class='ocrx_word' id='word_1_476' title='bbox 1382 1352 1462 1380; x_wconf 87' lang='lat' dir='ltr'><strong>modo</strong></span> <span class='ocrx_word' id='word_1_477' title='bbox 1472 1356 1580 1387; x_wconf 78' lang='lat' dir='ltr'><strong>oportet</strong></span> <span class='ocrx_word' id='word_1_478' title='bbox 1591 1353 1660 1381; x_wconf 84' lang='lat' dir='ltr'><strong>inire</strong></span> 
     </span>
    </p>
   </div>
   <div class='ocr_carea' id='block_1_59' title="bbox 878 1395 1659 1427">
    <p class='ocr_par' dir='ltr' id='par_1_59' title="bbox 878 1395 1659 1427">
     <span class='ocr_line' id='line_1_59' title="bbox 878 1395 1659 1427; baseline 0.004 -4"><span class='ocrx_word' id='word_1_479' title='bbox 878 1396 1111 1425; x_wconf 80' lang='lat' dir='ltr'><strong>consuetudinem.</strong></span> <span class='ocrx_word' id='word_1_480' title='bbox 1139 1395 1301 1425; x_wconf 84' lang='lat' dir='ltr'><strong>Fornicatur</strong></span> <span class='ocrx_word' id='word_1_481' title='bbox 1329 1397 1403 1425; x_wconf 89' lang='lat' dir='ltr'><strong>enim</strong></span> <span class='ocrx_word' id='word_1_482' title='bbox 1432 1398 1460 1425; x_wconf 90' lang='lat' dir='ltr'><strong>in</strong></span> <span class='ocrx_word' id='word_1_483' title='bbox 1485 1397 1634 1426; x_wconf 77' lang='lat' dir='ltr'><strong>Ecciesiam</strong></span> <span class='ocrx_word' id='word_1_484' title='bbox 1651 1418 1659 1427; x_wconf 86' lang='lat'><strong>.</strong></span> 
     </span>
    </p>
   </div>
   <div class='ocr_carea' id='block_1_60' title="bbox 877 1443 1659 1478">
    <p class='ocr_par' dir='ltr' id='par_1_60' title="bbox 877 1443 1659 1478">
     <span class='ocr_line' id='line_1_60' title="bbox 877 1443 1659 1478; baseline 0.003 -9"><span class='ocrx_word' id='word_1_485' title='bbox 877 1449 1011 1477; x_wconf 88' lang='lat' dir='ltr'><strong>suumque</strong></span> <span class='ocrx_word' id='word_1_486' title='bbox 1027 1449 1137 1478; x_wconf 89' lang='lat' dir='ltr'><strong>corpus,</strong></span> <span class='ocrx_word' id='word_1_487' title='bbox 1152 1443 1176 1471; x_wconf 91' lang='lat' dir='ltr'><strong>is</strong></span> <span class='ocrx_word' id='word_1_488' title='bbox 1192 1443 1238 1478; x_wconf 89' lang='lat' dir='ltr'><strong>qui</strong></span> <span class='ocrx_word' id='word_1_489' title='bbox 1252 1443 1388 1478; x_wconf 78' lang='lat' dir='ltr'><strong>gentiliter</strong></span> <span class='ocrx_word' id='word_1_490' title='bbox 1403 1443 1472 1471; x_wconf 75' lang='lat' dir='ltr'><strong>vivit</strong></span> <span class='ocrx_word' id='word_1_491' title='bbox 1491 1443 1520 1471; x_wconf 94' lang='lat' dir='ltr'><strong>in</strong></span> <span class='ocrx_word' id='word_1_492' title='bbox 1538 1443 1659 1472; x_wconf 84' lang='lat' dir='ltr'><strong>Ecclesia</strong></span> 
     </span>
    </p>
   </div>
   <div class='ocr_carea' id='block_1_61' title="bbox 878 1488 1658 1526">
    <p class='ocr_par' dir='ltr' id='par_1_61' title="bbox 878 1488 1658 1526">
     <span class='ocr_line' id='line_1_61' title="bbox 878 1488 1658 1526; baseline 0.003 -10"><span class='ocrx_word' id='word_1_493' title='bbox 878 1488 935 1517; x_wconf 86' lang='lat' dir='ltr'><strong>sive</strong></span> <span class='ocrx_word' id='word_1_494' title='bbox 948 1488 1030 1521; x_wconf 80' lang='lat' dir='ltr'><strong>facto,</strong></span> <span class='ocrx_word' id='word_1_495' title='bbox 1044 1489 1101 1517; x_wconf 85' lang='lat' dir='ltr'><strong>sive</strong></span> <span class='ocrx_word' id='word_1_496' title='bbox 1121 1489 1216 1522; x_wconf 87' lang='lat' dir='ltr'><strong>verbo,</strong></span> <span class='ocrx_word' id='word_1_497' title='bbox 1232 1489 1289 1517; x_wconf 88' lang='lat' dir='ltr'><strong>sive</strong></span> <span class='ocrx_word' id='word_1_498' title='bbox 1304 1489 1386 1517; x_wconf 88' lang='lat' dir='ltr'><strong>etiam</strong></span> <span class='ocrx_word' id='word_1_499' title='bbox 1408 1489 1467 1525; x_wconf 86' lang='lat' dir='ltr'><strong>ipsa</strong></span> <span class='ocrx_word' id='word_1_500' title='bbox 1485 1490 1658 1526; x_wconf 75' lang='lat' dir='ltr'><strong>cogitatione.</strong></span> 
     </span>
    </p>
   </div>
   <div class='ocr_carea' id='block_1_62' title="bbox 59 1534 825 1582">
    <p class='ocr_par' dir='ltr' id='par_1_62' title="bbox 59 1534 825 1574">
     <span class='ocr_line' id='line_1_62' title="bbox 59 1534 825 1574; baseline 0.004 -12"><span class='ocrx_word' id='word_1_501' title='bbox 59 1534 106 1567; x_wconf 75' lang='grc' dir='ltr'>κδν,</span> <span class='ocrx_word' id='word_1_502' title='bbox 120 1537 163 1563; x_wconf 80' lang='grc' dir='ltr'>καὶ</span> <span class='ocrx_word' id='word_1_503' title='bbox 187 1537 269 1574; x_wconf 79' lang='grc' dir='ltr'>ἄλλην</span> <span class='ocrx_word' id='word_1_504' title='bbox 297 1538 391 1566; x_wconf 78' lang='grc' dir='ltr'>ἐλπίδα</span> <span class='ocrx_word' id='word_1_505' title='bbox 408 1538 478 1574; x_wconf 78' lang='grc'>(65)”</span> <span class='ocrx_word' id='word_1_506' title='bbox 500 1548 509 1564; x_wconf 78' lang='lat' dir='ltr'><strong>t</strong></span> <span class='ocrx_word' id='word_1_507' title='bbox 523 1540 537 1565; x_wconf 86' lang='grc' dir='ltr'>ὁ</span> <span class='ocrx_word' id='word_1_508' title='bbox 561 1539 589 1565; x_wconf 79' lang='grc' dir='ltr'><strong>δὲ</strong></span> <span class='ocrx_word' id='word_1_509' title='bbox 606 1538 774 1573; x_wconf 84' lang='grc' dir='ltr'>κολλώμενος</span> <span class='ocrx_word' id='word_1_510' title='bbox 789 1539 825 1574; x_wconf 78' lang='grc' dir='ltr'>τῷ</span> 
     </span>
    </p>
   </div>
   <div class='ocr_carea' id='block_1_63' title="bbox 877 1534 1660 1582">
    <p class='ocr_par' dir='ltr' id='par_1_63' title="bbox 881 1534 1660 1571">
     <span class='ocr_line' id='line_1_63' title="bbox 881 1534 1660 1571; baseline 0.005 -11"><span class='ocrx_word' id='word_1_511' title='bbox 881 1543 890 1560; x_wconf 78' lang='grc' dir='ltr'><strong>ι</strong></span> <span class='ocrx_word' id='word_1_512' title='bbox 909 1534 961 1568; x_wconf 86' lang='lat' dir='ltr'><strong>Qui</strong></span> <span class='ocrx_word' id='word_1_513' title='bbox 974 1544 984 1559; x_wconf 75' lang='grc' dir='ltr'><strong>ι</strong></span> <span class='ocrx_word' id='word_1_514' title='bbox 1000 1534 1064 1562; x_wconf 87' lang='lat' dir='ltr'><strong>huic</strong></span> <span class='ocrx_word' id='word_1_515' title='bbox 1081 1543 1091 1560; x_wconf 75' lang='grc' dir='ltr'><strong>ι</strong></span> <span class='ocrx_word' id='word_1_516' title='bbox 1107 1535 1225 1563; x_wconf 70' lang='lat' dir='ltr'><strong>adbazret</strong></span> <span class='ocrx_word' id='word_1_517' title='bbox 1241 1535 1390 1568; x_wconf 86' lang='lat' dir='ltr'><strong>meretrici,</strong></span> <span class='ocrx_word' id='word_1_518' title='bbox 1403 1545 1414 1562; x_wconf 70' lang='grc' dir='ltr'><strong>ο</strong></span> <span class='ocrx_word' id='word_1_519' title='bbox 1430 1535 1482 1563; x_wconf 84' lang='lat' dir='ltr'><strong>hoc</strong></span> <span class='ocrx_word' id='word_1_520' title='bbox 1502 1540 1544 1564; x_wconf 90' lang='lat' dir='ltr'><strong>est</strong></span> <span class='ocrx_word' id='word_1_521' title='bbox 1565 1543 1660 1571; x_wconf 83' lang='lat' dir='ltr'><strong>opera-</strong></span> 
     </span>
    </p>
   </div>
   <div class='ocr_carea' id='block_1_64' title="bbox 60 1580 827 1620">
    <p class='ocr_par' dir='ltr' id='par_1_64' title="bbox 60 1580 827 1620">
     <span class='ocr_line' id='line_1_64' title="bbox 60 1580 827 1620; baseline 0.003 -13"><span class='ocrx_word' id='word_1_522' title='bbox 60 1580 152 1617; x_wconf 78' lang='grc' dir='ltr'>Κυρίῳι</span> <span class='ocrx_word' id='word_1_523' title='bbox 170 1584 197 1610; x_wconf 79' lang='grc' dir='ltr'>ὲν</span> <span class='ocrx_word' id='word_1_524' title='bbox 212 1583 378 1620; x_wconf 71' lang='grc' dir='ltr'>(πνεύματι)</span> <span class='ocrx_word' id='word_1_525' title='bbox 396 1584 579 1619; x_wconf 81' lang='grc' dir='ltr'>πνευματικὸν</span> <span class='ocrx_word' id='word_1_526' title='bbox 596 1583 674 1619; x_wconf 80' lang='grc' dir='ltr'>σῶμα</span> <span class='ocrx_word' id='word_1_527' title='bbox 691 1583 720 1610; x_wconf 81' lang='grc' dir='ltr'>τὸ</span> <span class='ocrx_word' id='word_1_528' title='bbox 736 1583 827 1617; x_wconf 86' lang='grc' dir='ltr'>διάφο-</span> 
     </span>
    </p>
   </div>
   <div class='ocr_carea' id='block_1_65' title="bbox 61 1626 827 1664">
    <p class='ocr_par' dir='ltr' id='par_1_65' title="bbox 61 1626 827 1664">
     <span class='ocr_line' id='line_1_65' title="bbox 61 1626 827 1664; baseline 0.001 -11"><span class='ocrx_word' id='word_1_529' title='bbox 61 1635 98 1661; x_wconf 80' lang='grc' dir='ltr'><strong>ρον</strong></span> <span class='ocrx_word' id='word_1_530' title='bbox 116 1628 159 1663; x_wconf 74' lang='grc' dir='ltr'><strong>τῆς</strong></span> <span class='ocrx_word' id='word_1_531' title='bbox 179 1629 289 1656; x_wconf 63' lang='grc' dir='ltr'>συνόδου</span> <span class='ocrx_word' id='word_1_532' title='bbox 305 1629 397 1663; x_wconf 81' lang='grc' dir='ltr'>γένος·</span> <span class='ocrx_word' id='word_1_533' title='bbox 412 1629 467 1661; x_wconf 84' lang='grc' dir='ltr'>υἱὸς</span> <span class='ocrx_word' id='word_1_534' title='bbox 486 1626 563 1661; x_wconf 71' lang='grc' dir='ltr'>οὗτος</span> <span class='ocrx_word' id='word_1_535' title='bbox 586 1629 668 1661; x_wconf 75' lang='grc' dir='ltr'>ἅπας,</span> <span class='ocrx_word' id='word_1_536' title='bbox 685 1628 827 1664; x_wconf 77' lang='grc' dir='ltr'>ἄνθρωπος</span> 
     </span>
    </p>
   </div>
   <div class='ocr_carea' id='block_1_66' title="bbox 60 1672 827 1710">
    <p class='ocr_par' dir='ltr' id='par_1_66' title="bbox 60 1672 827 1710">
     <span class='ocr_line' id='line_1_66' title="bbox 60 1672 827 1710; baseline 0.003 -12"><span class='ocrx_word' id='word_1_537' title='bbox 60 1672 132 1706; x_wconf 82' lang='grc' dir='ltr'>ἆγιος,</span> <span class='ocrx_word' id='word_1_538' title='bbox 153 1675 267 1710; x_wconf 80' lang='grc' dir='ltr'>ἀπαθὴς,</span> <span class='ocrx_word' id='word_1_539' title='bbox 287 1675 444 1709; x_wconf 81' lang='grc' dir='ltr'>γνωστικδς,</span> <span class='ocrx_word' id='word_1_540' title='bbox 461 1675 572 1706; x_wconf 82' lang='grc' dir='ltr'>τέλειος,</span> <span class='ocrx_word' id='word_1_541' title='bbox 593 1674 778 1710; x_wconf 72' lang='grc' dir='ltr'>μορφούμενος</span> <span class='ocrx_word' id='word_1_542' title='bbox 793 1675 827 1709; x_wconf 84' lang='grc' dir='ltr'><strong>τῇ</strong></span> 
     </span>
    </p>
   </div>
   <div class='ocr_carea' id='block_1_67' title="bbox 58 1718 825 1756">
    <p class='ocr_par' dir='ltr' id='par_1_67' title="bbox 58 1718 825 1756">
     <span class='ocr_line' id='line_1_67' title="bbox 58 1718 825 1756; baseline 0.003 -13"><span class='ocrx_word' id='word_1_543' title='bbox 58 1718 96 1744; x_wconf 75' lang='grc' dir='ltr'><strong>τοῦ</strong></span> <span class='ocrx_word' id='word_1_544' title='bbox 110 1720 205 1755; x_wconf 83' lang='grc' dir='ltr'>Κυρίου</span> <span class='ocrx_word' id='word_1_545' title='bbox 222 1720 391 1756; x_wconf 74' lang='grc' dir='ltr'>διδασκαλίᾳ,</span> <span class='ocrx_word' id='word_1_546' title='bbox 409 1721 452 1748; x_wconf 82' lang='grc' dir='ltr'>ἵνα</span> <span class='ocrx_word' id='word_1_547' title='bbox 466 1721 505 1753; x_wconf 80' lang='grc' dir='ltr'>δὲ,</span> <span class='ocrx_word' id='word_1_548' title='bbox 524 1720 570 1747; x_wconf 66' lang='grc' dir='ltr'><strong>καὶ</strong></span> <span class='ocrx_word' id='word_1_549' title='bbox 586 1720 668 1756; x_wconf 76' lang='grc' dir='ltr'>ἔργῳ,</span> <span class='ocrx_word' id='word_1_550' title='bbox 682 1719 730 1746; x_wconf 76' lang='grc' dir='ltr'>καὶ</span> <span class='ocrx_word' id='word_1_551' title='bbox 745 1719 825 1755; x_wconf 83' lang='grc' dir='ltr'>λόγῳ,</span> 
     </span>
    </p>
   </div>
   <div class='ocr_carea' id='block_1_68' title="bbox 59 1762 826 1802">
    <p class='ocr_par' dir='ltr' id='par_1_68' title="bbox 59 1762 826 1802">
     <span class='ocr_line' id='line_1_68' title="bbox 59 1762 826 1802; baseline 0.005 -15"><span class='ocrx_word' id='word_1_552' title='bbox 59 1762 98 1788; x_wconf 66' lang='grc' dir='ltr'>καὶ</span> <span class='ocrx_word' id='word_1_553' title='bbox 111 1764 178 1800; x_wconf 82' lang='grc' dir='ltr'>αὐτῷ</span> <span class='ocrx_word' id='word_1_554' title='bbox 194 1765 231 1800; x_wconf 80' lang='grc' dir='ltr'>τῷ</span> <span class='ocrx_word' id='word_1_555' title='bbox 248 1765 394 1801; x_wconf 80' lang='grc' dir='ltr'>πνεῦματι,</span> <span class='ocrx_word' id='word_1_556' title='bbox 410 1766 540 1802; x_wconf 72' lang='grc' dir='ltr'>προσεχὲς</span> <span class='ocrx_word' id='word_1_557' title='bbox 557 1766 701 1801; x_wconf 85' lang='grc' dir='ltr'>γενόμενος</span> <span class='ocrx_word' id='word_1_558' title='bbox 717 1764 755 1800; x_wconf 85' lang='grc' dir='ltr'>τῷ</span> <span class='ocrx_word' id='word_1_559' title='bbox 770 1766 826 1792; x_wconf 84' lang='grc' dir='ltr'><strong>Κυ-</strong></span> 
     </span>
    </p>
   </div>
   <div class='ocr_carea' id='block_1_69' title="bbox 54 1808 826 1846">
    <p class='ocr_par' dir='ltr' id='par_1_69' title="bbox 54 1808 826 1846">
     <span class='ocr_line' id='line_1_69' title="bbox 54 1808 826 1846; baseline 0.003 -11"><span class='ocrx_word' id='word_1_560' title='bbox 54 1808 108 1843; x_wconf 78' lang='grc' dir='ltr'>ρίῳ,</span> <span class='ocrx_word' id='word_1_561' title='bbox 124 1809 168 1846; x_wconf 82' lang='grc' dir='ltr'>τὴν</span> <span class='ocrx_word' id='word_1_562' title='bbox 192 1810 275 1846; x_wconf 82' lang='grc' dir='ltr'>μονὴν</span> <span class='ocrx_word' id='word_1_563' title='bbox 298 1811 404 1846; x_wconf 79' lang='grc' dir='ltr'>ἐκείνην</span> <span class='ocrx_word' id='word_1_564' title='bbox 428 1811 476 1846; x_wconf 83' lang='grc' dir='ltr'><strong>τήν</strong></span> <span class='ocrx_word' id='word_1_565' title='bbox 496 1810 672 1846; x_wconf 78' lang='grc' dir='ltr'>ὀφειλομένην</span> <span class='ocrx_word' id='word_1_566' title='bbox 687 1809 726 1845; x_wconf 84' lang='grc' dir='ltr'>τῷ</span> <span class='ocrx_word' id='word_1_567' title='bbox 740 1810 826 1842; x_wconf 73' lang='grc' dir='ltr'>οὕτως</span> 
     </span>
    </p>
   </div>
   <div class='ocr_carea' id='block_1_70' title="bbox 58 1852 826 1892">
    <p class='ocr_par' dir='ltr' id='par_1_70' title="bbox 58 1852 826 1892">
     <span class='ocr_line' id='line_1_70' title="bbox 58 1852 826 1892; baseline 0.003 -12"><span class='ocrx_word' id='word_1_568' title='bbox 58 1853 244 1891; x_wconf 80' lang='grc' dir='ltr'>ἀπηνδρωμένῳ</span> <span class='ocrx_word' id='word_1_569' title='bbox 259 1855 522 1892; x_wconf 75' lang='grc' dir='ltr'>ἀπολάϐῃ.Ἀπόχρη</span> <span class='ocrx_word' id='word_1_570' title='bbox 539 1855 569 1882; x_wconf 84' lang='grc' dir='ltr'>τὸ</span> <span class='ocrx_word' id='word_1_571' title='bbox 584 1856 682 1890; x_wconf 84' lang='grc' dir='ltr'>δεῖγμα</span> <span class='ocrx_word' id='word_1_572' title='bbox 696 1856 751 1887; x_wconf 83' lang='grc' dir='ltr'>τοῖς</span> <span class='ocrx_word' id='word_1_573' title='bbox 769 1852 826 1882; x_wconf 84' lang='grc' dir='ltr'>ὧτα</span> 
     </span>
    </p>
   </div>
   <div class='ocr_carea' id='block_1_71' title="bbox 57 1897 826 1938">
    <p class='ocr_par' dir='ltr' id='par_1_71' title="bbox 57 1897 826 1938">
     <span class='ocr_line' id='line_1_71' title="bbox 57 1897 826 1938; baseline 0.004 -14"><span class='ocrx_word' id='word_1_574' title='bbox 57 1897 158 1933; x_wconf 79' lang='grc' dir='ltr'>ἔχουσιν.</span> <span class='ocrx_word' id='word_1_575' title='bbox 172 1901 207 1927; x_wconf 80' lang='grc' dir='ltr'>Οὐ</span> <span class='ocrx_word' id='word_1_576' title='bbox 219 1901 274 1938; x_wconf 79' lang='grc' dir='ltr'>γὰρ</span> <span class='ocrx_word' id='word_1_577' title='bbox 292 1901 434 1928; x_wconf 83' lang='grc' dir='ltr'>ὲκκυκλεῖν</span> <span class='ocrx_word' id='word_1_578' title='bbox 447 1901 500 1937; x_wconf 84' lang='grc' dir='ltr'><strong>χρὴ</strong></span> <span class='ocrx_word' id='word_1_579' title='bbox 517 1901 546 1927; x_wconf 86' lang='grc' dir='ltr'>τὺ</span> <span class='ocrx_word' id='word_1_580' title='bbox 554 1901 715 1937; x_wconf 85' lang='grc' dir='ltr'>μυστήριον,</span> <span class='ocrx_word' id='word_1_581' title='bbox 727 1900 826 1935; x_wconf 80' lang='grc' dir='ltr'>ἐμφαί-</span> 
     </span>
    </p>
   </div>
   <div class='ocr_carea' id='block_1_72' title="bbox 59 1945 826 1982">
    <p class='ocr_par' dir='ltr' id='par_1_72' title="bbox 59 1945 826 1982">
     <span class='ocr_line' id='line_1_72' title="bbox 59 1945 826 1982; baseline 0.004 -13"><span class='ocrx_word' id='word_1_582' title='bbox 59 1950 104 1970; x_wconf 82' lang='grc' dir='ltr'>νειν</span> <span class='ocrx_word' id='word_1_583' title='bbox 124 1945 150 1971; x_wconf 71' lang='grc' dir='ltr'><strong>δὲ</strong></span> <span class='ocrx_word' id='word_1_584' title='bbox 173 1946 232 1973; x_wconf 80' lang='grc' dir='ltr'>ὅσον</span> <span class='ocrx_word' id='word_1_585' title='bbox 257 1948 299 1979; x_wconf 78' lang='grc' dir='ltr'><strong>εἰς</strong></span> <span class='ocrx_word' id='word_1_586' title='bbox 324 1947 474 1982; x_wconf 85' lang='grc' dir='ltr'>ἀνάμνησιν</span> <span class='ocrx_word' id='word_1_587' title='bbox 498 1948 553 1979; x_wconf 87' lang='grc' dir='ltr'>τοῖς</span> <span class='ocrx_word' id='word_1_588' title='bbox 578 1945 757 1982; x_wconf 83' lang='grc' dir='ltr'>μετεσχηκόσι</span> <span class='ocrx_word' id='word_1_589' title='bbox 777 1946 826 1981; x_wconf 80' lang='grc' dir='ltr'><strong>τῆς</strong></span> 
     </span>
    </p>
   </div>
   <div class='ocr_carea' id='block_1_73' title="bbox 57 1988 825 2028">
    <p class='ocr_par' dir='ltr' id='par_1_73' title="bbox 57 1988 825 2028">
     <span class='ocr_line' id='line_1_73' title="bbox 57 1988 825 2028; baseline 0.003 -12"><span class='ocrx_word' id='word_1_590' title='bbox 57 1988 176 2023; x_wconf 83' lang='grc' dir='ltr'>γνώσεως,</span> <span class='ocrx_word' id='word_1_591' title='bbox 192 1993 216 2019; x_wconf 90' lang='grc' dir='ltr'>οἳ</span> <span class='ocrx_word' id='word_1_592' title='bbox 234 1993 283 2019; x_wconf 76' lang='grc' dir='ltr'>καὶ</span> <span class='ocrx_word' id='word_1_593' title='bbox 307 1993 467 2028; x_wconf 83' lang='grc' dir='ltr'>συνήσουσιν</span> <span class='ocrx_word' id='word_1_594' title='bbox 484 1993 557 2024; x_wconf 75' lang='grc' dir='ltr'>ὅπως</span> <span class='ocrx_word' id='word_1_595' title='bbox 573 1993 679 2028; x_wconf 78' lang='grc' dir='ltr'>εἴρηται</span> <span class='ocrx_word' id='word_1_596' title='bbox 695 1992 763 2028; x_wconf 85' lang='grc' dir='ltr'>πρὸς</span> <span class='ocrx_word' id='word_1_597' title='bbox 779 1991 825 2018; x_wconf 73' lang='grc' dir='ltr'>τοῦ</span> 
     </span>
    </p>
   </div>
   <div class='ocr_carea' id='block_1_74' title="bbox 58 2034 825 2074">
    <p class='ocr_par' dir='ltr' id='par_1_74' title="bbox 58 2034 825 2074">
     <span class='ocr_line' id='line_1_74' title="bbox 58 2034 825 2074; baseline 0.005 -14"><span class='ocrx_word' id='word_1_598' title='bbox 58 2034 154 2070; x_wconf 77' lang='grc' dir='ltr'>Κυρίου,</span> <span class='ocrx_word' id='word_1_599' title='bbox 174 2046 183 2062; x_wconf 78' lang='lat' dir='ltr'><strong>r</strong></span> <span class='ocrx_word' id='word_1_600' title='bbox 197 2037 308 2064; x_wconf 84' lang='grc' dir='ltr'>Γίνεσθε</span> <span class='ocrx_word' id='word_1_601' title='bbox 325 2037 380 2073; x_wconf 87' lang='grc'>(66)</span> <span class='ocrx_word' id='word_1_602' title='bbox 403 2038 440 2070; x_wconf 83' lang='grc' dir='ltr'>ὡς</span> <span class='ocrx_word' id='word_1_603' title='bbox 461 2038 475 2064; x_wconf 88' lang='grc' dir='ltr'>ὁ</span> <span class='ocrx_word' id='word_1_604' title='bbox 500 2037 594 2074; x_wconf 79' lang='grc' dir='ltr'>Πατὴρ</span> <span class='ocrx_word' id='word_1_605' title='bbox 617 2037 695 2073; x_wconf 81' lang='grc' dir='ltr'>ὑμῶν</span> <span class='ocrx_word' id='word_1_606' title='bbox 717 2037 825 2070; x_wconf 88' lang='grc' dir='ltr'>τέλειοι,</span> 
     </span>
    </p>
   </div>
   <div class='ocr_carea' id='block_1_75' title="bbox 57 2079 827 2120">
    <p class='ocr_par' dir='ltr' id='par_1_75' title="bbox 57 2079 827 2120">
     <span class='ocr_line' id='line_1_75' title="bbox 57 2079 827 2120; baseline 0.004 -13"><span class='ocrx_word' id='word_1_607' title='bbox 57 2079 150 2114; x_wconf 77' lang='grc' dir='ltr'>τελείως</span> <span class='ocrx_word' id='word_1_608' title='bbox 164 2092 173 2108; x_wconf 75' lang='grc' dir='ltr'><strong>ι</strong></span> <span class='ocrx_word' id='word_1_609' title='bbox 191 2083 316 2117; x_wconf 79' lang='grc' dir='ltr'>ἀφιέντες</span> <span class='ocrx_word' id='word_1_610' title='bbox 329 2084 377 2115; x_wconf 81' lang='grc' dir='ltr'>τὰς</span> <span class='ocrx_word' id='word_1_611' title='bbox 390 2084 537 2120; x_wconf 81' lang='grc' dir='ltr'>ἁμαρτίας,</span> <span class='ocrx_word' id='word_1_612' title='bbox 551 2084 599 2110; x_wconf 77' lang='grc' dir='ltr'>καὶ</span> <span class='ocrx_word' id='word_1_613' title='bbox 612 2083 827 2119; x_wconf 77' lang='grc' dir='ltr'>ἀμνησικακοῦν-</span> 
     </span>
    </p>
   </div>
   <div class='ocr_carea' id='block_1_76' title="bbox 58 2127 824 2165">
    <p class='ocr_par' dir='ltr' id='par_1_76' title="bbox 58 2127 824 2165">
     <span class='ocr_line' id='line_1_76' title="bbox 58 2127 824 2165; baseline 0.001 -9"><span class='ocrx_word' id='word_1_614' title='bbox 58 2132 103 2156; x_wconf 72' lang='grc' dir='ltr'>τες,</span> <span class='ocrx_word' id='word_1_615' title='bbox 127 2127 170 2154; x_wconf 81' lang='grc' dir='ltr'>καὶ</span> <span class='ocrx_word' id='word_1_616' title='bbox 195 2130 228 2164; x_wconf 86' lang='grc' dir='ltr'>ὲν,</span> <span class='ocrx_word' id='word_1_617' title='bbox 244 2130 278 2164; x_wconf 83' lang='grc' dir='ltr'><strong>τῇ</strong></span> <span class='ocrx_word' id='word_1_618' title='bbox 300 2129 355 2161; x_wconf 71' lang='grc' dir='ltr'>ἕξει</span> <span class='ocrx_word' id='word_1_619' title='bbox 377 2130 426 2165; x_wconf 87' lang='grc' dir='ltr'><strong>τῆς</strong></span> <span class='ocrx_word' id='word_1_620' title='bbox 457 2129 591 2161; x_wconf 81' lang='grc' dir='ltr'>ἀπαθείας</span> <span class='ocrx_word' id='word_1_621' title='bbox 619 2129 824 2162; x_wconf 76' lang='grc' dir='ltr'>καταϐιοῦντες.</span> 
     </span>
    </p>
   </div>
   <div class='ocr_carea' id='block_1_77' title="bbox 63 2169 826 2212">
    <p class='ocr_par' dir='ltr' id='par_1_77' title="bbox 63 2169 826 2212">
     <span class='ocr_line' id='line_1_77' title="bbox 63 2169 826 2212; baseline 0 -10"><span class='ocrx_word' id='word_1_622' title='bbox 63 2169 98 2202; x_wconf 83' lang='grc' dir='ltr'>Ὦς</span> <span class='ocrx_word' id='word_1_623' title='bbox 112 2172 160 2209; x_wconf 74' lang='grc' dir='ltr'><strong>γὰρ</strong></span> <span class='ocrx_word' id='word_1_624' title='bbox 173 2174 274 2202; x_wconf 83' lang='grc' dir='ltr'>τέλειόν</span> <span class='ocrx_word' id='word_1_625' title='bbox 291 2183 381 2211; x_wconf 85' lang='grc' dir='ltr'>φαμεν</span> <span class='ocrx_word' id='word_1_626' title='bbox 405 2175 507 2212; x_wconf 80' lang='grc' dir='ltr'>ἰατρὸν,</span> <span class='ocrx_word' id='word_1_627' title='bbox 525 2175 572 2202; x_wconf 65' lang='grc' dir='ltr'>καὶ</span> <span class='ocrx_word' id='word_1_628' title='bbox 593 2175 695 2202; x_wconf 80' lang='grc' dir='ltr'>τέλειον</span> <span class='ocrx_word' id='word_1_629' title='bbox 720 2175 826 2210; x_wconf 84' lang='grc' dir='ltr'>φιλόσο-</span> 
     </span>
    </p>
   </div>
   <div class='ocr_carea' id='block_1_78' title="bbox 877 1579 1657 1618">
    <p class='ocr_par' dir='ltr' id='par_1_78' title="bbox 877 1579 1657 1618">
     <span class='ocr_line' id='line_1_78' title="bbox 877 1579 1657 1618; baseline 0.004 -11"><span class='ocrx_word' id='word_1_630' title='bbox 877 1580 945 1608; x_wconf 89' lang='lat' dir='ltr'><strong>tioni</strong></span> <span class='ocrx_word' id='word_1_631' title='bbox 977 1583 1075 1615; x_wconf 63' lang='lat' dir='ltr'><strong>printer</strong></span> <span class='ocrx_word' id='word_1_632' title='bbox 1097 1579 1313 1613; x_wconf 87' lang='lat' dir='ltr'><strong>Testamentum,</strong></span> <span class='ocrx_word' id='word_1_633' title='bbox 1337 1581 1367 1608; x_wconf 88' lang='lat' dir='ltr'><strong>[lt</strong></span> <span class='ocrx_word' id='word_1_634' title='bbox 1401 1580 1475 1609; x_wconf 87' lang='lat' dir='ltr'><strong>aliud</strong></span> <span class='ocrx_word' id='word_1_635' title='bbox 1496 1590 1506 1608; x_wconf 81' lang='grc' dir='ltr'><strong>ι</strong></span> <span class='ocrx_word' id='word_1_636' title='bbox 1520 1589 1630 1618; x_wconf 84' lang='lat' dir='ltr'><strong>corpus,</strong></span> <span class='ocrx_word' id='word_1_637' title='bbox 1647 1593 1657 1609; x_wconf 76' lang='grc' dir='ltr'><strong>ι</strong></span> 
     </span>
    </p>
   </div>
   <div class='ocr_carea' id='block_1_79' title="bbox 877 1626 1658 1660">
    <p class='ocr_par' dir='ltr' id='par_1_79' title="bbox 877 1626 1658 1660">
     <span class='ocr_line' id='line_1_79' title="bbox 877 1626 1658 1660; baseline 0.003 -7"><span class='ocrx_word' id='word_1_638' title='bbox 877 1633 931 1653; x_wconf 94' lang='lat' dir='ltr'><strong>non</strong></span> <span class='ocrx_word' id='word_1_639' title='bbox 941 1626 1007 1653; x_wconf 90' lang='lat' dir='ltr'><strong>illud</strong></span> <span class='ocrx_word' id='word_1_640' title='bbox 1018 1630 1142 1654; x_wconf 85' lang='lat' dir='ltr'><strong>sanctum</strong></span> <span class='ocrx_word' id='word_1_641' title='bbox 1163 1634 1174 1651; x_wconf 79' lang='grc' dir='ltr'><strong>ι</strong></span> <span class='ocrx_word' id='word_1_642' title='bbox 1190 1626 1217 1653; x_wconf 94' lang='lat' dir='ltr'><strong>in</strong></span> <span class='ocrx_word' id='word_1_643' title='bbox 1238 1634 1349 1654; x_wconf 85' lang='lat' dir='ltr'><strong>carnem</strong></span> <span class='ocrx_word' id='word_1_644' title='bbox 1362 1633 1455 1660; x_wconf 84' lang='lat' dir='ltr'><strong>unam,</strong></span> <span class='ocrx_word' id='word_1_645' title='bbox 1469 1636 1481 1654; x_wconf 74' lang='grc' dir='ltr'><strong>ι</strong></span> <span class='ocrx_word' id='word_1_646' title='bbox 1494 1631 1521 1655; x_wconf 91' lang='lat' dir='ltr'><strong>et</strong></span> <span class='ocrx_word' id='word_1_647' title='bbox 1534 1630 1563 1660; x_wconf 56' lang='grc' dir='ltr'>ἦε</span> <span class='ocrx_word' id='word_1_648' title='bbox 1576 1628 1658 1656; x_wconf 88' lang='lat' dir='ltr'><strong>vitam</strong></span> 
     </span>
    </p>
   </div>
   <div class='ocr_carea' id='block_1_80' title="bbox 876 1669 1660 1708">
    <p class='ocr_par' dir='ltr' id='par_1_80' title="bbox 876 1669 1660 1708">
     <span class='ocr_line' id='line_1_80' title="bbox 876 1669 1660 1708; baseline 0.005 -12"><span class='ocrx_word' id='word_1_649' title='bbox 876 1669 982 1706; x_wconf 79' lang='lat' dir='ltr'><strong>[habet]</strong></span> <span class='ocrx_word' id='word_1_650' title='bbox 994 1671 1129 1706; x_wconf 79' lang='lat' dir='ltr'><strong>gentilem,</strong></span> <span class='ocrx_word' id='word_1_651' title='bbox 1141 1675 1167 1698; x_wconf 85' lang='lat' dir='ltr'><strong>et</strong></span> <span class='ocrx_word' id='word_1_652' title='bbox 1178 1678 1252 1706; x_wconf 90' lang='lat' dir='ltr'><strong>spem</strong></span> <span class='ocrx_word' id='word_1_653' title='bbox 1264 1671 1345 1699; x_wconf 90' lang='lat' dir='ltr'><strong>aliam</strong></span> <span class='ocrx_word' id='word_1_654' title='bbox 1359 1681 1366 1699; x_wconf 90' lang='lat'><strong><em>:</em></strong></span> <span class='ocrx_word' id='word_1_655' title='bbox 1382 1682 1391 1698; x_wconf 77' lang='grc' dir='ltr'><strong>ι</strong></span> <span class='ocrx_word' id='word_1_656' title='bbox 1406 1674 1453 1708; x_wconf 88' lang='lat' dir='ltr'><strong>qui</strong></span> <span class='ocrx_word' id='word_1_657' title='bbox 1468 1678 1556 1700; x_wconf 86' lang='lat' dir='ltr'><strong>autem</strong></span> <span class='ocrx_word' id='word_1_658' title='bbox 1571 1673 1660 1700; x_wconf 69' lang='lat' dir='ltr'><strong>adlue-</strong></span> 
     </span>
    </p>
   </div>
   <div class='ocr_carea' id='block_1_81' title="bbox 877 1715 1660 1753">
    <p class='ocr_par' dir='ltr' id='par_1_81' title="bbox 877 1715 1660 1753">
     <span class='ocr_line' id='line_1_81' title="bbox 877 1715 1660 1753; baseline 0.004 -11"><span class='ocrx_word' id='word_1_659' title='bbox 877 1719 917 1743; x_wconf 88' lang='lat' dir='ltr'><strong>ret</strong></span> <span class='ocrx_word' id='word_1_660' title='bbox 928 1715 1041 1744; x_wconf 91' lang='lat' dir='ltr'><strong>Domino</strong></span> <span class='ocrx_word' id='word_1_661' title='bbox 1056 1725 1066 1742; x_wconf 76' lang='grc' dir='ltr'>ι</span> <span class='ocrx_word' id='word_1_662' title='bbox 1077 1717 1104 1744; x_wconf 91' lang='lat' dir='ltr'><strong>in</strong></span> <span class='ocrx_word' id='word_1_663' title='bbox 1118 1725 1128 1742; x_wconf 75' lang='grc' dir='ltr'><strong>ι</strong></span> <span class='ocrx_word' id='word_1_664' title='bbox 1143 1717 1240 1752; x_wconf 91' lang='lat' dir='ltr'><strong>spiritu</strong></span> <span class='ocrx_word' id='word_1_665' title='bbox 1254 1722 1277 1750; x_wconf 76' lang='grc' dir='ltr'><strong>ε,</strong></span> <span class='ocrx_word' id='word_1_666' title='bbox 1295 1726 1305 1743; x_wconf 81' lang='grc'><strong>›</strong></span> <span class='ocrx_word' id='word_1_667' title='bbox 1318 1724 1417 1752; x_wconf 88' lang='lat' dir='ltr'><strong>corpus</strong></span> <span class='ocrx_word' id='word_1_668' title='bbox 1429 1717 1550 1753; x_wconf 82' lang='lat' dir='ltr'><strong>spiritale</strong></span> <span class='ocrx_word' id='word_1_669' title='bbox 1559 1725 1608 1753; x_wconf 90' lang='lat' dir='ltr'><strong>per</strong></span> <span class='ocrx_word' id='word_1_670' title='bbox 1619 1718 1660 1745; x_wconf 83' lang='lat' dir='ltr'><strong>di-</strong></span> 
     </span>
    </p>
   </div>
   <div class='ocr_carea' id='block_1_82' title="bbox 876 1764 1661 1799">
    <p class='ocr_par' dir='ltr' id='par_1_82' title="bbox 876 1764 1661 1799">
     <span class='ocr_line' id='line_1_82' title="bbox 876 1764 1661 1799; baseline 0.004 -10"><span class='ocrx_word' id='word_1_671' title='bbox 876 1769 984 1790; x_wconf 80' lang='lat' dir='ltr'><strong>versum</strong></span> <span class='ocrx_word' id='word_1_672' title='bbox 997 1771 1083 1799; x_wconf 73' lang='lat' dir='ltr'><strong>genus</strong></span> <span class='ocrx_word' id='word_1_673' title='bbox 1097 1765 1308 1799; x_wconf 79' lang='lat' dir='ltr'><strong>congressionis.</strong></span> <span class='ocrx_word' id='word_1_674' title='bbox 1326 1764 1410 1792; x_wconf 83' lang='lat' dir='ltr'><strong>Filius</strong></span> <span class='ocrx_word' id='word_1_675' title='bbox 1422 1764 1465 1792; x_wconf 88' lang='lat' dir='ltr'><strong>hic</strong></span> <span class='ocrx_word' id='word_1_676' title='bbox 1480 1769 1563 1798; x_wconf 82' lang='lat' dir='ltr'><strong>lotus,</strong></span> <span class='ocrx_word' id='word_1_677' title='bbox 1578 1765 1661 1792; x_wconf 87' lang='lat' dir='ltr'><strong>homo</strong></span> 
     </span>
    </p>
   </div>
   <div class='ocr_carea' id='block_1_83' title="bbox 875 1807 1659 1844">
    <p class='ocr_par' dir='ltr' id='par_1_83' title="bbox 875 1807 1659 1844">
     <span class='ocr_line' id='line_1_83' title="bbox 875 1807 1659 1844; baseline -0.001 -8"><span class='ocrx_word' id='word_1_678' title='bbox 875 1813 998 1840; x_wconf 88' lang='lat' dir='ltr'><strong>sanctus,</strong></span> <span class='ocrx_word' id='word_1_679' title='bbox 1016 1807 1187 1844; x_wconf 86' lang='lat' dir='ltr'><strong>impatibilis,</strong></span> <span class='ocrx_word' id='word_1_680' title='bbox 1200 1808 1352 1843; x_wconf 75' lang='lat' dir='ltr'><strong>gnosticus,</strong></span> <span class='ocrx_word' id='word_1_681' title='bbox 1363 1807 1511 1842; x_wconf 84' lang='lat' dir='ltr'><strong>perfectus,</strong></span> <span class='ocrx_word' id='word_1_682' title='bbox 1527 1808 1659 1836; x_wconf 81' lang='lat' dir='ltr'><strong>formatus</strong></span> 
     </span>
    </p>
   </div>
   <div class='ocr_carea' id='block_1_84' title="bbox 874 1853 1661 1890">
    <p class='ocr_par' dir='ltr' id='par_1_84' title="bbox 874 1853 1661 1890">
     <span class='ocr_line' id='line_1_84' title="bbox 874 1853 1661 1890; baseline 0 -10"><span class='ocrx_word' id='word_1_683' title='bbox 874 1853 999 1881; x_wconf 83' lang='lat' dir='ltr'><strong>doctrina</strong></span> <span class='ocrx_word' id='word_1_684' title='bbox 1012 1853 1131 1887; x_wconf 89' lang='lat' dir='ltr'><strong>Domini,</strong></span> <span class='ocrx_word' id='word_1_685' title='bbox 1146 1858 1176 1881; x_wconf 92' lang='lat' dir='ltr'><strong>ut</strong></span> <span class='ocrx_word' id='word_1_686' title='bbox 1189 1861 1251 1881; x_wconf 89' lang='lat' dir='ltr'><strong>cum</strong></span> <span class='ocrx_word' id='word_1_687' title='bbox 1268 1853 1340 1881; x_wconf 79' lang='lat' dir='ltr'><strong>facto</strong></span> <span class='ocrx_word' id='word_1_688' title='bbox 1354 1857 1382 1881; x_wconf 87' lang='lat' dir='ltr'><strong>et</strong></span> <span class='ocrx_word' id='word_1_689' title='bbox 1393 1854 1476 1882; x_wconf 89' lang='lat' dir='ltr'><strong>verbo</strong></span> <span class='ocrx_word' id='word_1_690' title='bbox 1489 1858 1517 1881; x_wconf 86' lang='lat' dir='ltr'><strong>et</strong></span> <span class='ocrx_word' id='word_1_691' title='bbox 1532 1854 1592 1889; x_wconf 89' lang='lat' dir='ltr'><strong>ipso</strong></span> <span class='ocrx_word' id='word_1_692' title='bbox 1603 1855 1661 1890; x_wconf 85' lang='lat' dir='ltr'><strong>spi-</strong></span> 
     </span>
    </p>
   </div>
   <div class='ocr_carea' id='block_1_85' title="bbox 874 1899 1660 1934">
    <p class='ocr_par' dir='ltr' id='par_1_85' title="bbox 874 1899 1660 1934">
     <span class='ocr_line' id='line_1_85' title="bbox 874 1899 1660 1934; baseline 0.003 -8"><span class='ocrx_word' id='word_1_693' title='bbox 874 1899 929 1926; x_wconf 87' lang='lat' dir='ltr'><strong>ritu</strong></span> <span class='ocrx_word' id='word_1_694' title='bbox 946 1899 1061 1927; x_wconf 87' lang='lat' dir='ltr'><strong>Domino</strong></span> <span class='ocrx_word' id='word_1_695' title='bbox 1076 1899 1232 1934; x_wconf 79' lang='lat' dir='ltr'><strong>adhaeserit,</strong></span> <span class='ocrx_word' id='word_1_696' title='bbox 1248 1899 1329 1934; x_wconf 73' lang='lat'><strong>320</strong></span> <span class='ocrx_word' id='word_1_697' title='bbox 1346 1899 1461 1934; x_wconf 86' lang='lat' dir='ltr'><strong>recipiat</strong></span> <span class='ocrx_word' id='word_1_698' title='bbox 1486 1900 1559 1927; x_wconf 86' lang='lat' dir='ltr'><strong>illam</strong></span> <span class='ocrx_word' id='word_1_699' title='bbox 1581 1908 1660 1928; x_wconf 80' lang='lat' dir='ltr'><strong>man-</strong></span> 
     </span>
    </p>
   </div>
   <div class='ocr_carea' id='block_1_86' title="bbox 875 1944 1661 1980">
    <p class='ocr_par' dir='ltr' id='par_1_86' title="bbox 875 1944 1661 1980">
     <span class='ocr_line' id='line_1_86' title="bbox 875 1944 1661 1980; baseline 0.001 -9"><span class='ocrx_word' id='word_1_700' title='bbox 875 1945 980 1973; x_wconf 91' lang='lat' dir='ltr'><strong>sionem</strong></span> <span class='ocrx_word' id='word_1_701' title='bbox 997 1952 1058 1980; x_wconf 69' lang='lat' dir='ltr'><strong>quae</strong></span> <span class='ocrx_word' id='word_1_702' title='bbox 1072 1945 1186 1973; x_wconf 88' lang='lat' dir='ltr'><strong>debetur</strong></span> <span class='ocrx_word' id='word_1_703' title='bbox 1200 1945 1225 1972; x_wconf 90' lang='lat' dir='ltr'><strong>ei</strong></span> <span class='ocrx_word' id='word_1_704' title='bbox 1241 1945 1288 1980; x_wconf 91' lang='lat' dir='ltr'><strong>qui</strong></span> <span class='ocrx_word' id='word_1_705' title='bbox 1312 1945 1352 1972; x_wconf 91' lang='lat' dir='ltr'><strong>sic</strong></span> <span class='ocrx_word' id='word_1_706' title='bbox 1376 1944 1419 1972; x_wconf 93' lang='lat' dir='ltr'><strong>vir</strong></span> <span class='ocrx_word' id='word_1_707' title='bbox 1438 1945 1535 1973; x_wconf 88' lang='lat' dir='ltr'><strong>evasit.</strong></span> <span class='ocrx_word' id='word_1_708' title='bbox 1556 1945 1661 1972; x_wconf 74' lang='lat' dir='ltr'><strong>Suﬂicit</strong></span> 
     </span>
    </p>
   </div>
   <div class='ocr_carea' id='block_1_87' title="bbox 873 1990 1658 2026">
    <p class='ocr_par' dir='ltr' id='par_1_87' title="bbox 873 1990 1658 2026">
     <span class='ocr_line' id='line_1_87' title="bbox 873 1990 1658 2026; baseline -0.001 -8"><span class='ocrx_word' id='word_1_709' title='bbox 873 1991 927 2018; x_wconf 89' lang='lat' dir='ltr'><strong>hoc</strong></span> <span class='ocrx_word' id='word_1_710' title='bbox 948 1991 1085 2026; x_wconf 90' lang='lat' dir='ltr'><strong>specimen</strong></span> <span class='ocrx_word' id='word_1_711' title='bbox 1100 1991 1140 2018; x_wconf 89' lang='lat' dir='ltr'><strong>eis</strong></span> <span class='ocrx_word' id='word_1_712' title='bbox 1153 1990 1200 2026; x_wconf 92' lang='lat' dir='ltr'><strong>qui</strong></span> <span class='ocrx_word' id='word_1_713' title='bbox 1214 1990 1317 2018; x_wconf 86' lang='lat' dir='ltr'><strong>habent</strong></span> <span class='ocrx_word' id='word_1_714' title='bbox 1332 1997 1423 2018; x_wconf 83' lang='lat' dir='ltr'><strong>aures.</strong></span> <span class='ocrx_word' id='word_1_715' title='bbox 1440 1990 1499 2018; x_wconf 84' lang='lat' dir='ltr'><strong>Non</strong></span> <span class='ocrx_word' id='word_1_716' title='bbox 1521 1994 1565 2018; x_wconf 87' lang='lat' dir='ltr'><strong>est</strong></span> <span class='ocrx_word' id='word_1_717' title='bbox 1585 1991 1658 2018; x_wconf 89' lang='lat' dir='ltr'><strong>enim</strong></span> 
     </span>
    </p>
   </div>
   <div class='ocr_carea' id='block_1_88' title="bbox 875 2036 1659 2073">
    <p class='ocr_par' dir='ltr' id='par_1_88' title="bbox 875 2036 1659 2073">
     <span class='ocr_line' id='line_1_88' title="bbox 875 2036 1659 2073; baseline -0.004 -7"><span class='ocrx_word' id='word_1_718' title='bbox 875 2037 1054 2066; x_wconf 88' lang='lat' dir='ltr'><strong>evolvendum</strong></span> <span class='ocrx_word' id='word_1_719' title='bbox 1078 2037 1250 2073; x_wconf 79' lang='lat' dir='ltr'><strong>mysterium,</strong></span> <span class='ocrx_word' id='word_1_720' title='bbox 1267 2037 1316 2065; x_wconf 89' lang='lat' dir='ltr'><strong>sed</strong></span> <span class='ocrx_word' id='word_1_721' title='bbox 1340 2040 1447 2064; x_wconf 89' lang='lat' dir='ltr'><strong>tantum</strong></span> <span class='ocrx_word' id='word_1_722' title='bbox 1472 2040 1514 2065; x_wconf 86' lang='lat' dir='ltr'><strong>est</strong></span> <span class='ocrx_word' id='word_1_723' title='bbox 1535 2036 1659 2064; x_wconf 84' lang='lat' dir='ltr'><strong>indican-</strong></span> 
     </span>
    </p>
   </div>
   <div class='ocr_carea' id='block_1_89' title="bbox 874 2081 1658 2119">
    <p class='ocr_par' dir='ltr' id='par_1_89' title="bbox 874 2081 1658 2119">
     <span class='ocr_line' id='line_1_89' title="bbox 874 2081 1658 2119; baseline -0.005 -7"><span class='ocrx_word' id='word_1_724' title='bbox 874 2084 950 2116; x_wconf 88' lang='lat' dir='ltr'><strong>dum,</strong></span> <span class='ocrx_word' id='word_1_725' title='bbox 966 2088 1099 2119; x_wconf 89' lang='lat' dir='ltr'><strong>quantum</strong></span> <span class='ocrx_word' id='word_1_726' title='bbox 1121 2083 1220 2111; x_wconf 83' lang='lat' dir='ltr'><strong>sulIicit</strong></span> <span class='ocrx_word' id='word_1_727' title='bbox 1243 2082 1278 2110; x_wconf 92' lang='lat' dir='ltr'><strong>ad</strong></span> <span class='ocrx_word' id='word_1_728' title='bbox 1301 2081 1484 2110; x_wconf 84' lang='lat' dir='ltr'><strong>revocandum</strong></span> <span class='ocrx_word' id='word_1_729' title='bbox 1504 2082 1533 2109; x_wconf 89' lang='lat' dir='ltr'><strong>in</strong></span> <span class='ocrx_word' id='word_1_730' title='bbox 1554 2089 1658 2109; x_wconf 88' lang='lat' dir='ltr'><strong>memo-</strong></span> 
     </span>
    </p>
   </div>
   <div class='ocr_carea' id='block_1_90' title="bbox 874 2126 1657 2165">
    <p class='ocr_par' dir='ltr' id='par_1_90' title="bbox 874 2126 1657 2165">
     <span class='ocr_line' id='line_1_90' title="bbox 874 2126 1657 2165; baseline -0.005 -8"><span class='ocrx_word' id='word_1_731' title='bbox 874 2130 943 2157; x_wconf 89' lang='lat' dir='ltr'><strong>riam</strong></span> <span class='ocrx_word' id='word_1_732' title='bbox 957 2129 992 2157; x_wconf 91' lang='lat' dir='ltr'><strong>iis</strong></span> <span class='ocrx_word' id='word_1_733' title='bbox 1007 2130 1054 2165; x_wconf 90' lang='lat' dir='ltr'><strong>qui</strong></span> <span class='ocrx_word' id='word_1_734' title='bbox 1071 2132 1136 2157; x_wconf 90' lang='lat' dir='ltr'><strong>sunt</strong></span> <span class='ocrx_word' id='word_1_735' title='bbox 1151 2128 1300 2165; x_wconf 86' lang='lat' dir='ltr'><strong>participes</strong></span> <span class='ocrx_word' id='word_1_736' title='bbox 1316 2127 1493 2163; x_wconf 74' lang='lat' dir='ltr'><strong>cognitionis,</strong></span> <span class='ocrx_word' id='word_1_737' title='bbox 1506 2127 1552 2163; x_wconf 90' lang='lat' dir='ltr'><strong>qui</strong></span> <span class='ocrx_word' id='word_1_738' title='bbox 1573 2126 1657 2154; x_wconf 84' lang='lat' dir='ltr'><strong>etiam</strong></span> 
     </span>
    </p>
   </div>
   <div class='ocr_carea' id='block_1_91' title="bbox 875 2172 1657 2210">
    <p class='ocr_par' dir='ltr' id='par_1_91' title="bbox 875 2172 1657 2210">
     <span class='ocr_line' id='line_1_91' title="bbox 875 2172 1657 2210; baseline -0.003 -9"><span class='ocrx_word' id='word_1_739' title='bbox 875 2174 1027 2210; x_wconf 78' lang='lat' dir='ltr'><strong>intelligent</strong></span> <span class='ocrx_word' id='word_1_740' title='bbox 1048 2174 1276 2210; x_wconf 88' lang='lat' dir='ltr'><strong>quemadmodum</strong></span> <span class='ocrx_word' id='word_1_741' title='bbox 1298 2173 1402 2201; x_wconf 92' lang='lat' dir='ltr'><strong>dictum</strong></span> <span class='ocrx_word' id='word_1_742' title='bbox 1418 2173 1454 2200; x_wconf 85' lang='lat' dir='ltr'><strong>sit</strong></span> <span class='ocrx_word' id='word_1_743' title='bbox 1476 2180 1493 2200; x_wconf 91' lang='lat' dir='ltr'><strong>a</strong></span> <span class='ocrx_word' id='word_1_744' title='bbox 1516 2172 1632 2199; x_wconf 85' lang='lat' dir='ltr'><strong>Domino</strong></span> <span class='ocrx_word' id='word_1_745' title='bbox 1649 2180 1657 2199; x_wconf 89' lang='lat'>:</span> 
     </span>
    </p>
   </div>
   <div class='ocr_carea' id='block_1_92' title="bbox 58 2217 825 2256">
    <p class='ocr_par' dir='ltr' id='par_1_92' title="bbox 58 2219 822 2256">
     <span class='ocr_line' id='line_1_92' title="bbox 58 2219 822 2256; baseline 0.005 -11"><span class='ocrx_word' id='word_1_746' title='bbox 58 2224 108 2250; x_wconf 73' lang='grc' dir='ltr'>φον,</span> <span class='ocrx_word' id='word_1_747' title='bbox 122 2219 212 2252; x_wconf 77' lang='grc' dir='ltr'>οὕτως,</span> <span class='ocrx_word' id='word_1_748' title='bbox 221 2219 310 2256; x_wconf 74' lang='grc' dir='ltr'>οἶμαι,</span> <span class='ocrx_word' id='word_1_749' title='bbox 321 2221 368 2248; x_wconf 76' lang='grc' dir='ltr'><strong>καὶ</strong></span> <span class='ocrx_word' id='word_1_750' title='bbox 383 2221 482 2249; x_wconf 81' lang='grc' dir='ltr'>τέλειον</span> <span class='ocrx_word' id='word_1_751' title='bbox 498 2222 656 2256; x_wconf 85' lang='grc' dir='ltr'>γνωστικόν.</span> <span class='ocrx_word' id='word_1_752' title='bbox 665 2222 733 2249; x_wconf 81' lang='grc' dir='ltr'>Ἀλλ’</span> <span class='ocrx_word' id='word_1_753' title='bbox 747 2222 822 2249; x_wconf 74' lang='grc' dir='ltr'>οὐδὲν</span> 
     </span>
    </p>
   </div>
   <div class='ocr_carea' id='block_1_93' title="bbox 877 2217 1658 2256">
    <p class='ocr_par' dir='ltr' id='par_1_93' title="bbox 877 2217 1658 2254">
     <span class='ocr_line' id='line_1_93' title="bbox 877 2217 1658 2254; baseline -0.001 -8"><span class='ocrx_word' id='word_1_754' title='bbox 877 2229 886 2246; x_wconf 80' lang='grc' dir='ltr'><strong>ι</strong></span> <span class='ocrx_word' id='word_1_755' title='bbox 900 2219 994 2248; x_wconf 86' lang='lat' dir='ltr'><strong>Estote</strong></span> <span class='ocrx_word' id='word_1_756' title='bbox 1017 2225 1048 2248; x_wconf 93' lang='lat' dir='ltr'><strong>ut</strong></span> <span class='ocrx_word' id='word_1_757' title='bbox 1072 2220 1153 2249; x_wconf 80' lang='lat' dir='ltr'><strong>Pater</strong></span> <span class='ocrx_word' id='word_1_758' title='bbox 1167 2224 1259 2248; x_wconf 84' lang='lat' dir='ltr'><strong>vester</strong></span> <span class='ocrx_word' id='word_1_759' title='bbox 1270 2218 1394 2254; x_wconf 82' lang='lat' dir='ltr'><strong>perfecti,</strong></span> <span class='ocrx_word' id='word_1_760' title='bbox 1409 2217 1547 2253; x_wconf 71' lang='lat' dir='ltr'><strong>perfectef</strong></span> <span class='ocrx_word' id='word_1_761' title='bbox 1566 2227 1576 2244; x_wconf 71' lang='grc' dir='ltr'><strong>ι</strong></span> <span class='ocrx_word' id='word_1_762' title='bbox 1595 2225 1658 2253; x_wconf 87' lang='lat' dir='ltr'><strong>pec-</strong></span> 
     </span>
    </p>
   </div>
   <div class='ocr_carea' id='block_1_94' title="bbox 57 2261 826 2302">
    <p class='ocr_par' dir='ltr' id='par_1_94' title="bbox 57 2261 826 2302">
     <span class='ocr_line' id='line_1_94' title="bbox 57 2261 826 2302; baseline 0.007 -15"><span class='ocrx_word' id='word_1_763' title='bbox 57 2261 152 2295; x_wconf 81' lang='grc' dir='ltr'>τούτων,</span> <span class='ocrx_word' id='word_1_764' title='bbox 168 2265 255 2292; x_wconf 82' lang='grc' dir='ltr'>καίτοι</span> <span class='ocrx_word' id='word_1_765' title='bbox 273 2266 402 2300; x_wconf 81' lang='grc' dir='ltr'>μέγιστον</span> <span class='ocrx_word' id='word_1_766' title='bbox 418 2266 458 2299; x_wconf 78' lang='grc' dir='ltr'>ὃν,</span> <span class='ocrx_word' id='word_1_767' title='bbox 475 2267 515 2298; x_wconf 82' lang='grc' dir='ltr'><strong>εἰς</strong></span> <span class='ocrx_word' id='word_1_768' title='bbox 530 2266 677 2302; x_wconf 84' lang='grc' dir='ltr'>ὁμοιότητα</span> <span class='ocrx_word' id='word_1_769' title='bbox 693 2267 759 2294; x_wconf 76' lang='grc' dir='ltr'>Θεοῦ</span> <span class='ocrx_word' id='word_1_770' title='bbox 777 2275 826 2293; x_wconf 85' lang='grc' dir='ltr'>πα-</span> 
     </span>
    </p>
   </div>
   <div class='ocr_carea' id='block_1_95' title="bbox 88 2339 825 2377">
    <p class='ocr_par' dir='ltr' id='par_1_95' title="bbox 88 2339 810 2377">
     <span class='ocr_line' id='line_1_95' title="bbox 88 2339 810 2377; baseline 0.003 -8"><span class='ocrx_word' id='word_1_771' title='bbox 88 2340 113 2369; x_wconf 56' lang='lat' dir='ltr'><strong>at</strong></span> <span class='ocrx_word' id='word_1_772' title='bbox 130 2339 237 2377; x_wconf 51' lang='lat' dir='ltr'><strong>esse.</strong></span> <span class='ocrx_word' id='word_1_773' title='bbox 258 2341 313 2368; x_wconf 87' lang='lat' dir='ltr'><strong>ED.</strong></span> <span class='ocrx_word' id='word_1_774' title='bbox 331 2341 479 2375; x_wconf 75' lang='lat' dir='ltr'><strong>POTTER,</strong></span> <span class='ocrx_word' id='word_1_775' title='bbox 499 2342 551 2370; x_wconf 80' lang='lat'><strong>755</strong></span> <span class='ocrx_word' id='word_1_776' title='bbox 570 2342 623 2372; x_wconf 76' lang='grc' dir='ltr'><strong>ΕΙ).</strong></span> <span class='ocrx_word' id='word_1_777' title='bbox 643 2342 758 2371; x_wconf 79' lang='lat' dir='ltr'><strong>PARlS.</strong></span> <span class='ocrx_word' id='word_1_778' title='bbox 797 2350 810 2365; x_wconf 87' lang='lat'><strong>-</strong></span> 
     </span>
    </p>
   </div>
   <div class='ocr_carea' id='block_1_96' title="bbox 877 2339 1169 2377">
    <p class='ocr_par' dir='ltr' id='par_1_96' title="bbox 877 2345 1169 2377">
     <span class='ocr_line' id='line_1_96' title="bbox 877 2345 1169 2377; baseline -0.003 -5"><span class='ocrx_word' id='word_1_779' title='bbox 877 2352 916 2372; x_wconf 88' lang='lat' dir='ltr'><strong>or.</strong></span> <span class='ocrx_word' id='word_1_780' title='bbox 933 2353 971 2377; x_wconf 86' lang='lat' dir='ltr'><strong>vr,</strong></span> <span class='ocrx_word' id='word_1_781' title='bbox 989 2345 1033 2372; x_wconf 78' lang='lat' dir='ltr'><strong>ll.</strong></span> <span class='ocrx_word' id='word_1_782' title='bbox 1068 2345 1083 2365; x_wconf 65' lang='grc' dir='ltr'>δ</span> <span class='ocrx_word' id='word_1_783' title='bbox 1102 2345 1169 2372; x_wconf 86' lang='lat' dir='ltr'><strong>lbid.</strong></span> 
     </span>
    </p>
   </div>
   <div class='ocr_carea' id='block_1_97' title="bbox 58 2371 351 2409">
    <p class='ocr_par' dir='ltr' id='par_1_97' title="bbox 58 2371 351 2409">
     <span class='ocr_line' id='line_1_97' title="bbox 58 2371 351 2409; baseline 0.02 -11"><span class='ocrx_word' id='word_1_784' title='bbox 58 2371 93 2399; x_wconf 84' lang='grc' dir='ltr'>Π.</span> <span class='ocrx_word' id='word_1_785' title='bbox 130 2374 139 2393; x_wconf 71' lang='grc' dir='ltr'><strong>ί</strong></span> <span class='ocrx_word' id='word_1_786' title='bbox 158 2375 251 2404; x_wconf 77' lang='lat' dir='ltr'><strong>Matth.</strong></span> <span class='ocrx_word' id='word_1_787' title='bbox 264 2385 291 2409; x_wconf 86' lang='grc' dir='ltr'><strong>ν,</strong></span> <span class='ocrx_word' id='word_1_788' title='bbox 306 2377 351 2404; x_wconf 68' lang='lat'><strong>£8.</strong></span> 
     </span>
    </p>
   </div>
   <div class='ocr_carea' id='block_1_98' title="bbox 86 2449 823 2487">
    <p class='ocr_par' dir='ltr' id='par_1_98' title="bbox 86 2449 823 2487">
     <span class='ocr_line' id='line_1_98' title="bbox 86 2449 823 2487; baseline 0.001 -7"><span class='ocrx_word' id='word_1_789' title='bbox 86 2449 135 2485; x_wconf 83' lang='lat'>(57)</span> <span class='ocrx_word' id='word_1_790' title='bbox 155 2452 242 2480; x_wconf 80' lang='grc' dir='ltr'>Ἀνευ</span> <span class='ocrx_word' id='word_1_791' title='bbox 253 2452 348 2486; x_wconf 80' lang='grc' dir='ltr'>τῆσδε</span> <span class='ocrx_word' id='word_1_792' title='bbox 364 2453 419 2487; x_wconf 81' lang='grc' dir='ltr'><strong>τῆς</strong></span> <span class='ocrx_word' id='word_1_793' title='bbox 429 2452 496 2487; x_wconf 81' lang='grc' dir='ltr'><strong>τῆς.</strong></span> <span class='ocrx_word' id='word_1_794' title='bbox 516 2452 607 2481; x_wconf 86' lang='lat' dir='ltr'><strong>Possit</strong></span> <span class='ocrx_word' id='word_1_795' title='bbox 629 2453 712 2480; x_wconf 91' lang='lat' dir='ltr'><strong>etiam</strong></span> <span class='ocrx_word' id='word_1_796' title='bbox 738 2454 823 2481; x_wconf 87' lang='lat' dir='ltr'><strong>scribi</strong></span> 
     </span>
    </p>
   </div>
   <div class='ocr_carea' id='block_1_99' title="bbox 56 2483 823 2545">
    <p class='ocr_par' dir='ltr' id='par_1_99' title="bbox 56 2483 823 2545">
     <span class='ocr_line' id='line_1_99' title="bbox 56 2483 823 2545; baseline 0.004 -32"><span class='ocrx_word' id='word_1_797' title='bbox 56 2483 103 2545; x_wconf 51' lang='grc' dir='ltr'><strong>ἐξ)</strong></span> <span class='ocrx_word' id='word_1_798' title='bbox 116 2483 190 2522; x_wconf 76' lang='grc' dir='ltr'>τῆσδε</span> <span class='ocrx_word' id='word_1_799' title='bbox 202 2488 251 2524; x_wconf 80' lang='grc' dir='ltr'><strong>τῆς</strong></span> <span class='ocrx_word' id='word_1_800' title='bbox 265 2483 327 2523; x_wconf 72' lang='grc' dir='ltr'>γῆς,</span> <span class='ocrx_word' id='word_1_801' title='bbox 345 2497 354 2514; x_wconf 80' lang='grc' dir='ltr'><strong>ι</strong></span> <span class='ocrx_word' id='word_1_802' title='bbox 368 2483 450 2523; x_wconf 74' lang='lat' dir='ltr'><strong>supra</strong></span> <span class='ocrx_word' id='word_1_803' title='bbox 461 2483 535 2515; x_wconf 72' lang='lat' dir='ltr'><strong>lianc</strong></span> <span class='ocrx_word' id='word_1_804' title='bbox 549 2492 660 2520; x_wconf 76' lang='lat' dir='ltr'><strong>terram.</strong></span> <span class='ocrx_word' id='word_1_805' title='bbox 675 2499 686 2516; x_wconf 74' lang='grc' dir='ltr'><strong>ι</strong></span> <span class='ocrx_word' id='word_1_806' title='bbox 703 2489 730 2516; x_wconf 91' lang='lat' dir='ltr'><strong>id</strong></span> <span class='ocrx_word' id='word_1_807' title='bbox 741 2494 783 2516; x_wconf 91' lang='lat' dir='ltr'><strong>est</strong></span> <span class='ocrx_word' id='word_1_808' title='bbox 795 2490 823 2516; x_wconf 90' lang='lat' dir='ltr'><strong>in</strong></span> 
     </span>
     <span class='ocr_line' id='line_1_100' title="bbox 103 2527 126 2545; baseline 0 0"><span class='ocrx_word' id='word_1_809' title='bbox 103 2527 126 2545; x_wconf 84' lang='grc' dir='ltr'>ο.</span> 
     </span>
    </p>
   </div>
   <div class='ocr_carea' id='block_1_100' title="bbox 55 2525 126 2548">
    <p class='ocr_par' dir='ltr' id='par_1_100' title="bbox 55 2525 126 2548">
     <span class='ocr_line' id='line_1_101' title="bbox 55 2525 126 2548; baseline -0.014 0"><span class='ocrx_word' id='word_1_810' title='bbox 55 2525 126 2548; x_wconf 59' lang='lat' dir='ltr'><strong>anno.</strong></span> 
     </span>
    </p>
   </div>
   <div class='ocr_carea' id='block_1_101' title="bbox 85 2553 125 2583">
    <p class='ocr_par' dir='ltr' id='par_1_101' title="bbox 85 2553 125 2583">
     <span class='ocr_line' id='line_1_102' title="bbox 85 2553 125 2583; baseline 0.025 -1"><span class='ocrx_word' id='word_1_811' title='bbox 85 2553 125 2583; x_wconf 70' lang='lat'><strong>(58</strong></span> 
     </span>
    </p>
   </div>
   <div class='ocr_carea' id='block_1_102' title="bbox 85 2557 135 2628">
    <p class='ocr_par' dir='ltr' id='par_1_102' title="bbox 85 2557 135 2628">
     <span class='ocr_line' id='line_1_103' title="bbox 85 2557 135 2628; baseline 0.08 -4"><span class='ocrx_word' id='word_1_812' title='bbox 85 2557 135 2628; x_wconf 61' lang='grc' dir='ltr'><strong>ἓξὲξ</strong></span> 
     </span>
    </p>
   </div>
   <div class='ocr_carea' id='block_1_103' title="bbox 86 2660 819 2697">
    <p class='ocr_par' dir='ltr' id='par_1_103' title="bbox 86 2660 819 2697">
     <span class='ocr_line' id='line_1_104' title="bbox 86 2660 819 2697; baseline 0.004 -10"><span class='ocrx_word' id='word_1_813' title='bbox 86 2660 135 2697; x_wconf 83' lang='lat'>(60)</span> <span class='ocrx_word' id='word_1_814' title='bbox 156 2664 188 2689; x_wconf 84' lang='lat' dir='ltr'><strong>&#39;A</strong></span> <span class='ocrx_word' id='word_1_815' title='bbox 201 2665 218 2691; x_wconf 84' lang='grc' dir='ltr'><strong>ό</strong></span> <span class='ocrx_word' id='word_1_816' title='bbox 232 2664 303 2696; x_wconf 84' lang='grc' dir='ltr'>Θεὸς</span> <span class='ocrx_word' id='word_1_817' title='bbox 313 2671 377 2691; x_wconf 84' lang='grc' dir='ltr'>κατ.</span> <span class='ocrx_word' id='word_1_818' title='bbox 398 2663 431 2692; x_wconf 86' lang='grc' dir='ltr'><strong>ῐ).</strong></span> <span class='ocrx_word' id='word_1_819' title='bbox 441 2662 553 2694; x_wconf 88' lang='lat' dir='ltr'><strong>Paulus,</strong></span> <span class='ocrx_word' id='word_1_820' title='bbox 563 2663 578 2689; x_wconf 88' lang='grc' dir='ltr'><strong><em>ὁ</em></strong></span> <span class='ocrx_word' id='word_1_821' title='bbox 587 2664 615 2691; x_wconf 82' lang='grc' dir='ltr'><strong>δὲ</strong></span> <span class='ocrx_word' id='word_1_822' title='bbox 625 2663 691 2694; x_wconf 74' lang='grc' dir='ltr'>Θεὸς</span> <span class='ocrx_word' id='word_1_823' title='bbox 701 2663 748 2691; x_wconf 70' lang='grc' dir='ltr'><strong>καὶ</strong></span> <span class='ocrx_word' id='word_1_824' title='bbox 759 2663 819 2690; x_wconf 84' lang='grc' dir='ltr'><strong>ταύ-</strong></span> 
     </span>
    </p>
   </div>
   <div class='ocr_carea' id='block_1_104' title="bbox 56 2698 436 2734">
    <p class='ocr_par' dir='ltr' id='par_1_104' title="bbox 56 2698 436 2734">
     <span class='ocr_line' id='line_1_105' title="bbox 56 2698 436 2734; baseline 0.003 -10"><span class='ocrx_word' id='word_1_825' title='bbox 56 2698 151 2734; x_wconf 29' lang='grc' dir='ltr'>τηνᾼκαὶ</span> <span class='ocrx_word' id='word_1_826' title='bbox 163 2699 247 2726; x_wconf 83' lang='grc' dir='ltr'>ταῦτα</span> <span class='ocrx_word' id='word_1_827' title='bbox 260 2699 436 2734; x_wconf 84' lang='grc' dir='ltr'>καταργήσει.</span> 
     </span>
    </p>
   </div>
   <div class='ocr_carea' id='block_1_105' title="bbox 85 2730 819 2769">
    <p class='ocr_par' dir='ltr' id='par_1_105' title="bbox 85 2730 819 2769">
     <span class='ocr_line' id='line_1_106' title="bbox 85 2730 819 2769; baseline 0.001 -10"><span class='ocrx_word' id='word_1_828' title='bbox 85 2730 134 2769; x_wconf 78' lang='lat' dir='ltr'>(6i)</span> <span class='ocrx_word' id='word_1_829' title='bbox 150 2734 200 2761; x_wconf 82' lang='grc' dir='ltr'><strong>Διὰ</strong></span> <span class='ocrx_word' id='word_1_830' title='bbox 219 2734 253 2761; x_wconf 85' lang='grc' dir='ltr'><strong>τὸ</strong></span> <span class='ocrx_word' id='word_1_831' title='bbox 272 2730 392 2762; x_wconf 58' lang='grc' dir='ltr'>ἐσθίεινῆ</span> <span class='ocrx_word' id='word_1_832' title='bbox 413 2734 492 2762; x_wconf 78' lang='lat' dir='ltr'><strong>Conf.</strong></span> <span class='ocrx_word' id='word_1_833' title='bbox 514 2740 596 2769; x_wconf 88' lang='lat' dir='ltr'><strong>supra</strong></span> <span class='ocrx_word' id='word_1_834' title='bbox 610 2732 751 2768; x_wconf 67' lang='lat' dir='ltr'><strong>Pedagog.</strong></span> <span class='ocrx_word' id='word_1_835' title='bbox 767 2733 819 2761; x_wconf 90' lang='lat' dir='ltr'><strong>sub</strong></span> 
     </span>
    </p>
   </div>
   <div class='ocr_carea' id='block_1_106' title="bbox 56 2764 467 2808">
    <p class='ocr_par' dir='ltr' id='par_1_106' title="bbox 56 2764 467 2808">
     <span class='ocr_line' id='line_1_107' title="bbox 56 2764 467 2808; baseline 0.012 -16"><span class='ocrx_word' id='word_1_836' title='bbox 56 2764 304 2808; x_wconf 51' lang='lat' dir='ltr'><strong>initiumlib:_ii,p.</strong></span> <span class='ocrx_word' id='word_1_837' title='bbox 321 2769 426 2808; x_wconf 52' lang='lat'><strong>162,3.</strong></span> <span class='ocrx_word' id='word_1_838' title='bbox 439 2770 467 2798; x_wconf 78' lang='grc'><strong>5.</strong></span> 
     </span>
    </p>
   </div>
   <div class='ocr_carea' id='block_1_107' title="bbox 85 2801 818 2839">
    <p class='ocr_par' dir='ltr' id='par_1_107' title="bbox 85 2801 818 2839">
     <span class='ocr_line' id='line_1_108' title="bbox 85 2801 818 2839; baseline -0.001 -10"><span class='ocrx_word' id='word_1_839' title='bbox 85 2801 134 2837; x_wconf 74' lang='lat'>(62)</span> <span class='ocrx_word' id='word_1_840' title='bbox 154 2804 187 2830; x_wconf 86' lang='grc' dir='ltr'><em>Τὸ</em></span> <span class='ocrx_word' id='word_1_841' title='bbox 198 2804 233 2830; x_wconf 71' lang='grc' dir='ltr'><strong>δὲ</strong></span> <span class='ocrx_word' id='word_1_842' title='bbox 245 2801 338 2839; x_wconf 59' lang='grc' dir='ltr'><strong>σῶμαἲ</strong></span> <span class='ocrx_word' id='word_1_843' title='bbox 360 2806 367 2831; x_wconf 95' lang='lat' dir='ltr'><strong>l</strong></span> <span class='ocrx_word' id='word_1_844' title='bbox 383 2804 447 2832; x_wconf 90' lang='lat' dir='ltr'><strong>Cor.</strong></span> <span class='ocrx_word' id='word_1_845' title='bbox 463 2813 502 2839; x_wconf 81' lang='lat' dir='ltr'><strong>vi,</strong></span> <span class='ocrx_word' id='word_1_846' title='bbox 516 2804 550 2831; x_wconf 74' lang='lat'><strong>15</strong></span> <span class='ocrx_word' id='word_1_847' title='bbox 566 2813 573 2831; x_wconf 89' lang='lat'><strong>:</strong></span> <span class='ocrx_word' id='word_1_848' title='bbox 590 2803 626 2830; x_wconf 89' lang='grc' dir='ltr'><strong>Τδ</strong></span> <span class='ocrx_word' id='word_1_849' title='bbox 642 2802 671 2830; x_wconf 71' lang='grc' dir='ltr'><strong>δὲ</strong></span> <span class='ocrx_word' id='word_1_850' title='bbox 688 2802 767 2839; x_wconf 78' lang='grc' dir='ltr'>σῶμα</span> <span class='ocrx_word' id='word_1_851' title='bbox 787 2802 818 2829; x_wconf 79' lang='grc' dir='ltr'>οὐ</span> 
     </span>
    </p>
   </div>
   <div class='ocr_carea' id='block_1_108' title="bbox 56 2836 461 2875">
    <p class='ocr_par' dir='ltr' id='par_1_108' title="bbox 56 2836 461 2875">
     <span class='ocr_line' id='line_1_109' title="bbox 56 2836 461 2875; baseline 0.002 -10"><span class='ocrx_word' id='word_1_852' title='bbox 56 2836 210 2875; x_wconf 47' lang='grc' dir='ltr'>τῇδρρνείᾳ,</span> <span class='ocrx_word' id='word_1_853' title='bbox 225 2836 294 2866; x_wconf 82' lang='grc' dir='ltr'>ἀλλᾶ</span> <span class='ocrx_word' id='word_1_854' title='bbox 305 2838 346 2875; x_wconf 62' lang='grc' dir='ltr'><strong>τῷ</strong></span> <span class='ocrx_word' id='word_1_855' title='bbox 358 2839 461 2875; x_wconf 69' lang='grc' dir='ltr'>Κυρίῳ.</span> 
     </span>
    </p>
   </div>
   <div class='ocr_carea' id='block_1_109' title="bbox 86 2849 818 2912">
    <p class='ocr_par' dir='ltr' id='par_1_109' title="bbox 86 2849 818 2912">
     <span class='ocr_line' id='line_1_110' title="bbox 96 2849 461 2902; baseline 0.005 -38"><span class='ocrx_word' id='word_1_856' title='bbox 96 2849 126 2864; x_wconf 82' lang='grc' dir='ltr'><strong>πο</strong></span> <span class='ocrx_word' id='word_1_857' title='bbox 143 2849 210 2875; x_wconf 76' lang='grc' dir='ltr'>νειᾳ,</span> <span class='ocrx_word' id='word_1_858' title='bbox 225 2849 291 2866; x_wconf 72' lang='lat' dir='ltr'><strong>tum</strong></span> <span class='ocrx_word' id='word_1_859' title='bbox 305 2849 344 2872; x_wconf 86' lang='grc' dir='ltr'><strong>τῳ</strong></span> <span class='ocrx_word' id='word_1_860' title='bbox 359 2849 461 2902; x_wconf 54' lang='grc' dir='ltr'>Λυῦιιιῖ.</span> 
     </span>
     <span class='ocr_line' id='line_1_111' title="bbox 86 2849 818 2912; baseline 0.001 -11"><span class='ocrx_word' id='word_1_861' title='bbox 86 2849 142 2908; x_wconf 67' lang='grc' dir='ltr'><strong>(65)Ω</strong></span> <span class='ocrx_word' id='word_1_862' title='bbox 151 2874 246 2907; x_wconf 81' lang='grc' dir='ltr'>ὀπως</span> <span class='ocrx_word' id='word_1_863' title='bbox 256 2883 300 2908; x_wconf 86' lang='grc' dir='ltr'><strong>τις</strong></span> <span class='ocrx_word' id='word_1_864' title='bbox 311 2873 378 2903; x_wconf 76' lang='grc' dir='ltr'><strong>οὖν.</strong></span> <span class='ocrx_word' id='word_1_865' title='bbox 426 2883 441 2902; x_wconf 90' lang='lat' dir='ltr'><strong>a</strong></span> <span class='ocrx_word' id='word_1_866' title='bbox 453 2876 490 2902; x_wconf 91' lang='lat' dir='ltr'><strong>im</strong></span> <span class='ocrx_word' id='word_1_867' title='bbox 506 2875 667 2909; x_wconf 79' lang='grc' dir='ltr'>ὁπωστιοῦν,</span> <span class='ocrx_word' id='word_1_868' title='bbox 681 2884 691 2902; x_wconf 77' lang='grc' dir='ltr'><strong>ι</strong></span> <span class='ocrx_word' id='word_1_869' title='bbox 704 2881 818 2912; x_wconf 88' lang='lat' dir='ltr'><strong>quomo-</strong></span> 
     </span>
    </p>
   </div>
   <div class='ocr_carea' id='block_1_110' title="bbox 197 2921 482 2953">
    <p class='ocr_par' dir='ltr' id='par_1_110' title="bbox 197 2921 482 2953">
     <span class='ocr_line' id='line_1_112' title="bbox 197 2921 482 2953; baseline -0.004 -1"><span class='ocrx_word' id='word_1_870' title='bbox 197 2921 333 2953; x_wconf 76' lang='grc' dir='ltr'>ΡΑτιιοι.</span> <span class='ocrx_word' id='word_1_871' title='bbox 350 2921 410 2952; x_wconf 79' lang='lat' dir='ltr'><strong>Gn.</strong></span> <span class='ocrx_word' id='word_1_872' title='bbox 426 2921 482 2952; x_wconf 82' lang='lat' dir='ltr'><strong>IX.</strong></span> 
     </span>
    </p>
   </div>
   <div class='ocr_carea' id='block_1_111' title="bbox 156 2557 594 2593">
    <p class='ocr_par' dir='ltr' id='par_1_111' title="bbox 156 2557 594 2593">
     <span class='ocr_line' id='line_1_113' title="bbox 156 2557 594 2593; baseline 0 -9"><span class='ocrx_word' id='word_1_873' title='bbox 156 2557 204 2589; x_wconf 83' lang='grc' dir='ltr'><strong>Τῷ.</strong></span> <span class='ocrx_word' id='word_1_874' title='bbox 231 2558 276 2585; x_wconf 87' lang='grc' dir='ltr'>Ἐν</span> <span class='ocrx_word' id='word_1_875' title='bbox 286 2558 325 2593; x_wconf 85' lang='grc' dir='ltr'>τῷ</span> <span class='ocrx_word' id='word_1_876' title='bbox 339 2558 410 2593; x_wconf 89' lang='lat' dir='ltr'><strong>apud</strong></span> <span class='ocrx_word' id='word_1_877' title='bbox 427 2557 458 2585; x_wconf 90' lang='lat' dir='ltr'><strong>D.</strong></span> <span class='ocrx_word' id='word_1_878' title='bbox 470 2557 594 2585; x_wconf 86' lang='lat' dir='ltr'><strong>Paulum.</strong></span> 
     </span>
    </p>
   </div>
   <div class='ocr_carea' id='block_1_112' title="bbox 152 2592 822 2628">
    <p class='ocr_par' dir='ltr' id='par_1_112' title="bbox 152 2592 822 2628">
     <span class='ocr_line' id='line_1_114' title="bbox 152 2592 822 2628; baseline 0.001 -9"><span class='ocrx_word' id='word_1_879' title='bbox 152 2592 199 2627; x_wconf 81' lang='grc' dir='ltr'><strong>Μὴ</strong></span> <span class='ocrx_word' id='word_1_880' title='bbox 212 2593 268 2628; x_wconf 76' lang='grc' dir='ltr'>γὰρ</span> <span class='ocrx_word' id='word_1_881' title='bbox 283 2592 331 2620; x_wconf 83' lang='grc' dir='ltr'><strong>οὗ.</strong></span> <span class='ocrx_word' id='word_1_882' title='bbox 350 2592 406 2621; x_wconf 84' lang='lat' dir='ltr'><strong>Has</strong></span> <span class='ocrx_word' id='word_1_883' title='bbox 415 2600 496 2621; x_wconf 87' lang='lat' dir='ltr'><strong>voces</strong></span> <span class='ocrx_word' id='word_1_884' title='bbox 510 2600 564 2620; x_wconf 92' lang='lat' dir='ltr'><strong>non</strong></span> <span class='ocrx_word' id='word_1_885' title='bbox 575 2593 699 2628; x_wconf 77' lang='lat' dir='ltr'><strong>agnoscit</strong></span> <span class='ocrx_word' id='word_1_886' title='bbox 709 2592 741 2621; x_wconf 86' lang='grc' dir='ltr'><strong>ῐ).</strong></span> <span class='ocrx_word' id='word_1_887' title='bbox 754 2592 822 2620; x_wconf 84' lang='lat' dir='ltr'><strong>Pau-</strong></span> 
     </span>
    </p>
   </div>
   <div class='ocr_carea' id='block_1_113' title="bbox 877 2264 1655 2301">
    <p class='ocr_par' dir='ltr' id='par_1_113' title="bbox 877 2264 1655 2301">
     <span class='ocr_line' id='line_1_115' title="bbox 877 2264 1655 2301; baseline -0.006 -6"><span class='ocrx_word' id='word_1_888' title='bbox 877 2272 937 2295; x_wconf 88' lang='lat' dir='ltr'><strong>cata</strong></span> <span class='ocrx_word' id='word_1_889' title='bbox 955 2267 1134 2300; x_wconf 81' lang='lat' dir='ltr'><strong>remittentes,</strong></span> <span class='ocrx_word' id='word_1_890' title='bbox 1150 2270 1177 2294; x_wconf 90' lang='lat' dir='ltr'><strong>et</strong></span> <span class='ocrx_word' id='word_1_891' title='bbox 1192 2270 1311 2301; x_wconf 63' lang='lat' dir='ltr'><strong>accepta;</strong></span> <span class='ocrx_word' id='word_1_892' title='bbox 1331 2265 1439 2300; x_wconf 60' lang='lat' dir='ltr'><strong>injuria</strong></span> <span class='ocrx_word' id='word_1_893' title='bbox 1453 2264 1655 2294; x_wconf 85' lang='lat' dir='ltr'><strong>obliviscentes.</strong></span> 
     </span>
    </p>
   </div>
   <div class='ocr_carea' id='block_1_114' title="bbox 1208 2341 1654 2373">
    <p class='ocr_par' dir='ltr' id='par_1_114' title="bbox 1208 2341 1654 2373">
     <span class='ocr_line' id='line_1_116' title="bbox 1208 2341 1654 2373; baseline -0.002 -4"><span class='ocrx_word' id='word_1_894' title='bbox 1208 2349 1219 2363; x_wconf 75' lang='grc' dir='ltr'><strong>ε</strong></span> <span class='ocrx_word' id='word_1_895' title='bbox 1238 2343 1305 2371; x_wconf 83' lang='lat' dir='ltr'><strong>Ibid.</strong></span> <span class='ocrx_word' id='word_1_896' title='bbox 1343 2342 1356 2362; x_wconf 71' lang='grc' dir='ltr'><em>δ</em></span> <span class='ocrx_word' id='word_1_897' title='bbox 1377 2343 1443 2370; x_wconf 87' lang='lat' dir='ltr'><strong>Ibid.</strong></span> <span class='ocrx_word' id='word_1_898' title='bbox 1483 2347 1494 2360; x_wconf 83' lang='grc'><strong><em>⁸</em></strong></span> <span class='ocrx_word' id='word_1_899' title='bbox 1515 2341 1595 2373; x_wconf 82' lang='lat' dir='ltr'><strong>Ibid.,</strong></span> <span class='ocrx_word' id='word_1_900' title='bbox 1612 2342 1654 2373; x_wconf 75' lang='grc'>16,</span> 
     </span>
    </p>
   </div>
   <div class='ocr_carea' id='block_1_115' title="bbox 874 2454 1202 2489">
    <p class='ocr_par' dir='ltr' id='par_1_115' title="bbox 874 2454 1202 2489">
     <span class='ocr_line' id='line_1_117' title="bbox 874 2454 1202 2489; baseline 0.009 -9"><span class='ocrx_word' id='word_1_901' title='bbox 874 2454 1028 2489; x_wconf 87' lang='lat' dir='ltr'><strong>docunque.</strong></span> <span class='ocrx_word' id='word_1_902' title='bbox 1046 2463 1055 2480; x_wconf 76' lang='grc' dir='ltr'><strong>ι</strong></span> <span class='ocrx_word' id='word_1_903' title='bbox 1071 2454 1202 2483; x_wconf 72' lang='grc' dir='ltr'>δῖιιιυιιο.</span> 
     </span>
    </p>
   </div>
   <div class='ocr_carea' id='block_1_116' title="bbox 874 2489 1654 2553">
    <p class='ocr_par' dir='ltr' id='par_1_116' title="bbox 874 2489 1654 2553">
     <span class='ocr_line' id='line_1_118' title="bbox 910 2489 1654 2526; baseline 0.005 -11"><span class='ocrx_word' id='word_1_904' title='bbox 910 2489 966 2524; x_wconf 74' lang='grc'>(64)</span> <span class='ocrx_word' id='word_1_905' title='bbox 991 2489 1017 2515; x_wconf 88' lang='grc' dir='ltr'><em>Ὁ</em></span> <span class='ocrx_word' id='word_1_906' title='bbox 1039 2491 1130 2523; x_wconf 80' lang='grc' dir='ltr'>ταύτῃ</span> <span class='ocrx_word' id='word_1_907' title='bbox 1153 2490 1347 2524; x_wconf 74' lang='grc' dir='ltr'>κολλώμενος.</span> <span class='ocrx_word' id='word_1_908' title='bbox 1369 2489 1490 2526; x_wconf 73' lang='lat' dir='ltr'><strong>Respicit</strong></span> <span class='ocrx_word' id='word_1_909' title='bbox 1513 2490 1599 2519; x_wconf 81' lang='lat' dir='ltr'><strong>lCor.</strong></span> <span class='ocrx_word' id='word_1_910' title='bbox 1617 2500 1654 2519; x_wconf 72' lang='lat' dir='ltr'><strong>vr.</strong></span> 
     </span>
     <span class='ocr_line' id='line_1_119' title="bbox 874 2523 1654 2553; baseline 0.004 -3"><span class='ocrx_word' id='word_1_911' title='bbox 874 2523 918 2553; x_wconf 75' lang='grc'><strong>16,</strong></span> <span class='ocrx_word' id='word_1_912' title='bbox 936 2524 969 2550; x_wconf 78' lang='grc'>17</span> <span class='ocrx_word' id='word_1_913' title='bbox 984 2524 1028 2551; x_wconf 82' lang='grc' dir='ltr'><strong>;Ἢ</strong></span> <span class='ocrx_word' id='word_1_914' title='bbox 1045 2523 1093 2550; x_wconf 66' lang='grc' dir='ltr'>οὐκ</span> <span class='ocrx_word' id='word_1_915' title='bbox 1107 2524 1204 2553; x_wconf 79' lang='grc' dir='ltr'>οἴδατε.</span> <span class='ocrx_word' id='word_1_916' title='bbox 1216 2524 1279 2551; x_wconf 85' lang='grc' dir='ltr'><strong>ὅτιὺ</strong></span> <span class='ocrx_word' id='word_1_917' title='bbox 1291 2524 1458 2553; x_wconf 79' lang='grc' dir='ltr'>κολλώμενος</span> <span class='ocrx_word' id='word_1_918' title='bbox 1477 2527 1508 2553; x_wconf 84' lang='grc' dir='ltr'>τῆ</span> <span class='ocrx_word' id='word_1_919' title='bbox 1528 2527 1614 2553; x_wconf 81' lang='grc' dir='ltr'>πόρνη</span> <span class='ocrx_word' id='word_1_920' title='bbox 1629 2527 1654 2553; x_wconf 73' lang='grc' dir='ltr'>ἒν</span> 
     </span>
    </p>
   </div>
   <div class='ocr_carea' id='block_1_117' title="bbox 873 2527 1658 2600">
    <p class='ocr_par' dir='ltr' id='par_1_117' title="bbox 873 2527 1658 2600">
     <span class='ocr_line' id='line_1_120' title="bbox 874 2527 1657 2562; baseline 0.004 -12"><span class='ocrx_word' id='word_1_921' title='bbox 874 2527 918 2554; x_wconf 72' lang='grc'><strong>16,</strong></span> <span class='ocrx_word' id='word_1_922' title='bbox 936 2527 969 2550; x_wconf 82' lang='grc' dir='ltr'><strong><em>Π</em></strong></span> <span class='ocrx_word' id='word_1_923' title='bbox 984 2527 1028 2551; x_wconf 82' lang='grc' dir='ltr'><strong>;Ἢ</strong></span> <span class='ocrx_word' id='word_1_924' title='bbox 1045 2527 1093 2550; x_wconf 66' lang='grc' dir='ltr'>οὐκ</span> <span class='ocrx_word' id='word_1_925' title='bbox 1107 2527 1204 2557; x_wconf 73' lang='grc' dir='ltr'>οἴδατε,</span> <span class='ocrx_word' id='word_1_926' title='bbox 1216 2527 1279 2551; x_wconf 74' lang='grc' dir='ltr'>ὃτιῠ</span> <span class='ocrx_word' id='word_1_927' title='bbox 1291 2527 1458 2560; x_wconf 85' lang='grc' dir='ltr'>κολλώμενος</span> <span class='ocrx_word' id='word_1_928' title='bbox 1477 2527 1508 2561; x_wconf 85' lang='grc' dir='ltr'><strong>τῇ</strong></span> <span class='ocrx_word' id='word_1_929' title='bbox 1528 2527 1615 2562; x_wconf 85' lang='grc' dir='ltr'>πόρνῃ</span> <span class='ocrx_word' id='word_1_930' title='bbox 1629 2527 1657 2553; x_wconf 83' lang='grc' dir='ltr'>ἒν</span> 
     </span>
     <span class='ocr_line' id='line_1_121' title="bbox 873 2558 1658 2600; baseline 0.006 -16"><span class='ocrx_word' id='word_1_931' title='bbox 873 2558 1204 2600; x_wconf 28' lang='grc' dir='ltr'>σῷμῲξεζιινςξᾟρονται</span> <span class='ocrx_word' id='word_1_932' title='bbox 1220 2559 1394 2600; x_wconf 38' lang='grc' dir='ltr'><strong>γὲεκπιωσὴζ</strong></span> <span class='ocrx_word' id='word_1_933' title='bbox 1409 2561 1432 2587; x_wconf 85' lang='grc' dir='ltr'>οἱ</span> <span class='ocrx_word' id='word_1_934' title='bbox 1449 2560 1494 2600; x_wconf 71' lang='grc' dir='ltr'><strong>δύο</strong></span> <span class='ocrx_word' id='word_1_935' title='bbox 1509 2562 1558 2600; x_wconf 48' lang='grc' dir='ltr'>είς.</span> <span class='ocrx_word' id='word_1_936' title='bbox 1567 2562 1658 2597; x_wconf 79' lang='grc' dir='ltr'>σάρκα</span> 
     </span>
    </p>
   </div>
   <div class='ocr_carea' id='block_1_118' title="bbox 874 2593 1618 2636">
    <p class='ocr_par' dir='ltr' id='par_1_118' title="bbox 874 2593 1618 2636">
     <span class='ocr_line' id='line_1_122' title="bbox 874 2593 1618 2636; baseline 0.003 -17"><span class='ocrx_word' id='word_1_937' title='bbox 874 2593 1026 2636; x_wconf 29' lang='lat' dir='ltr'><strong>ﬂexionis</strong></span> <span class='ocrx_word' id='word_1_938' title='bbox 1041 2593 1209 2636; x_wconf 71' lang='grc' dir='ltr'>κολλώμενος</span> <span class='ocrx_word' id='word_1_939' title='bbox 1222 2593 1264 2636; x_wconf 67' lang='grc' dir='ltr'><strong>τῷ</strong></span> <span class='ocrx_word' id='word_1_940' title='bbox 1274 2593 1367 2636; x_wconf 64' lang='grc' dir='ltr'>Κυρίῳ</span> <span class='ocrx_word' id='word_1_941' title='bbox 1384 2595 1413 2622; x_wconf 85' lang='grc' dir='ltr'>ἓν</span> <span class='ocrx_word' id='word_1_942' title='bbox 1429 2595 1538 2636; x_wconf 68' lang='grc' dir='ltr'>πνεῦμα</span> <span class='ocrx_word' id='word_1_943' title='bbox 1551 2593 1618 2636; x_wconf 49' lang='grc' dir='ltr'>ἐστι.</span> 
     </span>
    </p>
   </div>
   <div class='ocr_carea' id='block_1_119' title="bbox 908 2628 1657 2664">
    <p class='ocr_par' dir='ltr' id='par_1_119' title="bbox 908 2628 1657 2664">
     <span class='ocr_line' id='line_1_123' title="bbox 908 2628 1657 2664; baseline 0.004 -9"><span class='ocrx_word' id='word_1_944' title='bbox 908 2629 963 2664; x_wconf 81' lang='grc'>(65)</span> <span class='ocrx_word' id='word_1_945' title='bbox 985 2630 1046 2664; x_wconf 67' lang='grc' dir='ltr'><strong>οὐχ</strong></span> <span class='ocrx_word' id='word_1_946' title='bbox 1062 2628 1147 2663; x_wconf 79' lang='grc' dir='ltr'>ᾱγ-ιον</span> <span class='ocrx_word' id='word_1_947' title='bbox 1157 2630 1201 2664; x_wconf 85' lang='grc' dir='ltr'><strong>είς</strong></span> <span class='ocrx_word' id='word_1_948' title='bbox 1212 2628 1311 2664; x_wconf 73' lang='grc' dir='ltr'>σάρκα</span> <span class='ocrx_word' id='word_1_949' title='bbox 1319 2628 1402 2663; x_wconf 72' lang='grc' dir='ltr'>μίαν,</span> <span class='ocrx_word' id='word_1_950' title='bbox 1420 2630 1470 2657; x_wconf 82' lang='grc' dir='ltr'>καὶ</span> <span class='ocrx_word' id='word_1_951' title='bbox 1486 2628 1559 2663; x_wconf 73' lang='grc' dir='ltr'>βίον</span> <span class='ocrx_word' id='word_1_952' title='bbox 1578 2631 1657 2658; x_wconf 75' lang='grc' dir='ltr'><strong>ἐθνι-</strong></span> 
     </span>
    </p>
   </div>
   <div class='ocr_carea' id='block_1_120' title="bbox 871 2663 1655 2702">
    <p class='ocr_par' dir='ltr' id='par_1_120' title="bbox 871 2663 1655 2702">
     <span class='ocr_line' id='line_1_124' title="bbox 871 2663 1655 2702; baseline 0.003 -12"><span class='ocrx_word' id='word_1_953' title='bbox 871 2663 927 2690; x_wconf 64' lang='grc' dir='ltr'>κάν</span> <span class='ocrx_word' id='word_1_954' title='bbox 938 2663 987 2702; x_wconf 57' lang='grc' dir='ltr'>καὶ</span> <span class='ocrx_word' id='word_1_955' title='bbox 1004 2663 1231 2702; x_wconf 36' lang='grc' dir='ltr'><strong>ᾂνιληνᾼέλπίδᾳ.</strong></span> <span class='ocrx_word' id='word_1_956' title='bbox 1251 2663 1351 2702; x_wconf 62' lang='lat' dir='ltr'><strong>§crjbe</strong></span> <span class='ocrx_word' id='word_1_957' title='bbox 1360 2674 1368 2702; x_wconf 55' lang='grc' dir='ltr'><strong>ι</strong></span> <span class='ocrx_word' id='word_1_958' title='bbox 1377 2664 1405 2691; x_wconf 90' lang='grc' dir='ltr'>Ὁ</span> <span class='ocrx_word' id='word_1_959' title='bbox 1418 2664 1503 2702; x_wconf 84' lang='grc' dir='ltr'>ταύτῃ</span> <span class='ocrx_word' id='word_1_960' title='bbox 1518 2666 1655 2702; x_wconf 76' lang='grc' dir='ltr'>κολλώμε-</span> 
     </span>
    </p>
   </div>
   <div class='ocr_carea' id='block_1_121' title="bbox 870 2698 1656 2736">
    <p class='ocr_par' dir='ltr' id='par_1_121' title="bbox 870 2698 1656 2736">
     <span class='ocr_line' id='line_1_125' title="bbox 870 2698 1656 2736; baseline 0.003 -12"><span class='ocrx_word' id='word_1_961' title='bbox 870 2707 914 2736; x_wconf 56' lang='grc' dir='ltr'><strong>νος</strong></span> <span class='ocrx_word' id='word_1_962' title='bbox 929 2700 962 2734; x_wconf 86' lang='grc' dir='ltr'>τῇ</span> <span class='ocrx_word' id='word_1_963' title='bbox 981 2698 1066 2736; x_wconf 70' lang='grc' dir='ltr'>πόρνῃ</span> <span class='ocrx_word' id='word_1_964' title='bbox 1088 2699 1123 2736; x_wconf 65' lang='grc' dir='ltr'><strong>τῇ</strong></span> <span class='ocrx_word' id='word_1_965' title='bbox 1143 2699 1219 2736; x_wconf 70' lang='grc' dir='ltr'>παρὰ</span> <span class='ocrx_word' id='word_1_966' title='bbox 1231 2698 1283 2736; x_wconf 86' lang='grc' dir='ltr'><strong>τὴν</strong></span> <span class='ocrx_word' id='word_1_967' title='bbox 1295 2698 1427 2736; x_wconf 70' lang='grc' dir='ltr'>διαθήκην</span> <span class='ocrx_word' id='word_1_968' title='bbox 1441 2698 1575 2736; x_wconf 71' lang='grc' dir='ltr'>ἐνεργείᾳ,</span> <span class='ocrx_word' id='word_1_969' title='bbox 1592 2698 1656 2727; x_wconf 69' lang='grc' dir='ltr'>ἄλλο</span> 
     </span>
    </p>
   </div>
   <div class='ocr_carea' id='block_1_122' title="bbox 872 2733 1654 2770">
    <p class='ocr_par' dir='ltr' id='par_1_122' title="bbox 872 2733 1654 2770">
     <span class='ocr_line' id='line_1_126' title="bbox 872 2733 1654 2770; baseline 0.004 -11"><span class='ocrx_word' id='word_1_970' title='bbox 872 2733 1238 2770; x_wconf 25' lang='grc' dir='ltr'>σῶμα-γίνεταιηοῦχλᾶγιον</span> <span class='ocrx_word' id='word_1_971' title='bbox 1261 2735 1301 2770; x_wconf 69' lang='grc' dir='ltr'><strong>είς</strong></span> <span class='ocrx_word' id='word_1_972' title='bbox 1321 2733 1414 2770; x_wconf 49' lang='grc' dir='ltr'>σάρκα</span> <span class='ocrx_word' id='word_1_973' title='bbox 1434 2733 1514 2769; x_wconf 62' lang='grc' dir='ltr'>μίαν,</span> <span class='ocrx_word' id='word_1_974' title='bbox 1532 2733 1577 2762; x_wconf 74' lang='grc' dir='ltr'>καὶ</span> <span class='ocrx_word' id='word_1_975' title='bbox 1598 2736 1654 2770; x_wconf 78' lang='grc' dir='ltr'>βίον</span> 
     </span>
    </p>
   </div>
   <div class='ocr_carea' id='block_1_123' title="bbox 871 2768 1476 2804">
    <p class='ocr_par' dir='ltr' id='par_1_123' title="bbox 871 2768 1476 2804">
     <span class='ocr_line' id='line_1_127' title="bbox 871 2768 1476 2804; baseline 0.007 -10"><span class='ocrx_word' id='word_1_976' title='bbox 871 2768 930 2804; x_wconf 73' lang='grc' dir='ltr'>ἔχει</span> <span class='ocrx_word' id='word_1_977' title='bbox 942 2768 1047 2804; x_wconf 72' lang='grc' dir='ltr'>εθνικὸν</span> <span class='ocrx_word' id='word_1_978' title='bbox 1058 2769 1106 2794; x_wconf 78' lang='grc' dir='ltr'>καὶ</span> <span class='ocrx_word' id='word_1_979' title='bbox 1121 2768 1204 2804; x_wconf 71' lang='grc' dir='ltr'>ἀλλην</span> <span class='ocrx_word' id='word_1_980' title='bbox 1217 2768 1323 2804; x_wconf 62' lang='grc' dir='ltr'><strong>ἐλπίδαἶ</strong></span> <span class='ocrx_word' id='word_1_981' title='bbox 1337 2768 1476 2798; x_wconf 63' lang='grc' dir='ltr'>Ηειινειοε.</span> 
     </span>
    </p>
   </div>
   <div class='ocr_carea' id='block_1_124' title="bbox 907 2802 1654 2839">
    <p class='ocr_par' dir='ltr' id='par_1_124' title="bbox 907 2802 1654 2839">
     <span class='ocr_line' id='line_1_128' title="bbox 907 2802 1654 2839; baseline 0.004 -9"><span class='ocrx_word' id='word_1_982' title='bbox 907 2803 963 2838; x_wconf 90' lang='grc'>(66)</span> <span class='ocrx_word' id='word_1_983' title='bbox 982 2804 1107 2839; x_wconf 44' lang='lat' dir='ltr'><strong>[Eranos</strong></span> <span class='ocrx_word' id='word_1_984' title='bbox 1137 2802 1231 2832; x_wconf 77' lang='lat' dir='ltr'><strong>Matth.</strong></span> <span class='ocrx_word' id='word_1_985' title='bbox 1249 2811 1275 2834; x_wconf 82' lang='lat' dir='ltr'><strong>V,</strong></span> <span class='ocrx_word' id='word_1_986' title='bbox 1293 2803 1328 2830; x_wconf 72' lang='grc'><strong>48</strong></span> <span class='ocrx_word' id='word_1_987' title='bbox 1349 2813 1355 2830; x_wconf 89' lang='lat'>:</span> <span class='ocrx_word' id='word_1_988' title='bbox 1371 2804 1483 2831; x_wconf 83' lang='grc' dir='ltr'>Ἔσεσθε</span> <span class='ocrx_word' id='word_1_989' title='bbox 1507 2802 1553 2832; x_wconf 78' lang='grc' dir='ltr'>οὖν</span> <span class='ocrx_word' id='word_1_990' title='bbox 1577 2804 1654 2839; x_wconf 66' lang='grc' dir='ltr'><strong>ὑμεῖζ</strong></span> 
     </span>
    </p>
   </div>
   <div class='ocr_carea' id='block_1_125' title="bbox 870 2837 1654 2900">
    <p class='ocr_par' dir='ltr' id='par_1_125' title="bbox 870 2837 1654 2900">
     <span class='ocr_line' id='line_1_129' title="bbox 870 2837 1654 2900; baseline 0 -36"><span class='ocrx_word' id='word_1_991' title='bbox 870 2837 976 2900; x_wconf 62' lang='grc' dir='ltr'>ἷέλειοι,</span> <span class='ocrx_word' id='word_1_992' title='bbox 992 2838 1085 2875; x_wconf 83' lang='grc' dir='ltr'>ὥσπερ</span> <span class='ocrx_word' id='word_1_993' title='bbox 1104 2839 1118 2865; x_wconf 85' lang='grc' dir='ltr'><strong>ό</strong></span> <span class='ocrx_word' id='word_1_994' title='bbox 1138 2839 1231 2875; x_wconf 80' lang='grc' dir='ltr'>Πατὴρ</span> <span class='ocrx_word' id='word_1_995' title='bbox 1253 2839 1268 2864; x_wconf 83' lang='grc' dir='ltr'><strong>ό</strong></span> <span class='ocrx_word' id='word_1_996' title='bbox 1289 2839 1318 2865; x_wconf 79' lang='grc' dir='ltr'>ἐν</span> <span class='ocrx_word' id='word_1_997' title='bbox 1338 2840 1393 2870; x_wconf 82' lang='grc' dir='ltr'>τοῖς</span> <span class='ocrx_word' id='word_1_998' title='bbox 1417 2840 1542 2875; x_wconf 83' lang='grc' dir='ltr'>οὐρανοῖς</span> <span class='ocrx_word' id='word_1_999' title='bbox 1555 2837 1654 2870; x_wconf 74' lang='grc' dir='ltr'>τέλειος</span> 
     </span>
     <span class='ocr_line' id='line_1_130' title="bbox 886 2881 937 2900; baseline 0 0"><span class='ocrx_word' id='word_1_1000' title='bbox 886 2881 937 2900; x_wconf 79' lang='grc' dir='ltr'>σει.</span> 
     </span>
    </p>
   </div>
   <div class='ocr_carea' id='block_1_126' title="bbox 886 2881 937 2901">
    <p class='ocr_par' dir='ltr' id='par_1_126' title="bbox 886 2881 937 2901">
     <span class='ocr_line' id='line_1_131' title="bbox 886 2881 937 2901; baseline 0.02 -1"><span class='ocrx_word' id='word_1_1001' title='bbox 886 2881 937 2901; x_wconf 78' lang='grc' dir='ltr'>σει.</span> 
     </span>
    </p>
   </div>
   <div class='ocr_carea' id='block_1_127' title="bbox 1464 2919 1552 2951">
    <p class='ocr_par' dir='ltr' id='par_1_127' title="bbox 1464 2919 1552 2951">
     <span class='ocr_line' id='line_1_132' title="bbox 1464 2919 1552 2951; baseline 0.034 -3"><span class='ocrx_word' id='word_1_1002' title='bbox 1464 2919 1552 2951; x_wconf 62' lang='lat'><strong>17.</strong></span> 
     </span>
    </p>
   </div>
  </div>
