1933 3075
253 147 307 176 523

829 140 1026 170 CLEMENTIS
1045 140 1209 168 ALEXAND
1215 139 1282 167 RINI

1834 137 1881 165 εει

254 214 282 236 et
304 209 428 237 viventes
451 208 479 236 in
505 207 597 235 habitu
622 204 840 240 impatibilitatis.
865 203 942 230 Sicut
966 203 1039 230 enim

1098 201 1311 238 παλαμὸάνεται·
1343 203 1374 229 οὐ
1399 202 1454 239 γὰρ
1480 201 1607 237 καθάπερ
1634 200 1659 227 οἱ
1687 198 1805 226 Στωϊκοὶ
1831 199 1881 234 (67)

254 254 407 290 perfectum
420 254 536 281 dicimus
552 252 697 282 medicum.
712 254 739 278 et
755 249 905 285 perfectum
921 249 1042 284 philoso-

255 301 339 336 phum
359 309 365 328 :
383 299 430 331 ita,
446 303 475 326 ut
497 299 603 333 opinor,
619 296 769 332 perfectum
795 296 960 331 gnosticum.
987 293 1041 321 Sed

255 346 371 373 nihilex
386 345 440 377 his,
453 345 504 372 etsi
522 345 558 371 sit
579 343 740 373 maximum,
764 341 914 368 assumitur
935 340 969 367 ad
996 339 1042 367 Dei

257 391 464 419 similitudinem
481 399 487 417 :
504 397 558 416 non
580 388 663 419 enim,
689 392 719 415 ut
743 386 840 416 Stoici.
855 386 933 413 valde
961 385 1044 420 impie

255 437 374 465 hominis
387 440 414 463 et
430 436 475 463 Dei
490 435 612 462 eamdem
626 442 687 461 esse
702 433 819 460 dicimus
834 432 973 460 virtutem.
984 432 1040 458 An-

255 492 309 511 non
324 491 390 518 ergo
402 481 532 509 debemus
545 488 607 508 esse
625 478 749 514 perfecti,
767 482 796 505 ut
811 478 868 505 vult
882 477 978 504 Pater?
991 476 1040 504 Ne-

254 537 390 565 quaquam
407 529 478 555 enim
495 527 553 555 fieri
572 530 659 561 potest
678 529 708 552 ut
731 526 765 551 sit
788 524 886 558 aliquis
903 522 1039 558 perfectus

254 579 284 602 ut
298 578 340 601 est
353 573 424 601 Deus
440 582 446 599 :
460 572 518 599 vult
534 575 623 598 autem
637 570 718 596 Pater
741 577 802 601 nos,
817 569 854 595 ita
875 569 997 595 viventes
1010 572 1039 594 ut

253 619 413 647 obediamus
434 617 590 652 Evangelio,
609 615 745 651 perfectos
771 614 829 642 ﬁeri
852 614 921 641 citra
947 621 1039 649 repre-

253 665 423 693 hensionem.
448 663 476 691 Si
492 671 556 698 ergo
573 670 636 690 cum
653 662 704 688 hoc
719 662 756 688 ita
774 661 810 688 sit
824 661 926 687 dictum
943 664 972 687 ut
988 660 1040 687 ali—

253 711 318 747 quid
335 709 503 744 subintelligi
529 708 636 740 debeat,
654 707 681 735 id
694 706 768 742 quod
783 707 860 734 deest
875 706 1044 734 subaudieri-

1092 246 1180 278 ἀθέως
1194 247 1264 273 πάνυ
1281 247 1329 283 τὴν
1345 247 1429 283 αὐτὴν
1441 247 1541 284 ἀρετὴν
1557 244 1701 281 ἀνθρώπου
1713 244 1830 279 λέγομεν
1840 244 1881 270 καὶ

1093 293 1170 319 Θεοῦ.
1188 294 1262 329 Μήτι
1277 291 1322 320 οὖν
1339 293 1435 320 τέλειοι
1449 293 1573 327 γίνεσθαι
1589 291 1745 326 ὀφείλομεν,
1757 290 1795 322 ὡς
1805 291 1818 316 ὸ
1830 291 1882 316 Πα-

1094 339 1145 374 τὴρ
1171 339 1310 374 βούλεται;
1332 338 1473 365 Ἀδύνατον
1497 338 1552 374 γὰρ
1576 337 1624 364 καὶ
1649 337 1802 372 ἀμήχανον,
1819 336 1855 367 ὡς
1869 337 1883 362 ό

1094 384 1159 415 Θεός
1176 385 1244 416 ἐστι,
1259 384 1385 418 γενέσθαι
1409 382 1470 410 τινὰ
1486 383 1586 410 τέλειον
1596 391 1602 397 ·
1622 382 1747 417 βούλεται
1761 381 1790 408 δὲ
1801 383 1815 408 ό
1831 382 1882 408 Πα-

1094 429 1146 465 τὴρ
1163 429 1265 461 ζῶντας
1279 430 1352 464 ἡμᾶς
1367 429 1437 456 κατὰ
1448 429 1497 464 τὴν
1511 428 1556 455 τοῦ
1570 428 1738 462 Εὑαγγελίου
1753 428 1881 463 ὑπακοὴν,

1092 475 1282 510 ἀνεπιλήπτως
1298 475 1416 508 τελείους
1434 474 1640 510 γίγνεσθαι.“Ἡν
1657 473 1715 506 οὖν,
1733 475 1794 501 κατ’
1808 474 1883 500 ἐλλει-

1091 521 1137 556 etv
1160 520 1305 556 λεγομένου
1322 521 1368 547 τοῦ
1388 521 1480 557 ῥητοῦ,
1499 520 1771 557 προσυπακούσωμεν
1792 521 1822 546 τὸ
1843 521 1883 546 ὲν-

1091 569 1159 600 δέον,
1177 569 1216 599 εἰς
1234 568 1426 604 ἀναπλήρωσιν
1449 568 1497 604 τῆς
1517 567 1668 604 περικοπῆς
1685 569 1743 599 τοῖς
1767 567 1882 594 συνιέναι

1090 615 1249 650 δυναμένοις
1263 614 1492 649 ἀπολελειμμένον
1510 613 1644 645 ἐκλαϐεῖν,
1668 613 1717 640 καὶ
1733 613 1764 639 τὸ
1781 612 1883 647 θέλημα

1092 660 1139 687 τοῦ
1165 661 1231 687 Θεοῦ
1256 660 1434 696 γνωριοῦμεν,
1455 661 1503 687 καὶ
1527 660 1588 687 κατ’
1607 659 1686 691 ἀξίαν
1708 658 1759 694 τῆς
1780 658 1883 692 ἐντολῆς

1095 706 1213 739 εὐσεὸὦς
1231 707 1289 742 ἅμα
1306 707 1353 734 καὶ
1371 706 1580 742 μεγαλοφρόνως
1595 705 1822 739 πολιτευσόμεθα.

253 765 325 788 mus.
342 760 372 784 ut
390 756 527 784 sententia
552 755 711 789 suppleatur
726 753 760 781 iis
776 753 822 788 qui
836 757 952 788 possunt
968 753 1040 788 quod
1053 752 1144 781 deficit
1160 754 1316 789 intelligere
1334 762 1342 781 :
1375 758 1403 780 et
1434 753 1602 780 voluntatem
1619 751 1666 780 Dei
1676 758 1882 787 cognoscemus.

252 809 280 831 et
294 811 342 840 pro
357 803 490 838 dignitate
506 801 629 829 mandati
643 801 727 828 simul
744 801 788 836 pie
802 805 829 828 et
845 800 988 836 magniﬁce
1003 801 1134 829 vivemus.

977 869 1091 897 CAPUT
1107 869 1166 898 XV.

372 927 517 962 Respondet
536 927 676 962 objectioni
692 927 799 954 illorum
814 927 858 963 qui
868 927 994 954 Ecclesia:
1006 935 1032 954 se
1048 926 1193 962 adjungere
1209 931 1331 954 recusant
1346 931 1452 961 propter
1465 925 1603 953 lia-resium
1620 925 1773 952 varietates.

288 984 425 1018 Quoniam
441 989 530 1012 autem
546 988 630 1012 restat
644 992 718 1012 nunc
733 988 763 1011 ut
781 983 995 1019 respondeamus
1010 984 1044 1012 iis

1136 984 1244 1020 Ἐπειδὴ
1259 984 1289 1011 δὲ
1305 983 1451 1011 ἀκόλουθόν
1468 984 1525 1009 ἐστι
1544 982 1612 1018 πρὸς
1628 981 1661 1008 τὰ
1679 981 1733 1007 ὑπὸ
1755 980 1884 1016 Ἐλλήνων

255 1040 316 1067 quae
329 1040 344 1059 a
360 1031 462 1059 Graecis
477 1036 504 1059 et
518 1031 620 1059 Iudaeis
633 1032 712 1059 nobis
728 1031 896 1066 objiciuntur
909 1041 915 1058 :
933 1031 960 1058 in
974 1039 1043 1058 non-

255 1078 337 1105 nullis
352 1081 442 1104 autem
457 1077 676 1105 dubitationibus
692 1077 819 1104 similiter
842 1081 924 1111 atque
946 1077 1044 1111 praedi-

255 1125 308 1152 ctis
321 1131 371 1151 nos
385 1123 589 1158 reprehendunt
603 1130 663 1158 quae
677 1123 758 1149 aliam
775 1126 928 1157 sequuntur
942 1122 1043 1149 doctri-

253 1179 317 1198 nam
336 1171 453 1198 bzereses
470 1180 476 1197 :
494 1177 583 1205 operm
609 1170 741 1197 faciemus
768 1170 896 1204 pretium,
919 1169 942 1197 si
968 1170 1043 1204 prius

254 1217 412 1253 expurgatis
430 1217 463 1244 iis
481 1225 542 1252 qua:
557 1218 584 1243 in
598 1216 687 1244 medio
698 1220 775 1247 sunt.
792 1216 878 1251 parati
896 1215 928 1242 ad
941 1217 1046 1244 solven-

254 1264 303 1291 das
316 1263 513 1294 dubitationes,
529 1263 735 1298 progrediamur
749 1262 781 1289 ad
794 1270 913 1297 sequens
925 1262 1043 1289 Stroma.

252 1309 373 1336 Primum
389 1317 454 1344 ergo
469 1309 522 1336 hoc
538 1309 670 1336 adversus
685 1316 735 1336 nos
752 1308 901 1340 adducunt,
924 1308 1046 1336 dicentes

253 1362 308 1382 non
319 1359 445 1390 oportere
461 1354 573 1382 credere
585 1357 614 1386 »Β
627 1359 737 1389 propter
752 1353 950 1382 dissensionem
961 1354 1047 1381 haere-

253 1400 324 1428 sium
341 1410 347 1427 :
364 1400 492 1428 distrahit
505 1401 579 1427 enim
597 1407 647 1427 nos
673 1407 704 1427 ac
733 1399 864 1434 defatigat
882 1400 963 1427 etiam
985 1400 1045 1434 ipsa

253 1445 367 1476 veritas,
388 1445 452 1472 dum
467 1445 513 1471 alii
528 1445 581 1471 alia
598 1445 771 1471 constituunt
784 1444 921 1479 dogmata.
938 1444 1043 1477 Quibus

254 1490 465 1525 respondemus,
481 1490 555 1524 quod
580 1494 607 1517 et
627 1490 699 1525 apud
719 1498 769 1517 vos
787 1489 907 1522 Judmos,
924 1494 951 1517 et
970 1490 1043 1525 apud

211 1537 218 1543 '
252 1544 301 1564 eos
321 1535 369 1572 qui
385 1536 455 1564 inter
474 1536 583 1564 Grzecos
612 1534 688 1563 fuere
709 1536 737 1563 in
765 1536 884 1562 maxima
901 1536 1043 1563 existima-

323 1627 357 1657 ᾖ
378 1623 410 1651 Ρ.
428 1624 491 1655 887,
511 1622 564 1651 ΕΙ).
581 1621 728 1655 POTTER,
749 1623 802 1650 754
818 1622 872 1650 Εἰ).
893 1622 1005 1651 PARIS.

291 1702 347 1738 (67)
369 1701 544 1738 ΟῑΣτωτκοζ.
566 1700 650 1738 Stoici
667 1700 722 1728 Deo
742 1709 774 1728 ac
791 1700 947 1738 hominibus
968 1708 1044 1738 eam-

255 1735 317 1764 dem
339 1735 449 1764 'reetam
479 1737 611 1763 rationem
634 1736 724 1764 inesse
750 1736 891 1770 putabant.
919 1735 1045 1762 Laertius

257 1771 306 1799 lib.
321 1779 372 1804 vlt,
391 1779 448 1805 seg.
464 1771 498 1798 88
513 1781 518 1798 :
532 1771 630 1806 Διόπερ
642 1771 718 1803 τέλος
732 1771 837 1805 γίνεται
850 1771 879 1797 τὸ
892 1770 1046 1806 ἀκολούθως

306 1806 385 1841 φύσει
399 1806 462 1842 ζῇν·
477 1807 544 1842 ὅπερ
559 1805 620 1833 ὲστῐ
634 1808 693 1833 κατ’
706 1806 805 1842 ᾁρετὴν
814 1806 900 1842 αὐτοῦ
913 1805 961 1832 καὶ
976 1805 1047 1842 κατὰ

291 1838 318 1868 ν’
331 1842 385 1868 τῶν
408 1838 489 1877 γελων,
509 1838 584 1868 οὐδὲν
607 1838 789 1877 ἐνεργοῦντας
810 1838 847 1877 ὧν
866 1840 1047 1877 όιπαγορεύειν

256 1876 350 1912 εἴωθεν
361 1877 375 1902 ὁ
385 1876 465 1911 νόμος
475 1877 489 1902 ὁ
501 1877 599 1908 κοινὸς,
615 1877 701 1911 ὅσπερ
711 1876 784 1912 ἐστιν
798 1877 811 1903 ὁ
826 1876 904 1912 ρρθὺς
915 1876 993 1910 λόγος
999 1876 1046 1912 ’διὰ

258 1911 366 1947 πάντων
375 1910 530 1947 ἐρχόμενος,
536 1912 550 1938 ὁ
559 1911 640 1943 αὐτὸς
653 1910 729 1946 ὲντῴ
737 1911 777 1947 Διὶἷ
785 1910 952 1947 καθὴγεμόνι
959 1910 1048 1947 catini)

257 1947 306 1981 τῆς
323 1946 377 1972 τῶν
392 1945 476 1973 ιιτων
491 1946 647 1982 διοικήσεως
660 1945 726 1973 ὄντι.
746 1955 755 1970 ι
770 1945 875 1973 Idcirco
891 1945 953 1973 finis
967 1945 1049 1972 cilici-

257 1985 303 2008 tur
317 1985 501 2008 consentauee
516 1982 667 2009 secundum
686 1987 810 2008 naturam
826 1982 927 2013 vivere,
953 1989 1047 2008 secun~

257 2017 322 2043 dum
348 2024 425 2044 suam
451 2021 532 2051 atque
554 2017 745 2044 universorum
762 2020 898 2047 naturam,
916 2016 982 2043 nihil
1005 2023 1049 2042 eo-

257 2059 317 2078 rum
341 2051 467 2078 faciendo
482 2060 542 2086 quae
564 2060 580 2078 a
603 2052 740 2079 communi
767 2052 824 2086 lege
857 2051 1046 2086 prohibentur.

257 2094 317 2121 quae
330 2090 372 2114 est
386 2090 461 2113 recta
477 2087 545 2114 ratio
562 2087 588 2113 in
603 2095 698 2114 omnes
709 2087 882 2121 perveniens.
898 2086 1049 2120 eademque

257 2121 285 2149 in
308 2121 447 2157 Jovehhoc
463 2122 593 2157 principe
613 2121 818 2157 gubernationis
842 2121 963 2157 omnium
988 2128 1049 2157 qua:

262 2162 354 2184 sunt.)
374 2155 444 2183 llinc
459 2155 570 2186 factum;
587 2155 733 2184 ut‘easdem
743 2157 866 2190 utrisque
878 2156 991 2182 virtutes
1003 2155 1050 2182 tri-

257 2191 377 2219 buerint.
396 2191 493 2219 Cicero
508 2191 546 2218 De
565 2191 642 2219 leaib.
659 2192 706 2218 lib.
724 2199 731 2217 l
748 2200 755 2217 ι
773 2199 782 2216 ‹
797 2190 857 2217 Jam
879 2198 945 2217 vero
960 2190 1049 2217 virtus

258 2226 352 2254 eadem
369 2227 396 2253 in
416 2227 526 2253 homine
545 2234 576 2253 ac
590 2225 644 2253 Deo
659 2230 808 2259 est,neque
823 2226 878 2252 ullo
891 2226 944 2252 alio
960 2225 987 2252 in
1001 2225 1049 2252 Ge-

258 2262 305 2289 nio
321 2266 462 2296 przeterca.
478 2261 525 2289 Est
540 2265 630 2288 autem
645 2261 732 2288 virtus
743 2261 812 2288 nihil
827 2261 913 2291 aliud,
924 2261 1049 2296 quamiin

258 2304 289 2324 se
311 2295 442 2331 perfecta,
457 2299 484 2323 et
508 2296 541 2323 ad
555 2303 708 2331 isummum
730 2295 859 2331 perducta
878 2301 984 2323 natura.
1001 2295 1051 2323 Est

258 2330 341 2372 igitur
358 2331 459 2372 homini
467 2339 536 2372 [cum
554 2330 608 2358 Deo
622 2331 808 2372 similitudo»:
824 2330 923 2372 [gerum
942 2334 1051 2372 sentien-

1096 1031 1142 1058 καὶ¹
1156 1031 1290 1058 Ἰουδαίων
1308 1031 1494 1066 ἐπιφερόμενα
1505 1030 1570 1065 ἡμῖν
1580 1028 1742 1063 ἐγκλήματα
1753 1027 1886 1061 ἀπολογή-

1097 1076 1210 1104 σασθαι·
1230 1077 1508 1113 συνεπιλαμϐάνονται
1529 1075 1558 1102 δὲ
1581 1075 1608 1101 ἓν
1624 1082 1679 1101 τισι
1695 1074 1750 1100 τῶν
1766 1073 1886 1109 ἀποριῶν

1096 1124 1194 1159 ὁμοίως
1205 1125 1260 1156 τοῖς
1275 1123 1484 1160 προειρημένοις
1495 1122 1543 1149 καὶ
1553 1121 1580 1148 αἱ
1592 1120 1656 1156 περὶ
1668 1120 1716 1156 τὴν
1727 1120 1814 1155 ἄλλην
1823 1120 1887 1145 διδα-

1097 1170 1210 1197 σκαλίαν
1226 1169 1362 1205 αἱρέσεις
1380 1166 1408 1194 εὗ
1425 1168 1458 1195 ἂν
1474 1167 1541 1202 ἔχοι,
1563 1165 1695 1201 πρότερον
1706 1164 1888 1200 διαχαθὰραν-

1094 1225 1143 1248 τας
1159 1216 1192 1242 τὰ
1210 1215 1344 1251 ἐμποδὼν,
1360 1214 1500 1250 εὐτρεπεῖς
1511 1213 1565 1249 (68)
1581 1213 1627 1240 ἐπὶ
1637 1212 1685 1244 τὰς
1696 1211 1752 1238 τῶν
1765 1211 1886 1246 ἀποριῶν

1093 1262 1194 1293 λύσεις,
1208 1262 1247 1293 εἰς
1262 1262 1307 1288 τὸν
1319 1261 1382 1295 ἑξῆς
1397 1260 1520 1296 προϊέναι
1528 1258 1705 1295 Στρωματέα.
1714 1257 1828 1293 Πρῶτον
1840 1256 1887 1291 μὲν

1093 1306 1139 1335 οὖν
1147 1309 1212 1335 αὐτὸ
1220 1307 1299 1334 τοῦτο
1309 1308 1492 1343 προσάγουσιν
1501 1307 1566 1342 μῖν
1573 1306 1711 1340 λέγοντες,
1721 1305 1760 1341 μὴ
1772 1305 1829 1331 δεῖν
1843 1313 1887 1330 πι-

1095 1353 1201 1380 στεύειν
1216 1352 1260 1379 διὰ
1285 1352 1333 1388 τὴν
1348 1353 1498 1387 διαφωνίαν
1521 1351 1575 1378 τῶν
1590 1351 1722 1387 αἱρέσεων
1732 1359 1739 1366 ο
1758 1349 1887 1385 παρατεί-

1096 1408 1137 1425 νει
1153 1399 1207 1434 (69)
1230 1399 1285 1435 γὰρ
1308 1401 1355 1426 καὶ
1382 1401 1399 1435 ἡ
1417 1399 1541 1435 ἀλήθεια,
1558 1398 1644 1426 ἄλλων
1673 1398 1741 1426 ἄλλα
1759 1398 1887 1432 δογματι-

1099 1444 1208 1476 ζόντων.
1229 1445 1301 1480 Πρὸς
1324 1445 1371 1477 οὓς
1396 1445 1497 1481 φαμέν·
1515 1445 1575 1472 Ὀτι
1591 1445 1638 1472 καὶ
1659 1445 1724 1480 παρ’
1748 1445 1815 1480 ὑμῖν
1835 1445 1888 1475 τοῖς

1101 1490 1248 1523 Ἰουδαίοις,
1278 1492 1326 1518 καὶ
1350 1492 1425 1528 παρὰ
1446 1493 1502 1524 τοῖς
1525 1491 1721 1527 δοκιμωτάτοις
1748 1490 1804 1517 τῶν
1827 1491 1888 1524 παρ’

1097 1537 1209 1573 Ἕλλησι
1235 1537 1397 1573 φιλοσόφων,
1422 1537 1576 1574 πάμπολλοι
1597 1537 1740 1572 γεγόνασιν
1756 1537 1885 1572 αἱρέσεις*

1058 1703 1078 1731 C
1095 1700 1184 1727 virtus
1204 1699 1346 1727 beatorum
1366 1699 1498 1730 omnium,
1515 1706 1546 1725 ac
1564 1698 1678 1733 proinde
1691 1699 1788 1726 eadem
1802 1699 1849 1727 Dei
1862 1704 1887 1727 et

1098 1734 1227 1762 hominis.
1240 1745 1249 1760 ι
1268 1734 1343 1761 Hanc
1357 1734 1520 1761 sententiam
1529 1737 1558 1760 ut
1577 1734 1686 1769 impiam
1703 1742 1786 1769 supra
1802 1743 1890 1768 repre-

1098 1770 1192 1797 hendit
1202 1769 1329 1797 Clemens
1343 1769 1442 1796 Strom.
1460 1777 1491 1799 ιι,
1508 1777 1535 1804 p.
1550 1769 1597 1796 50f
1609 1768 1776 1801 {Stromﬁvn
1786 1778 1814 1804 p.
1829 1770 1888 1797 798.

1097 1805 1256 1838 Quinetiam
1270 1804 1353 1831 iidem
1366 1804 1520 1839 philosophi
1536 1811 1575 1839 eor
1585 1810 1793 1839 processerunt.
1806 1809 1838 1831 ut
1850 1813 1890 1832 sa-

1098 1841 1216 1875 pientem
1234 1847 1314 1867 suum
1330 1838 1384 1875 diis
1402 1838 1503 1875 virtute
1522 1846 1553 1866 ac
1566 1838 1694 1866 felicitate
1710 1847 1804 1874 parem
1819 1840 1889 1867 face-

1098 1873 1168 1902 rent.
1181 1874 1286 1902 Seneca
1298 1882 1341 1909 ep.
1355 1874 1396 1902 74.
1412 1884 1421 1900 ‹
1437 1873 1536 1907 Quanti
1551 1873 1718 1901 :estimamus
1730 1876 1782 1901 hoc
1792 1875 1889 1908 otium,

1098 1910 1170 1944 quod
1194 1910 1264 1936 inter
1283 1910 1350 1937 deos
1366 1910 1465 1944 agitur,
1482 1909 1556 1944 quod
1577 1910 1643 1936 deos
1660 1909 1740 1936 facit?
1762 1910 1801 1936 lta
1817 1910 1888 1939 dico.

1098 1945 1185 1972 Lucili
1199 1954 1205 1971 :
1222 1950 1248 1972 et
1264 1949 1290 1971 te
1304 1945 1331 1971 in
1346 1946 1446 1972 malum
1463 1944 1666 1978 compendiario
1681 1952 1761 1972 voco.
1780 1945 1890 1972 Solebat

1099 1980 1209 2007 Sextius
1221 1980 1323 2010 dicere,
1335 1979 1429 2006 Jovem
1448 1980 1509 2014 plus
1526 1988 1578 2006 non
1594 1987 1674 2014 posse
1688 1987 1771 2014 quam
1788 1980 1889 2007 bonum

1097 2016 1197 2042 virum.
1214 2014 1295 2042 Plura
1317 2014 1424 2049 Jupiter
1448 2014 1539 2046 habet,
1557 2023 1618 2050 qua:
1642 2019 1751 2049 praestet
1776 2015 1891 2042 homini-

1099 2051 1150 2078 bus
1169 2059 1175 2076 :
1193 2050 1243 2077 sed
1260 2051 1331 2077 inter
1345 2051 1415 2077 duos
1437 2050 1523 2076 bonos
1537 2058 1591 2076 non
1612 2053 1654 2077 est
1669 2050 1777 2080 melior.
1793 2051 1841 2084 qui
1857 2051 1891 2077 lo-

1099 2085 1234 2121 cupletior
1247 2094 1253 2111 :
1270 2093 1327 2121 non
1340 2085 1427 2119 magis
1440 2092 1520 2119 quam
1537 2084 1608 2112 inter
1624 2086 1704 2115 duos,
1722 2085 1829 2121 quibus
1843 2093 1890 2119 par

1100 2119 1215 2148 scientia
1231 2120 1341 2155 regendi
1353 2121 1567 2155 gubernaculum
1582 2123 1635 2151 est,
1652 2120 1799 2155 meliorem,
1814 2119 1890 2146 dixe-

1099 2156 1149 2186 ris,
1165 2155 1209 2182 cui
1229 2156 1318 2189 majus
1334 2154 1541 2190 speciosiusque
1554 2155 1690 2188 navigium
1712 2159 1766 2182 est.
1786 2154 1891 2190 Jupiter

1099 2198 1153 2223 quo
1178 2191 1314 2218 antecedit
1336 2193 1425 2218 virum
1449 2189 1568 2217 bonum?
1591 2190 1696 2218 diutius
1725 2189 1889 2217 bonus’est.

1101 2225 1216 2260 Sapiens
1241 2226 1327 2252 nihilo
1350 2234 1379 2253 se
1402 2225 1517 2252 minoris
1539 2225 1665 2260 aestimat,
1688 2225 1761 2260 quod
1776 2227 1891 2252 virtutes

1099 2259 1160 2295 ejus
1175 2263 1264 2295 spatio
1278 2261 1403 2288 breviore
1419 2260 1595 2288 clauduntur.
1609 2259 1847 2293 Quemadmodum
1858 2267 1891 2286 ex

1100 2295 1208 2336 duobus
1224 2296 1393 2336 sapientibus
1408 2295 1454 2330 qui
1466 2295 1558 2335 senior
1568 2295 1688 2336 decessit
1698 2303 1752 2336 non
1768 2300 1812 2336 est
1826 2295 1890 2335 bea-

1101 2331 1154 2358 tior
1173 2338 1206 2358 eo
1221 2330 1301 2366 cujus
1316 2331 1387 2366 intra
1403 2331 1547 2366 pauciores
1564 2337 1651 2366 annos
1666 2331 1819 2366 terminata
1837 2330 1891 2356 vir-

256 2364 327 2406 gam
340 2367 452 2406 elipquit
465 2364 596 2406 Origenes
609 2369 700 2406 contra
712 2364 819 2406 celsam
835 2366 881 2393 lib.
895 2373 973 2406 Iv._p.
985 2365 1047 2406 17?,
1065 2372 1090 2402 ι)
1101 2369 1146 2406 tus
1169 2369 1222 2406 est,
1250 2364 1304 2406 εἰς.
1316 2365 1389 2406 Deus
1400 2364 1560 2406 nonuvincit
1574 2365 1730 2406 sapientem
1750 2365 1890 2405 felicitate.

260 2402 312 2428 180
327 2411 333 2428 :
350 2400 384 2428 Εῑ
402 2400 430 2427 δέ
453 2409 495 2432 τις
515 2400 544 2435 τὸ
565 2400 710 2435 λεγόμενον
732 2401 784 2427 ὑπό
803 2409 893 2432 τινων,
914 2401 969 2427 εἴτε
995 2400 1048 2428 τῶν

259 2436 403 2472 νοούντξων,
417 2435 472 2472 εἴτε
485 2434 540 2472 ρῶν
557 2435 593 2472 μὴ
611 2435 765 2472 συνιέντων,
776 2435 843 2472 ᾁλλὰ
857 2436 1049 2472 παραὲουσάντ

258 2479 313 2497 των
326 2471 405 2504 λόγου
421 2470 525 2503 ὑγιοῦς,
539 2468 648 2506 φάσκοι,
664 2470 731 2506 ὅτινό
741 2471 806 2502 Θεός
817 2468 904 2502 ὲστιν,’
914 2468 973 2506 εἶτα
990 2470 1048 2506 μετ’

259 2505 482 2541 ἐκεῖνον-ἡμεῖς
507 2505 555 2541 καὶ
579 2504 664 2541 κτοῦτό
691 2505 718 2539 γ’
743 2505 776 2541 ἂν
803 2504 1048 2541 ἐρμηνεύοιμιἺτὸ,

262 2514 363 2532 εκεινον
407 2514 482 2537 μεις·
507 2514 555 2531 και
585 2514 664 2532 τουτο
691 2514 716 2539 γ⁷
743 2514 776 2532 αν
803 2514 856 2541 ερμ
876 2514 980 2533 νευοιαι
1008 2514 1048 2536 το,

262 2514 459 2576 ἡμεῖς-λέγων
472 2539 531 2576 ἀντὶ
545 2540 603 2576 τοῦ,
619 2541 646 2576 οἰ
655 2540 783 2576 λογικοὶ,
798 2541 845 2567 καὶ
857 2514 901 2567 an
913 2530 1012 2576 μᾶλλον
1026 2541 1050 2566 οἱ

262 2574 400 2616 σπουδαῖοι
414 2573 525 2618 λογικοῄ
540 2575 607 2601 Καθ’
623 2573 704 2618 ῇμᾶς
713 2575 767 2618 γὰρ
780 2576 801 2618 ,ὴ
816 2575 884 2618 aid-ei;
899 2573 982 2618 ᾅρετῄ
993 2576 1051 2618 ἐστι

262 2584 400 2616 σπουοαιῡι
415 2584 525 2608 Αογικοι.
540 2584 598 2601 tuo
623 2584 696 2618 τλμας
713 2584 767 2636 γαρ
785 2584 801 2611 η
816 2584 884 2611 αυτη
899 2584 982 2611 αρετη
993 2584 1051 2602 εστι

261 2618 316 2646 ξων
334 2609 477 2646 μακαρίων
490 2610 609 2646 πάντων,
624 2619 694 2646 more
716 2619 750 2636 κα
775 2612 791 2646 ὴ
808 2611 878 2646 αὑτὴ
900 2610 985 2646 ἀρετὴ
1005 2610 1052 2636 ἀν-

261 2643 371 2683 Θρώπου
385 2643 432 2683 και
446 2644 523 2683 Θεοῖς.
538 2654 548 2670 ι
562 2644 640 2683 Quod
655 2645 678 2673 si
690 2647 755 2683 quis
766 2643 833 2683 illud
845 2653 860 2672 a
872 2643 1050 2683 quibusdam!

261 2679 321 2715 sive
346 2679 569 2714 intelligentibus.
592 2681 650 2707 sive
672 2679 726 2707 non
749 2679 975 2715 intelligeiitibus,
1002 2679 1050 2707 sed

263 2714 355 2750 potius
381 2714 477 2750 abiis,
496 2715 542 2750 qui
558 2722 700 2750 perperam
715 2723 812 2750 sanum
837 2723 990 2743 sermonem
1004 2723 1052 2741 au-

262 2749 400 2780 diverunt,
418 2749 470 2776 hoc
483 2749 585 2776 dictum
601 2751 676 2777 dicat
692 2759 698 2777 :
714 2749 761 2777 Est
777 2750 858 2781 Deus.
876 2750 974 2777 deinde
990 2753 1052 2785 post

265 2785 341 2820 illum
355 2793 414 2820 rnos
429 2794 435 2812 :
453 2784 578 2819 equidem
602 2792 695 2812 vocem
720 2786 800 2818 hanc,
818 2793 878 2815 nos.
892 2785 1053 2820 interpreta-

264 2826 318 2847 rer.
335 2819 361 2846 id
375 2825 416 2846 est
431 2821 535 2847 ratione
551 2821 667 2855 praediti,
683 2821 723 2847 vel
740 2822 830 2855 potius
852 2821 956 2847 ratione
967 2819 1051 2847 virtu-

265 2859 345 2889 teque
359 2856 457 2883 ornati.
475 2855 542 2882 Nam
553 2856 630 2890 juxta
648 2859 772 2883 nostrum
789 2855 886 2892 dogma
899 2855 992 2884 eadem
1008 2860 1050 2884 cst

1102 2400 1211 2429 etiamsi
1234 2400 1320 2428 vincit
1344 2404 1434 2428 artato.
1456 2400 1516 2427 Non
1540 2404 1583 2427 est
1605 2400 1693 2428 virtus
1718 2400 1817 2434 major.
1833 2407 1892 2434 qua:

1103 2435 1220 2470 longior.
1239 2435 1346 2470 Jupiter
1360 2435 1453 2463 omnia
1469 2435 1550 2462 habet
1566 2445 1572 2462 :
1591 2435 1639 2462 sed
1656 2443 1754 2469 nempe
1763 2435 1826 2462 aliis
1838 2439 1891 2461 tra-

1102 2470 1171 2498 didit
1193 2471 1328 2498 habenda.
1343 2470 1384 2497 Ad
1406 2470 1495 2505 ipsum
1519 2470 1563 2503 hic
1586 2478 1657 2497 unus
1679 2478 1747 2497 usus
1763 2471 1891 2504 pertinet.

1102 2505 1176 2540 quod
1189 2506 1283 2533 utendi
1298 2506 1379 2533 etiam
1396 2505 1523 2532 omnibus
1537 2511 1620 2532 causa
1636 2509 1687 2532 est.
1703 2505 1820 2539 Sapiens
1836 2509 1890 2531 tam

1102 2548 1180 2575 aequo
1202 2541 1294 2568 animo
1315 2541 1407 2568 omnia
1431 2540 1503 2575 apud
1525 2547 1575 2567 nos
1600 2540 1673 2567 videt
1689 2540 1892 2575 contemnitque

1103 2573 1185 2610 quam
1201 2575 1307 2611 Jupiter
1323 2586 1330 2603 :
1347 2579 1374 2603 et
1390 2573 1491 2602 hoc'se
1505 2576 1592 2610 magis
1607 2574 1735 2609 suspicit,
1752 2575 1825 2611 quod
1844 2573 1892 2600 Ju-

1103 2609 1173 2646 piter
1188 2612 1229 2638 uti
1238 2609 1366 2646 'illisrnon
1388 2615 1486 2646 potest.
1498 2611 1608 2645 sapiens
1629 2617 1684 2646 non
1705 2610 1774 2646 vult.
1790 2609 1892 2646 Creda-

1103 2653 1165 2673 mus
1180 2646 1272 2681 itaque
1293 2645 1396 2673 Sextio’
1411 2645 1576 2673 monstranti
1599 2645 1814 2680 pulcherrimum
1831 2645 1890 2674 iter.

1105 2685 1132 2707 et
1146 2681 1276 2708 clamanti
1290 2691 1297 2708 :

1420 2716 1479 2743 Hac
1495 2715 1550 2742 itur
1567 2715 1601 2742 ad
1619 2720 1705 2746 astra,

1105 2753 1160 2777 etc.
1176 2761 1185 2777 ι
1203 2752 1264 2778 Alia
1277 2751 1434 2779 testimonia
1449 2755 1591 2786 przetereo.

1141 2786 1196 2821 (68)
1216 2787 1385 2820 Εὑτρεπεῖς.
1407 2782 1561 2822 Εὑέιρεπεῖς
1575 2787 1675 2813 habent
1689 2785 1824 2812 editiones
1834 2782 1891 2817 Syl-

1106 2821 1184 2854 burg.
1203 2823 1379 2849 recentiores.

1127 2852 1595 2893 (69)Παρατεινει.Η,παραφθίνει,‹
1602 2856 1680 2892 perit,
1690 2856 1756 2883 inte:
1764 2855 1791 2882 it.
1799 2852 1890 2881 »δυ-Β-
