1926 3072
284 175 337 203 527

283 234 404 262 maxime
421 233 529 267 similis,
545 238 656 269 propter
685 233 889 261 similitudinem
913 239 956 262 est
980 235 1068 262 absti-
1083 249 1105 278 Α

283 281 405 308 nendum
430 281 464 308 ab
488 284 613 315 utroque.
635 279 722 307 Simul
742 283 833 307 autem
858 280 1068 308 discernendum

282 330 328 354 est
348 326 573 362 comprehensiva
600 326 848 360 contemplatione,
874 330 902 353 et
926 326 1069 361 principali

284 372 516 404 consideratione,
541 378 635 398 verum
664 371 699 398 ab
724 378 758 398 eo
786 371 859 406 quod
884 375 1008 406 apparet.
1036 371 1069 398 Et

285 417 514 453 quemadmodum
533 417 557 444 si
584 424 639 444 una
668 417 778 452 quidem
807 417 842 444 sit
865 417 909 444 via
933 417 1018 452 regia,
1042 421 1070 444 et

284 465 377 491 multae
387 464 468 491 etiam
486 464 554 495 aliae,
570 471 601 490 ex
618 463 719 498 quibus
731 463 830 498 aliqua:
849 462 941 490 ferunt
959 463 986 490 in
1000 471 1069 498 prae-

285 510 418 544 cipitium,
435 510 532 544 aliquze
547 517 613 536 vero
636 509 669 536 ad
692 509 804 536 ﬂuvium
820 509 914 543 rapide
929 509 1068 542 ﬂuentem,

285 561 332 583 aut
348 557 381 583 ad
400 563 473 582 mare
484 555 662 590 profundum.
675 563 731 583 non
758 555 1068 591 dubitaveritquispiam

284 602 356 629 viam
373 601 477 636 ingredi
493 605 605 636 propter
621 601 833 633 dissensionem,
851 601 897 629 sed
922 605 1015 629 utetur
1026 602 1068 629 via

283 649 357 683 regia
373 652 399 675 et
410 649 473 675 trita
486 653 514 676 et
537 648 661 682 sejuncta
687 654 703 674 a
726 647 868 683 periculo:
894 647 933 674 ita
946 655 1008 675 cum
1022 648 1068 675 alii

283 694 336 721 alia
350 694 444 721 dicant
458 694 492 721 de
504 695 628 725 veritate,
659 701 713 720 non
730 696 773 721 est
797 692 1004 727 discedendum,
1020 693 1068 721 sed

281 740 440 774 diligentius
467 743 509 767 est
531 732 695 774 inquirenda
712 739 773 773 ejus
797 739 1006 766 accuratissima
1021 747 1069 766 co-

282 786 379 821 gnitio.
405 785 472 812 Nam
493 793 555 812 cum
583 785 704 812 oleribus
729 786 906 814 hortensibus
918 793 972 812 una
986 786 1067 812 etiam

282 835 436 860 nascuntur
451 831 551 858 herbae.
565 830 636 858 Num
661 835 805 866 propterea
832 831 972 859 abstinent
996 831 1069 866 agri-

282 879 349 906 colae
366 887 381 905 a
396 878 503 905 cultura
526 877 686 905 hortorum?
710 877 779 905 Cum
802 885 868 913 ergo
891 878 1067 905 habeamusa

869 176 1065 206 CLEMENTIS
1081 178 1314 208 ALEXANDRINI

1851 184 1899 212 528

1120 236 1237 272 ροώδηῆ
1260 236 1397 265 θάλασσαν
1420 237 1558 274 ἀγχιϐαθῆ
1578 239 1729 274 φερουσῶν,
1753 238 1804 266 οὐκ
1819 239 1850 267 ἂν
1862 249 1900 273 τις

1122 282 1234 317 ὀκνήσαι
1248 283 1291 310 διὰ
1306 284 1354 319 τὴν
1368 283 1515 318 διαφωνίαν
1539 284 1657 316 ὁδεῦσαι,
1682 286 1817 321 χρήσαιτο
1830 286 1852 312 δ’
1869 286 1900 313 ἂν

1121 329 1153 363 τῇ
1168 328 1299 364 ἀκινδύνῳ
1309 329 1356 355 καὶ
1373 329 1497 365 βασιλικῇ
1513 331 1560 357 καὶ
1572 329 1710 366 λεωφόρῳσ
1723 330 1822 364 οὕτως,
1839 331 1900 360 ἅλλα

1120 373 1208 400 ἀλλων
1223 375 1288 409 περὶ
1317 373 1446 409 ἀληθείας
1475 375 1621 409 λεγόντων,
1647 377 1697 403 οὐκ
1726 377 1899 410 ἀποστατέον,

1121 417 1331 454 ἐπιμελέστερον
1346 418 1373 445 δὲ
1389 418 1521 455 θηρατέον
1547 421 1594 456 τὴν
1619 421 1821 457 ἀκριϐεστάτην
1839 423 1898 458 περὶ

1119 463 1206 498 αὐτῆς
1217 463 1325 497 γνῶσιν·
1344 465 1406 491 ἐπεὶ
1419 465 1470 491 κάν
1492 466 1549 496 τοῖς
1569 466 1765 501 κηπευομένοις
1781 466 1899 502 λαχάνοις

1121 509 1333 544 συναναφύονται
1343 511 1389 536 καὶ
1402 511 1464 537 πόαι
1480 510 1547 545 (75).
1563 511 1635 547 Μήτι
1653 510 1698 538 οὖν
1717 512 1863 547 ἀπέχονται
1876 514 1898 540 οι

1120 556 1238 590 γεωργοὶ
1265 556 1314 591 τῆς
1353 556 1522 592 κηπευτικῆς
1561 557 1741 592 έπιμελείας;
1778 559 1898 593 Ἔχοντες

1119 599 1166 628 οὖν
1180 601 1279 633 πολλὰς
1294 603 1326 628 ὲκ
1342 602 1448 636 φύσεως
1461 602 1586 638 ἀφορμὰς
1601 603 1670 638 πρὸς
1685 604 1716 630 τὸ
1728 602 1862 636 ἐξετάζειν
1869 605 1899 631 τὰ

1119 646 1262 682 λεγόμενα,
1282 647 1393 682 καὶτῆς
1420 647 1548 682 ἀληθείας
1569 648 1618 684 τὴν
1641 648 1804 675 ἀκολουθίαν
1830 649 1899 682 ἐξευ-

1120 693 1223 730 ρίσκειν
1243 694 1394 729 ὀφείλομεν·
1421 694 1462 720 διὸ
1488 693 1535 721 καὶ
1560 694 1672 726 εἰκότως
1687 695 1846 731 κρινόμεθα,
1862 693 1898 727 οἷς

1118 739 1176 766 δέον
1192 739 1343 771 πείθεσθαι,
1369 739 1407 774 μὴ
1424 739 1698 775 συγκατατιθέμενοι,
1724 740 1763 776 μὴ
1784 741 1899 768 διαστέλ-

1118 785 1209 817 λοντες
1223 786 1252 812 τὸ
1265 786 1424 821 μαχόμενον,
1441 785 1487 812 καὶ
1506 785 1640 822 ἀπρεπὲς,
1657 786 1705 813 καὶ
1719 787 1796 822 παρά
1811 787 1896 821 φύσιν,

1118 833 1165 859 καὶ
1180 832 1286 867 ψεῦδος,
1299 832 1353 859 ἀπό
1366 841 1395 858 τε
1410 831 1542 867 τάληθοῦς
1557 832 1605 859 καὶ
1620 832 1667 859 τοῦ
1678 833 1837 866 ἀκολούθου,
1854 834 1898 862 καὶ

1116 877 1163 904 τοῦ
1182 879 1341 914 πρέποντος,
1358 878 1406 904 καὶ
1428 878 1474 904 τοῦ
1497 878 1568 905 κατὰ
1588 878 1681 912 φύσιν·
1705 876 1750 911 αἷς
1766 879 1898 915 ἀφορμαζ

282 928 380 952 natura
394 923 478 951 multa
491 931 552 958 quae
564 930 614 950 nos
628 923 753 955 incitant,
771 927 797 951 et
810 923 878 951 dant
892 923 1063 951 occasionem

1119 923 1323 960 καταχρηστέον
1341 924 1382 955 εἰς
1407 923 1552 958 ἐπίγνωσιν
1569 926 1618 961 τῆς
1633 926 1717 957 ὄντως
1740 925 1825 961 οὔσης
1839 926 1899 961 ἁλη-

282 970 317 998 ad
332 978 363 998 ea
379 978 439 1005 quae
454 969 584 997 dicuntur
609 970 806 1002 examinanda,
832 970 914 997 etiam
942 969 1066 997 veritatis

282 1017 406 1044 invenire
420 1015 644 1051 consequentiam
656 1016 796 1044 debemus.
815 1016 951 1049 Quocirca
967 1015 1066 1043 merito

281 1063 364 1091 etiam
376 1063 454 1099 32],
471 1063 697 1093 condemnamur,
714 1062 737 1090 si
765 1070 819 1089 non
837 1061 1020 1089 assentiamur
1032 1061 1067 1089 iis

282 1109 384 1145 quibus
398 1112 506 1144 oportet
528 1115 634 1144 parere,
660 1116 711 1135 nec
737 1107 928 1143 discernamus
945 1107 972 1135 id
993 1108 1066 1143 quod

281 1160 426 1192 repugnat,
442 1160 469 1183 et
481 1156 653 1186 indecorum,
678 1159 704 1182 et
718 1159 817 1190 praeter
833 1158 959 1181 naturam
971 1158 1023 1187 est,
1039 1157 1067 1181 et

282 1202 392 1233 falsum,
408 1207 424 1228 a
450 1208 515 1228 vero
541 1204 568 1228 et
589 1203 786 1232 consentaneo,
812 1202 840 1226 et
861 1199 970 1231 decoro,
988 1201 1015 1225 et
1032 1205 1065 1226 eo

280 1247 353 1281 quod
370 1250 412 1274 est
427 1246 577 1274 secundum
601 1250 738 1273 naturam.
767 1244 873 1278 Quibus
897 1244 1008 1280 quidem
1023 1247 1066 1271 est

280 1293 422 1325 utendum,
439 1297 567 1327 tanquam
595 1291 789 1319 occasionibus
804 1290 983 1326 agnoscenda:
1005 1290 1067 1324 ejus

279 1346 339 1374 quin
355 1345 418 1366 vere
433 1341 476 1365 est
490 1337 625 1365 veritatis.
649 1336 753 1364 Grzecis
769 1343 836 1372 ergo
857 1340 900 1363 est
915 1335 1006 1362 inanis
1021 1335 1066 1362 hic

280 1389 448 1420 prtetextus:
476 1383 632 1411 volentibus
646 1382 718 1410 enim
739 1382 832 1409 licebit
855 1381 978 1409 invenire
993 1381 1064 1408 veri-

278 1436 375 1459 tatem.
392 1430 440 1458 His
455 1434 546 1457 autem
561 1429 609 1465 qui
624 1436 724 1457 causas
746 1429 886 1456 adducunt
899 1436 960 1463 qua
968 1432 1065 1455 carent

278 1477 396 1510 ratione,
413 1480 506 1504 manet
518 1476 710 1504 condemnatio
724 1475 945 1510 indeprecabilis.
966 1473 1063 1502 Utrum

279 1524 351 1551 enim
364 1523 463 1550 tollunt
477 1530 513 1550 an
530 1522 684 1550 concedunt
705 1529 767 1549 esse
783 1521 1065 1549 demonstrationem?

279 1569 412 1596 Existimo
427 1575 524 1595 omnes
548 1575 609 1596 esse
624 1575 807 1595 concessuros
830 1571 928 1602 praeter
951 1574 998 1595 eos
1014 1567 1061 1602 qui

1119 970 1203 1003 θείας.
1218 970 1327 998 Ματαία
1337 970 1425 997 τοίνυν
1438 972 1494 1002 τοῖς
1504 970 1632 1006 Ἕλλησιν
1643 972 1659 1006 ή
1670 972 1806 1007 πρόφασις
1822 971 1897 1008 αὖτηι

1117 1019 1174 1049 τοῖς
1190 1017 1240 1053 μὲν
1255 1017 1309 1053 γὰρ
1324 1016 1493 1052 βουλομένοις
1509 1017 1616 1049 ἐξέσται
1638 1019 1684 1044 καὶ
1699 1018 1730 1044 τὸ
1745 1018 1837 1053 εὑρεῖν
1853 1019 1897 1054 τήν

1118 1062 1256 1098 ἀλήθειαν·
1272 1063 1327 1094 τοῖς
1353 1062 1382 1088 δὲ
1406 1062 1497 1093 αἰτίας
1527 1061 1642 1096 ἀλόγους
1674 1061 1897 1097 προϐαλλομένοις

1117 1109 1319 1144 ἀναπολόγητος
1336 1109 1352 1143 ἡ
1373 1108 1472 1144 κρίσις.
1498 1108 1615 1144 Πότερον
1633 1107 1686 1144 γὰρ
1713 1108 1896 1144 ἀναιροῦσινῆ

1118 1155 1360 1189 συγκατατίθενται
1376 1153 1445 1181 εἶναι
1461 1154 1615 1186 ἀπόδειξιν,
1642 1153 1727 1190 Οἶμαι
1742 1155 1848 1186 πάντας
1867 1155 1897 1181 ἂν

1117 1201 1294 1236 ὁμολογήσειν
1328 1200 1393 1227 ἄνευ
1430 1199 1484 1226 τῶν
1514 1200 1564 1232 τὰς
1590 1199 1729 1236 αἰσθήσεις
1761 1201 1897 1236 ἀναιρούν-

1116 1255 1171 1273 των
1198 1247 1263 1282 (74).
1287 1245 1460 1279 Ἀποδείξεως
1480 1246 1502 1273 δ’
1519 1246 1611 1282 οὔσης,
1629 1247 1736 1282 ἀνάγκη
1766 1256 1896 1281 συγκατα-

1117 1292 1219 1319 ϐαίνειν
1235 1293 1275 1324 είς
1288 1292 1336 1324 τὰς
1355 1292 1494 1328 ζητήσεις,
1512 1291 1560 1318 καὶ
1588 1292 1622 1318 δι’
1644 1292 1734 1319 αὐτῶν
1759 1293 1814 1320 τῶν
1833 1294 1895 1329 Γρα-

1118 1339 1175 1373 φῶν
1190 1338 1368 1374 ἐκμανθάνειν
1392 1337 1597 1370 ἀποδεικτικῶς,
1612 1338 1686 1370 ὅπως
1704 1339 1755 1374 μὲν
1779 1339 1894 1374 ἀπεσφά-

1116 1385 1201 1421 λησαν
1217 1386 1244 1411 αἱ
1261 1385 1391 1421 αἱρέσεις,
1409 1385 1483 1416 ὅπως
1498 1384 1527 1411 δὲ
1543 1385 1573 1411 ὲν
1595 1384 1662 1420 μόνῃ
1672 1386 1704 1419 τῇ
1721 1385 1836 1421 ἀληθείᾳ
1852 1386 1893 1411 καὶ

1116 1433 1148 1466 τῇ
1166 1431 1267 1467 ἀρχαίᾳ
1296 1431 1443 1467 Ἐκκλησία
1459 1431 1476 1466 ἦ
1492 1439 1522 1458 τε
1541 1430 1725 1466 ἀκριϐεστάτη
1741 1431 1842 1464 γνῶσις
1852 1431 1893 1458 καὶ

1116 1477 1133 1512 ή
1147 1477 1186 1512 τῷ
1199 1477 1255 1503 ὄντι
1272 1477 1369 1512 ἀρίστη
1382 1477 1497 1512 αἵρεσις.
1521 1476 1580 1502 Τῶν
1596 1485 1624 1503 τε
1642 1476 1696 1503 ἀπὸ
1707 1476 1758 1511 τῆς
1773 1476 1892 1512 ἀληθείας

1116 1521 1336 1558 ἐκτρεπομένων,
1362 1522 1452 1556 οἱμὲν
1477 1522 1547 1555 σφᾶς
1573 1521 1673 1553 αὐτοὺς
1697 1521 1807 1556 μόνοκ,
1828 1522 1851 1548 ot
1868 1520 1892 1547 δὲ

1115 1569 1236 1601 καὶτοὺς
1253 1569 1337 1600 πέλας
1364 1568 1501 1604 ὲξαπατᾷν
1517 1567 1709 1603 ἐπιχειροῦσιν.
1737 1569 1769 1595 0i
1791 1568 1839 1603 μὲν
1851 1566 1891 1595 οὖν

282 1623 380 1643 sensus
392 1622 500 1650 quoque
514 1614 624 1640 tollunt.
643 1613 672 1640 Si
688 1613 724 1641 sit
738 1617 827 1640 autem
847 1613 1060 1646 demonstratio,

1117 1615 1250 1649 δοξόσοσοι
1267 1614 1438 1650 καλούμενοι,
1455 1615 1481 1640 oi.
1496 1614 1543 1650 τὴν
1558 1614 1684 1650 ἀλήθειαν
1695 1615 1840 1650 εὑρηκέναι
1854 1623 1890 1640 νο-

278 1669 391 1690 necesse
405 1664 447 1688 cst
468 1659 636 1688 descendere
651 1659 684 1686 ad
698 1659 874 1694 quastiones,
887 1662 914 1686 et
929 1666 977 1694 per
989 1659 1063 1694 ipsas

280 1707 439 1742 Scripturas
452 1707 557 1734 discere
573 1705 798 1736 demonstrativo,
821 1705 959 1740 quomodo
981 1705 1064 1740 lapsae

279 1758 343 1781 sunt
354 1754 489 1785 haereses;
508 1757 535 1779 et
547 1755 655 1783 contra,
678 1751 816 1786 quomodo
831 1751 858 1777 in
875 1751 934 1778 sola
949 1751 1063 1778 veritate

277 1804 305 1827 et
322 1799 434 1834 antiqua
449 1798 571 1826 Ecclesia
600 1798 636 1825 sit
658 1797 861 1833 perfectissima
887 1797 1019 1832 cognitio,
1035 1801 1062 1824 et

276 1854 308 1873 ea
327 1853 388 1880 qum
408 1848 450 1872 est
469 1852 563 1872 revera
583 1845 684 1879 optima
710 1844 832 1871 lueresis.
852 1843 889 1870 Ex
913 1844 947 1871 iis
971 1847 1061 1871 autem

275 1891 322 1927 qui
335 1891 473 1919 declinant
488 1898 502 1917 a
518 1890 640 1922 veritate,
665 1890 710 1917 alii
725 1890 836 1925 quidem
854 1890 960 1925 seipsos
975 1890 1060 1921 solos,

275 1936 320 1964 alii
331 1943 396 1963 vero
407 1935 574 1971 propinquos
589 1943 697 1971 quoque
712 1939 848 1962 conantur
862 1935 964 1963 fallere.
972 1935 1060 1970 Atque

275 1984 293 2010 ii
310 1982 417 2019 quidem
436 1982 483 2017 qui
510 1982 682 2018 appellantur
695 1982 844 2016 δοξόσοφοι,
859 1982 911 2009 hoc
935 1987 988 2014 est,
1004 1982 1060 2017 opi-

274 2030 356 2057 nione
372 2036 422 2056 sua
449 2029 598 2064 sapientes,
627 2029 674 2064 qui
697 2036 727 2056 se
752 2029 897 2056 veritatem
922 2028 1060 2056 invenisse

272 2076 442 2107 existimant,
461 2076 563 2103 nullam
581 2075 712 2103 habentes
737 2083 829 2102 veram
847 2075 1060 2103 demonstratio-

272 2129 346 2154 nem,
368 2121 387 2148 ii
403 2121 510 2156 seipsos
535 2121 687 2156 decipiunt,
714 2121 944 2156 acquiescendum
960 2121 1058 2148 existi-

272 2172 398 2195 mantes:
415 2175 532 2203 quorum
560 2175 615 2194 non
641 2175 741 2202 parvus
758 2171 800 2195 est
817 2174 960 2199 numerus,
1031 2171 1058 2194 et

271 2214 438 2249 quaestiones
449 2214 589 2241 declinant
606 2221 641 2240 ne
655 2213 842 2245 confutentur,
863 2217 890 2240 et
904 2212 1057 2240 doctrinam

270 2260 358 2288 vitant
375 2264 404 2293 »Β
423 2268 458 2288 ne
476 2260 702 2288 condemnentur.
719 2259 769 2293 Qui
786 2265 876 2287 autem
891 2267 938 2287 eos
949 2259 994 2294 qui
1011 2267 1056 2286 acv

269 2307 371 2334 cedunt
384 2306 535 2342 decipiunt,
566 2311 631 2334 sunt
653 2306 730 2333 valde
745 2305 840 2337 astuti,
872 2305 919 2340 qui
947 2305 1054 2333 etiamsi

1117 2304 1285 2340 τροῒστασθαι
1305 2305 1444 2341 διατριῦἦς
1459 2303 1588 2340 μᾶλλονῆ
1613 2303 1738 2339 Ἐκκλησί
1757 2311 1787 2334 ις.

270 2351 338 2378 satis
358 2355 541 2386 assequantur
555 2359 584 2378 se
595 2351 662 2378 nihil
677 2351 759 2383 scire,
783 2350 969 2385 probabilibus
990 2354 1081 2378 tamen
1105 2351 1272 2385 argumentis
1289 2351 1437 2377 obscurant
1456 2350 1608 2378 veritatem.
1637 2349 1696 2376 Alia
1719 2357 1735 2376 e
1757 2353 1763 2376 ι
1791 2352 1884 2375 autem.

271 2401 300 2424 ut
314 2398 421 2433 opinor,
437 2402 535 2425 natura
560 2398 743 2433 probabilium
771 2401 1005 2432 argumentorum,
1024 2401 1051 2425 ct
1064 2397 1117 2423 alia
1139 2404 1276 2425 verorum.
1292 2396 1326 2423 Et
1346 2398 1417 2432 quod
1436 2404 1549 2424 necesse
1572 2396 1609 2423 sit
1631 2403 1732 2423 nomen
1757 2395 1884 2422 haereseon

270 2445 307 2471 ita
323 2446 450 2480 usurpari
468 2449 499 2472 ut
515 2445 622 2472 veritati
633 2448 799 2479 opponatur,
811 2447 838 2472 et
857 2444 891 2471 ab
907 2451 939 2471 ea
954 2443 1150 2476 distinguatur,
1165 2443 1359 2478 cognoscimus
1385 2452 1392 2470 :

271 2490 373 2517 minum
387 2490 534 2526 perniciem
548 2490 698 2518 avulserint
723 2490 870 2525 sophistae,
890 2489 1018 2517 humanis
1029 2494 1056 2516 et
1073 2497 1089 2516 a
1105 2497 1135 2516 se
1152 2489 1271 2517 inventis
1296 2497 1328 2516 ea
1357 2489 1523 2517 infodientes
1541 2489 1660 2521 artibus,
1685 2488 1730 2524 κιο
1758 2491 1838 2515 antur
1859 2492 1883 2512 se

269 2543 386 2570 praeesse
412 2536 536 2563 diatriba:
560 2544 608 2564 seu
633 2536 733 2563 schola:
760 2536 852 2572 potius
877 2542 960 2570 quam
977 2534 1116 2563 Ecclesiae.

358 2607 387 2635 ›Ι4
408 2602 438 2629 P.
461 2602 523 2635 889,
541 2602 594 2629 ΕΙ).
615 2602 763 2636 POTTEB,
782 2603 834 2630 756
852 2602 907 2630 ΕΙ).
924 2597 1035 2630 PARIS.

305 2680 361 2713 (75)
387 2680 469 2707 Πόαι.
485 2680 513 2707 Id
532 2683 585 2711 est,
602 2679 694 2708 herba:
711 2681 743 2707 ὲκ
756 2681 805 2716 τῆς
819 2680 871 2715 γ’ής
891 2680 1052 2715 αὐτομάτως

1117 2678 1177 2716 nici.
1194 2677 1310 2716 u_llamre
1326 2677 1455 2705 sensibus
1477 2677 1660 2713 cognitionem
1677 2685 1728 2712 pos
1757 2684 1820 2705 nos
1831 2675 1880 2703 adi-

269 2715 475 2750 βλαστάνουσαι·
496 2725 504 2741 ι
517 2723 577 2749 qute
589 2719 686 2750 sponte
704 2725 713 2741 ›
732 2719 760 2743 et
783 2713 885 2750 absque
911 2713 1050 2742 hominum

1117 2714 1190 2750 riscjr.‘
1199 2713 1336 2750 CoLLecr.

268 2759 349 2786 opera
361 2759 369 2775 ι
384 2755 483 2778 eterra
495 2751 683 2786 germinantp
703 2754 733 2777 ut
745 2751 783 2777 ait.
803 2751 962 2787 Hesychius.

303 2818 359 2853 ι’τιι)
388 2818 478 2846 ’Λνευ
504 2817 563 2844 τῶν
591 2818 644 2851 τὰς
665 2817 822 2852 αἰσθήσεις
840 2819 1051 2853 ἀναιρούντων.

272 2862 280 2877 ι
298 2853 425 2887 Exceptis
450 2853 515 2883 illis,
547 2854 592 2887 qui
617 2861 715 2881 sensus
738 2854 863 2881 tollunt.»
893 2854 1052 2889 Philosophi

269 2888 379 2923 quidam
397 2889 533 2924 negabant
548 2896 624 2916 certo
639 2889 704 2916 seiri
730 2889 889 2924 quidquam,
902 2894 931 2917 ut
948 2888 1052 2918 Acade<

1102 2823 1180 2853 trept.

1116 1661 1249 1696 μῑζοντες,
1261 1661 1310 1687 οὐκ
1321 1661 1425 1696 ἔχοντες
1438 1660 1572 1692 ἀπόδειξιν
1585 1661 1712 1696 οὐδεμίαν
1723 1661 1821 1696 ἀληθῆ,
1837 1661 1891 1687 ἐαυ-

1115 1708 1176 1738 τοὺς
1203 1705 1274 1734 οὗτοι
1298 1707 1438 1733 ἀπατῶσιν
1463 1706 1668 1733 ἀναπεπαῦσθαι
1682 1703 1890 1742 νομίζοντες-ὦν

1114 1753 1215 1788 πλῆθος
1232 1753 1282 1780 οὐκ
1308 1752 1406 1787 ὀλίγον,
1424 1753 1472 1785 τάς
1487 1761 1518 1779 τε
1538 1751 1665 1787 ζητήσεις
1692 1752 1890 1787 ἐκτρεπομένων

1113 1799 1157 1826 διὰ
1185 1800 1247 1831 τοὺς
1273 1800 1401 1835 ἐλέγχους
1417 1799 1485 1834 (75),
1515 1799 1726 1833 ἀποφευγόντων
1748 1799 1776 1824 iis
1793 1799 1837 1824 καὶ
1855 1797 1889 1823 δι-

1112 1846 1258 1878 δασκαλίας
1268 1846 1310 1873 διὰ
1326 1846 1374 1881 τὴν
1384 1845 1563 1880 κατάγνωσιν·
1576 1846 1600 1872 οἱ
1616 1844 1644 1871 δὲ
1657 1845 1721 1876 τοὺς
1739 1844 1890 1880 προσιόντας

1113 1892 1300 1925 ἐξαπατῶντες
1329 1892 1478 1928 πανοῦργοι
1496 1891 1611 1927 σφόδρα·
1627 1890 1651 1917 οἳ
1668 1891 1717 1917 καὶ
1728 1890 1889 1926 πιρακολου-

1111 1937 1220 1969 θοῦντες
1231 1938 1322 1968 αὐτοῖς
1339 1936 1407 1972 (76),
1424 1937 1465 1963 ὅτι
1482 1936 1565 1972 μηδὲν
1589 1935 1759 1967 ἐπίστανται,
1777 1935 1889 1965 πιθανῶς

1110 1985 1185 2020 ὅμως
1200 1985 1394 2019 ἐπιχειρήμασι
1407 1983 1558 2015 σκοτίζουσι
1574 1982 1622 2018 τὴν
1642 1982 1746 2018 ἁλήθειε
1758 1990 1782 2008 ν.
1801 1981 1888 2016 Ἑτέρα

1110 2030 1143 2061 δ’,
1161 2028 1247 2065 οἶμαι,
1279 2030 1333 2056 τῶν
1351 2029 1470 2056 πιθανῶν
1493 2028 1727 2064 ἐπιχειρημάτων,
1757 2029 1793 2054 tat
1815 2026 1887 2062 ἑτέρα

1109 2076 1164 2103 τῶν
1180 2076 1287 2112 ἀληθῶν
1302 2077 1318 2111 ἡ
1337 2075 1426 2110 φύσις.
1441 2075 1494 2102 Καὶ
1516 2075 1556 2101 ὅτι
1573 2075 1626 2101 τῶν
1637 2075 1744 2110 αἰρέσεο
1757 2084 1771 2100 ν
1790 2073 1885 2106 ἀνάγκη
1911 2088 1912 2105 i

1109 2121 1158 2154 τὴν
1172 2120 1318 2156 ὀνομασίαν
1335 2121 1403 2156 πρὸς
1418 2119 1622 2155 ἀντιδιαστολὴν
1643 2119 1694 2154 τῆς
1715 2119 1743 2146 ἀλ
1757 2118 1841 2154 gesta;
1855 2118 1887 2143 λέ‹

1109 2167 1214 2201 γεσθαι,
1227 2166 1405 2201 γινώσκομεν·
1422 2167 1469 2201 ἀφ’
1486 2164 1519 2202 ἧς
1536 2175 1595 2192 τινα
1613 2166 1741 2192 amomis
1757 2174 1824 2196 ιντες
1846 2164 1886 2190 ἐπὶ
1909 2174 1910 2185 ι

1109 2213 1180 2248 λύμῃ
1191 2213 1243 2239 τῶν
1253 2212 1404 2248 ἀνθρώπων
1426 2213 1450 2239 ot
1466 2212 1601 2246 σοφισταὶ,
1624 2213 1683 2242 ταῖς
1700 2211 1740 2244 ea:
1757 2210 1886 2246 νρημέναις
1907 2203 1909 2225 ί

1110 2259 1200 2293 σφίσιν
1210 2258 1396 2294 ἀνθρωπικαῖς
1406 2259 1513 2294 τέχναις
1525 2257 1739 2294 ὲγκατορὺξαντε
1759 2277 1766 2288 ,
1781 2256 1886 2292 αὺχοῦσι

1420 2450 1434 2469 a
1462 2450 1516 2478 qua
1543 2449 1605 2469 cum
1635 2441 1732 2477 quzeda
1757 2450 1761 2467 ι
1789 2441 1821 2468 ad
1843 2440 1885 2466 ho-

1151 2748 1195 2775 75l
1212 2749 1264 2774 Διὰ
1280 2748 1352 2781 τοὺς
1367 2747 1520 2782 ἐλέγχους.
1538 2748 1676 2782 lntcrpres
1695 2755 1726 2774 re
1757 2755 1769 2774 ε
1784 2747 1875 2773 vertit:

1156 2757 1195 2775 [οι
1212 2757 1264 2774 Δια
1280 2757 1352 2781 τους
1367 2757 1418 2775 me
1429 2757 1520 2782 ~xovc.
1538 2757 1676 2782 interpres
1696 2757 1726 2774 re.
1757 2757 1769 2774 ε
1784 2757 1875 2773 νει-ιιιε

1107 2793 1116 2810 ι
1130 2757 1169 2810 1δο
1185 2783 1387 2811 οοιιίιιιειιιυτ.»
1406 2757 1472 2810 νὶιάε
1489 2791 1550 2818 pag.
1569 2783 1630 2810 Ἴδε).
1645 2783 1726 2810 Vide«
1761 2791 1804 2809 am
1819 2781 1878 2808 I‘ro-

1193 2826 1220 2853 p.
1236 2818 1265 2846 lt
1281 2819 1346 2845 edit.
1363 2817 1450 2846 Paris.
1467 2818 1576 2846 Lowru.

1139 2853 1195 2888 (76)
1211 2854 1326 2886 Αὑτοῐς.
1344 2853 1524 2881 Scribendum
1547 2853 1640 2889 potius
1652 2853 1724 2880 αὐτοί
1772 2856 1802 2880 ιιι
1816 2856 1876 2884 Str-5

1105 2889 1180 2924 “ibi,
1192 2894 1220 2916 ει
1233 2889 1315 2924 Paulo
1329 2897 1411 2923 supra
1425 2888 1534 2920 αὐτούς.
1551 2888 1556 2889 ⁷
1889 2904 1891 2906 η
