1933 3075
218 162 268 191 551

801 163 998 193 CLEMENTIS
1015 163 1249 192 ALEXANDRINI

1790 163 1840 192 553

215 222 366 257 parientes,
379 226 406 250 et
427 226 569 251 manentes
591 222 711 259 virgines
728 230 790 250 cum
814 221 998 250 occultatione

1066 222 1103 249 ὧν
1119 223 1168 258 τῆς
1183 221 1310 258 ἀληθείας
1331 221 1496 257 μυστηρίων.
1524 231 1534 247 ι
1545 220 1645 248 Τέτοκε
1672 219 1728 256 (82)
1743 221 1791 248 καὶ
1811 222 1841 249 οὐ

215 269 409 304 mysteriorum
428 270 562 298 veritatis.
578 279 587 295 ι
599 269 720 305 Peperit,
746 273 773 297 et
786 277 840 297 non
861 269 976 305 peperit,
990 278 1000 295 ι

216 314 305 350 inquit
328 313 480 350 Scriptura,
498 320 528 343 ut
544 323 605 351 quae
618 323 650 342 ex
678 323 718 348 se,
749 323 803 342 non
827 323 861 343 ex
887 314 1003 349 conjun-

216 359 310 387 ctione
330 361 495 396 conceperit.
517 359 699 395 Quamobrem
721 360 854 395 gnosticis
888 359 999 394 quidem

215 409 402 440 conceperunt
416 406 574 441 Scripturre.
591 405 669 438 Quod
683 405 748 440 quia
765 413 820 433 non
843 405 1004 433 intellexere

218 452 347 483 haereses,
360 453 438 487 quasi
456 461 517 488 quae
529 460 584 480 non
599 457 787 488 conceperunt
800 460 848 480 eas
864 453 1002 488 ablegant.

217 497 284 524 Cum
299 502 389 526 autem
401 506 496 527 omnes
511 499 636 527 homines
648 499 719 526 idem
730 498 848 526 habeant
858 498 1002 533 judicium,

218 543 265 570 alii
281 543 391 579 quidem
417 545 491 579 quod
518 545 610 581 Logos
625 545 711 572 dictat
728 548 874 580 sequentes
899 543 1004 571 faciunt

217 596 379 625 argumenta
399 600 406 617 ε
431 591 478 618 alii
502 596 593 619 autem
623 599 686 618 cum
715 592 823 627 seipsos
850 590 1005 618 dediderint

217 636 414 670 voluptatibus,
433 635 603 672 Scripturam
626 641 755 672 torquent
770 636 804 663 ad
820 644 885 664 suas
896 636 1004 671 cupidi-

218 685 298 709 tates.
317 681 391 716 Opus
406 686 448 710 est
462 686 564 714 autem,
579 686 608 709 ut
624 683 732 717 opinor,
750 682 866 709 amatori
880 682 1005 709 veritatis

218 727 316 755 robore
335 728 431 755 animi.
454 727 572 756 Necesse
597 729 670 756 enim
687 728 741 755 labi
758 728 785 755 in
803 728 941 759 maximis,
958 735 1005 756 eos

218 775 264 808 qui
288 782 332 801 res
355 774 490 802 maximas
506 774 712 810 aggrediuntur,
730 774 783 801 nisi
798 774 919 809 regulam
934 774 1006 802 veri-

217 823 282 849 tatis
293 821 327 849 ab
343 821 403 856 ipsa
416 822 532 849 veritate
548 825 687 856 acceptam
703 821 851 848 tenuerint.
875 821 928 853 Qui
957 828 1005 848 au-

218 871 272 894 tem
288 875 321 895 eo
335 867 516 898 devenerunt,
532 872 588 894 uta
608 871 683 893 recta
702 867 745 894 via
768 866 930 898 exciderint,
948 874 1005 894 me-

1051 269 1173 300 τὲτοκε,›
1188 268 1269 304 φησιν
1283 269 1300 303 ἡ
1316 268 1409 303 Γραφή
1418 275 1428 282 '
1441 267 1478 298 ὡς
1491 267 1523 294 ἂν
1535 267 1565 300 ἐξ
1579 267 1665 302 αὐτῆς
1682 266 1738 302 (85)
1750 268 1801 293 οὐκ
1812 268 1841 294 ἐκ

1054 313 1224 349 συνδυασμοῦ
1237 313 1418 340 πλλαῦοὖσα·
1432 313 1526 349 διόπερ
1543 315 1599 345 τοῖς
1619 315 1782 348 γνωπικοῖς
1798 322 1843 340 κε-

1053 360 1186 395 κυήκασιν
1203 360 1231 386 αἱ
1251 359 1369 395 Γραφαί.
1387 360 1420 386 Al
1437 360 1466 386 δὲ
1486 359 1616 395 αἱρέσεις,
1634 359 1685 385 οὐκ
1708 359 1842 394 ἐκμαθοῦ-

1054 414 1109 437 σαι,
1126 405 1163 437 ὡς
1185 405 1222 441 μὴ
1238 404 1405 440 κεκυηκυίας
1429 405 1668 441 παραπέμπονται.
1689 405 1804 431 Πάντων
1815 405 1842 431 δὲ

1053 450 1203 486 ἀνθρώπων
1214 451 1263 486 τὴν
1278 451 1362 486 αὐτὴν
1377 450 1466 486 κρίσιν
1484 451 1609 486 ἐχόντων,
1621 452 1645 477 οἱ
1660 450 1720 486 μὲν,
1734 450 1844 477 ἀκολου-

1054 496 1162 528 θοῦντες
1174 497 1212 532 τῷ
1226 495 1396 532 ἐροῦντι(84)
1409 497 1497 532 Λόγῳ,
1510 497 1648 524 ποιοῦνται
1662 496 1713 528 τὰς
1728 496 1842 527 πίστεις·

1053 542 1128 575 οἰδὲ,
1150 543 1258 578 ἡδοναῖς
1276 544 1346 577 σφᾶς
1373 543 1472 574 αὐτοὺς
1490 543 1679 574 ἐκδεδωκότες,
1705 543 1844 577 βιάζονται

1053 589 1122 625 πρὸς
1143 589 1192 621 τὰς
1212 589 1360 624 ἐπιθυμίας
1376 590 1425 625 τὴν
1447 590 1567 626 Γραφήν.
1585 591 1632 616 Δεῖ
1654 589 1687 622 δ’,
1701 588 1788 625 οἶμαι,
1806 588 1844 624 τῷ

1054 635 1102 670 τῆς
1119 635 1246 670 ἀληθείας
1262 636 1361 670 ἐραστῇ
1385 635 1503 670 ψυχικῆς
1519 635 1642 667 εὐτονίας
1652 644 1658 651 ·
1679 635 1845 670 σφάλλεσθαι

1054 681 1108 717 γὰρ
1136 681 1243 716 ἀνάγκη
1268 682 1383 716 μέγιστα
1404 683 1467 713 τοὺς
1494 682 1631 717 μεγίστοις
1652 682 1846 718 ἐγχειροῦντας

1055 728 1223 763 πράγμασιν,
1246 728 1280 763 ῆν
1302 728 1339 764 μὴ
1361 728 1406 754 τὸν
1429 728 1528 754 κανόνα
1553 728 1602 764 τῆς
1627 728 1758 763 ἀληθείας
1780 728 1847 765 παρ’

1055 774 1139 809 αὐτῆς
1157 774 1284 805 λαϐόντες
1299 773 1380 809 ἔχωσι
1395 774 1443 809 τῆς
1459 773 1594 809 ἀληθείας.
1608 774 1639 801 Οἱ
1664 774 1782 800 τοιοῦτοι
1806 774 1845 805 δὲ,

1055 819 1102 846 ἅτε
1120 820 1304 851 ἀποπεσόντες
1318 820 1367 855 τῆς
1385 819 1469 856 ὀρθῆς
1491 819 1562 852 ὁδοῦ,
1579 820 1693 852 καὶτοῖς
1710 820 1847 852 πλείστοις

1055 865 1108 893 τῶν
1120 866 1191 892 κατά
1204 866 1285 902 μέρος
1301 866 1476 901 σφάλλονται·
1490 866 1610 898 εἰκότως,
1626 866 1670 892 διὰ
1681 865 1712 892 τὸ
1727 866 1764 901 μὴ
1776 866 1848 901 ἔχειν

218 913 272 940 rito
292 912 376 940 etiam
392 912 524 940 falluntur
542 913 569 939 in
580 912 707 947 plurimis
728 912 923 948 singularibus,
943 919 1006 947 pro-

1064 911 1162 948 Ῑιληθῶν
1173 913 1220 939 καὶ
1229 912 1332 946 ψευδῶν
1340 913 1491 948 κριτήριον,
1501 921 1620 947 συγγεγυ
1625 913 1781 947 μνασμένον
1791 911 1847 947 (85)

219 961 313 993 pterea
337 958 410 993 quod
423 966 478 985 non
494 958 612 985 habeant
625 965 751 985 verorum
763 962 790 986 et
807 957 938 986 falsorum
959 958 1007 993 ju-

219 1004 321 1032 dicium
345 1005 426 1039 plane
451 1005 639 1038 exercitatum,
657 1005 684 1031 in
701 1004 735 1031 iis
759 1012 820 1039 qua:
833 1008 940 1039 oportet
958 1005 1007 1032 cli-

219 1051 326 1085 gendis.
341 1050 370 1077 Si
387 1051 458 1078 enim
476 1050 618 1083 haberent,
633 1054 759 1086 parerent
772 1049 921 1085 Scripturis
936 1050 1006 1077 divi-

221 1095 274 1124 nis.
293 1094 526 1129 Quemadmodum
543 1103 609 1131 ergo
620 1097 643 1124 si
659 1096 722 1131 quis
743 1095 789 1122 ﬁat
802 1095 890 1123 bestia
909 1103 944 1124 ex
958 1096 1007 1123 ho-

221 1141 304 1174 mine,
321 1141 447 1170 similiter
462 1145 543 1176 atque
558 1142 577 1168 ii
601 1142 648 1177 qui
665 1141 773 1169 fuerant
788 1140 881 1169 infecti
894 1142 1007 1170 venenis

220 1186 334 1215 Circes:
351 1187 389 1214 ita
407 1187 488 1215 homo
516 1187 563 1215 Dei
586 1195 657 1220 esse,
671 1191 698 1216 et
710 1187 825 1215 Domino
843 1187 930 1215 ﬁdelis
947 1196 1008 1216 esse

220 1232 323 1264 desiit,
355 1233 402 1268 qui
425 1233 557 1261 adversus
578 1234 794 1262 ecclesiasticam
825 1234 1008 1261 recalcitravit

221 1278 408 1311 traditionem,
433 1283 460 1306 et
477 1279 505 1306 in
523 1279 705 1307 humanarum
728 1280 868 1308 haereseon
896 1279 1008 1306 desiluit

219 1323 373 1358 opiniones.
394 1323 447 1357 Qui
463 1328 555 1352 autem
571 1332 605 1351 cx
621 1325 673 1352 hoc
688 1332 780 1352 errore
797 1332 925 1352 reversus
942 1323 1009 1351 obe-

220 1369 272 1397 diit
299 1370 459 1406 Scripturis,
484 1375 512 1399 et
535 1371 619 1404 vitam
636 1379 713 1399 suam
739 1372 862 1407 permisit
888 1371 1007 1404 veritati,

220 1415 293 1444 Deus
309 1416 512 1452 quodammodo
525 1425 558 1445 ex
573 1417 684 1444 homine
700 1417 824 1445 edicitur.
840 1416 1008 1452 Principium

220 1462 293 1490 enim
308 1461 440 1490 doctrinae
452 1462 586 1490 habemus
602 1462 761 1495 Dominum,
778 1463 824 1498 qui
840 1467 868 1490 et
883 1471 931 1497 per
945 1470 1009 1498 pro—

221 1506 327 1540 phetas,
343 1510 371 1534 et
386 1514 435 1542 per
449 1506 637 1542 Evangelium,
649 1510 677 1535 et
692 1515 739 1542 per
752 1507 846 1535 beatos
858 1508 1007 1543 apostolos,

222 1561 234 1578 ε
245 1552 423 1580 multifariam
435 1553 583 1588 multisque
593 1553 706 1591 modisn.
716 1563 725 1579 ι
744 1561 758 1580 a
775 1553 911 1588 principio
926 1554 958 1581 ad
977 1553 1008 1580 ﬁ-

1058 959 1180 994 ἀκριὸῶς
1193 959 1226 986 τὰ
1241 959 1334 986 δέοντα
1345 959 1490 994 αἱρεῖσθαι.
1504 959 1535 985 Ei
1552 959 1606 994 γὰρ
1620 959 1778 994 ἐκέκτηντο,
1788 959 1849 989 cui:

1059 1004 1144 1037 θείαις
1170 1005 1308 1032 ἐπείθοντο
1331 1005 1363 1032 ἂν
1387 1005 1516 1040 Γραφαῖς.
1544 1004 1676 1040 Καθάπερ
1696 1003 1744 1031 οὖν
1765 1005 1792 1031 εί
1806 1012 1850 1036 τις

1059 1053 1088 1086 ἐξ
1100 1052 1249 1089 ἀνθρώπων
1275 1052 1368 1088 θηρίον
1387 1052 1490 1086 γένοιτο
1505 1051 1702 1086 παραπλησίως
1727 1052 1784 1083 τοῖς
1796 1051 1850 1078 ὑπὸ

1058 1099 1108 1134 τῆς
1120 1098 1225 1134 Κίρκης
1239 1098 1293 1134 (86)
1305 1097 1513 1134 φαρμαχθεῖσιν,
1527 1097 1612 1129 οὕτως
1623 1097 1670 1123 ἄνθ
1676 1106 1766 1132 ρωπος
1780 1096 1849 1124 εἶναι

1059 1145 1106 1171 τοῦ
1122 1144 1189 1171 Θεοῦ
1202 1145 1248 1171 καὶ
1260 1145 1355 1176 πιστὸς
1421 1144 1516 1180 Κυρίῳ
1529 1143 1665 1179 διαμένειν
1678 1142 1850 1169 ἀπολώλεκεν

1059 1192 1073 1217 ό
1089 1191 1270 1223 ἁναλακτίσας
1286 1191 1336 1226 τὴν
1356 1189 1602 1225 Ἐκκλησιαστικὴν
1625 1189 1785 1225 παράδοσιν,
1802 1189 1850 1215 καὶ

1061 1237 1265 1272 ἀποσκιρτήσας
1278 1237 1317 1268 εἰς
1330 1235 1409 1268 δόξας
1421 1234 1552 1271 αἱρέσεων
1567 1234 1755 1269 ἀνθρωπίνων.
1779 1233 1807 1260 '0
1821 1233 1850 1260 δὲ

1061 1282 1093 1308 ὲκ
1105 1281 1183 1316 τῆσδε
1190 1283 1238 1317 τῆς
1248 1281 1356 1317 ἀπάτης
1367 1281 1598 1316 παλινδρομήσας,
1613 1279 1784 1310 κατακούσας
1795 1278 1850 1306 τῶν

1061 1326 1190 1363 Γραφῶν,
1206 1327 1252 1353 καὶ
1278 1327 1324 1353 τὸν
1349 1326 1446 1352 ἑαυτοῦ
1472 1325 1527 1361 βίον
1547 1324 1713 1361 ἐπιστρέψας
1733 1324 1790 1359 (87)

1060 1373 1184 1409 ἀληθείᾳ,
1195 1369 1249 1399 οἷον
1264 1372 1293 1405 ἐξ
1304 1371 1444 1408 ἀνθρώπου
1456 1371 1522 1403 Θεὸς
1535 1371 1714 1397 ἀποτελεῖται.
1732 1370 1850 1404 ’Ἐχομεν

1061 1419 1115 1454 γὰρ
1133 1418 1181 1454 τὴν
1204 1418 1292 1454 ἀρχὴν
1312 1418 1362 1453 τῆς
1379 1416 1552 1447 διδασκαλίας
1562 1415 1608 1442 τὸν
1627 1415 1740 1450 Κύριον,
1756 1414 1801 1440 διὰ
1819 1421 1850 1439 τε

1061 1465 1114 1491 τῶν
1129 1464 1287 1500 προφητῶν,
1304 1463 1348 1490 διά
1363 1472 1392 1489 τε
1416 1461 1463 1489 τοῦ
1481 1461 1656 1496 Εὑαγγελίου,
1671 1461 1719 1487 καὶ
1736 1460 1780 1487 διὰ
1797 1459 1851 1485 τῶν

1064 1509 1204 1546 μακαρίων
1223 1509 1388 1540 ἀποστόλων,
1398 1507 1588 1544 (πολυτρόπως
1600 1507 1647 1534 καὶ
1664 1505 1827 1541 πολυμερῶς
1839 1514 1849 1530 ι

1063 1555 1091 1590 ἐξ
1106 1556 1192 1591 ἀρχῆς
1206 1556 1244 1586 εἰς
1260 1555 1334 1586 τέλος
1348 1555 1496 1590 ἡγούμενον
1516 1553 1565 1588 τῆς
1579 1552 1715 1586 γνώσεως.
1735 1551 1791 1586 Τὴν
1803 1551 1852 1586 ἀρ-

222 1608 283 1628 nem
297 1600 407 1628 deducit
423 1600 598 1635 cognitionis.
617 1600 786 1636 Principium
802 1604 892 1628 autem
909 1600 933 1629 si
948 1601 1008 1636 quis

1064 1601 1112 1636 χὴν
1129 1601 1184 1636 (88)
1195 1601 1216 1626 δ’
1230 1600 1308 1632 εἴτις
1319 1600 1362 1626 ἐτε
1368 1608 1411 1634 ρον
1427 1599 1481 1634 (89)
1493 1598 1595 1624 δεῖσθαι
1606 1596 1748 1627 ὑπολάϐοι,
1762 1594 1851 1622 υὶκέτ⁹

222 1646 277 1674 alio
299 1653 367 1681 opus
396 1646 498 1674 habere
518 1646 728 1679 existimaverit,
745 1655 800 1674 non
827 1647 922 1682 utique
945 1655 1009 1675 vere

222 1692 324 1727 poterit
335 1699 446 1720 manere
469 1692 646 1727 principium.
663 1692 715 1726 Qui
732 1696 772 1720 est
789 1701 854 1728 ergo
869 1701 901 1721 ex
918 1693 1009 1728 seipso

223 1737 322 1770 ﬁdelis,
341 1737 367 1765 ei
388 1738 486 1765 merito
506 1737 572 1766 ﬁdes
589 1738 703 1766 habetur
722 1739 751 1766 in
770 1739 911 1766 Dominica
934 1738 1010 1766 Scri-

223 1787 303 1818 ptura
317 1786 344 1810 et
361 1790 438 1815 voce,
457 1791 517 1818 quae
541 1791 590 1818 per
613 1784 693 1820 322
719 1784 862 1812 Dominum
880 1788 1011 1820 operatur

223 1829 258 1856 ad
271 1828 411 1856 hominum
425 1828 598 1856 beneﬁcium.
617 1829 678 1864 ipsa
704 1834 794 1857 autem
809 1833 939 1865 tanquam
956 1830 1012 1857 crit-

223 1875 294 1902 terio
308 1875 411 1902 utimur
433 1874 466 1902 ad
487 1883 533 1903 res
549 1876 739 1904 inveniendas.
757 1876 895 1912 Quidquid
919 1880 1010 1904 autem

221 1921 370 1955 judicatur,
392 1929 447 1949 non
464 1921 585 1950 creditur
613 1923 773 1957 priusquam
802 1922 883 1950 fuerit
906 1922 1014 1957 judica-

224 1971 292 1999 tum.
308 1974 394 2003 quare
410 1975 462 1995 nec
477 1972 519 1996 est
534 1968 699 2004 principium
715 1968 742 1996 id
759 1968 832 2004 quod
849 1976 918 2003 opus
930 1968 1012 1996 habet

221 2012 335 2047 judicio.
360 2012 456 2041 Merito
480 2021 545 2048 ergo
569 2021 630 2042 cum
646 2014 698 2042 ﬁde
717 2013 1009 2050 COmpt'ehenderimus

226 2061 256 2090 ω
268 2059 432 2094 principium
448 2059 700 2091 indemonstrabile.
712 2068 746 2088 ex
762 2060 912 2088 abundanti
927 2060 1010 2087 etiam

224 2104 258 2132 ab
279 2105 339 2141 ipso
351 2105 487 2140 principio
504 2105 537 2133 de
554 2105 690 2140 principio
701 2105 951 2134 demonstrationes
963 2113 1010 2133 suv

1060 1647 1092 1674 ἂν
1106 1646 1190 1678 ὅντως
1207 1646 1277 1681 ἀρχὴ
1294 1645 1452 1680 φυλαχθείη.
1479 1644 1508 1670 '0
1523 1643 1572 1679 μὲν
1584 1640 1631 1670 οὖν
1647 1642 1675 1675 ἐξ
1693 1641 1790 1668 ἑαυτοῦ
1808 1649 1853 1666 πι-

1063 1693 1124 1724 στὸς
1133 1694 1165 1727 τῇ
1178 1693 1297 1726 κυριακῇ
1309 1691 1401 1726 Γραφῇ
1415 1698 1445 1716 τε
1458 1689 1505 1716 καὶ
1517 1689 1591 1723 φωνῇ
1606 1687 1762 1720 ἀξιόπιστος
1778 1686 1852 1713 εικό-

1062 1746 1116 1769 τως
1141 1737 1172 1764 ἂν
1199 1737 1242 1763 διὰ
1258 1736 1305 1762 τοῦ
1331 1735 1433 1771 Κυρίου
1461 1734 1530 1770 πρὸς
1553 1734 1601 1770 τὴν
1621 1733 1675 1760 τῶν
1701 1733 1853 1768 ἀνθρώπων

1064 1783 1223 1819 εὐεργεσίαν
1244 1781 1437 1818 ἐνεργουμὲνῃ.
1457 1780 1563 1816 Ἀμέλει
1581 1780 1649 1815 πρὸς
1660 1779 1709 1814 τὴν
1719 1778 1775 1805 τῶν
1784 1787 1854 1814 πρα-

1063 1829 1174 1864 γμάτων
1187 1828 1303 1864 εὕρεσιν,
1321 1828 1388 1863 αὐτῇ
1401 1827 1531 1862 χρώμεθα
1553 1826 1686 1861 κριτηρίῳ
1696 1834 1702 1840 ·
1719 1825 1751 1852 τὸ
1762 1825 1853 1861 κρινό-

1067 1884 1145 1910 μενον
1161 1875 1188 1901 δέ
1207 1876 1260 1901 πᾶν
1282 1874 1320 1901 ἔτι
1333 1875 1444 1901 ἄπιστον
1467 1873 1531 1908 πρὶν
1555 1872 1699 1907 κριθῆναι·
1718 1871 1784 1898 ὥστ’
1799 1870 1853 1897 οὐδ’

1067 1921 1138 1957 ἀρχὴ
1153 1921 1184 1947 τὸ
1204 1921 1320 1957 κρίσεως
1345 1920 1480 1955 δεόμενον.
1503 1918 1622 1950 Εἰκότως
1648 1917 1740 1944 τοίνυν
1765 1917 1855 1943 πίστει

1065 1967 1256 2003 περιϐαλόντες
1270 1966 1461 1993 ἀναπόδεικτον
1474 1964 1523 2000 τὴν
1538 1964 1634 2000 ἀρχὴν,
1648 1963 1680 1989 ἐκ
1694 1963 1855 1998 περιουσίας

1064 2013 1170 2045 καὶτὰς
1185 2012 1333 2044 ἀποδείξεις
1348 2013 1413 2047 παρ’
1435 2011 1520 2045 αὐτῆς
1543 2011 1592 2045 τῆς
1614 2009 1701 2044 ἀρχῆς
1725 2008 1855 2044 περὶτῆς

1062 2058 1149 2095 ἀρχῆς
1161 2058 1297 2089 λαϐόντες,
1313 2059 1387 2092 φωνῇ
1400 2056 1502 2092 Κυρίου
1521 2053 1705 2089 παιδευόμεθα
1723 2054 1794 2090 πρὸς
1807 2053 1856 2088 τὴν

1061 2105 1207 2138 ἐπίγνωσιν
1220 2104 1270 2139 τῆς
1284 2103 1421 2139 ἀληθείας.
1439 2103 1476 2129 Οὺ
1497 2102 1552 2137 γὰρ
1564 2100 1657 2132 ἁπλῶς
1672 2099 1857 2135 ἀποφαινομέ-

297 2185 326 2215 >11
348 2182 380 2210 P.
401 2183 464 2215 891,
484 2182 538 2210 ED.
553 2182 702 2216 POTTER,
722 2183 773 2210 758
792 2182 847 2210 ΕΒ.
867 2181 981 2209 PARIS.

1066 2183 1109 2210 cb.
1129 2183 1198 2214 1,1.

261 2260 317 2295 (82)
341 2260 473 2287 Τέτοκεν.
486 2258 549 2287 HJ-c
563 2261 706 2290 sententia.
725 2268 807 2295 quam
827 2259 1013 2287 Tertullianus
1029 2267 1051 2294 υ

225 2294 312 2322 ειὶιιιιι
335 2295 397 2322 loco
423 2296 477 2330 jam
497 2296 572 2323 dicto
599 2294 739 2329 allegavit,
755 2295 782 2322 in
812 2295 840 2323 S.
859 2294 1011 2329 Scripturis
1066 2295 1132 2322 edit.

226 2330 329 2357 [rustra
359 2334 507 2365 qumretur.
538 2331 602 2356 Eam
640 2330 773 2365 iligaltius
798 2338 831 2357 ex
856 2331 1012 2365 apocrypbo

225 2365 344 2400 quodam
359 2366 429 2393 libro
442 2366 553 2400 petitam
578 2365 663 2392 fuisse
690 2365 865 2393 existimavit.
892 2365 1012 2392 Pamclio

225 2403 254 2426 et
270 2401 409 2428 nonnullis
432 2401 503 2430 aliis.
529 2401 577 2435 qui
606 2400 804 2427 Tertullianum
827 2400 1010 2435 explicarunt,

226 2435 315 2462 visum
331 2439 373 2462 est
388 2435 488 2462 librum
498 2435 558 2462 Jobi
574 2435 687 2470 respici,
700 2436 726 2462 in
742 2442 795 2470 quo
812 2435 868 2462 limc
880 2440 989 2462 exstant
1003 2446 1010 2463 :

229 2479 239 2495 ‹
251 2469 338 2496 Vacca
355 2471 468 2504 peperit,
484 2474 510 2497 et
526 2478 579 2497 non
595 2475 637 2497 est
652 2469 758 2504 privata
783 2470 837 2497 fetu
855 2479 915 2497 suo.
929 2480 937 2496 )
958 2470 1011 2498 Vc-

226 2512 288 2531 rum
304 2503 473 2532 Eze’ch’iclem
496 2507 563 2533 satis
591 2503 685 2540 apex-1e
708 2506 811 2533 indicat
826 2505 1012 2533 Tertullianus

228 2540 285 2576 haec
300 2540 424 2567 scribens
437 2548 444 2566 ς
463 2550 471 2565 ι
484 2540 612 2575 Legimus
627 2541 736 2575 quidem
752 2540 824 2576 apud
840 2540 1010 2568 lizechieicm

227 2575 260 2611 de
275 2581 364 2611 vacca?
386 2575 441 2607 illa,
455 2583 515 2611 quae
528 2576 632 2611 peperit
645 2581 672 2603 et
689 2584 743 2603 non
759 2576 872 2610 peperit.
887 2585 896 2601 ›
915 2576 968 2603 Sed
984 2577 1010 2603 in

227 2584 260 2602 ac
275 2584 359 2601 vacca
386 2584 441 2607 ina,
475 2584 515 2602 ua:
528 2584 632 2611 peperit
645 2584 672 2603 et
689 2584 743 2603 non
759 2584 872 2610 peperit.
887 2585 896 2601 ›
915 2584 968 2603 δρα
984 2585 1010 2603 ιιι

227 2608 381 2646 Ezechielis
398 2584 536 2645 prophetae
553 2611 622 2638 libro
643 2611 700 2638 haec
714 2613 796 2638 verba
812 2618 946 2645 nusquam
960 2618 1010 2646 ap-

227 2649 335 2680 parent.
348 2644 408 2677 Quo
434 2650 546 2678 tactum,
563 2651 592 2673 ut
607 2647 729 2673 nonnulli
755 2644 940 2676 Ezechiclum.
953 2644 1010 2672 tra-

227 2680 319 2714 gicum
344 2681 416 2707 inter
430 2680 541 2716 Iudaeos
569 2686 688 2716 poetam.
706 2682 785 2708 citari
802 2686 909 2716 putent.
923 2680 977 2707 Sed
995 2688 1010 2708 e

226 2715 407 2749 sequentibus
429 2715 591 2743 Tertulliani
613 2717 706 2743 verbis
721 2718 789 2743 satis
804 2715 927 2750 apparet,
948 2723 1010 2742 eum

227 2758 282 2778 ιιοιι
310 2755 397 2785 poeta:
419 2752 549 2786 cuipiam,
569 2751 616 2779 sed
641 2752 747 2778 auctori
774 2751 906 2786 divinitus
923 2750 1012 2777 adlato

227 2787 283 2812 hac
300 2786 438 2814 tribuere:
456 2785 527 2813 unde
542 2795 574 2813 ea
592 2787 716 2813 nonnulli
735 2794 766 2813 ex
784 2785 926 2813 Ezechiele
954 2794 1014 2820 pro-

227 2822 307 2856 pheta
326 2827 386 2855 post
401 2821 564 2849 Tertulliani
577 2825 683 2849 aetatem
701 2821 836 2849 excidisse
851 2821 1010 2854 conjiciunt.

250 2856 319 2898 187;)
347 2856 455 2891 Αὐτῆς.
477 2856 523 2885 Vel
549 2857 641 2892 potius
658 2857 752 2892 αὐτῆς,
767 2861 795 2884 et
818 2863 879 2883 mox
913 2856 1012 2884 iterum

227 2899 335 2923 αυτους.

1102 2259 1317 2321 (84))Ἐῖροῦντι.
1345 2258 1417 2294 Lege
1440 2257 1572 2293 αἱροῦντι.
1587 2256 1656 2283 Vide
1684 2255 1718 2282 ad
1747 2263 1776 2290 p.
1804 2254 1858 2283 755

1102 2299 1132 2321 it.
1170 2302 1234 2321 aris.
1251 2294 1364 2321 Lowrn.

1170 2302 1234 2322 al‘lS.
1251 2302 1364 2321 LOWTEI.

1101 2330 1156 2365 (85)
1173 2327 1644 2365 Συγγεγυμνασμένον.Βεερίςειε
1660 2326 1771 2354 videtur
1785 2326 1856 2355 Heb.

1065 2374 1092 2397 ν,
1109 2365 1150 2392 ixi.

1101 2401 1155 2435 (86)
1173 2400 1291 2434 Kl'pxnc.
1307 2398 1429 2435 Respicit
1449 2397 1558 2425 Homeri
1575 2396 1672 2435 Odyss.
1735 2405 1763 2424 ν.

1101 2432 1157 2470 (87)
1186 2432 1392 2472 Ἐπιστρέψᾳζιτ
1422 2434 1558 2472 Interpres
1582 2433 1662 2472 _legit
1691 2432 1857 2472 ἐπιτρέψας,

1069 2480 1077 2496 ι
1091 2467 1172 2497 vitain
1188 2478 1264 2497 suam
1283 2467 1406 2505 permisit
1422 2468 1539 2505 veritati.
1554 2477 1563 2493 ι
1580 2467 1702 2505 Retineri
1720 2470 1814 2505 tamen
1831 2471 1858 2493 et

1065 2507 1175 2541 vulgata
1195 2502 1404 2541 lectio'pntest,
1429 2504 1481 2530 hoc
1502 2511 1597 2536 sensu,
1620 2502 1678 2529 «ad
1705 2502 1855 2529 veritatem

1065 2539 1210 2568 convertit.
1224 2550 1233 2565 ι
1253 2539 1383 2567 SrLBunG.

1100 2576 1155 2611 (88)
1167 2575 1292 2611 i'Apxﬁr.
1305 2574 1470 2611 Principium
1486 2572 1600 2611 dicitur,
1616 2572 1688 2611 quod
1709 2571 1757 2611 alii
1773 2570 1857 2611 ﬁdem

1064 2607 1151 2639 facit;
1166 2607 1284 2638 Proinde
1307 2610 1344 2640 id.
1370 2607 1442 2644 quod
1467 2608 1715 2644 demonstratione
1739 2607 1855 2644 indiget.

1064 2655 1113 2681 pro
1127 2647 1261 2681 principio
1281 2642 1440 2672 haberi‘non
1457 2643 1547 2681 debet.
1564 2643 1727 2681 Aristoteles
1743 2642 1855 2681 Analyt.

1063 2676 1159 2716 ῥοειὲν.
1177 2676 1226 2708 lib:
1242 2690 1262 2712 ι,
1282 2689 1307 2707 (τ.
1324 2681 1352 2706 Η
1368 2689 1374 2706 :
1390 2679 1473 2716 ίᾼρχὴ
1488 2680 1512 2716 δῖ
1525 2679 1598 2716 ἐστὶν
1613 2676 1858 2716 ἀποδείξεωςῃπρό-

1064 2711 1142 2748 East;
1151 2717 1252 2752 ἇμεσος
1261 2725 1267 2731 ·
1280 2715 1381 2752 ᾇμεσος
1388 2711 1429 2746 δὲ,
1484 2714 1521 2752 μῂ
1534 2713 1599 2748 ἄλλη
1614 2711 1857 2752 προτέραιΡΓιιι-

1065 2750 1272 2786 εἱβῖιιιηίιιιιοιη
1286 2750 1530 2777 demonstrationis
1540 2753 1581 2776 est
1593 2750 1746 2786 propositio
1759 2750 1857 2786 imme-

1065 2781 1150 2815 diata.
1165 2786 1421 2821 lmmediataautem
1431 2790 1550 2821 est,gua
1561 2781 1614 2810 non
1630 2781 1672 2810 est
1680 2782 1734 2808 alia
1750 2781 1854 2821 prior.»

1100 2822 1156 2857 (89)
1171 2822 1304 2855 Ἕτερον.
1326 2819 1371 2847 Sic
1385 2819 1461 2857 Flor.
1474 2815 1656 2857 ‘S'ylburgzeut
1684 2824 1737 2857 ms.
1751 2815 1856 2844 ’Paris.

1067 2853 1120 2885 Sed
1137 2853 1270 2885 editiones
1290 2855 1462 2884 recentiores
1471 2853 1564 2890 ἐτέρου
1581 2853 1723 2881 exhibent.
