1933 3075
64 151 116 180 533

697 154 914 183 STROMATUM
931 154 995 183 LIB.
1014 154 1072 184 νιι.

1627 156 1680 185 554

62 218 115 242 νοις
126 209 282 245 ἀνθρώποις
295 208 532 247 προσέχοιμεν,οῐς
544 212 590 239 καὶ
597 212 841 248 ἀνταπφαίνεσθαι

897 217 1013 245 mentes,
1025 221 1092 241 voce
1104 213 1211 241 Domini
1224 213 1365 241 erudimur
1380 212 1414 240 ad
1430 212 1594 248 agnitionem
1609 213 1680 240 veri-

62 255 154 292 ἐπίσης
176 255 295 290 ἔξεστιν.
323 257 353 284 El
366 257 389 284 δ’
402 258 452 285 οὐκ
466 258 546 293 ἀρκεῖ
560 258 639 294 μόνον
653 258 746 290 ἁπλῶς
760 259 845 285 είπεῖν

61 300 90 328 τὺ
100 301 186 334 δόξαν,
200 302 270 329 ἀλλὰ
285 302 473 330 πιστώσασθαι
487 304 529 330 δεῖ
542 304 572 330 τὸ
585 304 689 339 λεχθὲν,
703 305 735 331 οὑ
748 304 797 340 τὴν
815 305 844 338 ἐξ

62 347 205 385 ἀνθρώπων
215 349 388 385 ἀναμένομεν
403 350 565 386 μαρτυρίαν,
585 349 653 377 ἀλλὰ
670 351 704 386 τῇ
727 350 772 377 τοῦ
789 351 845 377 Κυ·

61 395 115 429 ρίου
127 395 201 429 φωνῇ
215 394 387 430 πιστούμεθα
399 395 429 421 τὸ
443 395 622 431 ζητούμενον·
636 396 654 431 ἡ
672 396 766 422 πασῶν
782 396 844 422 ἀπο-

60 439 161 472 δείξεων
179 441 383 477 ὲχεγγυωτέρα,
398 441 498 477 μᾶλλον
522 442 550 468 δὲ
575 442 592 477 ἢ
617 443 686 478 μόνη
709 441 844 475 ἀπόδειξις

61 482 121 511 οὖσα
132 485 281 520 τυγχάνει·
305 487 366 513 καθ’
387 487 420 522 ῆν
437 487 591 524 ἐπιστήμην
611 488 635 514 oi
659 489 708 523 μὲν
728 489 844 522 ἀπογευ-

62 531 164 566 σάμενοι
179 532 260 567 μόνον
274 533 327 559 τῶν
341 533 456 569 Γραφῶν
465 535 555 561 πιστοὶ
570 554 578 566 ,
594 535 618 561 οἱ
633 534 660 561 δὲ
675 535 721 561 καὶ
735 543 842 571 προσω-

60 577 123 612 τέρω
142 578 321 613 χωρήσαντες
343 579 466 615 ἁκριΰείς
487 579 625 615 γνώμονες
646 581 696 616 τῆς
716 580 843 616 ἀληθείας

60 622 228 658 ὑπάρχουσιν,
238 625 262 650 oi
277 626 423 658 γνωστικοί
431 634 437 640 ·
450 626 511 652 ἐπεὶ
521 626 572 652 κάν
586 628 642 658 τοῖς
654 626 723 653 κατὰ
732 627 775 653 τὸν
787 626 842 661 βίον

60 667 143 703 ἔχουσί
156 677 182 695 τι
207 669 295 697 πλέον
316 671 341 697 οἱ
362 671 485 707 τεχνῖται
498 671 551 698 τῶν
569 672 689 705 ἰδιωτῶν,
707 673 752 699 καὶ
768 672 842 708 παρὰ

59 713 104 746 τὰς
124 714 213 747 κοινὰς
228 716 336 748 ἑννοίας
351 717 498 744 ὲκτυποῦσι
519 718 548 744 τὺ
570 718 683 754 βέλτιον.
697 717 841 751 υῦτωςοῦν

60 761 100 786 καὶ
117 761 204 796 ἡμεῖς,
220 762 270 787 ἀπ’
289 761 380 789 αὐτῶν
395 763 458 799 περὶ
480 763 569 790 αὐτῶν
587 763 641 791 τῶν
661 765 776 800 Γραφῶν
798 773 842 791 τε-

59 806 130 838 λείως
142 807 364 840 ἀποδεικνύντες,
387 809 419 835 ὲκ
435 810 552 841 πίστεως
567 810 716 846 πειθόμεθα
734 810 841 837 ἀποδει-

60 852 161 882 κτικῶς.
175 854 234 880 Κᾶν
243 854 403 890 τολμήσωσι
417 858 599 892 προφητικαῖς
606 857 758 893 χρήσασθαι
767 857 837 892 Γρα-

897 259 970 286 tatis.
983 258 1075 294 Neque
1091 259 1163 287 enim
1175 259 1331 287 hominibus
1343 259 1502 295 simpliciter
1512 259 1679 286 enuntianti-

896 304 948 332 bus
963 304 1043 333 ﬁdem
1059 305 1209 333 habeamus
1219 325 1227 339 ,
1246 306 1347 341 quibus
1361 306 1425 332 licet
1439 306 1521 333 etiam
1535 306 1680 333 enuntiare

895 350 1075 378 contrarium.
1100 350 1129 378 Si
1154 355 1243 379 autem
1270 359 1324 378 non
1351 351 1419 378 satis
1442 354 1484 377 est
1518 349 1680 385 simpliciter

895 397 968 431 quod
982 396 1089 424 videtur
1111 396 1221 430 dicere,
1238 397 1285 424 sed
1304 397 1416 431 insuper
1431 399 1538 430 oportet
1563 395 1680 431 probam

893 441 967 477 quod
989 442 1092 469 dictum
1112 446 1171 474 est,
1188 447 1245 469 tum
1266 451 1320 469 non
1345 446 1538 477 exspectamus
1555 441 1680 468 testimo-

893 487 969 514 nium
986 487 1137 520 hominum,
1156 487 1203 515 sed
1220 495 1286 515 voce
1308 487 1415 514 Domini
1437 487 1583 522 probamus
1605 485 1679 521 quod

893 533 1036 568 qumritur,
1060 541 1121 569 quae
1141 537 1183 561 est
1206 534 1292 568 magis
1311 534 1364 561 ﬁde
1386 533 1467 568 digna
1481 540 1561 568 quam
1576 533 1679 567 quaevis

892 579 1088 607 demonstratio
1105 589 1111 607 ι
1132 580 1173 607 vel
1193 581 1284 614 potius
1303 587 1361 614 quae
1377 583 1419 607 est
1435 580 1492 606 sola
1508 578 1679 606 demonstra-

892 627 941 658 tio,
957 634 1005 661 per
1016 633 1097 661 quam
1111 626 1271 659 scientiam,
1283 625 1328 660 qui
1343 625 1430 652 solum
1447 628 1589 658 gustavere
1603 623 1680 650 Scri-

892 676 997 707 pturas,
1013 675 1077 700 sunt
1094 671 1197 699 ﬁdeles.
1214 671 1265 704 Qui
1283 675 1372 698 autem
1389 671 1469 697 etiam
1488 670 1602 697 ulterius
1615 676 1679 704 pro-

892 723 1044 750 cesserunt,
1058 721 1122 746 sunt
1136 717 1247 753 perfecti
1266 717 1369 744 indices
1382 715 1520 749 veritatis,
1539 715 1556 742 ii
1574 715 1680 742 scilicet

891 766 936 800 qui
960 769 1024 793 sunt
1039 764 1156 800 gnostici
1171 772 1177 790 :
1190 762 1413 799 quandoquidem
1429 762 1510 789 etiam
1526 762 1552 788 in
1567 762 1601 788 iis
1618 769 1679 796 qua:

891 811 925 838 ad
941 811 1023 838 vitam
1038 811 1190 845 pertinent,
1208 817 1255 837 eos
1280 809 1327 844 qui
1351 811 1415 835 sunt
1431 808 1530 841 rudes,
1548 809 1679 842 superant

891 856 1018 889 artiﬁces,
1038 860 1065 883 et
1088 864 1170 891 super
1192 863 1352 883 communes
1378 854 1506 881 notiones
1521 853 1679 888 exprimunt

60 899 116 931 φαῖς
128 899 174 925 καὶ
191 900 216 925 οἱ
231 900 285 932 τὰς
308 900 429 937 αἱρέσεις
450 903 597 937 μετιόντες,
618 903 725 938 πρῶτον
743 903 792 938 μὲν
809 903 839 929 οὐ

892 901 918 928 id
942 901 1014 936 quod
1030 905 1072 928 est
1089 901 1197 928 melius.
1227 899 1272 927 Sic
1293 907 1358 935 ergo
1374 907 1425 926 nos
1440 906 1548 934 quoque
1562 906 1595 925 ex
1612 898 1681 932 ipsis

61 944 160 977 πάσαις,
176 945 274 972 ἔπειτα
288 947 320 973 οὺ
334 947 462 980 τελείαις,
477 948 537 974 οὐδὲ
555 948 593 980 ὡς
606 948 637 974 τὸ
657 948 736 984 σῶμα
751 949 797 975 καὶ
812 949 842 975 τὸ

61 988 118 1023 ὖεος
129 990 176 1026 τῆς
195 992 369 1027 προφητείας
386 993 568 1028 ὑπαγορεύει·
591 994 648 1020 ἀλλ’
667 994 840 1030 ἐκλεγόμενοι

60 1036 90 1062 τὰ
112 1037 267 1071 ἀμφιϐόλως
297 1039 440 1075 εἰρημένα,
462 1041 502 1071 είς
526 1040 575 1072 τὰς
600 1040 667 1072 ιδίας
692 1041 839 1076 μετάγουσι

61 1081 137 1114 δόξας,
151 1082 243 1117 ὀλίγας
257 1085 398 1121 σποράδην
412 1086 621 1121 ἀπανθιζόμενοι
641 1087 732 1120 φωνάς
742 1095 748 1102 ·
768 1088 797 1113 οὐ
811 1087 841 1113 τὸ

63 1129 252 1165 σημαινόμενον
267 1131 318 1157 ἀπ’
333 1131 422 1158 αὐτῶν
435 1132 607 1165 σκοποῦντες,
619 1132 677 1160 ἀλλ’
694 1133 762 1169 αὐτῇ
777 1133 839 1169 ψιλῇ

62 1173 241 1209 ἀποχρώμενοι
253 1177 287 1211 τῇ
304 1175 385 1209 λέξει.
395 1177 492 1212 Σχεδὸν
503 1178 558 1214 γὰρ
571 1178 599 1204 ὲν
614 1181 696 1206 πᾶσιν
707 1178 747 1211 οἷς
758 1187 841 1215 προσ-

63 1219 176 1255 φέρονται
200 1222 306 1256 ῥητοῖς,
333 1222 424 1258 εὕροις
441 1223 474 1250 ἃν
487 1224 585 1256 αὐτοὺς
603 1224 640 1256 ὡς
656 1226 712 1256 τοῖς
728 1225 840 1260 ὀνόμασι

64 1265 143 1299 μόνοις
154 1266 362 1302 προσανέχουσι,
373 1267 406 1294 τὰ
418 1268 603 1304 σημαινόμενα
615 1269 838 1300 ὑπαλλάττοντες”

63 1311 110 1337 οὗθ’
131 1311 166 1344 ὡς
185 1312 314 1347 λέγονται
332 1312 521 1347 γινώσκοντες,
537 1313 593 1340 οὔθ’
609 1313 647 1346 ὡς
661 1314 734 1349 ἔχειν
754 1313 840 1348 πεφύ-

63 1364 118 1383 κασι
130 1356 263 1393 χρώμενοι
283 1355 330 1390 αἶς
352 1359 399 1385 καὶ
414 1359 446 1395 δὴ
467 1359 625 1395 κομίζουσιν
645 1360 781 1394 ἐκλογαῖς.
807 1360 840 1386 Ἠ

63 1400 166 1437 ἀλήθεια
178 1403 205 1430 δὲ
223 1404 274 1431 οὐκ
297 1406 326 1431 ὲν
342 1405 380 1440 τῷ
397 1404 568 1440 μετατιθέναι
587 1405 640 1441 (90)
656 1405 689 1431 τὰ
710 1405 840 1441 σημαινό-

65 1455 123 1481 μενα
136 1449 301 1484 εὑρίσκεται·
321 1449 401 1485 (οὕτω
413 1451 461 1485 μὲν
475 1449 529 1486 γὰρ
546 1450 728 1485 ἀνατρέψουσι
750 1451 839 1477 πᾶσαν

65 1492 142 1529 ἀληθῆ
154 1495 358 1531 διδασκαλίαν)
378 1496 435 1523 ἀλλ’
450 1498 478 1523 ὲν
497 1497 534 1532 τῷ
549 1496 745 1532 διασκέψασθαι
763 1496 789 1523 τί
801 1496 839 1532 τῷ

65 1536 148 1572 Κυρίῳ
161 1540 207 1565 καὶ
225 1540 264 1575 τῷ
282 1541 484 1578 παντοκράτορι
572 1542 682 1574 τελείως
697 1542 795 1568 οἰκεῖόν
809 1550 839 1568 τε

66 1581 105 1607 καὶ
118 1584 226 1618 πρέπον,
239 1586 292 1612 κάν
304 1585 341 1620 τῷ
357 1585 480 1620 βεϐαιοῦν
491 1586 605 1613 ἕκαστον
616 1586 669 1613 τῶν
681 1586 840 1613 ἀποδεικνυ-
853 1570 875 1599 C

68 1627 143 1660 μένων
154 1630 220 1657 κατὰ
236 1632 286 1663 τὰς
303 1632 412 1667 Γραφὰς
425 1632 454 1665 ἐξ
469 1632 558 1659 αὐτῶν
573 1632 654 1659 πάλιν
671 1633 723 1659 τῶν
739 1633 839 1668 ὁμοίων

67 1672 176 1709 Γραφῶν.
189 1676 241 1702 OB:
251 1677 257 1682 '
267 1675 316 1704 οὖν
329 1678 502 1714 ἐπιστρέφειν
520 1679 567 1705 ἐπὶ
581 1679 628 1715 τὴν
643 1679 771 1714 ἀλήθειαν
782 1679 840 1706 ἐθέ-

67 1715 153 1750 λουσιν,
162 1720 315 1755 αἰδούμενοι
329 1722 493 1750 καταθέσθαι
504 1723 533 1749 τὸ
546 1724 596 1759 τῆς
607 1723 748 1758 φιλαυτίας
762 1724 840 1751 πλεο-

67 1760 194 1798 νέκτημα·
210 1765 265 1792 οὔτ’
284 1766 392 1802 ἔχουσιν
415 1768 489 1800 ὅπως
508 1769 652 1796 διαθῶνται
679 1770 727 1802 τὰς
750 1770 840 1797 αὐτῶν

67 1804 144 1840 δόξας,
156 1808 310 1846 βιαζόμενοι
325 1812 374 1844 τὰς
388 1813 512 1848 Γραφάς·
528 1814 679 1849 φθάσαντες
697 1814 723 1841 δὲ
735 1815 841 1850 ἐξενεγ-

68 1853 118 1877 κεῖν
141 1855 179 1886 είς
205 1857 268 1888 τοὺς
295 1857 456 1894 ἀνθρώπους
482 1859 605 1895 δόγματα
631 1860 725 1896 ψευδῆ,
750 1861 841 1896 σχεδὸν

69 1897 174 1932 ἀπάσαις
191 1904 250 1935 ταῖς
270 1904 392 1938 Γραφαῖς
407 1905 529 1941 ἐναργῶς
550 1907 709 1942 μαχόμενοι,
730 1907 777 1933 καὶ
797 1907 841 1934 ἀεὶ

69 1943 106 1978 ὑφ’
120 1946 192 1980 ἡμῶν
209 1948 265 1975 τῶν
286 1950 481 1984 ἀντιλεγόντων
503 1952 594 1984 αὐτοῖς
613 1952 796 1988 ἐλεγχόμενοι,
812 1953 841 1979 τὸ

69 1988 147 2040 λοιπὸν
160 1992 197 2020 ἔτι
210 1995 259 2021 καὶ
274 1995 321 2022 νῦν
336 1996 511 2032 ὑπομένουσι,
522 1998 556 2025 τὰ
566 1999 625 2034 μὲν,
645 1999 682 2035 μὴ
698 1999 840 2035 προΐεσθαι

69 2042 114 2061 των
129 2040 301 2076 πραφητικῶν
316 2042 381 2076 (91),
399 2042 433 2072 τὰ
446 2043 485 2075 δὲ,
499 2045 572 2079 ἡμᾶς
587 2044 694 2077 αὐτοὺς,
710 2044 748 2075 ὠς
759 2044 842 2079 ἄλλης

70 2084 198 2117 γεγονότας
213 2087 323 2121 φύσεως
335 2088 400 2122 (92),
415 2088 452 2124 μὴ
465 2089 538 2121 οἴους
551 2098 582 2116 τε
596 2088 666 2117 εἶναι
679 2092 796 2117 συνεῖναι
807 2091 842 2118 τὰ

71 2129 143 2156 οἰκεῖα
157 2132 268 2164 ἐκείνοις
289 2133 479 2161 διαϐάλλουσιν
490 2144 496 2150 ·
522 2136 607 2163 ἐνίοτε
625 2137 652 2163 δὲ
667 2136 714 2163 καὶ
731 2137 765 2163 τὰ
779 2138 842 2164 ἐαυ-

71 2172 116 2219 σᾶιν
127 2174 312 2213 διελεγχόμενα
327 2178 470 2214 ἀρνοῦνται
488 2180 618 2216 δόγματα,
632 2183 761 2218 ἄντικρυς
776 2185 841 2219 όμο-
857 2180 862 2186 ”

892 947 925 974 de
943 947 1010 982 ipsis
1030 946 1181 981 Scripturis
1196 945 1315 982 perfecte
1329 945 1561 976 demonstrantes,
1579 951 1614 972 ex
1629 943 1681 970 ﬁde

891 994 1087 1029 persuademus
1107 993 1332 1022 demonstrative.
1360 992 1438 1026 Quod
1466 993 1490 1020 si
1516 991 1681 1027 propheticis

891 1048 1000 1076 quoque
1023 1040 1173 1076 Scriptnris
1195 1039 1234 1067 uti
1260 1039 1320 1067 ausi
1345 1038 1448 1066 fuerint
1469 1037 1517 1073 qui
1542 1041 1682 1065 sectantur

894 1087 1024 1118 btet-eses,
1037 1087 1154 1122 primum
1170 1085 1279 1120 quidem
1293 1093 1348 1112 non
1360 1085 1499 1116 omnibus,
1514 1083 1610 1110 deinde
1626 1089 1681 1109 non

891 1132 1032 1167 perfectis,
1046 1140 1136 1167 neque
1151 1135 1181 1159 ut
1194 1131 1278 1159 dictat
1291 1138 1392 1166 corpus
1406 1135 1433 1157 et
1444 1134 1605 1157 contextura
1617 1135 1682 1163 pro-

891 1180 1003 1215 phetiae:
1014 1187 1108 1207 verum
1121 1179 1253 1214 eligentes
1265 1185 1296 1206 ea
1307 1185 1368 1213 qua:
1379 1177 1452 1204 dicta
1467 1180 1532 1204 sunt
1541 1176 1679 1211 ambigue,

890 1226 1038 1253 traducunt
1064 1225 1098 1252 ad
1119 1225 1245 1260 proprias
1269 1223 1431 1259 opiniones,
1456 1229 1558 1258 paucas
1596 1229 1680 1249 voces

891 1270 1008 1305 sparSim
1025 1273 1180 1305 carpentes,
1194 1276 1283 1304 neque
1297 1268 1323 1295 id
1337 1266 1544 1294 considerantes
1559 1264 1632 1300 quod
1645 1272 1680 1291 ex

891 1317 959 1352 ipsis
979 1316 1166 1352 signiﬁcatur,
1188 1315 1237 1343 sed
1252 1315 1311 1350 ipsa
1329 1313 1404 1340 nuda
1424 1311 1545 1339 dictione
1559 1313 1678 1338 utentes.

890 1362 958 1389 Nam
980 1363 1007 1389 in
1027 1362 1154 1390 omnibus
1176 1361 1231 1388 fere
1253 1368 1313 1396 quae
1329 1359 1468 1386 adducunt
1493 1357 1576 1389 locis,
1603 1356 1679 1391 ipsos

891 1408 949 1435 sola
964 1407 1064 1435 intueri
1080 1407 1185 1434 videbis
1202 1406 1328 1436 nomina.
1341 1409 1372 1432 ut
1388 1404 1435 1439 qui
1452 1406 1557 1430 mutent
1572 1400 1678 1436 signiﬁ-

890 1457 968 1484 cata,
993 1460 1081 1488 neque
1106 1451 1334 1488 quemadmodum
1350 1450 1480 1477 dicuntur
1494 1449 1677 1483 cognoscant,

890 1506 978 1534 neque
992 1498 1026 1525 iis
1041 1505 1108 1533 quas
1120 1497 1236 1525 aderunt
1253 1494 1471 1530 allegationibus.
1481 1493 1529 1524 ita,
1542 1496 1571 1519 ut
1584 1499 1678 1519 earum

890 1547 990 1570 natura
1009 1543 1145 1578 postulat,
1165 1545 1286 1569 utantur.
1301 1540 1410 1567 Veritas
1424 1542 1512 1566 autem
1530 1545 1583 1564 non
1602 1537 1679 1563 inve-

891 1591 966 1619 nitur
990 1591 1018 1617 in
1048 1590 1226 1617 translatione
1254 1587 1484 1623 signiﬁcationum
1515 1584 1574 1620 (sic
1604 1583 1677 1611 enim

890 1642 1001 1664 omnem
1026 1642 1118 1662 veram
1139 1637 1293 1662 everterent
1317 1630 1510 1666 doctrinam),
1527 1629 1575 1657 sed
1592 1629 1620 1656 in
1645 1635 1679 1656 eo

891 1677 965 1714 quod
981 1678 1044 1713 quis
1058 1677 1215 1705 consideret
1228 1676 1295 1712 quid
1311 1675 1425 1703 Domino
1446 1678 1473 1702 et
1497 1673 1678 1708 omnipotenti

891 1724 947 1752 Deo
959 1723 1079 1758 perfecte
1100 1723 1254 1755 conveniat,
1272 1726 1299 1750 et
1313 1730 1375 1749 cum
1392 1722 1497 1753 deceat,
1517 1725 1544 1748 et
1559 1720 1586 1746 in
1601 1727 1633 1746 eo
1649 1722 1679 1746 ut

892 1772 1035 1798 conlirmet
1049 1770 1262 1806 unumquodque
1279 1777 1311 1796 ex
1329 1769 1363 1796 iis
1380 1776 1440 1803 qua:
1455 1768 1679 1795 demonstrantur

891 1823 940 1850 per
952 1814 1119 1850 Scripturas,
1129 1822 1161 1842 ex
1174 1814 1241 1849 ipsis
1254 1821 1351 1841 rursus
1366 1813 1501 1840 similibus
1517 1811 1678 1847 Scripturis.

891 1861 984 1897 Neque
1004 1869 1070 1896 ergo
1082 1861 1177 1888 volunt
1203 1860 1323 1887 converti
1340 1861 1374 1886 ad
1388 1859 1529 1886 veritatem
1542 1878 1548 1889 ,
1565 1861 1595 1884 ιιι
1610 1865 1680 1892 quos

891 1907 992 1942 pudeat
1008 1907 1050 1934 sui
1067 1907 1095 1933 in
1111 1906 1216 1941 seipsos
1238 1905 1340 1933 amoris
1360 1905 1497 1940 deponere
1520 1902 1680 1938 praerogati-

891 1961 953 1982 vam
967 1961 974 1979 τ
993 1960 1080 1987 neque
1097 1953 1186 1980 sciunt
1203 1959 1256 1987 qua
1270 1951 1375 1978 ratione
1391 1951 1496 1986 possint
1511 1957 1576 1976 suas
1591 1949 1678 1976 stabi-

892 1999 943 2027 lire
964 1999 1122 2034 opiniones,
1139 1998 1287 2034 Scripturis
1303 1998 1356 2024 vim
1372 1997 1527 2024 aﬁ‘erentcs.
1545 1995 1615 2022 Cum
1630 2002 1679 2020 au-

891 2049 947 2073 tem
971 2045 1004 2072 ad
1020 2044 1088 2072 falsa
1103 2045 1130 2072 in
1144 2045 1242 2080 vulgus
1265 2043 1456 2079 proferendum
1473 2042 1600 2075 dogmata
1615 2047 1680 2075 pro-

893 2090 1046 2123 cesserint,
1071 2098 1133 2118 cum
1148 2091 1274 2118 omnibus
1293 2089 1350 2116 fere
1365 2087 1517 2123 Scripturis
1538 2085 1678 2113 evidenter

893 2140 1047 2172 pugnantes
1057 2157 1063 2169 ,
1079 2140 1106 2164 ct
1123 2143 1229 2171 semper
1245 2143 1259 2162 a
1274 2135 1353 2162 nobis
1375 2134 1421 2169 qui
1436 2137 1532 2160 contra
1547 2139 1594 2159 eos
1610 2130 1678 2158 dici-

894 2190 955 2210 mus
980 2182 1132 2215 conl'utati,
1155 2182 1228 2217 quod
1255 2181 1389 2216 reliquum
1407 2183 1466 2211 est.
1491 2185 1565 2205 nunc
1589 2177 1679 2203 adhue

72 2217 146 2273 1375?;
166 2224 318 2260 αἰδούμενοι
339 2225 356 2252 ἃ
372 2227 432 2252 κατ’
449 2227 515 2254 ἰδίαν
537 2228 649 2263 αὐχοῦσι
670 2229 841 2262 διδάσκοντες

894 2236 1005 2263 quoque
1029 2233 1145 2264 pergunt
1165 2236 1194 2256 se
1214 2235 1367 2262 opponere,
1391 2226 1490 2261 partim
1513 2223 1623 2259 quidem
1644 2229 1678 2249 ex

72 2265 152 2298 οὕτως.
163 2269 237 2297 Οὖτω
247 2270 304 2307 γὰρ
314 2271 386 2298 κατὰ
396 2273 486 2304 πάσας
498 2273 570 2300 ἔστιν
585 2275 648 2300 ἰδεῖν
661 2275 710 2307 τὰς
721 2275 841 2311 αἱρέσεις

74 2312 180 2347 ἐπιόντας
193 2317 282 2344 αὐτῶν
294 2318 343 2349 τὰς
358 2318 509 2354 μοχθηρίας
522 2319 575 2346 τῶν
594 2320 745 2356 δογμάτων.
756 2322 843 2348 Ἐπει-

73 2356 112 2384 δέιν
125 2359 173 2396 γὰρ
185 2362 393 2398 ἀνατρέπωνται
406 2365 473 2400 πρὸς
481 2365 569 2401 ἡμῶν,
579 2365 738 2394 δεικνύντων
744 2368 842 2399 αὐτοὺς

75 2404 153 2437 σαφῶς
170 2407 390 2444 ἐναντιουμένους
407 2411 468 2440 ταῖς
486 2409 617 2445 Γραφαῖς,
637 2411 708 2437 δυοῖν
729 2411 842 2447 θάτερον

74 2448 118 2476 ὑπὸ
129 2452 177 2479 τῶν
190 2455 367 2490 προεπώτων
385 2456 432 2482 τοῦ
455 2457 589 2492 δόγματος
612 2456 669 2484 ἔστι
695 2457 842 2485 θεάσασθαι

167 2545 194 2575 ’Β
214 2544 244 2573 Ρ.
262 2544 316 2572 892
332 2543 385 2571 El).
403 2544 551 2578 POTTEB,
572 2545 622 2572 759
640 2545 693 2573 ΕΙ).
716 2545 827 2574 PARIS.

106 2617 368 2659 [90)Mezat10érat.
388 2622 470 2650 Conf.
489 2630 572 2657 supra
591 2622 691 2650 Slrom.
713 2631 756 2656 ιιι,
776 2631 836 2659 pag.

163 2692 198 2718 Τὰ
203 2691 258 2735 per
264 2693 309 2735 μῂ
319 2692 546 2735 προΐεσθαι-τῶνς
555 2692 755 2735 προφητικῶν.
766 2693 800 2720 Sc
805 2693 842 2720 ri—

78 2728 114 2761 υς,
130 2728 162 2761 μὴ
179 2728 344 2762 προσίεσθαι,
365 2728 595 2763 quemadmodum
615 2728 710 2756 Latine
730 2735 842 2763 expres-

78 2763 160 2799 almlis.
170 2761 238 2799 _Nam
252 2764 310 2793 isti.
327 2764 361 2791 de
374 2764 474 2799 quibus
494 2764 559 2799 agit.
575 2763 694 2791 haeretici
709 2763 840 2798 quosdam

79 2798 121 2834 non
145 2796 323 2834 admittebant
347 2796 577 2834 prophetasfMi}
609 2796 769 2834 προσίεσθαι
792 2798 843 2830 τὰς

78 2826 170 2868 ξ’ραίράς
187 2836 236 2862 est.
252 2833 326 2868 quod
347 2826 424 2861 linfra
444 2834 521 2865 dicit,
544 2826 584 2860 6τί
610 2826 659 2865 τὰς
676 2826 842 2868 προφητείας

79 2861 196 2896 ιῖργουσιν
213 2861 314 2896 ἑαυτῶν
338 2869 387 2904 τῆς
416 2861 593 2904 Ἐκκλησίας,
616 2861 785 2905 ὑφορώμενοι
808 2861 842 2895 διῖ

893 2275 1060 2310 propheticis
1081 2275 1171 2309 aliqua
1195 2282 1250 2301 non
1274 2271 1455 2303 admittendo,
1470 2270 1570 2306 partim
1586 2273 1678 2296 autem

890 2329 952 2352 nos,
965 2320 1042 2355 quasi
1053 2321 1139 2348 simus
1148 2320 1260 2347 alterius
1269 2323 1383 2348 natura,
1393 2321 1419 2345 et
1430 2324 1489 2352 qua)
1500 2319 1529 2348 ᾖ(
1543 2321 1607 2343 ευιιι
1616 2315 1678 2342 illo-

892 2374 953 2393 rum
961 2367 1070 2401 propria
1080 2374 1134 2393 non
1147 2366 1284 2401 possimus
1299 2364 1460 2398 intelligere,
1471 2360 1676 2389 calumniando.

892 2411 1094 2447 Nonnunquam
1112 2417 1202 2439 autem
1217 2411 1298 2439 etiam
1323 2418 1385 2438 cum
1401 2408 1612 2438 convincuntur,
1628 2413 1679 2434 sua

893 2462 994 2494 negant
1008 2459 1144 2494 dogmata,
1162 2461 1254 2493 aperte
1269 2456 1394 2485 conﬁteri
1410 2455 1605 2484 erubescentes
1618 2460 1678 2489 qua!

890 2623 999 2658 ἔλεγχον
1014 2623 1060 2649 καὶ
1076 2623 1226 2649 νουθεσίαν.
1240 2622 1273 2649 Et
1287 2623 1380 2650 eadem
1394 2630 1459 2650 voce
1472 2623 1558 2658 utitur
1573 2632 1580 2650 :
1600 2622 1678 2658 Ἀμέ-

888 2657 930 2684 λει
942 2658 1087 2693 πάμπολλα
1099 2658 1296 2692 συγκαττύουσι
1306 2657 1451 2692 ψεύσματα
1460 2659 1507 2685 καὶ
1519 2657 1678 2693 πλάσματα,

889 2693 933 2755 illa
948 2693 979 2729 δὴ
1001 2693 1118 2728 εὐλόγως
1137 2693 1231 2726 δόξωσι
1249 2694 1286 2729 μὴ
1309 2693 1470 2728 προσίεσθαι
1487 2693 1536 2725 τὰς
1557 2694 1679 2731 Γραφάς.

916 2736 1028 2755 smstus.

916 2736 1028 2755 EiNSlUS.

926 2763 982 2798 (92)
1012 2764 1125 2796 Ἀλλης
1151 2764 1310 2799 γεγονότας
1337 2764 1467 2798 φύσεως.
1497 2762 1624 2799 Haeretici
1646 2762 1679 2799 de

891 2800 991 2834 quibus
1012 2799 1067 2833 agit
1085 2797 1193 2830 auctor,
1212 2799 1387 2826 somniabant
1403 2807 1433 2826 se
1452 2799 1486 2826 ab
1511 2798 1572 2825 aliis
1589 2797 1679 2834 horni-

891 2831 974 2861 nibus
997 2842 1005 2859 ι
1025 2831 1122 2860 natura
1150 2843 1159 2859 ι
1186 2834 1327 2869 distingui.
1354 2835 1469 2868 ejusque
1495 2831 1678 2868 praerogativa

891 2870 982 2898 salvos
1002 2869 1077 2903 ﬁeri;
1095 2873 1124 2895 ut
1136 2876 1219 2905 supra
1236 2869 1343 2905 plenius
1357 2869 1460 2897 dictum
1474 2873 1526 2896 est.
