1933 3075
231 158 284 186 539

796 156 994 186 CLEMENTIS
1010 157 1246 186 ALEXANDle

1813 159 1862 187 5&0

230 222 313 251 quam
328 218 420 242 autem
442 217 631 250 transgressus
646 212 726 242 fuerit
739 212 858 242 Verbum
871 215 1019 250 quispiam.

1075 215 1167 252 μάτων
1190 216 1346 252 πορευτέον,
1360 215 1386 243 oi
1402 217 1582 253 κατεπᾴδουσι
1609 218 1671 249 ταῖς
1687 217 1778 248 θείαις
1798 217 1862 252 Γρα-

229 265 258 289 et
272 268 321 295 per
342 260 380 291 id.
399 260 497 293 Deum,
513 261 536 288 si
549 264 692 296 propterea
707 260 870 289 imbecillior
882 261 934 288 fuit
949 261 1023 296 quod

231 306 324 341 aliqua
337 305 480 340 repentina
509 312 538 333 se
569 305 698 333 obtulerit
717 305 836 340 species,
849 305 1021 334 eﬂiciendum

231 356 275 379 est.
287 355 317 379 ut
327 352 382 379 sint
399 351 426 378 in
437 355 563 386 promptu
579 352 686 386 species
696 352 845 379 rationales
858 361 865 379 :
876 352 920 379 sin
931 356 1023 379 autem

231 405 308 425 more
324 400 353 429 ›Ῑ‹
373 398 418 432 qui
442 398 517 432 prius
543 398 659 425 invaluit
678 399 779 432 victus,
796 399 927 433 vulgaris,
941 402 972 426 ut
985 399 1024 426 ait

232 442 384 479 Scriptura.
402 443 491 470 factus
511 442 604 474 fuerit.
625 443 778 470 curandum
801 447 843 471 est
858 447 888 470 ut
904 451 963 471 mos
983 443 1023 470 illi

231 489 340 526 penitus
363 490 512 521 aboleatur,
530 493 557 518 et
572 494 601 516 ut
618 490 644 517 ei
670 490 792 521 resistat,
809 490 964 517 exercenda
981 494 1023 518 est

231 535 332 563 anima.
352 535 381 562 Si
396 540 485 563 autem
500 535 650 571 pugnantia
663 543 774 570 quoque
789 535 881 570 aliqua
896 535 1024 570 dogmata

230 582 337 609 videtur
357 581 503 611 attrahere.
520 589 552 609 ea
575 584 639 608 sunt
663 581 850 612 subducenda,
864 584 891 609 et
903 581 1023 608 cundum

229 632 272 656 est
283 628 318 656 ad
345 635 392 656 cos
409 628 455 663 qui
479 628 572 662 quieta
587 627 715 663 dogmata
733 626 865 659 etliciunt,
879 631 906 655 et
922 627 1023 656 divinis

230 674 380 710 Scripturis
392 683 440 702 eos
457 675 600 702 incautam
615 675 661 710 qui
677 679 741 702 sunt
753 675 835 702 rudes
848 679 876 702 et
891 675 1022 709 imperiti,

229 726 257 748 et
266 722 410 756 strepitum
423 721 631 756 pertimescunt,
644 728 693 756 per
709 720 946 748 Testamentorum
957 729 1022 748 con-

229 768 400 803 sequentiam
414 768 455 795 cis
466 767 608 794 veritatem
623 767 812 802 explanantes.
831 766 933 798 Sed.ut
950 767 1024 794 vide—

230 818 285 846 tur,
305 814 393 849 magis
413 813 584 840 declinamus
599 812 632 839 ad
648 820 680 840 ea
701 819 762 847 quae
785 816 848 840 sunt
864 812 1022 847 opinabilia,

228 858 336 886 etiamsi
345 857 557 889 sintcontraria,
574 864 655 891 quam
671 856 705 883 ad
721 857 861 884 veritatem
876 865 882 882 ι
898 859 940 882 est
950 855 1022 882 enim

1074 263 1138 296 φαίς
1150 261 1213 293 τοὺς
1227 261 1367 296 ψοφοδεεῖς
1388 262 1443 289 τῶν
1466 263 1598 299 ἀπείρων,
1608 263 1659 298 τὴν
1676 263 1808 298 ἀλήθειαν
1822 262 1862 288 διὰ

1072 307 1123 342 τῆς
1142 307 1302 340 ἀκολουθίας
1320 308 1374 334 τῶν
1390 309 1532 344 Διαθηκῶν
1552 308 1759 345 σαφηνίζοντες.
1784 308 1860 340 Ἀλλ’,

1072 354 1110 386 ὡς
1124 354 1220 386 ἔοικεν,
1239 354 1358 390 ρέπομεν
1375 355 1421 382 ἐπὶ
1432 355 1467 382 τὰ
1486 355 1577 388 ἔνδοξα
1595 355 1707 391 μᾶλλον,
1724 355 1777 383 κᾶν
1794 356 1863 381 ὲναν-

1072 398 1118 426 τία
1139 399 1270 435 τυγχάνῃ,
1287 399 1358 436 ἢπερ
1373 401 1419 426 ἐπὶ
1432 401 1482 436 τὴν
1505 401 1651 436 ἀλήθειαν*
1669 400 1798 437 αὐστηρά
1811 400 1862 435 γάρ

1073 445 1131 470 ἐστι
1154 446 1201 471 xui.
1216 446 1311 480 σεμνή.
1328 446 1382 472 Καὶ
1405 446 1436 482 δὴ
1450 446 1532 482 τριῶν
1554 446 1640 473 οὐσῶν
1656 446 1806 473 διαθέσεων
1816 446 1863 481 τῆς

1072 488 1171 524 ψυχῆς,
1197 490 1317 524 ἀγνοίας,
1346 491 1471 526 οἰήσεως,
1494 491 1659 526 ἐπιστήμης,
1675 491 1701 517 ot
1723 491 1773 526 μὲν
1787 491 1816 517 ἐν
1829 491 1861 526 τῇ

1073 534 1168 570 ἀγνοίᾳ
1178 534 1212 561 τὰ
1226 534 1300 570 ἔθνη,
1311 535 1335 561 οι
1349 534 1377 561 δὲ
1390 535 1419 561 ὲν
1433 536 1465 571 τῇ
1480 536 1628 572 ἐπιστήμῃ,
1645 537 1661 571 ή
1681 535 1830 571 Ἐκκλησία
1846 536 1862 571 ἡ

1073 580 1186 616 ἀληθὴς,
1200 581 1225 607 oi
1241 581 1270 607 δὲ
1285 581 1314 607 ὲν
1328 582 1415 616 οἰήσει
1431 582 1456 608 οἱ
1469 582 1541 609 κατὰ
1557 582 1605 614 τὰς
1628 582 1760 618 αἱρέσεις.
1783 582 1863 609 οὐδὲν

1072 626 1136 660 γοῦν
1152 626 1318 662 σαφέστερον
1333 627 1396 653 ίδείν
1423 627 1480 654 ἔστι
1495 628 1559 660 τοὺς
1584 628 1786 663 ἐπισταμένους
1803 628 1864 663 περὶ

1072 668 1110 697 ὧν
1125 671 1197 698 ἴσασι
1209 670 1467 706 διαϐεϐαιουμένους
1482 672 1530 698 καὶ
1546 673 1610 708 περὶ
1626 669 1664 699 ὧν
1678 671 1782 699 οἴονται
1798 672 1863 707 (10),

1072 717 1167 751 ὃσονγε
1183 718 1229 744 ἐπὶ
1243 717 1281 753 τῷ
1297 717 1518 744 διαϐεϐαιοῦσθαι
1540 719 1604 745 ἄνευ
1625 719 1673 754 τῆς
1689 718 1863 751 ἀποδείξεως.

1073 765 1281 801 Καταφρονοῦσι
1306 766 1372 800 γοῦν
1390 765 1512 801 ἀλλήλων
1535 766 1583 793 xui
1605 765 1794 799 καταγελῶσι·
1818 765 1865 792 καὶ

1074 810 1217 846 συμϐαίνει
1230 811 1275 837 τὸν
1292 811 1372 837 αὐτὸν
1392 809 1464 842 νοῦν,
1491 810 1554 845 παρ’
1571 808 1612 842 οἷς
1627 810 1676 846 μὲν
1691 811 1865 845 ἐντιμότατον

1072 855 1152 888 εἶναι,
1171 854 1283 892 παρόἷς
1297 856 1324 883 δὲ
1339 857 1490 892 παρανοίας
1499 856 1644 892 ἡλωκέναι,
1659 856 1759 883 Καίτοι
1777 864 1866 891 μεμα-

229 903 275 930 illa
302 907 411 931 austera
426 902 584 937 gravisque.
600 901 689 936 Atque
701 909 763 928 eum
775 901 829 928 sint
843 900 952 935 quidem
968 904 1019 927 tres

1075 903 1198 938 θήκαμεν
1215 901 1277 930 ἄλλο
1295 902 1344 938 μέν
1359 910 1400 929 τοι
1415 900 1484 928 εἶναι
1499 902 1605 938 ἡδονὴν,
1618 903 1651 938 ἣν
1666 902 1695 928 ὲν
1715 903 1773 933 τοῖς
1791 901 1866 928 ἔθνε-

229 949 328 976 εηὶῐηαδ
355 948 522 979 ai‘lertiones,
539 947 686 982 ignoratio,
701 946 804 981 opinio,
818 945 934 973 scientia
951 954 958 973 :
975 945 1022 980 qui

230 995 258 1022 in
284 993 455 1029 ignoratione
466 992 576 1027 quidem
593 995 750 1022 versantur,
766 994 830 1018 sunt
845 994 958 1024 gentes;
976 990 1023 1026 qui

230 1044 321 1068 autem
330 1040 358 1066 in
366 1039 556 1070 scientia,vera
566 1037 688 1065 Ecclesia
699 1047 706 1064 :
716 1037 763 1072 qui
773 1044 838 1064 vero
849 1037 876 1063 in
883 1036 1021 1071 opinione,

230 1087 248 1114 ii
265 1086 311 1121 qui
329 1089 470 1113 sectantur
479 1084 606 1112 hmreses.
619 1083 710 1111 Nihilo
726 1091 792 1118 ergo
812 1083 935 1118 apertius
947 1082 1024 1110 vide-

231 1139 293 1160 mus
301 1131 517 1159 aiiirmanteseos
525 1131 572 1166 qui
580 1131 671 1158 sciunt
679 1129 712 1157 dc
723 1130 824 1164 iisquae
830 1129 931 1161 sciunt,
939 1136 1021 1164 quam

231 1179 281 1206 hos
289 1178 322 1206 de
331 1178 364 1206 iis
370 1186 430 1213 qua:
437 1178 596 1212 opinantur,
605 1177 676 1212 quod
683 1177 780 1204 attinet
791 1176 823 1203 ad
833 1175 1021 1203 atlirmandum

229 1225 332 1260 absque
338 1224 578 1251 demonstratione.
590 1223 625 1250 Sc
637 1223 729 1258 itaque
740 1222 856 1250 invicem
867 1221 1022 1256 despiciunt

229 1275 258 1298 et
268 1270 392 1302 irrident,
408 1270 491 1305 {itque
506 1273 536 1296 ut
551 1269 622 1297 idem
633 1277 732 1297 sensus
747 1268 781 1296 ab
793 1268 855 1296 aliis
869 1269 979 1303 quidem
993 1268 1021 1295 in

229 1316 349 1343 maximo
366 1316 468 1343 honore
483 1315 628 1345 habeatur,
646 1315 680 1342 ab
690 1315 752 1342 aliis
768 1318 859 1342 autem
876 1315 1022 1342 damnetur

228 1363 364 1390 amentiae.
384 1362 465 1397 Atqui
493 1361 641 1389 didicimus
667 1361 742 1388 aliud
767 1361 876 1396 quidem
889 1369 951 1389 esse
974 1368 1018 1388 vo-

229 1407 373 1443 luptatem.
389 1416 449 1443 quze
466 1411 507 1436 est
531 1408 704 1435 attribuenda
719 1407 861 1442 gentibus;
885 1407 958 1434 aliud
972 1415 1021 1434 au—

229 1457 283 1480 tem
298 1454 501 1480 contentionem
528 1461 589 1489 quae
614 1454 643 1480 in
670 1453 821 1481 hazresihus
837 1454 1020 1488 prwponitur;

229 1499 301 1526 aliud
313 1500 451 1535 gaudium,
468 1500 553 1534 quod,
565 1503 595 1527 ut
610 1501 761 1535 proprium,
772 1505 815 1528 est
830 1499 959 1528 Ecclesia
972 1507 1020 1528 as-

229 1546 408 1580 signandum;
428 1545 502 1572 aliud
523 1549 612 1573 autem
640 1546 773 1578 laetitiam,
790 1554 851 1582 qua:
866 1546 956 1573 danda
970 1550 1013 1573 est

230 1599 294 1618 vero
308 1591 442 1626 gnostico.
461 1590 696 1624 Quemadmodum
714 1596 804 1619 autem
819 1593 842 1620 si
853 1592 914 1627 quis
926 1590 1020 1619 lscho-
1032 1582 1054 1611 (ἶ

229 1638 327 1665 macbo
342 1645 371 1665 se
387 1637 494 1665 dederit
507 1638 716 1670 instituendum,
729 1647 791 1666 eum
817 1638 898 1666 faciet
913 1639 1020 1673 agrico-

230 1684 301 1716 lam;
317 1688 345 1711 et
365 1684 388 1711 si
404 1684 539 1718 Lampidi,
552 1689 662 1712 nautam
676 1694 683 1718 ;
698 1690 726 1713 et
741 1685 914 1716 Charideme,
933 1685 1020 1720 impe~

231 1734 368 1763 ratorem;
382 1734 409 1758 et
426 1730 542 1762 Simoni,
558 1733 698 1766 equitandi
709 1740 844 1766 gnarum:
860 1735 887 1758 et
900 1731 1018 1763 Perdici,

231 1783 400 1810 cauponem;
417 1779 444 1802 et
459 1775 589 1808 Crohulo,
602 1777 780 1811 opsoniormn
794 1777 963 1804 conditorem
973 1785 982 1809 ς
992 1781 1019 1803 et

231 1822 376 1853 Archelao,
393 1822 566 1856 saltatorem;
579 1826 607 1850 et
622 1822 748 1854 llomero,
764 1826 891 1858 poetam;
907 1827 934 1849 et
943 1822 1011 1858 Pyr-

231 1868 323 1899 rhoni.
339 1868 541 1896 contentiosum
556 1877 563 1901 ;
577 1873 603 1896 et
615 1868 801 1900 Demostheni,
821 1872 974 1901 oratorem;
992 1872 1019 1896 et

230 1913 395 1950 Chrysippo,
411 1914 603 1948 dialecticum;
617 1919 644 1942 et
654 1915 805 1947 Aristoteli,
818 1915 981 1950 physicum;
993 1918 1020 1941 et

230 1959 347 1992 Platoni,
371 1961 585 1996 philosophum:
604 1961 642 1988 ita
672 1962 718 1996 qui
747 1965 824 1996 paret
850 1961 977 1992 Domino,
994 1965 1021 1988 et

230 2015 279 2043 per
288 2015 350 2035 eum
356 2007 446 2035 datam
453 2007 577 2042 sequitur
586 2007 767 2042 prophetiam,
778 2006 898 2042 perfecte
906 2007 1022 2035 eliicitur

284 2099 313 2128 ﬁt
333 2095 364 2124 Ρ.
385 2095 447 2130 894,
465 2097 519 2124 ED.
535 2095 686 2129 POTTER,
704 2095 752 2123 ’161
771 2095 825 2124 ED.
848 2095 962 2123 PARIS.

266 2174 321 2210 (10)
337 2175 391 2202 Καὶ
404 2174 469 2208 περὶ
491 2171 535 2200 ὧν
552 2174 673 2210 οἴονται.
690 2173 886 2210 Scribe,_qtiod
904 2177 1016 2210 secutus

230 2208 340 2254 qhnoql‘te
363 2211 499 2245 interpres
520 2209 627 2254 videlttr
642 2218 647 2234 :
665 2208 750 2254 OWév‘
767 2208 841 2254 γρῦνν
850 2208 1015 2254 σαφέστερὲον
1032 2225 1055 2254 D

232 2241 367 2272 [δεῖν’ἔστι
388 2241 450 2276 τοὺς
469 2244 754 2279 ὲπισταμένουςῌπερὶ
778 2241 814 2270 ὧν
831 2244 902 2279 ἴσασι
930 2241 1016 2269 δια6ε‹

231 2280 418 2314 σαιουμένους,
433 2280 449 2314 ἢ
466 2275 577 2310 τούτους
592 2280 654 2313 περὶ
668 2275 705 2304 ὧν
719 2275 828 2304 οἴονται.
843 2278 982 2305 "lilNSlUS.

268 2316 290 2349 (i
301 2313 324 2347 ι)
339 2313 487 2347 ΑΙρέσεύ-ι.
512 2313 583 2340 Flor.
601 2314 718 2348 ἐρέσεσι,
732 2319 868 2348 corrupte.
883 2313 1017 2349 Suaenc.

268 2350 324 2383 (1‘2)
341 2349 480 2383 Λάμπιδι.
514 2349 653 2384 Lampidis
685 2350 845 2383 cognomine
867 2348 1019 2375 Nauelerit‘i

232 2385 355 2412 meminit
371 2385 533 2411 Plutarchus
547 2383 594 2411 lib}
610 2385 649 2410 An
665 2385 719 2410 seni
735 2383 847 2417 gerenda
869 2385 904 2409 sit
930 2391 1020 2417 respn-

233 2419 301 2445 blica
312 2427 321 2445 :
337 2420 366 2446 Ὀ
381 2420 408 2446 δὲ
422 2420 532 2454 Λάμπις
548 2420 562 2444 0'
575 2418 772 2453 Ναυκληρικὺς,
786 2418 1018 2454 spuit-363971113;

232 2455 367 2488 ἐκτήσατο
377 2455 422 2480 τὸν
439 2454 564 2485 πλοῦτον,
579 2454 614 2480 Οὺ
631 2453 765 2488 χαλεπῶς,
785 2454 846 2488 ἔφη,
862 2454 907 2480 τὸν
921 2453 1018 2488 μέγαν,

230 2487 279 2516 τὸν
290 2489 318 2515 δὲ
333 2489 436 2524 βραχὺν
451 2489 587 2519 ἐπιπόνως
603 2490 650 2515 καὶ
666 2488 794 2524 βραδέωςἴ
815 2498 823 2513 ι
836 2489 956 2522 Lampis,
973 2488 1020 2522 qui

232 2531 250 2551 a
265 2523 412 2550 multarum
433 2524 608 2559 possessione
634 2525 742 2550 navium
776 2523 963 2559 Nauelericus
979 2527 1020 2549 est

233 2559 315 2593 vulgo
332 2558 438 2589 dictus,
458 2560 641 2593 interrogatus
667 2559 821 2592 aliquando,
838 2566 891 2593 qua
915 2558 1020 2585 ratione

233 2598 325 2621 tantas
338 2602 403 2628 opes
423 2594 474 2620 sibi
495 2594 638 2628 parasset?
649 2593 769 2628 Magnas,
786 2593 935 2628 respondit,
948 2593 1019 2619 haud

234 2629 388 2660 ditiieulter,
402 2637 504 2665 paucas
511 2633 600 2656 autem
612 2636 666 2656 non
678 2630 736 2656 sine
748 2628 886 2656 laboribus
894 2633 921 2656 et
934 2628 1021 2654 tnulto

233 2667 367 2697 tempore.
381 2674 390 2690 ι

270 2699 325 2733 (15)
343 2699 462 2733 ΣΙμωνι,
476 2700 541 2724 Ιππ.
556 2697 662 2726 Plinius
679 2698 727 2725 lib.
743 2707 838 2730 xxxtv,
854 2705 879 2725 c.
897 2698 925 2729 8,
937 2697 1021 2725 refert

234 2733 402 2760 Demetrium
419 2734 516 2761 fecisse
533 2743 542 2758 (
555 2734 672 2768 equitem
687 2734 835 2763 Simonem,
852 2733 897 2768 qui
916 2734 1020 2767 primus

233 2769 268 2794 de
292 2769 416 2802 equitatu
439 2769 559 2802 srripsit.
575 2778 584 2794 ι
602 2768 764 2803 Xenophon“
775 2769 866 2796 statim
893 2769 926 2795 ab
942 2768 1020 2794 initio

235 2803 281 2831 Iib.
302 2804 369 2839 Περὶ
382 2801 513 2838 ίππικῆςγτ
530 2804 651 2839 Ἔγραψε
669 2801 717 2839 μὲν
735 2801 780 2830 οὖν
795 2805 842 2830 xui.
857 2803 946 2839 Σέμῳν
958 2803 1020 2838 περὶ

235 2838 361 2874 ἱππικῆς.
379 2839 407 2870 ὃς
421 2839 468 2874 καὶ
487 2839 532 2865 τὸν
546 2838 617 2866 κατὰ
637 2838 675 2865 τὸ⁷
689 2839 849 2866 Ἐλευσίνιον
876 2838 1019 2874 Ἀθήνῃσιν

247 2882 317 2901 ππον
329 2872 451 2910 χαλκοῦν
471 2873 595 2911 ἀνέθηκε,
611 2876 655 2902 xui
666 2876 694 2902 tv
710 2874 748 2912 τῷ
764 2874 856 2911 βάθρῳ
872 2874 906 2901 τὰ
924 2872 1019 2901 ἑαυτοῦ

1074 957 1116 975 σιν
1136 948 1334 983 ἀπονεμητέον,
1349 947 1412 974 ἄλλο
1425 947 1453 974 δέ
1477 956 1504 974 τι
1528 947 1595 983 ἔριν,
1611 948 1644 983 ἣν
1667 948 1695 973 ὲν
1709 948 1773 979 ταῖς
1789 947 1866 983 αἶρέ.

1074 1003 1132 1021 σεσι
1149 993 1205 1030 (Η)
1221 993 1382 1029 προκριτέον
1393 1002 1400 1008 ·
1417 993 1481 1020 ἄλλο
1493 993 1591 1029 χαρὰν,
1608 993 1641 1028 ἣν
1656 995 1689 1028 τῇ
1712 993 1866 1029 Ἐκκλησία

1073 1039 1315 1075 προσοικειωτέον·
1333 1039 1398 1066 ἄλλο
1420 1038 1448 1065 δὲ
1468 1038 1647 1074 εὐφροσύνην,
1671 1038 1704 1074 ἢν
1729 1038 1769 1073 τῷ
1795 1038 1866 1065 κατὰ

1073 1085 1200 1122 ἀλήθειαν
1228 1085 1372 1112 ἀποδοτέον
1400 1085 1550 1120 γνωστικῷ.
1586 1085 1631 1116 Ὠς
1654 1085 1693 1117 δὲ,
1722 1085 1771 1112 ἐὰν
1801 1085 1866 1121 πρό-

1073 1139 1126 1167 σχῃ
1155 1139 1197 1163 τις
1217 1131 1377 1166 Ἰσχομάχῳ,
1403 1131 1525 1167 γεωργὸν
1553 1130 1634 1158 αὑτὸν
1668 1131 1797 1166 ποιήσει·
1817 1131 1864 1158 καὶ

1073 1177 1197 1212 Λάμπιδι
1207 1177 1274 1212 (19),
1283 1177 1435 1214 ναύκληρον
1444 1185 1450 1191 ·
1463 1177 1509 1204 xui.
1518 1177 1680 1213 Χαριδήμῳ,
1690 1177 1847 1213 στρατηγόν
1855 1185 1864 1192 ·

1072 1223 1119 1250 καὶ
1141 1223 1258 1258 Σίμωνι,
1278 1223 1389 1250 ἱππικόν
1411 1223 1484 1259 (15)’
1503 1223 1551 1250 xui.
1573 1223 1702 1259 Πέρδικι,
1722 1223 1862 1259 κάπηλον·

1072 1269 1120 1296 xui.
1137 1269 1287 1305 Κρωϐύλῳ,
1311 1270 1437 1304 ὀψοποιόν
1453 1269 1509 1304 (M)
1520 1278 1526 1284 ·
1548 1270 1595 1296 xui.
1615 1269 1764 1305 Ἀρχελάῳ,
1779 1270 1864 1305 ὀρχη-

1073 1316 1155 1351 στήν
1172 1317 1219 1342 xui.
1238 1316 1360 1352 Ὁμήρῳ,
1385 1317 1516 1352 ποιητήν·
1540 1317 1588 1343 xui.
1604 1316 1742 1352 Πύρρωνι,
1763 1317 1864 1352 ἐριστι-

1072 1362 1119 1388 κόν
1129 1371 1136 1377 ·
1151 1362 1198 1388 xui.
1217 1362 1392 1398 Δημοσθένει,
1417 1363 1520 1398 ῥήτορα
1531 1371 1537 1378 ·
1554 1363 1601 1389 καὶ
1624 1363 1791 1398 Χρυσίππῳ,
1804 1362 1863 1389 δια-

1071 1407 1209 1435 λεκτικόν·
1226 1408 1273 1434 καὶ
1298 1407 1470 1444 Ἀριστοτέλη
1484 1407 1552 1443 (15),
1569 1407 1700 1442 φυσικόν
1719 1408 1767 1434 xui.
1791 1407 1864 1442 φιλό-

1073 1461 1165 1488 σοφον,
1183 1453 1322 1480 Πλάτωνι·
1337 1453 1423 1485 οὕτως
1441 1454 1455 1480 ὁ
1473 1453 1511 1489 τῷ
1524 1454 1619 1489 Κυρίῳ
1632 1453 1803 1489 πειθόμενος,
1818 1454 1865 1480 καὶ

1070 1500 1103 1534 τῇ
1127 1498 1235 1535 δοθείσῃ
1257 1499 1290 1526 δι’
1314 1499 1397 1526 αὐτοῦ
1430 1500 1669 1535 κατακολουθήσας
1698 1500 1863 1535 προφητείᾳ,

1071 1545 1170 1578 τελέως
1187 1546 1337 1573 ὲκτελεῖται
1360 1547 1420 1573 κατ’
1439 1547 1530 1574 εἰκόνα
1550 1546 1598 1573 τοῦ
1628 1546 1802 1578 διδασκάλου,
1835 1547 1865 1572 ὲν

1072 1593 1154 1628 σαρκὶ
1167 1593 1321 1629 περιπολῶν
1334 1594 1400 1626 Θεός
1413 1594 1478 1629 (l6).
1496 1593 1709 1620 ’Δποπίπτουσιν
1723 1593 1777 1628 ἄρα
1788 1592 1864 1619 τοῦδε

1071 1637 1118 1664 τοῦ
1145 1637 1227 1672 ὕψους
1251 1639 1275 1665 οἱ
1304 1639 1340 1674 μὴ
1367 1639 1494 1674 ἑπόμενοι
1515 1639 1584 1674 Θεῷ,
1607 1638 1654 1664 ἐὰν
1670 1639 1772 1673 ἡγῆται
1790 1639 1862 1672 (Π)-

1072 1684 1178 1718 ἡγεῖται
1200 1684 1227 1710 δὲ
1251 1685 1321 1711 κατὰ
1335 1685 1384 1717 τὰς
1405 1684 1599 1716 θεοπνεύστους
1611 1684 1733 1720 Γραφάς.
1752 1684 1865 1720 Μυρίων

1071 1729 1136 1763 γοῦν
1155 1730 1239 1756 ὄντων
1260 1730 1320 1756 κατ’
1339 1730 1455 1766 ἀριθμὸν
1484 1730 1501 1757 ἃ
1522 1730 1692 1766 πράσσουσιν
1714 1729 1863 1765 ἄνθρωποι,

1072 1775 1164 1810 σχεδὸν
1186 1775 1232 1802 δύο
1255 1777 1323 1802 είσὶν
1350 1777 1434 1812 ἁρχαὶ
1451 1777 1541 1812 πάσης
1552 1776 1699 1812 ἁμαρτίας,
1711 1776 1791 1803 ἄνοια
1808 1775 1864 1810 (18)

1071 1823 1118 1849 xui.
1127 1823 1264 1849 ἀσθένεια⁸
1274 1823 1357 1858 ἄμφω
1369 1824 1398 1849 δὲ
1411 1824 1451 1858 ἐφ’
1462 1824 1537 1858 ἡμῖν,
1549 1823 1605 1850 τῶν
1630 1824 1698 1859 μήτε
1713 1823 1861 1850 ἐθελόντων

1074 1867 1230 1904 μανθάνειν,
1251 1869 1319 1904 μήτε
1335 1866 1368 1895 αὗ
1386 1869 1435 1903 τῆς
1452 1868 1599 1904 ἐπιθυμίας
1617 1870 1740 1904 κρατεῖν.
1757 1869 1866 1895 Τούτων

1072 1914 1100 1941 δὲ
1114 1914 1148 1940 δι’
1159 1915 1193 1950 ἢν
1206 1914 1255 1949 μὲν
1263 1915 1291 1940 οὐ
1305 1913 1393 1946 καλῶς
1401 1915 1533 1950 κρίνουσι,
1548 1914 1582 1940 δι’
1595 1914 1629 1949 ἧν
1642 1914 1670 1941 δὲ
1678 1915 1729 1941 οὐκ
1743 1915 1866 1950 ἰσχύουσι

1073 1963 1129 1993 τοῖς
1145 1960 1232 1996 ὀρθῶς
1247 1960 1379 1996 κριθεῖσιν
1390 1970 1396 1976 ·
1421 1960 1483 1987 οὔτε
1502 1961 1568 1996 γὰρ,
1586 1960 1738 1997 ἀπατηθείς
1758 1970 1800 1993 τις
1817 1961 1866 1997 τὴν

1073 2007 1196 2043 γνώμην,
1208 2007 1297 2033 δύνατ’
1315 2006 1348 2033 ἂν
1360 2007 1415 2043 (19)
1432 2005 1461 2034 εὖ
1476 2007 1615 2043 πράττειν,
1629 2007 1681 2034 κᾶν
1699 2007 1772 2034 πάνυ
1788 2007 1866 2034 δυνα-

1070 2172 1137 2208 ἔργα
1150 2172 1328 2204 ἐξετύπωσεν.
1350 2181 1359 2197 ι
1375 2171 1491 2206 Scripsit
1502 2171 1611 2207 quidem
1632 2177 1659 2199 et
1674 2171 1751 2200 Simo
1766 2173 1865 2200 librum

1071 2208 1105 2234 Ile
1130 2216 1156 2234 re
1170 2208 1292 2241 equestri,
1311 2208 1356 2242 qui
1370 2207 1483 2235 Athenis
1496 2215 1597 2242 equum
1616 2216 1723 2234 :eneutu
1739 2209 1767 2235 in
1784 2208 1865 2235 Eleu-

1072 2243 1143 2270 sinio
1169 2243 1288 2269 dicatum
1317 2243 1421 2278 posuit,
1444 2247 1471 2270 et
1493 2243 1522 2270 in
1545 2243 1604 2270 basi
1623 2251 1706 2278 opera
1735 2244 1825 2278 ipsius
1839 2247 1866 2272 et

1073 2278 1143 2305 facta
1160 2278 1274 2305 cmlavit.
1292 2287 1301 2303 ι

1108 2313 1164 2348 (14)
1181 2314 1335 2348 Κρωϐύλῳ,
1351 2314 1400 2349 όνριι.
1417 2313 1490 2349 idem
1515 2313 1585 2340 forte
1600 2313 1645 2339 hic
1664 2321 1726 2340 cum
1747 2313 1866 2349 Crobylo

1071 2353 1163 2383 poeta,
1184 2356 1264 2382 quem
1277 2350 1343 2374 citat
1361 2348 1460 2375 Suidas
1474 2356 1500 2384 vf.
1516 2349 1676 2383 Ὀψοφαγία,
1694 2353 1721 2376 et
1735 2349 1865 2384 Τιμαχιδ.

1077 2383 1187 2415 Ῥόδιος,
1200 2384 1263 2410 item
1278 2383 1424 2410 Athenmus
1438 2388 1464 2410 et.
1480 2383 1689 2418 Harpocralion.

1090 2418 1162 2453 ’(l5)
1183 2419 1380 2453 Ἀριστοτέλη.
1398 2418 1482 2454 Magis
1505 2419 1649 2454 analogum
1672 2419 1865 2454 Ἀριστοτέλει,

1073 2458 1102 2481 ut
1115 2454 1215 2481 ibidem
1233 2454 1406 2489 Δημοσθένει.
1425 2453 1557 2481 Summo.

1109 2489 1164 2524 (Hii
1183 2489 1263 2521 Θεός.
1280 2489 1359 2516 Conf.
1380 2488 1512 2524 Pronpr
1530 2497 1557 2523 p.
1574 2489 1618 2519 88,
1633 2497 1661 2515 n.
1683 2489 1709 2516 τ.

1115 2522 1170 2562 ζΠ)
1191 2523 1262 2550 Ἐὰν
1276 2524 1392 2557 ἡγῆται.
1407 2522 1591 2562 _Scrib_endum
1604 2524 1788 2559 proculdubio
1834 2524 1865 2551 ἄν

1073 2555 1182 2595 ἡγῆται,
1194 2568 1209 2595 ν(
1223 2555 1385 2595 (ιιιοέιίιὶιμιθ
1399 2558 1515 2585 duxerit.
1533 2568 1542 2584 ι
1597 2555 1612 2595 γ’
1805 2555 1811 2562 ’

1109 2593 1165 2630 (18)
1187 2594 1299 2620 Ἀνοια.
1317 2593 1398 2621 llerv.
1411 2629 1415 2630 γ
1429 2594 1574 2630 interpres
1587 2594 1694 2628 ἄγνοια,
1712 2595 1864 2630 «ignorau-

1074 2630 1122 2661 tia,
1139 2629 1192 2656 »ω
1208 2637 1269 2665 ιηοκ
1286 2634 1350 2656 sunt
1370 2629 1416 2664 qui
1438 2629 1529 2665 legant
1550 2629 1580 2654 οὐ
1605 2630 1699 2665 κακῶς
1730 2629 1863 2665 κρίνουσι,

1076 2674 1085 2690 ι
1101 2672 1154 2692 non
1181 2664 1251 2691 male
1267 2665 1399 2697 judicaut.
1414 2673 1422 2688 ι
1438 2663 1581 2698 Vulgatam
1605 2663 1757 2692 lectionem
1769 2665 1864 2699 prohat

1073 2701 1154 2726 etiam
1176 2699 1285 2726 lien-voti
1307 2700 1409 2729 vcrsio.
1426 2699 1518 2734 «quod
1536 2706 1591 2725 non
1611 2704 1687 2727 recte
1701 2699 1861 2733 jndicantn

1074 2735 1177 2762 Deinde
1199 2739 1262 2769 post
1297 2734 1462 2761 commation
1480 2734 1564 2765 istud,
1584 2734 1634 2760 οὐκ
1661 2734 1785 2769 ἰσχύουσι
1809 2736 1863 2765 τοῖς

1073 2770 1160 2805 ὀρθῶς
1180 2768 1323 2805 κριθεῖσιν,
1341 2769 1417 2797 deest
1440 2768 1607 2805 ἀκολουθεῖν,
1625 2773 1654 2795 ut
1672 2768 1756 2804 paulo
1771 2775 1863 2802 supra.

1074 2778 1160 2805 ορυως
1180 2779 1197 2796 κ
1218 2778 1323 2801 ιυεισιν,
1341 2778 1417 2797 (16651.
1440 2778 1607 2799 ακολουυειν,
1625 2778 1648 2795 Ui

1074 2810 1120 2833 aut
1135 2778 1215 2832 aliud)
1226 2805 1358 2838 ejusmodi
1374 2805 1496 2831 verbum.
1515 2804 1648 2832 Summo.

1109 2840 1165 2878 (l9)
1180 2841 1284 2869 Δύνατ¹
1293 2839 1340 2868 ἀν.
1351 2838 1486 2869 Usitatius
1493 2839 1593 2867 δύναιτ’
1602 2839 1645 2874 ἄν,
1655 2842 1712 2876 opt.
1723 2839 1816 2867 modo.
1823 2840 1862 2867 in.
