1933 3075
44 177 90 205 5M

659 175 875 205 STROMATUM
895 175 960 205 LIB.
977 175 1035 205 VII.

1612 176 1664 206 εις

43 235 85 266 τὸς
129 236 164 262 τὰ
179 234 336 268 γνωσθέντα
351 236 449 262 ποιεῖν·
463 233 526 261 οὔτε
542 233 589 262 καὶ
603 235 708 270 κρίνειν
723 235 754 263 τὸ
767 235 826 263 δέον

880 234 911 262 ad
919 234 1044 269 magistri
1058 233 1214 269 imaginem,
1222 233 1294 263 Deus
1308 234 1337 262 in
1351 241 1434 263 carne
1442 237 1576 262 versatur.
1588 232 1665 262 Hane

45 280 150 316 ἰσχύων,
165 280 312 316 ἄμεμπτον
326 281 420 308 ἑαυτὸν
433 281 592 317 παράσχοιτ’
608 282 641 309 ἂν
663 283 692 309 ὲν
707 283 763 314 τοῖς
782 281 828 318 ἐρ-

44 334 99 360 γοις
111 325 276 359 ὲξασθενῶν.
299 325 463 358 ’Δκολούθως
479 327 568 354 τοίνυν
580 327 626 354 δύο
640 327 678 363 τῷ
692 327 765 362 γένει
780 327 828 354 καὶ

45 372 159 399 παιδεῖαι
170 372 362 408 παραδίδονται
378 372 526 408 πρόσφοροι
541 373 658 409 ἑκατέρᾳ
671 373 724 400 τῶν
735 374 827 408 ἁμαρ-

45 417 104 443 τιῶν
113 424 122 432 ⁸
134 418 166 452 τῇ
186 418 238 452 μὲν
251 418 267 453 ἡ
281 417 379 452 γνῶσίς
392 426 422 445 τε
435 418 483 444 καὶ
499 419 515 453 ἡ
535 418 584 453 τῆς
602 420 634 445 ὲκ
650 419 702 445 τῶν
713 418 828 454 Γραφῶν

47 462 193 498 μαρτυρίας
206 463 326 499 ἐναργὴς
341 463 397 499 (‘20)
413 464 560 497 ἀπόδειξις,
576 466 608 500 τῇ
623 464 651 491 δὲ
665 465 681 500 ὴ
694 465 764 492 κατά
778 464 829 491 Λό-

45 517 88 542 γον
103 509 230 544 ἄσκησις,
252 511 283 536 ὲκ
294 509 413 541 πίστεώς
429 519 458 537 τε
473 511 521 538 καὶ
539 510 622 545 φόϐου
641 511 829 544 παιδαγωγου-

47 555 119 591 μένη.
139 555 243 590 Ἄμφω
259 555 280 581 δ’
295 557 335 587 είς
349 555 398 591 τὴν
412 556 517 582 τελείαν
531 556 640 591 ἀγάπην
656 556 826 589 συναύξουσν

46 601 113 632 τέλος
123 600 177 636 γὰρ
189 599 268 636 οἶμαι
279 601 325 627 τοῦ
337 602 487 636 γνωστικοῦ
499 602 529 628 τό
542 610 573 636 γε
591 601 706 628 ἐνταῦθα
722 602 810 628 διττόν
819 610 826 617 ·

46 646 83 680 ἐφ’
96 643 132 673 ὤν
147 647 208 682 μὲν,
261 646 361 683 θεωρία
375 649 392 682 ἡ
415 648 623 684 ὲπιστημονικὴ,
643 648 686 683 ἐφ’
709 645 747 674 ὧν
765 648 791 675 δὲ
809 649 826 684 ἠ

46 691 149 727 πρᾶξις.
165 691 217 727 Εῖη
234 692 283 727 μὲν
297 690 344 718 οὖν
360 692 407 718 καὶ
421 692 515 719 τούσδε
534 692 596 724 τοὺς
612 693 767 728 αἱρετικοὺς
779 701 829 718 κα-

45 737 219 772 ταμαθόντας,
229 738 263 764 ὲκ
268 737 350 764 τῶνδε
361 737 415 764 τῶν
426 738 630 773 ὑπομνημάτων
644 737 829 773 σωφρονισθῆ-

46 783 84 809 ναί
100 791 129 809 τε
142 783 190 809 καὶ
206 783 371 818 ἐπιστρέψαι
392 783 438 810 ἐπὶ
453 783 498 809 τὸν
516 783 726 819 παντοκράτορα
742 782 826 810 Θεόνί

46 829 68 854 εί
81 828 107 854 δὲ
119 829 249 864 καθάπερ
266 830 290 856 οἱ
305 830 392 863 κωφοὶ
409 829 464 865 (21)
481 830 534 856 τῶν
549 830 648 864 ὄφεων,
663 829 710 856 τοῦ
728 829 828 862 καινῶς

49 874 91 908 μὲν
97 874 255 909 λεγομένου,
268 874 446 910 ἀρχαιοτάτου
456 873 494 907 δὲ,
505 875 542 910 μὴ
553 876 674 902 ὲπαῒοιεν
693 875 826 911 ᾄσματος,

48 919 204 946 παιδευθεῖεν
219 918 269 947 οὖν
282 920 350 956 πρὸς
362 920 407 947 τοῦ
423 921 501 952 Θεοῦ,
519 921 568 952 τὰς
584 920 636 956 πρὸ
647 921 696 956 τῆς
711 921 828 957 κρίσεως

48 966 166 1002 πατρῴας
178 966 321 998 νουθεσίας
335 967 526 1002 ὑπομένοντες,
544 966 598 993 ἔστ’
614 966 647 994 ἂν
662 975 827 1003 καταισχυν-

48 1012 131 1043 Θέντες
157 1013 363 1048 μετανοήσωσιν
379 1029 387 1042 ,
421 1011 489 1038 ἀλλὰ
515 1011 552 1047 μὴ
575 1013 615 1044 είς
634 1012 683 1048 τὴν
708 1013 826 1049 παντελῆ

47 1058 166 1093 φέροντες
182 1058 298 1090 ἑαυτοὺς
316 1057 361 1084 διὰ
379 1057 429 1092 τῆς
444 1057 565 1092 ἀπηνοῦς
581 1057 722 1090 ἀπειθείας
743 1059 828 1093 ἐμϐά-

47 1101 109 1127 λοιεν
127 1103 232 1136 κρίσινί
254 1102 376 1128 Γίνονται
395 1101 450 1137 γὰρ
471 1101 518 1128 καὶ
541 1102 651 1137 μερικαί
673 1111 745 1134 τινες
765 1111 828 1129 παι-

48 1145 116 1178 δεῖαι,
132 1147 164 1178 ἃς
179 1146 307 1178 κολάσεις
324 1146 511 1181 ὀνομάζουσιν.
527 1147 566 1177 εἰς
581 1145 614 1178 ἃς
627 1145 705 1181 ἡμῶν
721 1147 746 1172 οἱ
762 1145 825 1172 πολ-

48 1190 83 1217 λοὶ
96 1191 145 1218 τῶν
163 1193 193 1218 ὲν
214 1191 420 1228 παραπτώματι
445 1191 599 1226 γενομένων
628 1192 660 1217 ἐκ
689 1191 735 1218 τοῦ
761 1191 826 1219 λαοῦ

48 1237 88 1264 τοῦ
100 1238 227 1274 κυριακοῦ
244 1238 496 1269 κατολισθαίνοντες
513 1237 730 1273 περιπίπτουσιν.
758 1239 826 1265 Ἀλλ’

49 1285 81 1314 ὡς
100 1284 163 1319 πρὸς
184 1284 233 1310 τοῦ
261 1284 421 1311 διδασκάλου
445 1284 462 1320 ἢ
488 1284 533 1311 τοῦ
552 1285 655 1319 πατρὸς
671 1285 697 1311 οἱ
723 1285 826 1317 παῖδες,

51 1328 124 1360 οὕτως
138 1330 219 1364 ἡμεῖς
235 1329 307 1365 πρὸς
322 1330 370 1364 τῆς
380 1330 511 1365 Προνοίας
530 1330 710 1365 κολαζόμεοα.
724 1331 789 1362 Θεὸς
799 1331 827 1358 δὲ

50 1375 76 1400 οὐ
89 1377 247 1411 τιμωρεῖται
265 1376 320 1411 (22)
333 1384 340 1390 ·
357 1376 414 1402 ἔστι
432 1376 486 1412 γὰρ
507 1377 524 1412 ἡ
544 1377 664 1412 τιμωρία
678 1377 764 1403 κακοῦ
782 1378 828 1404 ἀν-

51 1421 199 1454 ταπόδοσις·
224 1422 338 1454 κολάζει
365 1422 455 1457 μέντοι
481 1423 549 1458 πρὸς
572 1423 602 1449 τὺ
626 1424 760 1459 χρήσιμον
781 1424 828 1450 καὶ

52 1467 174 1501 κοινῇκαὶ
192 1467 248 1502 ἰδίᾳ
260 1469 316 1499 τοῖς
330 1466 532 1502 κολαζομένοις.
546 1467 631 1494 Ταυτὶ
649 1467 697 1502 μὲν
713 1467 829 1503 ἀποτρέ-

51 1512 93 1546 ψαι
112 1513 271 1548 βουλόμενος
291 1512 341 1547 τῆς
363 1514 402 1545 είς
424 1512 473 1544 τὰς
494 1512 614 1548 αἱρέσεις
637 1513 828 1548 εὐεμπτωσῐας

877 287 943 315 ετκο
955 279 1127 307 altitudinem
1141 280 1254 308 minime
1272 285 1468 316 assequuntur,
1482 281 1530 316 qui
1545 288 1601 307 non
1619 288 1663 308 se-

877 330 1000 361 quuntur
1011 324 1096 353 Deum
1105 333 1152 353 eos
1163 326 1307 354 ducentem
1316 335 1323 360 ;
1332 326 1409 354 ducit
1423 332 1513 354 autem
1525 334 1574 362 per
1590 325 1665 354 Scri-

877 374 972 406 pturas
985 370 1115 398 divinitus
1131 371 1287 406 inspiratas.
1300 370 1332 398 Et
1340 379 1401 399 cum
1410 372 1466 399 sint
1477 371 1666 398 innumerabi-

876 417 913 444 lia
930 425 990 452 quae
1004 416 1072 443 ﬁunt
1083 417 1118 443 ah
1127 416 1293 449 hominibus,
1302 422 1363 446 sunt
1374 417 1468 452 utique
1477 418 1531 445 duo
1542 417 1664 451 cujusvis

876 462 981 498 peccati
992 462 1136 497 principia,
1147 464 1281 498 ignoratio
1293 467 1320 491 et
1329 464 1502 491 imbecillitas
1512 474 1518 490 :
1527 467 1663 491 estautem

880 511 909 540 ἄ(
924 513 1068 543 utrumque
1080 508 1108 535 in
1129 512 1223 536 nostra
1240 512 1382 543 potestate,
1407 517 1469 536 cum
1482 517 1531 537 nec
1548 509 1665 537 velimus

877 553 984 581 discere
994 573 1001 586 ,
1017 561 1068 581 nec
1085 553 1263 589 cupiditatem
1278 555 1428 582 continere.
1443 554 1482 582 Ex
1497 555 1539 583 his
1556 558 1661 586 autem,

877 607 962 626 unum
975 599 1056 626 edicit
1070 603 1100 626 ut
1114 606 1168 626 non
1180 604 1254 627 recte
1267 600 1400 634 judicent,
1415 601 1531 628 alterum
1547 607 1621 632 vero,
1633 603 1665 627 ut

877 652 932 671 non
944 645 1050 679 possint
1059 644 1173 679 exsequi
1188 651 1249 679 qua:
1264 648 1338 671 recte
1353 649 1417 672 sunt
1427 645 1560 679 judicata.
1571 645 1665 680 Neque

877 690 949 717 enim
976 691 998 717 si
1025 690 1086 725 quis
1108 689 1190 717 fuerit
1214 690 1346 726 deceptus
1371 691 1398 718 in
1423 685 1573 723 sententia,
1590 695 1665 718 recte

877 744 958 772 agere
971 737 1086 771 poterit,
1105 736 1187 763 etiam
1211 737 1234 764 si
1250 737 1286 763 sit
1307 737 1374 765 satis
1390 742 1488 772 potens
1508 741 1538 764 ut
1551 741 1613 772 agat
1631 744 1664 764 ea

877 790 937 818 quae
960 782 1061 810 fuerint
1081 782 1191 818 cognita
1213 789 1221 808 :
1241 790 1330 818 neque
1351 784 1398 818 qui
1424 788 1514 818 potest
1538 784 1567 811 id
1591 783 1664 818 quod

877 833 984 864 oportet
992 828 1129 864 judicare,
1145 836 1174 856 se
1186 829 1221 856 ab
1235 830 1309 856 omni
1324 829 1536 864 reprehensione
1546 830 1664 857 alienum

878 875 1008 909 prmbebit
1019 895 1026 907 ,
1047 875 1070 902 si
1086 875 1119 902 ad
1136 883 1179 902 res
1193 874 1327 910 gerendas
1341 876 1376 903 sit
1400 876 1545 911 impotens.
1561 876 1665 903 Consc-

844 912 994 956 Βιιιιειιιοι*
1017 928 1083 956 ergo
1107 920 1166 948 dua:
1188 929 1297 956 quoque
1318 929 1418 957 genere
1440 921 1592 956 disciplinae
1607 925 1664 948 tra-

878 966 982 993 duntur
1001 967 1110 1001 utrique
1125 971 1237 1002 peccato
1254 967 1335 995 utiles
1350 975 1357 993 ι
1374 967 1413 994 illi
1432 967 1540 1002 quidem
1551 987 1557 999 ,
1573 967 1666 1002 cogni-

878 1012 926 1043 tio,
939 1015 966 1038 et
981 1019 1015 1039 ex
1031 1011 1235 1047 Scripturarum
1250 1012 1410 1040 testimonio
1424 1013 1537 1040 evidens
1552 1012 1667 1040 demon-

878 1058 996 1090 stratio;
1030 1057 1096 1085 huic
1127 1066 1211 1089 vero,
1240 1066 1302 1092 quae
1325 1063 1366 1086 est
1393 1058 1544 1086 secundum
1572 1057 1666 1094 Logon

877 1104 1054 1135 exercitatio,
1079 1111 1139 1138 quae
1151 1111 1200 1138 per
1215 1103 1293 1131 tidem
1309 1107 1335 1131 et
1348 1104 1474 1131 timorem
1501 1104 1665 1132 instituitur.

877 1150 1011 1177 Crescunt
1032 1153 1122 1177 autem
1139 1150 1220 1177 ambo
1239 1150 1321 1178 simul
1339 1150 1366 1177 in
1382 1149 1530 1184 perfectam
1546 1150 1667 1177 charita-

879 1200 943 1223 tem.
968 1195 1090 1223 Gnostici
1112 1195 1184 1223 enim
1215 1200 1257 1223 est
1272 1196 1316 1223 hic
1327 1196 1455 1231 quidem,
1481 1199 1510 1222 nt
1534 1196 1664 1227 arbitror.

878 1242 976 1278 duplex
993 1242 1055 1270 ﬁnis
1070 1251 1076 1269 :
1090 1242 1118 1269 in
1134 1241 1272 1276 aliquibus
1287 1241 1408 1276 quidem,
1423 1241 1617 1276 contemplatio
1631 1249 1665 1269 ex

879 1288 1009 1321 scientia;
1029 1288 1056 1314 in
1069 1287 1130 1315 aliis
1142 1295 1222 1320 vero,
1245 1287 1328 1314 actio.
1359 1286 1398 1314 Ac
1417 1286 1519 1314 utinam
1540 1286 1596 1314 ﬁeri
1615 1294 1664 1322 po-

879 1334 980 1365 tuerit,
999 1337 1029 1360 ut
1053 1333 1080 1360 hi
1105 1333 1245 1366 haeretici,
1272 1333 1296 1360 si
1320 1340 1380 1368 quae
1403 1332 1431 1360 in
1454 1333 1496 1360 his
1519 1332 1666 1359 traduntur

879 1379 1084 1406 commentariis
1106 1378 1269 1411 didicerint,
1294 1379 1486 1414 corrigantur,
1510 1382 1537 1405 et
1552 1385 1666 1405 conver-

879 1429 972 1452 tantur
980 1425 1013 1452 ad
1024 1425 1107 1452 Deum
1122 1425 1335 1460 omnipotentem
1349 1432 1356 1450 :
1373 1425 1414 1451 sin
1429 1428 1519 1451 autem
1535 1427 1664 1458 tanquam

879 1471 955 1498 surdi
970 1475 1111 1506 serpentes
1127 1471 1210 1506 (quod
1227 1479 1297 1499 nove
1311 1470 1421 1506 quidem
1437 1470 1550 1502 dicitur,
1562 1473 1605 1496 est
1620 1477 1667 1496 au-

881 1521 933 1544 tem
960 1517 1221 1552 antiquissimum),
1245 1525 1299 1544 non
1315 1516 1463 1544 exaudiant
1477 1516 1614 1543 canticum
1625 1536 1632 1547 ,
1650 1523 1666 1542 a

50 1560 105 1591 τοὺς
118 1559 344 1594 φιλομαθοῦντας,
359 1558 518 1595 παρεθέμην
531 1567 539 1574 ·
553 1559 615 1591 τοὺς
628 1559 656 1585 δὲ
670 1559 718 1594 τῆς
732 1559 827 1586 ἐπιπο-

880 1562 935 1590 Deo
953 1567 1027 1590 certe
1042 1563 1221 1598 castigentur,
1240 1567 1368 1598 paternas
1386 1562 1584 1589 admonitiones
1606 1569 1667 1596 quae

51 1604 183 1639 λαζούσης,
200 1605 258 1631 εἴτε
272 1604 392 1640 ἀμαθίας
409 1604 463 1631 εἴτε
480 1604 654 1640 ἀϐελτηρίας,
673 1604 728 1631 εἴτε
746 1613 828 1640 καχε-

56 1649 114 1682 ξίας,
128 1650 176 1677 εἷθ’
189 1651 202 1677 ὃ
215 1660 241 1677 τι
257 1650 356 1685 δήποτε
372 1650 424 1685 χρὴ
446 1650 537 1676 καλεῖν
559 1650 654 1686 αὐτὴν,
672 1650 829 1678 ἀποπαῦσαι

54 1695 211 1731 γλιχόμενος,
229 1697 395 1732 μεταπεῖσαι
408 1695 436 1722 δὲ
458 1696 506 1723 καὶ
521 1697 705 1731 προσαγαγεῖν
719 1698 752 1732 τῇ
767 1697 831 1732 ἀλη-

56 1740 116 1776 Θείᾳ.
129 1741 190 1774 τούς
206 1751 239 1776 γε
267 1743 304 1777 μὴ
329 1742 501 1769 παντάπασιν
525 1743 659 1775 ἀνιάτους,
672 1743 828 1779 ἐπιχειρῶν,

56 1786 131 1813 τοῖσδε
148 1784 361 1824 συνεχρησάμην
382 1790 439 1820 τοῖς
453 1788 550 1822 λόγοις.
574 1789 634 1815 Εἰσὶ
654 1789 708 1824 γὰρ
728 1789 752 1815 οἳ
769 1789 829 1815 οὐδὲ

57 1833 184 1867 ἀνέχονται
197 1834 248 1869 τὴν
264 1835 351 1870 ἀρχὴν
371 1834 522 1861 ἐπακοῦσαι
539 1834 594 1861 τῶν
615 1835 683 1870 πρὸς
702 1835 750 1870 τὴν
769 1835 831 1870 ἀλή-

56 1877 122 1905 θειαν
137 1879 358 1916 προτρεπόντων,
381 1880 429 1907 καὶ
448 1880 479 1915 δὴ
501 1880 632 1916 φλυαρεῖν
652 1881 829 1917 ἐπιχειροῦσι,

59 1922 219 1959 βλασφήμους
235 1925 286 1960 τῆς
303 1925 432 1959 ἀληθείας
450 1925 630 1960 καταχέοντες
649 1925 754 1960 λόγους,
771 1926 831 1961 σφί-

58 1977 94 1995 σιν
107 1970 194 2002 αὺτοῖς
207 1971 241 1997 τὰ
259 1971 376 2006 μέγιστα
394 1971 448 1998 τῶν
468 1972 551 1999 ὄντων
566 1972 714 2006 ἐγνωκέναι
730 1981 832 2008 συγχω-

59 2015 164 2050 ροῦντες,
179 2016 208 2043 οὗ
219 2016 364 2052 μαθόντες,
374 2018 404 2043 οὑ
418 2017 594 2053 ζητήσαντες,
610 2018 640 2044 οὺ
656 2019 830 2051 πονέσαντες,

59 2060 100 2095 οὐχ
111 2061 231 2096 εὑρόντες
245 2061 295 2097 τὴν
317 2062 476 2089 ἀκολουθίαν
487 2071 494 2078 ’
517 2063 563 2095 οὓς
585 2063 721 2098 ἐλεήσειεν
737 2064 771 2091 ἂν
789 2073 831 2096 τις

61 2106 74 2140 ἦ
87 2107 215 2142 μισήσειεν
228 2108 279 2143 τῆς
292 2107 419 2142 τοιαύτης
430 2108 605 2144 διαστροφῆς.
621 2110 652 2136 Ei
669 2110 696 2136 δέ
709 2119 750 2141 τις
768 2110 833 2136 ἰάσι-

63 2160 104 2185 μος
117 2154 248 2188 τυγχάνει,
274 2154 366 2189 φέρειν
387 2155 534 2189 δυνάμενος
553 2155 590 2187 ὠς
608 2155 663 2191 πῦρ
685 2156 701 2191 ἢ
724 2156 833 2192 σίδηρον

62 2197 104 2231 τῆς
116 2198 238 2235 ἀληθείας
251 2200 300 2236 τὴν
320 2202 488 2236 παρῤησίαν,
506 2202 723 2237 ἁποτέμνουσαν,
745 2203 834 2229 καίου-

880 1614 942 1636 ante
960 1609 1096 1644 judicium
1119 1609 1187 1636 ﬁunt
1212 1609 1346 1644 patienter
1369 1608 1557 1640 sustinentes,
1578 1607 1666 1635 donec

879 1655 982 1690 pudore
997 1655 1084 1683 affecti
1101 1655 1238 1682 ducantur
1255 1654 1432 1690 poenitentia:
1446 1662 1499 1680 non
1515 1658 1605 1681 autem
1619 1661 1669 1689 per

879 1701 1024 1728 immanem
1042 1701 1254 1728 inobedientiam
1280 1701 1386 1735 seipsos
1405 1699 1528 1733 injiciant
1552 1699 1579 1726 in
1603 1707 1666 1734 per-

879 1745 980 1773 fectum
1010 1746 1162 1781 judiciuml
1191 1747 1262 1773 Sunt
1285 1747 1358 1773 enim
1384 1745 1508 1781 quaedam
1538 1745 1669 1780 partiales

880 1792 1042 1827 disciplinae,
1052 1800 1122 1827 quas
1132 1796 1232 1819 vocant
1245 1792 1453 1827 castigationes,
1464 1792 1491 1818 in
1504 1799 1573 1826 quas
1588 1790 1667 1818 tnulti

879 1845 913 1865 ex
927 1838 1030 1865 nostris
1044 1838 1090 1873 qui
1107 1838 1134 1865 in
1148 1838 1248 1865 delicto
1263 1837 1388 1868 fuerunt,
1403 1845 1437 1864 ex
1458 1837 1558 1872 populo
1573 1836 1666 1863 Domi—

880 1883 942 1910 nico
964 1883 1116 1911 dilabentes
1141 1883 1276 1913 incidunt.
1300 1882 1400 1910 Verum
1417 1883 1488 1910 sicut
1505 1890 1519 1909 a
1538 1883 1670 1918 magistro

881 1929 923 1956 vel
936 1933 1012 1963 patre
1028 1929 1123 1964 pueri,
1145 1929 1182 1955 ita
1199 1936 1248 1955 nos
1263 1929 1431 1964 castigantur
1448 1937 1462 1955 a
1475 1928 1557 1964 324
1574 1927 1670 1955 Provi-

881 1974 983 2001 dentia.
1004 1974 1077 2002 Deus
1091 1979 1181 2002 autem
1196 1982 1250 2001 non
1272 1975 1351 2009 punit
1372 1974 1425 2008 (est
1445 1975 1518 2002 enim
1544 1975 1667 2009 punitio,

881 2021 946 2048 mali
967 2021 1121 2057 redditio),
1143 2021 1259 2056 castigat
1283 2025 1373 2049 autem
1400 2025 1428 2048 et
1443 2022 1626 2049 communiter
1642 2025 1670 2048 et

881 2067 1010 2100 privatim
1031 2067 1063 2093 ad
1084 2067 1227 2094 utilitatem
1244 2075 1338 2094 eoruln
1355 2067 1401 2101 qui
1421 2067 1580 2101 puniuntur.
1606 2066 1669 2094 Πωο

881 2112 991 2147 quidem
1007 2111 1124 2144 adduxi,
1141 2113 1239 2148 partim
1257 2113 1329 2148 quod
1346 2113 1441 2140 vellem
1457 2112 1594 2140 adhortari
1611 2118 1670 2141 stu-

881 2157 974 2184 diosos
996 2165 1031 2184 ne
1051 2157 1131 2185 facile
1154 2158 1331 2192 prolabuntur
1355 2158 1382 2184 in
1407 2158 1543 2190 haereses;
1571 2158 1669 2192 partim

883 2207 974 2230 autem
987 2207 1014 2230 ut
1029 2203 1062 2230 ah
1077 2203 1127 2231 hac
1139 2212 1199 2238 qua:
1214 2204 1339 2231 consistit
1355 2204 1381 2230 iu
1397 2203 1540 2238 superficie
1556 2203 1612 2231 sive
1627 2204 1670 2230 in-

64 2249 106 2269 σαν
119 2244 164 2276 τὰς
176 2244 284 2280 ψευδεῖς
302 2245 380 2278 δόξας
400 2247 500 2279 αὐτῶν,
517 2248 641 2283 ὑπεχέτω
661 2248 694 2275 τὰ
713 2245 770 2275 ὦτα
785 2249 829 2285 τῆς

885 2250 981 2283 scitia,
1003 2251 1060 2278 sive
1080 2251 1214 2283 stultitia,
1240 2251 1298 2278 sive
1321 2251 1392 2277 mala
1411 2250 1585 2282 habitudine,
1613 2250 1671 2278 sive

63 2288 148 2324 ψυχῆς.
162 2292 256 2319 Ἔσται
266 2292 294 2319 δὲ
310 2292 397 2326 τοῦτο,
415 2294 461 2320 ἐὰν
476 2293 523 2329 μὴ,
538 2294 670 2330 ῥᾳθυμεῖν
687 2295 833 2331 ἐπειγόμε-

64 2343 106 2366 νοι,
119 2336 316 2365 ἀπηδιωθῶνται
328 2339 377 2375 τὴν
393 2339 531 2375 ἀλήθειαν,
550 2340 578 2376 ἢ,
594 2341 673 2376 δόξης
685 2341 833 2377 ὀριγνώμε-

64 2389 107 2413 νοι,
120 2386 284 2420 καινοτομεῖν
310 2385 472 2420 βιάζωνται·
489 2385 640 2422 ῥᾳθυμοῦσι
659 2387 707 2422 μὲν
725 2388 780 2423 γὰρ
796 2389 833 2419 οἱ,

65 2427 140 2462 παρὸν
150 2430 197 2462 τὰς
209 2431 314 2462 οἰκείας
326 2432 386 2463 ταῖς
402 2431 488 2463 θείαις
504 2432 625 2468 Γραφαῖς
635 2433 665 2465 ἐξ
676 2434 765 2460 αὐτῶν
779 2434 834 2461 τῶν

65 2472 166 2508 Γραφῶν
180 2477 338 2512 πορίζεσθαι
352 2477 511 2511 ἀποδείξεις,
529 2478 560 2505 τὸ
575 2479 704 2514 παράπαν
719 2479 765 2506 καὶ
775 2481 834 2511 ταῖς

65 2518 159 2552 ἡδοναῖς
175 2523 262 2550 αὐτῶν
274 2523 485 2559 συναιρούμενον
502 2523 687 2559 ἐκλεγόμενοι.
709 2525 793 2561 Δόξης
805 2525 834 2552 δὲ

115 2612 141 2641 ’Β
160 2609 189 2637 P.
205 2611 268 2644 895,
285 2611 339 2639 ΕΟ.
360 2612 509 2646 POTTER,
528 2612 580 2640 762
599 2613 653 2641 ΕΙ).
675 2613 788 2642 PARIS.

97 2686 147 2723 (20)
163 2689 316 2725 Ἔναργὴς.
334 2690 407 2718 Flor.
427 2691 553 2726 ἐνεργής,
573 2699 729 2726 perperam.
752 2691 832 2720 δτι-ιι.

67 2719 110 2748 Hs.
125 2722 220 2752 Paris..
234 2726 357 2752 ἐνεογῆς.

91 2729 110 2748 s.
126 2726 220 2756 l'aris.,
234 2726 357 2756 ὲνεργῆς-

97 2735 110 2748 ›.
127 2735 220 2756 rans.,
234 2735 357 2762 ενεργης.

97 2755 193 2803 ςῖέλιοὶ
212 2761 312 2803 κωφοί.
338 2760 505 2803 Psa_l._t.vm,
521 2761 548 2803 5',
564 2760 587 2803 6‘
602 2768 620 2803 ε.
631 2759 722 2803 Θυμός
744 2761 835 2801 αὐτοῖς

69 2792 131 2831 rays
143 2794 188 2831 τὴν
210 2792 336 2831 ὁμοίωσιν
351 2795 397 2822 τοῦ
414 2796 511 2830 ὅψεως,
525 2796 592 2822 ὡσεὶ
609 2792 722 2827 ἀσπίδος
740 2796 836 2831 κωφῆς

70 2826 107 2852 καὶ
120 2826 232 2865 Poetis-1],;
249 2830 283 2856 τὰ
296 2828 353 2857 ὦτα
364 2826 449 2865 αὐτῆς
462 2839 468 2845 ·
492 2826 553 2865 ἣτις
576 2831 626 2857 οὐκ
648 2826 836 2857 εἰσακούσέται

71 2865 150 2902 φωνην
171 2865 339 2902 ὲπξδόντων,
365 2865 508 2901 φαρμάκου
530 2874 558 2892 τε
590 2865 836 2902 φαρμακευομένου

73 2897 137 2932 παρά
150 2897 241 2934 σοφοῦ.

884 2303 1047 2330 quocunque
1065 2297 1118 2323 alio
1135 2296 1246 2324 nomine
1259 2304 1318 2323 eam
1333 2304 1432 2323 vocare
1443 2300 1585 2330 oporteat,
1599 2295 1672 2323 desi-

884 2346 978 2374 stant,
1000 2342 1105 2370 allicere
1119 2343 1248 2377 cupiens;
1273 2343 1370 2378 partim
1384 2350 1509 2377 quoque,
1533 2346 1563 2368 ut
1585 2350 1600 2368 a
1616 2342 1673 2377 pri-

883 2389 955 2415 stina
973 2389 1107 2415 sententia
1130 2388 1312 2420 deducerem,
1335 2388 1498 2415 adducerem
1522 2391 1613 2415 autem
1638 2387 1673 2415 ad

883 2435 1023 2461 veritatem
1041 2442 1090 2462 eos
1105 2435 1151 2469 qui
1170 2442 1223 2462 non
1241 2438 1306 2462 sunt
1319 2434 1431 2460 omnino
1444 2433 1672 2466 immedicabiles,

885 2489 951 2508 usus
964 2489 1024 2508 sum
1037 2481 1081 2508 his
1095 2481 1278 2508 sermonibus.
1292 2480 1361 2507 Sunt
1371 2481 1442 2508 enim
1459 2481 1550 2515 quine
1563 2480 1673 2516 quidem

885 2526 914 2554 in
936 2527 1058 2554 animum
1082 2527 1215 2555 inducunt
1237 2526 1332 2555 audire
1352 2534 1400 2555 eos
1415 2527 1462 2562 qui
1479 2526 1624 2554 hortantur
1638 2527 1673 2554 ad

921 2691 977 2727 (22)
992 2691 1061 2723 Θεὸς
1079 2690 1114 2717 δὲ
1126 2691 1162 2717 οὺ
1175 2690 1210 2717 τ’.
1228 2689 1312 2727 Favet
1327 2689 1456 2717 Clemens
1471 2689 1516 2716 isti
1533 2689 1675 2727 sententiae

886 2724 981 2761 (quam
999 2726 1176 2754 vehementer
1190 2726 1332 2767 amplerus
1353 2728 1404 2767 est.
1417 2729 1511 2767 postea
1531 2724 1672 2767 origencs)

887 2760 948 2796 qum
966 2769 1075 2788 omnem
1096 2768 1205 2796 posuan
1224 2761 1266 2788 vel
1288 2760 1501 2796 ἐπανορθώσεως
1518 2760 1672 2796 velatasq-

887 2794 1033 2832 δείγματος
1047 2794 1130 2832 causa
1143 2795 1356 2832 itiﬂictamyttlt.
1373 2794 1439 2822 Vide
1453 2802 1515 2832 pag.
1531 2794 1593 2825 668,
1610 2794 1673 2827 745,

888 2830 955 2858 edit;
972 2831 1073 2863 Paris.,
1090 2831 1154 2858 licet
1167 2838 1229 2865 pag.
1247 2830 1299 2858 556
1313 2833 1417 2857 certam
1431 2830 1512 2865 etiam
1527 2836 1615 2863 poena:
1629 2836 1673 2855 ra-

889 2867 989 2895 tionem
1005 2870 1145 2903 agnoscat,
1160 2863 1313 2902 ·ἑιμῶρησιν
1325 2865 1438 2893 dictam.
1454 2863 1567 2892 Lowru.
