1934 3075
190 62 242 91 £59

771 59 967 89 CLEMEATIS
988 62 1223 92 ALEXANDRINI

1778 66 1825 94 560

192 127 222 156 »Β
233 131 303 160 quos
318 127 411 159 aperte
426 122 594 151 inventionis
609 130 692 149 causa
709 123 742 150 ad
754 123 978 157 perscrutandum

1034 124 1108 158 φίας,
1127 123 1173 156 οὓς
1191 124 1320 161 ἄντικρυς
1330 126 1385 162 (77)
1398 126 1517 163 ἡΓραφὴ
1533 126 1670 163 εὑρέσεως
1688 127 1769 162 χάριν
1786 126 1829 154 ἐπὶ

190 178 312 206 (ιυαιτθγθ
330 170 407 205 jubet
424 169 576 204 Scriptura.
601 167 779 195 Recentiores
801 173 891 196 autem
907 169 982 197 Grae-

190 224 287 243 corum
299 215 466 251 philosophi,
480 214 555 241 inani
569 213 658 241 laudis
674 214 823 249 cupiditate
839 215 979 247 commoti,

189 262 341 290 refellendo
358 262 438 289 simul
453 264 480 288 et
498 259 700 292 contendendo,
732 262 766 287 ad
784 268 874 296 nugas
895 260 981 288 dedu-

190 313 292 336 cuntur
319 309 440 336 inutiles.
469 308 570 337 Contra
602 311 692 334 autem
711 307 828 334 barbara
860 307 982 341 philoso-

191 355 265 390 phia,
285 363 392 382 omnem
410 356 549 391 expellens
563 354 767 382 contentionem
781 363 787 380 :
806 363 815 379 ι
832 353 978 388 Quaerite,»

191 401 290 436 inquit,
307 407 348 429 «et
360 402 520 435 invenietis;
536 401 653 437 pulsate,
671 405 698 428 et
712 400 864 435 aperietur;
885 400 979 435 petite,

189 449 217 473 et
234 447 343 474 dabitur
353 447 432 474 vobis
444 453 484 474 θ.»
503 446 592 482 Atque
614 446 707 482 pulsat
739 446 851 480 quidem
873 453 923 481 per
939 446 981 473 in-

189 493 375 525 quisitionem,
390 501 451 528 qua!
464 502 512 529 per
526 493 768 528 interrogationem
783 496 809 519 et
825 493 981 527 responsio-

189 547 251 566 nem
282 539 436 566 instituitur
452 540 553 572 oratio,
582 540 709 567 veritatis
738 538 823 570 fores,
850 539 929 573 juxta
953 538 980 565 id

188 585 261 620 quod
277 591 399 620 apparet.
422 586 524 621 Aperte
541 590 632 619 autem
650 594 699 621 per
727 585 921 613 scrutationem
948 592 981 612 eo

189 631 260 666 quod
281 635 324 659 est
350 631 557 667 impedimento,
586 632 762 666 ingeneratur
787 630 980 666 contemplatio

189 677 351 705 scientifica.
368 677 404 705 lis
418 678 465 713 qui
480 679 520 706 sic
534 678 643 713 pulsant
673 678 806 713 aperitur,
824 681 853 704 ut
870 678 979 712 opinor,

188 723 214 750 id
235 722 308 758 quod
323 725 466 758 quwritur.
487 723 520 750 Et
544 723 578 750 iis
593 723 639 758 qui
657 723 697 750 sic
712 727 808 758 petunt
826 723 980 758 interroga-

188 769 277 797 tiones
287 770 438 798 secundum
457 769 625 804 Scripturas.
643 769 714 797 Deus
730 770 913 805 cognitionem
938 770 979 797 di-

188 815 289 843 vinitus
319 815 470 850 profectam
495 815 758 850 comprehensivam,
788 824 842 851 quo
868 815 975 851 quidem

188 861 368 894 contendunt,
395 862 480 889 donat
506 861 685 896 inquisitione
704 869 767 889 vere
789 862 875 890 lucem
904 870 975 897 prae—

187 907 279 935 bente.
292 906 354 935 Non
369 908 442 935 enim
458 908 516 935 fieri
541 908 651 942 quidem
665 912 756 943 potest
769 912 798 935 ut
824 910 885 943 quis
902 908 976 935 inve-

188 954 254 986 niat,
266 961 321 980 non
338 958 429 981 autem
446 958 551 989 quatrat
565 964 573 981 :
593 962 682 989 neque
694 958 723 982 ut
734 960 838 990 quzerat
854 954 975 990 quidem,

187 1006 242 1026 non
259 1003 351 1027 autem
366 1003 574 1034 perscrutetur:
609 1008 697 1034 neque
721 1004 751 1026 ut
777 1005 975 1035 perscrutetur,

188 1053 243 1073 non
260 1049 351 1073 autem
366 1046 482 1081 explicet
497 1050 523 1073 et
535 1046 638 1081 aperiat
657 1054 705 1081 per
725 1046 976 1081 interrogationem,

188 1092 222 1119 ad
232 1092 396 1120 evidentiam
407 1092 544 1120 deducens
569 1092 596 1120 id
611 1092 683 1127 quod
706 1092 837 1127 quatritur
854 1102 860 1119 :
891 1100 978 1127 nequc

189 1143 219 1167 ut
231 1147 329 1168 rursus
343 1147 392 1175 per
405 1144 563 1166 accuratum
575 1140 674 1174 aliquis
689 1139 840 1174 procedens
852 1147 977 1172 examen,

1034 169 1063 195 τὸ
1086 169 1274 204 διερευνᾶσθαι
1301 170 1357 205 (78)
1380 171 1410 198 τὸ
1433 171 1526 207 ζητεῖν
1543 173 1706 207 παρεγγυᾷ·
1732 173 1757 198 οἱ
1781 171 1828 208 μὲν

1035 214 1088 248 γὰρ
1105 214 1232 250 νεώτεροι
1264 214 1317 241 τῶν
1352 215 1416 252 παρ’
1436 216 1547 252 Ἕλλησι
1580 216 1745 252 φιλοσόφων,
1780 217 1829 243 ὑπθ

1034 260 1189 295 φιλοτιμίας
1217 261 1297 295 κενῆς
1326 270 1356 287 τε
1380 262 1426 290 καὶ
1442 263 1563 296 ἀτελοῦς,
1589 263 1757 296 ἐλεγκτικῶς
1773 264 1828 298 ἅμα

1034 306 1081 332 καὶ
1113 305 1256 341 ἐριστικῶς
1279 307 1318 338 εἰς
1347 307 1395 342 τὴν
1426 307 1563 343 ἄχρηστον
1587 308 1730 342 ἐξάγονται
1748 308 1829 342 φλυα-

1035 352 1113 387 ρίαν’
1133 351 1251 387 ἔμπαλιν
1268 352 1295 379 δὲ
1310 353 1326 388 ἡ
1345 352 1481 388 βάρϐαρος
1499 354 1652 389 φιλοσοφία,
1669 354 1718 389 τὴν
1740 355 1828 381 πᾶσαν

1032 396 1090 433 ἔριν
1107 397 1284 431 ὲκϐάλλουσαν
1305 408 1315 424 ε
1334 400 1462 434 Ζητείτε,
1492 397 1570 432 εἶπε,
1602 401 1650 427 καὶ
1680 402 1827 436 εὑρήσετε·

1033 443 1144 479 κρούετε
1158 464 1164 476 ,
1186 445 1234 471 καὶ
1257 445 1430 481 ἀνοιγήσεται
1448 447 1521 482 ὑμῖν·
1551 446 1670 474 αἰτεῖσθε
1696 447 1766 482 (79),
1783 446 1829 474 καὶ

1034 489 1178 526 δοθήσεται
1191 491 1265 526 ὑμῖν.
1274 501 1283 517 ι
1297 491 1397 527 Κρούει
1416 492 1465 527 μὲν
1476 491 1522 519 οὖν
1539 493 1609 519 κατὰ
1622 493 1672 528 τὴν
1685 492 1799 528 ζήτησιν
1815 494 1829 519 ὁ

1032 536 1100 571 πρὸς
1119 535 1251 572 ἐρώτησιν
1269 537 1315 564 καὶ
1332 538 1480 574 ἀπόκρισιν
1503 538 1591 573 λόγος,
1611 538 1660 574 τὴν
1677 538 1764 574 θύραν
1781 539 1830 573 τῆς

1032 580 1158 615 ἀληθείας
1183 582 1253 608 κατὰ
1281 583 1310 609 τὸ
1337 583 1516 619 φαινόμενον·
1540 583 1705 619 διοιχθέντος
1735 583 1766 610 δὲ
1783 584 1828 610 τοῦ

1032 627 1156 663 ἐμποδὼν
1168 628 1238 655 κατὰ
1253 628 1301 663 τὴν
1317 629 1429 664 ἔρευναν
1439 650 1446 662 ,
1466 630 1664 666 ὲπιστημονικὴ
1689 631 1829 665 ἐγγίνεται

1032 673 1139 710 Θεωρία.
1158 674 1220 707 Τοῖς
1234 675 1331 708 οὕτως,
1348 675 1436 712 οἶμαι,
1448 677 1603 712 κρούουσιν,
1622 677 1784 711 ἀνοίγνυται
1799 677 1830 704 τὸ

1033 721 1209 758 ζητούμενον.
1228 723 1283 750 Καὶ
1315 725 1370 755 τοῖς
1394 723 1481 755 οὕτως
1504 724 1610 750 αἰτοῦσι
1638 724 1687 755 τὰς
1717 723 1830 756 πεύσεις

1032 768 1103 795 κατὰ
1120 769 1169 800 τὰς
1186 769 1307 805 Γραφὰς,
1326 769 1367 804 ἐφ’
1382 769 1396 796 ὃ
1419 769 1564 805 βαίνουσιν,
1584 771 1615 796 ὲκ
1637 769 1685 796 τοῦ
1702 769 1772 796 Θεοῦ
1790 770 1831 804 γί-

995 802 1018 832 Β
1033 822 1109 840 νεται
1125 802 1225 850 ήδόσις
1314 802 1484 850 θεοδωρῆτου
1514 813 1641 849 γνώσεως
1661 802 1831 849 καταληπτι-

1031 861 1096 894 κῶς,
1120 861 1164 889 διὰ
1193 861 1244 897 τῆς
1272 861 1383 896 λογικῆς
1415 861 1500 893 ὅντως
1523 859 1717 896 ἐκλαμπούσης
1744 859 1830 895 ζητή-

1029 917 1106 940 σεως.
1122 909 1159 935 Ub
1170 908 1224 944 γὰρ
1240 909 1330 944 εὑρεῖν
1348 908 1396 943 μὲν
1413 905 1468 934 οἷόν
1479 916 1519 940 τε,
1531 907 1568 943 μὴ
1585 908 1700 943 ζητῆσαι
1714 907 1742 933 δέ
1752 916 1759 921 -
1769 906 1831 933 οὐδὲ

1030 955 1147 991 ζητῆσαι
1166 955 1214 990 μὲν
1240 955 1306 990 (80),
1324 955 1384 990 οὐχὶ
1402 955 1430 981 δὲ
1444 953 1678 990 διερευνήσασθαι·
1694 953 1754 979 οὐδὲ
1773 953 1828 986 (81)

1033 1000 1258 1037 διερευνήσασθαι
1292 1000 1357 1036 μὲν,
1387 1000 1448 1035 οὐχ).
1477 1000 1505 1026 δὲ
1526 998 1670 1031 διαπτύξαι
1695 999 1744 1025 καὶ
1766 999 1833 1025 ἀνα-

1032 1047 1150 1073 πετάσαι
1178 1047 1212 1073 δι’
1243 1047 1402 1082 ἐρωτήσεως
1426 1047 1466 1077 εις
1496 1046 1645 1080 σαφήνειαν
1671 1044 1774 1079 ἄγοντα
1799 1044 1830 1070 τὺ

1033 1092 1208 1128 ζητούμενον·
1219 1092 1273 1118 οὐδ’
1283 1089 1315 1118 αὖ
1329 1091 1373 1118 διὰ
1387 1092 1476 1127 πάσης
1489 1091 1637 1123 ἐξετάσεως
1653 1092 1829 1126 χωρήσαντα,

1035 1139 1071 1175 μὴ
1087 1138 1146 1174 οὒχὶ
1163 1139 1255 1165 λοιπὸν
1278 1138 1395 1165 ἔπαθλον
1421 1138 1512 1165 λαϐεῖν
1529 1138 1577 1173 τὴν
1601 1138 1757 1173 ἐπιστήμην
1781 1136 1829 1164 τοῦ

246 1220 276 1250 »Β
292 1217 323 1244 Ρ.
344 1218 397 1246 904
417 1217 469 1244 ΕΙ).
492 1216 642 1248 POTTER,
664 1218 716 1243 769
738 1216 789 1243 lii).
811 1216 924 1245 PARiS.
946 1223 959 1237 ⁸

1038 1217 1076 1243 tb.
1099 1217 1183 1248 ruﬁ;
1201 1216 1267 1244 Luc.
1283 1225 1320 1247 χι,
1337 1217 1363 1244 9.

187 1299 274 1327 est,et
293 1295 373 1323 titulo
389 1303 404 1322 a
422 1295 534 1330 reliquis
548 1295 691 1322 diﬂ‘errect
703 1294 839 1329 subjecto.
859 1304 872 1330 ν)
889 1294 983 1327 Quan-

189 1338 269 1365 quam
287 1331 359 1358 enim
374 1331 458 1358 variis
476 1329 503 1358 in
518 1331 632 1365 reliquis
644 1335 735 1357 utatur
750 1329 982 1364 digressionibus,

187 1374 255 1393 cum.
270 1366 485 1402 προηγουμένως
502 1367 535 1393 de
561 1366 729 1401 perfectione
759 1370 823 1402 agat
852 1365 982 1402 gnostici,

188 1406 279 1428 tamen
293 1401 382 1429 totum
407 1402 503 1428 saltem
519 1404 708 1436 argumentum
727 1405 768 1428 est
786 1401 981 1435 theologicum,

187 1440 215 1464 et
229 1436 264 1464 ad
279 1436 404 1464 eumdem
424 1436 509 1464 tendit
526 1436 617 1464 finem.
641 1436 675 1462 At
689 1444 753 1463 vero
767 1440 839 1462 totus
856 1436 899 1463 hic
914 1436 982 1464 liber

187 1476 230 1498 cst
246 1472 363 1507 logicns.
380 1470 473 1498 Primo
500 1472 573 1499 enim
598 1472 720 1498 omnium
749 1471 783 1498 dc
812 1470 981 1503 definitione,

186 1511 328 1541 postremo
355 1507 447 1541 agitur
475 1507 508 1534 de
533 1506 634 1533 causis.
656 1507 732 1539 Quod
762 1507 794 1533 ad
826 1506 983 1540 inscriptio—

187 1549 261 1574 nem,
273 1546 349 1569 notat
363 1542 433 1569 idem
459 1541 628 1576 patriarcha,
645 1542 753 1568 titulum
772 1541 798 1568 in
814 1541 980 1576 exemplari-

188 1577 239 1612 bus
249 1577 392 1612 nonnullis
414 1577 498 1612 hujus
513 1577 574 1604 libri
592 1577 678 1604 fuisse
694 1587 699 1603 :
726 1577 774 1608 Τίς
791 1577 811 1612 ὸν
823 1576 977 1611 σωζόμενος

188 1611 332 1647 πλούσιος;
358 1620 412 1647 qua
426 1612 606 1646 inscriptione
632 1620 664 1639 ac
687 1613 767 1638 titulo
794 1611 929 1639 Eusebius
955 1617 982 1639 et

189 1646 374 1683 ﬂieronymus
390 1648 555 1683 peculiarem
576 1647 675 1674 librum
702 1648 788 1674 fuisse
810 1648 943 1682 scriptum
965 1657 980 1674 ιι

189 1682 330 1718 clemente
342 1682 500 1718 observant.
523 1682 552 1708 In
568 1683 629 1709 aliis
647 1692 652 1709 :
680 1683 860 1718 Στρωματεὺς
877 1682 979 1718 ὄγδοος.

190 1717 244 1745 Sed
265 1721 292 1745 et
321 1718 429 1744 initium
459 1717 544 1744 fuisse
567 1717 715 1750 diversum,
744 1718 815 1744 idem
840 1721 928 1744 notat.
950 1717 980 1744 In

294 1753 393 1795 (iiMpst'
406 1753 471 1795 τοὺς
482 1753 716 1795 ἑγκωμιασίξιηοιὺς
731 1753 881 1795 λόγοινς.ιιιι
897 1752 978 1780 aliis:

195 1787 349 1823 ’Λλλίοὺδὲ
369 1788 395 1813 οἱ
423 1787 591 1814 παλαίτατοι.
620 1787 688 1820 Quid
717 1788 802 1823 ergo?
833 1789 873 1814 Au
900 1791 981 1815 aetate

189 1822 279 1849 l’hotii
293 1823 364 1849 idem
382 1829 495 1856 prorsus
506 1823 588 1856 hujus
602 1823 674 1854 libri,
689 1822 760 1857 quod
773 1831 847 1850 nunc
861 1827 913 1855 est,
929 1823 980 1850 fuit

189 1857 364 1892 subjectum?
378 1857 416 1884 Ne
432 1857 484 1884 hoc
511 1858 622 1892 quidem
643 1859 805 1891 persuadere
825 1858 891 1885 mihi
916 1866 980 1893 pos-

189 1901 261 1919 sum.
278 1893 337 1925 Quo
367 1897 446 1927 pacto
473 1893 566 1919 enim?
591 1893 659 1919 Nam
685 1901 749 1920 cum
782 1893 853 1920 idem
883 1898 981 1921 auctor

190 1927 283 1955 multis
296 1929 463 1969 adnotasset,
476 1929 610 1962 plurimas
672 1929 733 1969 ejus
763 1928 978 1969 [tappttyposibu‘s

188 1968 298 1990 exstare
312 1963 509 1998 blasphemias,
537 1972 607 1997 quas
628 1963 744 1992 Rufinus
763 1963 827 1991 alibi
846 1963 932 1991 fuisse
945 1964 980 1990 ab

190 1998 324 2034 haereticis
341 1998 507 2034 horrendum
533 2000 560 2025 in
585 1999 695 2026 modum
709 1999 874 2034 depravatas
892 2003 977 2031 notat,

190 2033 300 2060 tandem
325 2033 412 2063 addit,
439 2034 465 2060 in
490 2039 589 2061 octavo
612 2042 721 2069 quoque
745 2033 801 2061 hoc
827 2034 898 2061 libro
918 2042 980 2062 esse

189 2069 306 2096 haereses
324 2069 482 2100 nonnullas,
497 2077 551 2096 non
568 2070 678 2104 quidem
701 2073 741 2096 tot
757 2073 902 2103 tantasque
913 2073 980 2104 quot

188 2104 216 2131 in
232 2103 297 2134 illis.
319 2104 366 2131 scd
384 2109 474 2132 tamen
490 2103 623 2139 quasdam
653 2112 763 2140 quoque
783 2113 843 2139 quze
868 2105 895 2131 in
922 2103 978 2132 illis

188 2139 298 2166 fuerant
311 2140 462 2167 sententias
479 2139 590 2167 defendi
606 2150 611 2167 :
628 2147 688 2174 qua:
707 2148 722 2166 a
744 2147 810 2167 sana
830 2145 855 2166 et
868 2145 977 2174 recepta

1038 1294 1164 1321 παιδείαν
1196 1294 1364 1322 tractaverit.
1391 1294 1627 1327 Quemadmodum
1657 1297 1770 1321 notatur
1795 1293 1829 1321 de

1038 1329 1165 1364 Origene.
1181 1329 1220 1356 Ita
1245 1337 1292 1357 eas
1307 1333 1381 1357 artes
1406 1330 1551 1364 vocabant,
1578 1337 1695 1364 quarum
1710 1329 1828 1359 scientia

1038 1365 1134 1400 majori
1163 1365 1301 1400 scientizc,
1329 1365 1454 1400 religioni
1484 1365 1613 1392 nimirum
1645 1364 1827 1400 Christianae.

1036 1400 1265 1462 gramittebatur.
1287 1399 1408 1432 Quarum
1432 1400 1561 1436 princeps
1587 1403 1629 1427 est
1658 1400 1759 1433 logica.
1787 1399 1827 1426 lta

1058 1440 1137 1462 extus
1165 1435 1319 1462 Emoiricus
1347 1436 1374 1462 in
1393 1435 1426 1462 iis
1451 1436 1529 1462 libris
1554 1443 1624 1462 uuas
1653 1435 1827 1462 Ὑποτυπώ-

1058 1440 1137 1463 extus
1165 1435 1319 1470 Empiricns
1347 1436 1374 1462 in
1393 1435 1426 1464 iis
1451 1436 1529 1463 libris
1554 1443 1624 1470 quas
1653 1435 1827 1462 ’Υποτυπώ-

1035 1479 1101 1504 σεις
1123 1471 1274 1506 inscripsit,
1301 1475 1331 1498 ut
1355 1470 1486 1498 informet
1509 1471 1672 1506 scepticum,
1688 1475 1715 1497 et
1729 1470 1828 1506 doceat

1035 1514 1091 1541 quo
1119 1505 1388 1541 pacto’oppugnare
1417 1507 1516 1533 debeat
1546 1505 1728 1541 dogmaticos,
1756 1505 1827 1532 libro

1034 1540 1166 1573 Secundo,
1182 1540 1314 1576 quidquid
1330 1548 1371 1569 est
1396 1541 1513 1577 logicum
1532 1540 1680 1569 examinat.
1698 1540 1736 1577 lbj
1753 1541 1826 1568 enim

1033 1578 1090 1612 agit
1106 1577 1139 1604 de
1151 1575 1275 1607 eriterio.
1293 1577 1327 1604 de
1340 1575 1455 1604 veritate
1471 1581 1498 1603 et
1516 1584 1591 1608 vero,
1608 1584 1669 1610 qua:
1683 1583 1699 1602 a
1717 1575 1816 1602 Stoico

1033 1619 1093 1638 rum
1107 1612 1259 1640 dialecticis
1276 1613 1526 1646 przemittebantur:
1540 1617 1597 1639 tum
1607 1613 1641 1639 de
1654 1611 1815 1639 demonstra

1030 1648 1119 1678 tione,
1136 1648 1170 1675 de
1186 1648 1355 1683 syllogismis
1380 1652 1406 1674 et
1422 1648 1590 1678 inductione,
1608 1646 1783 1678 delinitione,
1797 1647 1823 1674 el

1032 1683 1177 1714 divisione,
1193 1683 1228 1710 de
1245 1683 1392 1717 generibus
1411 1688 1439 1710 et
1457 1684 1615 1717 speciebus,
1631 1683 1749 1717 aliisque
1764 1689 1822 1717 quat

1032 1718 1059 1744 in
1077 1726 1107 1744 ea
1124 1723 1200 1753 parte
1211 1728 1226 1745 a
1242 1718 1405 1753 dogmatieis
1417 1717 1575 1745 traduntur.
1591 1717 1736 1745 Postremo
1749 1723 1776 1745 et
1791 1717 1825 1744 de

1032 1753 1258 1787 sophismatibus.
1273 1753 1374 1781 Eodem
1391 1754 1472 1780 modo
1488 1753 1615 1781 Clemens
1633 1761 1689 1780 non
1712 1758 1755 1780 est
1769 1753 1823 1779 du-

1031 1788 1174 1816 bitandum
1190 1790 1256 1823 quin
1270 1790 1298 1816 in
1324 1788 1382 1824 suis
1396 1788 1611 1824 Hypotyposibus
1628 1788 1699 1816 idem
1715 1788 1823 1821 fecerit,

1031 1828 1058 1849 ct
1073 1831 1106 1850 ex
1121 1824 1174 1850 illis
1190 1825 1268 1851 libris
1286 1824 1338 1851 hoc
1364 1823 1547 1858 fragmentum
1568 1824 1604 1851 sit
1619 1824 1797 1858 da-suniptum
1814 1833 1821 1850 :

1032 1859 1075 1885 cui
1091 1864 1211 1893 tempore
1225 1859 1313 1886 Photii
1326 1859 1457 1886 nonnulla
1468 1868 1500 1886 ex
1517 1859 1614 1886 iisdem
1631 1858 1711 1885 libris
1726 1866 1822 1893 parum

1032 1901 1098 1920 sana
1111 1894 1297 1927 adhmscrunt,
1312 1902 1372 1929 qua:
1387 1899 1434 1920 aut
1450 1894 1546 1929 logicis
1559 1895 1681 1928 inspersa
1698 1894 1821 1924 fuerunt,

1030 1930 1070 1960 εἰς
1087 1930 1271 1965 παράδειγμαε
1305 1934 1352 1956 aut
1373 1937 1433 1965 qua:
1461 1934 1556 1964 postea
1579 1930 1722 1964 praeceptis
1745 1930 1822 1964 prius

1031 1965 1140 1991 traditis
1155 1964 1387 1992 accoinmmlarat.
1401 1964 1511 1991 Librum
1526 1965 1663 1999 integrum
1683 1972 1738 1990 non
1750 1972 1820 1995 esse,

1031 2000 1100 2027 satis
1121 2001 1206 2028 moles
1223 2001 1390 2035 reliquorum
1417 2000 1529 2026 evincit.
1547 1999 1607 2032 Quo
1631 2004 1710 2034 pacto
1728 2003 1820 2026 autent

1031 2035 1144 2069 reliquis
1170 2034 1315 2063 conveniat
1339 2043 1393 2062 nou
1423 2037 1512 2070 capio.
1532 2034 1708 2070 Quanquamr
1722 2035 1750 2060 in
1768 2035 1821 2061 line

1030 2071 1150 2106 septimi,
1169 2071 1207 2097 ait
1231 2079 1261 2098 se
1288 2071 1336 2097 ἀπ’
1353 2070 1436 2105 ἄλλης
1458 2069 1553 2106 ίὰρχῆς
1583 2069 1746 2105 ποιήσεσθαι
1776 2070 1821 2095 τὸν

1029 2104 1117 2139 λόγον.
1135 2106 1212 2139 Quod
1229 2106 1328 2134 fecisse
1343 2113 1405 2133 eum
1416 2104 1420 2105 ν
1433 2104 1518 2132 notat
1533 2104 1663 2136 'l’hotius,
1681 2109 1706 2131 et
1726 2108 1819 2131 tamen

1029 2141 1182 2176 theologica
1197 2145 1340 2169 tractasse.
1356 2141 1416 2174 Quo
1436 2145 1516 2176 pacto
1535 2141 1608 2168 enim
1626 2148 1680 2167 non
1694 2139 1819 2176 θεολογι-

187 2175 222 2202 ab
235 2174 364 2212 omnibus
378 2175 502 2212 doctrina
528 2172 697 2212 aberrat-ent.
723 2175 798 2207 Quas
814 2175 858 2212 hic
874 2172 976 2212 frustra
993 2172 1014 2199 D
1029 2175 1082 2208 κά,
1098 2172 1295 2212 εΓὲτερόδοξα,
1319 2177 1341 2204 si
1368 2172 1486 2211 impura,
1506 2177 1529 2203 si
1553 2176 1681 2203 haeretica
1691 2175 1716 2212 ?_
1728 2172 1819 2207 Quare

187 2213 290 2244 quaret
317 2209 411 2236 lector.
436 2209 496 2237 Non
522 2211 614 2237 minus
639 2218 705 2237 Sane
733 2218 816 2245 quam
843 2211 869 2236 in
897 2211 975 2238 libris

186 2245 354 2280 Aristotelis,
371 2245 418 2279 qui
434 2245 536 2280 Organi
560 2253 633 2272 nunc
652 2245 761 2272 nomine
775 2246 973 2273 inscribuntur.

187 2279 225 2306 Ex
242 2280 294 2307 hoc
305 2280 386 2312 libro,
401 2288 449 2307 seu
466 2281 619 2315 fragmento
635 2280 726 2314 potius
748 2280 822 2315 (nam
838 2284 880 2308 est
896 2281 976 2308 nobi-

187 2316 323 2342 lissimum
347 2315 480 2350 profecto)
495 2319 618 2350 apparet.
647 2323 729 2349 quam
747 2316 856 2343 diversa
874 2316 975 2342 fuerint

188 2350 319 2377 librorum
343 2350 426 2385 hujus
449 2351 499 2377 viri
524 2351 599 2377 fata:
623 2355 810 2385 quantumque
830 2352 856 2377 in
873 2352 906 2378 iis
924 2352 975 2378 sibi

188 2386 259 2413 male
283 2385 373 2412 feriati
402 2385 539 2416 homines.
562 2386 636 2421 sicut
654 2391 681 2412 et
703 2387 727 2412 οἱ
747 2385 974 2421 ἑτεροδοξοῦντες,

187 2421 371 2455 permiserint.
387 2422 457 2447 Ante
473 2421 564 2447 omnia
592 2420 639 2455 qui
668 2421 732 2455 legit
756 2420 893 2451 Ph'otimn,
920 2430 975 2448 non

188 2455 336 2486 dubitabit,
356 2456 423 2490 quin
440 2461 554 2483 octavus
570 2455 756 2487 Siromatewn,
773 2461 802 2483 ut
821 2457 944 2490 subjecw
960 2465 974 2483 a

188 2490 303 2526 reliquis
321 2490 459 2524 diversus,
475 2492 514 2517 ita
533 2491 579 2518 illa
596 2499 706 2526 quoque
722 2496 801 2518 aetate
818 2494 901 2518 nuiita
912 2499 975 2518 cum

191 2525 404 2560 llypolyposibus
436 2526 593 2553 communia
605 2525 612 2526 ί
624 2525 762 2553 habuerit.
784 2526 814 2553 Hi
834 2532 923 2554 autem
941 2528 974 2553 li-

189 2561 487 2597 bri,‘queinadmodum
507 2561 649 2597 inscriptio
669 2570 718 2588 nos
739 2562 829 2594 docet,
845 2562 976 2589 doctrina:

188 2595 352 2624 Christiana:
367 2596 567 2623 institutionem
594 2595 641 2623 aut
659 2597 871 2624 dclineatioucm
886 2598 976 2624 conti—

187 2631 299 2668 nebant.
329 2631 387 2658 Non
416 2635 472 2668 tam
502 2631 650 2666 ἐμμέθοδον
667 2631 713 2658 καὶ
737 2632 905 2668 ὂογματικὴν
929 2633 976 2658 καὶ

187 2667 320 2702 ἔντεχνον,
339 2674 422 2702 quam
441 2666 552 2694 liberant
582 2672 609 2694 et
629 2668 712 2694 nullis
737 2666 842 2702 legibus
857 2666 977 2694 cunstri-

185 2701 268 2729 ctam.
286 2701 354 2729 Nam
370 2703 495 2737 diversos
516 2709 550 2728 cx
575 2703 663 2729 sacris
688 2701 798 2730 Litteris
813 2703 976 2737 interpreta-

187 2738 268 2765 batur
283 2737 369 2768 locos.
387 2742 417 2764 ut
429 2736 563 2764 Eusebius
589 2741 617 2765 et
632 2737 746 2764 Photius
763 2746 812 2765 nos
827 2736 945 2764 docent:
961 2746 976 2764 e

187 2773 286 2807 quibus
303 2774 361 2801 sine
377 2773 462 2800 dubio
483 2772 615 2800 doctrina:
642 2781 743 2806 corpus
761 2773 917 2808 colligebat.
947 2773 974 2799 ln

187 2808 286 2836 iisdem
303 2809 391 2843 libris,
410 2817 466 2836 nun
493 2813 535 2836 cst
550 2808 742 2842 dubitandum,
761 2809 826 2844 quin
846 2808 893 2844 τὴν
907 2817 974 2843 προ-

1028 2216 1093 2246 puto
1108 2212 1153 2238 diu
1175 2210 1246 2243 esse,
1271 2220 1334 2239 cum
1361 2210 1481 2239 amissus
1505 2216 1547 2239 est
1568 2215 1682 2239 octavus
1698 2210 1821 2246 Struma-

1028 2252 1103 2273 tewn.
1115 2246 1192 2274 Nunc
1204 2250 1293 2274 autem
1309 2250 1412 2282 partem
1431 2246 1632 2282 Ilypotyposeon
1645 2246 1706 2280 ejus
1730 2245 1821 2272 locum

1028 2281 1173 2309 invasisse.
1192 2281 1329 2310 Haustus.

1063 2317 1119 2352 (77)
1135 2317 1193 2350 Οὓς
1210 2318 1274 2344 ἀντ.
1294 2317 1344 2345 Ms.
1362 2317 1450 2346 Paris.
1464 2317 1504 2351 οἷς
1522 2317 1580 2352 ἄντ.

1064 2351 1120 2388 (78)
1138 2352 1349 2386 Διερευνᾶσθαι
1365 2353 1398 2380 τὸ
1412 2353 1517 2387 ζητεῖν.
1536 2351 1673 2387 lnterpres
1683 2352 1760 2388 vulg.
1782 2353 1820 2380 le-

1027 2388 1148 2415 ctionem
1163 2389 1273 2419 retinet,
1310 2397 1319 2413 ι
1333 2388 1367 2415 ad
1386 2387 1615 2423 perscrutandum
1639 2387 1765 2423 quaerere
1779 2388 1821 2422 ju-

1027 2423 1100 2454 bet,»
1119 2424 1223 2450 omisso
1240 2423 1357 2450 articulo
1371 2422 1393 2451 εί
1408 2424 1455 2451 sed
1479 2424 1581 2450 rectius
1597 2422 1704 2457 opinor,
1716 2422 1820 2456 διερευ-

1026 2458 1125 2485 νᾶσθαι
1137 2459 1185 2484 καὶ
1200 2458 1301 2493 ζητεῖν,
1333 2467 1342 2483 ι
1355 2459 1388 2485 ad
1404 2458 1633 2493 perscrutanduin
1649 2462 1677 2484 et
1693 2465 1820 2492 quaeren-

1027 2493 1119 2520 dum.)
1137 2493 1269 2520 SvLBuaG.

1060 2529 1118 2565 (79)
1147 2529 1292 2565 Αὶτεῖσθε.
1321 2529 1428 2555 Αἰτεῖτε
1452 2529 1533 2565 habet
1559 2532 1675 2565 uterque
1701 2534 1818 2562 evange-

1026 2564 1110 2624 {ista;
1141 2571 1168 2605 et
1191 2564 1261 2599 apud
1285 2569 1442 2599 utrumque,
1470 2564 1523 2591 hoc
1551 2564 1704 2590 membrum
1728 2564 1818 2598 primo

1038 2607 1087 2624 0C0
1102 2604 1222 2624 DOlllltll‘.

1038 2607 1087 2625 oco
1102 2600 1222 2626 ponitur.

1063 2608 1275 2670 (ξοῗοῖζιῖἷῆσαι
1301 2644 1332 2669 μ.
1353 2655 1359 2660 .
1378 2653 1384 2661 .
1403 2654 1410 2660 .
1436 2633 1610 2670 διαπτύξαιη
1634 2632 1691 2670 his.
1714 2631 1815 2670 Paris.

1027 2668 1142 2705 ζητῆσαι
1161 2670 1219 2705 μὲν,
1235 2668 1340 2704 oti-118’s:
1359 2669 1565 2705 ἐρευνήσασθαι·
1585 2668 1645 2703 οὐχὶ
1664 2668 1692 2695 δὲ
1711 2668 1817 2703 διερευ-

1026 2704 1160 2739 νήσασθαι
1178 2705 1238 2740 μέν·
1255 2706 1314 2740 οὺχί
1328 2704 1482 2736 διατττύξαι.

1062 2740 1117 2774 (31)
1139 2735 1400 2774 Διὲρευνήᾶιισϐαι·
1415 2735 1495 2767 οὐδὲ.
1514 2739 1577 2767 Haec
1596 2739 1695 2767 desunt
1709 2738 1736 2766 in
1753 2735 1816 2767 Flo-

1027 2780 1097 2802 rcnt.
1115 2777 1181 2802 cdtt.
1199 2777 1331 2803 Summo.
