1934 3075
73 139 140 168 565

718 140 935 168 STROMATUM
955 139 1018 167 LIB.
1042 139 1109 168 VIII.

1678 140 1731 168 566

76 201 145 228 ἔστ’
169 201 202 228 ἂν
218 201 364 237 ἄνθρωπος
381 199 426 239 ᾗ.»
449 202 504 229 Καὶ
521 203 568 229 ἐπὶ
593 201 653 238 βοὸς
671 202 718 228 καὶ
735 202 819 228 ἵππου
841 211 874 229 κα

942 201 986 228 Sic
1013 201 1097 229 etiam
1123 200 1194 228 dixit
1223 200 1363 228 comicus:
1397 199 1535 240 «Elegans
1560 199 1660 227 animal
1688 204 1731 228 est

77 247 176 279 κυνὸς
193 247 208 273 ὁ
224 247 307 280 αὐτὸς
324 248 412 282 λόγος,
430 248 505 283 παρὰ
521 248 570 283 τὴν
594 247 693 284 ἀρετὴν
710 247 755 274 τοῦ
784 247 852 280 ζὼου
870 248 886 283 ἦ

77 294 207 322 κακίανσ
237 296 278 327 εις
294 295 348 330 γὰρ
364 295 413 331 τὴν
429 295 475 321 τοῦ
492 295 586 329 γένους
608 295 763 330 τελειότητα
775 295 887 330 βλέπον-

79 349 148 373 τες,
170 341 216 368 ἐπὶ
232 341 266 368 τὰ
283 340 438 376 κυριώτατα
451 341 504 367 τῶν
516 341 723 377 σημαινομένων
739 340 884 376 ἐρχόμεθα.

80 386 200 413 Αὐτίκα
215 387 306 422 ἰατρὸν
324 386 448 422 νοοῦμεν,
472 383 495 420 ᾧ
513 387 595 422 μηδὲν
609 387 656 422 τῆς
670 387 794 423 ἰατρικῆς
809 386 886 413 δυνά-

84 441 170 467 μεως
184 433 262 459 Evasi
281 433 431 466 γνωστικὺν
447 432 485 463 δὲ,
500 428 523 466 ᾧ
540 433 623 468 μηδὲν
646 432 733 458 λείπει
763 432 812 468 τῆς
827 433 886 458 ἐπι-

83 479 265 514 στημονικῆς
279 478 415 514 εὶδὴσεως.
442 478 499 504 Καὶ
525 478 648 514 διαφέρει
662 477 774 510 ἔνδειξις
792 477 885 503 συλλο-

80 525 208 560 γισμοῦ,
258 526 287 552 τὸ
299 526 349 561 μὲν
362 525 565 564 ἐνδεικνύμενον
581 525 639 558 ἑνός
654 526 710 552 ἐστι
727 524 883 560 δηλωτικὸν,

81 571 115 598 ἒν
135 572 264 608 ὑπάρχον
281 572 328 598 καὶ
336 571 411 599 αὑτό⁸
430 573 468 604 ὡς
484 572 530 599 τοῦ
550 572 650 608 μηκέτι
667 569 736 598 εἶναι
753 570 886 605 παρθένον

79 618 207 650 ἔνδειξιν
232 616 300 645 εἶναι
325 619 357 644 τὸ
384 618 459 645 κύειν
486 617 584 653 φαμέν·
610 617 648 652 τῷ
665 617 694 643 δὲ
713 616 885 653 συλλογισμῷ

80 664 310 701 λαμϐανόμενον,
342 666 371 693 ἓν
394 666 516 703 ὑπάρχον
539 667 606 703 (95),
631 667 727 693 ἕπεται
751 667 883 698 πλείοσιν,

80 710 125 742 ὡς
155 712 203 737 τοῦ
229 711 344 739 Πύθωνα
364 713 516 748 προδιδόναι
546 713 719 745 Βυζαντίους,
745 715 769 740 εἱ
798 714 884 746 οὕτως

81 757 197 793 ἔτυχεν,
213 758 262 794 οὐχ
272 758 301 785 ἓν
318 759 385 786 ἀλλὰ
398 759 482 786 πλείω
502 759 668 795 λαμϐάνεται
690 760 723 786 τὰ
737 760 881 796 δηλωτικά’

80 803 135 830 καὶ
155 804 188 830 τὸ
213 805 262 840 μὲν
280 806 417 841 περαίνειν
432 806 486 841 (96)
506 806 535 838 ἐξ
551 807 774 842 ὁμολογουμένων
792 806 885 832 συλλο-

81 849 217 884 γίζεσθαι
234 852 303 883 ἐστὶ,
319 852 348 878 τὸ
363 852 391 878 δέ
406 861 437 887 γε
455 852 484 885 ἐξ
501 853 608 888 ἀληθῶν
627 862 652 880 τι
670 854 810 889 περαίνειν
824 854 883 879 ἑπι-

940 248 1038 279 homo,
1054 248 1140 276 donec
1155 247 1237 275 fuerit
1253 248 1361 278 homo.»
1379 246 1417 274 De
1435 247 1503 274 bove
1522 254 1641 281 quoque,
1660 253 1731 281 equo

940 299 966 322 et
982 302 1050 322 cane
1060 294 1155 322 eadem
1170 298 1213 322 est
1224 294 1304 326 ratio,
1321 297 1401 328 prout
1419 292 1501 320 fuerit
1523 293 1611 320 virtus
1627 293 1670 320 vel
1688 291 1731 320 vi-

941 340 1009 368 lium
1024 341 1167 374 animalis;
1184 340 1362 377 respicientes
1378 339 1451 366 enim
1477 339 1509 366 ad
1534 338 1730 374 perfectionem

940 387 1060 426 generis,
1075 387 1200 414 venimus
1216 387 1250 414 ad
1273 393 1305 413 ea
1325 393 1385 421 qua:
1402 390 1466 413 sunt
1487 385 1623 421 przecipua
1637 393 1671 412 ex
1690 385 1730 412 si-

940 433 1086 470 gniﬁcatis.
1108 433 1231 470 Exempli
1254 433 1351 468 gratia,
1375 432 1511 460 medicum
1541 431 1730 466 intelligimus,

939 479 1153 507 cuinihildeest
1178 479 1291 506 medicae
1321 478 1479 512 facultatis;
1511 478 1665 514 gnosticum
1681 485 1731 504 au-

939 531 1004 558 tem,
1016 534 1078 554 eum
1092 526 1136 553 cui
1152 525 1219 552 nihil
1235 525 1326 552 deﬁcit
1342 525 1507 560 cognitionis
1528 524 1695 552 scientilicze.
1706 522 1730 551 Α

940 573 1098 609 syllogismo
1114 575 1203 599 autem
1215 570 1305 599 differt
1320 571 1452 598 iudicatio
1464 581 1471 604 ;
1482 577 1618 606 quatenus
1631 571 1658 598 id
1669 572 1730 606 qui-

939 620 999 647 dem
1011 619 1082 655 quod
1098 618 1213 651 indicat,
1229 626 1314 645 unum
1327 618 1475 653 signiﬁcat,
1487 619 1631 653 ipsumque
1643 625 1728 645 unum

939 674 970 694 ac
984 667 1055 694 idem
1072 667 1127 694 sit:
1144 670 1174 693 ut
1184 670 1292 693 uterutn
1318 673 1411 701 gerere
1435 665 1552 693 dicimus
1572 673 1633 692 esse
1656 664 1730 691 indi-

938 713 1010 739 cium
1023 712 1095 747 quod
1113 712 1212 740 femina
1224 720 1278 739 non
1295 713 1331 739 sit
1351 713 1468 747 amplius
1485 712 1571 746 virgo.
1584 711 1661 744 Quod
1679 719 1729 738 au-

938 763 992 786 tem
1009 759 1037 786 in
1052 759 1212 794 syllogismo
1239 758 1358 785 sumitur
1384 765 1445 784 cum
1475 757 1510 785 sit
1526 765 1622 790 unum,
1649 758 1729 792 plura

937 805 1132 840 consequitur;
1150 808 1190 836 ut,
1206 805 1278 839 quod
1304 803 1390 839 Pytho
1408 805 1533 839 proderet
1550 803 1727 839 Byzantinos,

937 852 1012 878 verbi
1028 859 1121 883 causa,
1139 858 1193 878 non
1213 858 1310 883 unum,
1336 852 1383 878 sed
1410 851 1488 885 plura
1505 854 1651 878 sumuntur
1667 857 1728 885 quae

80 897 224 923 δεικνύειν
254 898 337 924 ἐστίν’
356 898 419 924 ὥστ’
435 897 504 925 εἶναι
529 899 655 926 σύνθετόν
675 909 735 927 τινα
753 900 802 935 τῆς
819 900 873 926 ἀπο

934 897 960 924 id
978 897 1108 925 indicent.
1126 897 1158 924 Et
1169 897 1335 924 concludere
1362 897 1473 932 quidem
1490 905 1523 924 ex
1545 897 1578 924 iis
1590 904 1650 932 quae
1666 897 1728 931 quis

80 942 199 975 δείξεως
214 943 262 979 τὴν
277 944 378 979 ὖνησιν,
390 944 420 971 ἐκ
436 954 465 972 τε
482 944 529 972 τοῦ
546 946 580 972 τὰ
596 945 789 982 λαμϐανόμενα
817 946 884 981 πρὸς

81 988 120 1015 τὰ
139 988 297 1025 ζητούμενα
314 991 399 1026 ἁληοῆ
417 991 565 1027 λαμϐάνειν
593 993 648 1019 κὰκ
669 992 716 1018 τοῦ
731 993 760 1019 τὸ
778 994 883 1028 συμπέ-

83 1043 184 1070 ρασμα
197 1036 289 1068 αὐτοῖς
315 1037 457 1064 ἀκόλουθον
475 1038 661 1074 ἐπιφέρεσθαι.
691 1039 722 1064 Εἰ
738 1038 769 1074 δή
787 1047 827 1065 τοι
846 1040 882 1075 μὴ

83 1081 208 1116 ὑπάρχοι
233 1083 263 1109 τὺ
287 1083 427 1119 πρότερον,
454 1084 470 1120 ἢ
495 1084 532 1120 μὴ
555 1085 648 1112 ἕποιτο
671 1085 725 1120 (97)
752 1085 826 1120 αὐτῷ
853 1086 883 1111 τὸ

82 1127 226 1163 δεύτερον,
253 1128 304 1155 οὐκ
328 1129 451 1162 ἀπέδειξε
480 1131 538 1166 μὲν,
566 1131 756 1165 συνελογίσατο
781 1132 819 1158 δέ.
847 1132 882 1158 Τὸ

86 1173 138 1208 μὲν
157 1173 213 1209 γὰρ
228 1175 327 1201 οἰκεῖον
356 1175 513 1209 ἐπενεγκεῖν
532 1176 718 1212 συμπέρασμα
740 1178 797 1208 τοῖς
813 1176 883 1212 λήμ-

84 1227 156 1253 μασι
173 1219 381 1254 συλλογίσασθαι
400 1222 482 1255 μόνον
506 1222 573 1248 ἐστί·
590 1222 621 1248 τὸ
637 1223 665 1249 δὲ
681 1223 728 1249 καὶ
745 1223 797 1250 τῶν
810 1223 880 1258 λημ-

85 1266 183 1300 μάτων
201 1266 314 1293 ἕκαστον
333 1267 465 1303 ὑπάρχειν
489 1268 599 1304 ἀληθὲς,
614 1269 644 1295 οὺ
671 1269 880 1303 συλλογίσασθαι

84 1310 181 1346 μόνον,
200 1311 268 1338 ἀλλὰ
294 1312 340 1338 καὶ
357 1312 565 1348 ἀποδεδειχὲναι.
593 1313 736 1348 Περαίνειν
755 1313 777 1340 δ’
795 1314 879 1344 ἐστὶν,

81 1357 123 1389 ὡς
136 1358 185 1384 καὶ
203 1358 236 1387 ἐκ
254 1358 300 1384 τοῦ
324 1359 455 1394 ὀνόματος
468 1360 556 1394 δῆλον,
578 1360 608 1386 τὸ
628 1359 704 1394 ἄγειν
719 1360 766 1386 ἐπὶ
784 1360 814 1387 τὸ
831 1361 879 1386 πέ-

85 1412 149 1440 ρας.
165 1405 244 1430 Ἐστι
259 1404 287 1431 δὲ
299 1404 384 1440 δήπου
399 1405 485 1440 πέρας
499 1406 528 1433 ὲν
541 1406 648 1440 ἑκάστῳ
662 1405 733 1442 λόγῳ
745 1407 774 1432 τὸ
786 1407 880 1442 ζητού-

86 1458 180 1485 μενον·
197 1450 211 1476 ὂ
236 1450 268 1485 δὴ
290 1451 337 1476 καὶ
363 1451 548 1487 συμπέρασμα
578 1452 711 1478 καλεῖται.
745 1453 838 1484 Οὐδεὶς
852 1453 878 1479 δὲ

83 1495 190 1527 ἁπλοῦς
204 1496 251 1522 καὶ
274 1496 380 1532 πρῶτος
400 1497 477 1531 λόγος
504 1498 665 1533 ὀνομάζεται
690 1498 877 1533 συλλογισμὸς,

83 1542 138 1568 κᾶν
154 1542 258 1578 ἀληθὴς
285 1541 313 1578 ᾖ,
338 1543 393 1569 ἀλλ’
407 1543 464 1570 ἔστι
481 1544 655 1580 τούλάχιστον
681 1546 712 1570 ὲκ
725 1545 807 1580 τριῶν
822 1545 877 1580 (98)

937 943 1100 975 conﬁtetur,
1133 947 1176 970 est
1206 943 1394 979 syllogismum
1417 943 1561 970 conﬁcere.
1588 943 1628 970 Ex
1656 943 1727 970 veris

937 994 1027 1016 autem
1042 989 1146 1024 aliquid
1161 989 1337 1021 concludere,
1359 993 1404 1016 est
1422 989 1622 1016 demonstrare.
1653 988 1728 1017 Adeo

936 1040 966 1062 nt
983 1036 1018 1063 sit
1033 1036 1154 1070 quzedam
1169 1036 1320 1070 composita
1342 1034 1448 1062 utilitas
1462 1034 1726 1063 demonstrationis:

936 1088 1033 1115 nempe
1047 1085 1074 1107 et
1087 1079 1160 1114 quod
1177 1088 1239 1115 qua:
1253 1084 1400 1108 sumuntur
1416 1079 1449 1106 ad
1479 1080 1593 1114 quaesita
1609 1080 1729 1116 proban-

936 1125 1000 1151 dum
1012 1132 1075 1152 vera
1091 1125 1155 1156 sint,
1174 1129 1200 1152 et
1216 1125 1290 1160 quod
1314 1125 1450 1152 inferatur
1472 1133 1645 1160 consequens
1661 1134 1729 1153 con-

935 1173 1032 1199 clusio.
1045 1171 1122 1204 Quod
1138 1171 1162 1199 si
1178 1180 1233 1199 non
1245 1172 1360 1198 exsistat
1373 1172 1459 1206 prius,
1470 1172 1513 1199 vel
1526 1172 1551 1199 id
1567 1180 1620 1199 non
1633 1180 1728 1201 conse-

935 1222 1035 1252 quatur
1052 1217 1213 1249 secundum,
1237 1225 1291 1244 non
1318 1217 1517 1245 demonstravit
1538 1218 1659 1252 quidem,
1678 1219 1727 1246 sed

934 1264 1023 1291 effecit
1034 1263 1241 1299 syllogismum;
1269 1263 1419 1298 assumptis
1439 1264 1512 1291 enim
1529 1265 1727 1300 propositioni-

935 1311 985 1338 bus
1012 1310 1219 1338 convenientem
1250 1309 1353 1336 inferre
1381 1311 1605 1344 conclusionem,
1635 1311 1725 1338 solum

936 1361 964 1389 ἦ(
975 1361 1017 1384 est
1027 1358 1196 1392 syllogizare.
1211 1357 1248 1384 Ex
1262 1357 1410 1392 assumptis
1425 1362 1515 1385 autem
1530 1358 1726 1393 propositioni-

933 1403 985 1430 bus
999 1403 1104 1430 eﬂicere
1114 1403 1194 1430 etiam
1206 1411 1429 1438 unamquamque
1445 1412 1548 1437 veram,
1564 1412 1619 1431 non
1635 1405 1725 1432 solum

933 1454 974 1476 est
985 1450 1156 1485 syllogizare,
1174 1450 1222 1477 sed
1239 1450 1321 1477 etiam
1334 1450 1536 1478 demonstrare.
1552 1450 1723 1479 Concludere

933 1500 1034 1528 autem,
1048 1495 1120 1531 quod
1134 1500 1176 1523 est
1192 1497 1342 1532 περαίνειν,
1361 1500 1390 1523 ιιι
1418 1497 1502 1524 etiam
1519 1501 1593 1533 patet
1623 1506 1657 1526 ex
1671 1506 1724 1526 no-

933 1542 1015 1575 mine,
1029 1547 1070 1569 est
1084 1542 1118 1568 ad
1132 1542 1213 1568 finem
1224 1542 1367 1570 deducere.
1380 1542 1428 1570 Est
1441 1547 1532 1570 autem
1555 1544 1583 1570 in
1599 1552 1723 1580 unaqua-

84 1588 216 1616 τοιούτων
233 1589 368 1621 σύνθετον,
386 1590 459 1617 δυεῖν
479 1591 528 1626 μὲν
540 1591 576 1623 ὡς
591 1591 754 1627 λημμάτων,
774 1592 833 1624 ἑνὸς
849 1592 874 1619 δὲ

932 1597 983 1623 que
1002 1590 1126 1616 oratione
1143 1588 1206 1617 tinis
1222 1590 1248 1617 id
1278 1590 1352 1625 quod
1378 1590 1522 1625 quaeritur,
1549 1591 1622 1625 quod
1639 1592 1723 1619 etiam

83 1635 123 1666 ὡς
151 1636 395 1671 συμπεράσματος.
431 1637 509 1663 Ἤτοι
540 1637 568 1663 δὲ
594 1638 681 1664 πάντα
714 1637 877 1670 ἀποδείξεως

83 1681 180 1713 δεῖται,
206 1682 224 1717 ἦ
242 1682 286 1708 καί
307 1691 368 1709 τινα
397 1682 426 1716 ἐξ
451 1683 540 1710 αὐτῶν
563 1684 620 1710 ἐστι
644 1684 736 1710 πιστά.
769 1684 836 1710 Ἀλλ’
853 1685 876 1710 εἰ

87 1728 138 1762 μὲν
152 1727 182 1754 τὸ
195 1728 337 1763 πρότερον,
354 1730 473 1764 ἑκάστης
490 1729 654 1762 ἀποδείξεως
675 1729 814 1761 ἀπόδειξιν
831 1731 875 1756 αἰ-

83 1773 206 1806 τοῦντες,
224 1775 263 1807 εἰς
288 1775 400 1811 ἄπειρον
417 1775 603 1811 ἐκϐησόμεοα,
629 1776 676 1802 καὶ
703 1776 789 1808 οὕτως
812 1778 877 1803 ἀνα-

82 1821 257 1855 τραπήσεται
274 1821 290 1856 ἡ
309 1820 454 1853 ἀπόδειξις·
474 1821 497 1847 ει
523 1821 550 1846 δὲ
569 1821 600 1847 τὸ
629 1820 764 1856 δεύτερον,
790 1820 875 1847 ταῦτα

84 1865 157 1892 αὐτὰ
174 1865 208 1892 τὲ
235 1865 264 1898 ἐξ
289 1866 378 1893 αὐτῶν
405 1864 488 1893 πιστᾶ
516 1867 570 1893 τῶν
599 1866 763 1898 ἀποδείξεων
792 1867 876 1902 ἀρχαὶ

83 1913 255 1946 γενήσονται.
268 1913 370 1940 Αὐτίκα
384 1914 408 1939 οἱ
430 1913 568 1948 φιλόσοφοι
585 1913 798 1945 ἀναποδείκτους
811 1914 876 1948 ὁμο-

83 1957 193 1993 λογοῦσι
208 1958 257 1991 τὰς
272 1959 325 1986 τῶν
340 1959 407 1987 ὅλων
422 1960 518 1995 ἀρχάς·
540 1960 604 1986 ὥστ’
616 1959 696 1995 εἴπερ
719 1959 793 1986 ἐστὶν
811 1960 877 1986 ἀπό-

123 2052 153 2081 »!
174 2049 204 2076 P.
226 2050 278 2077 907
298 2050 352 2077 ΕΙ).
374 2050 520 2084 POTTER,
544 2050 594 2077 77?.
614 2051 667 2076 EI).
690 2050 801 2078 I’ARIS.

85 2139 236 2177 gratiosum
246 2140 314 2177 quid
329 2151 338 2166 ι
359 2140 418 2168 (seu
435 2151 443 2166 ι
457 2141 606 2177 gratiosum
627 2145 654 2168 et
671 2142 796 2176 elegans)
812 2141 872 2168 ani-

84 2175 235 2212 inalnest
245 2176 338 2208 homo,
352 2176 375 2204 si
390 2175 470 2212 homo
482 2177 543 2204 sit»
559 2176 619 2209 Quo
630 2177 657 2203 in
671 2175 730 2204 loco
741 2177 873 2212 [Eschylo

85 2210 234 2238 ascribitur
257 2212 300 2238 hic
322 2220 439 2239 versus:
462 2211 643 2242 Plutarchus,
671 2213 693 2239 si
727 2216 801 2240 recte
817 2210 873 2239 ιὴθ·

83 2246 163 2276 mini,
181 2245 330 2274 Menandro
354 2247 460 2274 tribuit.
482 2247 514 2274 H.
541 2247 672 2274 Summo.
689 2246 800 2276 Grotius
815 2246 870 2274 Ea:-

83 2285 166 2316 cerpt.
183 2289 209 2316 p.
224 2282 285 2312 9H.
299 2283 340 2309 sic
356 2283 420 2317 legit
436 2290 468 2309 ac
481 2284 579 2310 vertit:

88 2317 136 2353 Ὧς
150 2316 253 2350 χαρίεν
270 2318 333 2345 ἐστ’
350 2315 514 2351 ἅνθρωπος,
530 2318 584 2347 ἐὰν
596 2317 750 2352 ἅνθρωπος
765 2315 798 2353 ᾖε

83 2352 171 2386 Quam
187 2359 227 2378 res
244 2358 352 2381 venusta
370 2357 409 2379 est
428 2353 515 2381 homo.
530 2354 574 2381 sed
588 2354 633 2387 qui
650 2362 706 2380 vere
720 2352 873 2380 est'ltamo.’

119 2387 176 2430 ($35)
214 2387 261 2430 T41
287 2388 321 2414 δὲ
347 2388 545 2430 συιζλοτιςέέῷ
579 2390 809 2430 νξᾳμϐανόέιξνοζ
838 2387 873 2430 ἐγ

80 2423 228 2459 ὑπάρχον.
240 2422 455 2459 Congruentins,
467 2422 536 2450 τὸδὲ
555 2422 726 2459 συλλογισμῷ
736 2422 872 2459 λαμϐανό-

83 2467 174 2495 μενον,
193 2457 221 2484 ἒν
234 2457 367 2495 ὑπάρχον·
384 2459 554 2495 nominativo
570 2467 610 2495 se.
623 2457 702 2491 casu,
712 2457 750 2486 ἰιι
764 2457 791 2486 in
807 2466 873 2495 prm-

81 2493 195 2529 cedente
207 2501 247 2521 sc.
261 2493 386 2522 membro
400 2493 430 2519 τὸ
448 2494 496 2529 μὲν
515 2513 521 2520 .
542 2515 550 2522 .
567 2514 573 2520 .
592 2493 638 2522 Sic
652 2494 752 2527 ibidem
769 2494 869 2528 aptius.

80 2529 112 2556 τὸ
125 2528 175 2566 μεν
187 2529 338 2566 περαίνειν·
363 2533 394 2556 ιιι
418 2528 556 2566 interpres
575 2538 685 2566 quoque
709 2530 802 2562 vertit,
821 2538 830 2554 (
845 2532 871 2556 et

81 2564 244 2592 concludere
263 2564 403 2599 quidem.»
421 2564 554 2593 SYLBURG.

119 2599 173 2631 (96)
186 2601 351 2633 Περαίνειν.
370 2599 442 2627 Flor.
459 2604 599 2635 corrupte,
614 2602 762 2635 περαινεῐν.

117 2635 172 2671 (97)
187 2636 222 2662 Εἰ
238 2634 276 2668 δή
292 2644 336 2662 τοι
357 2634 400 2670 μὴ
418 2634 552 2670 ὑπάρχοι
572 2636 604 2662 τὸ
621 2634 774 2669 πρότερον,
791 2635 809 2669 ἢ
826 2635 870 2669 μὴ

80 2671 128 2698 ἐπ.
146 2670 189 2701 A.,
213 2671 243 2697 τὸ
261 2671 299 2706 μὴ
317 2671 448 2706 ὑπάρχον.
477 2671 530 2698 Sed
558 2672 652 2706 procul
675 2671 759 2697 dubio
781 2678 871 2706 vertor

81 2707 161 2735 lectio
173 2710 225 2738 est,
240 2707 264 2732 εἰ
274 2706 296 2732 6"
313 2706 373 2741 ἢτοι
400 2706 438 2742 μὴ
451 2705 568 2742 ὑπάρχοι
583 2707 622 2742 ᾼτὸ
637 2706 786 2742 πρότερον,
816 2715 824 2730 t
840 2705 869 2732 Si

81 2749 146 2769 vero
159 2749 212 2768 non
228 2741 264 2768 sit
290 2740 405 2775 priuso
423 2740 556 2768 Sano'no.
583 2740 669 2768 Porro
693 2741 800 2768 dixerat
821 2749 870 2767 au-

81 2781 148 2808 ctor,
166 2777 199 2804 ad
213 2777 480 2804 detuonstrationem
494 2777 549 2804 duo
573 2777 696 2811 requiri:
720 2776 817 2811 primo,
841 2780 869 2802 ut

81 2813 227 2848 przentissae
244 2812 301 2839 sint
327 2820 397 2839 verm
422 2812 581 2844 :secundo,
605 2816 635 2838 ut.
660 2820 693 2848 ex
714 2811 747 2838 iis
776 2811 869 2848 debita

81 2846 220 2875 conclusio
249 2853 394 2881 sequatur;
413 2855 505 2874 verum
523 2848 557 2874 ad
583 2847 770 2882 syllogismum
795 2846 867 2874 sulti-

82 2891 151 2917 θοι-ε,
167 2884 190 2913 si
205 2891 240 2912 ex
252 2883 420 2918 quibuslibet
437 2883 586 2918 praemissis
607 2885 738 2918 sequatur
755 2882 867 2909 conclu-

932 1639 1045 1662 vocatur
1057 1636 1208 1663 conclusio.
1225 1635 1304 1663 Nulla
1335 1641 1426 1664 autem
1453 1637 1567 1672 simplex
1590 1642 1616 1665 et
1633 1639 1722 1673 prima

931 1681 1020 1707 oratio
1036 1686 1148 1708 vocatur
1168 1682 1353 1717 syllogismus,
1382 1683 1490 1711 etiamsi
1514 1683 1550 1710 sit
1575 1691 1650 1716 vera,
1674 1683 1723 1712 sed

931 1731 973 1754 est
987 1727 1019 1754 ad
1035 1728 1179 1756 minimum
1209 1729 1362 1764 composita
1380 1737 1413 1757 ex
1437 1730 1526 1757 tribus
1540 1730 1698 1766 huiusmodi
1713 1740 1720 1758 :

931 1773 1035 1802 duabus
1051 1775 1172 1809 quidem,
1190 1780 1220 1802 ut
1234 1783 1295 1810 qua:
1311 1780 1459 1804 sumuntur
1471 1777 1720 1812 propositionibus,

930 1829 983 1848 una
1001 1827 1102 1854 autem,
1120 1826 1150 1849 ut
1165 1823 1354 1850 conclusione.
1366 1823 1453 1851 Porro
1467 1827 1516 1850 aut
1536 1824 1628 1852 omnia
1642 1828 1722 1858 egent

929 1867 1172 1901 demonstratione,
1186 1872 1234 1894 aut
1245 1869 1326 1896 eliam
1338 1869 1464 1904 quadam
1481 1877 1514 1897 ex
1528 1870 1562 1897 iis
1579 1872 1646 1904 sunt
1659 1877 1721 1896 cre-

928 1913 1031 1940 dibilia.
1050 1913 1103 1940 Sed
1121 1914 1144 1941 si
1161 1914 1237 1948 prius
1265 1914 1375 1949 quidem
1393 1923 1487 1942 verum
1505 1919 1566 1943 est:
1588 1915 1722 1942 uniuscu-

927 1960 1027 1995 jusque
1041 1961 1282 1989 demonstrationis
1297 1966 1422 1996 petentes
1442 1962 1720 1997 demonstrationem,

927 2141 977 2168 sio.
1000 2140 1072 2168 Idem
1089 2148 1150 2167 mox
1166 2140 1281 2175 repetit:
1310 2140 1454 2173 Quomodo
1475 2145 1565 2168 autem
1592 2145 1649 2168 tum
1665 2142 1719 2169 erit

928 2177 1113 2212 syllogismus.
1130 2177 1152 2203 si
1170 2176 1206 2212 μὴ
1220 2176 1322 2208 ἕποιτο,
1339 2185 1348 2201 ‹
1363 2183 1417 2203 non
1430 2181 1589 2212 sequatur,»
1605 2178 1718 2204 concluy

927 2212 988 2240 sio?
998 2212 1078 2239 Certe
1090 2212 1123 2239 de
1137 2212 1287 2247 syllogismi
1314 2212 1434 2239 essentia
1449 2215 1574 2239 statuunt
1596 2213 1717 2240 universi

928 2247 1021 2281 logicae
1036 2247 1196 2282 scriptores.
1211 2250 1240 2273 ut
1269 2247 1360 2282 aliqua
1375 2247 1516 2282 conclusio
1528 2255 1543 2274 e
1556 2247 1716 2282 praemissis,

927 2290 974 2310 seu
989 2283 1073 2314 veris,
1086 2281 1132 2310 seu
1146 2282 1233 2314 falsis,
1249 2281 1383 2309 eliciatur.
1408 2281 1526 2309 Proinde
1538 2281 1595 2310 haec
1610 2283 1650 2310 sic
1671 2291 1718 2310 ve—

927 2318 974 2354 lim
987 2318 1090 2354 scribi:
1106 2319 1137 2354 Εἰ
1150 2319 1180 2353 δή
1194 2326 1234 2344 τοι
1247 2317 1290 2354 μὴᾼ
1301 2318 1417 2353 ὑπάρχοι
1430 2317 1459 2344 τὺ
1471 2318 1614 2354 πρότερον,
1624 2318 1717 2345 ἕποιτο

926 2353 954 2379 δὲ
971 2353 1045 2388 αὐτῷ
1057 2353 1086 2379 τὸ
1102 2353 1125 2379 δ.
1157 2353 1223 2379 «Sin
1251 2352 1327 2386 prius
1347 2352 1401 2379 nun
1431 2352 1540 2386 existat,
1550 2352 1562 2379 ί
1582 2353 1610 2380 id
1629 2358 1671 2381 est
1692 2355 1716 2381 si

927 2389 1074 2423 praemissa:
1096 2396 1151 2416 non
1177 2393 1241 2415 sunt
1264 2396 1347 2420 verae,
1362 2398 1371 2413 ι
1387 2393 1518 2423 sequatur
1538 2393 1628 2416 autem
1645 2389 1715 2416 idem

925 2424 1109 2455 secundum”
1132 2424 1158 2451 id
1179 2428 1222 2450 est
1249 2423 1271 2450 si
1296 2431 1329 2450 ex
1353 2423 1514 2458 prazmissis,
1538 2424 1602 2451 licet
1625 2423 1714 2455 falsis.

925 2459 1029 2485 oriatur
1039 2459 1189 2491 conclusio,
1200 2466 1269 2485 «non
1279 2458 1475 2486 demonstravit
1483 2459 1603 2494 quidem,
1612 2467 1717 2486 verum-

926 2497 1022 2530 tamen
1038 2494 1217 2530 syllogizavit.
1235 2495 1254 2519 ι’
1273 2494 1384 2530 Δδίιιιὶιὶει
1408 2494 1532 2529 quaedam
1563 2499 1716 2522 occurrunt

925 2529 997 2563 apud
1011 2528 1184 2557 Aristotelem
1208 2528 1317 2563 Analyt.
1333 2535 1431 2563 poster.
1444 2529 1490 2557 lib.
1512 2537 1531 2562 ι,
1542 2537 1602 2564 cap.
1621 2530 1649 2561 2,
1666 2530 1716 2557 ubi

925 2569 1070 2600 postquam
1084 2564 1328 2600 demonstrationis
1349 2565 1522 2592 conditiones
1539 2565 1610 2600 (quae
1622 2569 1723 2592 tamen.

925 2599 1017 2634 plures
1032 2604 1096 2627 sunt
1113 2607 1197 2636 quam
1208 2607 1285 2636 quas
1305 2599 1432 2636 Clemens
1454 2599 1580 2636 requirit)
1601 2608 1715 2628 enume-

927 2640 1024 2667 rasset,
1037 2635 1112 2663 addit
1126 2646 1131 2662 :
1155 2635 1336 2671 Συλλογισμὺς
1356 2635 1407 2671 μὲν
1426 2635 1479 2671 γὰρ
1493 2635 1568 2661 ἔσται
1586 2636 1632 2662 καὶ
1649 2636 1715 2662 ἄνευ

924 2671 1037 2702 τούτων,
1050 2670 1186 2707 ἀπᾴᾷειξις
1200 2670 1228 2707 δε
1242 2671 1291 2707 ουκ
1314 2670 1404 2697 ἔσται·
1417 2671 1447 2696 οὐ
1463 2670 1518 2707 γὰρ
1532 2672 1639 2707 ποιήσει
1649 2672 1715 2707 νὲπι-

926 2707 1043 2742 στήμην.
1064 2716 1073 2732 ι
1090 2706 1156 2733 Nam
1178 2706 1354 2741 syllogismus
1378 2707 1430 2733 erit
1454 2708 1553 2742 etiam,
1567 2707 1626 2742 sine
1648 2706 1712 2742 his:

924 2741 1121 2769 demonstratio
1141 2749 1205 2769 vero
1216 2749 1270 2768 non
1282 2741 1345 2774 erit,
1358 2743 1421 2776 quia
1441 2750 1494 2768 non
1515 2741 1612 2769 efficiet
1623 2741 1714 2768 scien-

924 2777 1018 2804 tiam.»

924 2847 931 2873 l
953 2812 1015 2873 l(9(3)
1037 2813 1087 2840 Ἐκ
1103 2812 1200 2847 τριῶν.
1216 2812 1295 2841 Conf.
1319 2811 1482 2841 Aristoteles
1505 2811 1532 2838 in
1550 2810 1630 2846 libris
1645 2817 1712 2844 anaq

935 2856 948 2873 ι’
965 2855 1022 2873 lClS.

934 2848 1022 2882 yticis.
