1934 3075
64 94 113 122 5ῐῖ

677 96 906 125 STBOMATUM.
926 95 990 125 LIB.
1013 95 1081 126 Vl".

1641 104 1692 135 5'18

63 153 108 180 καὶ
123 152 211 180 πάντα
223 153 325 189 μᾶλλον
339 155 355 190 ἢ
368 154 446 187 ζῶον.
466 154 550 190 ’Δλλη
561 154 589 181 δέ
603 163 645 186 τις
659 154 701 189 εῑη
715 153 762 180 τοῦ
780 153 838 186 ζώον

900 154 958 189 jam
976 153 1117 187 didiceris,
1133 154 1178 182 dic
1193 159 1298 190 aperte,
1313 155 1348 184 de
1365 164 1485 192 quonam
1497 144 1613 194 quaeras.
1644 161 1692 190 Sin

61 199 154 234 goat,"
171 199 298 234 ἐναργῶς
315 199 370 236 γὰρ
383 201 519 229 ἐδείκνυτο
534 200 580 227 τοῦ
596 200 756 236 πράγματος
767 200 849 227 αὑτοῦ

61 244 106 271 τοῦ
132 244 310 280 ζητουμένου,
333 245 404 280 λέγω
419 246 447 274 δὲ
466 246 513 274 τοῦ
530 246 650 282 ἐμϐρύου
662 246 718 281 (55)
733 247 782 282 τῆς
804 246 851 281 φύ-

61 299 137 324 σεως,
147 291 227 318 ὁποία
234 292 277 323 τίς
287 293 361 320 ἔστιν
371 301 378 308 ·
392 293 435 320 Et:
439 301 485 329 ρον
503 293 625 329 ὑπάρχον
638 293 784 328 πρόϐλημα
794 293 848 329 (36)

58 337 89 364 τὺ
104 339 167 373 περὶ
195 338 250 366 τῶν
282 339 489 375 σημαινομένων
501 340 533 373 ex
545 339 591 367 τοῦ
614 338 686 369 ζῶον
706 339 846 374 ὀνόματος.

59 385 136 418 Λέγω
150 385 249 417 τοίνυν,
267 386 293 412 εὶ
315 386 394 412 τοῦτο
407 386 496 421 λέγεις
520 386 592 417 ζῶον
607 387 637 412 τὸ
650 386 796 421 δυνάμενον
812 387 849 413 al-

60 430 203 458 σθάνεσοαί
228 441 256 458 τε
273 433 321 459 καὶ
338 432 481 468 κινηθῆναι
499 432 559 459 καθ’
578 433 676 468 ὁρμὴν,
693 432 762 464 ζῶόν
774 434 847 460 ἐστιν

57 477 105 511 οὐχ
121 477 214 509 ἁπλῶς
227 478 258 504 τὸ
273 478 431 514 κινούμενον
445 478 506 505 καθ’
521 478 608 514 ὁρμὴν
625 478 671 505 καὶ
689 478 849 514 αἰσθανόμε-

57 531 115 549 νον·
140 523 252 550 δύναται
278 524 333 560 γὰρ
354 526 400 551 καὶ
423 525 612 560 κοιμᾶσθαι,ἣ
640 524 677 560 μὴ
703 526 847 561 παρόντων

57 569 109 596 τῶν
125 569 263 605 αἰσθητῶν
278 570 315 606 μὴ
333 571 522 598 αίσθάνεσθαν
540 572 570 597 τὸ
584 571 611 597 δὲ
629 571 776 606 δυνάμενον
789 572 846 607 ἦτοι

56 616 157 650 ὁρμᾷν,
187 616 203 651 ἦ
232 617 279 643 καὶ
304 617 478 644 αἰσθάνεσθαι
512 617 652 652 πεφυκὸς,
681 617 750 649 ζὼου
781 617 847 652 γνὼ-

59 671 155 697 ρισμα,
172 663 299 690 Τοιοῦτον
321 663 374 699 γάρ
389 673 414 691 τι
426 663 588 699 σημαίνεται
604 664 636 690 ὲκ
647 663 759 695 τούτων,
777 663 847 699 πρῶ-

54 717 96 735 τον
107 709 167 745 μὲν,
177 710 239 736 εἰτὸ
251 709 398 745 κυούμενον
415 710 474 737 καθ’
490 710 577 746 ὁρμὴν
595 709 631 745 μὴ
645 709 844 746 αἱσῦἀνεσθαιῆ

55 755 187 782 κινεῖσθαι
197 755 307 784 δύναται
315 756 380 791 (57),
388 757 456 791 ὅπερ
465 756 605 791 πρόκειται
615 755 782 782 σκοπεῖσθαι·
791 756 847 782 ἓτε-

54 809 97 837 ρον
107 801 147 832 δὲ,
159 802 183 827 εἰ
195 801 225 827 τὸ
240 801 388 836 κυούμενον
400 801 541 828 αίσθέσοαι
551 801 640 836 ποτὲῆ
651 801 844 837 χινηϐἠσεσθαι

51 847 158 874 δύναται
175 846 238 874 καθ’
251 848 355 884 ὁρμὴν
372 847 432 874 καθ’
448 847 462 873 ὃ
478 848 675 883 σημαινόμενον
698 847 784 878 οὐδεὶς
799 847 845 883 gn-
860 837 880 865 Β

50 894 90 918 ’τΞῖ
103 893 228 928 ἐναργῶς
242 893 280 919 ὗν.
301 893 431 929 Ἐζήτητο
441 893 479 925 δὲ,
497 893 610 929 πότερον
624 893 692 926 ζῶόν
709 895 781 920 ἐστιν
793 894 841 931 ἤδη

50 939 80 964 τὸ
95 938 227 974 ἔμϐρυον,
252 938 268 974 ἢ
291 939 371 974 φυτὺν
395 939 450 966 ἔτι·
466 939 586 966 κᾶπειτα
615 939 770 975 μετελήφθη
791 939 839 966 τοῦ

50 983 119 1016 {meo
145 983 267 1020 τοῦνομα
286 985 326 1016 είς
352 984 440 1018 λόγον,
461 985 492 1011 ἵν’
541 985 634 1018 sapt-5;.
661 985 788 1021 Αίσθὴσει
810 985 842 1021 δὴ

51 1030 96 1056 καὶ
111 1031 218 1066 κινήσει
236 1031 269 1066 τῇ
299 1030 359 1057 καθ’
376 1031 463 1067 ὁρμὴν
481 1031 607 1067 εὑρόντες
627 1031 693 1057 αὐτὸ
716 1030 841 1066 διαφέρον

49 1076 94 1102 τοῦ
121 1077 159 1112 μὴ
182 1076 264 1109 ξώου,
287 1077 368 1103 πάλιν
391 1077 470 1104 τοῦτο
484 1077 668 1113 διωρισάμεθα
685 1077 738 1104 τῶν
754 1086 842 1113 παρα-

49 1124 182 1158 κειμένων
196 1123 271 1159 αὺτῷ
287 1124 467 1159 πραγμάτων,
490 1124 583 1160 ἕτερον
600 1124 648 1160 μὲν
666 1121 735 1151 εἶναι
752 1124 840 1159 φάμε-

48 1178 87 1196 νοι
100 1169 130 1196 τὺ
146 1169 260 1204 δυνάμει
278 1169 406 1202 τοιοῦτον,
424 1170 437 1196 ὃ
456 1171 539 1205 μήπω
564 1170 613 1205 μὲν
629 1170 702 1196 ἔστιν
721 1170 842 1197 αἰσθανό-

49 1215 126 1250 μενόν
154 1223 185 1241 τε
210 1215 258 1242 καὶ
283 1216 451 1251 κινούμενον,
481 1215 557 1242 ἔσται
580 1216 607 1242 δέ
624 1224 688 1242 ποτε
704 1215 838 1242 τοιοῦτον⁸

46 1261 140 1297 ἕτερον
163 1261 192 1288 δὲ
218 1262 249 1288 τὸ
265 1262 324 1288 κατ’
340 1262 478 1298 ἐνέργειαν
501 1262 622 1298 ὑπάρχον
641 1262 690 1297 ἤδη
703 1262 837 1289 τοιοῦτον·

46 1306 140 1333 τούτου
155 1306 186 1334 δὲ
210 1307 241 1333 τὸ
266 1307 316 1343 μὲν
334 1308 383 1343 ἤδη
399 1307 539 1344 ἐνεργοῦν,
553 1308 584 1334 τὸ
604 1308 632 1334 δὲ
654 1309 774 1344 ἐνεργεῖν
790 1309 839 1344 μὲν

45 1352 206 1388 δυνάμενον,
220 1352 356 1389 ἡσυχάζον
367 1353 394 1380 δὲ
410 1354 426 1389 ἣ
440 1353 627 1389 κοιμώμενον·
644 1353 723 1380 τοῦτο
737 1354 765 1380 δέ
780 1354 838 1381 ἐστι

45 1400 74 1426 τὺ
89 1399 267 1435 ζητούμενον.
285 1400 321 1426 Οὺ
334 1399 388 1435 γὰρ
401 1400 434 1426 ὲκ
449 1399 497 1426 τοῦ
510 1399 657 1435 τρέφεσθαι
673 1399 705 1426 τὸ
719 1399 838 1436 ἔμϐρυον

44 1444 113 1478 ζῶον
129 1443 201 1472 εἶναι
217 1445 335 1478 λεκτέον,
355 1445 369 1472 ὃ
394 1445 443 1481 τῆς
458 1446 550 1477 οὐσίας
575 1446 649 1472 ἐστὶν
668 1446 839 1482 ἀποχωρούν-

43 1499 98 1518 των
123 1491 170 1517 τοῦ
199 1491 380 1526 ζητουμένου,
406 1492 461 1522 τοῖς
485 1491 508 1518 δ’
534 1491 620 1524 ἄλλως
652 1492 836 1527 συμδεὸηκόσι

45 1538 236 1572 προσεχόντων
251 1537 296 1564 τὸν
322 1537 393 1564 νοῦν.
411 1537 496 1573 Κοινὴ
512 1537 533 1564 δ’
549 1538 595 1564 ἐπὶ
612 1538 678 1564 πᾶσι
693 1539 750 1570 τοῖς
766 1539 837 1575 εὑρί-

47 1583 158 1610 σκεσθαι
183 1583 342 1618 λεγομένοις
355 1583 483 1610 τέτακται
504 1585 521 1620 ἡ
540 1583 686 1617 ἀπόδειξις,
703 1584 763 1619 ἥτις
780 1586 837 1612 ἐστὶ

46 1629 132 1664 λόγος,
151 1630 183 1662 ἐξ
208 1629 310 1665 ἐτέρων
331 1629 424 1666 ἕτερόν
437 1638 464 1656 τι
484 1629 675 1666 πιστούμενος.
694 1630 738 1664 ἘΞ
754 1627 792 1657 ὧν
807 1631 835 1658 δὲ

45 1676 95 1711 χρὴ
109 1675 274 1702 πιστοῦσθαι
291 1675 320 1702 τὺ
336 1675 510 1712 ζητούμενον,
524 1675 712 1711 ὁμολογεῖσθαί
738 1685 768 1702 τε
789 1677 837 1703 καὶ

44 1722 225 1755 γινώσκεσθαι
249 1722 289 1748 δεῖ
314 1721 353 1758 τῷ
379 1722 547 1758 μανθάνοντι.
571 1722 654 1758 Ἀρχὴ
676 1723 706 1749 δὲ
734 1723 836 1749 τούτων

44 1769 171 1795 ἁπάντων
185 1767 246 1794 ὲστὶ
267 1768 298 1794 τὺ
325 1768 394 1804 πρὸς
409 1767 534 1804 αἴσθησίν
547 1777 577 1795 τε
591 1769 638 1795 καὶ
655 1768 747 1804 νόησιν
761 1769 837 1805 ἐναρ-

42 1814 98 1848 γές.
126 1815 159 1841 Ἦ
176 1815 228 1850 μὲν
244 1812 290 1841 οὖν
308 1814 403 1851 πρώτη
421 1815 566 1848 ἀπόδειξις,
581 1815 613 1841 ἐκ
626 1814 731 1841 τούτων
749 1815 836 1842 ἁπάν-

39 1869 94 1887 των
111 1860 270 1894 σύγκειται’
288 1861 304 1896 ἡ
320 1860 342 1886 δ’
358 1861 390 1887 ὲκ
413 1861 467 1887 τῶν
486 1861 536 1896 ἤδη
562 1860 723 1895 φθασάντων
741 1861 837 1888 ἀποδε-

39 1906 155 1942 δεῖχθαι,
175 1906 220 1933 διὰ
239 1906 320 1941 τῆσδε
339 1907 394 1942 (58)
407 1907 488 1934 πάλιν
504 1907 595 1942 ἕτερόν
613 1916 639 1933 τι
658 1908 834 1943 περαίνουσα,

39 1952 123 1988 πιστὴ
138 1953 189 1988 μὲν
203 1952 278 1979 οὐδὲν
287 1950 368 1988 ἧττόν
382 1954 439 1979 ἐστι
453 1954 502 1988 τῆς
512 1953 656 1989 προτέρας·
673 1953 703 1980 οὐ
720 1953 772 1989 μὴν
789 1954 836 1980 καὶ

39 1998 137 2034 πρώτη
157 1998 341 2034 ὀνομάζεσθαι
361 1999 483 2031 δύναται,
499 1999 566 2026 διότι
583 1999 643 2034 μηδ’
663 2000 694 2026 ὲκ
720 1999 835 2035 πρώτων

39 2045 199 2081 περαίνεται
228 2046 399 2081 προτάσεων.
417 2046 454 2072 Τὸ
482 2045 531 2081 μὲν
558 2043 604 2073 οὖν
631 2045 739 2081 πρῶτον
765 2043 835 2077 εἶδος

37 2092 89 2126 τῆς
100 2092 155 2118 τῶν
165 2092 342 2128 ζητουμένων
354 2092 495 2128 διαφορᾶς,
509 2092 591 2127 τριῶν
603 2092 697 2123 ὄντων,
711 2091 832 2127 ἐδείχθη·

37 2137 110 2171 λέγω
136 2138 166 2164 δὲ
182 2137 238 2174 (59)
262 2138 303 2170 τὸ,
320 2139 370 2174 τῆς
389 2138 485 2169 οὐσίας
503 2138 716 2173 γινωσκομένης,
735 2138 835 2172 ἀγνοεῖ-

900 204 991 228 autem
1017 201 1043 227 in
1067 201 1239 229 excutiendis
1260 203 1421 233 nominibus
1437 206 1570 239 verseris,
1587 206 1692 239 clarum

899 250 941 274 est
955 247 1028 282 quod
1052 247 1142 282 ipsum
1166 255 1267 276 nomen
1293 248 1374 283 fetus,
1391 258 1482 286 neque
1507 254 1550 279 est
1579 252 1690 287 animal,

899 301 988 328 neque
1005 294 1111 328 planta,
1130 294 1177 322 sed
1199 302 1311 327 nomen,
1325 299 1354 324 et
1369 304 1430 330 vox,
1445 300 1472 325 et
1486 305 1598 333 corpus,
1615 302 1643 326 et
1663 300 1692 329 id

898 339 971 375 quod
983 345 1034 372 cst,
1049 344 1076 368 et
1091 340 1205 375 aliquid,
1217 344 1244 368 et
1255 341 1365 376 quidvis
1379 343 1473 378 potius
1484 351 1567 379 quam
1578 345 1690 375 animal.

899 385 931 413 Et
949 387 971 414 si
988 387 1039 414 hoc
1066 388 1244 422 proposuisti,
1271 388 1358 416 babes
1386 391 1606 426 responsionem.
1636 391 1691 420 Sed

901 440 992 467 neque
1009 433 1081 467 quod
1099 433 1268 468 signiﬁcatur
1291 441 1325 462 ex
1344 436 1454 463 nomine
1473 436 1552 472 fetus,
1570 440 1614 465 est
1631 437 1691 465 ani-

901 478 955 505 mal
972 488 977 505 ι
995 479 1042 506 sed
1067 479 1132 506 illud
1148 479 1258 514 quidem
1284 483 1327 508 est
1350 485 1378 508 et
1400 481 1604 517 incorporeum,
1619 486 1648 515 ᾖ(
1662 486 1691 511 et

898 523 1043 551 dicendum
1057 529 1099 551 cst
1119 525 1189 552 idem
1204 528 1231 552 et
1255 533 1311 552 rem
1329 530 1356 553 et
1365 527 1525 562 cogitatum,
1540 532 1566 555 et
1580 528 1689 562 quidvis

898 571 990 606 potius
1007 579 1089 606 quam
1111 571 1222 599 animal.
1233 571 1290 598 Erit
1307 575 1397 600 autem
1413 574 1538 608 quaedam
1557 575 1612 601 alia
1636 582 1687 602 na-

898 621 958 644 tura
976 617 1113 645 animalis.
1136 617 1237 652 Aperte
1262 618 1335 645 enim
1362 623 1503 647 ostensum
1531 624 1584 652 est,
1600 621 1634 648 de
1657 628 1688 649 re

897 663 956 698 ipsa
978 663 1012 691 de
1036 672 1090 699 qua
1112 664 1256 699 qumritur,
1272 669 1382 697 natura,
1397 666 1520 700 inquam,
1546 667 1616 695 fctus
1636 668 1685 704 qui

896 713 938 736 est
952 710 978 736 in
993 713 1082 742 utero,
1102 711 1255 744 cujusmodi
1270 718 1301 737 ca
1318 711 1364 738 sit.
1380 711 1439 738 Alia
1456 715 1497 739 est
1510 721 1570 748 qua:
1584 722 1687 749 propo-

896 755 972 781 nitur
985 755 1102 789 quastio
1115 755 1149 782 de
1162 755 1322 790 signiﬁcatis
1337 755 1419 790 hujus
1437 757 1556 784 nominis
1572 761 1681 787 animal.

898 799 963 827 Dico
974 809 1049 836 ergo,
1063 802 1085 828 si
1104 801 1155 828 hoc
1181 801 1249 828 dicis
1264 802 1365 828 animal
1382 802 1454 837 quod
1474 806 1564 837 potest
1582 805 1686 832 sentire

895 849 920 872 ct
936 846 1038 872 moveri
1052 854 1086 872 t-x
1105 846 1281 881 appetitione,
1299 845 1326 873 id
1351 847 1454 875 animal
1475 850 1517 874 est
1541 856 1594 874 non
1610 849 1684 883 quod

894 891 1056 926 simpliciter
1071 899 1102 920 ex
1121 893 1288 928 appetitione
1301 897 1426 920 movetur
1446 899 1475 920 et
1502 895 1596 927 sentit,
1620 903 1683 922 nam

893 940 982 973 potest
997 938 1077 964 etiam
1095 938 1225 970 dormire,
1243 942 1291 965 aut
1314 938 1338 965 si
1357 945 1411 965 non
1442 938 1535 965 adsint
1559 939 1682 972 sensilia,

893 991 948 1010 non
972 984 1084 1011 sentire.
1102 983 1179 1016 Quod
1193 988 1283 1011 autem
1295 988 1385 1019 potest
1401 985 1443 1012 vel
1459 985 1561 1019 impelli
1576 985 1683 1020 appeti-

892 1032 976 1061 tione,
988 1030 1029 1056 vel
1041 1029 1124 1057 etiam
1139 1031 1251 1062 sentire,
1263 1033 1304 1057 est
1320 1038 1335 1056 a
1353 1035 1449 1058 natura
1469 1031 1563 1058 datum
1573 1032 1683 1066 signum

892 1084 947 1112 quo
966 1077 1066 1103 animal
1081 1077 1269 1111 cognoscitur.
1286 1077 1353 1104 Tale
1370 1078 1434 1113 quid
1450 1079 1522 1105 enim
1537 1086 1569 1105 ex
1583 1078 1626 1107 his
1644 1079 1683 1106 si-

891 1122 1046 1157 gniﬁcatur.
1065 1122 1186 1149 Primum
1208 1122 1328 1157 quidem,
1345 1130 1378 1150 an
1401 1123 1472 1151 fetus
1487 1123 1532 1159 qui
1556 1124 1583 1151 in
1596 1128 1677 1152 utero

891 1170 1024 1202 gestatur,
1048 1175 1082 1194 ex
1106 1167 1274 1202 appetitione
1298 1175 1353 1194 non
1379 1168 1485 1195 sentire
1507 1171 1555 1194 aut
1579 1169 1682 1197 moveri

889 1214 989 1248 possit,
1015 1213 1088 1248 quod
1108 1213 1219 1248 quidem
1242 1214 1404 1248 proponitur
1427 1214 1679 1241 considerandum:

890 1259 1006 1286 alterum
1021 1262 1123 1291 autem,
1137 1267 1172 1285 an
1198 1258 1270 1285 fetus
1283 1259 1329 1293 qui
1341 1264 1465 1294 gestator
1477 1260 1504 1286 in
1521 1263 1610 1292 utero,
1631 1260 1682 1287 ali-

890 1307 1000 1343 quando
1021 1306 1124 1334 sentire
1138 1309 1185 1332 aut
1198 1306 1302 1333 moveri
1323 1309 1414 1341 potest
1431 1314 1463 1334 ex
1486 1307 1655 1342 appetitione
1671 1315 1678 1333 :

889 1355 918 1382 in
936 1363 991 1390 quo
1008 1355 1162 1390 signiﬁcato
1184 1360 1264 1381 nemo
1287 1355 1395 1389 quierit,
1413 1362 1474 1382 cum
1498 1355 1535 1381 sit
1556 1353 1679 1382 evidens.

889 1400 1038 1434 Quaesitum
1059 1404 1149 1427 autem
1168 1401 1266 1433 fuerat,
1280 1403 1372 1426 utrum
1397 1399 1468 1426 fctus
1485 1399 1543 1434 jam
1566 1399 1603 1426 sit
1620 1399 1681 1426 ani-

889 1447 955 1478 mal,
966 1455 1000 1474 an
1018 1447 1099 1474 etiam
1113 1447 1203 1474 adhuc
1217 1447 1308 1481 planta
1322 1445 1438 1479 ;deinde
1447 1453 1545 1473 nomen
1554 1445 1680 1473 animalis

889 1493 1047 1520 traductum
1068 1497 1110 1520 est
1135 1493 1169 1520 ad
1197 1493 1395 1524 deﬁnitionem,
1414 1494 1443 1518 ut
1465 1495 1538 1519 esset
1563 1491 1680 1519 manife-

886 1543 970 1566 stum.
987 1539 1054 1567 Cum
1069 1543 1159 1566 autem
1176 1547 1208 1566 ex
1228 1546 1312 1566 sensu
1328 1541 1355 1565 et
1370 1543 1446 1564 motu
1463 1537 1619 1572 appetendi,
1636 1537 1680 1564 in-

885 1586 1056 1613 venissemus
1072 1585 1161 1620 ipsum
1176 1584 1286 1612 diﬁ‘erre
1304 1592 1319 1611 a
1331 1592 1386 1611 non
1402 1583 1525 1615 animali,
1542 1582 1570 1609 id
1581 1590 1678 1611 rursus

887 1632 1067 1660 distinximus
1095 1640 1110 1659 a
1131 1632 1214 1659 rebus
1239 1631 1262 1659 ei
1290 1630 1447 1665 adiunctis,
1463 1629 1585 1657 dicentes
1605 1628 1679 1655 aliud

886 1678 998 1715 quidem
1013 1685 1075 1706 esse
1090 1678 1117 1705 id
1134 1678 1207 1713 quod
1225 1681 1363 1713 potestate
1380 1681 1422 1704 est
1441 1676 1506 1708 tale,
1521 1674 1594 1710 quod
1608 1682 1678 1702 non—

885 1725 950 1752 dum
965 1725 1077 1760 quidem
1096 1725 1181 1752 sentit
1196 1729 1222 1751 ct
1235 1727 1369 1756 movetur,
1384 1722 1437 1750 erit
1450 1725 1540 1750 autem
1553 1721 1679 1756 aliquan-

885 1770 985 1798 dotale
1000 1781 1006 1798 :
1023 1771 1138 1798 alterum
1157 1775 1258 1802 autem,
1276 1770 1349 1805 quod
1379 1773 1443 1796 actu
1462 1769 1518 1803 jam
1545 1771 1586 1795 est
1611 1767 1676 1796 tale.

885 1815 972 1851 Hujus
988 1820 1077 1844 autem
1096 1820 1137 1844 est
1149 1816 1223 1843 aliud
1238 1816 1346 1851 quidem
1363 1814 1436 1850 quod
1453 1814 1509 1849 jam
1525 1814 1589 1849 agit,
1604 1813 1678 1840 aliud

886 1867 987 1895 autem,
1004 1863 1075 1898 quod
1098 1871 1178 1898 agere
1194 1862 1304 1897 quidem
1324 1865 1425 1896 potest,
1438 1860 1557 1895 quiescit
1585 1862 1676 1886 autern

885 1910 927 1936 vel
942 1909 1043 1936 dormit
1057 1917 1064 1935 :
1080 1910 1133 1936 hoc
1147 1913 1190 1937 est
1212 1912 1302 1936 autem
1320 1908 1346 1935 id
1361 1907 1434 1943 quod
1451 1906 1592 1941 quaeritur.
1610 1905 1671 1932 Non

885 1954 956 1981 enim
976 1961 1009 1981 ex
1024 1961 1057 1981 eo
1074 1953 1147 1988 quod
1172 1954 1261 1980 alatur
1288 1952 1370 1984 fetus,
1384 1951 1529 1979 dicendum
1548 1953 1590 1978 est
1614 1957 1677 1977 esse

885 2001 997 2032 animal,
1014 2000 1085 2036 quod
1115 2000 1225 2035 quidem
1244 2003 1287 2026 est
1314 2007 1409 2026 eorum
1425 1998 1470 2033 qui
1497 1998 1629 2024 recedunt
1639 1996 1675 2024 ab

885 2046 1016 2077 essentia,
1036 2046 1069 2073 iis
1085 2048 1175 2072 autem
1190 2052 1251 2080 qua:
1267 2045 1368 2080 alioqui
1395 2043 1524 2071 accidunt
1555 2047 1674 2071 mentem

885 2093 1024 2121 adhibent.
1051 2092 1080 2119 ln
1106 2092 1235 2119 omnibus
1258 2095 1348 2118 autem
1366 2098 1426 2126 quae
1442 2090 1572 2117 dicuntur
1599 2089 1675 2116 inve-

886 2139 951 2170 niri,
974 2138 1066 2173 posita
1080 2142 1122 2166 est
1137 2137 1349 2169 demonstratio,
1362 2143 1422 2171 qua:
1437 2136 1545 2170 quidem
1562 2137 1603 2162 est
1614 2141 1676 2161 ora—

38 2183 102 2210 σθαί
129 2192 156 2210 τι
186 2184 242 2210 τῶν
269 2183 358 2220 ἔργων
372 2184 389 2219 ἣ
406 2183 501 2210 παθῶν
518 2184 614 2219 αὐτῆς·
631 2183 745 2219 δευτέρα
761 2183 782 2209 δ’
797 2181 831 2218 ἦν

891 2185 933 2216 Lio,
951 2192 1013 2219 qua:
1030 2184 1127 2219 probat
1142 2183 1216 2210 aliud
1237 2190 1269 2210 ex
1285 2182 1357 2210 aliis.
1373 2181 1410 2208 Ea
1422 2185 1513 2208 autem
1527 2188 1560 2207 ex
1575 2179 1676 2215 quibus

36 2228 156 2265 διαφορᾶ
172 2229 385 2265 προὸλημάτων,
401 2231 442 2264 ἐφ’
454 2227 484 2257 οὗ
504 2229 538 2256 τὰ
559 2230 607 2264 μὲν
620 2229 688 2264 ἔργα
700 2230 747 2256 καὶ
761 2229 832 2266 πάθη

36 2274 211 2310 γινώσκομεν
220 2274 351 2306 ἅπαντες,
367 2274 518 2309 ἀγνοοῦμεν
536 2274 564 2301 δὲ
579 2274 627 2310 τὴν
642 2275 752 2301 οὐσίαν·
764 2273 831 2307 οἷον,

35 2320 66 2346 ὲν
83 2320 140 2347 τίνι
157 2320 212 2356 (40)
229 2320 278 2347 τοῦ
297 2321 423 2356 σώματος
437 2320 524 2357 μορίῳ
543 2321 573 2347 τὸ
588 2321 751 2356 ἡγεμονικόν
770 2322 828 2348 ἐστι

34 2366 87 2402 τῆς
107 2367 200 2403 ψυχῆς
214 2366 283 2403 (“l-

73 2490 104 2520 ιῖ(
119 2487 154 2515 Ρ.
172 2487 226 2516 912
245 2487 300 2514 ΕΙ).
318 2487 469 2521 POTTEB,
488 2487 539 2515 776
557 2487 613 2515 ΕΙ).
634 2486 744 2515 PARIS.

71 2566 130 2602 (55)
152 2566 207 2594 Τοῦ
223 2566 364 2601 ὲμϐρύου.
380 2565 426 2602 Τῷ
440 2566 553 2602 ἑμϐρύῳ
573 2573 625 2594 ms.
641 2565 730 2602 Paris.

70 2601 131 2636 {56)
148 2602 272 2635 Ἕτερον
301 2602 438 2636 ὑπάρχον
460 2601 635 2636 πρόϐλημα,
667 2601 729 2629 Ηωε
762 2608 826 2628 cum

33 2637 228 2671 superioribus
243 2637 431 2664 connectenda
445 2641 532 2671 erant,
543 2637 614 2671 quod
633 2644 688 2664 non
703 2636 828 2664 animad—

33 2673 118 2700 vertit
134 2672 284 2707 interpres.
304 2671 408 2700 Sensus
422 2680 450 2699 n.
466 2675 519 2702 est,
535 2673 716 2707 quaestionem
735 2671 768 2698 de
780 2679 828 2698 va-

32 2709 83 2734 riis
98 2707 265 2742 signiﬁcatis
279 2708 355 2736 vocis
367 2707 435 2739 ζῶον
462 2707 620 2734 distinctam
642 2710 754 2735 omnino
767 2714 828 2734 esse

32 2743 67 2778 ab
86 2741 148 2772 illa.
166 2750 222 2778 qua
243 2743 278 2771 de
299 2747 398 2770 natura
422 2742 560 2775 animalis,
585 2742 612 2770 in
630 2750 686 2778 quo
703 2742 756 2770 sita
780 2741 825 2774 sit,

31 2777 219 2812 disceptatur.
239 2778 353 2806 Lowrn.

69 2811 127 2848 (37)
149 2814 219 2840 Καθ’
241 2813 339 2848 ὁρμὴν
354 2813 397 2848 μὴ
421 2813 617 2840 αἰσθάνεσθαι
633 2812 652 2845 ἣ
680 2811 827 2848 κινεῖσθαι

30 2847 169 2876 δύναται.
188 2847 370 2877 Scribcndum
387 2859 392 2876 :
403 2849 449 2885 Μὴ
459 2848 569 2876 αίσοάνε
574 2847 658 2883 σϐαιῆ
668 2848 729 2874 καθ’
739 2847 826 2882 ὁρμὴν

887 2229 1020 2265 probatur
1037 2229 1063 2256 id
1078 2228 1151 2264 quod
1164 2228 1305 2263 quaaritur,
1325 2230 1433 2262 oportet
1448 2233 1510 2253 eum
1529 2225 1575 2260 qui
1594 2224 1675 2252 discit

887 2274 1011 2302 conﬁteri
1025 2278 1053 2302 et
1068 2282 1246 2310 cognoscere.
1263 2273 1368 2301 Horum
1382 2276 1472 2300 autem
1495 2271 1618 2298 omnium
1632 2273 1675 2297 est

883 2321 1060 2357 principium,
1073 2321 1101 2348 id
1116 2321 1188 2356 quod
1203 2324 1245 2348 est
1257 2320 1372 2348 evidens
1382 2326 1467 2347 sensu
1481 2321 1509 2346 et
1523 2317 1675 2351 intelligen~

885 2368 934 2395 tia.
951 2368 1041 2403 Atque
1063 2368 1150 2403 prima
1166 2367 1277 2403 quidem
1303 2365 1503 2394 demonstratio
1518 2367 1626 2393 constat
1642 2369 1675 2390 ex

880 2564 1013 2593 κινεῖσθαι
1022 2564 1148 2591 δύναται·
1165 2571 1174 2588 ι
1183 2570 1239 2590 non
1253 2566 1343 2598 potest
1357 2562 1469 2594 sentire,
1480 2567 1526 2590 aut
1534 2563 1675 2598 appetitio-

881 2609 916 2628 ne
926 2600 1055 2628 moveri.»
1069 2599 1114 2626 Sic
1124 2600 1206 2634 paulo
1215 2602 1279 2625 ante
1291 2607 1298 2625 :
1312 2598 1536 2634 Δίσθᾴνεσθαίντε
1547 2599 1594 2626 καὶ
1602 2607 1675 2634 κινη-

881 2636 960 2671 θῆναι
986 2635 1047 2671 καθ’
1072 2632 1178 2671 ὁρμὴν·
1198 2637 1225 2661 et
1241 2633 1334 2671 statim
1352 2641 1359 2659 :
1374 2632 1404 2671 τὸ
1430 2633 1673 2671 σεινούμενονοιαί)Ι

880 2668 979 2732 aginavi,
991 2670 1039 2697 καὶ
1055 2668 1262 2704 αἰσθανόμενον.
1280 2668 1463 2704 Οεὶηεὸρμᾷν
1480 2669 1496 2704 ἢ
1514 2668 1561 2696 καὶ
1579 2668 1671 2696 αἰσθά-

881 2714 927 2732 νεσ
946 2715 983 2732 αι.

919 2752 976 2786 (58)
986 2751 1038 2779 Διὰ
1052 2751 1157 2786 τῆσδε.
1174 2750 1272 2778 Melius
1288 2751 1425 2786 legeretur
1433 2749 1487 2776 τῶν
1501 2749 1541 2776 δέ.
1556 2749 1671 2775 Low'rrr.

916 2799 972 2834 (59)
990 2798 1072 2834 Λέγω
1090 2797 1142 2834 et.
1167 2796 1277 2834 Repetit
1306 2803 1368 2832 qua:
1397 2796 1524 2831 superius
1551 2794 1670 2827 dixerat,

880 2842 906 2870 p.
927 2834 989 2867 775,
1010 2833 1075 2862 edit.
1088 2833 1177 2862 Paris.
