1934 3075
70 155 124 184 581

701 157 917 187 STROMATUM
938 159 999 189 LIB.
1021 161 1087 189 Vlll.

1652 167 1705 196 582

62 215 122 242 εἴτε
138 216 250 242 πιστέον
259 217 341 253 αὐτῇ,
358 218 412 244 εἴτε
436 218 482 245 καὶ
496 219 543 254 μή.
563 219 621 245 Ἔτι
645 220 669 246 εὶ
694 219 772 246 τοῦτο
794 220 844 246 αὐτ

913 221 1030 248 sionem.
1053 221 1195 254 Quomodo
1223 222 1389 257 respondeat
1412 223 1492 251 etiam
1513 224 1545 251 ad
1560 227 1704 260 rogatum?

63 261 126 287 ἐστι
141 261 173 288 τὺ
184 261 286 297 ἀληθὲς
299 263 330 289 τὸ
344 264 381 299 μὴ
392 265 489 292 εἰδέναι
506 264 536 291 τὸ
554 265 661 300 ἀληθὲς,
681 265 739 292 οὐδὲ
751 266 800 301 τὴν
812 266 861 301 ἀρ-

62 306 118 341 χὴν
132 306 267 342 ἀληθέςτι
283 310 348 344 παρ’
368 310 472 337 ἐκείνου
496 310 605 337 δίδοται.
627 312 658 337 Et
673 311 700 338 δὲ
714 312 761 338 καὶ
782 311 861 338 τοῦτο

62 352 313 388 ἀμφισϐητήσιμον
341 355 409 390 ἐρεῖ,
424 355 455 382 τὸ
470 357 575 390 ἀγνοεῖν
596 356 721 392 τάληθὲς,
736 357 765 383 ὲν
786 357 860 392 αὐτῷ

62 398 157 433 τούτῳ
175 399 282 426 δίδωσιν
312 398 381 428 εἶναι
395 402 426 427 τὸ
449 402 548 437 ἀληθὲς
569 402 717 438 γνώριμον,
733 403 762 429 ὲν
776 400 797 436 ᾧ
810 403 860 438 τὴν

63 444 133 479 περὶ
150 445 232 471 αὑτοῦ
247 446 350 482 ἐποχὴν
366 448 490 481 φαίνεται
502 448 538 483 μὴ
554 448 669 483 βεϐαιῶν
694 448 760 483 (49).
782 449 813 474 Et
831 448 860 474 δὲ

62 490 175 525 αἵρεσίς
188 490 245 526 (50)
259 492 317 517 ἐστι
332 493 491 528 πρόσκλισις
506 493 659 528 δογμάτων,
680 494 708 529 ἦ,
725 494 762 525 ὣς
776 502 857 525 τινες,

61 534 229 569 πρόσκλισις
241 536 355 571 δόγμασι
366 537 472 568 πολλοῖς
488 538 647 565 ἀκολουθίαν
668 538 736 574 πρὸς
755 539 858 574 ἄλληλα

61 580 113 606 καὶ
130 580 166 607 τὰ
181 581 330 616 φαινόμενα
355 584 519 618 περιέχουσα
537 584 602 620 (Si),
626 585 694 620 πρὸς
710 585 740 611 τὸ
763 583 791 611 εὖ
808 585 857 620 ζῇν

62 627 252 654 συντείνουσα·
276 630 323 655 καὶ
345 630 375 656 τὸ
399 631 447 665 μὲν
462 630 548 665 δόγμα
570 632 629 657 ἐστὶ
652 631 803 666 κατάληψίς
816 641 858 663 τις

59 673 172 709 λογική·
189 675 339 709 κατάληψις
357 675 385 701 δὲ
400 676 454 709 ἕξις
471 677 516 703 καὶ
531 677 727 711 συγκατάθεσις
737 679 786 712 τῆς
800 678 857 704 δια-

58 720 151 751 νοίας·
167 721 198 746 οὐ
216 721 296 755 μόνον
314 721 338 747 οἱ
353 722 490 756 ἐφεκτικοὶ
505 723 572 759 (5‘2),
588 723 655 750 ἀλλὰ
670 724 716 750 καὶ
732 725 785 754 πᾶς
795 723 857 758 δογ-

61 766 183 800 ματικὺς
199 767 226 793 ἔν
243 776 313 794 τισιν
328 769 436 803 ἐπέχειν
449 769 553 798 εἴωθεν.
575 770 633 804 ἦτοι
655 770 731 805 παρὰ
744 770 857 804 γνώμης

57 811 218 843 ἀσθένειαν,
247 813 263 848 ἦ
287 814 363 849 παρὰ
390 814 560 850 πραγμάτων
576 815 719 850 ἀσάφειαν,
747 815 854 851 ἢπαρὰ

56 858 110 893 τὴν
122 858 178 885 τῶν
195 858 281 893 λόγων
298 860 459 887 ἰσοσθενιαν.

912 273 975 292 nam
990 267 1094 294 clarum
1106 272 1147 295 est
1161 275 1221 295 eum
1234 268 1267 296 de
1283 270 1335 296 hoc
1345 277 1399 296 non
1414 270 1551 297 sustinere
1566 271 1705 299 assensio.

912 319 984 338 nem.
1011 312 1094 347 Atqui
1115 321 1144 340 se
1159 314 1297 342 sustinere
1319 315 1507 342 assensionem
1533 317 1702 351 pronuntiat.

911 355 988 389 Quod
1006 357 1145 392 sequendo
1160 358 1183 385 si
1199 363 1323 394 oporteat
1348 367 1399 388 nos
1422 360 1456 387 de
1477 361 1559 388 rebus
1575 362 1703 390 omnibus

916 402 1053 430 sustinere
1071 404 1268 437 assensioncm,
1285 404 1319 432 de
1333 405 1392 440 ipsa
1409 406 1577 434 assensionis
1592 411 1703 434 susten-

910 447 983 475 tione
1009 449 1197 476 asseusionem
1220 451 1337 484 primum
1362 452 1569 483 sustinebimus,
1590 453 1661 480 sitne
1676 453 1702 480 ei

909 493 1085 526 credendum,
1106 503 1139 521 an
1156 503 1219 522 non.
1239 495 1372 524 Praeterea
1388 497 1411 524 si
1431 497 1483 524 hoc
1498 498 1586 532 ipsum
1602 507 1698 526 verum

908 541 961 568 est,
974 538 1045 572 quod
1059 546 1151 566 verum
1164 540 1314 574 nesciatnr,
1323 548 1410 576 neque
1423 542 1535 569 omnino
1546 542 1603 569 veri
1619 543 1701 578 quid-

912 591 994 618 quam
1011 584 1101 612 abillo
1112 585 1207 612 datur:
1224 586 1246 613 si
1263 591 1351 614 autem
1370 587 1403 615 de
1417 587 1470 614 hoc
1498 596 1607 623 quoque
1627 589 1700 616 dicet

912 629 1033 657 dubitari
1049 639 1140 665 posse,
1157 639 1191 658 an
1209 635 1237 663 ᾖ
1250 640 1344 660 verum
1361 633 1510 668 ignoretur,
1531 642 1564 662 eo
1578 635 1637 670 ipso
1652 636 1699 663 dat

908 683 1000 702 verum
1015 677 1145 711 cognosci
1159 685 1249 712 posse,
1265 678 1337 712 quod
1351 686 1428 705 suam
1437 678 1472 706 de
1486 679 1547 713 ipso
1559 681 1699 708 assensio—

907 721 951 748 nis
964 722 1166 749 sustentionem
1184 722 1309 749 videatur
1326 731 1379 749 non
1397 724 1569 752 conﬁrmare.
1581 725 1659 758 Quod
1674 726 1697 753 si

907 763 1020 794 haeresis
1041 773 1082 794 est
1096 768 1253 802 dogmatum
1279 768 1432 802 inclinatio,
1457 774 1513 801 aut,
1538 774 1568 797 ut
1583 772 1696 806 quidam

906 813 1010 844 dicunt,
1028 813 1170 839 inclinatio
1189 820 1249 848 quae
1273 813 1366 840 multis
1393 813 1568 848 dogmatibus
1593 816 1697 850 prabet

906 860 1130 895 consequentiam
1144 860 1215 887 inter
1230 867 1259 887 se
1269 863 1296 887 et
1309 867 1340 887 ea
1353 868 1413 895 qua:
1425 866 1566 896 apparent,
1581 861 1696 889 tendens

55 903 93 930 ad
106 909 185 932 recte
202 906 364 934 vivendum:
384 911 411 934 et
426 907 522 942 dogma
537 912 579 935 est
600 910 723 943 quredam
737 916 797 943 qua:
821 907 849 934 ﬁt
869 907 975 934 ratione
986 906 1212 941 comprehensio:
1230 906 1439 941 comprehensio
1454 913 1544 935 autem
1577 913 1618 936 est
1648 908 1697 935 ha-

56 950 135 978 bitus
151 955 178 978 et
192 952 316 979 assensio
329 953 430 980 animi:
447 961 500 980 non
518 954 605 981 solum
621 954 768 989 epltcclici.
799 953 845 980 sed
865 953 947 980 etiam
962 952 1077 987 quilibet
1104 951 1286 987 dogmaticus,
1310 952 1338 979 in
1353 953 1492 981 nonnullis
1524 953 1593 981 solet
1611 954 1696 980 susti-

54 1003 125 1023 nere
142 997 342 1031 assensionem,
363 1003 409 1026 aut
433 1004 545 1034 propter
560 1001 659 1028 mentis
674 1000 900 1032 imbecillitatem,
915 1002 963 1027 aut
979 1006 1071 1026 rerum
1096 999 1305 1032 obscuritatem,
1336 1004 1382 1026 aut
1411 1000 1484 1028 vires
1514 1001 1633 1035 aequales
1650 1007 1695 1026 ra-

53 1043 177 1070 tionum.

797 1099 912 1129 CAPUT
933 1097 978 1125 Vl.

308 1156 348 1184 De
360 1166 462 1192 genere,
475 1159 607 1193 speciebus
622 1164 647 1186 et
660 1158 828 1194 differentiis,
841 1157 936 1192 etquis
956 1157 991 1183 sit
1008 1163 1100 1183 eorum
1115 1163 1178 1182 usus
1191 1155 1218 1182 in
1233 1155 1431 1190 definitionibus

89 1212 126 1239 Al
148 1211 204 1238 τῶν
223 1212 373 1254 ζητῄσεων
383 1215 440 1254 _(5_5)
460 1214 622 1254 ἔφοδοικαὶ
638 1217 727 1254 ἀρχαὶ
748 1216 813 1251 περὶ

234 1250 328 1275 ταῦτα
342 1250 390 1276 καὶ
404 1251 438 1276 ἐν
455 1251 571 1285 τούτοις
582 1252 671 1278 εἰσιν.

91 1292 266 1328 Προτακτέον
279 1294 310 1329 δὴ
324 1296 370 1321 καί
383 1295 437 1322 τῶν
451 1297 533 1331 ὅρων,
549 1297 596 1323 καὶ
610 1297 663 1323 τῶν
673 1296 846 1330 ἀποδείξεων,

51 1345 72 1363 κ
84 1337 104 1363 ιὶ
119 1337 291 1374 διαιρέσεων,
307 1341 433 1375 ποσαχῶς
449 1340 556 1375 λέγεται
566 1341 596 1368 τὸ
615 1342 791 1377 ζητούμενον*
814 1343 849 1369 τά

52 1392 84 1409 τε
99 1383 235 1420 ὁμώνυμα
251 1387 399 1421 χειριστὲον
412 1387 478 1422 (54),
492 1388 582 1414 καὶτὰ
597 1388 742 1423 συνώνυμα
757 1389 849 1424 εὐκρι-

52 1429 109 1461 νῦς
124 1431 240 1458 τακτέον
257 1432 327 1458 κατὰ
349 1433 399 1464 τὰς
423 1434 569 1468 σημασίας·
586 1434 680 1460 ἔπειτα
707 1435 847 1470 ζητητέον,

52 1477 78 1501 εἱ
91 1476 148 1503 τῶν
163 1476 232 1511 πρὸς
244 1477 325 1513 ἕτερα
339 1477 532 1514 Θεωρουμὲνων
547 1480 606 1506 ἐστὶ
615 1480 645 1506 τὸ
657 1481 846 1515 προκείμενον,

52 1521 69 1556 ἦ
87 1522 149 1548 καθ’
162 1521 230 1549 αὐτὸ
240 1522 416 1558 λαμϐάνεται·
431 1525 477 1551 ἐπὶ
491 1525 604 1557 τούτοις,
618 1527 641 1552 εἰ
655 1525 721 1556 ἔστι,
736 1525 762 1551 τί
777 1527 845 1556 ἐστι,

52 1568 80 1593 τί
106 1568 184 1603 αὐτῷ
205 1570 386 1606 συμϐέϐηκεν⁸
407 1570 422 1606 ἢ
438 1572 483 1598 καὶ
501 1571 597 1603 οὕτως,
615 1573 638 1598 εἰ
652 1571 721 1603 ἐστι,
736 1572 762 1598 τί
777 1573 845 1604 ἔστι,

51 1613 122 1640 Exin
137 1614 206 1641 ἐστὶ.
223 1615 294 1650 Πρὸς
318 1617 346 1643 δὲ
360 1618 408 1653 τὴν
428 1618 529 1645 τούτων
545 1618 662 1653 Θεωρίαν
683 1618 699 1652 ὴ
715 1617 768 1645 τῶν
784 1617 845 1644 καθ’

50 1656 160 1683 Esau-ta
176 1659 276 1692 γνῶσις
290 1661 361 1696 καὶὴ
375 1661 428 1688 τῶν
441 1663 554 1688 καθόλου
572 1662 767 1689 συνυποΰάλλει
776 1662 843 1698 (ὃὸ),

51 1703 151 1729 καὶτὰ
168 1704 299 1741 πρότερα,
327 1707 373 1733 καὶ
387 1706 422 1733 τὰ
450 1707 496 1733 ἐπ)⁸
520 1707 569 1739 τὰς
584 1707 724 1742 διαφορὰς,
750 1708 796 1734 καὶ
816 1708 844 1733 αἱ

51 1748 203 1784 διαιρέσεις
216 1751 313 1779 αὐτῶν.
328 1753 360 1778 ῚΙ
378 1753 427 1788 μὲν
442 1751 488 1780 οὖν
500 1753 629 1788 ἐπαγωγὴ
645 1753 699 1788 (56)
724 1754 801 1789 φέρει
814 1753 845 1779 τὺ

52 1794 172 1821 καθόλου
184 1795 286 1822 καὶτὸν
304 1797 424 1832 ὁρισμόν·
441 1799 468 1824 αἱ
480 1798 508 1824 δὲ
518 1798 663 1834 διαιρέσεις
675 1798 709 1825 τὰ
726 1798 782 1833 εἴδη
797 1799 843 1825 καὶ

50 1840 84 1865 τὶ
97 1841 125 1866 τί
140 1838 175 1876 ἦν
189 1839 257 1868 εἶναι
278 1842 334 1878 (57)
356 1844 404 1870 καὶ
419 1844 448 1870 τὸ
463 1844 572 1879 ἄτομον·
591 1845 608 1880 ἡ
625 1845 653 1871 δὲ
671 1844 771 1880 Θεωρία
795 1845 842 1871 τοῦ

864 1222 886 1250 Β
901 1214 1083 1247 Qmestionum
1095 1213 1287 1250 insinuatioues
1300 1218 1325 1240 et
1337 1213 1466 1247 principia
1481 1213 1553 1240 circa
1563 1214 1618 1242 lucc
1626 1220 1650 1242 et
1665 1216 1691 1242 in

1229 1248 1270 1275 Itis
1289 1253 1361 1275 sunt.

934 1295 1005 1322 Ante
1020 1294 1193 1322 deﬁnitiones
1208 1298 1310 1327 autem,
1328 1294 1589 1325 demonstrationes.
1607 1300 1634 1323 et
1648 1296 1690 1323 di—

899 1342 1028 1374 visiones,
1044 1341 1120 1375 prius
1136 1340 1291 1375 ponendum
1313 1345 1356 1368 est
1377 1344 1444 1375 quot
1467 1341 1556 1368 modis
1580 1341 1690 1369 dicatur

899 1387 936 1420 id,
955 1387 1026 1421 quod
1042 1387 1190 1421 quaeritur:
1207 1392 1234 1413 et
1255 1387 1398 1413 tractanda
1426 1390 1490 1414 sunt
1512 1387 1687 1422 homonyma,

898 1436 926 1460 et
947 1440 1096 1468 synonyma
1109 1436 1171 1460 sunt
1188 1439 1248 1467 apte
1265 1436 1293 1458 et
1307 1431 1437 1459 distincte
1451 1432 1577 1467 ponenda
1588 1440 1687 1460 secun-

898 1477 962 1504 dum
979 1485 1043 1505 suas
1059 1478 1282 1513 signiﬁcationes.
1295 1476 1398 1504 Deinde
1407 1476 1583 1512 quaarendum
1596 1482 1638 1505 est
1652 1485 1686 1505 an

897 1530 931 1550 ex
946 1523 990 1554 iis,
1015 1531 1075 1558 quae
1092 1523 1313 1554 considerantur,
1331 1526 1361 1549 ut
1377 1523 1462 1550 relata
1478 1522 1512 1549 ad
1526 1523 1588 1555 alia,
1609 1523 1645 1551 sit
1660 1523 1687 1551 id

897 1567 968 1602 quod
986 1567 1157 1602 proponitur,
1167 1575 1201 1594 an
1211 1575 1259 1601 per
1267 1568 1386 1602 seipsum
1397 1570 1530 1594 sumatur.
1542 1567 1608 1596 Post
1618 1568 1685 1600 haec,

897 1621 930 1640 an
946 1614 992 1646 sit,
1008 1614 1074 1649 quid
1093 1614 1139 1645 sit,
1156 1613 1220 1649 quid
1233 1614 1257 1641 ei
1272 1614 1395 1640 accidat:
1419 1619 1467 1640 aut
1484 1615 1524 1642 sic
1543 1615 1638 1647 etiam,
1651 1623 1686 1643 an

896 1659 942 1691 sit,
958 1660 1023 1694 quid
1038 1660 1083 1692 sit,
1099 1663 1210 1695 propter
1225 1659 1290 1694 quid
1314 1660 1358 1687 sit.
1375 1659 1415 1686 Ad
1433 1660 1491 1687 hzec
1508 1665 1598 1687 autem
1612 1668 1681 1688 cor.-

895 1706 1049 1740 templanda
1066 1705 1172 1733 confert
1183 1705 1354 1740 singulorum
1371 1705 1490 1740 cognitio
1504 1709 1532 1733 et
1544 1706 1686 1734 universo-

895 1758 967 1784 rum,
987 1757 1013 1779 et
1024 1759 1054 1778 ea
1070 1757 1130 1786 qua:
1142 1756 1206 1779 sunt
1220 1752 1321 1786 priora,
1334 1754 1361 1778 et
1369 1750 1538 1782 diﬁerentiaa,
1552 1755 1579 1778 et
1591 1759 1683 1779 earum

894 1796 1055 1825 divisiones.
1071 1798 1160 1832 Atque
1186 1797 1309 1824 inductio
1333 1797 1444 1831 quidem
1470 1796 1547 1824 aﬁ‘ert
1562 1797 1589 1824 id
1610 1797 1685 1833 quod

894 1846 937 1869 est
950 1843 1107 1869 universum
1133 1847 1160 1869 et
1187 1842 1388 1870 deﬁnitionem:
1415 1842 1565 1870 divisiones
1581 1848 1682 1878 autem,

51 1886 183 1921 ππσαχῶς
192 1886 241 1922 τὴν
256 1885 336 1922 λῆψιν
348 1889 394 1915 τοῦ
411 1890 519 1916 οἰκείου·
538 1890 566 1916 αἱ
577 1890 605 1916 δὲ
614 1890 787 1925 διαπορήσεις
796 1889 845 1921 τὰς

900 1889 1012 1923 species,
1035 1892 1063 1916 et
1083 1888 1149 1924 quid
1173 1889 1218 1921 sit,
1236 1892 1262 1915 et
1284 1888 1467 1915 individuum.
1482 1887 1683 1924 Contemplatio

50 1932 113 1958 κιτ¹
134 1933 220 1964 αὑτὰς
243 1934 298 1968 (58)
324 1935 453 1971 διαφορὰς
475 1936 521 1962 καὶ
542 1936 592 1967 τὰς
614 1935 771 1968 ἀποδείξεις,
795 1936 842 1963 καὶ

51 1977 142 2008 ἄλως
155 1977 204 2013 τὴν
231 1978 347 2015 θεωρίαν
374 1980 544 2013 συναύξουσι,
564 1981 598 2007 τά
612 1989 641 2007 τε
664 1981 841 2016 παρεπόμενα

50 2023 132 2057 αὐτῇ·
148 2023 181 2049 ὲκ
196 2024 302 2051 πάντων
315 2025 342 2051 δὲ
352 2026 488 2062 ἐπιστήμη
501 2035 530 2052 τε
545 2026 708 2062 παρίσταται
722 2026 841 2062 κα¹ιάλή-

51 2066 122 2093 θ;ια.
140 2068 225 2095 Πάλιν
244 2070 274 2096 τὸ
288 2070 469 2105 κεφαλαιωθὲν
495 2073 527 2098 ὲκ
544 2072 593 2107 τῆς
606 2072 764 2108 διαιρέσεως
778 2072 840 2108 ὅρος

50 2114 166 2147 γίνεται·
195 2114 360 2150 λαμϐάνεται
377 2117 431 2152 γὰρ
455 2119 501 2144 καὶ
527 2118 658 2153 πρότερος
671 2118 720 2153 τῆς
737 2118 839 2154 διαιρέ-

88 2195 119 2224 ›Ῑ‹
141 2191 172 2219 Ρ.
192 2192 244 2220 914
262 2192 316 2220 ΕΙ).
336 2193 486 2227 POTTER,
509 2195 559 2222 778
579 2195 634 2222 ΕΙ).
656 2195 770 2224 PARIS.

87 2269 146 2308 (ρθ)
163 2271 211 2308 Μὴ
223 2271 362 2303 βεϐαιῶν.
382 2272 500 2308 Delenda
513 2273 621 2300 videtur
634 2273 768 2308 particula
789 2280 838 2300 ne-

48 2312 64 2339 g
76 2306 142 2331 utiva
158 2307 206 2341 μή,
222 2312 251 2334 ut
261 2315 359 2334 sensus
375 2308 410 2335 sit
427 2317 433 2334 :
451 2317 460 2332 ‹
478 2307 534 2335 Hoc
550 2309 609 2342 ipso
623 2306 749 2335 concedit
765 2307 837 2334 veri-

49 2344 137 2367 tatem
152 2349 242 2377 posse
269 2344 409 2376 cognosci,
428 2342 500 2377 quod
525 2343 633 2370 videtur
659 2343 838 2371 retentionem

49 2376 223 2404 assensionis
239 2378 364 2405 suadere.
386 2388 394 2404 ι

87 2421 145 2458 (50)
159 2422 289 2458 Αἵρεσις.
299 2424 378 2453 Conf.
389 2425 524 2458 Diogenes
533 2424 658 2451 Laertius
668 2423 695 2450 in
708 2422 841 2458 prooemio

48 2457 162 2503 ξ’ὶὲᾗὲοζ
171 2457 269 2486 Sextus
277 2459 431 2495 Empiricus
440 2457 570 2494 Hypolyp.
580 2459 624 2486 lib.
633 2467 652 2492 1,
660 2457 759 2503 Suidas
766 2466 791 2486 γ.
799 2458 843 2483 Αἵ-

68 2500 136 2523 Ξυις.

68 2500 110 2518 Sui.
130 2511 136 2517 .
701 2498 707 2503 ”

49 2498 66 2527 ρ
85 2506 141 2573 (5:)
163 2539 356 2573 Περιέχουσα.
371 2549 380 2565 ι
399 2540 559 2568 Continens.
574 2549 595 2574 γι
613 2538 746 2566 Hervetus
773 2545 835 2574 exp.

50 2582 60 2600 ι
78 2575 213 2608 praebens.
231 2584 240 2600 ι
255 2576 332 2611 quod
343 2579 383 2602 est
396 2575 560 2611 παρέχουσα.
570 2573 665 2602 Posset
683 2575 734 2609 legi
748 2573 838 2609 περιέ-
854 2577 876 2604 D

48 2618 138 2644 χουσι,
157 2619 166 2634 ι
187 2610 403 2638 continentibus.
424 2621 433 2636 )

84 2655 141 2698 (52)
165 2656 522 2698 r:Egcexzuwt'.(“Euasit-toi.
550 2655 631 2698 Forte
655 2656 745 2698 verius
772 2656 836 2698 ἑφε-

47 2689 147 2717 κτικοὶ.
165 2689 297 2719 Srtuunc.
310 2707 345 2712 —-
361 2691 408 2718 Sic
423 2689 549 2726 superius
566 2691 689 2726 μεθεκτοὶ
702 2698 751 2726 pro
770 2690 835 2726 μεθ-

47 2727 152 2752 εκτικοί
165 2726 265 2753 Strom.
285 2735 304 2758 ι,
321 2735 383 2762 pag.
399 2727 461 2758 548,
476 2727 522 2753 ubi
537 2726 681 2762 conl‘Lnot.

87 2762 141 2796 (55)
158 2764 194 2789 Al
210 2762 270 2788 τῶν
285 2761 346 2796 (ni.
363 2762 482 2789 Titulum
498 2762 586 2796 ipsum
602 2761 734 2788 Hervetus
750 2761 836 2787 inter-

45 2806 109 2834 pres
123 2797 236 2834 omittit,
252 2802 280 2824 et
302 2798 405 2834 alisque
420 2798 591 2834 separatione
603 2797 743 2831 sequentia
769 2804 832 2823 cum

46 2832 262 2869 praecedentibus
278 2833 428 2869 connectit.
451 2832 572 2869 SYLBD‘RG

83 2870 135 2907 (54)
147 2867 330 2904 Χειριστέον.
346 2867 504 2904 Χειριστέον
521 2867 644 2902 agnoscit
665 2867 746 2894 etiam
762 2865 830 2894 ller—

892 1939 981 1962 autem
998 1942 1051 1968 qua
1064 1935 1264 1968 consideratur,
1286 1939 1353 1969 quot
1368 1934 1457 1962 modis
1472 1934 1590 1967 dicatur,
1606 1935 1683 1962 aﬁ‘ert

891 1981 1104 2016 assumptiouem
1114 1981 1173 2016 ejus
1181 1980 1253 2015 quod
1265 1984 1307 2008 est
1319 1980 1459 2016 proprium
1471 1989 1478 2007 :
1495 1980 1681 2009 dubitationes

891 2030 993 2059 autem,
1006 2034 1053 2054 eas
1064 2035 1124 2062 qua:
1137 2033 1201 2053 sunt
1215 2027 1243 2053 in
1263 2027 1332 2061 ipsis
1347 2025 1517 2053 diﬂ‘erentias
1531 2030 1558 2053 et
1569 2026 1682 2053 demon-

891 2073 1039 2101 strationes
1053 2081 1061 2099 :
1078 2076 1105 2099 et
1122 2072 1223 2106 alioqui
1245 2076 1346 2108 augent
1367 2071 1636 2106 contemplationem,
1653 2076 1680 2099 et

892 2126 924 2146 ea
947 2126 1007 2154 qua:
1032 2119 1117 2154 ipsam
1138 2121 1362 2154 consequuntur:
1380 2126 1412 2145 ex
1436 2118 1564 2146 omnibus
1588 2120 1677 2145 autem

885 2271 940 2299 reti
950 2271 1049 2303 versio,
1065 2280 1074 2296 ‹
1087 2270 1228 2298 tractanda
1237 2273 1301 2298 sunt
1311 2269 1489 2305 homonyma:
1504 2279 1513 2295 ›
1526 2269 1574 2298 sed
1584 2271 1675 2300 verius

887 2307 1045 2342 χωριστέον.
1061 2305 1193 2342 SrLuunc.

923 2338 978 2375 ('55)
995 2340 1231 2368 Συνυποϐἀλλει.
1246 2339 1276 2366 L.
1294 2339 1491 2366 συνεπιΰάλλει.
1509 2338 1621 2367 Lowrn.

925 2376 981 2411 (56)
1003 2375 1161 2411 ’Enaywrri.
1183 2376 1306 2402 lnductio
1316 2375 1388 2411 enim
1400 2375 1601 2411 estargumenti
1616 2383 1675 2410 spe-

890 2411 957 2441 cies,
974 2418 1026 2444 qua
1042 2419 1075 2437 ex
1094 2411 1279 2445 singularibus
1293 2410 1431 2444 colligitur
1440 2410 1602 2445 universale.

922 2443 1045 2481 (5‘07ch
1058 2445 1090 2472 τὸ
1106 2443 1188 2481 τιίῆν
1202 2444 1287 2472 εἶναι.
1307 2443 1376 2481 Quid
1394 2445 1428 2472 sit
1443 2451 1498 2481 res,
1519 2444 1549 2481 id
1565 2448 1607 2472 est
1630 2453 1675 2472 es-

892 2479 1033 2508 sentialem
1049 2481 1107 2515 ejus
1129 2479 1326 2507 deﬁnitionem.
1342 2479 1410 2506 Nam
1423 2487 1455 2506 ex
1471 2479 1605 2515 divisione
1628 2488 1673 2508 re-

891 2523 963 2546 rum,
983 2520 1073 2550 partes
1088 2523 1192 2546 earum,
1204 2520 1231 2543 et
1245 2515 1370 2542 essentia
1383 2515 1514 2550 rationem
1531 2514 1672 2542 discimus.

891 2550 968 2577 Unde
980 2549 1007 2577 et
1030 2550 1110 2584 paulo
1126 2553 1197 2584 post,
1223 2550 1390 2577 deﬁnitionis
1412 2549 1672 2577 demonstrationem

890 2586 967 2620 sequi
989 2586 1150 2612 divisionem
1164 2585 1294 2612 aﬁirmat:
1310 2589 1339 2620 et
1365 2584 1527 2612 divisionem
1555 2584 1671 2620 τινὲστι,

893 2629 903 2646 ι
916 2619 981 2655 quid
998 2621 1042 2651 sit,
1065 2629 1074 2645 ι
1093 2620 1200 2648 docere.
1218 2619 1359 2653 Quomodo
1371 2623 1461 2646 autem
1477 2623 1533 2645 tum
1550 2619 1672 2647 deﬁnitio

889 2664 922 2683 ex
942 2655 1101 2683 inductione
1127 2655 1260 2690 procedit,
1284 2660 1314 2682 ut
1341 2655 1474 2682 sententia
1493 2655 1672 2690 praecedente

889 2690 1012 2724 dicitur?_
1029 2690 1105 2721 Hunc
1120 2689 1220 2717 nodum
1246 2690 1371 2717 Clemens
1389 2690 1470 2724 paulo
1493 2689 1564 2715 infra
1578 2689 1670 2718 solvit,

889 2727 935 2753 ubi
952 2722 1030 2753 docet
1045 2724 1228 2752 deﬁnitionem
1243 2729 1269 2752 et
1287 2722 1439 2760 prtecedere
1454 2723 1628 2754 divisionem,
1644 2729 1671 2750 et

886 2769 945 2788 eam
959 2760 1098 2794 subsequi.

884 2815 887 2817 μ
922 2796 977 2857 (58)
993 2792 1061 2825 Καί-’⁷
1078 2794 1180 2828 αὑτάς.
1199 2796 1229 2823 In
1245 2795 1317 2823 Flor.
1333 2799 1375 2822 est
1391 2794 1472 2821 etiam
1489 2794 1574 2821 altera
1587 2792 1670 2820 lectio

885 2839 920 2857 κα
940 2831 946 2841 '
962 2831 1055 2857 αὑτάς.
1076 2830 1198 2857 Priorem
1214 2831 1337 2857 sequitur
1354 2829 1460 2856 Herveti
1478 2829 1579 2857 versio.
1598 2837 1608 2854 ι
1621 2834 1670 2855 eas

885 2829 946 2857 καθ’
962 2831 1055 2862 αὑτάς.
1076 2830 1198 2858 Priorem
1214 2831 1337 2864 sequitur
1354 2829 1460 2856 Herveti
1478 2829 1579 2861 versio,
1598 2837 1608 2854 ι
1621 2834 1670 2855 eas

884 2874 944 2901 qua:
958 2870 1022 2894 sunt
1037 2867 1063 2892 in
1080 2865 1146 2901 ipsis
1157 2865 1332 2893 diﬂ'ercutias.
1360 2875 1368 2890 ι
1388 2864 1516 2891 Srtnunu.
