1934 3075
232 155 288 186 885
831 149 1030 179 CLEMENTIS

230 214 389 245 ostenditur
413 213 530 242 scientia
544 216 572 240 et
595 211 709 239 veritas.
738 210 846 238 Rursus
864 210 890 237 id
904 209 978 245 quod
1002 209 1029 236 in

232 270 369 292 summam
384 261 518 297 redigitur
526 268 558 288 ex
568 260 714 291 divisione,
725 258 879 293 appellatur
889 257 1028 292 deﬁnitio;

233 308 354 338 sumitur
378 307 451 335 enim
471 305 664 334 determinatio
690 309 717 332 et
741 304 817 340 prior
832 304 977 336 divisione.
1002 307 1030 331 et

234 353 386 389 posterior:
404 352 480 386 prior
496 351 617 386 quidem,
632 349 744 385 quando
757 357 891 377 concessa
905 349 947 376 vel
966 353 1030 376 tan~

233 401 293 425 tum
307 396 446 433 proposita
460 396 558 428 fuerit;
579 395 716 429 posterior
733 398 836 426 autem,
854 393 965 428 quando
980 393 1029 421 de-

234 447 398 476 monstrata,
429 447 456 470 et
484 450 532 477 per
557 448 681 472 sensum,
707 449 741 469 ex
775 440 970 475 singularibus,
1002 440 1029 467 in

235 496 370 517 summam
398 488 536 523 colligitur
567 487 742 519 universale;
764 487 932 514 inductionis
956 486 1030 513 enim

235 533 399 571 principium
431 537 474 561 est
508 541 630 562 sensus:
659 532 721 560 ﬁnis
755 537 863 564 autem,
896 532 922 559 id
957 531 1031 567 quod

238 583 282 607 est
297 578 463 607 universale.
488 579 577 613 Atque
596 578 719 605 inductio
733 578 843 612 quidem
860 585 916 604 non
939 581 1032 605 osten-

235 625 276 653 dit
309 626 374 661 quid
413 626 468 659 sit,
501 625 549 653 sed
582 625 655 660 quod
686 625 731 656 sit,
758 624 801 652 vel
824 631 879 651 non
912 624 972 652 sit:
999 627 1029 656 ᾖ(

235 671 335 700 divisio
351 676 441 699 autem
461 671 534 707 quod
546 671 593 703 sit,
611 676 638 698 et
648 671 840 698 determinatio
855 671 981 698 similiter
990 675 1033 697 at-

235 726 289 754 que
305 719 417 751 divisio,
434 718 583 745 essentiam
597 717 686 749 docet,
700 721 727 744 et
738 717 803 753 quid
818 718 864 750 sit,
877 725 933 744 non
942 722 1032 744 autem

235 772 270 792 an
285 764 331 792 sit.
349 763 556 792 Demonstratio
574 768 665 791 autem
681 764 750 795 tria,
769 772 867 799 nempe
882 771 917 790 an
932 763 988 795 sit,
1005 767 1033 790 et

235 811 302 848 quid
328 811 386 843 sit,
411 814 438 838 et
456 815 569 846 propter
591 810 656 845 quid
673 811 708 838 sit
726 810 824 846 aperit.
850 809 920 837 Sunt
941 815 1032 838 autem

237 858 376 886 nonnullae
395 865 505 892 quoque
526 857 699 885 deﬁnitiones
721 866 782 892 quae
804 865 915 885 causam
940 857 1031 884 conti-

1050 147 1286 176 ALEXANDRINI
1825 144 1882 173 εει

1045 213 1067 240 Α
1083 216 1151 239 σεως
1168 207 1215 233 καὶ
1241 205 1546 242 ὖστεροςὸδιορισμός·
1570 204 1703 240 πρότερος
1728 203 1791 239 μὲν,
1817 204 1883 230 ὅταν

1083 252 1246 288 συγχωρηθῇ
1274 251 1290 287 ῆ
1317 251 1450 287 προτεθῇ·
1469 250 1582 286 ὕστερος
1599 250 1656 285 (59)
1675 249 1716 281 δὲ,
1733 249 1799 276 ὅταν
1813 249 1884 275 ἁπο-

1080 298 1172 333 δειχῦῇ
1183 307 1189 313 ⁸
1204 298 1250 324 καὶ
1266 296 1394 332 κατὰτὴν
1409 296 1535 331 αἴσθησιν
1550 295 1577 321 δὲ
1593 296 1626 322 ἐκ
1640 295 1688 322 τοῦ
1705 295 1766 322 καθ’
1776 295 1884 322 ἕκαστα

1081 343 1277 378 κεφαλαιοῦται
1287 342 1318 369 τὸ
1326 342 1450 369 καθόλου·
1462 341 1534 377 ἀρχὴ
1543 341 1598 376 (60)
1608 341 1661 376 γάρ
1670 340 1721 375 τῆς
1730 340 1883 374 ἐπαγωγῆς

1081 390 1245 427 ἡαῖσοησις·
1257 389 1344 425 πέρας
1358 389 1424 415 δὲτὸ
1435 387 1560 415 καθόλου.
1575 388 1608 414 Ἠ
1622 388 1670 423 μὲν
1683 385 1732 414 οὖν
1748 388 1883 423 ἐπαγωγὴ

1081 437 1112 464 οὐ
1128 437 1158 463 τὸ
1174 436 1200 462 τί
1216 437 1275 462 ἐστι
1289 436 1436 466 δείκνυσιν,
1451 434 1509 462 ὰλλ¹
1527 435 1568 461 ὅτι
1583 435 1668 465 ἐστὶν,
1692 435 1710 468 ἦ
1725 435 1775 461 οὐχ
1789 435 1883 461 ἔστιν·

1081 483 1098 517 ἡ
1116 481 1245 517 διαίρεσις
1260 481 1300 513 δὲ,
1317 481 1357 507 ὅτι
1383 481 1441 506 ἐστὶ
1464 480 1629 515 παρίστησιν
1646 479 1715 515 (61),
1727 480 1741 506 ὅ
1753 488 1784 506 τε
1799 479 1885 514 διορι-

1083 527 1151 562 σμὸς
1169 527 1271 562 ὁμοίως
1284 527 1318 561 τῇ
1327 525 1458 562 διαιρέσει
1474 526 1523 562 τὴν
1540 526 1634 552 οὐσίαν
1657 526 1705 552 καὶ
1723 525 1755 551 τὸ
1775 527 1801 552 τί
1823 527 1882 552 ἐστι

1082 573 1217 605 διδάσκει,
1241 573 1301 608 οὐχ).
1321 573 1350 599 δὲ
1372 573 1403 599 τὸ
1423 573 1447 599 εἰ
1470 572 1558 599 ἔστιν·
1577 574 1594 608 ὴ
1614 581 1644 598 τε
1664 572 1821 605 ἀπόδειξις,
1848 572 1884 599 τὰ

1082 620 1156 655 τρία,
1173 619 1203 646 τό
1218 628 1248 646 τε
1265 620 1289 645 et
1305 619 1388 651 ἐστιν,
1405 619 1452 646 καὶ
1469 619 1499 645 τὸ
1513 619 1539 645 τί
1556 620 1641 646 ἐστιν.
1656 619 1704 646 καὶ
1720 618 1752 645 τὸ
1767 619 1839 645 διειτί
1857 620 1884 645 ὲ-

1084 674 1152 697 στιν,
1171 664 1324 701 σαφηνίζει.
1341 666 1401 692 Εἰσὶ
1423 665 1451 692 δὲ
1473 665 1537 691 ἔνιοι
1553 665 1600 691 καὶ
1617 665 1668 700 τῆς
1685 664 1779 696 αἰτίας
1794 666 1883 700 ἐμπ-

1084 713 1216 748 ριεκτικοὶ
1232 713 1299 748 ὅροι.
1324 712 1400 739 Ἐπεὶ
1415 712 1443 739 δὲ
1459 711 1621 738 ἐπίστασθαί
1637 713 1712 739 ἐστιν
1722 732 1729 744 ,
1743 713 1810 739 ὅταν
1823 712 1885 739 Boi-

1085 768 1134 796 μεν
1151 759 1201 795 τὴν
1216 759 1324 786 αἰτίαν·
1345 759 1431 785 αἰτίαι
1455 758 1511 793 (62)
1529 758 1555 784 δὲ
1575 758 1718 794 τέσσαρες,
1772 758 1841 793 ὕλη,
1855 759 1885 786 τὸ

1084 804 1176 832 κινοῦν
1203 804 1276 840 (65),
1295 803 1326 830 τὸ
1352 802 1436 835 εἶδος,
1459 803 1489 830 τὸ
1509 804 1602 835 τέλος·
1620 804 1764 840 τετραχῶς
1779 805 1857 831 ἔσται
1872 807 1886 831 ὁ

1084 851 1232 887 διορισμός.
1247 849 1371 886 Ληπτέον
1387 847 1433 876 οὖν
1450 849 1558 886 πρῶτον
1572 849 1603 876 τὸ
1619 850 1697 884 γένος
1709 870 1717 882 ,
1741 851 1772 876 ὲν
1828 852 1887 877 ἐστι

237 908 315 932 nent.
330 903 467 937 Quoniam
479 907 570 931 autem
585 904 657 931 scire
670 907 721 934 est,
739 903 848 938 quando
864 911 974 931 causam
989 903 1031 930 vi-

1096 898 1139 924 :th
1154 897 1248 923 ἐπάνω
1263 896 1298 923 τὰ
1309 895 1447 930 ἐγγύτατα
1457 903 1463 910 ·
1482 895 1552 930 μετὰ
1568 895 1646 922 τοῦτο
1656 916 1663 926 ,
1687 895 1738 931 τὴν
1762 896 1886 932 προσεχῆ

239 950 364 978 derimus
381 958 389 977 :
406 953 471 977 sunt
488 955 578 977 autem
596 957 687 977 causae
706 953 842 984 quatuor,
862 949 992 980 materia,
1007 949 1035 976 id

239 996 312 1031 quod
334 999 441 1028 movet,
459 994 545 1023 forma
556 1015 563 1027 ,
579 996 642 1023 ﬁnis
658 1005 665 1023 :
681 995 735 1023 erit
751 995 921 1030 quadruplex
945 995 1036 1022 deter-

240 1041 367 1069 minatio.
382 1039 503 1068 Primum
515 1049 580 1075 ergo
597 1041 759 1068 sumendum
777 1045 818 1068 est
830 1048 926 1076 genus,
937 1042 963 1067 in
981 1048 1036 1075 quo

241 1090 307 1115 sunt
320 1094 352 1113 ea
367 1094 427 1122 qua:
450 1091 514 1114 sunt
537 1087 661 1121 proxima
681 1087 838 1121 supremis:
856 1091 950 1121 postea
972 1094 1037 1122 pro-

241 1133 344 1168 pinqua
356 1132 519 1160 didercntia.
530 1132 749 1160 Diﬁerentiarum
761 1137 851 1160 autem
865 1133 1037 1161 continuatio

241 1179 328 1206 scissa
341 1183 368 1206 et
381 1179 479 1213 divisa,
492 1180 610 1215 complet
621 1179 684 1214 quid
696 1179 732 1206 sit
743 1187 815 1211 esse,
829 1187 876 1208 seu
890 1180 928 1206 rei
942 1187 1038 1207 essen-

242 1223 310 1250 tiam
327 1231 358 1250 ac
373 1223 572 1252 deﬁnitionem.
587 1224 646 1252 Non
660 1232 772 1252 necesse
787 1228 828 1251 est
845 1228 934 1251 autem
946 1225 1038 1251 dicere

241 1277 338 1299 omnes
351 1270 570 1306 uniuscujusque
589 1270 769 1302 ditierentias,
783 1270 830 1298 sed
842 1278 890 1298 cas
902 1279 963 1306 qua:
975 1279 1037 1306 spe-

242 1315 300 1344 cies
314 1316 496 1343 constituunt.
517 1315 689 1343 Geometrica
707 1316 840 1343 resolutio
856 1320 883 1343 et
901 1316 1039 1351 composi-

241 1360 282 1389 tio
308 1361 437 1389 divisioni
458 1361 609 1389 dialecticze
628 1366 656 1390 et
676 1362 830 1389 deﬁnitioni
850 1362 959 1390 similis.
975 1362 1009 1389 Et
1023 1369 1039 1389 a

242 1407 378 1436 divisione
392 1408 503 1444 quidem
527 1408 698 1437 recurrimus
713 1408 747 1435 ad
763 1416 795 1436 ea
815 1416 876 1444 qua
890 1412 955 1436 sunt
973 1409 1040 1437 sim-

243 1454 372 1489 pliciora,
385 1457 412 1481 et
426 1454 514 1489 magis
529 1454 703 1490 principalia.
722 1454 810 1489 Atque
828 1463 913 1490 genus
929 1454 1039 1490 quidem

243 1500 285 1529 rei
299 1508 361 1536 quae
381 1501 513 1535 qumritur
529 1500 678 1529 dividimus
706 1500 734 1528 in
751 1509 798 1528 eas
823 1508 883 1536 quae
901 1501 927 1527 ei
946 1502 1041 1529 insunt

1086 945 1228 980 διαφοράν.
1251 944 1283 970 Ἠ
1298 943 1327 969 δὲ
1343 942 1466 978 συνέχεια
1482 942 1535 969 τῶν
1549 943 1686 978 διαφορῶν
1704 943 1774 978 (64),
1793 952 1888 978 τεμνο-

1089 990 1156 1026 μένη
1169 991 1217 1017 κα).
1237 988 1467 1024 ὰποδιαιρουμένη
1480 1008 1486 1019 ,
1511 989 1541 1015 τὸ
1558 989 1585 1014 τί
1599 987 1632 1024 ἦν
1647 986 1718 1016 εἶναι
1741 989 1886 1025 ἐκπληροῖ.

1087 1037 1146 1063 Οὐκ
1161 1037 1266 1071 ἀνάγκη
1282 1036 1311 1062 δὲ
1326 1035 1415 1066 πάσας
1427 1035 1516 1069 λέγειν
1536 1035 1651 1061 ἑκάστου
1667 1035 1718 1067 τὰς
1736 1036 1887 1072 διαφορὰς,

1087 1084 1155 1111 ἀλλὰ
1172 1083 1220 1116 τὰς
1232 1082 1428 1113 εἰδοποιούσας.
1456 1081 1488 1108 Ἡ
1503 1082 1677 1117 γεωμετρικὴ
1691 1082 1826 1114 ἀνάλυσις
1843 1082 1889 1108 καὶ

1089 1130 1224 1162 σύνθεσις,
1238 1132 1271 1165 τῇ
1288 1129 1445 1164 διαλεκτικῇ
1460 1128 1591 1164 διαιρέσει
1603 1129 1650 1155 καὶ
1669 1123 1779 1164 ὁρισμῷ
1799 1129 1871 1156 ἑοιχε
1881 1138 1887 1143 ·

1089 1178 1136 1204 καὶ
1150 1177 1205 1204 ἀπὸ
1221 1177 1269 1212 μὲν
1283 1176 1332 1212 τῆς
1346 1175 1516 1211 διαιρέσεως,
1533 1175 1579 1201 ἐπὶ
1592 1174 1626 1201 τὰ
1649 1175 1827 1211 ἁπλούστερα
1844 1176 1889 1202 καὶ

1089 1223 1263 1260 ἁρχικώτερα
1279 1222 1473 1258 ἁνατρέχομεν.
1492 1222 1529 1248 Τὸ
1549 1222 1614 1255 γοῦν
1631 1222 1710 1256 γένος
1731 1222 1779 1248 τοῦ
1795 1222 1890 1257 ζητου-

1091 1269 1172 1305 μένου
1186 1269 1348 1305 πράγματος
1367 1268 1523 1304 διαιροῦμεν
1545 1269 1585 1300 εἰς
1607 1269 1799 1304 ἐνυπάρχοντα.
1815 1268 1890 1303 αὺτῴ

1089 1317 1149 1352 εἴδη
1160 1325 1166 1331 '
1184 1313 1240 1343 οἷον
1253 1317 1300 1342 ἐπὶ
1313 1316 1359 1342 τοῦ
1375 1315 1520 1351 ἀνθρώπου
1537 1315 1567 1341 τὸ
1585 1314 1653 1347 ζῶον
1662 1335 1670 1347 ,
1683 1314 1763 1349 γένος
1781 1314 1811 1341 ὃν
1821 1335 1829 1347 ,
1850 1315 1889 1346 εἰς

1089 1363 1125 1389 τὲι
1136 1363 1324 1398 ἐμφαινόμενα
1339 1361 1396 1398 εἴδη
1416 1360 1584 1397 διαιροῦμεν,
1600 1361 1631 1387 τὸ
1647 1360 1746 1396 θνητὸν
1759 1360 1808 1387 καὶ
1823 1361 1889 1387 ἀθά-

1090 1418 1188 1436 νατον·
1211 1410 1259 1436 καὶ
1282 1408 1367 1440 οὕτως
1392 1408 1436 1435 ἀεὶ
1460 1408 1496 1435 τά
1519 1407 1635 1434 σύνθετα
1660 1407 1795 1434 δοκοῦντα
1821 1405 1890 1434 εἶναι

1091 1456 1156 1492 γένη
1169 1456 1209 1487 εἰς
1221 1455 1256 1482 τὰ
1266 1454 1437 1492 ἁπλούστερα
1448 1454 1505 1490 εἴδη
1520 1453 1674 1489 τέμνοντες,
1689 1454 1737 1480 ἐπὶ
1747 1453 1778 1479 τὸ
1793 1453 1830 1489 μὴ
1844 1453 1890 1489 ζη-

1091 1503 1223 1538 τούμενον
1232 1501 1286 1536 (65)
1298 1502 1344 1528 καὶ
1356 1499 1548 1537 μηκέτιτομὴν
1558 1499 1759 1534 ἀποδεχόμενον
1767 1508 1889 1535 παραγι-

243 1547 350 1583 species
366 1556 372 1574 :
389 1551 419 1574 ut
435 1546 553 1582 exempli
567 1554 662 1579 causa,
678 1546 705 1574 in
716 1547 837 1579 homine,
849 1547 951 1574 animal
964 1547 1037 1582 quod

1096 1548 1204 1584 νόμεοα.
1220 1548 1257 1574 Τὸ
1267 1547 1321 1583 γὰρ
1337 1547 1406 1578 ζῶον
1417 1547 1457 1578 εὶς
1471 1546 1501 1573 τὺ
1521 1545 1618 1581 Θνητὸν
1635 1546 1683 1572 καὶ
1692 1545 1826 1572 ἀθάνατον
1838 1546 1890 1572 διε-

199 1592 203 1597 ”
245 1596 288 1621 est
302 1600 399 1628 genus,
414 1593 566 1620 dividimus
585 1593 613 1619 in
632 1600 679 1620 eas
696 1600 758 1627 quae
774 1592 801 1619 in
823 1593 883 1628 ipso
905 1596 1037 1628 apparent

246 1638 352 1673 species
365 1659 373 1673 ,
397 1646 497 1674 nempe
510 1639 625 1666 mortale
640 1642 667 1666 et
682 1638 846 1666 immortale.
863 1638 896 1666 Et
911 1641 951 1667 sic
964 1647 1038 1666 sem-

246 1692 297 1720 per
308 1692 408 1720 genera
434 1691 495 1719 quae
512 1683 638 1711 videntur
652 1691 714 1711 esse
727 1684 878 1719 composita
889 1704 897 1717 ,
913 1689 1039 1712 secantes

248 1730 277 1757 in
302 1728 410 1764 species
437 1728 635 1764 simpliciores,
665 1729 822 1757 accedimus
844 1729 881 1756 ad
912 1729 938 1756 id
965 1729 1040 1764 quod

247 1775 390 1810 quaeritur,
407 1779 435 1801 et
448 1782 503 1801 non
516 1775 634 1809 amplius
649 1775 766 1809 suscipit
780 1775 954 1802 divtsionem.
971 1775 1039 1803 Cum

247 1821 322 1849 enim
339 1821 441 1847 animal
456 1820 632 1848 diviserimus
648 1821 675 1847 in
691 1821 806 1848 mortale
821 1825 848 1847 et
869 1821 1022 1848 immortale
1032 1841 1040 1853 ,

248 1866 348 1896 deinde
362 1874 427 1894 vero
441 1867 555 1894 mortale
567 1867 593 1894 in
609 1871 740 1896 terrestre
753 1869 919 1902 etaquatile,
936 1873 962 1895 et
980 1876 1042 1895 rur-

248 1920 297 1941 sus
311 1917 440 1940 terrestre
453 1913 480 1940 in
501 1913 612 1941 volucre
621 1917 648 1941 et
663 1914 789 1948 pedestre
801 1934 808 1946 ,
829 1918 857 1940 et
873 1915 914 1941 sic
930 1915 1043 1949 propin-

249 1966 331 1994 quam
346 1959 370 1985 ei
382 1958 455 1994 quod
472 1960 606 1994 quaeritur
626 1959 744 1994 speciem
755 1979 762 1991 ,
789 1967 849 1994 qua:
870 1960 951 1986 etiam
967 1967 1043 1986 com-

248 2004 393 2040 prehendit
410 2004 437 2032 id
452 2005 525 2040 quod
541 2005 674 2040 quaeritur
688 2025 695 2037 ,
715 2005 891 2032 diviserimus
902 2025 908 2037 ,
924 2005 1044 2033 secando

248 2050 426 2079 deveniemus
437 2052 472 2079 ad
495 2051 727 2086 sitnplicissimam
747 2051 866 2087 speciem
877 2072 883 2082 ,
899 2059 961 2086 qua:
977 2051 1044 2078 nihil

249 2097 360 2132 quidem
377 2098 462 2127 aliud.
476 2097 523 2125 sed
538 2099 565 2125 id
577 2099 665 2125 solum
677 2098 749 2133 quod
767 2099 897 2133 quaeritur
918 2106 1045 2133 compre-

249 2143 355 2171 hendit.
368 2143 476 2171 Rursus
491 2145 564 2171 enim
582 2145 710 2179 pedestre
724 2145 872 2172 dividimus
888 2145 916 2171 in
932 2145 1046 2173 rationis

249 2191 387 2225 particeps
401 2194 428 2217 et
446 2198 545 2225 expers
557 2191 683 2218 rationis.
698 2190 801 2218 Deinde
812 2199 844 2218 ex
857 2191 891 2218 iis
903 2191 1047 2226 speciebus

250 2243 312 2271 quae
324 2240 472 2264 sumuntur
486 2243 521 2262 ex
534 2235 669 2264 divisione
679 2256 686 2269 ,
703 2237 836 2272 eligentes
855 2245 886 2265 ea
903 2245 964 2272 quae
983 2241 1048 2265 sunt

251 2282 340 2316 magis
358 2282 514 2316 propinqua
530 2282 644 2314 homini,
660 2291 722 2309 cum
736 2291 769 2310 ex
789 2283 822 2311 iis
837 2292 919 2311 unam
935 2291 1048 2319 compo-

253 2328 391 2354 suerimus
420 2329 591 2360 orationem.
616 2328 748 2356 edicimus
773 2330 893 2358 hominis
910 2330 1047 2358 deﬁnitio—

294 2406 324 2435 )Is
344 2403 375 2431 P.
398 2404 451 2431 915
471 2403 524 2430 ΕΙ).
546 2403 704 2438 POTTER,
727 2405 777 2432 779
798 2406 850 2434 El).
874 2406 989 2435 PABIS,

291 2472 351 2534 (ἕὲ)
363 2472 511 2534 Τὲτερος.
524 2471 604 2499 Couf.
618 2473 774 2502 Aristotelis
785 2475 895 2510 Analyt.
911 2480 982 2509 post.
996 2475 1045 2501 lib.

255 2515 285 2540 II,
300 2515 361 2542 cap.
374 2515 415 2534 to.

291 2542 347 2604 εἰει)
369 2542 466 2604 ζλὲχή.
487 2541 587 2569 Eadem
602 2542 683 2570 docet
696 2543 858 2572 Aristoteles
875 2545 982 2580 Analyt.
998 2545 1046 2572 lib.

255 2585 277 2611 ι,
294 2585 356 2611 cap.
376 2585 420 2604 ns.

366 2585 427 2639 “2):;
439 2612 504 2650 eget
519 2620 588 2647 παρ.
608 2622 617 2638 ε
628 2613 711 2650 Quod
725 2615 770 2643 sit.
792 2625 800 2640 ι
818 2619 872 2642 etc.
884 2615 1030 2650 Perperam
1042 2624 1048 2641 ι

255 2646 284 2674 Id
297 2646 383 2679 enim,
401 2651 429 2674 ut
443 2648 545 2674 dictum
556 2646 608 2679 est.
619 2649 700 2676 docet
714 2649 845 2678 inductio.
857 2646 1049 2680 Scribendum,

256 2682 323 2720 τὶζτί
340 2683 485 2720 ἐστι’-νει,
513 2684 527 2709 ὃ
544 2692 571 2709 τι
588 2684 662 2710 ὲστί·
679 2693 689 2710 ι
716 2685 782 2720 quid
807 2686 851 2712 sit.
872 2695 881 2711 ι
899 2685 928 2712 Id
949 2686 1050 2720 quippe

257 2716 355 2745 aﬂ'crre
369 2718 542 2750 divisionem,
558 2727 620 2745 mox
633 2720 680 2746 ait.

293 2752 565 2790 (62)-ᾼιτίαιιϐοηε.
580 2754 742 2782 Aristoteles
759 2755 867 2790 Analyi.
883 2761 981 2789 poster.
999 2755 1047 2782 lib.

257 2796 289 2826 ri,
305 2795 330 2826 (ξ.
345 2788 389 2826 HJ
405 2789 534 2826 quod_s_ic
554 2789 651 2824 incipit
667 2799 674 2826 ς
697 2790 773 2826 Ἐπεὶ
794 2788 997 2817 summm.
1011 2791 1049 2816 οἰ-

257 2822 436 2860 όμεθα,-ὂταν
459 2823 573 2859 εἰδῶμεν
594 2822 769 2860 τῆνῐάίτίαν·
793 2825 878 2852 αἰτίαι
899 2825 928 2852 δὲ
951 2826 1049 2852 τέσσα-

259 2865 315 2893 ρες.
337 2866 346 2883 ‹
359 2857 427 2884 Cum
445 2857 534 2896 autem
547 2857 673 2894 putemus
688 2869 738 2888 nos
753 2865 818 2887 tunc
834 2862 905 2888 scire
915 2881 922 2892 ,
938 2861 1047 2896 quando

259 2899 370 2920 causam
385 2894 599 2929 cognoscimus;
624 2903 714 2924 causa:
731 2904 797 2924 vero
814 2902 932 2932 quatuor
944 2894 1015 2930 sint,
1036 2906 1045 2922 ι

1089 1594 1191 1627 λόντες,
1206 1592 1265 1621 εἶτα
1282 1593 1372 1629 μέντοι
1382 1593 1412 1619 τὸ
1428 1592 1524 1628 θνητὸν
1536 1593 1576 1624 εἰς
1587 1592 1618 1618 τὸ
1630 1593 1759 1627 χερσαῖον
1771 1592 1821 1618 καὶ
1832 1591 1888 1617 ἔνυ-

1088 1640 1161 1676 δρον,
1179 1641 1226 1666 καὶ
1242 1639 1322 1666 πάλιν
1334 1639 1365 1665 τὺ
1380 1639 1508 1674 χερσαῖον
1523 1638 1563 1669 εἰς
1578 1637 1610 1664 τὸ
1625 1637 1728 1673 πτηνὸν
1737 1637 1785 1664 καὶ
1797 1635 1890 1669 πεζὸν,

1089 1687 1137 1714 καὶ
1148 1687 1235 1717 οὕτως
1256 1686 1286 1712 τὸ
1303 1685 1436 1721 προσεχὲς
1457 1684 1497 1720 τῷ
1513 1684 1672 1719 ζητουμένῳ
1697 1681 1785 1716 εἶδος,
1812 1683 1827 1710 ὂ
1847 1684 1891 1710 καὶ

1091 1733 1291 1769 περιλαμϐάνει
1305 1732 1335 1758 τὸ
1347 1731 1524 1766 ζητούμενον,
1538 1731 1719 1766 διαιροῦντες,
1738 1730 1891 1765 ἀφιξόμεθα

1090 1779 1236 1814 τέμνοντες
1249 1778 1295 1804 ἐπὶ
1313 1778 1344 1804 τὸ
1361 1777 1546 1805 ἁπλούστατον
1561 1775 1646 1808 εἶδος,
1670 1777 1740 1812 ὅπερ
1762 1777 1830 1803 ἄλλο
1846 1776 1893 1812 μὲν

1091 1825 1178 1855 οὐδὲν,
1201 1824 1280 1860 μόνον
1296 1823 1367 1850 δὲτὸ
1378 1823 1545 1858 ζητούμενον
1566 1822 1789 1858 παραλαμϐάνει.
1811 1822 1892 1850 Πάλιν

1093 1871 1148 1906 γὰρ
1163 1870 1194 1897 τὸ
1210 1869 1291 1901 πεζὸν
1309 1869 1349 1901 εἰς
1371 1869 1479 1902 λογικὸν
1503 1869 1550 1895 καὶ
1576 1868 1672 1902 ἄλογον
1697 1867 1891 1903 διαιρούμεθα·

1094 1918 1212 1944 κᾶπειτα
1223 1917 1257 1942 τὰ
1271 1916 1392 1952 προσεχῆ
1407 1915 1462 1942 τῶν
1473 1916 1505 1942 ὲκ
1519 1915 1569 1950 τῆς
1582 1914 1742 1950 διαιρέσεως
1759 1914 1894 1949 λαμϐανο-

1097 1963 1184 1998 μένων
1203 1962 1281 1988 εἱδῶν
1295 1961 1334 1996 τῷ
1353 1960 1488 1997 ἀνθρώπῳ
1504 1960 1693 1995 ἐκλεγόμενοι,
1715 1960 1764 1987 καὶ
1786 1961 1895 1986 επιστ-ιν-

1096 2007 1189 2038 θέντες
1204 2007 1244 2038 εἰς
1256 2007 1305 2034 ἕνα
1315 2006 1394 2040 λόγον
1405 2025 1412 2037 ,
1426 2005 1471 2031 τὸν
1488 2006 1550 2041 ὅρον
1565 2005 1612 2031 τοῦ
1638 2004 1787 2041 ἀνθρώπου
1801 2004 1894 2031 ἀποδί-

1095 2054 1188 2089 δομεν,
1204 2054 1233 2084 ὃς
1248 2053 1306 2079 ἐστὶ
1322 2051 1390 2084 ζῶον
1410 2052 1515 2087 ονητὸν,
1542 2053 1680 2087 χερσαῖον,
1703 2051 1799 2082 πεζὸν,
1827 2051 1895 2084 λογι-

1097 2099 1155 2125 κόν.
1173 2098 1255 2124 Ὅθεν
1275 2097 1340 2132 ὕλης
1362 2098 1411 2133 μὲν
1423 2097 1499 2130 τάξιν
1525 2097 1619 2133 ἐπέχει
1640 2099 1656 2132 ἡ
1677 2097 1816 2132 διαίρεσις
1829 2116 1836 2127 ,

1097 2146 1153 2182 ὅρῳ
1167 2144 1217 2180 τὴν
1230 2144 1372 2178 ἁπλότητα
1384 2144 1431 2170 τοῦ
1445 2143 1578 2179 ὀνόματος
1594 2142 1772 2178 ἁναζητοῦτα
1785 2151 1792 2158 ’
1811 2142 1896 2177 τεχνί-

1098 2200 1146 2218 του
1163 2191 1191 2217 δὲ
1210 2191 1256 2218 καὶ
1276 2190 1444 2226 δημιουργοῦ
1463 2191 1477 2217 ὁ
1497 2191 1559 2226 ὅρος
1583 2189 1769 2221 ὲπισυντιθεὶς
1787 2190 1836 2216 καὶ
1853 2196 1898 2215 x1-

1063 2253 1087 2281 ι)
1099 2237 1285 2270 τασκευάζων,
1303 2237 1351 2263 καὶ
1361 2237 1410 2272 τὴν
1425 2236 1524 2270 γνῶσιν
1541 2235 1587 2262 τοῦ
1604 2235 1681 2266 ὄντος
1701 2235 1853 2270 παριστὰς
1870 2234 1896 2260 οὗ

1102 2284 1203 2310 τούτων
1228 2284 1281 2310 τῶν
1303 2283 1472 2319 πραγμάτων
1492 2280 1528 2308 ὧν
1549 2281 1647 2317 ἔχομεν
1670 2281 1824 2313 καθολικὰς
1847 2281 1898 2307 5:1-

1103 2331 1186 2362 νοίας.
1199 2330 1308 2357 Τούτων
1322 2330 1377 2357 τῶν
1389 2329 1514 2357 διανοιῶν
1536 2330 1598 2360 τοὺς
1618 2328 1840 2364 ὲρμηνευτιχοὺς
1861 2326 1899 2353 λό-

1100 2479 1165 2502 ete..
1181 2481 1241 2508 quae
1260 2473 1317 2500 fere
1329 2472 1401 2508 ams
1411 2472 1483 2505 λέξιν
1496 2472 1595 2508 repetit
1606 2472 1748 2499 Clemens.

1136 2507 1196 2544 (65)
1212 2508 1247 2535 Τὸ
1263 2508 1383 2544 κινοῦν.)
1394 2507 1422 2534 ld
1439 2507 1537 2544 εςιητὸ
1549 2507 1701 2544 ποιητικόν.
1717 2508 1751 2536 H.
1767 2508 1896 2536 SvLuuc.

1100 2540 1202 2578 Nempe
1219 2551 1302 2570 causa
1317 2543 1448 2572 efﬁciens.
1468 2543 1485 2576 ἥ
1499 2540 1645 2579 τινπρῶἓον
1662 2544 1776 2579 ὲγχίνηςε
1788 2565 1795 2574 .
1813 2554 1822 2570 ι
1844 2553 1898 2579 qme

1101 2580 1220 2614 primum
1235 2579 1340 2609 movit,
1360 2588 1369 2604 ι
1392 2582 1422 2614 ut
1439 2578 1473 2614 ab
1494 2578 1643 2614 Aristotele
1656 2578 1836 2614 WdiClllH‘iOC.
1853 2578 1896 2606 cit.

1138 2614 1193 2649 (64)
1210 2614 1355 2648 Συνέχεια
1371 2613 1429 2640 τῶν
1443 2612 1603 2647 διαφορῶν.
1625 2623 1633 2637 ι
1649 2613 1834 2641 Coacervatio
1851 2616 1898 2641 όιῑ-

1103 2648 1293 2680 ferentiarum,
1314 2659 1322 2675 ι
1337 2649 1417 2683 cujus
1443 2649 1584 2683 specimen
1609 2652 1734 2676 occurrit
1756 2650 1784 2677 in
1804 2651 1898 2677 deﬁni-

1101 2685 1396 2746 ltionehominisinfra
1415 2685 1522 2719 posita,
1550 2692 1612 2719 pag.
1641 2684 1693 2710 779
1719 2686 1786 2712 edit.
1811 2685 1895 2713 Paris.

1124 2727 1216 2746 owrn.

1124 2727 1216 2749 0W1".

1136 2754 1191 2790 (65)
1212 2754 1247 2781 Τὸ
1262 2754 1305 2788 μὴ
1321 2755 1381 2788 ζητ.
1402 2754 1521 2782 Delenda
1536 2758 1578 2782 est
1597 2755 1735 2788 particula
1760 2762 1823 2786 nee.
1854 2756 1895 2790 μή.

1101 2798 1199 2818 sensus
1218 2791 1291 2816 enim
1307 2796 1358 2822 est,
1375 2798 1423 2824 per
1438 2789 1574 2824 ejusmodi
1585 2790 1752 2825 divisionem
1764 2789 1895 2825 per-venui

1101 2826 1209 2852 tandem
1220 2826 1266 2851 ἐπὶ
1276 2826 1306 2851 τὸ
1321 2825 1499 2860 ζητούμενον,
1519 2834 1527 2849 ι
1548 2825 1586 2851 ad‘
1596 2824 1624 2851 id
1651 2825 1726 2859 quod
1747 2824 1894 2860 quaeritur.

1100 2860 1174 2895 quod
1189 2861 1328 2888 ulterioris
1337 2860 1482 2887 divisionis
1499 2867 1587 2893 capax
1601 2867 1656 2886 non
1669 2865 1731 2892 est;
1747 2870 1756 2885 ι
1768 2862 1895 2888 utstatitn

1098 2896 1233 2932 sequitur.
1252 2895 1325 2923 Idem
1343 2895 1467 2923 Lowthio
1482 2902 1592 2930 quoque
1603 2895 1694 2923 visum
1709 2900 1762 2924 est.
