1934 3075
72 124 125 151 585

699 122 915 151 STROMATUM
937 121 1000 149 LIB.
1022 122 1088 150 Vill.

1657 123 1709 150 3386

75 193 142 219 γους
158 181 228 210 εἶναι
243 184 337 219 φαμέν
352 192 359 199 ’
376 183 476 210 τούτων
488 183 542 219 γὰρ
554 183 608 209 τῶν
619 183 741 210 διανοιῶν
751 202 758 214 ,
778 182 824 209 καὶ
843 183 870 208 at

929 188 997 211 nem.
1016 189 1076 215 quite
1090 184 1131 207 est
1149 180 1248 207 animal
1265 180 1390 211 mortale,
1409 183 1548 211 terrestre,
1565 180 1710 214 pedestre.

75 229 223 264 διαιρέσεις
237 229 369 262 γίνονται.
385 228 445 255 Τῶν
465 229 493 255 δὲ
509 228 666 264 διαιρέσεων
680 229 696 263 ἡ
712 228 761 264 μέν
776 236 818 259 τις
830 228 869 259 εἰς

76 276 137 310 sitq
151 276 251 311 διαιρεῖ
264 275 294 302 τὸ
311 275 508 310 διαιρούμενον,
525 275 563 306 ὡς
579 275 656 309 γένος
669 283 675 289 ’
696 275 713 310 ἡ
731 274 759 300 δέ
773 283 814 305 τις
830 274 871 305 είς

79 322 163 357 μέρη,
177 321 215 353 ὡς
230 321 291 348 ὅλον
302 330 308 336 -
323 323 340 357 ἡ
353 321 381 348 δὲ
393 322 433 353 εις
446 320 481 347 τὰ
495 320 695 356 συμϐεϐηκότα.
717 321 749 346 'll
763 320 812 355 μὲν
824 317 871 346 οὖν

77 368 125 394 τοῦ
138 368 199 394 ὅλου
216 368 255 398 εἰς
269 367 303 394 τὰ
324 367 393 402 μέρη
415 366 563 402 διαίρεσις,
577 366 615 398 ὡς
637 366 684 392 ἐπὶ
699 366 730 392 τὸ
747 365 871 392 πλεῖστον

77 415 152 440 κατὰ
167 413 280 449 μέγεθος
303 414 466 440 ἐπινοεῖται·
483 414 500 448 ἡ
519 412 547 439 δὲ
568 414 607 444 εἰς
627 412 661 438 τὰ
681 412 871 448 συμϐεϐηκότα

77 459 208 486 οὐδέποτε
228 459 277 494 ὃλη
297 460 409 486 δύναται
421 459 618 495 διαληφοῆναι,
644 458 701 493 εἴγε
717 459 763 485 καὶ
778 459 871 485 οὐσίαν

78 505 190 540 ἑκάστῳ
204 505 244 532 δεῖ
263 506 370 537 πάντως
386 505 439 532 τῶν
455 506 539 532 ὀντων
554 505 695 541 ὑπάρχειν.
716 505 797 532 Ὅθεν
811 505 872 532 ἀδό-

77 559 158 585 κιμοι
173 551 258 586 ἄμφω
272 548 350 578 αὗται
372 551 399 577 αἱ
415 550 571 586 διαιρέσεις,
586 551 653 586 μόνη
665 551 693 577 δὲ
706 551 870 586 εὑδοκιμείἠ

76 595 127 622 τοῦ
141 596 235 630 γένους
245 597 284 628 εἰς
295 596 351 631 εἴδη
365 597 445 632 τομὴ,
460 597 505 631 ὑφ’
517 593 793 632 ἦςχαρακτηρίζεται
808 597 825 631 ἦ
842 604 872 622 τε

78 641 216 676 ταυτότης
229 642 245 676 ἡ
259 643 330 668 κατὰ
341 642 427 676 γένος,
439 642 456 677 ἦ
472 650 501 668 τε
517 641 645 678 ἑτερότης
662 642 678 677 ή
697 641 767 668 κατὰ
787 641 873 673 ίδικὰς

77 688 224 725 διαφοράς.
240 688 277 714 Τὸ
293 686 362 720 εἶδος
375 689 418 715 ἀεὶ
437 688 466 714 ἐν
482 697 535 714 τινι
558 687 637 723 μέρει
656 687 814 723 θεωρεῖται*
842 687 872 713 οὐ

81 733 138 768 μὴν
151 734 296 765 ἀνάπαλιν,
309 734 336 760 εἷ
350 743 376 760 τι
395 733 476 770 μέρος
491 733 549 760 ὲστί
561 742 642 766 τινος,
658 733 737 760 τοῦτο
746 733 793 760 καὶ
805 731 873 764 εἶδος

78 779 238 813 γενήσεται-
257 780 273 814 ή
289 778 343 815 γὰρ
357 779 417 814 χεὶρ
430 779 512 814 μέρος
526 778 575 814 μέν
591 779 649 805 ἐστι
661 778 707 805 τοῦ
719 778 872 814 ἀνθρώπου,

78 821 154 856 εἶδος
165 824 194 850 δὲ
212 824 260 851 οὐκ
272 824 355 851 ἐστιν.
371 824 425 851 Καὶ
437 824 467 850 τὸ
485 824 535 860 μὲν
555 824 633 858 γένος
655 825 685 851 ἐν
703 826 758 857 τοῖς
777 825 873 851 εἴδεσιν

78 870 242 906 ἐνυπάρχει·
250 870 280 897 τὸ
293 870 347 906 γὰρ
357 870 425 903 ζῶον
441 871 488 897 καὶ
498 871 526 897 ὲν
538 870 577 906 τῷ
590 870 727 906 ἀνθρώπῳ
735 871 783 897 καὶ
794 871 822 897 ἐν
836 870 874 906 τῷ

82 912 126 947 βοῒ
138 921 146 928 θ
163 914 194 940 τὸ
206 914 233 940 δὲ
247 914 317 946 ὅλον,
335 915 363 940 ὲν
378 915 434 947 τοῖς
456 915 567 951 μέρεσιν
582 915 632 942 οὐκ
652 916 800 952 ἐνυπάρχει
813 925 818 930 ·
843 917 874 942 οὺ

81 959 138 994 γὰρ
150 959 164 985 ὁ
178 960 321 996 ἄνθρωπος
333 961 362 987 ἐν
373 962 429 992 τοῖς
443 961 521 988 ποσὶν
536 962 663 998 ὑπάρχει.
679 961 724 988 Διὸ
742 961 874 997 κυριώτε-

83 1014 130 1041 ρον
141 1006 172 1032 τὸ
187 1004 256 1038 εἶδος
275 1006 322 1032 τοῦ
339 1007 452 1042 μέρους·
468 1008 515 1034 καὶ
528 1008 577 1034 ὅσα
593 1007 640 1034 τοῦ
656 1007 876 1043 γένους-κατηγο-

83 1052 184 1085 ρεῖται,
197 1050 282 1077 ταῦτα
292 1052 379 1078 πάντα
392 1052 439 1079 καὶ
454 1052 500 1078 τοῦ
514 1051 601 1083 εἴδους
614 1052 873 1088 κατηγορηϐήτεται.

84 1097 216 1132 Ἀριστον
226 1097 275 1132 μὲν
288 1095 334 1124 οὖν
345 1099 385 1129 εἰς
399 1098 446 1124 δύο
454 1099 565 1134 θεωρεῖν
572 1098 628 1134 (66)
638 1099 695 1135 εἴδη
712 1099 743 1126 τὸ
753 1099 841 1133 γένος·
851 1100 875 1125 εί

81 1142 111 1168 δὲ
132 1142 171 1178 μὴ
183 1162 189 1172 ,
207 1144 246 1174 εἰς
259 1144 332 1179 τρία.
348 1144 388 1170 Τὰ
407 1144 496 1170 τοίνυν
523 1144 599 1180 εἴδη,
622 1144 802 1181 γενικώτερον
828 1146 876 1181 μὲν

80 1189 269 1224 διαιρούμενα,
279 1190 509 1225 χαρακτηρίζεται
517 1191 554 1226 τῷ
561 1200 590 1217 τε
602 1191 692 1226 ταυτῴ
703 1192 750 1218 καὶ
759 1191 875 1227 θατέρῳ·

83 1233 180 1261 ἔπειτα
194 1235 222 1261 δὲ
230 1236 275 1262 διὰ
293 1236 347 1263 τῶν
363 1237 478 1270 γενικῶς
489 1239 695 1274 σημαινομένων
704 1238 878 1274 διαιρούμενα

84 1281 329 1316 χαρακτηρίζεται.
344 1282 540 1319 Ἕκαστονγὰρ
560 1283 614 1310 τῶν
636 1283 713 1310 εἰδῶν
726 1284 784 1319 ἦτοι
800 1284 878 1310 οὐσία

83 1326 170 1352 ἐστίν’
178 1326 274 1363 ὥσπερ
285 1328 350 1354 ὅταν
361 1328 494 1364 λέγωμεν,
507 1329 566 1356 Τῶν
578 1330 662 1356 ὅντων
673 1329 706 1356 τὰ
722 1330 770 1365 μὲν
783 1329 876 1365 σώμα-

83 1372 120 1399 τά
139 1373 209 1403 ἐστι,
221 1373 256 1399 τὰ
267 1373 294 1400 δὲ
309 1373 456 1409 ἀσώματα·
475 1375 491 1411 ἢ
506 1375 598 1407 ποσὸν,
613 1375 629 1411 ἢ
645 1376 713 1411 πρός
728 1384 764 1407 τι,
779 1376 795 1408 ἦ
814 1376 878 1407 ποῦ,

83 1419 101 1454 ἦ
115 1420 192 1450 πότε,
204 1420 221 1455 ἣ
236 1422 330 1453 ποιεῖν,
344 1422 361 1457 ἢ
375 1422 498 1457 πάσχειν.
513 1423 617 1454 Παντὸς
629 1419 659 1449 οὗ
680 1431 750 1455 τινος
757 1421 805 1450 οὖν
818 1424 878 1450 ἑπι-

85 1465 200 1501 στημων
214 1467 256 1497 τίς
274 1467 342 1500 ἐστι,
360 1467 455 1494 τούτου
479 1468 526 1495 καὶ
537 1468 582 1495 τὸν
596 1469 660 1503 ὅρον
676 1468 824 1495 ἀποδώσειν
841 1469 879 1501 ὡς

82 1512 98 1538 ὃ
114 1521 147 1546 γε
163 1513 201 1548 μὴ
215 1513 362 1548 δυνάμενος
382 1514 454 1551 λόγῳ
484 1515 639 1551 περιλαϐεῖν
666 1516 713 1542 καὶ
737 1516 879 1551 ὁρίσασθαι

83 1558 186 1589 ὁτιοῦν,
198 1559 293 1586 τούτου
306 1561 464 1596 ἐπιστήμων
477 1562 526 1588 οὐκ
538 1561 569 1588 ἂν
584 1570 648 1588 ποτε
664 1562 716 1598 εἴη.
726 1562 772 1588 Ἐκ
788 1562 815 1589 δὲ
828 1563 878 1597 τῆς

84 1604 132 1630 τοῦ
151 1605 216 1640 ὅρου
232 1606 343 1639 ἀγνοίας
355 1607 402 1634 καὶ
420 1607 469 1639 τὰς
486 1607 586 1640 πολλὰς
602 1607 821 1644 ἀμφισϐητήσεις
834 1609 878 1642 γί-

85 1651 182 1678 νεσθαι
213 1653 259 1678 καὶ
286 1651 336 1683 τὰς
359 1652 476 1685 ἀπάτας,
490 1653 643 1688 συμϐαίνει.
670 1654 703 1680 Εἰ
733 1654 787 1689 γὰρ
810 1655 824 1680 ὁ
848 1653 879 1680 τὸ

86 1698 206 1732 πρᾶγμα
223 1697 300 1729 εἰδὼς
313 1698 369 1733 ἔχει
384 1699 455 1725 κατὰ
468 1699 586 1726 διάνοιαν
598 1699 648 1735 τὴν
661 1700 762 1734 εἴδησιν
774 1700 856 1726 αὑτοῦ
870 1719 878 1731 ,

85 1743 199 1769 δύναται
212 1743 240 1769 δὲ
258 1744 303 1770 καὶ
314 1744 384 1779 λόγῳ
398 1745 543 1779 σαφηνίσαι
558 1745 571 1771 ὃ
584 1744 738 1777 διανοεῖται,
752 1746 769 1780 ἡ
786 1745 814 1772 δὲ
830 1746 879 1780 τῆς

85 1789 208 1821 διανοίας
221 1790 354 1824 ἑρμηνεία
368 1791 430 1825 ὅρος
444 1791 528 1821 ἐστὶν,
545 1791 692 1825 ἀναγκαῖόν
706 1793 763 1818 ἐστι
779 1793 825 1818 τὸν
842 1794 880 1818 εἱ-

85 1835 153 1861 δότα
165 1835 196 1862 τὸ
211 1836 325 1871 πρᾶγμα
345 1836 473 1863 δύνασθαι
486 1838 568 1864 αὐτοῦ
589 1838 636 1864 καὶ
650 1838 696 1873 τον
710 1839 772 1873 ὅρον
785 1838 879 1865 ἀποδι-

86 1880 172 1907 δόναι.
186 1880 427 1916 Προσλαμῆἁνεται
450 1882 477 1908 δὲ
494 1883 566 1918 ὅροις
585 1883 633 1909 καὶ
649 1883 809 1918 ήδιαφορὰ,
831 1892 880 1918 ση-

89 1927 169 1961 μείου
182 1926 259 1959 τάξιν
276 1927 411 1962 ἐπέχουσα
425 1927 464 1963 τῷ
482 1928 547 1963 ὅρῳ.
564 1928 609 1963 Τῷ
624 1928 690 1962 γοῦν
706 1928 753 1955 τοῦ
777 1929 881 1965 ἀνί)ρὼ-

88 1982 142 2000 ww
154 1973 211 2009 ὂρῳ
218 1974 250 2000 τὸ
257 1974 438 2009 γελαστικὸν
445 1975 602 2010 προστεθὲν,
617 1975 722 2002 mem
733 1976 800 2002 ὄλον-
812 1976 881 2008 ζῶον

87 2020 199 2054 λογικὸν
209 2040 216 2052 ,
233 2020 328 2056 Θνητὸν
340 2041 347 2052 ,
361 2024 486 2057 χερσαῖον
497 2042 504 2053 ,
520 2023 599 2054 πεῇν
608 2043 615 2054 ,
639 2023 806 2057 γελαστικόν.
830 2024 881 2059 Ση-

91 2061 159 2102 μεῖα
176 2067 232 2102 γάρ
254 2068 312 2094 ἐστι
333 2067 369 2094 τὰ
390 2068 460 2095 κατὰ
482 2069 614 2105 διαφορὰν
635 2070 826 2105 προσαγόμενα
843 2070 881 2104 τῷ

89 2114 146 2150 ὅρῳ
165 2115 274 2142 οἰκείων
298 2117 484 2152 πραγμάτων’
502 2117 551 2153 τὴν
571 2117 599 2143 δὲ
619 2117 699 2151 φύσιν
723 2117 812 2143 αὑτῶν
828 2117 881 2143 τῶν

90 2161 264 2196 πραγμάτων
281 2161 331 2188 οὐκ
348 2161 524 2188 ἐνδείκνυται.
546 2162 649 2188 Αὐτίκα
670 2163 734 2188 ἰδίου
756 2162 882 2188 ἀπόδοσιν

90 2208 174 2241 φασὶν
186 2206 254 2234 εἶναι
270 2208 318 2244 τὴν
327 2208 472 2244 διαφοράν·
494 2209 540 2235 καὶ
552 2208 618 2235 καθὸ
630 2208 683 2235 τῶν
696 2208 782 2235 ἄλλων
796 2208 883 2234 ἁπάνο

89 2262 146 2280 των
160 2254 281 2289 διαᾳέρει
293 2255 323 2281 τὸ
337 2254 397 2290 ἔχον
411 2255 461 2289 τὴν
477 2253 606 2290 διαφορὰν
617 2276 623 2287 ,
644 2254 658 2281 ὃ
679 2255 751 2290 μόνῳ
764 2255 881 2290 ὑπάρχει

88 2299 139 2326 καὶ
156 2299 409 2336 ὰντικατηγορεῖται
425 2300 471 2326 τοῦ
494 2301 654 2335 πράγματος
673 2301 701 2326 ἐν
719 2302 776 2332 τοῖς
789 2301 862 2336 ὅροις
873 2322 881 2333 ,

88 2345 201 2381 ἀνάγκῃ
219 2345 249 2371 τὺ
263 2345 372 2381 πρῶτον
387 2346 464 2380 γένος
481 2345 519 2376 ὡς
532 2345 652 2381 ἀρχηγὸν
669 2346 715 2372 καὶ
731 2346 882 2372 ὑποστατδν

89 2391 148 2427 (67)
166 2391 208 2417 δεῖ
225 2391 458 2427 παραλαμϐάνειν.
482 2393 525 2418 Ἐν
546 2392 595 2427 μὲν
609 2389 655 2418 οὖν
677 2393 733 2422 τοῖς
748 2392 882 2427 μακροτέ-

91 2445 150 2472 ροις
162 2437 237 2471 ὅροις
251 2437 282 2463 τὸ
295 2437 397 2472 πλῆθος
415 2438 470 2464 τῶν
492 2438 568 2464 εἰδῶν
583 2438 636 2464 τῶν
650 2437 882 2472 έξευρισκομένων

87 2483 135 2510 διὰ
152 2483 207 2510 τῶν
221 2483 286 2510 δέκα
299 2485 486 2520 κατηγοριῶν·
505 2485 533 2510 ὲν
550 2484 577 2510 δὲ
593 2485 649 2515 τοῖς
665 2483 815 2518 ἐλαχίστοις
827 2504 833 2514 ,
849 2482 884 2508 τὰ

89 2530 285 2565 προηγούμενα
299 2530 354 2556 τῶν
370 2530 511 2566 προσεχῶν
528 2530 605 2557 εἰδῶν
620 2530 765 2565 ληφθέντα,
778 2529 826 2564 τὴν
840 2530 884 2556 οὺ-

88 2578 153 2604 σίαν
167 2578 215 2603 καὶ
229 2577 309 2612 φύσιν
321 2577 493 2612 διασημαίνει
504 2576 552 2603 τοῦ
566 2577 726 2612 πράγματος
735 2584 742 2591 ·
757 2577 771 2601 ὁ
783 2575 811 2602 δὲ
822 2575 885 2601 ἐλά-

87 2630 183 2656 χιστος
197 2623 229 2648 ἐκ
244 2622 329 2658 τριῶν
343 2622 500 2658 συνέστηκε,
513 2622 560 2649 τοῦ
575 2622 670 2656 γένους
684 2622 730 2647 καὶ
743 2621 813 2647 δυεῖν
829 2620 883 2647 τῶν

146 2715 176 2743 »ῃ
198 2711 228 2738 Ρ.
251 2710 304 2738 916
323 2710 377 2738 ED.
397 2710 549 2742 POTTER,
573 2710 694 2737 779-780
713 2709 766 2736 El).
788 2708 895 2738 PARlS.

126 2789 183 2823 (66)
208 2788 344 2822 Θεωρεῖν.
372 2788 488 2824 Θεωρεῖν
511 2788 635 2822 agnoscit
663 2788 744 2814 etiam
763 2787 880 2824 _llerreti

89 2825 191 2857 rersio,
208 2833 217 2849 ι
233 2824 414 2858 contemplari
433 2822 518 2857 genus
533 2825 560 2850 in
573 2824 678 2850 duabus
695 2822 853 2857 speciebus:
870 2833 878 2847 ι

88 2865 170 2895 atque
183 2861 221 2888 ita
237 2864 281 2887 est
294 2859 321 2885 in
338 2857 363 2893 p.
381 2859 551 2893 przecedeute
564 2879 572 2891 ,
587 2867 640 2885 tton
656 2857 828 2893 aspernanda
842 2862 883 2884 ta-

252 2906 393 2935 PnnOL.
413 2905 459 2935 (in
497 2904 555 2935 1X.

922 227 1037 254 rationis
1054 227 1200 262 particeps.
1224 226 1283 259 Quo
1304 226 1330 253 ﬁt
1354 232 1383 253 ul
1407 226 1528 253 materia:
1544 227 1653 261 quidem
1669 228 1710 255 lo-

921 280 984 299 cum
1001 277 1111 308 praestet
1127 272 1241 304 divisio.
1259 272 1411 299 delinitioni
1434 280 1560 307 qua-.rens
1579 273 1711 308 simplici-

921 322 1002 346 tatem
1019 319 1139 346 nominis
1155 319 1287 346 :artiﬁcis
1299 322 1389 345 autent
1405 323 1432 345 et
1451 319 1558 354 opiﬁcis
1578 319 1711 351 deﬁnitio,

922 372 982 398 qua:
997 366 1134 400 componit
1147 370 1173 393 et
1188 366 1334 395 construit.
1352 369 1378 392 et.
1393 365 1453 400 ejus
1468 366 1540 400 quod
1562 371 1605 394 est
1619 371 1714 394 osten-

921 411 962 437 dit
990 412 1184 446 cognitionem.
1210 411 1267 438 Non
1290 411 1386 437 ltarum
1409 415 1500 438 autem
1522 419 1633 444 rerum,
1663 420 1713 439 nec

923 455 1044 483 idearum
1061 456 1139 491 331
1154 461 1218 484 sunt
1227 456 1409 488 deﬁnitiones,
1426 456 1472 484 sed
1493 464 1582 484 rerum
1597 456 1712 492 quaruni

923 503 1056 531 habemus
1071 503 1240 531 universales
1252 504 1279 530 in
1293 503 1385 530 anitno
1400 504 1534 530 notiones.
1550 502 1650 530 llarum
1664 511 1714 531 no-

923 550 1028 577 tionum
1045 549 1163 576 dicimus
1180 557 1240 576 esse
1255 549 1395 576 orationes
1410 549 1647 584 interpretativas;
1664 550 1713 577 ha-

923 603 984 622 rum
1000 594 1071 622 enirn
1083 594 1225 621 notionum
1237 593 1305 621 ﬁunt
1319 594 1399 621 etiam
1412 593 1570 621 divisiones.
1590 593 1628 620 Ex
1644 593 1715 622 diri-

925 639 1049 667 sionibus
1062 643 1163 670 autem,
1173 646 1226 666 una
1236 638 1346 673 quidem
1356 641 1384 670 »Β
1394 638 1489 665 dividit
1498 646 1553 665 rem
1563 639 1713 667 divisamin

925 686 1042 721 species,
1059 689 1088 712 ut
1104 693 1190 720 genus
1207 695 1213 712 :
1229 686 1316 712 altera
1334 689 1423 712 autem
1442 686 1470 712 in
1490 691 1598 721 partes,
1623 691 1652 713 ut
1673 691 1716 714 to-

924 736 980 758 tmn
995 741 1000 758 :
1019 731 1071 758 alia
1086 739 1150 759 vero
1166 731 1193 759 in
1209 731 1373 758 accidentia.
1397 731 1485 767 Atque
1503 733 1587 760 totius
1604 733 1714 768 quidem

925 777 952 805 in
969 781 1061 813 partes
1071 777 1182 810 divisio,
1200 782 1230 804 ut
1245 779 1392 813 plurimum
1407 779 1600 807 consideratur
1613 780 1639 807 in
1658 789 1715 807 ma-

925 824 1068 860 gnitudine
1085 835 1092 852 :
1108 833 1168 860 qua:
1183 824 1211 851 ﬁt
1228 828 1318 852 autetn
1340 825 1367 852 in
1382 825 1533 853 accidentia
1546 846 1554 858 ,
1575 835 1715 862 nunquam

927 874 1016 906 potest
1031 874 1087 898 tota
1110 871 1259 906 explicari,
1282 871 1415 906 siquidem
1433 877 1540 906 oportet
1567 873 1716 908 unicuique

927 917 1030 944 entium
1048 918 1161 944 omnino
1177 917 1268 945 inesse
1281 918 1440 945 essentiam.
1466 916 1545 946 Unde
1567 919 1649 946 etiam
1673 928 1718 947 re-

928 963 1081 997 prohantur
1097 964 1182 990 ambae
1194 963 1235 990 hae
1251 963 1401 991 divisiones
1417 973 1423 990 :
1440 963 1496 990 sola
1514 967 1603 991 autem
1619 965 1718 1000 proba—

928 1014 972 1036 tur
985 1009 1084 1036 divisio
1097 1010 1206 1044 generis
1226 1009 1253 1036 in
1267 1008 1384 1044 species,
1409 1016 1423 1036 a
1447 1017 1500 1044 qua
1515 1009 1630 1036 fortnam
1652 1011 1718 1037 elia-

928 1060 1116 1090 racteremque
1133 1055 1232 1090 accipit
1246 1063 1306 1090 qua:
1321 1059 1363 1082 est
1379 1055 1529 1083 secundant
1541 1064 1627 1091 genus
1640 1057 1718 1084 iden-

929 1102 1012 1134 titas,
1035 1106 1061 1129 et
1085 1101 1233 1129 diversitas
1257 1101 1347 1136 quoad
1377 1101 1546 1129 diﬁcrentias
1575 1102 1719 1138 speciales.

930 1148 1041 1183 Species
1057 1156 1165 1183 semper
1186 1149 1213 1175 in
1235 1148 1325 1183 aliqua
1341 1152 1419 1183 parte
1440 1149 1648 1182 consideratur,
1664 1158 1718 1177 non

930 1199 1019 1222 tamen
1042 1199 1137 1222 contra
1162 1195 1184 1222 si
1206 1195 1272 1230 quid
1296 1199 1338 1222 est
1358 1203 1421 1229 pars
1443 1195 1577 1230 alicujus.
1602 1196 1653 1223 hoc
1667 1197 1720 1223 erit
1753 1211 1755 1214 ~

929 1241 1011 1268 etiam
1026 1241 1131 1275 species
1147 1250 1152 1267 :
1167 1248 1264 1267 manus
1276 1239 1348 1267 enim
1361 1244 1403 1267 est
1418 1247 1481 1275 pars
1496 1240 1605 1275 quidem
1632 1240 1721 1268 homi-

929 1288 984 1320 nis,
997 1295 1051 1314 non
1064 1291 1106 1314 est
1120 1291 1211 1315 autem
1232 1288 1347 1323 species.
1367 1288 1399 1314 Et
1415 1295 1502 1323 genus
1524 1287 1634 1322 quidem
1649 1288 1720 1316 inest

930 1334 958 1361 in
969 1334 1112 1368 speciebus
1130 1344 1135 1361 :
1151 1334 1252 1361 animal
1269 1335 1340 1362 enim
1354 1334 1422 1362 inest
1438 1335 1464 1361 in
1481 1334 1591 1361 homine
1603 1339 1628 1361 et
1640 1334 1718 1361 bore.

930 1378 1029 1407 Totum
1053 1384 1144 1407 autem
1168 1387 1221 1407 non
1244 1379 1316 1407 inest
1337 1380 1364 1407 in
1388 1379 1520 1414 partibus.
1542 1379 1629 1407 Homo
1646 1380 1719 1407 enim

931 1433 984 1451 non
1002 1424 1075 1452 inest
1093 1425 1119 1452 in
1135 1425 1260 1460 pedibus.
1283 1424 1418 1458 Quocirca
1445 1426 1549 1460 species
1573 1429 1617 1452 est
1644 1429 1720 1460 parte

932 1470 1032 1505 potior.
1058 1469 1090 1497 Et
1113 1478 1284 1505 qumeunque
1302 1471 1335 1498 de
1357 1479 1456 1506 genere
1471 1471 1670 1506 praedicantur,
1688 1478 1719 1498 ea

931 1519 1012 1545 etiam
1027 1519 1118 1545 omnia
1133 1519 1354 1553 przedicahuntur
1371 1519 1404 1547 de
1418 1520 1525 1554 specie.
1547 1520 1636 1555 Atque
1651 1521 1705 1555 opli
1715 1535 1721 1541 -

933 1570 1005 1589 ntum
1023 1562 1132 1597 quidem
1156 1562 1238 1589 fuerit
1259 1563 1435 1598 contemplati
1456 1570 1542 1598 genus
1564 1563 1591 1590 in
1613 1563 1721 1590 duabus

932 1607 1076 1642 speciebus
1094 1617 1100 1635 :
1126 1608 1168 1635 sin
1194 1608 1285 1636 minus
1312 1613 1402 1636 autem
1416 1628 1424 1641 ,
1443 1610 1470 1636 in
1494 1609 1592 1636 tribus.
1610 1608 1721 1644 Species

932 1661 997 1689 ergo
1009 1654 1103 1682 divisa:
1123 1655 1233 1689 quidem
1256 1656 1427 1690 generalius,
1445 1656 1632 1683 characterem
1648 1656 1722 1683 aecia

934 1700 1011 1734 piunt
1026 1708 1058 1726 ex
1075 1699 1170 1726 eodem
1189 1704 1216 1727 et
1230 1700 1326 1727 altero.
1350 1700 1452 1728 Deinde
1468 1708 1534 1728 vero
1551 1701 1659 1733 divisae,
1675 1709 1722 1736 per

932 1754 963 1773 ea
973 1753 1032 1781 quae
1047 1746 1211 1781 generaliter
1230 1746 1421 1781 signiﬁcantur
1441 1747 1629 1774 characterem
1652 1747 1725 1773 acci-

933 1792 1020 1826 piunt.
1040 1790 1216 1826 Unaquzeque
1229 1792 1301 1819 enim
1313 1792 1419 1827 species
1434 1797 1481 1819 aut
1497 1796 1539 1819 cst
1551 1791 1721 1819 substantia:

933 1843 962 1865 ut
978 1846 1040 1865 cum
1054 1838 1188 1865 dicimus:
1201 1837 1240 1864 Ex
1255 1838 1287 1865 iis
1305 1846 1366 1873 qua:
1383 1842 1457 1870 sunt,
1468 1838 1520 1865 alia
1534 1838 1643 1873 quidem
1659 1841 1724 1865 sunt

934 1892 1077 1920 corporea.
1091 1885 1144 1911 alia
1161 1892 1225 1912 vero
1243 1885 1404 1919 incorporea
1421 1894 1427 1912 ι
1446 1888 1493 1911 aut
1509 1888 1660 1919 quantum,
1676 1887 1724 1910 aut

934 1932 1005 1967 quod
1023 1931 1141 1959 refertur
1154 1931 1188 1958 ad
1204 1930 1316 1966 aliquid,
1330 1934 1376 1957 aut
1393 1930 1448 1961 ubi,
1464 1934 1510 1957 aut
1523 1930 1649 1965 quando,
1676 1934 1723 1956 aut

934 1985 1024 2012 agere,
1039 1981 1086 2004 aut
1101 1977 1167 2012 pati.
1181 1976 1377 2011 Cujuscunque
1392 1983 1456 2010 ergo
1472 1976 1510 2003 rei
1531 1976 1610 2003 habet
1624 1976 1724 2010 aliquis

935 2023 1090 2054 scientiam,
1107 2023 1167 2057 ejus
1179 2023 1260 2050 etiam
1277 2022 1352 2048 dabit
1363 2021 1548 2049 deﬁnitionem
1563 2031 1570 2048 :
1592 2020 1724 2056 quemad-

935 2071 1044 2098 modum
1061 2070 1108 2105 qui
1128 2077 1181 2097 non
1198 2073 1286 2104 potest
1308 2069 1433 2096 oratione
1447 2067 1678 2103 comprehendere
1697 2071 1724 2093 et

934 2116 1048 2143 delinire
1062 2115 1206 2151 quidlibet,
1222 2114 1283 2149 ejus
1295 2115 1333 2142 rei
1351 2121 1490 2148 nunquam
1508 2113 1619 2140 habebit
1635 2113 1725 2139 scien-

935 2163 1010 2188 tiam.
1031 2161 1068 2189 Ex
1089 2161 1258 2196 ignoratione
1273 2165 1362 2188 autent
1377 2159 1560 2190 deﬁnitionis,
1579 2158 1680 2185 accidit
1695 2163 1725 2184 ut

899 2215 920 2243 ι)
936 2209 1027 2236 multa:
1038 2208 1222 2236 dubitationes
1233 2207 1355 2234 oriantur
1368 2211 1396 2233 et
1410 2205 1592 2240 deceptiones.
1609 2203 1636 2231 Si
1650 2205 1724 2232 enim

935 2255 981 2290 qui
1000 2262 1055 2281 rem
1072 2254 1162 2285 novit,
1180 2253 1262 2280 habet
1281 2253 1308 2279 in
1324 2252 1416 2279 animo
1432 2251 1492 2286 ejus
1515 2250 1697 2285 cognitionem
1716 2259 1722 2277 :

935 2304 1025 2335 potest
1038 2304 1128 2327 autem
1144 2300 1206 2334 quis
1217 2299 1341 2326 oratione
1360 2297 1498 2332 explicare
1515 2296 1540 2323 id
1557 2295 1630 2331 quod
1645 2296 1725 2322 habet

937 2346 962 2373 in
977 2346 1070 2373 animo
1085 2355 1091 2372 :
1108 2345 1168 2379 ejus
1185 2349 1274 2371 autem
1293 2343 1366 2378 quod
1382 2343 1473 2370 animo
1489 2342 1624 2376 cogitatur
1638 2341 1725 2376 expli-

935 2391 1018 2423 catio,
1036 2394 1079 2419 est
1090 2391 1212 2418 deﬁnitio
1226 2400 1232 2417 :
1248 2397 1360 2418 necesse
1371 2396 1436 2424 ergo
1446 2392 1487 2416 est
1500 2392 1529 2415 ut
1543 2387 1588 2422 qui
1603 2394 1659 2414 rem
1674 2395 1725 2414 no—

936 2437 982 2467 rit,
997 2437 1083 2471 possit
1099 2435 1160 2470 ejus
1172 2436 1253 2463 etiam
1271 2435 1336 2462 dare
1350 2433 1548 2462 deﬁnitionetu.
1567 2432 1725 2459 Assumitur

937 2486 1026 2509 autem
1043 2482 1070 2509 in
1086 2482 1291 2509 deﬁnitionibus
1307 2482 1388 2509 etiam
1400 2480 1563 2511 dill'erentia,
1578 2487 1637 2514 quae
1653 2479 1724 2513 signi

937 2529 1027 2555 locum
1039 2528 1144 2556 obtinet
1160 2528 1187 2554 in
1204 2527 1372 2555 deﬁnitione.
1389 2526 1513 2554 llominis
1523 2526 1613 2560 itaque
1627 2525 1725 2552 deﬁni-

939 2574 1006 2601 tioni
1020 2564 1155 2608 adjectum
1167 2594 1174 2605 ,
1190 2574 1215 2600 vi
1229 2573 1335 2600 ridendi
1349 2572 1494 2608 praeditum
1508 2592 1515 2603 ,
1534 2571 1598 2597 facit
1615 2574 1701 2596 tottnn
1716 2578 1723 2596 :

938 2620 1038 2647 animal
1053 2619 1167 2647 rationis
1182 2619 1328 2655 particeps,
1348 2619 1470 2650 mortale,
1487 2621 1626 2650 terrestre,
1644 2616 1725 2652 pede~
1759 2614 1761 2617 ’

934 2794 995 2812 men
1013 2790 1055 2812 est
1071 2785 1101 2812 Α.
1115 2785 1195 2812 lectio
1210 2785 1335 2820 διαιρεῖν,
1357 2794 1365 2809 ι
1387 2783 1517 2811 dividere.
1531 2793 1544 2820 γ»

936 2856 956 2883 L
971 2821 1016 2850 G7)
1034 2821 1230 2848 'Y'JwO'tath.
1247 2830 1255 2846 ι
1269 2817 1351 2853 Ὼυοᾱ
1363 2819 1476 2854 reliquis
1495 2817 1676 2846 substernite:
1708 2822 1721 2842 ο

959 2864 1047 2884 OWTH.

1551 2900 1586 2929 19
