1934 3075
215 147 267 176 537

794 137 988 167 CLEMENTIS
1007 133 1241 164 ALEXANDRINI

1790 125 1835 152 588

217 212 283 238 stre,
300 206 325 233 vi
340 204 445 232 ridendi
464 203 616 239 prmditnm.
632 201 697 234 Quae
712 201 783 228 enim
805 208 852 235 per
873 199 1001 226 differen-

1068 195 1276 230 ,ναγκαιοτάτων
1302 193 1389 220 εἰδῶν.
1414 191 1520 218 Γίνεται
1542 190 1569 216 δὲ
1588 187 1667 214 τοῦτο
1681 186 1726 214 διὰ
1748 194 1835 212 συντο-

218 256 284 282 tiam
301 253 465 280 adhibentur
481 249 631 278 delinitioni
641 269 648 280 ,
663 251 726 274 sntit
741 247 817 281 signa
835 253 926 273 rerum
940 252 1002 280 pro-

219 302 352 336 priarum,
373 299 493 334 ipsarum
508 299 598 322 autem
620 301 710 321 rerum
726 297 851 319 naturam
866 299 919 318 non
934 291 1004 317 indi-

219 351 294 374 cant.
315 345 375 373 Jam
397 351 462 371 vero
485 343 579 370 dicunt
605 339 785 368 differentiam
813 346 875 365 esse
902 337 1003 372 proprii

220 393 411 424 redditionem,
429 394 456 417 et
473 388 623 417 secundum
646 386 717 421 quod
742 384 832 412 diﬂ'ert
851 384 885 411 ab
900 384 961 411 aliis
978 383 1004 410 id

220 439 293 475 quod
307 438 388 465 habet
407 435 602 466 diﬂ'erenliam,
618 433 690 468 quod
711 432 760 460 soli
777 431 866 462 inest,
882 433 908 457 et
927 430 960 457 de
974 437 1005 456 re

221 488 314 512 mutuo
338 482 523 519 praedicatur:
544 487 657 507 necesse
680 481 723 505 c‘st
749 478 775 504 in
801 475 1004 504 deﬁnitionibus

221 532 338 567 primum
352 536 438 565 genus
461 533 602 555 assumere
630 529 659 551 ut
683 523 851 558 principale,
883 525 909 549 et
932 520 1004 556 quod

223 578 366 606 subsistat.
378 576 410 602 Et
422 576 448 602 in
460 573 628 609 longioribus
638 567 987 606 quidemitdeﬁnitionibus
996 587 1003 597 ,

220 622 365 650 multitudo
386 621 538 656 specierum
557 626 616 653 quae
635 618 812 644 inveniuntur
838 623 886 650 per
911 614 1004 641 decem

1053 244 1126 279 μίαν.
1141 242 1232 277 Φαμὲν
1243 239 1299 268 οὗψ
1324 239 1485 275 Ἄνθρωπός
1502 239 1561 264 ἐστι
1579 236 1609 262 τὸ
1630 235 1700 267 ζῶον
1714 232 1836 267 γελαστι-

1052 289 1108 315 κόν·
1121 288 1152 314 τό
1162 296 1191 314 τε
1202 287 1347 323 ἐξαιρέτως
1360 283 1529 320 συμϐεϐηκὸς
1541 282 1580 317 τῷ
1591 279 1746 316 ὁριζομένῳ
1760 285 1837 312 προσ-

1053 334 1247 370 παραληπτέον
1258 353 1266 366 ,
1291 332 1307 367 ἢ
1328 332 1378 367 τὴν
1396 331 1463 357 ίδίαν
1475 329 1576 366 ἀρετὴν
1588 326 1670 354 αὑτοῦ
1683 346 1690 357 ,
1708 325 1725 359 ἦ
1736 324 1767 350 τὸ
1779 323 1838 349 ἴδιον

1053 368 1131 417 ἔργον
1145 368 1240 411 αὑτοῦ,
1257 379 1304 406 καὶ
1315 378 1443 405 τοιούτων
1458 376 1538 403 τινῶν
1551 375 1647 402 ἄλλων.
1667 368 1839 406 Ἑξηγητικδς

1055 426 1101 454 οὖν
1117 429 1131 453 ὁ
1144 428 1206 462 ὅρος
1221 426 1258 453 ὦν
1272 426 1321 461 τῆς
1339 424 1386 452 τοῦ
1400 424 1561 460 πράγματος
1571 421 1674 452 οὐσίας,
1687 417 1839 454 περιλαϐεῖν

1058 475 1106 510 μὲν
1121 474 1242 510 ἀκριῦῶς
1256 473 1306 509 τὴν
1320 472 1398 507 φύσιν
1410 470 1457 497 τοῦ
1475 470 1635 504 πράγματος
1647 465 1788 493 ἀδυνατεῖ·
1801 462 1841 489 διὰ

1055 508 1084 546 δὲ
1108 508 1164 545 τῶν
1184 517 1359 554 κυριωτάτων
1383 516 1460 543 εἱδῶν
1476 515 1525 551 τὴν
1546 513 1661 549 δήλωσιν
1678 511 1729 545 τῆς
1751 508 1842 539 οὐσίας

1057 567 1189 597 ποιεῖται,
1203 565 1249 591 χαι
1267 564 1405 620 σχεδὸνεὲν
1421 562 1543 596 ποιότητι
1562 560 1576 586 ὁ
1597 560 1659 595 ὅρος
1681 558 1731 593 τὴν
1751 554 1842 582 οὐσίαν

1056 621 1122 646 εχει.
1364 619 1366 622 ·

221 669 428 704 ριιιξαιὶιιιιηιειιιο
441 677 448 694 ;
462 667 490 693 in
505 665 626 692 minimis
643 666 732 690 autem
743 681 751 695 ,
768 668 829 696 quas
855 668 887 688 ex
904 659 1015 694 propinq

1099 657 1242 692 speciebus
1258 659 1373 690 sumpta:
1395 654 1496 681 fuerint
1512 651 1692 688 principales,
1727 647 1766 674 rei
1801 652 1844 672 es'

1391 700 1407 704 "
1693 699 1713 704 an
1742 692 1842 704 J..-|...-

221 692 428 704 βων-’κώπην
442 692 447 694 -
462 692 489 693 κη
744 692 748 695 η
777 692 784 696 .
905 692 912 694 .
957 692 964 694 _
1011 692 1017 693 ,

221 716 336 742 sentiam
370 718 397 741 et
425 716 550 740 naturam
567 709 732 745 signiﬁcant.
764 707 829 739 Qum
845 711 886 733 est
899 710 988 732 autem
1019 704 1131 731 minima
1144 723 1151 735 ,
1181 706 1290 729 constat
1311 709 1343 728 ex
1363 700 1468 730 tribus,
1496 707 1528 725 ex
1551 703 1668 732 genere,
1689 699 1717 721 et
1739 692 1844 720 duabus

221 761 365 795 speciebus
396 758 513 785 maxime
545 754 720 782 necessariis.
739 752 796 779 lloe
817 755 906 778 autem
928 751 957 776 ﬁt
977 753 1088 784 propter
1114 748 1287 775 brevitatem.
1324 746 1444 774 Dicimus
1459 752 1548 779 ergo:
1569 742 1656 769 Homo
1677 744 1721 768 est
1745 737 1844 766 animal

221 785 363 835 viridendi
376 804 530 840 prmditum.
544 801 622 828 Tunc
633 799 828 827 assumendum
839 801 880 824 est
894 797 920 823 id
934 795 1006 831 quod
1027 795 1162 830 prmcipue
1175 794 1276 821 accidit
1289 793 1312 821 ei
1329 793 1399 827 quod
1418 791 1556 822 deﬁnitur,
1586 793 1633 816 aut
1648 787 1759 823 propria
1787 785 1845 818 ejus

221 855 309 881 vii-tus
320 873 326 884 ,
347 855 394 878 aut
411 849 549 885 proprium
566 847 627 881 ejus
650 853 750 872 munus
770 852 802 871 ac
818 843 935 871 ollicium
947 863 954 875 ,
969 846 1016 868 aut
1030 841 1133 876 aliquid
1149 840 1224 868 aliud
1239 839 1384 874 ejusmodi.
1401 838 1491 871 Quare
1507 844 1568 864 cum
1592 834 1716 863 deﬁnitio
1750 832 1845 859 debeat

223 901 260 927 rei
272 897 419 927 essentiam
430 901 577 929 exponere,
598 900 650 919 non
669 894 759 926 potest
780 890 888 925 quidem
906 889 943 915 rei
960 891 1085 915 naturam
1101 890 1228 914 accurate
1255 885 1485 920 comprehendere
1516 893 1523 910 :
1542 890 1589 918 per
1614 881 1768 917 praecipuas
1797 886 1847 905 au-

223 952 276 974 tem
303 943 408 979 species
426 941 546 969 declarat
565 939 710 967 essentiam
726 946 732 964 :
749 940 775 963 et
793 936 874 963 habet
890 934 1011 962 deﬁnitio
1030 932 1227 968 propemodum
1239 931 1386 958 essentiam
1404 931 1430 957 in
1445 930 1586 965 qualitate.

925 991 1039 1020 CAPUT
1071 990 1125 1017 VII.

696 1041 733 1068 De
746 1040 833 1067 causis
850 1038 989 1065 dubitandi
1006 1038 1059 1065 sive
1074 1045 1209 1064 assensum
1227 1034 1383 1063 sustinendi.

261 1107 326 1140 Quce
348 1104 467 1133 efﬁciunt
494 1105 522 1128 ιιι
551 1099 718 1128 sustineatur
742 1097 882 1127 assensio.
916 1102 1007 1122 causa:

1093 1094 1133 1121 Τὰ
1150 1092 1277 1129 ποιητικὰ
1298 1092 1348 1127 τῆς
1372 1091 1471 1126 ἐποχῆς
1488 1090 1563 1117 αἴτια
1585 1087 1632 1116 δύο
1648 1087 1708 1114 ἐστὶ
1731 1086 1767 1113 τὰ
1781 1088 1849 1113 ἅνω-

227 1157 293 1182 sunt
316 1152 377 1179 dua:
395 1156 537 1185 supremae.
562 1146 620 1174 Una
645 1145 772 1180 quidem,
789 1151 868 1171 mens
892 1143 1011 1169 humana

227 1207 287 1235 quae
304 1201 346 1225 est
361 1195 502 1230 multiplex
517 1197 543 1221 et
558 1192 694 1220 instabilis
704 1210 712 1222 ,
729 1190 773 1217 cui
790 1189 898 1224 quidem
915 1190 1012 1214 natura

226 1234 268 1273 est
284 1244 397 1271 insitum
422 1245 452 1268 ut
471 1242 581 1275 generet
600 1237 816 1266 dissensionem.
835 1238 881 1261 aut
897 1234 1012 1260 aliorum

227 1293 297 1320 inter
309 1299 338 1318 se
349 1288 464 1316 invicem
480 1291 525 1313 aut
542 1286 585 1313 sui
598 1285 719 1319 ipsorum
736 1290 751 1309 a
766 1281 874 1316 seipsis.
888 1279 1014 1306 Secunda

227 1341 368 1367 autem,ea
384 1341 445 1368 qua:
456 1336 498 1360 est
514 1331 541 1358 in
558 1331 640 1358 rebus
655 1326 851 1362 discrepantia,
862 1333 921 1360 qua:
931 1325 1014 1352 etiam

228 1381 345 1409 maxime
368 1378 450 1407 ellicit
473 1381 502 1404 ut
523 1376 692 1404 sustineatur
715 1372 850 1400 assensio.
866 1370 934 1397 Nam
951 1377 1014 1396 eum

229 1435 317 1462 neque
330 1425 459 1453 omnibus
473 1423 540 1450 visis
558 1421 696 1456 possimus
712 1419 824 1446 credere
845 1421 955 1452 propter
972 1423 1015 1442 re-

229 1473 430 1510 pugnantiam:
455 1476 542 1504 neque
564 1467 691 1494 omnibus
715 1465 793 1492 ﬁdem
818 1471 874 1490 non
900 1462 1014 1493 habere,

229 1509 302 1556 quod
319 1519 346 1546 id
361 1517 432 1553 quod
453 1515 520 1543 dicit
535 1513 627 1541 omnia
654 1519 716 1539 esse
742 1509 930 1542 incredibilia,
953 1515 1015 1534 cum

231 1567 266 1594 sit
284 1574 316 1593 ex
332 1563 470 1593 omnibus,
488 1561 516 1588 in
532 1566 675 1587 numerum
688 1557 769 1584 etiam
793 1555 913 1583 omnium
931 1553 1017 1580 ascri-

231 1613 327 1643 batur;
344 1617 433 1644 neque
448 1606 584 1641 aliquibus
605 1603 714 1638 quidem
741 1601 864 1632 credere,
882 1598 1017 1634 aliquibus

231 1664 295 1685 vero
311 1664 365 1683 non
382 1643 505 1684 credere,
521 1655 632 1687 propter
645 1648 826 1683 aequalitatem
841 1654 848 1672 ε
863 1653 896 1673 eo
907 1643 1017 1672 deducti

232 1712 328 1732 sumus
345 1706 374 1730 ut
388 1700 574 1729 sustineanius
599 1696 796 1724 assensionem.
811 1694 912 1721 Harum
928 1697 1018 1720 autem

235 1749 425 1787 principalium
442 1752 605 1775 causarum,
621 1746 732 1778 propter
747 1748 815 1776 quas
832 1740 1018 1767 asscnsionem

1061 1141 1150 1168 τάτω·
1169 1139 1197 1166 ἓν
1216 1139 1265 1174 μὲν
1290 1139 1321 1165 τὸ
1339 1137 1505 1173 πολύτροπον
1529 1136 1576 1163 καὶ
1600 1135 1716 1162 ἄστατον
1738 1133 1787 1167 τῆς
1804 1134 1850 1159 ἀν-

1062 1185 1200 1222 θρωπίνης
1228 1183 1350 1219 γνώμης,
1376 1183 1445 1217 ὅπερ
1467 1180 1624 1216 γεννητικὸν
1650 1177 1720 1206 εἷναι
1747 1186 1852 1212 πεφυκε

1063 1232 1111 1267 τῆς
1127 1230 1284 1265 διαφωνίας,
1294 1230 1352 1264 ἦτοι
1364 1229 1412 1264 τῆς
1426 1228 1481 1264 (68)
1495 1227 1616 1263 ἀλλήλων
1628 1226 1696 1261 πρὸς
1710 1223 1852 1260 ἀλλήλους,

1063 1276 1080 1311 ἢ
1104 1276 1154 1311 τῆς
1171 1275 1274 1302 ἑαυτῶν
1291 1274 1359 1310 πρὸς
1386 1273 1513 1306 ἑαυτούς·
1539 1272 1664 1308 δεύτερον
1681 1271 1709 1297 δὲ
1721 1272 1738 1305 ή
1759 1271 1787 1297 ὲν
1801 1271 1854 1299 τοῖς

1064 1319 1122 1347 οὖσι
1139 1320 1280 1354 διαφωνία,
1297 1320 1314 1355 ἢ
1332 1319 1380 1346 καὶ
1396 1319 1508 1350 εἰκότως
1524 1317 1690 1353 ὲμποιητιχὴ
1700 1315 1854 1349 καθέστηκε

1064 1367 1113 1402 τῆς
1131 1366 1242 1401 ἐποχῆς.
1261 1366 1338 1401 Μήτε
1355 1365 1408 1400 γὰρ
1425 1365 1524 1396 πάσαις
1542 1363 1704 1397 φαντασίαις
1718 1360 1854 1387 πιστεύειν

1065 1411 1224 1447 δυνηθέντες
1235 1410 1278 1437 διὰ
1291 1410 1340 1446 τὴν
1351 1410 1452 1445 μάχην,
1463 1410 1531 1444 μήτε
1548 1409 1649 1439 πάσαις
1665 1407 1792 1433 ἀπιστεῖν
1802 1404 1855 1440 (69)

1065 1457 1109 1484 διὰ
1125 1458 1154 1484 τὸ
1169 1457 1217 1483 καὶ
1233 1457 1281 1492 τὴν
1293 1456 1426 1490 λέγουσαν
1454 1456 1543 1486 πάσας
1567 1454 1698 1485 ἀπίστους
1724 1452 1857 1488 ὑπάρχειν

1067 1504 1097 1537 ἐξ
1113 1503 1225 1530 ἁπασῶν
1242 1501 1324 1529 οὖσαν
1342 1500 1615 1538 συμπεριγραςρεσθαι
1640 1500 1758 1530 πάσαις’
1788 1498 1858 1533 μήτε

1067 1550 1122 1577 τισὶ
1140 1550 1189 1585 μὲν
1198 1549 1346 1580 πιστεύειν,
1355 1548 1410 1574 τισὶ
1426 1548 1453 1573 δὲ
1470 1548 1594 1574 ἀπιστεῖν
1606 1546 1650 1572 διὰ
1666 1546 1716 1576 τὴν
1735 1544 1856 1579 ἰσότητα,

1068 1596 1245 1632 κατήχθημεν
1263 1597 1303 1627 είς
1322 1596 1434 1630 ἐποχήν.
1459 1593 1567 1620 Τούτων
1584 1593 1612 1619 δὲ
1630 1592 1722 1620 αὐτῶν
1738 1591 1793 1619 τῶν
1807 1591 1858 1626 ἀρ-

1068 1642 1226 1678 χικωτάτων
1242 1641 1291 1676 τῆς
1309 1640 1409 1676 ἐποχῆς
1419 1640 1449 1666 τὺ
1463 1640 1512 1675 μὲν
1529 1639 1658 1667 ἀϐέϐαιον
1671 1638 1721 1673 τῆς
1741 1637 1858 1668 διανοίας

1068 1688 1226 1724 γεννητικόν
1239 1689 1297 1714 ἐστι
1314 1686 1459 1722 διαφωνίας
1469 1695 1475 1701 ·
1485 1687 1502 1722 ή
1518 1686 1546 1712 δὲ
1563 1685 1707 1723 διαφωνία,
1726 1683 1859 1720 προσεχὲς

1069 1737 1154 1762 αἴτιον
1163 1735 1211 1770 τῆς
1229 1735 1329 1770 ἐποχῆς
1339 1743 1345 1749 ⁸
1364 1734 1424 1761 ὅθεν
1441 1733 1548 1769 πλήρης
1562 1733 1613 1768 μὲν
1632 1734 1646 1758 ὁ
1659 1731 1716 1766 βίος
1730 1731 1860 1765 δικαστη-

233 1777 411 1824 sustinemus,
428 1789 601 1826 cogitationis
617 1777 724 1823 quidem
738 1786 903 1813 instabilitas
913 1804 920 1815 ,
936 1792 1015 1819 gene-

1073 1782 1136 1817 ρίων
1152 1790 1182 1808 τε
1199 1783 1247 1808 καὶ
1264 1780 1472 1817 βουλευτηρίων,
1482 1780 1528 1806 καὶ
1540 1777 1654 1806 καθόλου
1667 1778 1717 1814 τῆς
1729 1777 1794 1813 περὶ
1805 1777 1860 1812 (ἷο)

234 1847 277 1869 nit
290 1839 488 1868 dissensionem
508 1846 514 1862 :
537 1833 673 1862 dissuasio
687 1836 776 1859 autem
797 1835 839 1859 est
862 1830 1017 1858 immediata

233 1893 316 1914 causa
332 1887 443 1920 propter
455 1888 534 1916 quam
549 1878 700 1906 sustinetur
711 1875 845 1903 assensio.
860 1873 928 1900 llinc
939 1873 1019 1908 plena

233 1931 345 1968 quidem
360 1933 401 1956 est
425 1928 478 1954 vita
499 1924 611 1960 iudiciis
628 1927 655 1950 et
669 1921 770 1953 curiis,
795 1924 822 1947 et
843 1919 872 1946 in
893 1926 1017 1950 summa,

233 1966 327 2006 eorum
345 1983 406 2011 qua:
422 1974 551 2001 dicuntur
568 1971 639 1998 bona
655 1973 682 1996 et
699 1968 771 1995 mala
789 1966 944 1994 electione:
959 1973 1019 2000 qua:

234 2021 342 2056 quidem
354 2010 446 2046 dubia:
460 2015 559 2043 mentis
573 2020 600 2041 et
617 2012 649 2040 ad
663 2011 850 2047 oppositarum
866 2017 957 2037 rerum
978 2010 1021 2036 in-

235 2068 389 2095 ﬁrmitatem
401 2062 592 2093 claudicantis,
609 2064 673 2088 sunt
686 2061 857 2093 argumenta.
884 2056 954 2083 Sunt
968 2057 1020 2082 ita-

234 2119 286 2145 que
308 2109 385 2136 libris
401 2108 487 2143 plenae
509 2105 697 2135 bibliothecae,
719 2103 877 2136 classesque
900 2105 927 2128 et
947 2108 1021 2127 eom-

1070 1829 1104 1854 τὰ
1115 1828 1250 1863 λεγόμενα
1266 1827 1357 1862 ἀγαθὰ
1373 1827 1420 1853 καὶ
1433 1826 1505 1853 κακὰ
1519 1824 1745 1861 αἱρέσεως,ᾶπερ
1761 1825 1860 1859 ἠπορηε

1072 1874 1157 1909 μένης
1175 1873 1233 1900 ἐστὶ
1249 1873 1368 1905 διανοίας
1385 1873 1431 1899 καὶ¹
1448 1872 1515 1908 πρὸς
1536 1872 1583 1906 τήν
1597 1870 1650 1897 τῶν
1667 1870 1724 1905 (τι)
1750 1871 1864 1897 ἀντικει-

1074 1919 1161 1954 μένων
1178 1920 1347 1954 πραγμάτων
1361 1920 1401 1950 εἰς
1417 1917 1559 1945 ἀσθένειαν
1572 1917 1626 1952 (72)
1640 1916 1863 1951 μετοκλαζοὺσης

1071 1966 1225 2001 τεκμήρια·
1241 1965 1354 2000 πλήρεις
1369 1964 1391 1990 δ’
1414 1964 1442 1991 αἱ
1459 1963 1543 1999 θῆκαι
1561 1963 1615 1990 τῶν
1633 1962 1757 1997 βιϐλίων,
1774 1962 1821 1988 καὶ
1836 1962 1864 1988 αἱ

1074 2011 1213 2044 συντάξεις
1230 2010 1276 2038 καὶ
1292 2011 1320 2038 αι
1338 2011 1523 2045 πραγματεῖαι
1539 2009 1592 2035 τῶν
1615 2008 1823 2043 διαφωνούντων
1836 2009 1865 2033 ὲν

1073 2059 1129 2089 τοῖς
1146 2057 1279 2092 δόγμασι,
1301 2057 1350 2083 καὶ
1371 2056 1538 2083 πεποιθότων
1558 2056 1671 2086 ἑαυτοὺς
1692 2056 1743 2090 τὴν
1765 2056 1794 2081 ἐν
1810 2055 1865 2085 τοῖς

1075 2100 1150 2129 οὖσιν
1165 2102 1292 2138 ἀλήθειαν
1306 2101 1460 2136 γινώσκειν.

234 2156 414 2184 mentationes
437 2154 472 2181 iis
506 2153 553 2188 qui
588 2152 617 2179 in
633 2150 806 2185 dogmatibus
823 2149 894 2175 inter
919 2156 948 2176 se
975 2148 1160 2182 dissentiunt,
1195 2154 1223 2178 et
1252 2150 1303 2178 sibi
1337 2154 1531 2184 persuaserunt
1553 2156 1583 2176 se
1603 2148 1631 2175 in
1659 2147 1745 2175 rebus
1774 2152 1867 2175 tenere

236 2202 389 2229 veritatem.

952 2240 1067 2268 CAPUT
1088 2241 1145 2268 Vlll
1251 2242 1267 2249 ί

538 2289 598 2322 Qua
609 2287 728 2315 met/mdo
742 2293 797 2314 tum
817 2296 869 2320 res,
888 2293 942 2314 tum
960 2289 1067 2315 nomina
1080 2288 1113 2315 ad
1125 2293 1210 2316 certas
1221 2289 1318 2316 classes
1333 2289 1421 2316 reduci
1440 2293 1559 2324 possunt.

274 2350 302 2377 In
317 2357 385 2377 voce
407 2349 459 2375 tria
482 2350 628 2375 versantur
645 2356 650 2373 :
668 2353 766 2380 nempe
783 2351 810 2373 et
828 2345 938 2372 nomina
964 2354 1015 2381 qua

1112 2347 1181 2383 Τρία
1200 2347 1255 2382 (75)
1274 2347 1332 2373 ἐστὶ
1348 2347 1411 2382 περὶ
1427 2347 1476 2382 τὴν
1499 2347 1606 2382 φωνήν·
1624 2345 1659 2372 τά
1674 2352 1706 2371 τε
1727 2345 1866 2380 ὀνόματα,

239 2401 302 2424 sunt
314 2397 392 2431 signa
408 2401 503 2422 eorum
515 2400 576 2428 quae
591 2393 682 2419 animo
696 2393 849 2427 cogitantur
865 2393 1023 2428 principali-

277 2475 306 2504 ὦ
328 2471 359 2498 Ρ.
377 2471 429 2499 917
449 2469 503 2496 ΕΙ).
523 2468 673 2501 POTTER,
695 2469 743 2496 78l
767 2468 820 2495 ΕΙ).
841 2468 953 2497 PARIS.

272 2538 333 2577 _(68)
355 2538 434 2564 Ἤτοι
444 2536 519 2577 ¹τῆς.
529 2535 675 2577 _D_uplieem
697 2537 895 2577 dissensionem
913 2537 1024 2577 statuit;

241 2571 345 2604 aliain,
359 2579 414 2606 qua
435 2571 536 2599 diversi
557 2571 682 2606 homines
704 2572 775 2598 inter
798 2580 826 2599 se
843 2572 1022 2602 dissentiunt;

243 2609 324 2634 aliam
341 2604 393 2641 qua
409 2606 470 2640 quis
483 2614 498 2632 a
510 2606 601 2641 seipse
616 2604 761 2640 discrepat.

280 2642 335 2676 (69)
350 2640 487 2681 Mli-re
506 2650 534 2668 a.
553 2640 667 2681 Sensus
682 2645 724 2668 est
740 2651 746 2668 :
766 2640 852 2681 Credi
871 2649 925 2668 non
945 2649 1026 2681 posse

244 2675 316 2704 hanc
331 2676 553 2711 propositionem,
572 2685 581 2701 ι
596 2675 669 2702 Nihil
685 2680 727 2702 est
737 2675 911 2711 credendum.
929 2686 938 2701 ι
956 2675 1024 2708 Quia

244 2716 303 2752 tum
317 2710 351 2739 ne
367 2712 423 2738 haec
435 2711 543 2752 quidem
559 2711 708 2752 propositio
718 2715 790 2738 esset
806 2710 950 2752 credenda,
963 2719 1024 2737 cum

244 2747 326 2786 etiam
349 2754 380 2773 ea
395 2746 523 2786 generali.
533 2753 599 2773 voce
617 2755 626 2770 ‹
634 2745 710 2786 'niliil
727 2755 736 2771 ι
754 2746 952 2785 excluderetur.
979 2746 1024 2772 Si-

245 2782 302 2808 mili
317 2779 477 2816 argumento
491 2781 621 2807 adversus
632 2779 846 2816 Pjrrhoniorum
861 2781 961 2816 ἐποχήν
977 2789 1024 2807 su-

245 2809 431 2857 vrt'_¢_9l"9,svs
451 2815 545 2857 p.37}
560 2816 627 2854 edit;
643 2809 730 2843 Paris.

281 2852 336 2885 (ῖυ)
358 2850 411 2877 Καὶ
437 2851 566 2878 καθόλου
593 2849 647 2884 τῆς
673 2858 704 2876 π.
733 2850 813 2883 Vult,
840 2849 1024 2878 diﬂicultatem

1078 2393 1199 2428 σύμϐολα
1213 2393 1278 2420 ὄντα
1294 2393 1347 2418 τῶν
1361 2392 1503 2427 νοημάτων
1520 2391 1588 2418 κατὰ
1601 2391 1631 2417 τὸ
1647 2390 1867 2426 προηγούμενον,

1076 2535 1193 2570 eligendi
1217 2534 1289 2570 quod
1307 2535 1439 2569 optimum
1453 2538 1511 2566 est.
1531 2543 1592 2570 qua:
1608 2534 1711 2569 ubique
1744 2535 1867 2569 gentium

1076 2571 1257 2611 conspicitur.
1282 2578 1343 2610 esse
1366 2570 1541 2611 nianiiestuiii
1564 2570 1716 2611 indicium,
1744 2571 1821 2605 quod
1841 2571 1867 2596 in

1077 2605 1171 2633 multis
1184 2606 1266 2633 rebus
1278 2605 1418 2632 retinenda
1433 2606 1468 2632 sit
1484 2606 1619 2632 assensio.

1098 2641 1168 2681 (71)
1185 2640 1244 2681 ’Καὶ
1259 2640 1340 2681 ’πρὸς
1362 2640 1420 2681 τὴις
1442 2639 1510 2681 τῷγ.
1532 2640 1785 2681 Τήνῌειιρρ-τριιιιῐη
1813 2644 1865 2666 est.

1077 2675 1121 2702 Sic
1132 2675 1203 2710 expl.
1216 2686 1222 2702 :
1234 2685 1242 2701 ι
1257 2675 1322 2707 Qtue
1338 2675 1508 2702 suntindicia
1525 2675 1623 2702 utentis
1638 2676 1739 2706 dubito,
1753 2683 1868 2709 qmeque

1077 2718 1245 2772 plr'azllrertlim
1268 2711 1339 2737 inter
1360 2718 1389 2738 se
1413 2712 1593 2746 repugnantia
1615 2711 1650 2738 ob
1674 2711 1865 2737 inﬁrmitatem

1077 2754 1091 2772 e
1105 2754 1147 2772 ιιι
1160 2754 1199 2772 ica
1217 2766 1222 2771 .
1249 2755 1258 2771 ι

1077 2754 1222 2773 ιιιῖιιιιιιεει.
1249 2755 1258 2771 1

1114 2781 1170 2821 (Ζὲ)
1188 2782 1242 2821 lite
1254 2779 1506 2821 dqdérszar.-Dele
1517 2780 1567 2811 είς.
1584 2779 1698 2807 Lowru.

1115 2815 1171 2851 (75)
1194 2815 1270 2848 Τρία.
1289 2815 1352 2851 llmc
1377 2823 1405 2842 se
1427 2816 1479 2841 tria
1502 2819 1676 2848 sequuntur:
1697 2823 1758 2847 res,
1775 2822 1870 2842 conec-

1080 2849 1265 2886 ptus,'voces.
1289 2849 1377 2878 Voces
1393 2854 1590 2885 repraesentant
1616 2856 1785 2885 conceptus,
1803 2858 1870 2877 eun-
