1934 3075
77 175 137 202 595

699 174 914 202 STROMATUM
935 175 999 202 LIB.
1022 173 1089 202 Vill.

1669 175 1720 202 5'94

77 235 147 261 κόν·
166 234 183 268 ὴ
205 232 234 259 δὲ
255 234 304 260 τοῦ
331 233 513 268 μανθάνοντος
529 232 609 267 φύσις
630 233 760 270 συνεργὸν
784 234 868 260 αἴτιον

935 231 1016 259 Pater
1031 231 1141 267 quidem
1157 235 1199 259 est
1220 239 1303 258 causa
1329 232 1527 266 procatarctica
1547 231 1697 266 disciplimc
1711 244 1718 261 :

77 281 92 307 6
110 280 143 306 δὲ
160 280 259 315 χρόνος
276 279 332 306 τῶν
355 276 393 306 ὧν
410 280 459 306 οὐκ
481 280 545 306 ἄνευ
571 279 649 313 λόγον
670 279 772 314 ἐπέχει.
793 279 882 305 Λῖτιον

77 325 108 352 δὲ
125 326 234 361 κυρίως
248 325 359 359 λέγεται
372 325 402 351 τὸ
417 325 581 361 παρεκτικὸν
595 333 667 356 τινος
683 324 880 361 ἐνεργητικῶς·

77 371 148 397 ἐπεὶ
165 372 215 398 καὶ
230 370 276 397 τὸν
294 371 403 406 σίδηρον
416 371 549 406 τμητικὸν
563 371 653 406 φαμὲν
667 368 737 397 εἶναι
754 370 783 396 οὺ
803 371 882 406 μόνον

78 416 110 443 ἐν
136 416 179 448 τῷ
194 416 317 451 τέμνειν,
340 415 408 442 ἀλλὰ
429 417 475 443 καὶ
494 417 522 443 ὲν
540 416 580 452 τῷ
598 415 635 452 μὴ
656 416 773 452 τέμνειν.
789 415 883 447 Οὕτως

76 461 130 490 03v
151 463 202 489 καὶ
224 463 254 489 τὸ
274 463 439 498 παρεκτικὺν
459 464 542 499 ἄμφω
564 463 701 499 σημαίνει,
719 464 766 490 καὶ
785 462 816 490 τὸ
830 463 881 498 ἠδη

76 508 230 544 ἐνεργοῦν,
249 509 339 535 καὶτὸ
360 508 472 544 μηδέπω
493 509 552 544 μὲν,
569 509 681 544 δυνάμει
696 507 724 534 δὲ
745 507 881 543 κεχρημέ-

75 563 127 581 νον
144 554 194 580 τοῦ
213 555 369 590 ἐνεργῆσαι.
385 555 416 581 Οἱ
434 554 484 590 μὲν
497 552 554 586 οὖν,
573 555 717 590 σωμάτων,
731 555 755 580 οἱ
767 554 799 585 δ’,
814 554 882 580 ἀσω-

78 599 184 634 μάτων
203 601 285 634 φασιν
300 598 369 627 εἶναι
384 599 418 626 τὰ
432 599 507 626 αἴτια
519 608 526 615 ·
545 600 569 626 οἱ
581 599 609 626 δὲ
626 599 656 626 τὸ
672 600 721 635 μὲν
737 599 816 634 σῶμα
832 607 881 626 κυ-

75 644 154 680 ρίως
180 645 268 671 αἴτιον
291 645 366 679 φασὶ,
385 645 415 671 τὸ
435 645 463 671 δὲ
482 645 626 680 ἀσώματον
655 645 880 681 καταχρηστικῶς

74 692 130 719 καὶ
148 689 209 718 οἷον
225 691 366 723 αὶτιωδῶς.
384 692 474 719 Ἄλλοι
491 692 513 718 δ’
533 692 651 728 ἔμπαλιν
668 692 878 728 ἀναστρέφωσι,

73 737 113 764 τὰ
133 738 188 773 μὲν
200 738 333 773 ἀσώματα
344 738 445 774 κυρίως
461 740 535 766 αἴτια
548 738 680 773 λέγοντες,
697 748 879 775 καταχρηστι-

73 781 140 813 κῶς
157 782 188 808 δὲ
206 782 240 808 τὰ
256 782 368 818 σώματα
378 791 384 797 ·
400 780 456 810 οἷον
468 783 517 819 τὴν
529 783 625 819 τομὴν,
637 784 776 820 ἐνέργειαν
786 781 878 816 οὖσαν,

72 827 236 863 ἀσώματον
252 827 331 860 εἶναι,
345 829 393 856 καὶ
412 829 500 855 αἰτίαν
519 826 587 856 εἶναι
604 830 651 856 τοῦ
665 830 785 865 τέμνειν,
801 831 878 866 ὲνερ-

72 873 163 906 γείας
197 873 281 909 οὔσης
308 875 355 901 καὶ
385 875 542 910 ἀσωμάτου,
573 875 621 901 καὶ
646 875 692 902 τοῦ
719 875 876 911 τέμνεσθαι,

934 278 1063 313 magister
1084 282 1185 309 autem,
1202 277 1349 312 synectica.
1368 276 1435 312 Ejus
1458 283 1546 304 autem
1568 277 1718 312 quidiscit,

933 324 1089 359 ingenium.
1114 328 1156 351 est
1183 330 1266 350 causa
1308 322 1459 357 adjuvans;
1488 325 1596 357 tempus
1629 327 1720 350 autem

932 370 1037 397 obtinet
1050 368 1183 395 rationem
1198 376 1345 395 causarum
1363 368 1422 395 sine
1438 368 1537 402 quibus
1551 376 1615 395 non.
1630 368 1721 396 Causa

933 421 1023 443 autem
1041 415 1149 450 proprie
1160 415 1261 442 dicitur
1275 414 1300 441 id
1317 415 1389 449 quod
1410 419 1503 450 aptum
1525 418 1568 441 est
1589 419 1722 449 praestare

933 462 1051 497 aliquem
1083 461 1208 488 etl‘cctum
1237 470 1244 488 :
1270 461 1342 488 sicut
1369 461 1451 488 etiam
1482 460 1584 488 ferrum
1601 460 1720 489 dicimus

932 515 994 535 esse
1021 515 1114 535 secare
1137 511 1242 542 aptum,
1275 515 1329 534 non
1356 507 1444 533 solum
1466 514 1528 533 cum
1557 510 1643 539 secat,
1671 507 1718 535 sed

931 554 1014 580 etiam
1030 560 1092 580 cum
1110 560 1164 580 non
1180 558 1264 580 secat.
1280 552 1325 579 Sic
1340 560 1405 587 ergo
1417 553 1583 588 παρεκτικόν
1596 561 1717 588 quoque,

933 599 958 625 id
976 601 1028 630 est,
1043 601 1174 633 przestare
1188 601 1291 632 aptum.
1308 597 1389 624 ambo
1403 597 1549 632 signiﬁcat,
1563 602 1590 624 et
1604 597 1630 625 id
1644 597 1718 633 quod

929 644 985 678 jam
998 648 1137 678 operatur,
1158 648 1184 671 et
1199 643 1271 678 quod
1297 643 1418 671 nomium
1449 643 1558 677 quidem
1575 647 1717 678 operatur,

932 690 979 718 sed
995 689 1048 716 vim
1066 690 1165 716 habeat
1178 689 1320 724 operandi.
1336 689 1421 716 Porro
1434 695 1523 716 autem
1539 690 1584 716 alii
1607 689 1717 724 quidem

930 734 1026 760 dicunt
1050 741 1149 762 causas
1171 742 1232 761 esse
1254 741 1288 761 ex
1312 734 1473 769 corporibus
1497 743 1504 762 :
1533 735 1579 761 alii
1605 742 1717 762 veroex

930 780 1101 816 incorporeis
1116 788 1123 806 :
1142 780 1187 808 alii
1204 784 1295 807 autem
1309 780 1403 807 dicunt
1417 787 1518 814 corpus
1529 780 1638 815 quidem
1652 788 1715 808 esse

930 827 1040 862 proprie
1053 834 1176 859 causam,
1188 827 1380 861 incorporeum
1397 828 1426 857 ὦ
1442 830 1531 852 autem
1545 834 1593 861 per
1606 826 1718 854 abusio-

929 881 991 900 nem
1004 876 1031 900 et
1044 872 1246 908 quodammodo
1260 872 1418 899 causaliter.
1434 871 1485 898 Alii
1500 875 1590 899 autent
1605 879 1718 899 conver-

71 919 188 954 ὁμοίως
204 921 237 955 τῇ
260 928 289 946 τε
309 920 430 956 μαχαίρᾳ
445 921 492 947 καὶ
511 920 549 956 τῷ
566 921 732 956 τεμνομὲνῳ,
753 920 874 956 σώμασιν

929 923 989 946 ιυηι
1004 927 1019 946 e
1034 919 1185 950 contrario,
1209 926 1254 946 res
1270 919 1449 953 incorporeas
1468 919 1577 953 quidem
1607 919 1718 954 proprie

71 964 152 993 οὖσι.
178 967 218 993 Τὸ
233 966 313 995 τινῶν
330 968 406 995 ἐστιν
423 967 508 994 αἴτιον
519 967 627 1002 λέγεται
643 967 758 1003 τριχῶς·
772 967 803 994 τὺ
818 969 877 1003 μὲν,

71 1013 87 1040 ὅ
122 1014 207 1039 ἐστιν
234 1014 330 1045 αἴτιον,
358 1010 414 1040 οἷον
439 1015 453 1040 ό
473 1013 708 1049 ἀνδριαντοποιός·
727 1014 757 1041 τὸ
785 1014 824 1048 δὲ,
848 1012 879 1042 οὗ

71 1060 157 1085 ἐστιν
175 1059 275 1088 αἴτιον,
291 1058 338 1084 τοῦ
354 1058 476 1092 γίνεσθαι
496 1059 542 1086 τὸν
565 1059 725 1094 ἀνδριάντα·
744 1059 773 1086 τδ
793 1059 832 1093 δὲ,
857 1056 879 1094 ᾧ

71 1104 155 1130 ἐστιν
173 1103 275 1134 αἴτιον,
300 1103 425 1139 ὥσπερὴ
449 1103 517 1140 ὓλην
538 1104 577 1139 τῷ
601 1104 691 1140 χαλκῷ
715 1105 770 1141 γὰρ
793 1106 879 1138 αἴτιός

70 1150 137 1175 ἐστι
153 1149 204 1175 τοῦ
216 1149 338 1183 γίνεσθαι
355 1150 400 1176 τὸν
414 1150 570 1185 ἀνδριάντα.
585 1151 622 1177 Τὸ
637 1150 759 1185 γίνεσθαι
770 1150 818 1178 οὖν
832 1153 879 1179 καὶ

69 1196 104 1222 τὸ
135 1195 306 1231 τέμνεσθαι,
329 1196 363 1222 τὰ
382 1194 412 1223 οὗ
434 1197 507 1223 ἐστιν
532 1196 616 1229 αἴτια,
636 1198 768 1234 ἐνέργειαι
788 1197 876 1230 οὖσαι,

70 1239 228 1276 ἀσώματοι
252 1242 330 1268 εἰσιν.
355 1242 402 1274 Εἰς
425 1242 454 1269 ὃν
479 1241 557 1276 λόγον
582 1244 828 1279 κατηγορημάτων,
849 1244 876 1279 ἢ,

70 1287 113 1318 ὡς
128 1295 220 1318 τινες,
239 1286 342 1314 λεκτῶν
358 1286 451 1323 (λεκτά
467 1287 521 1322 (88)
544 1288 598 1324 γὰρ
614 1288 648 1315 τὰ
662 1289 878 1324 κατηγορήματα

70 1332 216 1359 καλοῦσιν
233 1332 377 1367 Κλεάνθης
400 1333 446 1360 καὶ
466 1333 663 1370 Ἀρχέδημος·)
679 1334 713 1361 τὰ
734 1335 822 1361 αἴτια·
849 1335 875 1370 ἢ,

70 1379 149 1414 ὅπερ
171 1379 221 1405 καὶ
240 1378 350 1414 μᾶλλον,
368 1379 402 1405 τὰ
420 1379 469 1415 μὲν
490 1380 725 1416 κατηγορημάτων
742 1381 814 1407 αἴτια
833 1380 876 1407 λεη

69 1425 227 1461 χῦήσεται,
244 1422 300 1452 οἷον
313 1425 343 1451 τὸ
354 1425 492 1460 τέμνεται,
505 1422 535 1452 οὗ
549 1426 653 1458 πτῶσις
668 1427 698 1453 τὸ
711 1427 857 1463 τέμνεσθαι
868 1437 873 1442 -

68 1470 108 1496 τὰ
126 1469 150 1495 δ’
169 1469 348 1505 ἀξιωμάτων,
360 1470 398 1501 ὡς
408 1469 454 1496 τοῦ
471 1470 537 1502 ναῦς
553 1471 675 1505 γίνεσθαι
692 1472 757 1507 (89),
772 1469 802 1499 οὗ
823 1473 871 1500 πά-

69 1516 117 1543 λιν
137 1516 155 1550 ἠ
174 1515 282 1547 πτῶσίς
296 1516 354 1542 ἐστι
369 1516 400 1543 τὸ
410 1517 477 1544 ναῦν
493 1517 624 1552 γίνεσθαι.
646 1518 832 1555 Ἀριστοτέλης
847 1519 875 1546 δὲ

72 1561 274 1598 προσηγορίαν
290 1561 355 1596 (90),
376 1559 431 1589 οἷον
451 1562 504 1590 τῶν
522 1563 660 1596 τοιούτων,
678 1564 773 1596 οἰκίας,
796 1564 873 1598 νεὼς,

71 1608 220 1638 καύσεως,
235 1607 321 1642 τομῆς
331 1616 338 1622 '
356 1608 372 1643 ὴ
387 1608 491 1640 πτῶσις
501 1609 529 1636 δὲ
544 1610 688 1645 ἀσώματος
700 1609 767 1638 εἶναι
782 1611 877 1646 ὁμολο-

72 1655 182 1687 γ;ἰται.
202 1653 249 1678 Διὸ
268 1653 314 1679 καὶ
329 1652 361 1679 τὸ
374 1654 493 1689 σόφισμα
512 1655 600 1682 ἐκεῖνο
619 1655 690 1682 οὕτω
712 1655 816 1683 λύεται.
844 1658 877 1682 ’Ὁ

72 1699 183 1732 λὲγεις,
207 1697 341 1734 διέρχεται
364 1707 410 1725 σου
429 1699 473 1726 διὰ
489 1700 535 1727 τοῦ
558 1700 707 1736 στόματος·
728 1702 796 1738 ὅπερ
812 1702 878 1737 ἀλη-

73 1745 140 1776 θές·
164 1743 257 1770 οἰκίαν
280 1744 309 1770 δὲ
327 1744 425 1779 λέγεις,
446 1745 520 1772 οἰκία
540 1745 594 1781 ἄρα
614 1745 657 1773 διὰ
679 1746 727 1773 τοῦ
745 1747 878 1782 στόματός

75 1799 125 1816 σου
143 1790 284 1824 διέρχεται
295 1798 300 1804 ·
315 1790 383 1825 ὅπερ
396 1790 493 1825 ψεῦδος
503 1800 509 1806 ·
528 1791 589 1818 οὔτε
601 1791 656 1827 γὰρ
669 1792 719 1827 τὴν
735 1792 822 1819 οὶκίαν
835 1792 877 1818 λέ-

74 1845 169 1871 γομεν
190 1835 270 1870 σῶμα
283 1833 376 1867 οὖσαν,
393 1836 460 1863 ἀλλὰ
475 1836 523 1872 τὴν
540 1837 654 1869 πτῶσιν,
671 1837 816 1873 ἀσώματον
831 1835 876 1864 οὖ-

75 1890 141 1914 σαν,
157 1879 194 1918 ἦς
208 1881 282 1907 οἰκία
297 1881 434 1916 τυγχάνει.
447 1883 502 1909 Καὶ
512 1882 558 1909 τὸν
575 1882 713 1918 οἰκοδόμον
727 1883 876 1918 οἰκοδομεῖν

73 1927 200 1962 λέγομεν
213 1927 284 1953 κατὰ
297 1928 346 1963 τὴν
362 1928 407 1954 ἐπὶ
422 1928 451 1954 τὸ
465 1928 645 1963 γενησόμενον
661 1929 809 1964 ἀναφοράν.
826 1929 877 1955 Οὖ-

75 1981 116 1999 τω
137 1972 232 2007 φαμὲν
245 1972 367 2007 χλαμύδα
381 1972 539 2007 ὑμαίνεσοαι
549 1981 556 1988 ·
576 1973 606 2000 τὸ
621 1974 676 2009 γὰρ
692 1973 787 2001 ποιοῦν
799 1974 876 2009 ἐνερ-

75 2019 160 2053 γείας
174 2018 324 2054 δηλωτικὸν
340 2019 466 2054 ὑπάρχει.
485 2020 541 2046 οὐκ
557 2019 614 2046 ἔστι
626 2019 655 2046 δὲ
671 2019 764 2056 ἐτέρου
785 2020 833 2056 μὲν
848 2020 877 2047 τὸ

78 2065 191 2096 ποιοῦν,
211 2065 305 2100 ἑτέρου
322 2064 351 2091 δὲ
365 2065 397 2092 τὸ
416 2066 513 2098 αἴτιον,
528 2066 594 2093 ἀλλὰ
612 2067 723 2099 ταύτοῦ,
744 2067 794 2103 τῆς
813 2068 877 2102 χλα-

79 2110 178 2145 μύδος,
206 2111 252 2137 καὶ
268 2111 318 2146 τῆς
336 2111 440 2143 οἰκίας·
459 2112 519 2138 καθ’
533 2113 548 2139 ὃ
561 2113 614 2148 γὰρ
637 2114 722 2144 αἴτιος
735 2113 782 2140 τοῦ
802 2113 875 2148 γίνε-

78 2155 158 2187 σθαι,
171 2155 245 2182 κατὰ
255 2155 334 2183 τοῦτο
346 2157 393 2184 καὶ
407 2158 545 2192 ποιητικός
559 2158 617 2184 ἐστι
631 2157 677 2184 τοῦ
692 2158 822 2192 γίνεσθαι.
841 2159 877 2184 Τὸ

76 2202 107 2228 δὲ
125 2202 196 2228 αὐτὸ
208 2201 262 2237 ἄρα
278 2204 363 2230 αἴτιον
376 2204 422 2230 καὶ
437 2204 576 2239 ποιητικὸν
587 2204 632 2230 καί
643 2204 676 2230 δι’
689 2204 712 2230 ὅ.
726 2205 780 2231 Καὶ
790 2206 814 2231 εί
828 2204 876 2240 μέν

75 2248 106 2273 τί
119 2248 199 2273 ἐστιν
210 2247 294 2275 αἴτιον
309 2248 357 2274 καὶ
368 2248 518 2282 ποιητικὸν,
537 2249 615 2275 τοῦτο
632 2249 741 2280 πάντως
755 2250 814 2276 ἐστὶ
830 2251 876 2276 καὶ
890 2263 915 2293 D

75 2293 112 2319 δι’
129 2294 159 2319 ὃ·
176 2294 201 2319 εἰ
214 2293 242 2321 δέ
257 2294 284 2320 τί
302 2295 360 2321 ὲστι
372 2294 404 2320 δι’
417 2295 441 2327 ὃ,
460 2294 491 2321 οὐ
508 2295 616 2327 πάντως
631 2295 710 2322 τοῦτο
721 2297 766 2322 καὶ
778 2296 872 2323 αἴτιον.

77 2338 175 2365 Πολλᾶ
193 2339 259 2373 γοῦν
273 2340 316 2374 ἐφ’
329 2340 357 2366 ἓν
372 2340 543 2376 ἀποτέλεσμα
558 2340 708 2377 συντρέχει,
724 2341 757 2368 δι’
768 2341 786 2368 ἃ
800 2342 874 2376 γίνε-

75 2394 125 2411 ται
148 2384 181 2410 τὸ
202 2384 294 2416 τέλος·
312 2385 369 2412 ἀλλ’
393 2386 443 2412 οὐκ
465 2385 522 2412 ἔστι
546 2387 635 2413 πάντα
658 2386 741 2413 αἴτια.
764 2388 801 2414 Οὐ
819 2388 874 2423 γὰρ

118 2476 149 2504 γΒ
173 2472 205 2500 P.
225 2473 278 2500 920
297 2472 352 2500 El).
372 2472 522 2506 POTTER,
544 2474 596 2502 784
616 2473 670 2501 ΕΙ).
691 2474 804 2503 PARIS.

116 2550 177 2585 {88)
189 2548 297 2577 Λεκτά.
306 2549 364 2576 Vox
376 2557 391 2576 a
403 2550 504 2578 Stoicis
514 2552 640 2585 usurpari
648 2552 738 2579 solita.
750 2551 840 2578 Λεκτά
852 2554 880 2578 et

77 2586 305 2620 κατηγορήματα
317 2584 462 2620 distinguit
479 2587 506 2613 in
523 2584 626 2614 Zenone
643 2586 769 2614 Laertius
781 2587 828 2614 lib.
852 2587 876 2618 7,

77 2629 139 2655 seg.
159 2621 195 2647 45
215 2629 221 2646 :
238 2621 293 2646 Καὶ
307 2620 361 2647 τῶν
382 2622 413 2647 ὲκ
432 2620 534 2648 τούτων
554 2622 744 2656 ὑφισταμένων
763 2622 875 2653 λεκτῶν,

76 2656 112 2688 ag
116 2665 149 2693 EI)
153 2656 259 2690 μάτων,
288 2656 337 2681 καὶ
363 2656 395 2693 an;
400 2656 512 2693 τοπτελῶν
522 2676 536 2693 ,ν
555 2658 603 2683 καὶ
629 2657 874 2693 κατηγορημάτων.

80 2701 90 2716 ι
114 2690 219 2717 Eorum
239 2698 301 2724 quae
326 2698 360 2717 ex
385 2691 445 2718 istis
463 2692 628 2723 subsistunt,
643 2690 792 2724 dictorum,
810 2700 875 2726 pro-

77 2727 288 2757 nuntiaturum,
305 2729 342 2762 ret
367 2733 399 2753 ex
418 2734 447 2753 se
467 2726 668 2762 perfecturum,
687 2731 715 2754 et
742 2726 874 2762 praedica-

76 2765 252 2788 mentorum.
274 2770 283 2786 ι
296 2761 387 2787 Λεκτέι
404 2761 474 2795 apud
491 2761 599 2789 Stoicos
617 2761 766 2789 secundum
779 2761 873 2788 Philo-

77 2804 184 2832 ponum
198 2799 252 2832 Vest
269 2803 456 2832 synonymumﬁ
478 2798 538 2832 ταῖς
558 2799 686 2832 φωναῖςη
698 2797 778 2824 Conf.
812 2805 873 2832 qua:

75 2840 109 2858 ex
128 2839 163 2858 eo
177 2831 266 2857 citata
284 2834 350 2857 sunt
367 2839 392 2864 p.
409 2831 470 2858 772.
483 2831 609 2860 Laertius
624 2833 651 2859 in
665 2831 769 2859 Zenone
785 2831 831 2859 lib.
847 2833 872 2863 7,

76 2875 136 2900 ιρις.
153 2867 202 2896 65,
221 2866 320 2892 deﬁnit
336 2866 431 2892 λεκτὸν
446 2874 517 2898 esse,
536 2867 565 2893 τὸ
586 2867 655 2894 κατὰ
668 2867 818 2902 φαντασίαν
832 2867 875 2894 λο-

75 2903 158 2937 γικὴν
179 2901 368 2936 ὑφιστάμενον
382 2910 388 2916 ·
407 2910 416 2926 t
438 2903 510 2936 quod
540 2901 688 2930 secundum
711 2903 872 2930 rationalem

930 964 1054 992 dicentes
1080 973 1142 992 esse
1153 972 1272 996 causas;
1290 972 1339 999 per
1359 964 1518 991 abusionem
1539 968 1629 992 autem
1653 972 1717 992 cor-

929 1018 995 1045 pora
1010 1018 1017 1036 :
1032 1015 1071 1042 ut,
1085 1010 1162 1037 verbi
1176 1017 1271 1042 causa,
1288 1010 1448 1041 sectionem,
1459 1017 1520 1037 cum
1534 1011 1570 1037 sit
1583 1011 1717 1044 operatio,

928 1065 989 1084 csse
1005 1058 1196 1091 iucorporcam
1207 1065 1213 1089 ;
1226 1062 1253 1083 et
1270 1063 1332 1083 esse
1344 1056 1448 1090 pariter
1463 1063 1575 1084 causam
1594 1057 1718 1090 corpori-

927 1102 988 1133 bus,
1004 1101 1093 1136 gladio
1106 1101 1217 1136 quidem
1236 1100 1358 1133 secandi,
1374 1101 1448 1135 quod
1464 1105 1508 1128 est
1520 1102 1593 1128 actio
1609 1106 1636 1129 et
1651 1102 1717 1137 quid

928 1147 1139 1182 incorporeum;
1161 1150 1188 1173 et
1209 1147 1247 1174 rei
1261 1150 1354 1178 sectae,
1369 1150 1399 1172 ut
1414 1151 1535 1174 secetur.
1556 1147 1717 1182 Aliquorum

927 1197 1020 1220 autem
1034 1201 1116 1220 causa
1130 1193 1232 1220 dicitur
1247 1193 1336 1220 tribus
1352 1192 1448 1220 modis.
1466 1191 1527 1220 Uno
1543 1193 1666 1228 quidem,
1689 1193 1716 1220 id

927 1239 999 1274 quod
1024 1242 1067 1266 est
1088 1246 1184 1270 causa,
1212 1242 1242 1265 ut
1258 1239 1426 1271 statuarius;
1442 1238 1496 1265 alio
1509 1242 1610 1270 autem,
1626 1238 1652 1266 id
1668 1247 1718 1266 cu»-

925 1284 971 1319 jus
993 1291 1077 1311 causa
1089 1288 1142 1316 est,
1159 1288 1189 1310 ut
1212 1283 1260 1310 ﬁat
1274 1287 1382 1317 statua;
1399 1284 1453 1311 alio
1469 1291 1545 1316 vero,
1567 1283 1593 1310 id
1608 1285 1652 1311 cui
1672 1288 1715 1312 est

926 1338 1020 1362 causa,
1039 1334 1067 1357 ut
1083 1330 1197 1357 materia
1215 1330 1284 1357 εδει-ἱ
1297 1330 1370 1357 enim
1391 1338 1474 1358 causa
1492 1335 1533 1358 est
1545 1334 1574 1357 ut
1594 1330 1640 1358 ﬁat
1659 1336 1716 1358 sta-

926 1380 981 1403 tua.
1001 1375 1072 1403 Fieri
1098 1383 1163 1411 ergo
1182 1380 1210 1403 et
1237 1376 1335 1409 scindi,
1364 1383 1424 1411 qua:
1445 1380 1509 1404 sunt
1522 1383 1614 1404 causa:
1634 1377 1715 1411 cujus

926 1425 1002 1454 sunt,
1018 1429 1080 1449 cum
1097 1422 1152 1449 sint
1177 1421 1362 1457 operationes,
1387 1425 1452 1449 sunt
1467 1422 1638 1457 incorporea.
1656 1423 1716 1455 Qua

927 1468 1044 1500 ratione,
1074 1471 1319 1503 categorematum,
1342 1468 1383 1495 vel
1409 1471 1438 1495 ut
1468 1468 1590 1495 nonnulli
1608 1468 1713 1499 dicunt.

925 1514 1060 1542 dictorum
1083 1515 1292 1550 (categoremata
1304 1515 1375 1541 enim
1389 1514 1483 1546 λεκτά,
1500 1514 1551 1542 hoc
1565 1518 1606 1542 est
1630 1514 1713 1545 dicta,

928 1565 1027 1588 vocant
1041 1561 1189 1588 Cleanthes
1203 1565 1230 1587 et
1242 1560 1436 1595 Archidemus)
1451 1564 1515 1588 sunt
1526 1567 1616 1588 causa:
1634 1570 1640 1588 :
1660 1561 1713 1592 vel,

928 1607 1001 1642 quod
1013 1607 1104 1642 potius
1129 1606 1275 1634 dicendum
1295 1611 1348 1639 est,
1374 1607 1434 1634 aliae
1460 1607 1569 1641 quidem
1586 1607 1714 1634 dicentur

928 1662 1018 1682 causa:
1029 1658 1272 1690 categorematum,
1296 1657 1327 1681 ut
1347 1653 1439 1688 hujus,
1457 1653 1604 1685 scinditur.
1634 1653 1713 1687 cujus

927 1708 1008 1728 casus
1032 1704 1074 1728 est
1098 1700 1186 1727 scindi
1205 1710 1211 1727 :
1234 1700 1294 1728 aliae
1317 1707 1393 1732 vero,
1417 1700 1669 1735 pronuntiatorum,
1686 1703 1716 1727 ut

928 1747 1020 1782 hujus,
1052 1747 1129 1774 navis
1157 1746 1196 1778 ﬁt,
1222 1747 1302 1782 cujus
1323 1755 1421 1774 rursus
1445 1754 1527 1774 casus
1550 1750 1602 1778 est,
1618 1753 1715 1773 navem

928 1791 996 1820 ﬁeri.
1010 1793 1171 1820 Aristoleles
1186 1796 1280 1820 autem
1290 1797 1370 1820 vocat
1381 1793 1603 1828 appellationem,
1618 1799 1715 1826 nempe

927 1845 1021 1865 eorum
1037 1846 1097 1873 quae
1113 1842 1179 1866 sunt
1200 1839 1347 1873 ejusmodi,
1371 1839 1482 1871 domus,
1507 1838 1610 1873 templi,
1629 1837 1715 1865 ustio—

927 1885 981 1916 nis,
998 1885 1139 1912 sectionis.
1165 1884 1214 1912 Est
1225 1888 1316 1912 autem
1333 1889 1410 1912 extra
1426 1884 1654 1915 contmversiam,
1668 1889 1715 1910 ca-

928 1938 987 1958 sum
999 1938 1061 1958 esse
1081 1931 1284 1965 incorporeum,
1300 1931 1429 1965 quocirca
1455 1930 1521 1957 illud
1544 1937 1653 1964 quoque
1674 1937 1715 1956 so-

927 1976 1035 2011 phisma
1052 1976 1091 2003 sic
1105 1975 1233 2003 solvitur.
1250 1975 1327 2008 Quod
1342 1981 1370 2002 tu
1388 1975 1458 2002 dicis
1481 1974 1581 2001 transit
1606 1981 1654 2008 per
1682 1977 1715 2004 os

925 2025 1014 2053 tuum,
1023 2021 1095 2056 quod
1103 2021 1213 2056 quidem
1223 2024 1265 2049 est
1275 2028 1368 2048 verum
1384 2029 1390 2046 :
1402 2021 1514 2047 domum
1527 2023 1617 2046 autem
1630 2018 1711 2049 dicis,

927 2067 1024 2095 domus
1045 2075 1109 2102 ergo
1122 2067 1220 2094 transit
1232 2074 1280 2102 per
1295 2074 1325 2094 os
1341 2065 1514 2098 tuum.Quod
1527 2064 1636 2100 quidem
1663 2063 1713 2090 fal-

928 2121 987 2141 sum
1001 2117 1053 2141 est.
1068 2113 1162 2148 Neque
1174 2113 1247 2141 enim
1261 2112 1372 2140 domum
1387 2112 1504 2139 dicimus
1517 2118 1578 2146 quae
1596 2115 1638 2137 est
1651 2117 1713 2136 cor-

926 2167 989 2194 pus,
1009 2159 1055 2187 sed
1069 2167 1162 2187 casum
1184 2159 1230 2194 qui
1246 2165 1288 2186 est
1317 2158 1505 2193 incorporeus,
1530 2164 1611 2192 quem
1631 2156 1714 2182 habet

912 2205 1034 2235 ,domus.
1047 2204 1126 2240 333
1144 2204 1176 2231 Et
1187 2204 1378 2232 :editicatorem
1389 2204 1506 2231 dicimus
1519 2202 1652 2229 :edilicarc
1666 2209 1714 2236 per

927 2258 987 2277 eam
1006 2251 1166 2279 relationem
1185 2259 1245 2286 qua:
1258 2251 1294 2279 sit
1311 2250 1344 2277 ad
1368 2250 1394 2277 id
1416 2250 1490 2284 quod
1513 2249 1635 2275 futurth
1659 2251 1712 2274 est.

929 2295 975 2322 Sic
992 2296 1109 2325 dicimus
1133 2298 1189 2324 texi
1209 2296 1391 2331 chlamydem,
1407 2295 1434 2322 id
1446 2295 1520 2322 enim
1545 2292 1618 2329 quod
1637 2292 1712 2323 facit,

928 2342 1063 2376 signiﬁcat
1077 2343 1273 2378 operationem.
1296 2341 1355 2368 Non
1369 2345 1412 2369 est
1426 2345 1516 2368 autem
1525 2339 1639 2367 alterius
1650 2339 1712 2373 qui-

927 2389 1000 2420 dem,
1018 2389 1044 2415 id
1058 2389 1130 2424 quod
1146 2389 1221 2421 facit,
1235 2389 1348 2416 alterius
1361 2395 1435 2421 vero,
1458 2393 1552 2418 causa,
1572 2385 1619 2412 sed
1640 2385 1713 2419 ejus-

931 2552 1063 2585 risiouem
1088 2551 1223 2579 subsistit.
1242 2561 1251 2577 ι
1268 2551 1369 2579 Ibidem
1397 2551 1478 2578 etiam
1495 2552 1589 2581 λεκτόν
1609 2557 1635 2580 et
1650 2562 1715 2582 κατ-

928 2588 1059 2623 ηγόρημα
1091 2587 1250 2624 distinguit:
1275 2587 1355 2624 Goul'.
1393 2586 1561 2624 Sttidastiv.
1594 2591 1713 2624 κατηγό-

1050 2626 1076 2650 ct
1103 2622 1202 2649 Sextus
1231 2622 1385 2657 Empiricus
1416 2621 1482 2649 Adv.
1509 2621 1713 2652 Mathematicus

928 2666 955 2693 p.
1030 2679 1036 2685 .

962 2715 1018 2751 (89)
1046 2715 1103 2742 Τοῦ
1131 2715 1206 2748 ναῦς
1222 2715 1368 2750 γίνεσθαι.
1385 2714 1431 2743 Sic
1450 2719 1525 2743 recte
1539 2715 1606 2742 edit.
1625 2715 1712 2748 Flor.,

926 2751 998 2785 quod
1024 2751 1191 2785 posteriores
1212 2751 1347 2778 editiones
1376 2758 1519 2785 perperam
1539 2755 1713 2777 mutaverunt

927 2786 953 2812 in
968 2785 1013 2812 τοῦ
1024 2786 1104 2817 ναοὺς
1117 2785 1248 2820 γίνεσθαι.
1265 2785 1388 2814 Lowthio
1405 2785 1580 2813 scribendum
1592 2785 1711 2817 videtur,

926 2821 956 2848 τὸ
976 2820 1042 2853 ναῦς
1055 2821 1171 2855 γίνεται.

964 2867 1021 2902 (90)
1046 2868 1252 2901 Ἀριστοτέλης
1268 2868 1302 2894 δὲ
1326 2866 1541 2902 προσηγορίαν.
1561 2864 1641 2894 Deest
1661 2865 1712 2893 ali-

927 2903 1004 2939 quid.
1022 2902 1134 2930 Lowru.
