1934 3075
81 162 136 189 597

695 159 911 188 STROMATUM
933 159 998 186 LIB.
1019 157 1086 186 VIII.

1669 157 1721 183 598

81 220 133 246 καὶ
152 220 217 255 περὶ
234 220 284 246 τοῦ
302 219 469 256 δημιουργοῦ
482 220 527 246 καὶ
543 218 655 255 ποιητοῦ
670 219 747 253 λόγος
763 219 809 245 καί
831 227 882 245 πα-

948 217 973 244 2x
993 215 1266 252 procatarcticisaliae
1275 215 1512 251 quidemtempore
1525 222 1592 248 opus
1609 214 1722 243 habent,

81 267 160 301 τρός.
180 267 237 293 Οὐκ
259 267 334 293 ἐστιν
345 266 411 293 αὑτό
427 275 452 293 τι
467 267 563 293 ἑαυτοῦ
584 267 686 297 αἴτιον,
706 266 766 293 οὐδὲ
784 265 880 292 ἑαυτοῦ

83 321 130 343 τις
143 312 250 348 πατὴρ·
270 313 333 338 ἐπεὶ
346 312 376 338 τὸ
389 311 495 347 πρῶτον
508 311 650 347 γενήσεται
663 310 796 346 δεύτερον·
810 310 840 336 τό
850 317 880 343 γε

87 359 145 394 μὴν
162 359 250 385 αἴτιον
264 359 373 394 ἐνεργεῖ
389 358 434 385 καὶ
446 357 598 392 διατίθησι·
619 357 649 383 τὸ
665 357 718 383 ὑπὸ
733 356 780 382 τοῦ
795 356 881 382 αἰτίου

84 405 236 439 γενόμενον
252 404 351 439 πάσχει
364 404 409 430 καὶ
424 403 581 430 διατίθεται.
594 404 630 430 Oi»
641 402 751 429 δύναται
759 403 786 428 δὲ
794 402 823 428 τὸ
834 402 883 428 αὑ-

85 450 118 476 τὸ
131 450 202 485 πρὸς
221 449 310 484 ἐαυτῷ
330 449 534 484 λαμϐανόμενον
550 450 669 484 ἐνεργεῖν
686 448 744 483 ἅμα
767 448 812 474 καὶ
827 448 884 474 δια-

84 496 229 527 τίθεσθαι,
245 496 306 522 οὺδὲ
325 496 383 527 υἱὸς
401 493 470 522 εἶναι
491 496 538 521 καὶ
554 496 655 530 πατήρ.
679 495 735 521 Καὶ
753 494 838 525 ἄλλως
853 493 884 520 τὸ

85 542 179 568 αἴτιον
194 541 241 568 τοῦ
259 541 304 567 ὑπ’
320 540 401 567 αὑτοῦ
415 540 558 576 γινομένου
577 541 723 576 προχρονεῖ
746 539 815 566 κατὰ
835 539 883 574 τὴν

86 588 201 620 οὐσίαν,
218 587 256 618 ὡς
271 589 287 622 ἡ
307 588 428 623 μάχαιρα
443 587 494 621 τῆς
509 587 605 622 τομῆς.
630 587 666 612 Οὐ
689 586 797 613 δύναται
813 585 884 612 δὲτὸ

87 634 159 661 αὐτὸ
176 633 249 661 κατὰ
261 633 292 660 τὸ
307 633 373 660 αὐτὸ
389 634 436 660 καὶ
457 634 616 668 προχρονεῖν
630 633 663 668 τῇ
686 631 737 668 ὕλῃ
756 631 823 658 καθὸ
843 631 885 658 αἴ-

86 679 150 707 τιόν
165 681 253 710 ἐστιν,
267 679 325 714 ἅμα
337 679 384 705 καὶ
396 680 519 714 ὑστερεῖν
531 679 576 705 καὶ
590 679 804 713 ὑστεροχρονεῖν,
818 677 885 704 καθὸ

87 727 142 760 τῆς
163 725 254 757 αἰτίας
271 726 344 752 ἐστιν
357 725 447 761 ἔργον.
464 726 593 761 Διαφέρει
605 733 634 751 τε
650 725 680 751 τὸ
697 723 767 751 εἶναι
781 723 828 750 τοῦ
840 732 886 758 γε-

87 771 200 797 νέσθαι·
225 770 297 796 οὕτω
317 771 364 796 κα).
389 770 475 797 αἴτιον
493 770 542 805 μὲν
559 770 605 796 τοῦ
618 770 757 805 γινομένου
769 790 776 802 ,
795 769 886 805 πατὴρ

88 817 119 843 δὲ
135 816 208 844 υἱοῦ.
223 818 281 844 Οὐκ
293 817 429 852 ἐνδέχεται
442 817 496 853 γὰρ
510 817 539 843 τὸ
556 817 621 843 αὐτὸ
636 816 707 844 κατὰ
721 816 751 842 τὸ
765 816 886 843 αὐτὸκαὶ

89 861 165 889 εἶναι
182 863 241 897 ἅμα
252 863 299 890 καὶ
312 863 451 897 γενεσθαι’
474 863 552 889 οὐθὲν
572 861 618 889 οὖν
639 864 711 889 ἐστιν
735 862 832 889 ἑαυτοῦ
846 861 887 888 αι’-

931 263 1018 290 donec
1029 263 1062 290 ad
1078 262 1157 290 ﬁnem
1180 263 1330 298 perductus
1342 262 1424 289 fuerit
1437 262 1568 295 ellectus;
1587 261 1646 288 alia:
1673 269 1722 287 au-

932 314 986 337 tem
1000 317 1053 336 non
1070 309 1202 343 indigent,
1219 312 1247 335 ut
1260 316 1341 336 casus
1355 308 1492 336 fractura}.
1502 307 1571 334 Num
1585 315 1650 342 ergo
1665 307 1721 334 haec

933 364 987 382 non
999 356 1129 382 dicuntur
1143 355 1263 390 expertia
1279 355 1411 390 temporis
1431 362 1480 390 per
1503 355 1564 389 ejus
1588 355 1721 389 privatio-

933 411 1006 432 nem.
1032 405 1079 430 sed
1105 411 1152 438 per
1179 402 1408 433 diminutionem,
1433 407 1462 429 ut
1487 402 1569 429 etiam
1595 404 1719 436 repente,

934 449 1007 484 quod
1025 457 1075 476 nec
1091 449 1180 483 ipsum
1199 448 1310 483 quidem
1330 447 1433 475 factum
1458 451 1500 476 est
1524 448 1628 482 absque
1654 451 1722 474 tem-

934 495 1016 530 pore?
1034 494 1129 522 Omnis
1152 501 1252 526 causa,
1280 497 1417 526 quatenus
1441 501 1537 525 causa,
1566 493 1723 528 concipitur

934 548 995 568 esse
1011 540 1137 575 alicujus,
1153 544 1181 567 et
1196 540 1299 568 versari
1315 540 1342 566 in
1360 540 1462 575 aliquo.
1478 540 1601 574 Alicujus
1613 539 1723 575 quidem

934 587 1047 614 cll'ectns
1064 607 1071 618 ,
1090 591 1119 613 ιιι
1131 587 1240 621 gladius
1256 587 1386 620 secandi;
1399 589 1425 613 in
1444 586 1537 621 aliquo
1557 594 1647 614 autem
1665 595 1726 613 ver-

935 634 1002 663 sari.
1014 641 1112 668 nempe
1121 633 1148 659 in
1160 633 1258 660 idoneo
1271 633 1405 668 subjecto,
1414 633 1644 668 quemadmodum
1654 634 1724 669 ignis

936 680 963 707 in
979 681 1062 716 ligno,
1075 688 1129 706 non
1146 683 1204 706 uret
1233 680 1305 706 enim
1332 680 1514 707 adamantem.
1531 680 1620 708 Causa
1636 685 1677 708 est
1692 688 1725 707 ex

936 726 970 753 iis
984 733 1045 760 ([1123
1060 725 1216 752 referuntur
1230 725 1264 752 ad
1277 725 1397 760 aliquid;
1415 726 1569 760 concipitur
1591 726 1662 753 enim
1678 733 1727 760 per

935 779 994 799 eam
1008 776 1117 807 quaeest
1130 772 1162 798 ad
1175 772 1288 799 alterum
1302 771 1498 799 habitudinem.
1510 771 1570 805 Quo
1583 772 1610 798 ﬁt
1622 775 1650 799 ιιι
1661 772 1727 799 duo-

936 817 988 844 bus
1002 817 1052 844 sibi
1069 817 1183 844 invicem
1196 817 1349 851 applicatis,
1362 824 1473 844 causam
1488 821 1517 844 ut
1528 824 1637 844 causam
1647 817 1727 844 intel—

937 864 1063 898 ligamus.
1073 863 1171 890 Eadem
1184 867 1273 890 autent
1285 867 1327 891 est
1338 864 1408 891 ratio
1419 864 1534 898 opilicis.
1544 864 1690 896 eliectoris,
1699 869 1727 891 ct

88 918 162 936 τιον.
186 909 320 944 Ἀλλήλων
335 910 384 936 οὐκ
402 909 505 936 ἐστιτὰ
518 909 603 941 αἴτια,
620 909 744 944 ἀλλήλοις
758 908 785 934 δὲ
799 908 882 934 αἴτια-

948 909 1098 937 ›ιιιιιε.Νοιι
1108 909 1261 944 estaliquid
1275 910 1362 944 ipsum
1377 910 1419 937 sui
1434 910 1523 945 ipsius
1536 917 1630 941 causa,
1641 917 1728 944 neque

90 957 109 991 ἡ
126 955 185 991 γὰρ
202 955 337 992 σπληνικὴ
354 955 476 988 διάθεσις
494 955 715 991 προϋποκειμένη
727 974 734 986 ,
751 955 781 981 οὐ
805 962 886 990 πυρε-

90 1001 142 1027 τοῦ
155 1001 255 1033 αἴτιος,
272 1001 339 1028 ἀλλὰ
350 1001 396 1028 τοῦ
413 1001 535 1036 γίνεσθαι
548 1002 592 1028 τὸν
607 1001 737 1037 πυρετόν·
751 1001 799 1027 καὶ
811 1001 825 1026 ὁ
836 1009 887 1026 πυ-

93 1047 189 1082 ρετδς,
203 1048 447 1083 προῦποκείμενος,
464 1048 495 1074 οὐ
511 1047 629 1083 σπληνὸς
639 1067 646 1078 ,
661 1047 730 1074 ἀλλὰ
743 1045 791 1073 τοῦ
811 1045 889 1078 αὔξε-

95 1094 161 1120 σθαι
176 1093 228 1129 τὴν
244 1094 371 1121 διάθεσιν.
390 1095 468 1122 Οὕτω
483 1095 530 1121 κα¹ι
544 1095 572 1121 αἱ
591 1095 687 1130 ἀρεταὶ
708 1093 836 1128 ἀλλήλαις
848 1093 890 1119 al!-

93 1148 154 1166 τιαι
169 1139 210 1175 τῷ
229 1141 267 1176 μὴ
280 1141 444 1176 χωρίζεσθαι
456 1141 522 1177 (96),
541 1141 585 1167 διὰ
602 1140 650 1175 τὴν
662 1139 887 1167 ἀντακολουθίαν·

95 1187 146 1212 καὶ
157 1187 182 1212 οἱ
195 1187 244 1213 ἐπὶ
254 1187 303 1222 τῆς
319 1187 429 1222 ψαλίδος
441 1187 509 1214 λίθοι
521 1187 647 1222 ἀλλήλοις
661 1186 730 1213 εἰσὶν
747 1185 828 1212 αἴτιοι
843 1185 890 1212 τοῦ

97 1232 195 1267 μένειν
214 1233 442 1269 κατηγορήματος
461 1233 534 1268 (97),
555 1233 677 1270 ᾁλλήλων
695 1232 723 1259 δὲ
750 1233 799 1259 οὐκ
824 1232 891 1258 εἰσιν

95 1278 182 1304 αἴτιοι
195 1286 201 1292 ·
221 1279 269 1305 καὶ
282 1279 296 1305 ὁ
308 1278 466 1311 διδάσκαλος
481 1279 509 1305 δὲ
526 1279 573 1306 καὶ
584 1280 598 1305 ὁ
613 1278 755 1315 μανθάνων
769 1277 893 1313 ἀλλήλοις

97 1324 170 1350 εἰσιν
183 1323 267 1350 αἴτιοι
284 1324 331 1350 τοῦ
349 1325 513 1360 προκόπτειν
527 1325 762 1360 κατηγορήματος.
778 1323 894 1358 Λέγεται

96 1371 127 1397 δὲ
140 1371 269 1406 ἀλλήλοις
280 1371 365 1402 αἴτια,
380 1371 443 1397 ποτὲ
460 1371 508 1406 μὲν
517 1371 572 1397 τῶν
588 1371 688 1402 αὐτῶν,
703 1371 740 1403 ὡς
751 1373 765 1398 ὁ
777 1372 894 1407 ἔμπορος

97 1415 148 1442 καὶ
166 1416 181 1441 ὁ
198 1415 321 1451 κάπηλος
336 1416 460 1452 ἀλλήλοις
477 1417 545 1442 εἰσιν
562 1416 642 1442 αἴτιοι
666 1416 714 1442 τοῦ
727 1417 893 1452 κερδαίνειν·

99 1462 170 1488 ποτὲ
180 1462 211 1489 δὲ
227 1462 306 1489 ἄλλου
330 1463 377 1490 καὶ
390 1462 469 1490 ἄλλου
480 1483 487 1495 ,
506 1462 632 1499 καθάπερ
647 1464 662 1498 ἠ
678 1463 799 1498 μάχαιρα
818 1463 865 1489 καὶ
878 1463 895 1498 ὴ

99 1508 172 1543 σάρξ
180 1517 186 1523 ·
202 1509 218 1543 ὴ
230 1509 279 1544 μὲν
287 1508 341 1544 γὰρ
351 1510 383 1544 τῇ
393 1509 473 1544 σαρκὶ
483 1508 530 1535 τοῦ
541 1509 694 1544 τέμνεσθαι·
706 1511 722 1544 ἡ
740 1509 806 1544 σὰρξ
820 1509 848 1535 δὲ
863 1509 896 1544 τῇ

104 1553 233 1588 μαχαίρᾳ
252 1553 299 1580 tot")
323 1554 432 1589 τέμνειν
455 1553 484 1580 τὸ
503 1554 640 1590 ὀφθαλμὸν
653 1554 709 1590 (98)
725 1555 785 1581 ἀντὶ
800 1554 899 1589 ὀφθαλ-

103 1598 157 1633 μοῦ
183 1599 232 1625 καὶ
248 1599 335 1634 ψυχὴν
360 1600 420 1626 ἀντὶ
437 1600 539 1636 ψυχῆς⁸
554 1602 568 1627 ὁ
584 1601 632 1636 μὲν
645 1601 699 1636 γὰρ
712 1600 818 1636 πλήξας
836 1601 897 1628 τινὰ

102 1644 267 1680 θανασίμως
276 1645 360 1677 αἴτιός
374 1647 446 1672 ἐστιν
457 1646 531 1681 αὺτῷ
546 1646 592 1672 τοῦ
604 1646 729 1678 θανάτου,
742 1646 758 1682 ἢ
772 1645 819 1672 τοῦ
831 1646 898 1680 γίνε-

102 1689 169 1716 σθαι
187 1690 234 1716 τὸν
247 1690 372 1717 θάνατον·
393 1691 567 1727 ἁντιπληγεὶς
579 1692 606 1718 δὲ
627 1692 672 1718 ὑπ’
690 1692 771 1719 αὑτοῦ
789 1692 899 1718 θανασί-

104 1744 177 1770 μως,
198 1735 276 1771 ἔσχεν
287 1735 368 1762 αὐτὸν
381 1737 524 1768 ἁνταίτιον,
533 1738 562 1764 οὐ
575 1738 642 1764 καθὸ
652 1738 759 1772 ἐγένετο
769 1737 843 1773 αὐτῷ
857 1739 899 1765 αῖ-

101 1789 175 1813 τιος,
194 1781 256 1807 καθ’
275 1782 367 1818 ἕτερον
385 1782 429 1809 δέ’
452 1783 538 1815 αἴτιος
561 1784 610 1818 μὲν
625 1784 680 1820 γὰρ
694 1783 768 1819 αὐτῷ
787 1784 900 1811 θανάτου

103 1827 225 1862 γίνεται,
238 1827 286 1862 οὺχ
297 1829 310 1854 ὁ
326 1828 438 1860 θάνατος
454 1829 482 1856 δὲ
497 1830 584 1864 τούτῳ
598 1830 678 1857 πάλιν
691 1830 744 1866 (99)
757 1829 805 1866 τὴν
821 1830 901 1856 θανα-

105 1872 195 1907 σίμην
211 1873 381 1909 ἁντεπέθηκε
410 1874 533 1909 πληγὴν,
554 1875 610 1901 ἀλλ’
632 1875 711 1906 αὐτὸς
739 1876 754 1901 ὁ
775 1875 899 1910 τρωθείς.

107 1918 188 1943 Ὠιι-τ’
205 1918 284 1945 ἄλλου
298 1919 346 1953 μὲν
358 1920 436 1951 αὐτὸς
448 1920 558 1954 γέγονεν
574 1921 672 1952 αἴτιος,
689 1920 767 1947 ἄλλον
781 1920 808 1946 δὲ
824 1920 902 1956 ἔσχεν

106 1963 212 1990 αἴτιον.
227 1964 281 1990 Καὶ
297 1965 310 1990 ὁ
328 1965 458 2000 ἀδικήσας
475 1966 555 1993 ἄλλου
571 1967 620 2002 μὲν
629 1967 715 1998 αἴτιος
731 1966 901 1999 καθίσταται,

106 2009 158 2036 τοῦ
173 2009 347 2043 ἀδικηθέντος
357 2019 363 2025 ·
378 2012 392 2038 ὁ
407 2011 434 2037 δὲ
447 2012 680 2048 ἀντιτιμωρεῖσθαι
692 2013 809 2039 κελεύων
823 2014 904 2048 νόμος

107 2056 163 2083 οὐκ
172 2055 352 2091 ἀδικήματος,
364 2056 429 2083 ἀλλὰ
438 2057 476 2092 τῷ
488 2059 536 2093 μὲν
545 2058 674 2090 ἐκδικίας,
685 2058 723 2093 τῷ
730 2059 758 2085 δὲ
770 2059 902 2091 παιδείας,

111 2103 200 2129 Ὥστε
212 2103 262 2129 οὐκ
272 2102 393 2139 ἀλλήλων
406 2103 440 2130 τὰ
456 2105 529 2131 αἴτια
542 2105 579 2135 ὡς
591 2105 679 2138 αἴτια,
697 2105 715 2132 ἂ
727 2106 757 2141 δή
771 2107 844 2133 ἐστιν
862 2107 904 2133 al-

109 2157 171 2175 τια.
204 2148 265 2175 Ἔτι
295 2147 439 2185 ζητεῖται,
462 2151 486 2176 εἰ
511 2149 595 2176 πολλὰ
622 2151 693 2177 κατὰ
716 2151 824 2178 σύνοδον
847 2151 905 2184 ἑνὸς

111 2196 191 2222 αῖτια
218 2194 321 2228 γίνεται
345 2194 446 2222 πολλα·
470 2196 495 2221 οἱ
517 2195 571 2230 γὰρ
599 2196 754 2231 ἄνθρωποι,
784 2197 906 2223 συνελόν-

112 2249 162 2272 τες
190 2241 247 2275 (ι),

112 2287 187 2314 ἀλλὰ
215 2288 263 2314 σὺν
291 2290 346 2320 τοῖς
372 2287 471 2320 ἄλλοις,
488 2289 512 2314 εἰ
534 2289 569 2324 μή
591 2297 616 2314 τι
640 2289 686 2315 καὶ
715 2289 745 2315 τὸ
770 2289 905 2316 συναίτιον

156 2383 187 2412 ᾖ
210 2378 239 2406 Ρ.
259 2378 311 2407 922
331 2378 383 2405 ED.
404 2378 552 2411 POTTEIL,
574 2378 693 2406 786-787
712 2378 765 2406 ΕΒ.
787 2377 898 2406 ΡΑιιιδ.

155 2466 214 2502 (96)
236 2467 342 2499 Ait/at,
358 2466 399 2499 τῷ
412 2467 455 2501 μὴ
484 2466 665 2501 χωρίζεσθαι.
685 2466 797 2495 Rectius
821 2467 907 2494 αἴτιαι

116 2502 168 2529 τοῦ
192 2501 229 2536 μὴ
243 2502 418 2538 χωρίζεσθαι,
434 2507 463 2528 ιιι
480 2502 616 2537 interpres
630 2510 749 2538 quoque,
769 2513 777 2528 ι
796 2502 854 2538 sibi
865 2502 907 2529 in-

117 2539 211 2565 vicem
229 2544 319 2564 causa:
334 2541 399 2564 sunt
416 2545 449 2564 ne
463 2537 654 2572 separentur.)
666 2537 907 2572 Summo—Cave

118 2576 227 2602 autem,
238 2580 273 2599 ne
283 2572 365 2606 vulgo
377 2571 514 2606 receptam
528 2573 671 2599 lectionem
684 2573 823 2599 sollicites.
840 2571 908 2599 Sen-

119 2615 172 2635 sm
194 2607 267 2633 enim
292 2611 367 2636 estzc
376 2606 497 2635 Virtutes
518 2607 571 2635 sibi
583 2607 700 2634 invicem
720 2615 811 2635 causae
833 2611 907 2637 sunt,

119 2650 158 2670 eo
173 2643 246 2676 quod
259 2648 370 2676 propter
381 2646 502 2668 mutuam
517 2642 739 2677 consequentiam
761 2650 815 2669 non
830 2649 909 2676 sepa-

122 2681 231 2705 rentur.
252 2686 260 2702 l
279 2677 384 2712 Quippe
397 2677 523 2707 virtutes.
542 2685 604 2704 eum
620 2677 690 2704 inter
708 2684 738 2703 se
759 2678 814 2704 sint
843 2685 909 2704 con-

121 2720 213 2742 nexa,
229 2717 258 2738 nt
274 2713 425 2746 loquuntur
438 2713 556 2739 morales
571 2712 735 2747 philosophi,
752 2712 910 2739 necessario

122 2755 156 2776 se
181 2751 278 2774 mutuo
305 2751 410 2782 ponunt
428 2747 455 2773 in
468 2747 564 2774 eodem
591 2747 726 2781 subjecto,
748 2751 775 2774 et
790 2747 910 2774 vicissim

122 2783 248 2814 tollunt;
271 2782 337 2809 licet
349 2782 450 2816 alioqui
464 2790 518 2809 non
534 2783 590 2809 sint
606 2783 648 2809 sui
666 2782 781 2809 invicem
798 2789 888 2809 causzc
903 2790 908 2806 :

123 2818 152 2846 id
167 2818 242 2852 quod
257 2817 385 2845 Clemens
405 2825 488 2852 supra
511 2817 661 2852 dicitresse
683 2816 807 2852 ἀλλήλοις
827 2818 910 2847 αἴτια,

125 2851 184 2881 ιιι)ιὶ
201 2860 266 2888 vero
280 2852 402 2887 ἀλλήλων
418 2851 500 2879 αῗτια.
523 2851 602 2881 Conf.
621 2852 719 2880 Strom.
736 2851 766 2886 ιι,
785 2860 844 2888 pag.
861 2852 912 2879 ὅτε)

124 2889 191 2917 edit.
206 2887 295 2915 Paris.

939 959 1018 987 avest
1033 956 1131 990 aliquis
1144 959 1221 990 pater
1232 963 1300 983 suus
1317 963 1394 982 :nam
1409 956 1449 983 sic
1465 956 1593 991 primum,
1603 955 1724 982 futurum

938 1006 1009 1029 esset
1024 1002 1184 1030 secundum.
1207 1003 1295 1030 Causa
1309 1003 1417 1037 quidem
1429 1007 1503 1030 certe
1518 1003 1573 1038 agit
1586 1007 1613 1030 et
1627 1003 1705 1031 allicit
1721 1012 1728 1031 :

939 1048 1010 1082 quod
1019 1055 1032 1074 a
1042 1056 1124 1075 causa
1135 1048 1235 1076 factum
1249 1053 1302 1080 est,
1320 1048 1423 1084 patitur
1435 1053 1462 1076 et
1474 1048 1599 1076 allicitur.
1616 1049 1674 1076 Non
1685 1057 1730 1084 po-

939 1098 992 1122 test
1006 1099 1096 1122 autem
1111 1095 1181 1123 idem
1197 1104 1211 1122 a
1221 1096 1311 1130 seipso
1325 1097 1590 1130 sumptum,operari
1606 1096 1686 1124 simul
1701 1100 1728 1123 et

941 1140 1020 1170 allici.
1047 1148 1135 1175 neque
1148 1148 1209 1168 esse
1221 1141 1292 1167 lilius
1304 1144 1330 1168 et
1347 1145 1433 1175 pater.
1447 1140 1481 1167 Et
1497 1141 1598 1176 alioqui
1617 1141 1642 1168 id
1657 1141 1730 1176 quod

940 1190 983 1213 est
992 1193 1074 1213 causa
1085 1194 1118 1213 eo
1127 1186 1198 1220 quod
1210 1186 1238 1212 ﬁt
1249 1186 1282 1213 ab
1294 1186 1363 1221 ipsa,
1375 1191 1416 1213 est
1425 1187 1501 1221 prius
1510 1191 1630 1222 tempore
1642 1187 1730 1222 quoad

942 1233 1101 1263 essentiam,
1124 1236 1154 1259 ut
1174 1233 1280 1268 gladius
1296 1233 1439 1260 incisione.
1457 1232 1517 1260 Non
1537 1237 1625 1268 potest
1641 1237 1730 1260 autem

943 1278 1014 1304 idem
1030 1278 1111 1305 simul
1128 1282 1155 1304 et
1169 1281 1290 1312 tempore
1304 1285 1364 1304 esse
1379 1278 1456 1312 prius
1474 1278 1562 1312 quoad
1578 1277 1731 1305 materiam.

944 1327 1079 1358 quatenus
1095 1326 1137 1350 est
1145 1330 1246 1356 causa;
1261 1326 1288 1350 et
1302 1327 1423 1357 tempore
1437 1331 1498 1350 esse
1509 1323 1734 1358 posterius,qua-

945 1373 1025 1396 tenus
1040 1373 1081 1396 est
1097 1377 1165 1404 opus
1180 1377 1279 1397 causai.
1299 1369 1331 1396 Et
1343 1369 1542 1397 dill‘eruntcsse
1555 1377 1587 1396 ac
1603 1369 1670 1396 ﬁeri.
1689 1369 1734 1396 Sic

946 1415 1026 1442 etiam
1035 1422 1117 1442 causa
1125 1414 1235 1450 quidem
1243 1415 1304 1449 ejus
1312 1415 1383 1450 quod
1394 1415 1433 1447 lit.
1448 1420 1525 1450 pater
1533 1423 1596 1443 vero
1605 1415 1663 1442 ﬁlii.
1673 1415 1734 1444 Non

948 1460 1081 1495 contingit
1095 1460 1167 1487 enim
1183 1460 1254 1487 idem
1270 1460 1420 1488 secundum
1439 1461 1510 1488 idem
1527 1465 1554 1488 et
1567 1469 1629 1489 esse
1652 1461 1735 1488 simul

948 1511 976 1534 et
993 1506 1062 1534 ﬁeri.
1079 1506 1152 1533 Nihil
1168 1510 1211 1534 est
1234 1514 1300 1541 ergo
1330 1506 1372 1534 sui
1404 1507 1491 1542 ipsius
1517 1515 1611 1535 causa.
1639 1507 1736 1535 Caussa

950 1560 1004 1579 non
1020 1556 1085 1579 sunt
1100 1553 1184 1579 altera
1205 1553 1318 1579 alterius
1334 1553 1460 1585 invicem,
1483 1553 1530 1580 sed
1544 1553 1629 1580 altera
1646 1553 1735 1580 alteli.

951 1599 1093 1634 Spleniaca
1108 1599 1180 1626 enim
1199 1607 1259 1633 qua:
1278 1599 1354 1634 prius
1367 1598 1474 1626 exsistit
1488 1598 1607 1631 aﬂectio,
1623 1606 1677 1625 non
1695 1603 1738 1626 est

950 1653 1033 1672 causa
1054 1644 1149 1676 febris,
1175 1645 1223 1672 sed
1245 1649 1274 1672 ut
1289 1645 1334 1671 liat
1358 1644 1460 1677 febris;
1482 1648 1509 1671 et
1531 1652 1592 1680 quae
1609 1645 1738 1679 praecedit

951 1691 1046 1722 febris,
1062 1698 1117 1718 non
1132 1691 1235 1725 splenis
1251 1698 1334 1718 causa
1345 1694 1398 1723 est,
1412 1690 1459 1717 sed
1475 1694 1505 1716 ut
1526 1695 1657 1725 augeatur
1673 1690 1738 1717 alle-

951 1740 1016 1766 ctio.
1034 1739 1079 1767 Sic
1096 1740 1179 1767 etiam
1193 1739 1310 1766 virtutes
1323 1742 1386 1766 sunt
1401 1738 1454 1766 sibi
1468 1738 1583 1766 invicem
1599 1745 1690 1766 causa
1705 1745 1739 1764 ne

952 1789 1125 1820 separentur,
1152 1790 1264 1820 propter
1285 1790 1408 1812 mutuam
1438 1784 1685 1819 consequentiam:
1713 1787 1740 1810 ct

953 1831 1000 1866 qui
1024 1836 1087 1859 sunt
1106 1832 1134 1858 in
1152 1830 1255 1858 fornice
1268 1831 1374 1865 lapides
1388 1835 1455 1858 sunt
1469 1830 1522 1858 sibi
1537 1829 1653 1856 invicem
1675 1836 1740 1856 cau—

955 1885 992 1904 sa:
1018 1877 1107 1912 quoad
1133 1877 1311 1911 praedicatum
1325 1876 1463 1908 manendi;
1481 1884 1535 1903 non
1562 1880 1626 1903 sunt
1649 1880 1739 1902 autent

955 1922 1072 1950 invicem
1104 1930 1204 1949 caueat.
1230 1922 1361 1957 Magister
1387 1929 1496 1957 quoque
1525 1925 1552 1949 et
1587 1921 1739 1955 discipulus

954 1972 1018 1996 sunt
1039 1968 1092 1995 sibi
1114 1968 1231 1994 invicem
1254 1975 1344 1995 causa:
1368 1968 1456 2003 quoad
1483 1967 1659 2002 prmdicatum
1675 1975 1740 2002 pro-

955 2013 1217 2042 ficiendi.Dicuntur
1228 2017 1317 2040 autem
1330 2014 1406 2040 alteri
1418 2013 1531 2040 alterius
1543 2013 1614 2040 inter
1631 2020 1660 2039 se
1674 2019 1740 2039 cau—

955 2067 1007 2091 sae.
1035 2059 1180 2094 aliquando
1202 2060 1311 2094 quidem
1331 2058 1507 2089 eorumdem,
1543 2061 1572 2084 ut
1605 2061 1741 2084 mercator

955 2109 982 2132 et
997 2113 1084 2139 caupo
1108 2108 1172 2132 sunt
1195 2105 1247 2132 sibi
1274 2104 1390 2131 invicem
1411 2110 1501 2130 causa
1516 2105 1547 2129 ut
1572 2101 1730 2136 proﬁciant;

957 2151 1103 2186 aliquando
1134 2154 1223 2177 autem
1256 2149 1369 2176 alterius
1394 2151 1421 2176 et
1449 2148 1582 2179 alteriuS,
1611 2146 1742 2181 qiimnad—

956 2197 1066 2224 modum
1090 2197 1165 2224 ensis
1178 2200 1205 2224 et
1224 2203 1303 2229 caro;
1323 2196 1368 2222 ille
1387 2195 1498 2230 quidem
1513 2193 1599 2226 carni,
1621 2197 1650 2219 ut
1669 2193 1743 2219 scin-

269 2241 349 2267 αἴτιοί
384 2241 436 2267 εἰσι
463 2240 510 2267 τοῦ
538 2241 718 2268 καθέλκεσθαι
746 2242 799 2278 ιτὴν
819 2242 884 2269 ναῦν

958 2243 1054 2277 datur;
1078 2250 1142 2270 caro
1169 2247 1259 2269 autem
1283 2241 1383 2276 gladio,
1399 2244 1428 2268 ut
1443 2240 1555 2268 scindat»
1569 2239 1678 2266 oculum
1694 2245 1744 2272 pro

959 2290 1048 2321 oculo,
1074 2294 1101 2316 et
1127 2289 1245 2316 animam
1278 2296 1327 2323 pro
1353 2287 1453 2315 anima.
1482 2285 1533 2319 Qui
1558 2285 1632 2312 enim
1662 2284 1743 2313 alicui

996 2466 1051 2501 (97)
1074 2465 1129 2493 Τοῦ
1141 2465 1244 2501 μένειν
1259 2464 1529 2501 κατητορήματοςη
1547 2463 1636 2499 Hujus
1648 2463 1746 2499 praedi-

960 2499 1014 2528 cati
1031 2499 1150 2528 manere.
1169 2510 1178 2526 ι
1195 2500 1234 2527 Ita
1251 2508 1323 2527 mox.
1339 2499 1452 2527 Low'ru.

996 2536 1051 2570 (98)
1074 2536 1110 2563 Τὸ
1124 2535 1286 2570 ὀφθαλμόν.
1310 2535 1361 2562 Τόν
1378 2535 1480 2563 mavult
1492 2535 1524 2561 Α.
1549 2533 1602 2562 Sed
1620 2533 1650 2560 τὸ
1672 2537 1748 2560 recte

962 2573 1112 2606 scriptum;
1135 2571 1235 2605 quippe
1252 2571 1334 2606 quod
1348 2574 1431 2597 totam
1456 2574 1616 2606 sequentem
1637 2572 1745 2606 senten-

962 2604 1026 2634 tiani
1041 2604 1153 2641 respicit
1169 2604 1216 2633 :in
1230 2605 1375 2641 cujusline
1389 2605 1606 2632 subaudiendum
1629 2604 1747 2638 εὐλόγως

962 2640 1136 2678 εἴρηταιίνθι
1153 2641 1242 2678 simile
1257 2640 1336 2678 quid:
1346 2641 1481 2678 Susum}.

962 2650 1079 2703 EEPB‘CUJ,
1095 2650 1136 2668 νθι
1153 2650 1242 2668 51111118
1257 2650 1333 2675 qutu.
1350 2650 1481 2668 DYLBURG.
1512 2673 1519 2683 '

962 2678 1025 2739 [10(‘2
1028 2679 1064 2738 2)]
1069 2678 1132 2738 eo);
1145 2677 1161 2703 ό
1179 2675 1307 2708 θάνατος
1322 2675 1355 2702 δὲ
1368 2677 1463 2708 τούτῳ
1478 2676 1581 2702 «ultr.
1599 2673 1747 2709 Corrupta.

985 2720 1075 2739 OWTH.

999 2747 1036 2782 (1)
1060 2746 1253 2779 Συνελόντες.
1279 2745 1360 2773 Malet
1386 2744 1456 2782 forte
1475 2745 1574 2780 aliquis
1604 2743 1747 2770 συνέλκον-

963 2780 1022 2814 τες,
1046 2792 1055 2807 ι
1079 2790 1134 2809 una
1154 2782 1295 2809 trahentes
1321 2791 1327 2808 :
1350 2790 1358 2805 ι
1386 2780 1451 2807 ferri
1483 2784 1576 2807 tamen
1617 2783 1644 2806 et
1670 2786 1749 2804 συνε-

963 2818 1053 2848 λόντες
1066 2820 1164 2851 potest.
1177 2817 1244 2844 Aliis
1258 2816 1347 2844 verbis
1367 2823 1449 2851 supra
1461 2816 1488 2842 in
1500 2815 1593 2842 eadem
1609 2822 1638 2842 re
1651 2814 1748 2844 utitur,

965 2861 1027 2888 pag.
1043 2852 1105 2881 157,
1122 2851 1253 2879 δῑιιιυιιο.
