1934 3075
208 152 258 180 599

206 210 419 238 vuluusinllixit
443 211 534 243 letale,
557 211 580 240 is
595 212 619 239 ei
645 219 728 241 causa
750 218 791 241 est
811 214 918 245 mortis,
948 217 994 240 aut
1009 218 1031 246 Α
1046 213 1142 240 αἴτιον.

208 261 237 283 ιιι
253 258 278 284 ei
294 266 367 285 mors
382 259 509 292 accidat;
526 259 572 294 qui
588 263 678 287 autem
693 260 728 287 ab
745 260 804 295 ipso
818 264 860 288 cst
874 261 996 288 vicissim

208 302 345 330 lctbaliler
358 304 509 335 sauciatus,
536 313 598 332 eum
622 305 745 332 vicissim
767 313 879 333 causam
900 306 995 333 habuit

209 357 263 376 non
282 357 330 384 per
355 350 381 376 id
407 358 461 385 quo
487 350 511 378 ei
528 350 578 377 fuit
590 358 684 382 causa,
700 352 747 378 scd
764 360 812 387 per
828 352 902 380 aliud
917 361 923 378 :
943 353 995 387 ipsi

208 395 280 421 cnim
307 395 336 422 ﬁt
360 403 443 422 causa
467 397 580 429 mortis;
607 405 663 424 non
676 402 768 424 autem
785 406 860 426 mors
881 400 996 426 mortale

209 441 261 476 ipsi
287 441 386 469 vulnus
416 443 538 470 vicissim
567 444 668 476 intulit,
693 445 740 472 sed
765 445 823 480 ipse
845 446 994 473 sauciatus.

209 487 299 519 Quare
317 487 373 522 ipse
388 487 496 522 quidem
511 488 562 515 fuit
577 489 689 517 alterius
702 498 796 525 causa,
810 491 890 518 aliam
905 495 995 518 autem

208 541 318 560 causam
339 533 442 560 habuit.
469 533 503 561 Et
527 535 578 570 qui.
597 536 642 563 alii
659 535 724 564 fecit
743 537 884 571 injuriam,
912 545 996 565 causa

156 601 160 606 .
208 579 316 614 quidem
332 585 373 608 cst
387 581 510 613 alterius,
523 582 606 618 334
621 591 717 618 nempe
732 584 792 618 ejus
812 585 856 612 cui
874 584 945 612 facta
956 589 998 612 est

208 627 319 662 injuria.
336 627 391 654 Lex
408 631 501 655 autem
516 637 577 663 qua:
594 634 690 656 contra
714 629 791 664 jubet
811 638 874 658 eum
890 631 996 666 suppli-

209 674 253 701 cio
278 673 359 706 allici,
377 682 432 701 non
448 673 557 708 injuriae
574 682 606 702 ac
626 676 766 708 maleficii,
783 676 830 703 sed
846 677 923 704 alteri
937 677 999 712 qui-

208 720 268 747 dem
293 720 431 752 vindictaa,
462 721 540 748 alteri
569 728 635 748 vero
658 721 810 755 disciplinae
839 730 923 751 causa
945 728 996 750 cst.

209 765 391 799 Quamobrem
409 774 464 794 non
483 771 547 794 sunt
560 766 602 794 sui
619 767 735 794 invicem
749 774 840 795 causa:
853 772 882 795 ut
899 777 997 801 causa,

209 812 256 840 sed
282 812 328 839 illa
348 821 409 848 quae
434 821 525 842 causa:
549 818 625 842 sunt.
653 813 788 842 Praeterea
818 814 949 849 quaeritur
963 822 998 842 an

209 858 295 884 multa
326 866 376 893 per
401 866 579 894 congressum
593 860 659 888 ﬁant
683 861 776 888 multa}
799 868 888 888 causae
905 861 996 888 unius.

209 903 354 937 Conjuncti
386 905 458 932 enim
488 905 613 934 homines
641 914 733 934 causa!
761 912 824 935 sunt
862 911 891 934 ut
921 907 998 934 navis

209 949 355 980 trahatur;
380 953 484 978 Cverum
512 959 575 978 cum
603 952 686 983 aliis,
719 953 773 980 nisi
801 960 938 981 coucausa
963 953 999 980 sit

209 1002 303 1022 causa.
334 995 387 1022 Alii
417 1000 508 1023 autem
535 997 646 1031 dicunt,
676 999 698 1025 si
734 999 826 1027 multa:
851 1003 880 1031 ᾖ
910 1008 1000 1028 causa:

209 1040 300 1072 ﬁunt,
333 1049 456 1068 seorsum
488 1050 541 1069 una
563 1047 604 1070 est
626 1044 707 1072 unius
733 1052 833 1076 causa.
859 1045 941 1072 veluti
971 1050 1000 1073 ut

209 1087 272 1121 quis
291 1086 326 1114 si:
343 1086 450 1119 beatus,
472 1089 545 1123 quod
570 1097 652 1116 unum
677 1093 729 1121 est,
747 1097 837 1118 causa:
856 1097 920 1118 sunt
942 1091 997 1117 vir-

210 1136 298 1164 tutes,
322 1140 382 1168 quae
398 1137 461 1161 sunt
486 1135 594 1168 multae;
620 1140 647 1163 et
671 1136 730 1170 ejus
750 1136 822 1171 quod
851 1141 894 1164 cst
923 1137 997 1164 cale-

211 1177 280 1210 tieri,
299 1182 326 1205 et
340 1179 442 1211 dolere,
456 1181 547 1208 multa:
562 1185 627 1208 sunt
655 1189 747 1210 causae
769 1177 904 1210 similiter.
924 1183 999 1211 Nun—

210 1224 274 1259 quid
286 1232 351 1259 ergo
363 1225 454 1253 multa:
467 1227 581 1255 virtutes
595 1233 660 1255 sunt
677 1237 730 1256 una
747 1233 891 1264 potestate,
902 1235 929 1258 et
940 1238 1000 1265 qua:

209 1269 384 1303 calefaciunt,
402 1277 428 1299 ct
443 1272 536 1300 dolore
550 1273 671 1301 alliciunt
684 1285 690 1301 :
704 1279 731 1302 et
750 1275 895 1303 multitudo
914 1276 1000 1304 virtu-

209 1321 267 1343 tum
282 1324 343 1351 quze
356 1321 397 1345 est
412 1326 496 1345 unum
510 1327 620 1354 genere,
648 1320 677 1347 fit
692 1328 774 1349 causa
793 1323 885 1353 unius,
903 1329 1000 1358 nempe

210 1367 240 1389 ut
265 1363 326 1397 quis
342 1363 379 1391 sit
394 1364 510 1392 beatus?
539 1364 643 1393 Revera
671 1370 761 1394 autem
796 1367 1000 1402 procatarcticze

209 1407 319 1442 quidem
334 1416 423 1437 causa:
437 1414 502 1438 sunt
516 1412 597 1439 unius
611 1412 704 1447 plures
732 1416 759 1440 et
781 1420 880 1448 genere
891 1417 918 1441 et
939 1421 1000 1448 spe-

209 1455 268 1482 cic:
284 1459 311 1482 et
322 1464 421 1491 genere
435 1457 556 1493 quidem,
576 1462 605 1484 ut
620 1458 768 1492 cujuslibet
781 1459 879 1491 morbi,
905 1467 999 1487 exeru-

209 1500 247 1534 pli
266 1502 366 1535 gratia,
378 1503 465 1538 algor,
483 1504 626 1536 resolutio,
642 1505 730 1533 labor.
744 1505 814 1532 mala
846 1506 998 1538 concoctio,

210 1546 328 1575 ebrietas
343 1557 349 1574 :
367 1549 459 1583 specie
475 1553 564 1576 autem
583 1549 677 1577 febris.
706 1550 884 1579 Contineutes
908 1556 998 1578 autem

210 1600 310 1624 causae,
326 1601 426 1628 genere
458 1595 558 1628 solum,
590 1604 644 1623 non
671 1596 763 1624 itidem
789 1597 870 1624 etiam
895 1597 995 1632 specie.
1011 1606 1032 1635 ρ

209 1637 278 1664 Nam
298 1642 328 1666 ut
343 1639 405 1674 quis
417 1639 481 1666 boni
498 1640 533 1667 sit
559 1640 662 1672 odoris,
687 1641 760 1676 quod
781 1646 824 1669 est
849 1650 932 1669 unum
950 1650 997 1677 ge-

211 1691 287 1716 nere,
304 1685 396 1712 multa:
408 1689 471 1713 sunt
486 1693 576 1713 causa:
605 1687 707 1721 specie,
722 1692 815 1722 utpote
833 1689 907 1719 thus.
923 1697 996 1721 rosa,

211 1736 320 1761 crocus.
337 1734 440 1766 styrax,
453 1732 574 1766 myrrha,
587 1736 762 1767 unguentum.
774 1733 844 1761 Rosa
859 1735 930 1761 enim
945 1742 999 1762 non

211 1776 264 1803 erit
281 1776 349 1804 adeo
375 1777 522 1809 odorifera,
553 1781 583 1804 ut
606 1779 727 1814 myrrha.
755 1779 827 1807 Idem
855 1786 945 1808 autem
970 1781 1000 1809 ﬁt

211 1829 295 1849 causa
313 1823 524 1856 contrariorum,
539 1824 612 1859 quod
640 1825 787 1859 aliquando
812 1825 913 1853 accidit
935 1835 1000 1861 pro-

211 1872 274 1902 pter
289 1868 376 1902 ipsius
388 1876 478 1896 causa:
493 1870 717 1904 magnitudinem.
728 1878 759 1897 ac
774 1870 841 1902 vim,
852 1871 999 1906 aliquando

211 1916 301 1940 autem
319 1913 354 1941 ob
369 1913 439 1948 ejus,
453 1914 525 1949 quod
541 1915 653 1949 patitur,
672 1916 865 1950 aptitudinem.
881 1916 922 1944 0b
939 1925 1000 1944 cer-

211 1963 267 1986 tam
280 1959 390 1994 quidem
402 1961 467 1992 vim,
483 1961 576 1988 eadem
589 1961 691 1989 chorda
702 1967 838 1993 quatenus
851 1963 1000 1991 intenditur

211 2009 258 2032 aut
270 2006 426 2037 remittitur,
445 2011 555 2034 acutum
575 2012 623 2035 aut
638 2015 748 2043 gravem
765 2009 821 2036 edit
839 2009 999 2042 sonum;ob

210 2052 390 2086 aptitudinem
404 2057 495 2080 autem
508 2061 602 2081 eorum
618 2062 679 2089 qua:
690 2055 842 2090 patiuntur,
867 2055 919 2082 mel
937 2055 1000 2090 qui-

210 2096 271 2123 dem
292 2104 374 2125 sauos
388 2097 532 2125 dulcedine
561 2098 653 2131 allicit,
685 2107 810 2126 amarore
841 2104 932 2126 autem
951 2107 999 2127 eos

210 2142 257 2176 qui
272 2141 347 2169 febre
363 2143 504 2175 laborant;
520 2147 546 2170 et
559 2152 642 2171 unum
673 2148 700 2171 et
725 2144 796 2171 idcm
811 2145 914 2176 viuum,
930 2145 999 2172 alios

210 2188 321 2224 quidem
337 2189 391 2216 ciet
405 2190 438 2216 ad
455 2190 535 2221 iram,
555 2191 623 2218 alios
641 2199 705 2218 vero
717 2191 868 2224 cxbilarat;
887 2195 914 2219 et
928 2191 999 2218 idem

210 2236 251 2262 sol
270 2243 361 2263 ceram
386 2235 497 2270 quidem
522 2236 675 2270 liquefacit,
693 2237 781 2264 lutum
807 2241 897 2264 autem
912 2237 999 2264 exsic-

765 151 962 180 CLEMENTIS
980 152 1216 180 ALEXANDRlNI

1785 152 1840 180 δατ

1179 213 1271 239 Ἀλλοι
1300 212 1329 239 δέ
1357 221 1438 247 φασιν
1459 232 1466 244 ,
1499 213 1523 239 εί
1551 212 1636 240 πολλὰ
1670 212 1745 240 αἴτια
1776 218 1840 241 κατ’

1053 260 1130 292 ἰδίαν,
1141 259 1255 286 ἕκαστον
1280 259 1339 291 ἐνὸς
1364 259 1450 286 αἴτιον
1471 259 1586 293 γίνεται.
1617 259 1671 286 Τοῦ
1696 260 1763 294 γοῦν
1792 260 1839 286 εὐ-

1046 306 1182 341 δαιμονεῖν
1209 305 1267 336 ἐνὸς
1295 305 1372 337 ὄντος
1395 306 1481 332 αἴτιαι
1514 306 1692 341 τυγχάνουσιν
1717 307 1745 333 αἱ
1774 307 1843 342 ἀρε-

1045 350 1108 382 ταὶ,
1134 350 1230 377 πολλαὶ
1253 348 1341 377 οὖσαι·
1366 350 1414 377 καὶ⁷
1437 350 1484 377 τοῦ
1504 350 1697 386 θερμαίνεσθαι
1718 352 1767 378 καὶ
1792 351 1841 378 τοῦ

1046 396 1138 430 ἀλγεῖν
1157 396 1256 432 ὁμοίως
1273 396 1357 423 πολλὰ
1375 396 1410 423 τὰ
1431 397 1515 423 αἴτια.
1542 397 1615 432 Μήτι
1653 396 1701 424 οὖν
1722 399 1749 424 αἱ
1772 398 1843 424 πολ-

1046 442 1091 468 λαὶ
1110 442 1204 477 ἀρεταὶ
1231 442 1280 477 μία
1301 442 1358 468 ἐστι
1377 442 1447 469 κατὰ
1462 442 1587 478 δύναμιν,
1605 443 1699 470 καὶτὰ
1724 443 1843 480 θερμαί-

1046 496 1126 514 νοντα
1140 487 1187 514 κα“ι
1205 488 1240 514 τὰ
1250 487 1393 521 ἀλγοῦντα·
1419 489 1467 515 καὶ
1490 488 1521 515 τὸ
1538 488 1640 524 πλῆθος
1654 489 1682 515 δὲ
1707 489 1762 515 τῶν
1778 490 1842 524 ἀρε-

1047 533 1110 564 τῶν,
1126 533 1196 560 κατὰ
1211 534 1287 567 γένος
1300 534 1328 561 ἓν
1345 534 1488 569 τυγχάνον,
1500 534 1559 566 ἐνὸς
1575 534 1661 562 αἴτιον
1672 535 1779 569 γίνεται
1793 535 1841 561 τοῦ

1047 578 1233 613 εὐδαιμονεῐν;
1248 578 1293 614 Τῷ
1313 578 1370 605 όντι
1386 578 1415 605 δὲ
1439 579 1667 616 προκαταρκτικὰ
1688 581 1737 615 μὲν
1761 580 1843 606 αἴτια

1048 625 1107 656 ἐνὸς
1121 625 1225 659 γίνεται
1236 625 1355 657 πλείονα,
1367 625 1439 652 κατὰ
1453 625 1531 660 γένος
1547 627 1593 652 καὶ
1618 626 1678 652 κατ’
1692 624 1771 658 εἶδος·
1793 627 1843 653 καὶ

1048 671 1119 698 κατὰ
1147 671 1224 705 γένος
1247 672 1306 707 μὲν,
1334 672 1380 698 τοῦ
1399 673 1485 699 νοσεῖν
1511 672 1647 703 ὁπωσοῦν,
1667 669 1724 700 οἷον
1745 673 1842 708 ψύξις,

1049 718 1166 749 ἔκλυσις,
1184 718 1276 750 κόπος,
1304 718 1419 752 ἀπεψία,
1447 718 1527 754 μέθη·
1558 719 1618 746 κατ’
1636 716 1706 751 εἶδος
1720 719 1760 750 δὲ,
1793 719 1843 745 τοῦ

1049 763 1176 799 πυρετοῦ.
1193 764 1233 790 Τὰ
1255 764 1283 791 δὲ
1307 764 1453 791 συνεκτικὰ
1475 764 1549 791 αἴτια
1569 765 1638 792 κατὰ
1650 765 1728 799 γένος
1747 765 1842 799 μόνον,

1048 810 1098 836 οὐκ
1111 809 1152 835 ἐτι
1170 809 1198 836 δὲ
1225 811 1271 836 καὶ
1288 810 1348 836 κατ’
1365 808 1445 842 εἶδος.
1479 810 1532 838 Τοῦ
1558 811 1613 846 γὰρ
1644 811 1844 842 εὐωδιάζεσθαι

1049 856 1120 882 κατὰ
1131 856 1208 890 γένος
1225 857 1283 891 ξνὸς
1309 856 1394 889 ὄντος,
1411 856 1496 883 πολλὰ
1521 857 1555 884 τὰ
1584 858 1658 884 αἴτια
1683 859 1744 884 κατ’
1758 856 1843 889 eliso;-

1049 901 1103 928 οἴον
1121 901 1278 934 λιϐανωτὸς,
1296 902 1382 938 ῥόδον,
1399 903 1506 938 κρόκος,
1525 903 1636 939 arripui,
1654 903 1770 939 σμύρνα,
1788 903 1842 939 μύ-

1051 957 1107 984 ρον·
1124 948 1221 984 τὸγὰρ
1249 949 1324 984 ῥόδον
1342 949 1392 975 οὐκ
1417 949 1450 975 ἂν
1473 949 1559 981 οὕτως
1583 949 1682 981 εὑῶδες
1707 950 1751 985 εἴη
1764 950 1804 981 ὡς
1825 952 1842 984 ἠ

1052 994 1167 1030 σμύρνα.
1182 995 1218 1021 Τὸ
1237 995 1266 1022 δὲ
1283 995 1349 1022 αὐτὸ
1376 995 1430 1022 τῶν
1459 996 1586 1022 ἐναντίων
1610 997 1696 1023 αἴτιον
1721 996 1841 1030 γίνεται-

1051 1041 1115 1067 ποτὲ
1131 1041 1179 1076 μὲν
1194 1040 1271 1076 παρὰ
1291 1041 1322 1068 τὸ
1339 1041 1453 1076 μέγεθος
1467 1042 1513 1069 τοῦ
1525 1043 1612 1068 αἰτίου
1628 1042 1675 1069 καὶ
1697 1042 1746 1078 τὴν
1761 1042 1843 1068 δύνα-

1052 1095 1108 1121 μιν,
1126 1086 1190 1113 ποτὲ
1206 1086 1236 1113 δὲ
1251 1087 1326 1122 παρὰ
1341 1087 1390 1122 τὴν
1415 1087 1620 1122 ἐπιτηδειότητα
1644 1087 1692 1114 τοῦ
1718 1087 1842 1122 πάσχον-

1050 1141 1105 1165 τος.
1123 1133 1201 1170 Παρὰ
1229 1134 1277 1169 μὲν
1302 1134 1350 1169 τὴν
1377 1133 1456 1160 ποιὰν
1474 1134 1598 1170 δύναμιν,
1621 1135 1638 1168 ἡ
1659 1133 1728 1169 αὕτη
1758 1134 1843 1169 χορδή

1051 1180 1125 1216 παρὰ
1140 1179 1188 1215 τὴν
1205 1180 1330 1207 ἐπίτασιν
1346 1180 1362 1215 ἢ
1377 1180 1425 1215 τὴν
1439 1180 1529 1207 ἄνεσιν
1543 1180 1604 1213 ὀξὺν
1618 1180 1633 1215 ἧ
1654 1179 1739 1215 βαρὺν
1752 1180 1843 1206 ἀποδί-

1049 1224 1115 1251 δωσι
1126 1224 1172 1252 τὸν
1189 1225 1317 1260 φθόγγον·
1343 1225 1418 1261 παρὰ
1433 1224 1462 1251 δὲ
1482 1224 1531 1259 τὴν
1560 1225 1768 1260 ἐπιτηδειότητα
1786 1224 1842 1250 τῶν

1050 1271 1208 1306 πασχόντων
1223 1271 1253 1298 τὸ
1275 1271 1336 1306 μέλι
1351 1271 1482 1305 γλυκάζει
1506 1271 1554 1305 μὲν
1576 1271 1639 1302 τοὺς
1656 1271 1840 1304 ὑγιαίνοντας,

1050 1317 1178 1354 πικράζει
1196 1317 1223 1344 δὲ
1246 1318 1309 1349 τοὺς
1334 1317 1527 1353 πυρέσσοντας
1549 1318 1595 1344 καί
1611 1314 1652 1348 εἷς
1668 1317 1716 1343 καὶ
1729 1317 1744 1342 ὁ
1761 1317 1842 1348 αὐτὸς

1049 1361 1121 1395 οἶνος
1136 1363 1172 1399 (Ξ)
1186 1363 1249 1394 τοὺς
1264 1364 1313 1398 μὲν
1331 1364 1371 1394 εἰς
1396 1363 1490 1399 ὀργὴν,
1515 1363 1577 1394 τοὺς
1607 1362 1636 1388 δὲ
1653 1363 1694 1393 εἰς
1716 1362 1842 1397 διάχυσιν

1050 1411 1121 1444 ἄγει·
1141 1411 1189 1437 καὶ
1212 1410 1226 1436 ό
1243 1409 1324 1441 αὐτὸς
1340 1409 1414 1444 ἣλιος
1429 1409 1507 1445 τήκει
1533 1409 1582 1444 μὲν
1613 1409 1659 1434 τὸν
1683 1407 1779 1443 κηρὸν,
1797 1407 1842 1443 ξη-

1051 1457 1137 1492 ραίνει
1152 1456 1180 1483 δὲ
1210 1456 1256 1482 τὸν
1284 1456 1379 1491 πηλόν.
1393 1455 1452 1482 Τῶν
1467 1453 1513 1482 οὖν
1536 1455 1630 1481 αἰτίων
1659 1454 1693 1480 τὰ
1711 1453 1761 1489 μέν
1783 1455 1841 1480 ἐστι

1050 1502 1181 1538 πρόδηλα,
1205 1502 1239 1529 τὰ
1264 1502 1292 1529 δὲ
1322 1501 1491 1537 ἐπιλογισμῷ
1519 1501 1723 1536 λαμϐανόμενα-
1751 1500 1786 1526 τὰ
1813 1500 1842 1526 δὲ

1050 1548 1143 1583 ἄδηλα·
1163 1549 1196 1576 τὰ
1215 1548 1243 1575 δὲ
1263 1547 1447 1583 ἀναλογισμῷ.
1465 1548 1521 1574 Καὶ
1544 1547 1598 1574 τῶν
1617 1547 1722 1581 ἀδήλων
1739 1546 1773 1572 τὰ
1789 1546 1841 1581 μὲν

1050 1595 1118 1631 πρὸς
1130 1594 1224 1630 καιρὸν
1235 1594 1330 1630 ἄδηλα,
1342 1593 1412 1621 κατὰ
1423 1593 1474 1629 μὲν
1486 1593 1545 1620 τινὰ
1557 1593 1651 1629 καιρὸν
1663 1593 1842 1627 ἀποκεκρυμ-

1052 1641 1131 1676 μένα,
1148 1640 1218 1668 κατὰ
1234 1640 1262 1667 δὲ
1288 1639 1348 1666 τινὰ
1365 1639 1446 1666 πάλιν
1461 1638 1560 1674 ἔκδηλα
1577 1638 1740 1674 βλεπόμενα·
1755 1639 1788 1664 τὰ
1811 1637 1840 1664 δὲ

1051 1687 1130 1722 φύσει
1149 1686 1243 1721 ἄδηλα,
1257 1686 1291 1712 τὰ
1311 1685 1382 1712 κατὰ
1399 1685 1499 1720 μηδένα
1515 1685 1610 1720 καιρὸν
1626 1684 1747 1720 πρόδηλα
1761 1684 1841 1718 γενέ-

1051 1733 1112 1759 σθαι
1128 1732 1273 1767 δυνάμενα³
1292 1732 1338 1757 καὶ
1360 1730 1413 1757 τῶν
1444 1730 1492 1765 μὲν
1516 1730 1596 1764 φύσει
1624 1729 1658 1756 τὰ
1677 1729 1728 1764 μὲν
1755 1738 1842 1757 κατα-

1049 1778 1149 1813 ληπτά⁸
1168 1778 1238 1813 ἅπερ
1252 1778 1302 1804 οὐκ
1318 1777 1402 1811 ἄδηλά
1418 1785 1490 1808 τινες
1506 1777 1630 1808 ἐκάλουν,
1655 1776 1700 1804 διὰ
1718 1777 1841 1812 σημείων

1049 1823 1262 1857 ἁναλογιστικῶς
1277 1822 1480 1858 λαμϐανόμενα,
1498 1822 1623 1858 καθάπερ
1640 1823 1656 1858 ή
1683 1823 1842 1858 συμμετρία

1050 1870 1104 1896 τῶν
1120 1870 1192 1905 λόγῳ
1204 1869 1349 1905 θεωρητῶν
1365 1869 1457 1904 πόρων
1473 1868 1521 1904 (5)·
1539 1869 1573 1895 τὰ
1598 1869 1628 1896 δὲ
1648 1869 1840 1904 ἀκατάληπα,

1049 1915 1084 1942 τὰ
1095 1915 1164 1942 κατὰ
1182 1915 1283 1951 μηδένα
1299 1915 1400 1951 τρόπον
1416 1915 1468 1942 ὑπὸ
1479 1915 1631 1951 κατάληψιν
1648 1917 1745 1942 πεσεῖν
1759 1915 1840 1942 δυνά-

1052 1971 1130 1996 μενα,
1149 1961 1167 1988 ἃ.
1182 1961 1214 1997 δὴ
1229 1962 1275 1988 καὶ
1290 1961 1385 1996 ἄδηλα,
1402 1962 1432 1988 ὲν
1445 1961 1484 1997 τῷ
1499 1960 1627 1992 καθάπαξ
1642 1961 1773 1995 λέγεσθαι
1791 1961 1839 1996 (4).

1050 2008 1105 2034 Καὶ
1121 2007 1156 2034 τὰ
1172 2007 1222 2042 μὲν
1237 2007 1472 2043 προκαταρκτικὰ,
1489 2007 1524 2034 τὰ
1538 2007 1566 2034 δὲ
1587 2007 1746 2038 συνεκτικὰ,
1761 2007 1798 2033 τὰ
1814 2007 1841 2033 δὲ

1050 2053 1184 2085 συναίτια,
1196 2053 1230 2080 τὰ
1240 2053 1267 2079 δὲ
1285 2053 1410 2088 συνεργά·
1427 2054 1475 2078 καὶ
1489 2052 1523 2079 τὰ
1536 2053 1584 2088 μὲν
1595 2052 1642 2079 τοῦ
1661 2052 1734 2079 κατὰ
1749 2051 1839 2086 φύσιν,

1050 2099 1084 2126 τὰ
1098 2099 1125 2126 δὲ
1150 2099 1195 2125 τοῦ
1215 2099 1289 2134 παρὰ
1305 2099 1396 2133 φύσιν,
1426 2098 1460 2125 τὰ
1475 2098 1503 2124 δὲ
1525 2098 1619 2130 νόσου,
1650 2098 1699 2124 καὶ
1725 2098 1796 2124 κατὰ
1811 2097 1840 2124 τὸ

1051 2145 1220 2180 ὑποϐεϐηκὸς
1237 2145 1286 2180 (5),
1301 2145 1335 2171 τὰ
1351 2145 1400 2180 μὲν
1420 2144 1525 2176 παθῶν,
1552 2143 1586 2170 τὰ
1597 2143 1625 2170 δὲ
1640 2143 1688 2170 τοῦ
1707 2143 1841 2178 μεγέθους

1049 2191 1149 2223 αὐτῶν,
1164 2192 1198 2217 τὰ
1211 2192 1240 2218 δὲ
1255 2191 1358 2227 χρόνων
1373 2191 1421 2218 καὶ
1437 2190 1549 2226 καιρῶν.
1567 2190 1627 2216 Τῶν
1645 2190 1695 2225 μὲν
1711 2188 1759 2216 οὖν
1772 2199 1840 2225 προ-

1050 2237 1241 2272 καταρκτικῶν
1257 2237 1409 2273 αἰρομένων
1426 2237 1501 2272 μένει
1531 2236 1562 2263 τὸ
1575 2237 1758 2271 ἀποτέλεσμα·
1779 2244 1840 2262 συν-

210 2285 265 2311 cat.
280 2281 366 2309 Porro
382 2286 473 2309 autem
488 2289 522 2309 ex
537 2282 628 2309 causis
643 2283 703 2309 alia:
714 2282 824 2317 quidem
846 2287 911 2310 sunt
923 2290 998 2317 apor-

1050 2286 1157 2312 εκτικὸν
1173 2285 1200 2311 δέ
1218 2286 1290 2311 ἐστιν
1307 2284 1402 2316 αἴτιον⁷
1427 2280 1458 2310 οὗ
1474 2283 1617 2319 παρόντος,
1639 2283 1714 2317 μένει
1731 2283 1762 2308 τὸ
1777 2283 1840 2308 ἀπα

210 2327 324 2360 txe,alia:
340 2335 409 2362 quas
423 2327 566 2362 cogitando
582 2329 762 2363 asscquimur,
772 2329 831 2356 alia:
846 2329 970 2356 obscura:
988 2339 994 2355 :

211 2373 271 2399 alia:
298 2381 366 2408 quas
392 2373 558 2408 colligimus.
590 2373 629 2400 Ex
659 2374 784 2401 obscuris
813 2378 914 2407 alitem,
937 2375 998 2402 aliae

211 2419 321 2453 quidem
337 2423 401 2447 sunt
416 2419 540 2446 obscurae
568 2419 600 2445 ad
623 2423 740 2454 tempus.
762 2424 791 2446 ut
818 2429 879 2455 (νισι
907 2421 999 2456 aliquo

212 2465 320 2500 quidem
335 2469 456 2500 tempore
475 2465 572 2492 abdita:
598 2464 708 2499 fuerint,
737 2466 883 2502 aliquando
907 2471 998 2494 autent

287 2556 316 2584 ἦ(
333 2552 365 2580 Ρ.
383 2552 436 2580 9‘25
451 2552 503 2579 ΕΙ).
518 2551 668 2586 POTTER,
683 2552 800 2581 787-788
812 2553 867 2582 ED.
882 2554 996 2582 PARIS.

251 2633 288 2667 (‘2)
303 2633 400 2665 Οἴνος.
417 2631 516 2658 Vinum
537 2632 607 2658 idem
626 2632 694 2660 alios
719 2632 798 2658 aliter
821 2632 936 2663 allicere,
955 2633 1000 2659 (Ιος

214 2666 259 2695 cet
270 2668 350 2695 etiam
379 2667 456 2694 Philo
472 2668 540 2701 Περὶ
569 2667 627 2693 τῶν
651 2666 822 2701 perarmat.
847 2675 907 2702 pag,
937 2668 997 2694 I722.

215 2703 379 2730 Plutarchus
395 2711 455 2736 pag.
471 2703 533 2734 199,
550 2702 615 2733 587,
629 2707 656 2729 et
676 2701 791 2729 Aristot.
806 2701 935 2736 problem.
955 2703 998 2735 l7,

215 2742 282 2765 sect.
298 2738 324 2765 5.
341 2737 373 2764 ll.
389 2739 520 2764 Suuuuc.

251 2773 289 2807 (3)
305 2772 365 2800 Τῶν
380 2773 460 2806 λόγῳ
476 2773 557 2805 θεωρ.
575 2772 642 2806 πόρ.
668 2771 696 2798 ld
725 2775 777 2801 est.
808 2782 817 2796 ι
834 2780 972 2806 pororum,
989 2782 997 2797 ι

214 2816 261 2835 seu
277 2818 285 2833 ι
301 2811 449 2837 meatiuun,
462 2817 470 2831 ι
480 2807 614 2841 corporis,
624 2807 681 2841 qui,
695 2807 855 2833 licetscusui
866 2807 1000 2834 haudsiut

214 2843 297 2874 obvii,
320 2851 328 2867 ι
346 2842 450 2869 ratione
473 2852 482 2867 ι
502 2846 592 2869 tamen
616 2842 857 2874 deprehenduntur
885 2850 916 2868 ac
934 2851 942 2866 ι
960 2844 1000 2869 vi-

217 2878 341 2905 dentur.)
373 2877 432 2904 Τῶν
464 2875 550 2912 λόγων
581 2876 725 2913 Θεωρητῶν
750 2886 778 2904 π.
809 2878 887 2905 habet
911 2877 996 2910 Flor”

1049 2331 1178 2367 τέλεσμα·
1197 2331 1243 2358 καὶ
1260 2331 1413 2367 αἰρομένου,
1440 2331 1554 2366 αἴρεται.
1572 2330 1609 2356 Τὸ
1635 2330 1663 2356 δὲ
1681 2328 1840 2355 συνεκτικδν

1053 2377 1216 2413 συνωνύμως
1232 2377 1277 2404 καὶ
1292 2377 1432 2408 αὐτοτελὲς
1460 2376 1596 2403 καλοῦσιν’
1617 2375 1711 2410 ἐπειδὴ
1736 2375 1839 2409 αὐτάρ-

1052 2433 1108 2455 κως
1123 2424 1155 2450 δι’
1166 2423 1248 2450 αὐτου
1266 2423 1301 2459 (6)
1319 2423 1458 2458 ποιητικόν
1472 2423 1530 2449 ἐστι
1545 2422 1592 2448 τοῦ
1608 2421 1838 2455 ἀποτελέσματος.

1051 2470 1083 2496 El
1106 2469 1134 2496 δὲ
1159 2470 1188 2496 τὸ
1204 2470 1289 2496 αἴτιον
1310 2469 1469 2500 αὐτοτελοῦς
1482 2468 1622 2504 ἐνεργείας
1638 2468 1697 2494 ἐστὶ
1723 2467 1839 2502 δηλωτι-

1051 2633 1124 2667 quod
1138 2633 1275 2667 explicare
1295 2631 1396 2658 frustra
1411 2636 1528 2667 conatus
1543 2635 1585 2658 cst
1613 2630 1760 2667 interpres.

1088 2669 1126 2700 (4)
1142 2665 1295 2702 Λέγεσθαι.
1330 2667 1431 2701 Supple
1453 2666 1608 2702 δυνάμενα,
1637 2665 1694 2693 νῦν
1709 2667 1767 2701 lege
1796 2665 1839 2692 λέ-

1071 2712 1137 2729 εται.

1051 2711 1137 2772 Tag;
1146 2737 1353 2769 ’Υποϐεϐηκὸς.
1366 2735 1452 2772 Flora,
1462 2736 1608 2772 ὑπεεηκός·
1621 2735 1693 2772 quod
1709 2743 1747 2772 ne
1756 2734 1838 2772 Ioni:-

1052 2781 1113 2800 mus
1145 2773 1254 2808 quidem
1281 2772 1360 2799 facile
1374 2807 1380 2808 γ
1393 2771 1548 2808 admiserit.
1568 2771 1709 2808 illegulare
1724 2771 1836 2808 _\‘n:o‘55-

1051 2805 1229 2848 ggaée‘supra
1243 2814 1352 2842 quoque
1374 2807 1473 2841 legitur
1488 2815 1549 2842 pag.
1567 2806 1630 2838 525,
1645 2810 1672 2833 et
1690 2805 1762 2832 infra
1776 2813 1835 2839 pag.

1051 2843 1113 2870 536.
1129 2843 1260 2870 Susunc.

1086 2878 1124 2912 (li)
1140 2878 1178 2904 Δι’
1193 2877 1296 2904 αὑτοῦ.
1315 2876 1363 2905 Vel
1380 2878 1470 2912 potius
1491 2877 1524 2903 δι’
1541 2876 1633 2907 αὑτοῦ,
1655 2885 1663 2900 ι
1680 2883 1728 2910 per
1745 2883 1798 2902 sc.»
