1934 3075
49 177 92 204 6η

617 174 833 204 STROMATUM
855 176 918 204 LIB.
942 177 1007 204 VIII.

1627 181 1681 207 602

49 244 100 267 κον,
117 235 148 262 τὸ
173 234 309 270 συνεργὸν
329 235 479 271 ὑπηρεσίαν
494 235 634 271 σημαίνει,
653 238 700 264 καὶ
716 237 766 273 τὴν
790 238 833 264 σὺν.

890 247 988 266 rursus
1004 243 1105 274 apertae
1119 238 1266 272 videntur;
1283 239 1342 266 alia:
1368 242 1458 266 autem
1489 239 1614 267 obscurze
1631 249 1679 267 na-

49 283 127 318 ὲτέρῳ
150 281 335 318 λειτουργίαν.
362 282 392 309 EI
422 282 473 317 μὲν
499 280 547 310 οὖν
565 283 647 319 μηδὲν
673 285 832 321 παρέχεται,

47 330 102 356 οὐδὲ
116 328 250 364 συνεργὸν
278 327 446 363 λεχθήσεταν
462 329 486 354 εί
502 328 531 355 δὲ
551 329 710 366 παρέχεται,
738 331 833 358 τούτου

49 376 150 406 πάντως
166 374 276 408 γίνεται
303 375 398 405 αἴτιον,
415 370 445 400 οὗ
462 375 510 401 καὶ
526 375 687 410 παρέχεται,
711 378 833 404 τουτέστι

48 421 90 447 τοῦ
116 421 147 447 δι’
162 419 246 446 αὐτοῦ
265 419 417 454 γινομένου.
446 420 541 446 Ἔστιν
566 418 613 447 οὖν
639 422 778 457 συνεργὸν,
804 421 834 450 οὗ

49 467 172 503 παρόντος
188 467 295 501 ἐγίνετο
310 467 340 493 τὸ
356 467 539 503 ἀποτέλεσμα·
563 468 704 504 προδήλως
731 470 768 505 t7)
786 471 834 506 μὲν

48 512 88 541 οὖν
105 513 236 548 παρόντος
251 513 302 548 (8),
318 513 423 549 ἀδήλως
439 513 467 540 δὲ
484 513 591 549 ἀδήλου.
617 515 672 542 Καὶ
697 515 727 542 τὸ
743 517 835 543 συναί-

49 568 98 587 τιον
109 560 136 586 δὲ
151 560 183 586 ἐκ
202 558 251 586 τοῦ
269 559 366 594 γένους
387 560 446 586 ἐστὶ
469 560 523 586 τῶν
545 561 650 593 αἰτίων,
676 561 803 598 καθάπερ
820 563 834 589 ὁ

49 606 246 642 συστρατιώτης
264 605 443 642 στρατιώτης,
467 607 513 634 καὶ
529 609 543 634 ὁ
556 608 706 643 συνέφηϐος
723 609 832 644 ἔφηϐος.

50 653 81 679 Τὸ
97 652 143 688 μὲν
159 649 205 679 οὖν
221 652 355 688 συνεργὸν
380 653 466 679 αἴτιον
481 653 519 689 τῷ
535 655 688 690 συνεκτικῷ
707 656 775 691 πρὸς
785 656 835 692 τὴν

50 700 163 725 ἐπίτασιν
181 698 278 734 βοηθεῖ
292 697 339 725 τοῦ
353 699 400 725 ὑπ’
414 699 496 726 αὐτοῦ
513 701 668 736 γινομένου·
686 701 716 728 τὸ
731 701 759 728 δὲ
777 710 835 728 συν-

51 745 126 771 αίτιον
151 745 200 770 οὐχ
224 744 273 770 ἐπὶ
294 743 343 779 τῆς
374 745 460 780 αὐτῆς
488 746 562 772 ἐστιν
589 747 703 779 ἐννοίας·
722 747 834 774 δύναται

50 792 96 827 γὰρ
113 791 247 817 συναίτιον
264 791 409 827 ὑπάρχειν,
427 791 478 818 κᾶν
506 791 542 827 μὴ
566 793 724 819 συνεκτικὸν
749 794 835 820 αἴτιον

49 834 109 872 ᾗτι.
138 836 250 862 Νοείται
277 836 332 872 γὰρ
359 838 407 864 σὺν
435 837 521 873 ἑτέρῳ
546 837 578 864 τὸ
603 838 749 870 συναίτιον,
780 839 834 865 οὐδ’

50 881 115 916 αὐτῷ
129 882 165 917 (9)
189 882 334 918 δυναμένῳ
350 884 408 910 κατ’
422 883 489 910 ίδίαν
507 884 618 919 ποιῆσαι
645 884 675 911 τὸ
702 885 834 911 ἀποτέλε-

52 937 109 964 σμα,
123 929 205 955 αἴτιον
221 928 252 955 ὃν
270 930 321 956 σὺν
337 929 424 965 αἰτίῳ.
443 930 570 966 Διαφέρει
587 930 615 957 δὲ
630 930 678 957 τοῦ
694 931 833 958 συναιτίου

52 975 76 1000 τὸ
92 975 216 1010 συνεργὸν
233 976 263 1002 ὲν
276 975 317 1011 τῷ
333 976 362 1002 τὸ
387 976 436 1011 μὲν
464 976 598 1003 συναίτιον
625 977 687 1003 κατ’
714 977 780 1004 ἰδίαν
796 977 833 1013 μὴ

52 1021 178 1052 ποιοῦντος
193 1021 224 1047 τὸ
241 1021 418 1057 ἀποτέλεσμα
438 1022 579 1057 παρέχειν·
602 1022 633 1049 τὸ
658 1022 686 1049 δὲ
704 1023 835 1058 συνεργὸν

52 1069 76 1094 ἑν
90 1068 124 1102 τῷ
139 1069 197 1095 κατ’
213 1068 283 1095 ίδίαν
303 1069 340 1104 μὴ
358 1070 454 1102 ποιεῖν,
468 1069 553 1104 ἑτέρῳ
569 1069 597 1095 δὲ
613 1069 833 1105 προσερχόμενον

52 1113 83 1148 τῷ
97 1114 151 1139 κατ’
171 1113 239 1140 ἰδίαν
257 1114 392 1147 ποιοῦντι,
411 1117 537 1150 συνεργεῖ
553 1114 626 1150 αὺτῴ
642 1115 710 1150 πρὸς
725 1115 756 1142 τὸ
767 1124 832 1150 σφο-

53 1159 163 1195 δρότατον
179 1160 305 1194 γίνεσθαι
322 1161 352 1187 τὸ
372 1161 555 1196 ἀποτέλεσμα.
571 1162 695 1188 Μάλιστα
711 1162 740 1188 δὲ
755 1162 784 1188 τὸ
801 1163 834 1188 ἐκ

54 1207 275 1242 προκαταρκτικοῦ
295 1207 427 1242 συνεργὸν
456 1208 597 1242 γεγονέναι
618 1208 668 1243 τὴν
684 1205 732 1234 τοῦ
746 1208 833 1235 αίτίου

53 1251 177 1279 διατείνειν
191 1252 308 1288 δύναμιν
326 1253 488 1289 παρίστησιν
504 1253 569 1289 (10).

885 289 959 315 tura,
976 293 1037 320 quae
1052 285 1126 312 nullo
1142 289 1265 320 tempore
1293 291 1410 320 possunt
1426 293 1489 313 esse
1511 289 1620 321 apertae.
1648 286 1680 312 Et

884 339 917 358 ex
933 331 976 359 his
989 331 1097 366 quidem
1113 339 1174 366 qum
1188 335 1252 358 sunt
1278 335 1386 362 natura,
1417 331 1477 358 aliae
1491 331 1603 366 quidem
1616 339 1681 367 pos-

885 382 949 405 sunt
962 378 1138 413 deprehendi,
1155 385 1224 412 quas
1254 378 1363 412 quidem
1394 378 1530 404 vocabam
1554 386 1608 405 non
1624 378 1675 405 ob-

885 431 991 455 scuras,
1007 428 1036 451 ut
1048 432 1108 458 quae
1121 431 1169 459 per
1184 424 1261 459 signa
1276 424 1428 458 reputando
1439 432 1471 450 ac
1484 424 1676 451 ratiocinando

885 470 1060 504 colligantur,
1087 469 1315 504 quemadmodum
1343 469 1501 504 symmetria
1531 469 1678 497 dubiarum

886 515 1043 542 orationum
1058 523 1119 550 qua
1133 515 1236 542 cadunt
1260 516 1288 542 iu
1315 516 1594 550 contemplationem:
1619 516 1679 543 aliae

885 569 950 589 vero
963 570 1023 597 quae
1039 562 1204 597 deprehendi
1231 566 1382 597 nequeunt,
1401 570 1461 597 qua:
1487 562 1563 589 nullo
1596 562 1678 589 modo

885 611 1000 642 possunt
1024 607 1122 635 cadere
1146 607 1197 634 sub
1228 607 1486 642 deprehensionem,
1509 615 1570 642 quae
1596 609 1679 635 etiam

885 653 1015 680 dicuntur
1031 653 1141 688 penitus
1171 653 1305 681 obscurae.
1333 653 1365 680 Et
1395 654 1455 681 aliae
1482 654 1592 688 quidem
1614 658 1679 681 sunt

886 699 1102 734 procatarcticze,
1129 699 1189 726 alia:
1215 707 1279 727 vero
1308 700 1464 735 synecticze,
1498 700 1557 727 alia:
1585 705 1677 728 autem

885 754 1040 778 concausae,
1057 747 1117 774 alia:
1130 754 1194 773 vero
1223 746 1395 780 adjuvantes.
1413 746 1447 772 Et
1471 746 1530 773 alia:
1554 747 1676 781 quidem,

885 793 946 826 ejus
961 792 1034 827 quod
1047 795 1090 819 est
1104 791 1255 819 secundum
1268 796 1412 824 naturam;
1441 791 1501 818 alia:
1521 799 1593 824 vero,
1616 791 1678 826 ejus

886 837 957 872 quod
975 841 1074 872 praeter
1086 841 1224 864 naturam.
1239 837 1306 864 Aliae
1333 841 1423 864 autem
1437 837 1524 864 morbi
1538 841 1564 864 et
1579 845 1680 865 secun-

886 883 950 910 dum
966 883 1113 916 accidens;
1131 883 1191 910 alim
1202 883 1312 918 quidem
1328 883 1515 914 aﬁectionum,
1540 884 1599 910 alia:
1614 891 1680 911 vero

851 923 871 950 Β
886 936 980 957 earum
995 929 1203 964 magnitudinis.
1231 929 1290 956 alia-
1309 933 1400 956 autem
1419 933 1572 964 temporum
1588 933 1614 956 et
1631 937 1679 956 oe-

887 974 1042 1002 casionurh.
1056 974 1143 1009 Atque
1159 975 1182 1002 si
1197 975 1330 1002 tollantur
1353 974 1465 1009 quidem
1480 982 1570 1002 causa:
1582 982 1679 1009 proca-

885 1020 1017 1052 tarcticre.
1037 1024 1127 1048 manet
1152 1024 1243 1048 tamen
1263 1020 1386 1048 effectus.
1418 1020 1560 1056 Synectica
1586 1024 1678 1048 autem

885 1074 968 1094 causa
984 1070 1036 1098 est,
1049 1074 1109 1102 quae
1125 1067 1148 1094 si
1164 1067 1247 1097 adsit,
1265 1071 1357 1094 manet
1381 1066 1514 1099 effectus;
1530 1071 1557 1094 et
1578 1067 1600 1094 si
1626 1067 1679 1094 tol-

881 1113 963 1143 latur.
979 1113 1094 1140 tollitur.
1112 1111 1288 1148 Synecticam
1308 1120 1356 1147 per
1372 1113 1562 1148 synonymiam
1581 1115 1610 1145 »ἒ
1625 1121 1673 1147 ap-

883 1159 996 1194 pellant,
1012 1160 1094 1187 etiam
1123 1167 1171 1195 per
1201 1167 1231 1187 se
1259 1160 1421 1194 perfectam,
1452 1159 1675 1194 quandoquidem

878 1208 926 1232 est
941 1205 1107 1232 sufficienter
1122 1212 1170 1240 per
1192 1212 1222 1232 se
1238 1205 1361 1232 efficiens
1378 1205 1503 1232 effectus.
1535 1204 1565 1231 Si
1588 1208 1678 1231 autem

881 1259 964 1278 causa
983 1258 1030 1286 per
1049 1258 1079 1278 se
1091 1250 1241 1286 perfectam
1258 1251 1396 1286 signiﬁcat
1410 1251 1610 1286 operationem,
1631 1250 1679 1277 ad-

879 1297 980 1332 iuvans
995 1305 1080 1326 causa
1095 1298 1232 1333 significat
1244 1298 1437 1330 ministerium,
1454 1301 1480 1324 et
1493 1304 1592 1324 munus
1605 1296 1678 1331 quod

55 1342 168 1369 obitcum
188 1343 252 1371 alio.
273 1343 366 1379 Atque
394 1344 417 1371 si
437 1344 505 1371 nihil
532 1343 641 1379 quidem
659 1346 779 1378 praestet,
795 1352 828 1371 ne
849 1344 956 1372 dicetur
971 1345 1081 1380 quidem
1093 1346 1245 1380 adjuvans;
1271 1348 1313 1373 sin
1349 1349 1439 1373 autem
1463 1348 1586 1380 praestet,
1617 1345 1678 1380 ejus

55 1387 79 1413 ﬁt
89 1389 191 1416 omnino
209 1397 308 1423 causa,
323 1390 395 1425 quod
407 1391 488 1418 etiam
504 1395 626 1425 praestat,
643 1390 695 1417 hoc
708 1394 762 1423 est,
773 1391 834 1425 ejus
854 1391 927 1426 quod
941 1392 970 1419 ﬁt
985 1400 1032 1428 per
1043 1393 1140 1427 ipsam.
1159 1392 1206 1420 Est
1238 1400 1304 1428 ergo
1328 1399 1411 1419 causa
1437 1391 1582 1426 adjuvans,
1613 1398 1674 1426 quae

55 1441 106 1461 cum
134 1436 206 1464 adest
236 1437 265 1464 ﬁt
293 1437 419 1469 eﬂectus,
449 1442 559 1472 apertus
588 1438 698 1472 quidem
721 1442 840 1473 apertae,
862 1439 999 1466 obscurus
1035 1443 1125 1466 autem
1150 1439 1284 1467 obscurae.
1310 1438 1396 1465 Porro
1422 1441 1512 1465 autem
1542 1444 1679 1464 concausa

54 1490 148 1517 quoque
160 1489 200 1512 est
224 1493 257 1513 ex
287 1493 388 1520 genere
410 1493 567 1518 causarum,
598 1485 828 1520 quemadmodum
847 1487 999 1514 commilito
1013 1491 1055 1515 est
1071 1488 1160 1519 miles,
1194 1491 1221 1515 et
1237 1487 1393 1522 coéphebus
1407 1489 1449 1513 est
1463 1485 1602 1521 ephebus;
1636 1488 1678 1511 at-

55 1537 98 1563 que
108 1530 233 1564 adjuvans
247 1532 361 1567 quidem
384 1538 467 1558 causa
489 1531 541 1558 fert
567 1539 645 1566 opem
673 1539 765 1559 causa
787 1533 944 1568 synecticm,
959 1533 993 1560 ad
1008 1533 1191 1561 intentionem
1215 1534 1275 1569 ejus
1300 1533 1373 1567 quod
1399 1534 1434 1559 ab
1464 1532 1523 1567 ipsa
1536 1531 1575 1558 ﬁt.
1606 1530 1676 1558 Con-

55 1583 132 1604 causm
146 1581 233 1605 autem
261 1586 320 1605 non
337 1583 379 1606 est
403 1579 498 1606 eadem
528 1579 623 1612 notio;
644 1584 735 1614 potest
757 1580 830 1607 enim
851 1581 954 1616 aliquid
969 1589 1032 1609 esse
1047 1589 1192 1613 concausa,
1205 1582 1257 1609 etsi
1274 1589 1328 1608 non
1348 1581 1384 1608 sit
1418 1587 1502 1608 causa
1527 1580 1676 1614 synectica.

56 1622 199 1660 lntelligitur
216 1627 292 1654 enim
309 1635 448 1655 concausa
463 1635 526 1655 cum
543 1628 608 1660 alio,
635 1629 708 1663 quod
727 1637 775 1664 per
800 1637 829 1657 se
850 1638 904 1658 non
927 1635 1019 1666 potest
1033 1631 1158 1659 eﬁ‘ectum
1172 1631 1292 1663 efficere,
1307 1635 1336 1658 ul.
1351 1639 1411 1666 qua:
1429 1630 1465 1658 sit
1498 1637 1582 1657 causa
1611 1637 1674 1656 cum

57 1678 136 1699 causa.
151 1672 241 1701 Differt
254 1678 350 1702 autem
374 1675 507 1710 adjuvans
527 1683 611 1703 causa
640 1683 655 1702 a
678 1684 827 1709 concausa,
845 1678 919 1713 quod
953 1686 1091 1707 concausa
1106 1679 1228 1714 quidem,
1251 1679 1275 1707 ei
1300 1679 1373 1714 quod
1394 1686 1517 1706 seorsum
1549 1685 1605 1704 non
1635 1676 1677 1704 ef-

58 1718 236 1755 fii-it.przcbeat
267 1722 415 1757 effectum;
446 1724 578 1758 adjuvans
607 1729 697 1752 autem
724 1733 848 1753 seorsum
869 1726 979 1761 quidem
1005 1735 1061 1754 non
1090 1728 1203 1759 efﬁciat,
1240 1728 1317 1755 alteri
1348 1732 1439 1755 autem
1465 1726 1597 1754 accedens
1617 1733 1678 1760 qua:

58 1774 164 1796 seorsum
180 1770 274 1802 efficit,
289 1772 318 1798 ei
333 1771 402 1798 ferat
413 1779 492 1806 opem
507 1772 540 1799 ad
551 1772 603 1799 hoc
620 1776 649 1799 ut
674 1773 712 1800 sit
744 1773 857 1801 effectus
876 1774 1146 1803 vehementissimus.
1171 1775 1288 1803 Maxime
1310 1779 1402 1803 autem
1426 1782 1460 1802 ex
1479 1773 1678 1809 procatarctica

59 1823 128 1843 causa
144 1816 239 1845 factam
269 1826 336 1846 esse
360 1826 473 1846 causam
505 1819 690 1854 adjuvautem.
714 1819 747 1848 ad
772 1821 827 1848 vim
847 1823 1144 1851 causaeintendendam
1156 1823 1273 1852 confert.

90 1897 114 1926 E4
127 1895 156 1924 Ρ.
169 1896 220 1924 924
234 1897 291 1924 ΕΙ).
305 1896 455 1926 POTTER.

62 1982 291 2044 ἀδὲᾩῡίῖροδήλως
312 2007 319 2014 .
340 2007 346 2012 .
365 2008 372 2014 .
388 1986 518 2020 ἀδήλως.
535 1986 622 2021 Flor.,
651 1988 833 2023 προδήλῳηη.

91 2039 301 2094 ζέῘΠΠαρόιιτος.
321 2057 502 2085 Scribendum
518 2057 663 2094 προδήλου,
686 2057 760 2092 quod
789 2066 834 2085 re-

63 2092 131 2128 quirit
147 2092 343 2118 sententiarum
358 2094 507 2128 oppositio.
525 2092 615 2128 A'tque
630 2094 681 2120 hoc
696 2094 777 2121 etiam
794 2095 835 2120 vi-

64 2123 99 2164 dit.
116 2125 257 2164 interpresi
277 2123 475 2164 Hapdvéogex
506 2123 636 2164 periocha
663 2128 835 2164 praecedente

64 2158 332 2199 videlurifrepsissei
353 2158 492 2191 vel'forte
507 2158 638 2198 ‘niargiui
664 2158 834 2199 ascriptum,

169 2198 195 2224 in
221 2202 329 2225 textum
360 2198 395 2226 ab
418 2199 547 2234 imperito
575 2197 667 2227 scriba
696 2197 836 2233 receptum

925 1987 965 2022 (9)
982 1987 1076 2020 Αὐτῷ.
1089 1987 1164 2015 Flor.
1186 1987 1282 2018 divise.
1307 1985 1340 2014 αὖ
1362 1987 1411 2023 τῷ.
1444 1987 1497 2015 Sed
1525 1995 1674 2022 pronomen

888 2023 962 2059 αὐτῷ
987 2025 1110 2058 agnoscit
1135 2024 1215 2049 etiam
1240 2023 1474 2059 Herveti‘vcrsio,
1491 2031 1510 2059 -ι
1526 2023 1596 2057 quod
1624 2030 1675 2050 nec

890 2057 980 2094 ipsum
993 2057 1040 2094 per
1052 2067 1080 2085 se
1096 2062 1185 2093 potest
1199 2058 1323 2094 effectum
1340 2057 1472 2085 efﬁcere.)
1488 2057 1619 2084 Summa.

923 2095 978 2129 (IO)
1001 2093 1197 2127 Παρίστησιν.
1221 2093 1345 2120 Mancum
1367 2101 1427 2120 csse
1444 2093 1516 2119 hunc
1540 2094 1672 2128 Στρωμα-

887 2129 946 2160 τέα,
966 2137 981 2155 e
1006 2130 1177 2163 superiorum
1195 2129 1334 2162 prommiis
1348 2131 1375 2155 ct
1385 2128 1499 2163 epilogis
1510 2132 1552 2154 sat
1566 2130 1671 2154 clarum

889 2170 941 2191 est.
958 2164 998 2191 An
1011 2172 1076 2191 vero
1090 2164 1160 2190 idem
1187 2164 1269 2190 etiam
1295 2163 1407 2190 ultimus
1425 2164 1469 2195 sit,
1498 2171 1551 2189 non
1581 2163 1629 2189 abs
1645 2170 1674 2189 re

889 2200 1067 2227 dubitaveris.
1085 2199 1167 2226 Plura
1184 2199 1256 2225 enim
1277 2199 1448 2233 superiorum
1463 2198 1566 2232 prologi
1582 2198 1674 2233 inobis

890 2235 1055 2270 pollicentur
1068 2243 1149 2270 quam
1160 2234 1214 2262 huc
1226 2232 1378 2270 usque’sint
1391 2238 1566 2270 pertractata.
1582 2232 1620 2262 In.
