1934 3075
228 152 281 180 607

816 157 1013 186 CLEMENTIS
1033 159 1265 188 ALEXANDRINI

1807 165 1855 191 6‘58

227 215 293 240 nino
308 215 433 249 repulsos
445 223 492 243 eos
507 216 541 243 ab
555 215 710 244 haereditate
729 217 805 252 regni
819 217 964 249 ctelorum,
993 219 1012 245 si

1071 219 1207 254 βασιλείας
1222 220 1276 246 τῶν
1297 220 1430 256 οὐρανῶν.
1448 221 1494 248 ἐὰν
1511 221 1688 248 ὑπακούσωσι
1715 222 1775 252 ταῖς
1790 222 1857 247 ὲντο-

227 260 310 287 modo
325 261 399 288 dicto
412 262 552 290 audientes
568 263 622 290 sint
634 267 663 289 ut
677 262 804 290 mandata
813 268 1014 298 exsequantur:

227 305 327 333 deinde
347 306 521 339 admoneant,
545 308 643 335 timere
658 316 705 336 eos
730 308 777 335 ubi
794 309 886 336 nullus
903 310 1017 337 timendi

227 351 316 384 locus,
335 360 436 388 eosque
449 354 496 388 qui
514 354 607 386 velint,
632 354 776 381 Dominum
799 355 905 390 placide
928 356 1016 382 susci-

227 406 292 433 pere
309 408 316 426 :
333 403 444 434 tumque
452 400 484 426 ad
496 400 552 427 haec
565 399 710 428 ostendere
717 405 744 428 et
759 401 930 429 institutione
939 406 1015 429 cate-

228 444 332 471 ehetiea
347 445 444 472 docere
459 453 507 480 par
517 446 579 476 erit,
591 454 643 481 qua
658 454 756 481 nempe
767 447 873 475 ratione
882 448 1017 482 quibusve

227 491 356 524 operibus
373 491 474 526 pariter
489 491 686 527 alfectibusque
706 500 769 527 spes
785 493 884 524 alatur.
908 500 938 521 ut
956 502 1017 528 qute

226 544 276 563 nec
292 536 346 563 illis
361 536 472 563 omnino
490 542 585 572 negata
599 538 644 569 sit,
663 546 712 565 nec
728 547 824 566 rursus
839 543 938 566 temere
955 540 1016 566 nul—

225 583 305 617 loque
326 583 443 611 hominis
465 588 567 611 conatu
591 585 729 612 obveniat.
757 585 809 612 Sed
832 586 905 613 sicut
932 594 962 614 se
987 588 1015 613 in

225 628 332 656 athletis
358 637 400 656 res
430 629 510 656 habet
536 629 577 665 (ut
598 638 680 665 parva
695 634 722 657 et
742 632 930 666 corruptibilia
951 639 1014 658 eum

225 675 332 709 magnis
345 678 372 702 et
387 675 640 710 incorruptibilibus
651 677 848 712 conferamus),
861 678 898 704 ita
906 685 1015 712 quoque

224 720 252 747 in
269 721 329 755 ipso
346 722 506 756 contingere
531 722 632 756 cogitet
646 723 693 757 qui
713 723 806 750 swculi
826 724 923 758 opibus
938 724 1014 751 dives

223 768 274 792 est.
288 764 394 792 Etenim
412 766 570 801 quicunque
585 767 619 794 de
634 767 748 794 victoria
764 772 791 795 ct
806 775 906 795 corona
922 768 1015 803 despe-

225 811 336 841 raverit,
353 811 377 838 is
392 819 441 838 nec
454 813 566 840 omnino
578 817 607 839 ut
619 813 645 839 in
661 820 771 845 31'an
786 813 945 846 descendat,
965 822 1013 841 no-

224 862 286 881 men
304 854 427 888 dederit;
461 856 508 890 qui
534 864 598 883 vero
623 856 694 884 hanc
719 858 777 892 ipse
798 858 907 892 quidem
922 858 1014 886 ani-mo

225 907 300 933 spem
317 900 484 935 conceperit.
503 901 610 929 labores
630 908 719 930 tamen
735 907 761 929 et
780 903 856 930 cibos
869 907 895 931 et
908 905 1013 938 exqrci-
1030 889 1051 918 Β

224 945 345 972 lationes
359 946 386 972 in
404 953 462 973 eam
479 954 536 974 rem
550 955 686 982 congruas
701 956 756 975 non
771 948 899 981 admittit,
912 957 1014 977 corona

226 991 373 1018 indonatus
389 996 489 1023 manet,
502 999 533 1019 ac
548 1001 610 1027 spes
625 994 700 1020 illum
710 994 840 1021 frustrata
857 999 908 1022 est.
927 994 972 1022 Sic
987 1001 1012 1023 et

224 1037 350 1070 quisquis
378 1038 494 1065 terrenis
510 1039 606 1073 opibus
627 1040 721 1072 afﬂuit,
746 1044 840 1067 caveat
855 1049 888 1067 ne
904 1049 933 1068 se
956 1041 1013 1076 ipse

224 1083 341 1116 primum
358 1090 372 1108 a
389 1082 537 1111 Salvatoris
555 1086 752 1113 certaminibus
776 1087 948 1122 prmmiisque
965 1096 1014 1115 ex-

223 1127 331 1154 clusum
343 1128 435 1160 ducat,
450 1130 529 1157 modo
542 1130 628 1158 fidelis
643 1132 768 1163 exsistat.
783 1140 814 1159 ae
826 1132 925 1160 divina:
935 1134 1014 1162 boni-

223 1174 288 1201 tatis
316 1175 530 1210 magnitudinem
558 1177 709 1213 intelligat;
743 1187 792 1206 nec
810 1187 908 1207 rursus
937 1181 1012 1207 nulla

223 1221 418 1248 exercitatione
439 1222 568 1256 nulloque
584 1223 732 1251 certamine
752 1224 851 1258 posito,
868 1225 937 1251 citra
950 1225 1012 1260 pul-

223 1274 313 1294 verem
330 1272 411 1302 atque
427 1268 555 1295 sudorem
573 1269 788 1298 immortalitatis
805 1278 834 1297 se
848 1277 950 1298 corona
965 1272 1015 1299 do-

223 1313 342 1339 nandum
357 1317 458 1348 speret,
476 1314 523 1341 sed
535 1322 564 1341 se
579 1313 669 1342 Verbo
685 1315 774 1342 tradat
791 1323 823 1343 ac
839 1317 936 1343 rationi
952 1322 1013 1344 tan-

223 1365 304 1390 quam
329 1358 461 1392 paltestrat
488 1360 628 1394 magistro,
650 1360 813 1396 Christoque
833 1363 1012 1389 certaminum

223 1403 331 1438 praesidi
347 1405 486 1439 subjiciat.
510 1405 594 1432 Cibus
622 1406 661 1432 illi
685 1414 717 1433 ac
731 1411 812 1442 potus
832 1409 1012 1442 prmslitutus,

223 1448 328 1476 Novum
341 1449 447 1477 Domini
465 1450 922 1485 Testamentum;exereitamenta,
941 1462 1015 1480 man-

224 1495 302 1528 data;
320 1500 434 1524 ornatus
450 1504 482 1524 ac
495 1497 594 1530 cultus,
610 1498 687 1525 bonae
702 1499 787 1525 animi
801 1498 958 1527 affectiones
981 1507 1013 1526 ae

224 1541 318 1574 dotes;
342 1542 418 1574 fides,
446 1550 520 1577 spes,
541 1543 671 1575 Charitas,
695 1544 751 1571 veri
773 1545 892 1579 cognitio
921 1544 1011 1580 [beni-

223 1586 336 1622 gnitas].
357 1587 465 1618 lenitas,
483 1587 680 1620 misericordia.
696 1589 824 1623 castitas;
839 1593 868 1616 ut
883 1597 944 1616 cum
960 1599 1011 1618 no-

223 1632 336 1659 vissima
352 1633 417 1659 tuba
438 1633 548 1660 ineundi
564 1641 661 1661 cursus
679 1634 785 1668 signum
808 1635 912 1662 dederit
932 1639 1013 1671 atque

224 1677 288 1704 hinc
308 1678 458 1712 emigrandi
474 1678 546 1705 velut
561 1678 650 1705 stadio
666 1685 690 1711 ιι,
710 1687 742 1706 ex
760 1679 866 1707 mortali
883 1680 934 1707 hac
947 1681 1010 1708 vita.

1068 265 1136 297 λαῖς·
1152 263 1201 292 εἷθ’
1217 266 1456 302 ὑπομνημονεῦσαι
1471 266 1526 302 (16)
1540 267 1578 298 ὡς
1592 267 1668 298 ἀδεὲς
1678 267 1781 294 δεδίασι
1791 267 1856 299 δέος,

1068 313 1114 338 καὶ
1128 313 1169 339 ὅτι
1187 312 1363 348 βουλομένους
1379 313 1477 344 αὐτοὺς
1491 313 1505 338 ὸ
1522 313 1616 349 Σωτὴρ
1637 314 1767 348 ἀσμένως
1788 313 1856 348 δέχε-

1067 365 1121 383 ται·
1136 358 1196 384 τότε
1217 359 1263 385 καὶ
1279 358 1483 394 προσδεικνύναι
1511 359 1558 385 καὶ
1580 360 1772 394 μυσταγωγεῖν
1788 360 1857 390 ὅπως

1067 402 1100 430 ἂν
1111 404 1158 429 καὶ
1172 403 1204 429 δι’
1213 405 1275 430 οἵων
1291 404 1377 440 ἔργων
1386 413 1415 431 τε
1424 405 1470 431 καὶ
1483 404 1628 431 διαθέσεων
1640 405 1856 441 ὲπαίροιντουῖ)

1067 449 1100 475 τὰ
1108 449 1157 484 τῆς
1171 449 1287 481 ἐλπίδος,
1301 450 1339 481 ὡς
1349 449 1404 476 οὔτ’
1416 451 1556 486 ἀμηχάνου
1569 450 1748 485 καθεστώσης
1759 451 1856 483 αὐτοῖς,

1067 493 1128 520 οὔτε
1142 495 1296 521 τούναντίον
1313 495 1374 529 είκῆ
1385 496 1603 531 περιγινομένης·
1623 495 1679 522 ἀλλ’
1696 497 1783 531 ὅνπερ
1797 496 1857 531 τρό-

1067 548 1118 566 πον
1139 539 1194 575 ἔχει
1210 540 1240 566 τὺ
1260 541 1314 568 τῶν
1341 540 1475 576 ἀθλητῶν,
1492 542 1535 568 ἵνα
1564 542 1649 577 μικρὰ
1673 542 1722 568 καὶ
1739 542 1858 576 ézix'qpa.

1068 586 1196 621 μεγάλοις
1211 586 1257 612 καὶ
1272 586 1420 623 ἀφθάρτοις
1435 587 1646 623 παραϐάλωμεν,
1663 589 1740 614 τουτὶ
1756 588 1802 614 καὶ
1817 589 1857 622 ἐφ’

1066 632 1153 667 ἐαυτῷ
1173 633 1187 658 ὀ
1203 632 1273 658 κατὰ
1289 632 1389 668 κόσμον
1407 633 1528 660 πλουτῶν
1550 633 1708 668 λογιζέσθω.
1730 635 1787 660 Καὶ
1806 635 1858 669 γὰρ

1065 677 1177 705 ἐκείνων
1192 680 1206 705 ὁ
1221 679 1271 714 μὲν
1297 679 1338 706 ὄτι
1355 681 1497 716 δυνήσεται
1526 681 1614 716 νικᾴν,
1643 681 1691 707 καὶ
1719 681 1858 714 στεφάνων

1064 725 1208 760 τυγχάνειν
1234 726 1397 758 ἀπελπίσας,
1428 726 1480 752 οὐδ’
1511 726 1579 758 ὅλως
1605 727 1651 752 ἐπὶ
1675 726 1725 762 τὴν
1747 726 1858 762 ἄθλησιν

1064 772 1255 808 ἀπεγράψατο·
1273 773 1288 798 ὁ
1300 772 1329 798 δὲ
1346 772 1447 808 ταύτην
1468 773 1517 808 μὲν
1533 772 1720 808 ὲμὸαλόμενος
1733 773 1769 807 τῇ
1790 772 1853 806 γνὼ-

1066 824 1103 851 μῃ
1120 816 1169 852 τὴν
1182 816 1287 848 ἐλπίδα,
1303 816 1399 848 πόνους
1413 817 1442 844 δὲ
1461 817 1508 844 καὶ
1523 817 1626 853 τροφὰς
1649 817 1697 844 καὶ
1718 817 1858 852 γυμνάσια

1069 862 1105 897 μὴ
1121 861 1299 897 προσιέμενος
1311 862 1492 898 προσφόρους,
1508 862 1698 897 ἀστεφάνωτος
1712 863 1856 896 διεγένετο,

1066 908 1113 934 καὶ
1126 908 1261 943 διήμαρτε
1272 908 1326 934 τῶν
1336 907 1460 934 ἐλπίδων.
1477 908 1555 934 Οὕτω
1565 917 1605 937 τις
1617 908 1663 934 καὶ
1677 908 1727 943 τὴν
1738 909 1858 942 ἐπίγειον

1064 953 1295 989 περιϐεϐλημένος
1318 953 1474 989 περιϐολὴν,
1496 954 1563 989 μήτε
1582 953 1631 988 τὴν
1649 954 1739 988 ἀρχὴν
1764 954 1857 980 ἑαυτὸν

1064 998 1151 1035 ἄθλων
1164 999 1217 1026 τῶν
1234 1000 1358 1034 Σωτῆρος
1373 999 1576 1035 ὲκχηρυβσέτω,
1595 999 1689 1030 πιστός
1700 1007 1732 1032 γε
1750 998 1797 1029 ὢν,
1811 1000 1856 1025 καὶ

1063 1043 1094 1069 τὺ
1113 1044 1253 1079 μεγαλεῖον
1270 1044 1389 1079 συνορῶν
1404 1044 1454 1079 τῆς
1475 1043 1522 1069 τοῦ
1548 1043 1615 1070 Θεοῦ
1631 1043 1836 1079 φιλανθρωπίας
1847 1052 1853 1058 ·

1065 1091 1133 1125 μήτε
1150 1089 1201 1124 μὴν
1218 1087 1296 1120 αὖθις
1312 1089 1464 1124 ἀνάσκητος
1478 1088 1524 1115 καὶ
1551 1087 1735 1124 ἁναγώχιστος
1753 1089 1854 1124 μείνας,

1063 1135 1167 1161 ἀκονιτὶ
1180 1135 1324 1169 κάνιδρωτὶ
1337 1135 1391 1161 τῶν
1408 1134 1544 1167 στεφάνων
1557 1133 1608 1168 τῆς
1618 1133 1774 1169 ἀφθαρσίας
1786 1133 1856 1160 ἐλπι-

1065 1182 1133 1215 ζέτω
1146 1181 1317 1217 μεταλαϐεῖν·
1339 1181 1396 1207 ἀλλ’
1413 1180 1493 1207 αὑτὸν
1508 1179 1666 1206 ὖποϐαλέτω
1680 1180 1773 1216 φέρων
1785 1189 1854 1215 γυμ-

1064 1228 1147 1262 ναστῇ
1159 1227 1215 1262 (18)
1233 1227 1281 1262 μὲν
1293 1226 1331 1261 τῷ
1347 1225 1435 1260 Λόγῳ,
1451 1224 1605 1260 ἀγωνοθέτῃ
1621 1224 1649 1250 δὲ
1663 1224 1703 1259 τῷ
1728 1225 1836 1259 Χριστῴ
1846 1234 1852 1239 ·

1063 1273 1150 1309 τροφὴ
1165 1273 1192 1299 δὲ
1204 1271 1278 1307 αὑτῴ
1295 1272 1342 1298 καὶ
1356 1271 1436 1298 ποτὸν
1446 1270 1565 1305 γενέσθω
1579 1270 1747 1305 τεταγμένον
1759 1271 1775 1305 ἡ
1792 1271 1855 1297 Και-

1064 1319 1096 1354 νὴ
1108 1318 1229 1354 Διαθήκη
1245 1317 1291 1344 τοῦ
1308 1317 1421 1353 Κυρίοιν
1438 1316 1575 1352 γυμνάσια
1587 1316 1614 1342 δὲ
1629 1315 1747 1346 ἐντολαὶ,
1759 1316 1855 1352 sequ-Im

1066 1363 1168 1398 μοσύνη
1182 1362 1210 1389 δὲ
1236 1362 1283 1389 καὶ
1307 1362 1408 1396 κόσμος
1435 1362 1463 1387 αί
1487 1361 1570 1388 καλαὶ
1587 1360 1733 1393 διαθέσεις,
1750 1362 1853 1396 ἀγάπη,

1065 1409 1165 1439 πίστις,
1180 1408 1267 1439 ἐλπὶς,
1276 1408 1376 1442 γνῶσις
1389 1407 1525 1442 ἀληθείας,
1538 1405 1706 1442 [sauciatam]
1720 1408 1851 1443 πραότης,

1064 1453 1257 1488 εὐσπλαγχνία,
1277 1452 1418 1487 σεμνότης,
1436 1452 1489 1483 ἵνα,
1513 1452 1577 1477 ὅταν
1597 1451 1701 1488 ἐσχάτῃ
1726 1452 1854 1485 σάλπιγγι

1065 1499 1229 1534 ὑποσημήνῃ
1245 1498 1291 1525 τοῦ
1306 1498 1405 1534 δρόμου
1419 1498 1466 1524 καὶ
1480 1497 1530 1532 τῆς
1545 1497 1670 1523 ἐντεῦθεν
1685 1497 1788 1530 ἐξόδου,
1804 1506 1854 1523 κα-

1064 1544 1151 1580 θάπερ
1168 1545 1199 1570 ἐκ
1219 1543 1325 1570 σταδίου
1337 1543 1383 1569 τοῦ
1402 1543 1459 1578 βίου
1479 1543 1537 1578 μετ’
1548 1543 1652 1577 ἀγαθοῦ
1677 1543 1725 1569 τοῦ
1741 1542 1855 1569 συνειδὸ-

1063 1597 1108 1620 τος
1121 1588 1159 1624 τῷ
1179 1588 1310 1626 ἀθλοθέτῃ
1322 1589 1448 1623 παραστῇ
1466 1588 1622 1623 νικηφόρος,
1637 1587 1855 1622 ὡμολογημένως

1063 1634 1113 1669 τῆς
1129 1634 1185 1661 ἄνω
1199 1633 1325 1669 πατρίδος
1340 1633 1424 1666 ἄξιος,
1442 1635 1481 1664 εἰς
1504 1633 1536 1668 ἢν
1555 1632 1624 1668 μετά
1644 1633 1786 1667 στεφάνων
1809 1633 1855 1658 καὶ

1065 1681 1248 1716 κηρυγμάτων
1265 1680 1417 1714 ἀγγελικῶν
1433 1679 1623 1714 ἐπανέρχεται.

224 1724 296 1752 bona
316 1725 402 1753 fretus
423 1726 602 1758 conscientia,
618 1728 797 1754 certaminum
820 1728 928 1762 pratsidi
943 1729 1030 1755 victor
1052 1732 1240 1764 prtesentetur,
1271 1728 1376 1756 caelesti
1389 1727 1481 1762 palam
1499 1726 1599 1762 dignus
1618 1726 1718 1762 patria,
1735 1726 1762 1753 in
1775 1733 1855 1761 quam

224 1771 344 1804 coronis,
357 1773 570 1808 angelorumque
585 1774 720 1808 pneconio
734 1782 765 1802 ac
779 1776 875 1810 plausu
891 1776 1009 1803 donatus
1028 1778 1183 1804 revertitur.

260 1819 390 1855 336W.
399 1819 448 1847 Det
455 1820 536 1856 igitur
542 1821 621 1848 nobis
629 1820 796 1856 Salvator,ut
803 1823 866 1851 hinc
873 1824 1012 1852 ordientes

224 1872 388 1898 sermonem,
403 1874 466 1893 vera
477 1871 503 1894 et
515 1868 713 1900 convenientia,
725 1877 838 1904 quaeque
850 1870 884 1896 ad
896 1870 1010 1897 fratrum

224 1911 340 1939 salutem
358 1912 470 1946 faciunt,
487 1914 675 1948 conferamus;
695 1915 812 1949 primum
830 1916 863 1944 de
878 1924 926 1952 spe
941 1917 1010 1952 ipsa,

223 1957 320 1985 deinde.
335 1959 368 1986 iis
391 1967 452 1994 qua:
466 1960 500 1987 ad
511 1968 585 1995 spem
597 1961 765 1988 conducunt.
782 1961 828 1989 ille
841 1963 950 1997 quidem
967 1963 1011 1990 in-

222 2003 379 2038 digentibus
394 2005 518 2040 largitur,
529 2006 662 2041 docetque
678 2011 816 2042 rogantes,
841 2016 922 2042 porro
938 2009 1011 2044 igno-

223 2049 339 2076 rantiam
355 2050 446 2082 solvit,
461 2055 542 2086 atque
559 2051 775 2086 desperationem
796 2054 919 2087 excutit;
950 2062 1012 2082 eos-

222 2094 282 2122 dem
297 2103 393 2123 rursus
405 2097 439 2124 de
451 2097 580 2125 divitibus
591 2106 731 2126 sermones
743 2099 888 2131 inducens,
902 2099 949 2134 qui
960 2100 1012 2135 ipsi

223 2141 327 2175 seipsos
342 2143 676 2178 interpretanturtutoque
691 2149 838 2179 exponant.
851 2144 923 2172 Nihil
939 2146 1011 2172 enim

1100 1826 1136 1852 A’.
1151 1824 1213 1860 Δοίη
1232 1824 1322 1851 τοίνυν
1342 1823 1408 1859 ἡμῖν
1422 1823 1436 1849 ὁ
1458 1822 1563 1858 Σωτὴρ,
1587 1821 1713 1848 ἐντεῦθεν
1739 1821 1856 1857 ἀρξαμέ-

1063 1878 1118 1902 νοις
1130 1870 1176 1896 τοῦ
1196 1869 1286 1904 λόγου,
1302 1869 1407 1905 τάληθῆ
1425 1868 1472 1895 καὶ
1487 1868 1521 1895 τὰ
1542 1868 1682 1903 πρέποντα
1694 1869 1743 1894 καὶ
1759 1868 1793 1894 τὰ
1804 1875 1856 1894 σω-

1063 1917 1144 1951 τήρια
1160 1915 1344 1951 συμϐαλέσθαι
1361 1916 1416 1947 τοῖς
1433 1914 1566 1948 ἀδελφοῖς,
1582 1914 1650 1949 πρός
1668 1922 1698 1940 τε
1710 1914 1762 1949 τὴν
1777 1913 1857 1939 ἐλπί-

1062 1962 1095 1989 δα
1107 1962 1213 1998 πρῶτον
1226 1962 1321 1996 αὐτὴν,
1339 1961 1385 1988 καὶ
1397 1960 1520 1996 δεύτερον
1540 1960 1607 1995 πρὸς
1620 1960 1670 1995 τὴν
1686 1960 1737 1995 τῆς
1752 1959 1857 1990 ἐλπίδος

1062 2008 1254 2043 προσαγωγὴν.
1273 2007 1301 2033 ὐ
1311 2007 1343 2042 δὴ
1355 2006 1497 2043 χαρίζεται
1504 2005 1651 2040 δεομένοις,
1661 2006 1708 2032 καὶ
1715 2005 1858 2036 αἰτοῦντας

1062 2053 1191 2080 διδάσκει·
1209 2053 1267 2079 λύει
1288 2061 1318 2079 τε
1336 2053 1385 2088 τὴν
1411 2053 1532 2086 ἄγνοιαν,
1557 2052 1604 2078 καὶ
1627 2051 1676 2086 τὴν
1702 2052 1856 2085 ἀπόγνωσιν

1063 2099 1229 2131 ἀποσείεται,
1249 2100 1312 2131 τοὺς
1337 2099 1435 2130 αὐτοὺς
1450 2098 1530 2125 πάλιν
1544 2098 1662 2131 εἰσάγων
1678 2097 1778 2131 λόγους
1794 2097 1857 2131 περὶ

1062 2144 1117 2171 τῶν
1130 2145 1264 2171 πλουσίων
1279 2144 1382 2170 ἑαυτῶν
1397 2143 1533 2180 ἑρμηνέας
1552 2142 1710 2177 γινομένους
1732 2143 1780 2169 καὶ
1794 2142 1856 2176 ἐξη-

222 2186 262 2213 air.
270 2186 358 2221 juvet,
375 2195 407 2214 ac
422 2189 480 2222 ipsa
492 2196 589 2216 rursus
598 2190 692 2217 audire
702 2190 796 2224 verba,
807 2199 868 2226 quae
880 2191 909 2218 in
921 2191 1011 2219 Evan-

1065 2190 1149 2226 γητὰς
1172 2190 1311 2225 ἀσφαλεῖς.
1328 2190 1410 2216 Οὐδὲν
1429 2190 1483 2225 γὰρ
1501 2186 1555 2215 οἷον
1570 2188 1659 2214 αὐτῶν
1675 2185 1756 2219 αὖθις
1771 2187 1855 2214 ὁ.κοῦ-

222 2233 300 2267 geliis
316 2237 450 2268 exposita,
469 2235 607 2270 ilcejusto
626 2237 694 2264 satis
717 2237 843 2264 examine
870 2241 952 2273 atque
968 2245 1012 2265 ει·-

223 2286 285 2306 rore
298 2280 469 2308 auditoribus
488 2289 543 2315 prae
563 2282 678 2309 infantia
701 2283 799 2310 mentis
820 2288 944 2318 accepta,
963 2284 1011 2311 ba-

223 2330 319 2353 ctenus
333 2335 380 2355 vos
397 2329 605 2356 conturbarunt.
621 2338 630 2355 ι
650 2329 683 2356 Ει
697 2338 760 2357 eum
777 2330 864 2358 exiret
883 2331 910 2357 in
927 2331 1010 2364 viam,

224 2371 357 2399 accedens
371 2373 481 2407 quidam
496 2382 567 2408 genu
589 2374 726 2405 ﬂectebat.
743 2375 838 2404 dicens
853 2385 860 2403 :
882 2376 1011 2412 Magister

223 2415 304 2448 bone,
320 2417 385 2451 quid
401 2418 497 2445 faciam
515 2423 544 2445 ut
554 2422 584 2451 »ῃ
599 2420 682 2447 vitam
698 2423 826 2448 aeternam
838 2421 1014 2455 possideam?

224 2460 304 2489 Je-us
320 2467 409 2490 autem
426 2464 464 2491 ait
479 2474 485 2492 :
504 2464 575 2497 Quid
594 2474 636 2493 me
651 2466 720 2494 dicis
733 2467 856 2494 bonum?
870 2475 950 2494 nemo
963 2467 1012 2494 bo-

225 2516 277 2535 nus
292 2508 345 2535 nisi
360 2517 441 2541 unus,
460 2509 541 2538 Deus.
558 2510 697 2546 Praecepta
709 2513 780 2540 nosti
794 2512 850 2540 :Ne
865 2513 1011 2544 adulteres.

225 2561 259 2581 ne
274 2554 396 2587 occidas,
421 2563 456 2583 ne
470 2555 582 2589 fureris,
602 2566 635 2584 ne
651 2558 748 2586 falsum
763 2559 950 2586 testimonium
969 2559 1013 2586 di-

226 2599 309 2632 xeris,
322 2608 355 2627 ne
371 2600 494 2628 fraudem
511 2601 621 2633 feceris,
644 2602 749 2630 honora
767 2608 871 2638 patrem
893 2607 969 2630 tuum
986 2608 1014 2631 et

225 2651 339 2673 matrem
355 2650 438 2673 tuam.
455 2646 489 2673 At
503 2647 547 2674 ille
563 2648 740 2683 respondens,
755 2649 793 2675 ait
805 2649 843 2676 illi
856 2657 863 2675 :
877 2648 939 2676 Hice
953 2657 1013 2676 om-

265 2726 293 2754 »Β
315 2722 345 2750 Ρ.
365 2723 417 2751 928
435 2722 489 2751 El).
510 2722 657 2751 POTTER.
714 2731 726 2744 ε
745 2723 834 2752 lCor.
852 2733 889 2757 lx,
902 2725 948 2752 2L

264 2800 319 2837 Uti)
355 2802 638 2837 Ὑπομνημονεῢσαι.
676 2802 931 2838 ’Υποκιυμάτωσιν,
961 2811 1011 2832 ms.

230 2835 310 2862 Fett.

264 2872 318 2906 (l7)
338 2872 526 2906 Ἐπαιζροιιυτο.
550 2873 708 2909 Ἐπαίροντο
720 2873 778 2908 τῆς,
794 2881 845 2902 "ns.
863 2874 899 2901 In.

1063 2245 1108 2263 σαι
1123 2236 1177 2263 τῶν
1195 2236 1295 2272 ῥητῶν,
1308 2236 1379 2271 ἅπερ
1395 2235 1466 2270 ὑμᾶς
1483 2235 1511 2260 ὲν
1527 2235 1584 2265 τοῖς
1600 2233 1779 2268 Εὑαγγελίοις
1793 2234 1856 2269 ἄχρι

1062 2282 1110 2309 νῦν
1132 2282 1324 2318 διετάρασσεν,
1347 2280 1598 2312 ἀϐασανίστωςηκαὶ
1623 2279 1856 2315 διημαρτημένως

1062 2328 1116 2354 ὑπὸ
1128 2328 1288 2364 νηπιότητος
1300 2327 1492 2363 ἀκροωμένους
1501 2335 1507 2341 ·
1525 2336 1534 2351 ‹
1561 2325 1791 2361 Ἐκπορευομένῳ
1806 2325 1853 2351 αὑ-

1061 2374 1100 2410 τῷ
1114 2375 1153 2406 εἰς
1165 2374 1222 2400 ὁδὸν
1249 2373 1404 2409 προσελθών
1418 2381 1460 2404 τις
1475 2371 1642 2406 ὲγονυπέτει,
1658 2371 1757 2405 λέγων’
1774 2371 1852 2397 Διδά-

1063 2419 1145 2447 σκαλε
1170 2420 1266 2454 ἀγαθὲ,
1283 2419 1309 2446 τί
1333 2419 1432 2453 ἀγαθὸν
1448 2419 1567 2453 ποιήσω,
1589 2417 1631 2443 ἵνα
1650 2415 1723 2451 ζωὴν
1748 2416 1855 2443 αἰώνιον

1061 2467 1273 2502 κληρονομήσω;
1293 2466 1322 2492 '0
1333 2465 1362 2492 δὲ
1384 2464 1487 2500 Ἰησοῦς
1497 2464 1579 2497 λέγει·
1595 2462 1627 2488 Τί
1640 2471 1672 2497 με
1683 2461 1777 2495 λέγεις
1788 2462 1855 2495 ἀγα-

1062 2511 1121 2544 θόνς
1148 2511 1234 2543 οὐδεὶς
1254 2510 1355 2544 ἀγαθὸς
1371 2511 1395 2536 εί
1413 2510 1449 2545 μὴ
1465 2507 1515 2541 εἷς,
1533 2509 1547 2535 ὁ
1570 2507 1647 2538 Θεός.
1665 2507 1722 2538 Τὰς
1746 2507 1855 2533 ἐντολὰς

1061 2556 1143 2589 οἶδας·
1162 2557 1208 2593 Μὴ
1224 2556 1380 2592 μοιχεύσῃς,
1406 2556 1442 2591 μὴ
1463 2555 1606 2590 φονεύσῃς,
1628 2553 1665 2589 μὴ
1685 2553 1800 2589 κλέψῃςν
1819 2553 1854 2587 μὴ

1060 2603 1331 2638 ψευδομαρτυρήσῃς,
1346 2602 1382 2637 μὴ
1397 2601 1596 2637 ἀποστερήσῃς,
1609 2600 1676 2635 τίμα
1691 2600 1738 2626 τὸν
1751 2599 1854 2633 πατέρα

1061 2650 1108 2677 καὶ
1124 2650 1172 2684 τὴν
1188 2649 1302 2684 μητέρα.
1326 2649 1356 2674 '0
1370 2648 1398 2674 δὲ
1412 2646 1572 2682 ἀποκριθεὶς
1590 2645 1663 2680 λέγει
1675 2645 1764 2680 αὐτῷ·
1783 2645 1854 2671 Παν-

1102 2803 1157 2838 (18)
1170 2803 1374 2838 Γ-ινμναστικῇ.
1392 2802 1585 2832 Przecedentia,
1601 2808 1652 2828 nec
1673 2808 1728 2838 no_n
1744 2804 1770 2827 et
1793 2807 1853 2835 qua

1067 2835 1220 2874 sequuntur
1233 2839 1266 2867 ad
1290 2835 1679 2874 rem‘agonisticamspectant.
1699 2835 1780 2862 FELL.
