1934 3075
68 150 117 176 609

611 150 709 177 LIBER
733 150 813 184 ρυλε
833 150 933 177 ΒΙΥΕΒ
955 149 1148 178 ΞΑΙΝΕΤΕΒ.

1645 152 1697 179 610

68 218 99 235 τα
109 208 195 235 ταῦτα
209 208 342 242 ἐφύλαξα.
361 210 390 235 '0
403 209 432 236 δὲ
451 210 553 244 Ἰησοῦς
566 210 703 246 ἐμϐλέψας
716 206 853 245 ἠγάπησεκ.

909 210 953 237 nia
969 210 1122 238 observavi.
1145 209 1225 237 Jesus
1248 213 1338 237 autem
1364 209 1479 237 intuitus
1501 217 1574 242 eum,
1599 211 1694 237 dilexit

69 254 143 281 αὑτὸν
158 255 206 281 καὶ
224 253 314 281 εἶπεν·
333 256 381 282 Ἐν
401 265 441 282 σοι
466 257 582 292 ὑστερεῖ·
605 258 628 283 sl
652 256 739 288 θέλεις
754 257 855 290 τέλειος

68 299 143 331 εἶναι,
160 300 290 336 πώλησον
311 301 360 327 ὅσα
373 301 454 336 ἔχεις,
482 302 527 328 καὶ
543 301 630 334 διάδος
654 303 782 337 πτωχοῖς,
806 303 855 329 καὶ

68 347 134 379 ἕξεις
149 346 290 382 θησαυρὸν
303 348 330 373 ὲν
347 347 463 383 οὐρανῷ·
476 348 521 374 καὶ
533 348 623 383 δεῦρο,
637 348 779 375 ἀκολούθει
797 358 852 384 μοι.

73 393 100 419 '0
114 393 152 423 δὲ,
168 393 325 426 στυγνάσας
334 394 380 420 ἐπὶ
395 393 434 429 τῷ
449 394 530 430 λόγῳ,
551 395 655 430 ἀπῆλθε
675 395 853 430 λυπούμενοςο

68 436 98 473 ἦν
118 438 171 472 γὰρ
185 438 326 471 πλούσιος,
351 439 419 474 ἔχων
439 441 566 475 κτήματα
581 440 673 466 πολλὰ.
688 440 855 476 Περιῦλεψά-

69 492 144 518 μενος
157 484 185 510 δὲ
207 485 221 510 ὁ
250 484 355 520 Ἰησοῦς
369 485 441 520 λέγει
460 487 516 518 τοῖς
533 486 666 521 μαθηταῖς
685 486 776 512 αὑτοῦ·
793 487 855 518 Πῶς

67 529 196 561 δυσκόλως
212 530 237 556 οί
266 530 303 557 τὰ
323 531 452 566 χρήματα.
468 531 575 566 ἔχοντες
591 532 788 559 εἰσελεύσονται
816 533 855 565 εἰς

68 576 112 610 τὴν
129 575 268 610 βασιλείαν
282 576 329 603 τοῦ
347 577 428 604 Θεοῦξ
452 579 484 604 Οἱ
503 578 531 604 δὲ
549 578 667 614 μαθηταὶ
690 578 856 613 ἐθαμϐοῦντο

69 620 110 645 ἐπὶ
124 621 178 651 τοῖς
192 620 284 654 λόγοις
297 622 387 648 αὑτοῦ.
398 623 481 649 Πάλιν
500 623 529 649 δὲ
546 623 560 649 ὁ
579 623 683 658 Ἰησοῦς
696 622 855 658 ἀποκριθεὶς

67 666 134 699 λέγει
149 667 251 698 αὐτοῖς’
266 665 377 700 Τεκνία,
391 669 449 701 πῶς
461 669 590 696 δύσκολόν
603 670 660 696 ἐστι
679 670 742 701 τοὺς
758 677 854 695 πεποι-

69 711 141 743 θότας
157 713 202 738 ἐπὶ
212 713 354 748 χρήμασιν
368 715 408 746 εἰς
420 715 468 750 τὴν
481 715 615 750 βασιλείαν
625 715 672 742 τοῦ
689 715 756 742 Θεοῦ
769 715 855 742 εἰσελ-

69 758 132 784 θεῖνῑ
157 758 351 795 Εὑκολὼτερον
376 760 419 787 διὰ
440 761 488 796 τῆς
500 761 654 797 τρυμαλιᾶς
678 761 728 796 τῆς
745 761 855 796 βελόνης

69 804 184 839 κάμηλος
202 805 388 832 εἰσελεύσεται
404 806 420 841 ἦ
441 806 567 838 πλούσιος
583 808 623 838 εἰς
636 806 686 842 τὴν
718 806 855 841 βασιλείαν

68 848 110 874 τοῦ
123 849 199 876 Θεοῦ.
215 851 249 876 Οἱ
261 850 291 877 δὲ
307 851 445 887 περισσῶς
459 852 664 888 ἐξεπλήσσοντο,
680 853 727 879 καὶ
746 852 852 886 ἔλεγον⁸

906 263 978 285 eum.
995 259 1022 282 et
1036 255 1125 282 dixit:
1151 254 1241 282 Unum
1258 255 1306 281 tibi
1333 255 1418 282 deest.
1441 254 1468 282 Si
1491 256 1532 282 vis
1557 256 1692 290 perfectus

905 309 976 331 esse.
993 302 1079 329 vende
1096 310 1266 337 quaecunque
1287 303 1382 334 habes,
1401 307 1427 330 et
1443 303 1576 330 distribue
1592 311 1694 338 paupe-

906 346 993 378 ribus,
1011 351 1037 373 ct
1055 347 1168 374 habebis
1185 348 1343 375 thesaurum
1362 348 1389 375 in
1404 348 1491 381 cmlo;
1505 352 1533 375 et
1546 349 1618 380 veni,
1647 356 1694 376 se.

905 399 989 426 qnere
1004 400 1056 420 me.
1071 392 1121 426 Qui
1137 394 1313 420 contristalus
1332 394 1359 420 in
1373 394 1466 426 verbo,
1479 394 1545 421 abiit
1557 402 1693 428 maerens;

905 442 964 465 erat
986 439 1058 465 enim
1081 439 1168 471 dives,
1193 439 1296 467 habens
1317 440 1417 466 multas
1435 440 1634 474 possessiones.
1662 440 1695 468 lit

905 484 1130 519 circumspiciens
1144 485 1234 516 Jesus,
1250 486 1287 512 ait
1299 485 1441 521 discipulis
1452 487 1526 514 suis:
1541 485 1629 519 Quam
1645 487 1696 514 dif-

906 530 976 557 ﬁcile
1000 530 1045 565 qui
1060 532 1190 566 pecunias
1214 531 1324 564 habent,
1351 533 1378 559 in
1398 540 1512 568 regnum
1533 532 1580 560 Dei
1596 533 1694 560 introi-

906 576 983 603 bunt.
996 576 1126 611 Discipuli
1140 581 1230 604 autem
1242 577 1471 612 obstupescebant
1483 579 1510 605 in
1523 578 1612 606 verbis
1623 579 1694 614 ejus.

905 622 938 649 At
951 621 1031 649 Jesus
1045 630 1142 649 rursus
1157 623 1336 658 respondens,
1351 625 1389 650 ait
1406 624 1476 651 illis:
1494 623 1594 656 Filioli,
1609 632 1692 659 quam

905 667 1012 695 difficile
1037 672 1078 695 est
1094 669 1263 696 conﬁdentes
1284 669 1311 695 in
1327 669 1460 704 pecuniis,
1478 671 1592 698 introire
1607 671 1634 697 in
1651 677 1696 697 re-

905 721 987 748 gnum
1004 712 1065 740 Dei!
1082 712 1201 741 Facilius
1216 717 1258 741 est
1273 714 1407 741 camelum
1430 722 1478 749 per
1493 715 1615 742 foramen
1628 722 1694 742 acus

905 759 1022 794 ingredi,
1040 767 1122 794 quam
1137 759 1247 787 divitem
1265 760 1367 788 intrare
1384 761 1411 787 in
1431 768 1544 796 regnum
1560 760 1617 788 Dei.
1642 761 1695 794 Qui

905 805 991 840 magis
1010 805 1225 838 admirabantur,
1249 810 1330 841 atque
1349 805 1477 833 dicebant
1495 816 1501 833 :
1519 805 1552 832 Et
1566 807 1630 841 quis
1643 814 1695 841 po-

905 854 959 878 test
971 851 1064 879 salvus
1080 851 1157 879 ﬁeri?
1172 851 1205 878 Et
1220 851 1330 879 intuens
1346 852 1408 879 illos
1428 851 1509 880 Jesus
1526 853 1564 879 ait
1582 862 1588 880 :
1615 852 1695 887 Apud

68 895 110 927 Ti;
115 894 158 922 οὖν
163 896 274 923 δύναται
285 897 404 932 σωθῆναι
412 907 419 930 ;
427 898 456 924 ’0
464 898 502 930 δὲ,
513 899 525 924 ὲ
529 897 649 934 μϐλέψας
655 898 756 930 αὐτοῖς,
767 897 852 926 εἷπενο

904 896 1030 924 homines
1044 897 1211 932 impossibile
1226 901 1278 929 est,
1295 897 1342 925 sed
1361 906 1416 925 non
1431 898 1503 932 apud
1519 897 1622 931 Deum;
1636 906 1697 925 om-

70 942 98 968 '0
104 950 127 968 τι
132 942 205 977 παρὰ
211 942 261 969 ἀνθ
266 942 368 978 ρώποις
374 943 502 970 ἀδύνατον
510 944 584 979 παρὰ
593 943 651 979 Θεῷ
658 944 769 971 δυνατόν
780 945 855 972 ·πάν-

68 995 98 1013 τα
104 987 262 1023 γὰρδυνατά
272 990 332 1015 ἐστι
340 989 414 1025 παρὰ
421 990 460 1024 τῷ
470 989 538 1025 Θεῷ.
549 989 669 1026 Ἤρξατο
677 992 690 1017 ὁ
699 991 801 1026 Πέτρος
815 991 855 1017 λέ-

69 1042 120 1068 γειν
133 1034 214 1070 αὐτῷ’
229 1035 296 1066 Ἴδε,
305 1036 386 1070 ἡμεῖς
394 1035 541 1071 ἀφήκαμεν
551 1036 639 1063 πάντα
648 1037 695 1063 καὶ
707 1037 854 1073 ἠκολουθή-

70 1081 146 1115 σαμέν
154 1089 203 1106 σοι.
220 1081 395 1116 Ἀποκριθεὶς
409 1081 435 1108 δὲ
446 1082 461 1108 ὁ
473 1082 585 1117 Ἰησοῦς,
598 1082 680 1116 λέγει·
694 1083 779 1118 Ἀμὴν
790 1083 853 1118 ὑμῖν

69 1125 141 1160 λέγω,
157 1126 185 1159 ὃς
201 1126 235 1153 ἂν
253 1127 312 1163 ἀφῇ
322 1127 356 1154 τὰ
367 1127 420 1154 ἴδια
434 1128 480 1154 καὶ
488 1129 586 1161 γονεῖς,
600 1128 647 1154 καὶ
661 1127 854 1163 (hiemabant

70 1172 187 1207 χρήματα
210 1172 306 1199 ἕνεκεν
335 1172 402 1208 ἐμοῦ
423 1173 470 1200 καὶ
495 1173 587 1200 ἕνεκεν
611 1173 658 1200 τοῦ
687 1173 853 1208 Εὐαγγελίου

73 1226 124 1252 μου,
141 1218 311 1254 ἀπολήψεται
338 1218 573 1254 ὲκατομπλασίονα
588 1218 636 1246 νῦν
663 1219 691 1246 ὲν
712 1219 751 1254 τῷ
766 1219 854 1256 καιρῷ

71 1262 156 1297 τούτῳ,
164 1264 266 1298 ἀγροὺς
281 1263 330 1290 καὶ
345 1264 474 1299 χρήματα
496 1264 543 1291 καὶ
559 1264 648 1296 οἰκίας
662 1265 708 1291 καὶ
723 1265 853 1300 ἀδελφοὺς

74 1308 132 1342 μετὰ
143 1308 278 1344 διωγμῶν,
293 1309 359 1336 ἐνδὲ
367 1309 405 1345 τῷ
420 1310 560 1345 ἐρχομένῳ
569 1309 625 1345 ζωή
643 1311 717 1336 ἐστιν
732 1310 851 1342 αἰώνιος.

73 1354 157 1381 Πολλοὶ
178 1355 206 1382 δὲ
225 1355 335 1382 ἔσονται
358 1355 462 1391 πρῶτοι
483 1355 602 1391 ἔσχατοι,
628 1356 675 1382 καὶ
698 1357 723 1382 οἱ
744 1356 852 1392 ἔσχατοι

72 1400 173 1436 πρῶτοι.
189 1411 198 1427 ι

103 1446 134 1472 Ε’.
146 1446 235 1473 Ταῦτα
249 1447 302 1482 μὲν
317 1447 346 1473 ὲν
361 1445 400 1481 τῷ
411 1445 482 1473 κατὰ
499 1446 613 1482 Μάρκον
631 1446 790 1482 Εὑαγγελίῳ
806 1447 853 1481 γέ-

72 1500 188 1527 γραπται·
202 1494 249 1519 καὶ
267 1494 298 1520 ὲν
321 1493 378 1524 τοῖς
390 1492 479 1523 ἄλλοις
490 1491 519 1518 δὲ
539 1493 621 1519 πᾶσιν
639 1491 694 1528 (19)
708 1492 853 1528 ὁμολογου-

75 1538 161 1571 μένως.
172 1538 258 1572 ὀλίγον
276 1539 326 1573 μὲν
343 1538 407 1569 ἴσως
422 1536 574 1573 ἑκασταχοῦ
591 1537 645 1564 τῶν
661 1537 791 1573 ῥημάτων
811 1539 853 1565 ὲν-
865 1554 886 1582 C

73 1582 196 1612 αλλάσσει,
214 1583 306 1609 πάντα
331 1582 359 1609 δὲ
375 1583 424 1617 τὴν
441 1582 525 1617 αὐτὴν
547 1582 596 1617 τῆς
615 1582 728 1618 γνώμης
741 1591 852 1618 συμφω-

73 1626 124 1651 νίαν
139 1627 330 1653 ἐπιδείκνυται.
360 1627 405 1652 Δεῖ
419 1627 456 1658 δὲ,
481 1626 575 1660 σαφῶς
595 1626 709 1659 εἰδότας,
725 1627 764 1659 ὡς
777 1627 852 1654 οὐδὲν

74 1670 238 1706 ἀνθρωπίνως
258 1674 272 1699 ὁ
303 1673 409 1708 Σωτὴρ,
427 1671 495 1698 ἀλλὰ
514 1672 604 1699 πάντα
627 1672 688 1708 θείᾳ
709 1673 790 1709 σοφίᾳ
805 1674 852 1699 καὶ

76 1719 180 1753 μυστικῇ
195 1718 317 1746 διδάσκει
334 1719 397 1750 τοὺς
418 1718 525 1750 ἑαυτοῦ,
544 1719 581 1754 μὴ
598 1719 735 1755 σαρκίνως
749 1720 851 1755 ἀκροᾶ-

76 1763 128 1790 σθαι
138 1764 188 1791 τῶν
210 1765 376 1800 λεγομένων,
392 1764 460 1791 ἀλλὰ
473 1765 518 1792 τὸν
538 1765 566 1791 ὲν
581 1765 672 1797 αὐτοῖς
693 1766 852 1801 κεκρυμμέ-

75 1817 112 1836 νον
120 1810 176 1837 νοῦν
190 1811 257 1846 μετὰ
266 1811 318 1846 τῆς
331 1811 410 1843 ἀξίας
421 1811 561 1847 ζητήσεως
568 1811 614 1837 καὶ
628 1812 762 1844 συνέσεως
775 1807 852 1848 ἐρευ-

76 1856 116 1890 νᾷν
128 1856 171 1883 καὶ
193 1857 423 1893 καταμανθάνειν.
440 1857 494 1883 Καὶ
516 1856 570 1892 γὰρ
584 1856 619 1883 τὰ
641 1857 687 1883 ὑπ’
705 1857 787 1884 αὑτοῦ
802 1857 851 1884 τοῦ

76 1900 163 1936 Κυρίου
175 1903 305 1930 δοκοῦντα
322 1902 462 1938 ήπλῶσθαι
488 1903 555 1938 πρὸς
571 1903 635 1934 τοὺς
656 1903 780 1939 μαθητὰς
796 1903 851 1930 τῶν

77 1947 210 1982 ᾐνιγμένως
221 1950 411 1986 ὑπειρημὲνων
422 1949 497 1976 οὐδὲν
510 1949 630 1984 ἥττονος,
646 1949 714 1976 ἀλλὰ
729 1949 851 1982 πλείονος

78 1993 110 2018 ἔτι
121 1994 163 2021 νῦν
177 1995 223 2031 τῆς
239 1996 409 2027 ἐπιστάσεως
424 1995 579 2030 εὑρίσκεται
603 1995 716 2030 δεόμενα
735 1995 779 2021 διὰ
800 1995 849 2031 τὴν

78 2037 338 2075 ὑπερδάλλουσαντῆς
355 2040 511 2075 φρονήσεως
526 2040 555 2066 ὲν
579 2039 670 2071 αὐτοῖς
688 2039 849 2076 ὑπερϐολήν.

79 2082 151 2111 Ὅπου
158 2085 183 2112 δὲ
196 2087 240 2114 καὶ.
254 2087 290 2113 τὰ
304 2086 468 2121 νομιζόμενα
480 2085 526 2112 ὑπ’
536 2085 619 2112 αὐτοῦ
633 2085 782 2120 διηνοῖχθαι
794 2085 850 2116 τοῖς

79 2129 133 2163 ἔσω,
145 2133 188 2159 καὶ
200 2133 291 2165 αὐτοῖς
307 2134 364 2164 τοῖς
375 2133 424 2168 τῆς
434 2131 572 2167 βασιλείας
587 2132 693 2163 τέκνοις
709 2132 754 2158 ὑπ’
767 2130 849 2157 αὺτοῦ

79 2177 244 2212 καλουμένοις,
260 2178 302 2205 ἑτι
314 2177 409 2214 χρῄζει
429 2177 567 2214 φροντίδος
582 2177 712 2208 πλείονος,
731 2177 801 2212 ήπου
818 2184 850 2211 γε

79 2222 107 2248 τὰ.
118 2223 221 2256 δόξαντα
245 2225 295 2260 μὲν
310 2224 403 2255 ἁπλῶς
425 2222 609 2258 ἐξενηνέχθαι,
634 2223 681 2249 καὶ
699 2222 743 2249 διὰ
769 2222 848 2249 τοῦτο
864 2225 886 2253 D

82 2269 137 2304 μηδὲ
148 2269 332 2307 διηρωτημένα
355 2270 423 2306 πρὸς
448 2270 502 2296 τῶν
524 2271 710 2300 ἀκουσάντων,
729 2271 769 2301 εὶς
787 2269 847 2296 ὅλον

80 2313 102 2339 ὣ
113 2314 219 2348 τὸτέλος
233 2316 298 2343 αὐτὸ
311 2316 360 2351 τῆς
383 2315 519 2351 σωτηρίας
537 2314 728 2352 διαφερόντων,
747 2323 849 2351 σκοπη-

81 2360 184 2394 σομένων
195 2362 222 2388 δὲ
236 2363 385 2398 θαυμαστῷ
396 2363 442 2389 καὶ
463 2361 652 2398 ὑπερουρανίῳ
668 2361 789 2393 διανοίας
802 2361 850 2396 βά-

81 2403 123 2436 θει,
134 2407 178 2433 οὐκ
192 2408 355 2440 ἐπιπολαίως
369 2407 493 2443 δέχεσθαι
507 2409 568 2439 ταῖς
582 2408 678 2439 ἀκοαῖς
698 2407 861 2443 προσῆκεν,.

82 2450 137 2478 ἀλλὰ
158 2454 297 2486 καθιέντας
311 2455 356 2481 τὴν
372 2454 433 2481 νοῦν
458 2455 501 2481 ἐπ’
528 2453 594 2481 αὐτὸ
617 2453 647 2480 τὸ
674 2453 786 2490 Πνεῦμα
801 2454 849 2481 τοῦ

82 2496 190 2534 Σωτῆρος
206 2501 252 2527 καὶ
265 2501 296 2527 τὸ
307 2501 356 2536 τῆς
369 2500 480 2536 γνώμης
495 2500 659 2536 ἀπόρρητον.

114 2587 152 2619 ς’.
172 2588 319 2625 Ἦρώτηται
337 2590 384 2625 μὲν
399 2590 453 2625 γὰρ
469 2589 552 2625 ἡδέως
567 2590 581 2615 ὁ
597 2588 698 2625 Κύριος
708 2588 787 2625 ἡμῶν
801 2589 849 2616 καὶ

83 2629 164 2668 Σωτὴρ
183 2635 308 2670 ἐρώτημα
324 2635 554 2670 καταλληλότατον
567 2635 650 2670 αὐτῷ·
677 2635 693 2670 ὴ
710 2634 770 2670 Ζωὴ
785 2635 848 2669 περὶ

85 2674 154 2712 ζωῆς,
167 2680 180 2706 ὁ
194 2681 284 2718 Σωτὴρ
308 2682 372 2718 περὶ
389 2682 533 2718 σωτηρίας,
557 2682 571 2707 ό
593 2681 756 2712 Διδάσκαλος
784 2681 848 2716 περὶ

904 942 949 969 nia
964 943 1036 970 enim
1049 943 1190 977 possibilia
1205 943 1276 978 apud
1293 943 1387 970 Dcttm.
1401 943 1490 979 Coepit
1504 948 1531 971 et
1541 943 1639 971 Petrus
1655 943 1695 970 di-

904 995 982 1015 cere:
1007 987 1076 1015 Ecce
1097 996 1147 1015 nos
1165 987 1320 1016 dimisimus
1334 989 1436 1020 omnia,
1452 993 1478 1016 et
1492 988 1578 1016 secuti
1600 996 1696 1016 sumus

904 1039 940 1061 te.
956 1033 1134 1069 Respondens
1148 1033 1239 1065 Jesus,
1253 1035 1290 1062 ait
1302 1044 1309 1062 :
1326 1035 1411 1062 Amen
1424 1035 1486 1062 dico
1500 1035 1588 1066 vobis,
1605 1035 1696 1062 omnis

903 1080 949 1114 qui
963 1087 1012 1107 sua
1025 1080 1167 1115 reliquerit
1178 1084 1205 1107 et
1218 1084 1344 1115 parentes
1359 1084 1385 1108 et
1404 1080 1503 1108 fratres
1517 1084 1545 1108 et
1563 1079 1697 1115 pecunias

903 1129 1014 1160 propter
1028 1134 1071 1153 me
1080 1129 1107 1153 et
1124 1129 1235 1161 propter
1251 1125 1443 1161 Evangelium;
1465 1126 1569 1153 centies
1588 1129 1696 1153 tantum

903 1178 977 1198 nunc
996 1172 1024 1198 in
1038 1175 1160 1207 tempore
1176 1172 1228 1199 hoc
1244 1172 1367 1206 recipiet,
1388 1179 1467 1207 agros
1482 1175 1509 1198 et
1523 1171 1655 1206 pecunias
1669 1176 1698 1198 et

903 1216 999 1245 domos
1016 1220 1043 1245 et
1057 1217 1158 1245 fratres
1175 1225 1236 1244 cum
1252 1217 1500 1252 persecutionibus,
1514 1221 1541 1244 et
1558 1217 1585 1244 in
1602 1217 1696 1244 futuro

902 1263 957 1289 vita
977 1267 1078 1291 alterna
1099 1264 1160 1290 erit.
1181 1263 1257 1290 Multi
1280 1267 1369 1290 autem
1384 1266 1464 1290 erunt
1479 1263 1560 1298 primi
1576 1263 1697 1290 novissi-

904 1308 951 1340 mi,
968 1312 995 1335 et
1009 1309 1148 1336 novissimi
1165 1309 1246 1344 primi
1259 1315 1284 1337 ι,
1305 1318 1314 1334 ι

941 1439 971 1466 ν.
988 1441 1051 1468 llaec
1066 1439 1176 1476 quidem
1192 1440 1219 1467 in
1236 1440 1316 1467 Marci
1332 1439 1477 1475 Evangelia
1492 1439 1596 1474 scripta
1614 1443 1696 1473 sunt;

903 1487 969 1523 quin
989 1491 1017 1516 et
1032 1487 1060 1514 in
1078 1487 1192 1522 reliquis
1207 1487 1286 1522 plane
1295 1487 1422 1514 omnibus
1437 1486 1532 1514 eadem
1549 1486 1695 1520 habentur,

904 1533 997 1568 paucis
1006 1533 1118 1561 forsitan
1127 1541 1174 1568 per
1181 1533 1304 1568 singulos
1310 1533 1400 1560 verbis
1411 1533 1575 1564 immutatis,
1583 1532 1630 1560 sed
1637 1541 1698 1567 qua:

902 1581 1024 1608 eamdem
1039 1580 1137 1615 ubique
1147 1580 1309 1608 sententiam
1321 1580 1490 1608 contineant.
1505 1578 1588 1606 Decet
1603 1583 1694 1606 autem

903 1634 954 1654 nos
977 1625 1024 1661 qui
1048 1630 1141 1660 aperte
1166 1625 1297 1656 sciamus,
1325 1625 1394 1652 nihil
1416 1624 1584 1652 Salvatorem
1611 1625 1692 1660 quasi

902 1672 1023 1699 humano
1039 1679 1114 1699 more
1125 1671 1246 1699 locutum
1262 1679 1334 1703 esse,
1351 1671 1398 1699 sed
1419 1671 1511 1698 divina
1528 1671 1697 1706 mysticaque

902 1718 1034 1753 sapientia
1053 1725 1119 1745 suos
1133 1722 1234 1744 cuncta
1254 1717 1398 1750 docuisse;
1420 1724 1560 1745 sermones
1574 1717 1624 1744 hos
1640 1725 1695 1744 non

902 1764 1049 1791 carnaliter
1064 1763 1169 1796 audire,
1185 1763 1232 1791 sed
1247 1763 1375 1791 latentem
1387 1764 1414 1790 in
1429 1763 1471 1791 eis
1484 1770 1596 1790 sensum
1610 1763 1693 1798 digna

902 1809 1112 1844 investigatione
1131 1809 1285 1844 mentisque
1300 1808 1411 1836 solertia
1424 1816 1456 1835 ac
1471 1809 1619 1844 sagacitate
1633 1816 1696 1844 per-

901 1855 1010 1890 quirere
1020 1859 1046 1882 et
1059 1855 1212 1882 addiscere.
1228 1854 1296 1882 Nam
1311 1862 1374 1881 cum
1395 1859 1422 1882 et
1438 1854 1497 1889 ipsa
1513 1862 1621 1890 quoque
1633 1863 1696 1890 qua:

901 1903 936 1929 ab
951 1902 1009 1937 ipso
1030 1901 1144 1928 Domino
1159 1901 1287 1928 videntur
1297 1900 1441 1936 discipulis
1461 1899 1547 1928 fuisse
1557 1900 1694 1935 exposita,

901 1955 956 1975 non
982 1948 1091 1979 minori,
1109 1946 1156 1974 sed
1184 1947 1281 1981 majori
1300 1947 1448 1974 etiamnum
1471 1946 1695 1974 consideratione

902 1993 1022 2028 indigere
1042 1995 1201 2023 noscantur,
1228 1999 1309 2026 quam
1329 1999 1389 2026 quae
1405 1991 1551 2019 obscurius
1561 1999 1594 2018 ac
1620 1992 1694 2019 velut

901 2039 1043 2073 aenigmate
1054 2038 1125 2065 dicta
1137 2042 1210 2070 sunt,
1226 2037 1261 2065 ob
1272 2036 1514 2072 profundissimam
1530 2037 1558 2063 in
1577 2038 1616 2064 eis
1632 2037 1694 2064 alti-

902 2085 1023 2112 tudinem
1039 2091 1169 2112 sensuum
1182 2092 1189 2116 ;
1202 2090 1318 2118 cumque
1335 2083 1403 2110 adeo
1416 2082 1496 2109 etiam
1514 2082 1572 2114 illa,
1586 2090 1646 2118 quat
1657 2083 1693 2110 ab

900 2137 934 2156 eo
946 2129 1046 2156 scholae
1056 2127 1216 2156 domesticis
1223 2127 1350 2155 videntur
1357 2127 1513 2161 explanata,
1526 2133 1558 2154 ac
1568 2127 1611 2160 iis,
1621 2135 1693 2162 quos

902 2176 936 2203 ab
949 2184 981 2203 eo
1003 2175 1073 2203 ﬁlios
1088 2174 1165 2210 regni
1182 2173 1336 2201 invenimus
1351 2176 1474 2204 vocatos,
1487 2172 1586 2207 majori
1602 2173 1694 2200 adhuc

900 2229 969 2256 opus
982 2221 1100 2249 habeant
1115 2220 1297 2254 indagatione,
1309 2226 1392 2254 quam
1405 2226 1466 2254 qua:
1485 2218 1612 2246 videntur
1625 2219 1694 2246 sim-

900 2267 1007 2302 pliciter
1023 2267 1057 2294 ab
1071 2274 1103 2294 eo
1113 2267 1228 2301 prolata,
1242 2273 1303 2300 quae
1311 2265 1426 2300 proinde
1438 2272 1519 2292 nemo
1536 2264 1691 2292 auditorum

900 2315 1075 2350 interrogavit
1109 2319 1138 2342 ut
1163 2318 1374 2349 exponerentur,
1407 2315 1436 2344 ᾖ
1464 2312 1628 2347 pertinentia
1656 2313 1691 2340 ad

901 2361 990 2396 ipsqu
1017 2361 1112 2388 salutis
1137 2359 1228 2392 ﬁnem,
1244 2359 1425 2393 mirandoque
1450 2366 1482 2385 ac
1501 2358 1690 2393 SllpCTCtIBiErli

901 2407 999 2434 mentis
1024 2405 1223 2434 consideranda
1250 2403 1401 2439 profundo;
1419 2411 1474 2431 non
1502 2403 1691 2438 perfunctorie

900 2452 958 2478 haec
972 2451 1084 2478 auribus
1101 2449 1260 2481 haurienda,
1277 2449 1324 2477 sed
1337 2449 1375 2476 ita
1394 2453 1423 2476 ut
1439 2449 1472 2476 ad
1489 2449 1577 2483 ipsum
1595 2447 1691 2475 Salva-

901 2497 969 2524 toris
989 2495 1119 2531 Spiritum
1134 2502 1166 2522 ac
1180 2495 1322 2522 sententiae
1345 2501 1476 2521 arcanum
1494 2494 1616 2520 animum
1641 2493 1690 2521 dc-

901 2543 1052 2569 mittamus.

937 2587 981 2614 Vl.
1008 2586 1132 2614 Jucunda
1156 2590 1229 2613 certe
1245 2585 1359 2612 Domino
1384 2588 1479 2612 nostro
1506 2592 1537 2611 ac
1554 2582 1687 2611 Salvatori

901 2634 992 2662 oblata
1008 2633 1123 2669 quaestio
1141 2637 1193 2664 est,
1207 2633 1257 2667 ipsi
1273 2632 1401 2659 nimirum
1417 2630 1687 2659 convenientissima.

901 2679 1002 2714 Nempe
1024 2679 1114 2706 oblata
1138 2678 1252 2713 quaestio
1267 2677 1336 2704 Vita:
1360 2676 1393 2704 de
1408 2677 1473 2709 vita,
1489 2674 1624 2703 Salvatori
1654 2673 1689 2702 de

116 2758 140 2786 ’Β
156 2756 184 2785 Ρ.
203 2759 253 2787 929
271 2759 326 2788 ED.
346 2759 493 2787 POTTER.
533 2765 546 2780 ι
558 2758 641 2786 Marc.
663 2767 694 2791 Χ,
712 2758 756 2791 Π,
776 2758 819 2791 l8,
835 2766 911 2793 seqq.

115 2834 272 2870 (εωηιῑσιν.
299 2837 423 2865 Matthmo
447 2837 576 2865 nimirum
598 2841 625 2864 ct
647 2835 757 2869 Marco;
781 2843 843 2862 nam
862 2834 980 2864 Joannes
997 2843 1040 2863 res
1054 2839 1144 2871 gestas
1165 2833 1199 2862 ad
1211 2833 1331 2862 historic
1347 2831 1457 2860 modum
1477 2829 1588 2858 minime
1609 2835 1686 2856 enar-

88 2871 172 2898 randas
186 2874 307 2908 suscepit.
324 2873 404 2900 FeLL.
