1934 3075
44 148 118 175 613

630 144 729 172 LIBER
750 142 836 179 συιδ,
849 141 952 169 DIVES
973 138 1167 168 SALVETUR.

1653 136 1706 164 6H

43 209 132 236 Υἱὺν
154 208 285 236 ἱκετεύει.
307 209 355 235 Ἕκ
371 207 487 238 πίστεως
503 207 541 238 εἰς
554 206 644 233 πίστιν
656 205 864 241 μετατάσσεται.

918 202 1015 236 possit.
1034 201 1068 228 At
1081 200 1190 236 quidem
1206 199 1239 226 ad
1255 198 1340 233 legem
1353 197 1425 233 quod
1442 201 1557 233 spectat,
1572 196 1652 232 longe
1663 204 1707 223 se-

50 255 114 286 Ὠς
147 255 297 291 σφαλερῶς
317 255 347 280 ὲν
379 254 452 289 νόμῳ
469 253 587 279 σαλεύων
615 253 661 278 καὶ
687 250 863 282 ἐπικινδύνως

41 301 224 336 ναυλοχῶν,
241 302 280 332 είς
296 300 342 326 τὸν
353 299 467 335 Σωτῆρα
485 297 687 334 μεθορμίζεται.

92 455 142 482 8'.
168 455 204 483 ὀ
217 455 285 490 γοῦν
317 455 420 492 Ἰησοῦς
444 455 494 481 οὐκ
521 454 625 489 ἐλέγχει
647 453 695 489 μὲν
719 453 809 484 αὑτὸν,
827 452 866 484 ὼς

45 503 160 530 πάντα
167 503 207 530 τὰ
223 504 257 529 ἐκ
269 503 351 538 νόμου
372 503 408 538 μὴ
423 502 636 537 πεπληρωκότα,
653 500 720 527 ἀλλὰ
736 501 782 526 καὶ
797 501 867 534 ἀγα-

46 551 99 584 πᾷ
116 550 173 576 καὶ
193 548 475 584 ὑπερασπάζεταιτῆς
485 549 514 574 ἐν
528 545 568 579 οἷς
582 547 682 582 ἔμαθεν
700 546 862 578 εὐπειθείας

46 595 150 630 ἀτελῆ
167 595 202 622 δὲ
220 593 290 621 εἶναι
303 594 384 629 φησὶν
398 594 435 625 ὡς
455 593 522 628 πρὸς
536 594 585 628 τὴν
603 592 709 619 αἰώνιον
723 591 806 627 ζωὴν,
827 592 864 624 ὡς

45 641 85 666 οὐ
107 641 214 667 τέλεια
230 639 436 675 πεπληρωκότα·
452 639 500 666 καὶ
512 639 592 674 νόμου
610 638 658 674 μὲν
673 638 801 673 ἐργάτην,
817 638 865 673 ἀρ-

46 687 108 720 γὺν
128 687 162 713 δὲ
180 687 258 721 ζωῆς
268 685 406 721 ἀληθινῆς.
421 685 499 712 Καλὰ
525 684 574 720 μὲν
594 684 717 710 κάκεῖνα·
734 683 776 714 τίς
797 683 818 709 δ’
834 681 864 708 οὓ

47 741 169 768 cgnovi;
198 733 232 759 Ἡ
247 732 301 767 γὰρ
320 741 330 757 ί
359 731 451 767 ἐντολὴ
477 731 542 765 ἁγία
567 740 577 756 ι
599 731 663 766 ἄχρι
679 729 866 763 παιδαγωγίας

46 779 137 810 τινὸς
158 778 237 814 μετὰ
253 778 335 812 φόϐου
351 778 396 804 καὶ
410 777 597 813 προπαιδείας,
615 776 661 802 ἐπὶ
679 775 727 810 τὴν
743 775 790 801 τοῦ
814 775 866 810 Ἰη-

49 825 108 852 σοῦ
124 825 299 860 νομοθεσίαν
322 824 370 860 τὴν
396 824 484 859 ἄκραν
508 824 555 849 καὶ
579 822 659 857 χάριν
675 821 863 857 προχωροῦσα”

48 874 213 908 πλήρωμα
229 873 259 899 δὲ
270 873 353 907 νόμου
369 871 484 907 Χριστὸς
498 872 538 902 είς
547 869 718 905 δικαιοσύνην
732 870 812 896 παντὶ
827 869 864 904 τῷ

917 255 1000 274 curus
1012 250 1086 277 erat,
1111 246 1157 273 Dei
1173 249 1263 272 tamen
1286 244 1355 271 Filio
1370 244 1515 279 supplicat.
1546 243 1585 270 Ex
1604 243 1655 270 [ide
1678 243 1706 270 in

916 294 995 321 ﬁdem
1007 292 1181 320 transfertur.
1199 290 1287 318 Veluti
1304 290 1349 325 qui
1366 298 1420 317 non
1434 294 1491 317 tuto
1502 290 1529 316 in
1545 289 1612 324 legis
1628 289 1706 315 navi-

916 339 961 374 δίο
973 338 1123 372 jactaretur
1134 345 1165 364 ac
1179 336 1332 372 periculose
1348 337 1492 364 stationem
1510 335 1655 367 habuerat,
1672 333 1707 361 ad

918 384 1086 411 Salvatorem
1103 383 1274 410 transmittit.

952 454 997 482 IX.
1013 454 1046 481 At
1060 461 1124 481 vero
1134 453 1214 481 Jesus
1226 461 1278 480 non
1293 453 1368 480 illum
1382 453 1531 488 redarguit,
1548 453 1620 488 quod
1637 453 1706 488 legis

915 501 1007 527 omnia
1020 507 1074 526 non
1089 500 1249 534 impleverit,
1271 499 1336 534 quin
1362 500 1444 526 etiam
1465 499 1564 534 diligit,
1583 503 1611 526 et
1630 499 1705 534 quod

917 548 962 579 iis,
979 547 1079 581 quibus
1095 546 1181 572 fuerat
1197 546 1349 577 institutus,
1362 549 1474 573 strenue
1489 546 1639 573 obsecutus
1655 546 1701 576 sit,

916 591 1004 626 passis
1024 590 1095 618 ulnis
1113 590 1302 625 amplectitur,
1316 590 1349 617 ad
1364 582 1448 617 vitam
1464 594 1554 617 tamen
1572 594 1704 617 teternam

915 637 987 672 quod
1002 637 1107 668 attinet,
1134 636 1321 670 imperfectum
1346 644 1407 663 eum
1435 637 1604 671 pronuntiat,
1630 637 1704 672 quod

916 689 948 708 ea
960 689 1019 716 quae
1031 681 1206 716 perfectionis
1223 685 1296 712 sunt,
1318 689 1372 708 non
1397 681 1468 716 imph
1480 682 1566 713 verit;
1579 689 1611 708 ac
1635 682 1704 716 legis

916 729 1024 764 quidem
1042 728 1197 763 operarium
1213 727 1290 759 dicit,
1313 734 1407 755 Verum
1426 728 1452 754 in
1464 734 1571 755 zeli-rum
1588 729 1648 755 vita:
1661 737 1704 755 re-

917 776 967 802 bus
982 779 1159 802 cessatorem.
1172 774 1244 800 Bona
1261 774 1370 809 quidem
1388 778 1414 801 et
1431 775 1490 807 illa;
1504 775 1565 809 quis
1580 778 1624 801 eat
1644 774 1705 801 inli-

916 822 984 849 tias?
1002 821 1068 847 Nam
1096 830 1106 846 ‹
1126 821 1282 847 mandatum
1309 825 1433 847 sanctum
1449 821 1462 835 “
1481 830 1490 846 ι
1515 821 1646 848 hactenus
1672 824 1702 847 ut

915 867 1053 902 pmdagogi
1065 867 1206 901 cujusdam
1222 868 1281 894 vice
1297 875 1358 894 cmn
1385 867 1481 894 timore
1497 867 1625 901 fungatur
1639 875 1705 902 prm-

50 919 242 945 πιστεύοντι·
264 919 324 953 οὐχὶ
339 918 367 946 δὲ
382 917 491 948 δούλους
518 917 601 943 ποιῶν
618 916 655 947 ὠς
670 915 771 947 δοῦλος,
796 915 863 942 ἀλλὰ

918 915 1016 948 vin-que
1033 913 1213 940 institutionis
1226 913 1250 944 δ,
1271 913 1304 939 ad
1321 920 1458 940 summum
1477 913 1544 948 legis
1560 912 1624 940 Jesu
1643 921 1705 939 vrr-

51 965 108 992 καὶ
117 965 206 996 υἱοὺς
220 964 269 991 καὶ
285 963 414 998 ἀδελφοὺς
428 964 475 990 καὶ
488 963 724 998 συγκληρονόμους
734 963 797 994 τοὺς
808 963 867 988 ὲπι-

50 1011 221 1043 τελοῦντας
241 1010 272 1038 τὸ
283 1010 388 1046 θέλημα
402 1010 448 1037 τοῦ
464 1010 579 1045 Πατρός.

96 1157 131 1182 ιν.
151 1166 161 1182 ι
182 1156 218 1182 Et
235 1155 324 1187 Θέλεις
337 1155 438 1186 τέλειος
448 1154 584 1189 γενέσθαι·
606 1164 615 1180 ›
634 1155 683 1181 οὐκ
697 1154 750 1190 ἄρα
765 1163 808 1180 πω
822 1153 867 1180 τέ-

54 1203 137 1234 λειος
154 1199 206 1237 ἦν·
222 1201 300 1228 οὐδὲν
317 1201 372 1236 γὰρ
395 1200 497 1227 τελείου
516 1200 688 1236 τελειότερον.
710 1200 764 1227 Καὶ
787 1200 866 1231 θείως

53 1248 102 1278 τὸ,
128 1257 138 1273 ‹
161 1248 197 1273 Εἰ
215 1247 312 1278 θέλεις,
340 1256 348 1272 ι
376 1247 406 1273 τὸ
421 1246 593 1278 αὐτεξούσιον
607 1246 656 1281 τῆς
672 1245 864 1281 προσδιαλεγο-

57 1294 157 1329 μένης
185 1293 264 1328 αὐτῷ
278 1293 366 1327 ψυχῆς
387 1292 529 1328 ἐδήλωσεν·
547 1292 593 1318 ἐπὶ
604 1292 643 1327 τῷ
656 1291 791 1327 ἀνθρώπῳ
811 1292 865 1327 γὰρ

53 1338 94 1375 ἦν
114 1341 134 1374 ἡ
153 1339 276 1374 αἵρεσις,
292 1338 329 1370 ὡς
344 1338 488 1374 ἐλευθέρῳ·
505 1338 553 1364 ἐπὶ
569 1338 627 1373 Θεῷ
643 1338 672 1364 δὲ
695 1339 711 1373 ἡ
726 1338 807 1370 δόσις,
828 1339 866 1370 ὡς

54 1385 179 1421 Κυρίῳ.
209 1385 306 1411 Δίδωσι
322 1385 350 1411 δὲ
368 1384 537 1419 βουλομένοις
556 1384 602 1411 καὶ
630 1384 865 1419 ὑπερσπουδακόσι

54 1433 112 1458 καὶ
133 1431 289 1466 δεομένοις,
315 1423 348 1457 ἵνς
367 1430 452 1462 οὓτως
467 1430 532 1462 ἴδιος
548 1429 638 1457 αὐτῶν
654 1431 670 1466 ὴ
683 1431 804 1466 σωτηρία
818 1431 865 1464 γέ-

54 1488 161 1515 νηται.
191 1479 231 1504 Οὐ
256 1477 310 1513 γὰρ
324 1478 474 1511 ἀναγκάζει
495 1478 509 1503 ὁ
532 1476 598 1508 Θεὸς
620 1476 675 1511 (βία
696 1476 749 1512 γὰρ
769 1477 865 1512 ἐχθρὸν

54 1525 152 1561 Θεῷ),
186 1524 257 1551 ἀλλὰ
274 1526 330 1556 τοῖς
349 1523 458 1559 ζητοῦσι
484 1523 599 1559 πορίζει,
615 1524 661 1550 καὶ
682 1525 738 1554 τοῖς
760 1522 865 1549 αἰτοῦσι

55 1573 206 1608 παρέχει,
229 1571 276 1597 καὶ
297 1572 353 1602 τοῖς
369 1569 511 1606 κρούουσιν
527 1569 637 1604 ἀνοίγει.
656 1569 687 1596 Et
707 1569 793 1600 θέλεις
807 1567 863 1600 οὖν,

54 1620 82 1647 εἰ
107 1619 206 1649 ὅντως
219 1617 316 1648 θέλεις,
329 1617 374 1643 καὶ
387 1616 423 1651 μὴ
441 1616 538 1642 ἑαυτὸν
558 1616 704 1651 ἐξαπατᾷς,
719 1615 817 1650 κτῆσαι
835 1615 866 1642 τὸ

56 1665 173 1691 ἐνδέον.
201 1663 251 1689 ’Ἐν
264 1671 304 1689 σοι
319 1662 415 1694 λείπει,
426 1662 456 1688 τὸ
471 1662 500 1689 ἒν
514 1662 544 1688 τὸ
560 1662 650 1697 μένον,
667 1662 698 1687 τὸ
715 1661 824 1695 ἀγαθὸν,
836 1660 866 1686 τὸ

56 1711 117 1746 ἠδη
139 1710 218 1745 ὑπὲρ
233 1709 324 1744 νόμον,
340 1709 408 1744 ὅπερ
423 1708 504 1743 νόμος
519 1709 549 1735 οὺ
569 1708 684 1738 δίδωσιν,
701 1708 769 1743 ὅπερ
784 1707 866 1742 νόμος

55 1757 91 1783 οὐ
117 1757 222 1791 χωρεῖ,
236 1754 251 1780 ὂ
264 1754 318 1780 τῶν
327 1754 435 1786 ζώντων
450 1754 514 1781 ἴδιόν
530 1755 611 1781 ἐστιν.
634 1753 739 1789 Ἀμέλει
749 1753 764 1778 ὁ
778 1753 866 1780 πάντα

55 1800 158 1828 τὰτοῧ
171 1799 258 1834 νόμον
277 1799 422 1834 πληρώσας
433 1800 463 1825 ὲκ
476 1799 599 1834 νεότητος
613 1799 660 1824 καὶ
676 1797 709 1824 τὰ
724 1797 863 1832 ὑπέρογκα

56 1845 278 1882 φρυαξάμενος,
291 1845 318 1871 ἒν
328 1844 405 1871 τοῦτο
414 1844 550 1880 πραθῆναι
563 1845 618 1876 τοῖς
629 1843 699 1875 ὅλοις
712 1843 742 1870 οὐ
758 1843 866 1878 δεδύνη-

56 1901 125 1923 ται,
149 1891 183 1917 τὸ
199 1890 248 1916 τοῦ
264 1890 390 1925 Σωτῆρος
405 1890 553 1926 ἐξαίρετον,
565 1890 608 1916 ἵνα
623 1889 692 1925 λάϐῃ
715 1888 787 1925 ζωὴν
802 1889 866 1916 αἰώ-

57 1946 138 1968 νιον,
156 1936 194 1972 ἢν
209 1935 312 1962 ἐπόθει·
327 1935 393 1962 ἀλλά
402 1936 568 1971 δυσχεράνας
579 1935 709 1970 ἀπῆλθεν,
725 1935 866 1970 ἀχθεσθεὶς

58 1983 105 2018 τῷ
122 1982 343 2017 παραγγέλματι
359 1981 408 2016 τῆς
431 1981 513 2017 ζωῆς,
537 1982 606 2017 ὑπὲρ
625 1979 658 2017 ἧς
674 1981 802 2009 ἱκέτευεν.
827 1981 864 2007 Οὐ

60 2030 126 2065 γὰρ
151 2027 266 2063 ἀληθῶς
286 2026 359 2062 ζωὴν
381 2027 487 2062 rem»,
504 2027 542 2058 ὼς
556 2026 684 2061 ἔφασκεν,
703 2026 771 2054 ἀλλὰ
787 2025 865 2058 δόξαν

61 2074 267 2110 προαιρέσεως
281 2073 386 2108 ἀγαθῆς
408 2073 490 2108 μόνην
506 2072 706 2108 περιεϐάλλετο·
731 2073 778 2099 καὶ
802 2073 864 2108 περὶ

62 2119 158 2146 πολλά
169 2119 220 2154 μὲν
235 2115 289 2149 οἷός
305 2126 335 2144 τε
353 2115 386 2153 ἦν
412 2117 598 2153 ἀσχολεῖσθαι,
615 2118 646 2143 τὸ
668 2117 696 2144 δὲ
716 2119 754 2149 ἓν,
771 2118 801 2144 τὸ
816 2118 865 2154 τῆς

62 2166 148 2200 ζωῆς
171 2165 254 2200 ἔργον
278 2164 406 2196 ἀδύνατος
432 2165 478 2190 καὶ
505 2164 662 2199 ἀπρόθυμος
682 2163 728 2189 καὶ
751 2163 864 2199 ἀσθενὴς

63 2210 209 2238 ἐκτελεῖν.
238 2210 343 2236 Ὀποῖὁν
363 2218 388 2236 τι
408 2211 455 2236 καὶ
471 2209 539 2245 πρὸς
553 2209 602 2245 τὴν
621 2209 736 2244 Μάρθαν
761 2207 836 2236 εἶπεν
852 2211 865 2236 ὁ

918 960 999 986 ticem
1028 959 1198 993 gratiamque
1220 959 1290 984 viam
1307 962 1433 985 sternens
1450 967 1456 985 :
1484 959 1622 993 plenitudo
1640 966 1706 986 vero

917 1006 983 1040 legis
992 1005 1118 1032 Christus
1128 1005 1160 1031 ad
1175 1005 1310 1039 justitiam
1321 1005 1395 1031 omni
1407 1003 1530 1031 credenti
1543 1009 1572 1038 c;
1588 1013 1641 1031 non
1657 1005 1704 1039 qui

917 1056 946 1078 ut
962 1060 1057 1079 servus
1073 1059 1167 1079 servos
1196 1051 1287 1083 faciat,
1307 1051 1354 1078 sed
1370 1055 1396 1078 et
1425 1051 1494 1078 ﬁlios
1515 1055 1542 1078 et
1563 1051 1662 1079 fratres
1677 1056 1706 1079 et

916 1097 1082 1130 cohzeredes,
1100 1097 1189 1124 Patris
1206 1097 1373 1124 voluntatem
1394 1097 1527 1124 facientes
1545 1101 1666 1132 praestet.

950 1163 983 1190 Χ.
1001 1173 1009 1189 ι
1032 1163 1059 1190 Si
1076 1163 1117 1191 vis
1136 1163 1272 1198 perfectus
1285 1171 1345 1191 esse
1361 1162 1383 1189 ἀ.
1403 1173 1412 1190 ι
1429 1163 1552 1191 Nondum
1569 1172 1633 1199 ergo
1646 1173 1706 1199 per-

918 1209 1004 1236 fectus
1018 1212 1093 1236 erat:
1114 1208 1234 1243 perfecto
1254 1216 1373 1243 namque
1396 1209 1463 1235 nihil
1480 1208 1628 1243 perfectius
1648 1213 1701 1236 est.

915 1254 1042 1281 Ceterum
1069 1254 1198 1289 prmclare
1224 1254 1290 1280 illud
1307 1258 1388 1289 atque
1402 1254 1515 1281 divine:
1535 1263 1544 1280 ‹
1567 1254 1594 1281 Si
1613 1255 1665 1285 vis,
1690 1265 1701 1281 ι

916 1300 1097 1334 colloquentis
1128 1300 1228 1327 animae
1264 1300 1378 1327 liberam
1409 1299 1515 1326 arbitrii
1547 1299 1703 1327 facultatem

916 1345 1054 1372 ostendit:
1071 1346 1097 1372 in
1110 1346 1337 1381 hominequippe,
1354 1350 1484 1380 tanquam
1503 1346 1600 1377 libero,
1618 1346 1703 1373 libera

915 1396 974 1418 erat
991 1392 1138 1418 voluntatis
1149 1391 1260 1425 electio;
1276 1392 1303 1418 in
1318 1391 1372 1418 Deo
1389 1395 1477 1418 autem
1487 1391 1563 1425 dare,
1574 1397 1702 1426 tanquam

917 1436 1031 1464 Domino
1052 1441 1133 1472 atque
1159 1438 1272 1464 arbitro.
1297 1437 1348 1464 Dat
1377 1441 1466 1464 autem
1496 1438 1648 1466 volentibus
1677 1441 1704 1464 et

916 1491 1022 1510 summo
1048 1483 1138 1510 studio
1163 1483 1350 1510 adnitentibus
1365 1486 1391 1510 et
1418 1483 1579 1514 rit-antibus.
1611 1488 1640 1510 ut
1663 1484 1704 1510 sic

916 1529 1023 1556 illorum
1039 1530 1148 1564 propria
1165 1530 1278 1556 exsistat
1289 1529 1374 1556 salus.
1386 1528 1479 1563 Neque
1490 1529 1561 1556 enim
1573 1528 1644 1556 Deus
1657 1536 1705 1556 co-

917 1574 954 1609 git
969 1575 1020 1607 (vis
1031 1574 1103 1601 enim
1116 1575 1225 1602 inimica
1237 1579 1278 1602 est
1290 1574 1366 1610 Deo),
1382 1575 1429 1602 sed
1452 1575 1637 1609 quaerentibus
1653 1575 1704 1602 tri-

917 1619 986 1650 buit,
999 1622 1026 1646 et
1040 1620 1195 1654 petentibus
1211 1619 1321 1654 pra‘bet,
1340 1628 1371 1646 ac
1386 1620 1559 1654 pulsantibus
1577 1620 1665 1655 aperit
1678 1625 1701 1647 ι’.

918 1664 946 1691 Si
961 1665 1002 1693 vis
1019 1665 1111 1700 igitur,
1135 1666 1159 1693 si
1181 1674 1245 1693 vere
1271 1667 1322 1698 iis,
1347 1670 1374 1693 et
1399 1666 1515 1701 teipsum
1542 1674 1596 1693 nnn
1620 1666 1703 1700 fallis,

916 1711 982 1738 illud
993 1720 1120 1747 compara
1135 1720 1189 1748 quo
1205 1712 1339 1739 deficeris.
1357 1712 1444 1739 Unum
1462 1712 1510 1740 tibi
1525 1713 1617 1746 deest;
1637 1713 1704 1739 illud

916 1766 1001 1784 unum
1017 1758 1089 1793 quod
1100 1763 1203 1789 manet,
1224 1759 1295 1793 quod
1313 1759 1413 1786 bonum
1433 1762 1485 1788 est.
1503 1758 1575 1793 quod
1587 1763 1628 1786 est
1646 1759 1703 1794 jam

917 1812 998 1839 supra
1021 1804 1118 1840 legem,
1135 1804 1207 1840 quod
1226 1805 1268 1832 lex
1288 1813 1342 1832 non
1362 1805 1418 1836 dat,
1435 1805 1507 1839 quod
1524 1805 1565 1832 lex
1585 1812 1639 1831 non
1656 1812 1705 1831 ca-

916 1850 964 1884 pit,
983 1851 1055 1884 quod
1070 1850 1217 1877 viventium
1231 1850 1371 1885 proprium
1390 1854 1441 1877 est.
1459 1850 1581 1885 Denique
1594 1850 1641 1885 qui
1664 1854 1705 1877 to-

916 1900 970 1923 tam
983 1896 1068 1931 legem
1084 1903 1099 1923 a
1116 1897 1258 1931 juvenlute
1281 1897 1450 1932 impleverat,
1466 1900 1493 1924 et
1511 1897 1556 1932 qui
1572 1897 1605 1924 de
1620 1905 1649 1924 se
1664 1897 1704 1923 sic

917 1949 1015 1976 magna
1030 1947 1109 1976 atque
1125 1941 1242 1976 superba
1252 1942 1358 1969 locutus
1368 1947 1436 1975 erat,
1453 1950 1537 1968 unum
1554 1942 1605 1969 hoc
1618 1942 1706 1969 omni-

917 1987 968 2014 bus
986 1995 1081 2022 parare
1093 1988 1225 2022 nequivit,
1241 1988 1313 2022 quod
1332 1987 1482 2015 Salvatoris
1498 1988 1635 2022 singulare
1650 1991 1703 2018 est.

917 2038 947 2060 ut
957 2033 1038 2060 vitam
1049 2038 1188 2065 aeternam.
1201 2034 1279 2068 cujus
1290 2041 1351 2060 cum
1364 2033 1528 2060 desiderium
1543 2034 1703 2065 incesserat,

916 2080 1064 2115 arriperet:
1085 2082 1114 2111 ιιι(
1142 2079 1187 2107 sed
1205 2079 1292 2107 tristis
1318 2079 1394 2110 abiit.
1411 2079 1473 2106 vitm
1497 2079 1625 2105 mandato
1641 2087 1704 2114 gra-

917 2130 1005 2157 vatus.
1021 2126 1100 2160 cujus
1120 2125 1206 2160 gratia
1219 2124 1399 2159 supplicatum
1416 2128 1536 2153 venerat.
1558 2124 1616 2152 Non
1631 2125 1704 2151 enim

917 2179 981 2198 vere
998 2171 1078 2198 vitam
1094 2172 1240 2203 ambiebat,
1259 2175 1288 2198 ut
1300 2171 1391 2198 verbis
1405 2170 1576 2205 proferebat;
1591 2170 1638 2198 sed
1654 2170 1704 2196 bo-

918 2225 959 2244 nm
979 2217 1111 2244 duntaxat
1133 2217 1281 2244 voluntatis
1308 2217 1406 2243 famam
1432 2217 1641 2252 aucupabatur:
1673 2224 1706 2243 ac

63 2257 172 2292 Σωτὴρ
189 2256 392 2291 ἀσχολουμένην
412 2256 497 2282 πολλὰ
521 2257 567 2282 καὶ
591 2256 804 2291 περιελκομένην
821 2257 865 2282 καὶ

920 2263 1028 2297 quidem
1047 2264 1118 2290 circa
1142 2263 1227 2290 multa
1249 2263 1382 2290 sollicitus
1397 2271 1458 2290 esse
1483 2267 1598 2297 poterat,
1620 2271 1704 2289 unum

65 2302 285 2338 ταρασσομένην
297 2302 466 2333 διακονικῶς
483 2302 532 2337 τὴν
550 2302 578 2328 δὲ
598 2302 715 2337 ἀδελφὴν
737 2303 867 2338 αἰτιωμέ-

65 2359 133 2384 νην,
148 2348 192 2374 ὅτι
207 2347 239 2373 τὸ
255 2348 402 2383 ὑπηρετεῖν
417 2347 598 2379 ἀπολιποῦσα,
614 2349 671 2379 τοῖς
689 2348 766 2374 ποσὶν
782 2347 866 2374 αὐτοῦ

65 2393 283 2430 παρακάθηται,
302 2393 452 2429 μαθητικὴν
465 2394 568 2427 ἄγουσα
590 2393 697 2429 σχολήνο
718 2403 727 2419 ‹
757 2394 792 2421 Σὺ
804 2395 868 2430 περὶ

65 2440 162 2468 πολλὰ
171 2439 307 2475 ταράσσῃ·
324 2439 418 2475 Μαρία
434 2440 462 2465 δὲ
475 2440 524 2475 τὴν
539 2440 642 2475 ἀγαθὴν
664 2439 759 2476 μερίδα
781 2440 868 2472 εξελέ-

66 2487 148 2520 ξατο,
168 2487 216 2512 καὶ
231 2486 281 2512 οὐκ
295 2485 509 2522 ἀφαιρεθήσεται
526 2486 572 2513 ἀπ’
592 2486 685 2521 αὐτῆς·
707 2496 716 2512 ι
735 2486 806 2512 οὕτω
819 2487 866 2513 καὶ

65 2534 168 2560 τοῦτον
199 2532 319 2563 ἐκέλευε,
340 2532 389 2567 τῆς
417 2532 681 2568 πολυπραγμοσύνης
709 2532 864 2567 ἀφειμένον,

66 2581 110 2606 ἑνὶ
128 2578 349 2614 προστετηκέναι
366 2578 412 2604 καὶ
425 2577 658 2614 προσκαθέζεσθαι
669 2580 701 2614 τῇ
718 2577 865 2614 χάριτιτοῦ

66 2626 146 2661 ζωὴν
160 2624 271 2651 αἰώνιον
295 2623 478 2659 προτιθέντας.

919 2317 982 2336 vero
1004 2309 1080 2338 illud.
1093 2317 1162 2344 opus
1177 2309 1242 2336 illud
1261 2309 1356 2336 salutis
1369 2312 1398 2335 ut
1415 2310 1568 2343 perliceret,
1585 2316 1639 2335 non
1656 2316 1704 2334 va-

921 2354 1010 2386 lebat;
1036 2353 1118 2388 inque
1134 2361 1189 2380 rem
1222 2353 1336 2388 supinus
1357 2357 1383 2380 et
1399 2353 1523 2380 infirmus
1538 2357 1606 2380 erat.
1629 2352 1706 2379 Sicut

919 2400 990 2427 enim
1009 2399 1121 2426 Martha:
1135 2395 1207 2426 'dixit
1230 2399 1371 2431 Dominus,
1388 2407 1449 2426 cum
1477 2400 1504 2426 in
1525 2398 1619 2426 multis
1633 2403 1706 2425 esset

920 2444 1038 2472 sollicita
1061 2449 1088 2472 et
1108 2444 1283 2472 ministrandi
1300 2453 1366 2471 cura
1381 2445 1581 2473 distraheretur
1598 2453 1630 2472 ac
1648 2449 1707 2472 tur-

920 2490 1047 2522 baretur,
1071 2490 1213 2525 sororique
1230 2490 1295 2516 vitio
1315 2490 1391 2517 daret
1409 2490 1492 2525 quod,
1515 2491 1610 2518 relicto
1626 2491 1707 2518 mini-

921 2534 1014 2566 sterio,
1032 2535 1154 2561 .sederet
1182 2535 1215 2562 ad
1241 2535 1323 2568 pedes
1354 2535 1424 2570 ejus,
1456 2535 1597 2570 discipulae
1619 2536 1705 2563 otium

920 2584 1047 2614 captans:
1064 2589 1073 2605 ε
1101 2579 1141 2607 Tu
1166 2588 1230 2616 erga
1247 2582 1331 2608 multa
1353 2582 1490 2610 turbaris:
1515 2582 1599 2609 Maria
1615 2587 1705 2609 autem

919 2627 1046 2660 optimam
1058 2630 1160 2661 partem
1173 2627 1264 2661 elegit.
1277 2635 1336 2662 qua:
1348 2636 1401 2654 non
1415 2628 1554 2656 auferetur
1563 2629 1598 2656 ab
1612 2636 1642 2656 ea
1654 2628 1680 2655 τε
1694 2637 1703 2654 ι

67 2673 108 2700 ita
130 2672 208 2698 hunc
224 2679 345 2706 quoque,
359 2671 498 2706 negotiosa
512 2672 692 2707 occupatione
704 2672 818 2704 omissa,
833 2673 879 2700 uni
898 2677 1001 2701 tantum
1019 2674 1157 2702 adhaerere
1178 2674 1266 2709 jubet,
1279 2676 1393 2710 eiusque
1412 2677 1533 2703 assidere
1544 2675 1647 2711 "gratim,
1660 2677 1704 2711 qui

67 2719 131 2754 ipse
147 2718 234 2744 vitam
250 2721 382 2744 aeternam
397 2721 569 2751 proponeret.

105 2823 137 2851 ›ῐ‹
161 2819 194 2846 Ρ.
215 2819 267 2846 951
293 2818 347 2845 ED.
367 2817 514 2846 POTTER.

67 2862 79 2876 ι
101 2855 204 2883 Matth.
224 2862 275 2886 vn.
296 2854 328 2888 '1;
350 2853 414 2881 Luc.
444 2854 534 2890 ιιηθ.

572 2825 585 2839 ι
607 2819 683 2846 Rom.
707 2827 756 2850 vn,
776 2819 818 2848 12.

577 2855 585 2873 ί
607 2855 672 2882 Luc.
692 2864 718 2888 χ,
736 2857 777 2882 tt.

880 2821 893 2840 δ
912 2820 970 2849 Gal.
996 2830 1036 2855 ut,
1057 2825 1102 2850 2-}.

1161 2828 1171 2844 ε
1193 2822 1272 2852 Rom.
1293 2833 1319 2857 x,
1340 2825 1366 2853 4.
1422 2826 1433 2845 ιι
1456 2825 1551 2852 Matth.
1578 2832 1637 2857 xu,
1659 2823 1704 2852 2!.
