1934 3075
254 132 309 160 615

290 200 337 229 XI.
362 201 432 235 Quid
451 209 516 237 ergo
529 201 580 228 fuit
596 200 669 236 quod
689 200 727 228 illi
744 199 834 235 fugam
853 200 952 232 suasit,
970 199 1046 228 fecit—
1061 193 1082 221 Α

254 256 308 284 que
325 252 355 275 ut
380 256 409 276 se
437 257 451 274 a
470 248 617 283 magistro,
644 255 659 273 a
689 247 901 282 supplicatione.
926 253 941 272 a
959 254 1017 281 spe,
1033 254 1047 273 a

254 296 321 324 vita.
341 303 354 321 a
372 295 523 326 laboribus,
541 294 640 328 quibus
653 294 709 329 jam
724 292 884 328 perfunctus
899 297 968 325 erat,
983 293 1048 320 sub-

255 341 386 369 duceret?
403 340 515 376 Nempe,
539 350 548 366 ι
562 340 650 367 Vcnde
673 348 734 375 quae
760 339 874 367 habes.)
894 339 964 372 Quid
983 347 1047 367 vero

255 386 308 415 hoc
326 387 376 414 sibi
393 386 451 413 vult
462 387 474 413 ?
487 386 563 413 Haud
579 394 656 418 sane,
669 385 742 420 quod
757 386 868 420 quidam
893 385 974 412 obvio
990 390 1048 413 sta-

255 433 303 460 tim
318 441 399 460 sensu
418 433 566 468 accipiunt,
583 433 728 460 facultates
749 432 846 467 projici
865 432 944 466 jubet
958 435 985 459 et
999 440 1046 467 pe-

253 479 351 506 cunias
379 486 394 505 a
422 486 452 506 se
475 486 623 512 amovere;
650 478 700 505 sed
718 486 779 515 qua:
798 478 833 506 de
856 478 962 505 divitiis
976 486 1046 505 vana

252 524 357 559 judicia
372 530 436 552 sunt
450 525 542 552 animo
559 525 757 557 exterminare,
778 532 842 560 erga
855 532 902 552 eas
917 524 1045 552 ctfreneui

253 571 396 599 libidinem
418 579 451 598 ac
466 571 588 599 avaritia:
599 571 698 602 labem,
724 570 934 604 sollicitudines,
953 570 1046 598 saeculi

253 618 358 653 spinas.
373 625 435 652 qua:
451 618 586 645 sutfoeant
606 618 667 644 viue
681 625 784 644 semen.
806 617 885 644 Haud
901 617 972 644 enim
989 624 1047 643 ma-

253 672 335 700 gnum
350 664 518 699 dignumque
531 665 720 696 :eumlatione,
743 667 856 696 temere,
881 671 936 691 non
964 667 994 690 ut
1006 663 1047 691 vi-

252 715 308 737 tam
321 711 507 743 nanciscaris,
531 711 635 738 divitiis
652 718 766 738 carere:
795 710 836 738 sic
866 717 986 745 namque
1000 711 1045 745 qui

252 756 320 783 nihil
330 764 445 791 prorsus
461 757 574 788 habent,
588 757 647 788 sed,
666 757 741 783 omni
759 756 884 784 destituti
901 757 962 784 vitae
974 758 1046 785 sola-

251 803 301 835 tio,
331 803 484 838 quotidiani
506 803 624 831 mendici
650 811 698 838 per
725 804 784 830 vias
809 803 904 838 inopes
931 804 1046 839 projecti

252 854 327 882 sunt,
341 857 402 877 cum
420 854 448 876 et
475 849 560 876 Deum
586 850 712 885 ignorent
724 849 826 884 Deique
842 849 989 884 justitiam,
1013 858 1046 878 ea

252 895 387 923 duntaxat
407 896 512 923 ratione
525 896 598 930 quod
614 900 736 923 extrema
753 900 912 931 premantur
928 904 1045 932 pauper-

252 945 319 972 tate,
337 941 469 976 omnique
485 943 547 969 vita:
564 942 688 970 subsidio
713 946 837 975 careant,
856 950 888 970 ac
909 943 950 970 vel
964 943 1046 970 mini-

253 988 308 1015 mis
319 988 493 1018 deliciantur.
509 988 631 1016 omnium
659 988 811 1016 beatissimi
825 993 918 1017 essent
931 996 963 1017 ac
979 990 1045 1016 reli-

254 1034 416 1068 giosissimi,
450 1034 556 1069 solique
582 1040 723 1070 compotes
749 1035 812 1062 vita:
837 1040 956 1063 aeterna.
991 1035 1047 1064 Nec

253 1087 324 1107 nova
342 1087 389 1108 res
415 1081 545 1109 abdicare
567 1081 687 1113 divitias,
705 1084 732 1108 et
758 1082 786 1108 in
812 1089 947 1117 pauperes
964 1087 1046 1117 atque

253 1134 355 1162 egenos
371 1126 497 1162 elargiri;
512 1127 584 1162 quod
598 1131 624 1154 et
646 1127 725 1154 multi
747 1130 811 1155 ante
829 1126 981 1155 Salvatoris
998 1127 1047 1154 ad-

252 1176 364 1199 ventum
382 1173 577 1207 praestiterunt,
588 1180 641 1208 qua
655 1175 684 1199 ut
696 1173 848 1200 litterarum
864 1173 963 1200 studiis
977 1181 1048 1200 mor-

252 1222 361 1254 tuaaque
376 1219 517 1253 sapientiae
533 1222 675 1251 vacarent,
700 1226 755 1254 qua
771 1224 800 1246 ut
824 1219 898 1246 inani
912 1219 1045 1254 jactantia

252 1266 371 1293 nominis
383 1265 536 1292 claritatem
565 1273 598 1292 ac
623 1265 745 1300 gloriola:
768 1273 863 1293 curam
890 1271 1044 1302 captarent,

251 1310 430 1346 Anaxagorae,
447 1310 606 1343 Democriti,
623 1310 757 1339 Cratctes.

287 1356 369 1392 338
379 1357 436 1384 XII.
451 1357 522 1390 Quid
537 1358 620 1393 igitur
631 1362 660 1384 nt
676 1366 775 1386 novum
792 1358 894 1394 Deique
906 1360 1044 1395 proprium

249 1403 337 1438 jubet,
353 1412 386 1431 ac
400 1404 489 1431 solum
505 1404 640 1439 ejusmodi
656 1409 685 1432 ut
702 1404 839 1432 vivificare
856 1410 948 1440 queat.
972 1406 1045 1441 quod

251 1450 372 1484 antiquis
389 1451 503 1478 salutem
532 1459 586 1478 non
604 1450 716 1477 attulit?
729 1450 799 1484 Quid
823 1459 888 1478 vero
915 1452 1045 1480 eximium

251 1496 316 1530 quid
331 1503 363 1523 ac
380 1496 519 1532 singulare
536 1504 604 1523 nova
621 1501 758 1528 creatura,
777 1496 824 1524 Dei
849 1496 934 1525 Filius
949 1498 1046 1533 praeci-

251 1542 291 1576 pit
308 1550 340 1569 ae
355 1543 453 1570 docet?
466 1542 526 1570 Non
555 1543 607 1570 hoc.
638 1543 749 1570 mandat
765 1543 837 1578 quod
860 1544 886 1571 in
904 1549 1044 1579 aspectum
1060 1555 1080 1583 (ς

251 1587 336 1619 cadit,
354 1587 426 1623 quod
447 1588 493 1614 alii
509 1587 599 1615 fecere
612 1607 619 1619 ,
645 1587 693 1614 sed
710 1588 782 1614 aliud
803 1588 868 1623 quid
891 1589 980 1622 majus
1004 1589 1045 1615 di-

251 1634 400 1668 viniusque
414 1638 441 1661 et
457 1633 618 1669 perfectius,
648 1633 720 1668 quod
745 1634 792 1660 illo
806 1634 996 1669 significatur:
1017 1639 1047 1662 ut

252 1680 375 1707 animum
393 1680 499 1707 Scilicet
528 1679 710 1714 all'ectumque
735 1680 810 1707 vitiis
839 1680 984 1711 audemus,
1014 1689 1046 1707 ac

253 1733 313 1760 quze
325 1725 413 1751 aliena
440 1728 517 1756 sunt,
545 1724 678 1751 radicitus
694 1731 726 1751 ex
752 1732 785 1751 eo
808 1724 1003 1753 exscindamus
1020 1729 1047 1752 et

253 1771 406 1805 ejiciamus.
430 1769 488 1798 Hoc
516 1770 646 1797 nimirum
666 1770 717 1796 viri
739 1769 827 1798 ﬁdelis
842 1771 980 1806 proprium
996 1771 1047 1798 do-

255 1820 427 1846 cumentum,
446 1815 583 1851 dignaque
612 1815 755 1842 Salvatore
783 1815 918 1842 doctrina.
935 1815 1047 1851 Antiqui

256 1863 342 1894 enim,
353 1862 519 1898 contemptis
534 1862 728 1893 exterioribus,
739 1862 928 1897 possessiones
938 1862 1046 1897 quidem

254 1907 423 1942 reliquerunt
439 1911 467 1940 ᾖ(
494 1915 526 1935 ac
546 1908 718 1941 amiserunt;
747 1907 795 1935 sed
818 1908 884 1934 vitia
904 1908 988 1935 animi
1016 1916 1048 1936 ae

254 1954 476 1989 perturbationes
488 1954 608 1981 arbitror
624 1958 651 1981 et
666 1958 813 1981 auxerunt.
835 1953 951 1990 Superbi
974 1955 1046 1981 enim

251 2009 285 2028 ex
299 2001 350 2028 hoc
361 2005 388 2028 et
400 2001 463 2028 elati
477 2004 635 2033 evaserunt,
651 2000 742 2028 inanis
758 2000 851 2035 gloria!
869 2001 952 2035 pleni,
963 2004 989 2028 et
1001 2002 1047 2036 qui

254 2049 420 2084 reliquorum
439 2052 598 2082 contemptu
626 2047 809 2078 ducerentur,
832 2047 912 2082 quasi
928 2047 980 2082 ipsi
996 2047 1045 2073 ali-

252 2095 319 2130 quid
331 2102 414 2130 supra
441 2095 580 2122 hominem
607 2095 769 2129 gessiSscnt.
795 2093 938 2127 Quomodo
967 2094 1048 2129 igitur

254 2141 381 2168 Salvator
396 2141 423 2167 in
443 2144 576 2168 :eternum
592 2140 706 2167 victuris
722 2140 892 2175 praeciperet,
915 2147 976 2175 qua:
993 2139 1049 2167 sint

254 2187 378 2213 nocitura
403 2186 546 2220 labemque
561 2185 687 2216 allatura,
701 2185 774 2220 quod
793 2186 891 2212 attinet
905 2186 938 2212 ad
952 2186 1046 2217 vitam,

831 129 1030 157 CLEMENTIS
1051 127 1287 157 ALEXANDI‘IINI
1841 130 1885 157 cr.

1133 191 1185 217 Μ’.
1203 189 1236 216 Τί
1249 189 1340 215 τοίνυν
1354 186 1388 225 ἦν
1402 189 1433 216 τὸ
1452 189 1679 225 προτρεψάμενον
1695 188 1780 215 αὐτὸν
1795 190 1831 220 τίς
1845 199 1885 223 9:-

1099 236 1162 272 γὴν.
1188 236 1236 262 καὶ
1256 235 1374 271 ποιῆσαν
1393 235 1618 271 ἀπαυτομολῆσαι
1645 234 1693 262 τοῦ
1722 234 1886 265 διδασκάλω,

1098 283 1147 318 τῆς
1164 282 1277 314 ἱκεσίας,
1289 281 1339 316 τῆς
1352 281 1469 313 ἐλπίδος,
1485 282 1534 317 τῆς
1559 281 1642 317 ζωῆς,
1655 281 1710 308 τῶν
1723 289 1885 317 προπεπονγπ

1100 329 1202 363 μὲνων;
1217 338 1225 352 ι
1240 327 1368 363 Πώλησον
1386 327 1419 354 τὰ
1433 327 1592 363 ὑπάρχοντά
1617 335 1694 354 σου.)
1718 327 1751 352 Τί
1766 327 1795 353 δὲ
1816 327 1887 354 τοῦτό

1097 375 1186 406 ὲστιν;
1202 375 1258 409 Οὐχ
1274 374 1292 401 ἃ
1317 375 1470 410 προχείρως
1496 374 1618 409 δέχονταί
1642 382 1725 405 τινες,
1743 373 1794 408 τὴν
1809 374 1888 408 fil-.51?

1098 430 1197 456 χουσαν
1215 422 1308 448 οὐσίαν
1320 421 1472 456 ἀπορρῖψαι
1499 420 1666 456 προστάσσει
1681 420 1730 446 καὶ
1742 421 1888 455 ἀποστῆναι

1098 467 1152 494 ἀπὸ
1164 467 1219 493 τῶν
1234 468 1391 504 χρημάτων·
1410 467 1478 494 ἀλλά
1496 467 1531 493 τὰ
1552 467 1675 502 δόγματα
1704 467 1769 502 περὶ
1786 468 1888 502 χρημά-

1097 523 1150 540 των
1166 514 1285 550 ἐξορίσαι
1301 515 1349 550 τῆς
1363 514 1463 550 ψυχῆς,
1494 514 1544 550 τὴν
1568 514 1632 549 περὶ
1649 514 1719 540 αὐτὰ
1735 515 1833 540 πτοίαν
1848 516 1890 541 καὶ

1097 562 1184 594 νόσον,
1202 562 1251 594 τὰς
1270 562 1415 597 μερίμνας,
1440 561 1489 594 τὰς
1507 560 1628 593 ἀκάνθας
1649 560 1698 587 τοῦ
1726 561 1798 596 βίου,
1815 562 1842 588 αῖ
1865 562 1889 588 το

1099 609 1209 644 σπέρμα
1235 609 1285 643 τῆς
1309 608 1380 643 ζωῆς
1402 608 1609 643 συμπνίγουσιν.
1643 608 1712 635 Οὔτε
1742 607 1800 643 γὰρ
1823 608 1889 643 μέγα

1098 655 1145 681 καὶ
1162 654 1281 690 ζηλωτὸν
1297 654 1326 681 τδ
1339 655 1479 691 τηνάλλως
1498 655 1612 690 ἀπορεῖν
1626 654 1779 690 χρημάτων
1796 655 1835 690 μὴ
1849 655 1890 681 ἐπὶ

1097 702 1169 737 λόγῳ
1188 701 1272 737 ζωῆς
1291 701 1363 728 οὕτω
1389 702 1440 737 μὲν
1456 701 1510 737 γὰρ
1533 699 1602 737 ἦσαν
1627 703 1651 728 οι
1682 701 1767 737 μηδὲν
1787 701 1889 737 ἔχοντες

1100 747 1226 782 μηδαμῆ,
1241 746 1309 773 ἀλλά
1323 747 1422 781 ἔρημοι
1436 746 1483 773 καὶ
1501 747 1627 781 μεταῖται
1644 745 1698 772 τῶν
1714 746 1758 781 ἐφ’
1773 746 1888 782 ἡμέραν,

1098 794 1123 819 ot
1141 793 1210 820 κατὰ
1224 793 1273 825 τὰς
1286 793 1362 825 ὁδοὺς
1379 792 1542 829 ἐρριμμένοι
1561 793 1672 828 πτωχοὶ,
1688 792 1854 826 ἀγνοοῦντες
1865 793 1890 819 εὲ

1099 838 1164 865 Θεὸν
1179 839 1226 866 καὶ
1240 838 1413 874 δικαιοσύνην
1420 838 1499 869 Θεοῦ.
1508 838 1569 865 κατ’
1582 839 1648 865 αὐτὸ
1660 838 1742 874 μόνον
1755 839 1786 865 τὸ
1803 840 1889 875 ἄκρως

1063 874 1083 903 δ
1097 884 1210 920 ἀπορεῖν
1239 885 1286 911 καὶ
1316 885 1466 920 ἀμηχανεῖν
1491 884 1548 920 βίου
1579 885 1626 911 καὶ
1657 884 1712 910 τῶν
1742 884 1889 920 ἐλαχίστων

1098 931 1240 963 σπανίζειν
1257 930 1462 966 μακαριώτατοι
1477 932 1524 958 καὶ
1542 930 1758 965 θεοφιλέστατοι,
1780 932 1831 957 καὶ
1846 931 1890 966 μό-

1095 986 1135 1004 νοι
1146 977 1219 1013 ζωὴν
1234 977 1341 1012 ἔχοντες
1352 977 1470 1004 αἰώνιον.
1487 977 1555 1004 Οὔτε
1568 977 1662 1004 καινὸν
1675 977 1706 1004 τὺ
1721 977 1889 1004 ἀπείπασθαι

1096 1024 1209 1050 πλοῦτον
1226 1024 1272 1050 καὶ
1285 1023 1448 1059 χαρίσασθαι
1464 1024 1608 1059 πτωχοῖςῆ
1625 1023 1751 1059 πένησιν,
1766 1024 1781 1050 ὃ
1800 1024 1888 1050 πολλοὶ

1096 1070 1209 1106 πρὸτῆς
1222 1070 1268 1097 τοῦ
1285 1070 1412 1106 Σωτῆρος
1437 1070 1550 1097 καθόδου
1580 1072 1774 1106 πεποιήκασιν,
1799 1072 1826 1097 οἱ
1843 1070 1888 1106 μὲν

1095 1116 1146 1152 τῆς
1164 1117 1205 1148 είς
1219 1116 1315 1151 λόγους
1329 1116 1429 1152 σχολῆς
1444 1117 1492 1143 καὶ
1514 1117 1615 1152 νεκρᾶς
1633 1117 1733 1151 σοφίας
1746 1117 1851 1149 ἕνεκεν,
1864 1117 1886 1142 at

1096 1162 1124 1189 δὲ
1141 1163 1235 1199 φήμης
1251 1163 1333 1198 κενῆς
1362 1163 1409 1190 καὶ
1440 1162 1603 1195 κενοδοξίας,
1639 1163 1823 1200 Ἀναξαγόραι
1845 1164 1887 1189 καὶ

1097 1210 1263 1246 Δημόκριτοι
1277 1210 1325 1237 καὶ
1341 1210 1495 1246 Κράτητες.

1133 1355 1182 1382 ΙΒ’.
1203 1355 1236 1381 Τί
1253 1352 1300 1382 οὖν
1316 1355 1354 1386 ὡς
1366 1354 1469 1386 καινὸν,
1483 1354 1548 1381 ἴδιον
1563 1354 1629 1381 Θεοῦ
1641 1355 1831 1390 παραγγέλλει
1843 1354 1886 1381 καὶ

1099 1401 1178 1436 μόνον
1194 1401 1336 1433 ζωοποιὺν,
1357 1401 1370 1427 ὃ
1381 1401 1444 1432 τοὺς
1461 1400 1612 1436 προτέρους
1626 1401 1677 1426 οὐκ
1693 1400 1798 1432 ἔσωσα
1818 1401 1850 1427 τί
1863 1401 1888 1427 δὲ

1097 1447 1234 1484 ἐξαίρετόν
1248 1456 1274 1474 τι
1291 1449 1308 1483 ἡ
1324 1447 1404 1483 καινὴ
1419 1447 1519 1480 κτίσις,
1535 1448 1549 1474 ὁ
1565 1447 1629 1479 Υἱὸς
1645 1447 1715 1473 Θεοῦ
1734 1447 1832 1482 μηνύει
1846 1448 1888 1474 καὶ

1097 1494 1233 1527 διδάσκει;
1252 1494 1290 1521 Οὐ
1301 1493 1331 1521 τὸ
1348 1493 1521 1529 φαινόμενον,
1534 1494 1601 1530 ὅπερ
1615 1493 1691 1521 ἄλλοι
1709 1494 1887 1528 πεποιήκασι,

1099 1541 1253 1577 παρεγγυᾷ,
1272 1540 1329 1567 ἀλλ’
1344 1540 1438 1576 ἕτερόν
1463 1549 1490 1567 τι
1513 1540 1556 1567 διὰ
1580 1540 1659 1567 τοῦτο
1689 1540 1888 1576 σημαινόμεπκν

1100 1587 1192 1622 μεῖζον
1206 1587 1254 1613 καὶ
1272 1586 1407 1622 Θειότερον
1423 1588 1470 1614 καὶ
1489 1587 1664 1622 τελειότερον,
1683 1586 1714 1613 τὸ
1735 1587 1785 1622 τὴν
1800 1587 1888 1620 ψυχὴν

1097 1633 1182 1668 αὐτὴν
1193 1633 1240 1660 καὶ
1256 1633 1304 1667 τὴν
1320 1633 1442 1659 διάθεσιν
1467 1633 1611 1668 γυμνῶσαι
1624 1633 1678 1659 τῶν
1694 1633 1749 1659 ἀπὸ
1765 1632 1823 1658 τῶν
1840 1641 1888 1658 πα-

1099 1678 1152 1704 οῶν
1163 1680 1211 1705 καὶ
1225 1678 1361 1715 πρόρριζα
1386 1679 1420 1706 τὰ
1431 1679 1558 1714 ἀλλότρια
1572 1679 1621 1714 τῆς
1635 1678 1750 1714 γνώμης
1766 1679 1889 1714 ἐκτεμεῖν

1098 1725 1146 1751 καὶ
1158 1724 1292 1751 ἐκϐαλεῖν.
1310 1724 1395 1752 Τοῦτο
1405 1725 1459 1760 γὰρ
1475 1725 1541 1752 ἴδιον
1554 1725 1603 1760 μὲν
1619 1724 1667 1751 τοῦ
1684 1724 1782 1751 πιστοῦ
1796 1725 1826 1751 τὸ
1843 1725 1890 1759 μά-

1098 1772 1183 1807 θημα,
1198 1772 1272 1805 ἄξιον
1287 1772 1316 1798 δὲ
1326 1772 1371 1799 τοῦ
1391 1772 1517 1807 Σωτῆρος
1530 1771 1560 1797 τὸ
1582 1771 1710 1805 δίδαγμα.
1731 1771 1763 1797 Οί
1785 1771 1840 1806 γάρ
1853 1779 1889 1796 τοι

1098 1819 1230 1854 πρότερον
1247 1819 1507 1854 καταφρονήσαντες
1522 1817 1575 1843 τῶν
1595 1817 1685 1849 ἐκτὸς.
1703 1817 1738 1843 τὰ
1753 1817 1804 1852 μὲν
1828 1817 1889 1851 κτή-

1100 1874 1174 1901 ματα
1194 1865 1303 1900 ἀφῆκαν
1326 1864 1374 1891 καὶ
1402 1863 1612 1900 παραπώλεσαν,
1636 1864 1671 1890 τὰ
1695 1863 1725 1890 δὲ
1749 1863 1825 1899 πάθη
1841 1863 1890 1889 τῶν

1098 1911 1191 1947 ψυχῶν
1206 1910 1282 1947 οἶμαι
1303 1911 1343 1938 ὅτι
1365 1911 1412 1937 καὶ
1441 1910 1668 1946 προσεπέτειναν.
1695 1909 1740 1936 Ἑν
1755 1910 1890 1945 ὑπεροψία

1099 1955 1154 1991 γὰρ
1168 1955 1292 1989 ἐγένοντο
1306 1955 1354 1981 καὶ
1372 1953 1517 1990 ἀλαζονείᾳ
1535 1955 1582 1981 καὶ
1595 1953 1735 1989 κενοδοξία
1749 1954 1798 1981 καὶ
1815 1963 1889 1990 περι-

1099 2002 1228 2038 φρονήσει
1243 2001 1295 2028 τῶν
1310 2001 1396 2028 ἄλλων
1411 2000 1573 2036 ἀνθρώπων,
1604 2000 1642 2032 ὠς
1669 2000 1749 2027 αὐτοί
1773 2009 1800 2027 τι
1826 2000 1890 2035 ὑπὲρ

1099 2048 1241 2083 ἄνθρωπον
1255 2047 1442 2083 ἐργαζόμενοι.
1470 2047 1532 2080 Πῶς
1551 2047 1583 2073 ἂν
1598 2045 1645 2074 οὖν
1659 2047 1674 2073 ὸ
1692 2047 1791 2082 Σωτὴρ
1808 2047 1889 2082 παρῄ-

1099 2103 1139 2120 νει
1155 2095 1211 2126 τοῖς
1227 2094 1270 2120 ἀεὶ
1290 2093 1465 2129 βιωσομένοις
1481 2094 1515 2121 τὰ
1532 2093 1666 2129 βλάψοντα
1694 2094 1744 2119 καὶ
1760 2092 1892 2128 λυμανού-

1101 2147 1168 2175 μενα
1184 2139 1253 2175 πρὸς
1268 2140 1316 2175 τὴν
1330 2139 1402 2174 ζωὴν
1420 2140 1454 2175 ἢν
1475 2139 1692 2174 ἐπαγγέλλεται;
1719 2140 1776 2166 Καὶ
1792 2138 1890 2177 γὰρυᾶν

1099 2189 1208 2215 κάκεῖνό
1224 2189 1292 2221 ἐστι,
1310 2188 1421 2215 δύναταί
1435 2197 1476 2220 τις
1491 2187 1748 2223 άωφορτισάμενος
1763 2186 1813 2221 τὴν
1829 2185 1891 2218 κτῆ-

253 2240 335 2267 quam
358 2236 452 2259 sancte
468 2230 630 2266 pollicetur?
644 2229 711 2256 Nam
733 2230 785 2257 etsi
801 2230 867 2257 illud
889 2230 1047 2265 contigerit,

1103 2243 1155 2268 σιν,
1175 2235 1251 2261 οὐδὲν
1271 2233 1352 2271 ἦττον
1373 2234 1414 2261 ἔτι
1439 2235 1487 2270 τὴν
1503 2234 1650 2269 ἐπιθυμίαν
1673 2234 1721 2260 καὶ
1738 2233 1790 2267 τὴν
1805 2231 1891 2267 ὄρεξιν

254 2283 344 2314 potest
359 2279 432 2314 quis,
448 2278 573 2313 deposito
589 2277 748 2304 facultatum
765 2277 1047 2308 onere,nibilominus

255 2325 345 2352 adhuc
361 2325 540 2360 pecuniarum
553 2324 730 2359 cupiditatem
746 2331 777 2350 ac
792 2323 865 2350 sitim
882 2323 974 2350 animo
986 2324 1046 2350 ino-

256 2371 332 2398 litam
352 2371 543 2406 vigentemque
559 2371 660 2398 habere
674 2380 680 2398 :
698 2378 730 2397 ac
754 2377 834 2398 usum
847 2369 956 2404 quidem
972 2369 1047 2404 abje-

256 2419 338 2450 cisse,
357 2417 503 2452 indigentia
531 2421 623 2444 tamen
643 2417 781 2452 simulque
798 2415 935 2443 desiderio
949 2416 1047 2451 dilapi-

255 2464 327 2491 datae
345 2465 383 2491 rei
401 2463 553 2494 familiaris,
566 2463 712 2498 dupliciter
725 2463 827 2494 dolere,
845 2467 901 2490 tum
917 2463 1046 2490 nimirum

256 2510 330 2545 quod
354 2509 443 2537 desint
459 2510 615 2537 necessaria
632 2510 754 2540 servitia,
776 2514 832 2536 tum
852 2509 927 2546 quod
941 2516 974 2536 ea
999 2510 1047 2536 abv

254 2558 356 2592 jecisse
373 2557 514 2592 pmniteat.
536 2555 607 2582 Fieri
623 2556 694 2583 enim
713 2563 767 2582 non
787 2558 888 2590 potest,
905 2562 955 2582 nec
966 2563 1048 2583 secus

258 2609 378 2637 unquam
399 2600 438 2630 ﬁt.
464 2605 493 2626 ut
517 2602 562 2628 cui
588 2600 678 2627 desint
703 2601 858 2628 necessaria
879 2600 979 2635 quibus
1006 2601 1047 2627 vi—

1099 2281 1152 2307 τῶν
1167 2281 1314 2316 χρημάτων
1333 2281 1405 2316 ἔχειν
1429 2282 1603 2316 ὲντετηκυῐαν
1621 2281 1668 2307 καὶ
1693 2279 1830 2311 συζῶσαν·
1849 2278 1891 2304 καὶ

1099 2326 1148 2362 τὴν
1163 2327 1212 2362 μὲν
1229 2327 1329 2362 κρῆσιν
1345 2327 1572 2362 ἀποϐεϐληκέναι,
1592 2325 1702 2361 ἀπορῶν
1722 2325 1752 2352 δὲ
1775 2325 1834 2359 ἅμα
1850 2324 1892 2350 χιι

1101 2372 1190 2399 ποθῶν
1207 2372 1279 2408 άπερ
1292 2372 1443 2407 ἐσπάθησε,
1458 2371 1536 2407 διπλῆ
1553 2370 1709 2401 λυπεῖσθαι,
1733 2371 1783 2396 καὶ
1801 2371 1835 2404 τῆ
1848 2369 1892 2402 τῖς

1101 2419 1254 2455 ὑπηρεσίας
1269 2418 1387 2454 ἀπουσίᾳ
1403 2418 1450 2444 καὶ
1464 2419 1496 2452 τῇ
1509 2417 1560 2452 τῆς
1579 2417 1725 2452 μετανοίας
1745 2416 1890 2452 παρουσίᾳ.

1107 2465 1262 2499 ’Λνέφικτον
1279 2464 1333 2500 γὰρ
1358 2465 1406 2491 καὶ
1424 2464 1575 2499 ἀμήχανον,
1599 2462 1726 2497 δεόμενον
1754 2462 1809 2488 τῶν
1827 2461 1891 2496 πρὸς

1100 2512 1129 2538 τὸ
1143 2511 1275 2547 βιοτεύειν
1286 2511 1441 2545 ἀναγκαίων
1459 2510 1496 2546 μὴ
1516 2509 1705 2536 κατακλᾶσθαι
1718 2509 1770 2544 τὴν
1781 2507 1890 2542 γνώμην

1100 2558 1148 2584 καὶ
1163 2556 1291 2593 ἀσχολίαν
1301 2557 1378 2591 ἄγειν
1387 2556 1441 2582 ἀπὸ
1455 2556 1508 2582 τῶν
1525 2554 1699 2591 κρειττόνων,
1710 2553 1838 2580 ὁπωσοῦν
1848 2551 1891 2578 καὶ

1100 2603 1208 2629 ὁθενοῦν
1225 2602 1309 2629 ταῦτα
1327 2600 1495 2637 πειρώμενον
1510 2599 1674 2635 ἐκπορίζειν.

257 2653 314 2676 tam
331 2653 474 2680 sustentet,
487 2656 541 2675 non
559 2648 651 2675 animo
663 2649 750 2683 frangi
763 2653 845 2684 atque
870 2656 884 2676 a
904 2649 1057 2683 potioribus
1077 2651 1223 2678 sollicitata
1249 2655 1339 2678 mente
1368 2653 1508 2681 avocetur,
1523 2648 1589 2676 dum
1616 2648 1715 2683 quovis
1741 2647 1823 2675 modo
1847 2648 1889 2671 aut

259 2697 375 2724 undevis
388 2697 446 2723 haec
467 2703 562 2731 parare
575 2700 701 2722 conatur.

298 2741 366 2769 Xlll.
382 2742 416 2768 At
429 2745 532 2776 quanto
549 2742 636 2767 satius
667 2741 833 2775 oppositum,
862 2745 891 2768 ut
907 2749 954 2776 per
981 2749 1048 2776 opes

259 2789 411 2818 mediocres
425 2793 451 2816 ct
468 2789 525 2823 ipse
541 2787 610 2814 mala
626 2796 679 2814 non
695 2787 801 2821 toleret,
813 2791 839 2815 et
855 2788 955 2823 quibus
967 2796 1049 2826 opor-

301 2871 330 2900 ἄ(
351 2867 381 2896 Ρ.
400 2868 452 2896 952
474 2867 526 2895 lil).
543 2865 690 2894 ΡΟἸἼἙΠ.

1139 2743 1186 2769 ll".
1207 2743 1262 2770 Καὶ
1277 2742 1352 2777 πόσῳ
1378 2740 1584 2777 χρησιμώτερον
1609 2740 1638 2766 τὸ
1655 2741 1786 2771 ἐναντίον,
1813 2739 1888 2766 ἱκανὰ

1103 2789 1271 2825 κεκτημένον
1287 2788 1369 2815 αὐτόν
1396 2796 1425 2814 τε
1441 2787 1505 2823 περὶ
1531 2786 1580 2823 τὴν
1597 2786 1694 2822 κτῆσιν
1714 2786 1752 2822 μὴ
1767 2795 1888 2814 κακοπα-
