1934 3075
233 155 286 183 Rl9
811 156 1004 184 CLEMENTIS
1023 157 1254 185 ALEXANDRI'NI
1298 159 1299 162 “
1797 158 1848 186 8‘20

231 214 361 241 nimirum
380 213 470 241 bonus
486 213 548 248 quis
562 221 594 241 ac
620 213 721 249 probus
746 213 868 246 effectus,
890 214 932 241 his
947 222 1007 249 quo-

1065 216 1164 250 τρόπον
1176 214 1326 246 ἐκδεκτέον,
1341 214 1378 246 ὼς
1396 214 1442 241 ἐπὶ
1461 214 1515 241 τῶν
1532 214 1653 250 ψυχικῶν
1668 214 1763 241 παθῶν
1777 217 1849 251 εἰρη-

230 267 284 294 que
302 259 404 287 divitiis
417 267 449 286 ac
464 260 585 294 pecuniis
596 259 679 294 probe
690 267 777 294 exque
790 260 894 287 honesti
906 260 1011 288 ratione
1066 262 1155 297 μένων
1171 262 1237 297 (25).

231 305 270 333 uti
284 305 380 341 possit.
397 303 474 337 Quod
498 304 580 339 igitur
602 304 709 331 cunctis
731 304 829 339 opibus
855 304 1167 340 reuuntiare'jubcmur,
1198 311 1225 334 et
1240 310 1270 333 ut
1295 315 1355 342 qua:
1388 308 1415 335 in
1431 315 1516 335 censu
1538 310 1614 338 sunt,
1635 305 1729 333 omnia
1755 305 1849 332 venda-

231 359 310 385 mus;
327 351 355 379 in
376 351 448 378 hunc
469 350 578 377 modum
599 349 804 384 intelligendum
829 353 881 383 est,
916 353 946 376 ut
979 349 1013 378 de
1044 350 1187 379 affectibus
1209 351 1292 379 animi
1316 360 1348 380 ac
1365 351 1614 388 perturbationibus
1644 351 1750 378 dictum
1777 350 1849 378 acci-

229 397 329 432 piatur.

263 444 345 479 339
369 441 428 470 XV.
452 442 508 477 Ego
542 445 615 468 certe
638 441 707 468 illud
735 441 816 468 etiam
848 441 1010 468 addiderim.

228 488 455 524 Quandoquidem
471 488 523 514 alia
538 487 646 522 quidem
660 491 737 514 extra
761 487 890 518 animum,
905 487 957 513 alia
969 486 1012 513 in-

228 541 273 565 tus
295 537 376 571 inque
402 535 492 562 anima
517 538 598 566 sunt;
628 541 661 560 ac
682 532 816 567 siquidem
850 533 940 559 anima
957 532 1011 560 illis

225 582 296 611 bene
310 583 478 616 honesteque
495 584 597 612 utatur,
613 580 658 606 illa
671 587 779 614 quoque
800 579 871 606 bona
882 579 1011 606 honesta—

226 636 279 663 que
297 627 438 659 videntur;
457 626 499 654 sin
515 629 604 652 autem
619 625 699 657 male,
715 625 803 658 mala;
819 633 894 656 num,
906 632 1008 659 quaeso,

225 673 273 708 qui
302 671 446 699 facultates
468 671 624 698 abalienare
636 669 723 704 jubet,
752 669 803 696 has
827 669 914 704 magis
928 676 1010 703 repu-

225 720 293 751 diat,
308 718 408 753 quibus
423 717 539 744 sublatis
551 716 640 743 adhuc
655 715 720 742 vitia
738 719 848 742 manent
859 722 890 741 ac
902 720 1010 749 pertur-

225 765 371 798 bationes;
387 771 422 791 an
447 770 513 790 vero
541 762 614 792 illas,
642 761 742 796 quibus
768 761 916 796 peremptis
944 761 1011 796 ipsa:

225 820 333 847 quoque
348 811 428 838 utiles
444 809 546 837 divitia)
577 809 659 835 fiant?
674 807 814 842 Siquidem
841 808 922 841 igitur
936 808 1010 842 abje-

225 859 277 886 ctis
288 858 351 893 quis
362 856 502 885 saacularis
517 855 604 883 fastus
631 854 744 885 divitiis,
770 854 898 880 vitiorum
922 854 1010 882 adhuc

1101 441 1151 467 IE'.
1173 440 1244 475 Ἐγὼ
1259 440 1323 475 γοῦν
1337 441 1447 468 κάκεῖνο
1476 440 1589 476 φήσαιμ’
1615 440 1657 467 ἄν.
1693 440 1803 478 Ἐπειδὴ
1817 441 1850 469 τὰ

1066 486 1115 521 μὲν
1129 485 1204 517 ἐντός
1219 486 1276 512 ἐστι
1290 486 1341 520 τῆς
1361 486 1460 521 ψυχῆς,
1483 486 1518 512 τά
1533 486 1561 512 δὲ
1578 485 1666 517 ἐκτός·
1693 487 1746 512 κᾶν
1770 487 1819 522 μὲν
1833 488 1849 524 ἠ

1063 531 1135 567 ψυχὴ
1152 532 1248 567 χρῆται
1277 532 1376 564 καλῶς,
1392 532 1461 559 καλά
1476 532 1522 559 καὶ¹
1539 531 1626 559 ταῦτα
1641 532 1733 559 δοκεῖ·
1762 533 1810 559 ἐὰν
1823 533 1850 560 δε

1063 578 1197 614 πονηρῶς,
1214 579 1327 614 πονηρά·
1346 580 1360 605 ὁ
1374 579 1491 605 κελεύων
1510 578 1704 614 ἀπαλλοτριοῦν
1720 578 1755 605 τά
1765 579 1850 614 ὑπάρ-

1062 633 1150 660 χοντα,
1157 625 1269 660 πότερον
1283 625 1370 652 ταῦτα
1385 626 1567 660 παραιτεῖται,
1591 622 1629 651 ὧν
1652 625 1849 660 ἀναιρεθέντων

1064 671 1103 698 ἔτι
1116 671 1150 698 τὰ
1166 671 1239 707 πάθη
1258 672 1342 707 μένει·
1370 672 1386 708 ἢ
1405 673 1495 698 ἐκεῖνα
1511 671 1620 707 μᾶλλον,
1642 668 1681 698 ὧν
1696 672 1850 707 ἀναιρεθέν-

1061 726 1115 744 των
1132 718 1221 744 καὶτὰ
1241 719 1366 754 κτήματα
1381 719 1504 754 χρήσιμα
1532 718 1654 752 γίνεται;
1677 719 1709 744 Εἰ
1732 718 1849 745 τοίνυνό

1062 764 1204 790 ἀποϐαλὼν
1233 765 1283 799 τὴν
1314 764 1447 800 κοσμικὴν
1483 764 1641 800 περιουσίαν
1669 764 1709 791 ἔτι
1740 764 1849 791 δύναται

1062 810 1185 837 πλουτεῖν
1199 811 1252 837 τῶν
1268 811 1371 842 παθῶν,
1386 811 1432 837 καὶ
1444 811 1494 846 τῆς
1508 810 1573 846 ὕλης
1591 811 1626 846 μὴ
1640 810 1784 846 παρούσης
1814 810 1848 845 (ἡ

1061 857 1115 892 γάρ
1130 865 1170 882 τοι
1185 856 1304 888 διάθεσις
1318 856 1348 882 τὸ
1364 857 1450 892 αὐτῆς
1463 857 1569 892 ἐνεργεῖ
1585 857 1631 883 καὶ
1657 856 1702 883 τὸν
1720 856 1849 891 λογισμὸν

226 912 257 932 ac
278 903 423 930 alfectuum
439 905 529 936 segete
546 900 622 927 dives
633 907 695 926 esse
710 903 810 934 potest,
834 899 940 926 tametsi
955 903 1007 926 ler-

1061 902 1150 938 ἅγχει,
1164 903 1211 929 καὶ
1235 902 1321 934 πιέζει
1346 903 1393 929 καὶ
1419 902 1578 938 φλεγμαίνει
1597 903 1657 934 ταῖς
1686 902 1850 938 συντρόφοις

225 958 292 977 rena
318 949 471 977 substantia
494 948 519 974 ei
539 953 593 974 non
619 946 737 981 suppetit
762 944 907 979 (cupiditas
936 945 1008 972 enim

225 996 299 1033 quod
313 1004 391 1024 suum
407 999 450 1022 est
460 995 525 1029 agit,
542 993 717 1027 animumque
727 993 800 1019 velut
814 991 944 1026 praefocat
961 998 1009 1017 au-

225 1044 319 1078 gitque
342 1045 369 1068 et
388 1040 496 1076 premit,
517 1039 688 1072 alumnisque
704 1045 736 1064 ac
751 1036 851 1063 iuolitis
866 1035 1010 1064 desideriis

226 1087 372 1120 accendit),
391 1085 458 1112 nihil
473 1085 551 1119 plane
562 1083 585 1111 ei
600 1083 711 1118 profuit,
738 1081 809 1116 quod
825 1089 926 1116 egenus
939 1081 1009 1108 divi-

225 1135 272 1163 tiis
285 1134 374 1162 factus
388 1135 440 1163 est,
456 1130 502 1165 qui
518 1130 593 1157 vitiis
609 1135 635 1156 et
647 1128 788 1156 affectibus
803 1127 878 1156 dives
894 1128 939 1155 sit.
949 1127 1009 1154 Non

225 1182 297 1209 enim
316 1188 347 1208 ea
363 1178 463 1213 abjecit
491 1185 552 1212 qua:
579 1175 732 1211 abjicienda
757 1180 853 1208 erant;
878 1173 926 1202 sed
949 1182 1010 1209 quae

225 1226 373 1262 promiscui
386 1232 468 1252 usus:
494 1230 526 1250 ac
546 1222 599 1250 sibi
621 1222 730 1257 quidem
746 1221 856 1249 servitia
884 1220 1007 1252 abstulit,

225 1275 346 1300 innatam
362 1278 425 1298 vero
447 1269 569 1297 libidinis
580 1268 693 1302 vitiique
715 1266 857 1294 materiam
878 1265 1008 1293 exteriori

224 1318 337 1354 penuria
350 1316 501 1345 succendit.
514 1314 734 1342 Renuntiandum
749 1320 814 1348 ergo
831 1312 1008 1339 facultatibus

223 1374 283 1401 quae
295 1364 383 1392 noxia:
400 1363 466 1396 sint,
481 1369 537 1389 non
559 1361 593 1389 iis
615 1361 698 1388 rebus
712 1368 772 1395 qua:
788 1359 811 1387 si
824 1359 886 1394 quis
903 1362 1007 1386 rectum

223 1419 303 1440 usum
315 1410 470 1440 attenderit.
483 1409 638 1436 conducere
658 1407 739 1434 etiam
763 1406 880 1441 possint.
897 1405 1008 1433 Condu-

223 1462 288 1486 cunt
298 1465 363 1486 vero
393 1463 454 1492 qua:
481 1453 626 1490 prudentia
643 1453 742 1480 comite
763 1456 790 1479 et
814 1452 961 1479 sobrietate
975 1458 1008 1477 ac

223 1505 322 1540 pietate
350 1503 555 1538 dispensantur.
579 1499 664 1527 Porro
688 1506 720 1526 ea
745 1498 930 1526 submovenda
948 1505 1008 1533 quae

223 1550 321 1578 noxia:
338 1555 398 1584 qua:
411 1552 501 1574 autem
527 1545 593 1573 foris
619 1548 693 1576 sunt,
710 1552 741 1571 ea
754 1544 821 1571 nihil
835 1544 927 1570 damni
944 1544 1006 1572 aﬂ‘e—

1061 947 1239 983 ὲπιθυμίαις)·
1257 947 1331 975 οὐδὲν
1346 946 1392 975 οὗν
1405 947 1542 984 προῦργου
1555 948 1666 982 γέγονεν
1683 948 1757 983 αὑτῷ
1775 956 1847 974 πτω-

1060 993 1149 1029 χεύειν
1163 994 1321 1029 χρημάτων,
1339 994 1496 1021 πλουτοῦντι
1511 994 1565 1020 τῶν
1576 993 1679 1022 παθῶν.
1697 994 1735 1021 Οὺ
1749 993 1805 1030 γὰρ
1813 994 1848 1020 τὰ

1059 1039 1200 1075 ἀπόϐλητα
1216 1040 1360 1073 ἀπέϐαλεν,
1381 1040 1449 1067 ἀλλὰ
1465 1040 1499 1067 τὰ
1515 1040 1657 1075 ἀδιάφορα·
1672 1040 1719 1067 καὶ
1730 1039 1785 1066 τῶν
1799 1039 1847 1075 μὲν

1060 1085 1233 1121 ὑπηρετικῶν
1261 1086 1354 1113 ἑαυτὸν
1385 1086 1556 1122 περιέκοψεν,
1587 1086 1718 1118 ἐξέκαυσε
1742 1085 1771 1111 δὲ
1798 1086 1846 1120 τὴν

1060 1131 1125 1166 ὕλην
1139 1132 1188 1167 τῆς
1202 1132 1300 1164 κακίας
1317 1132 1365 1168 τὴν
1391 1132 1508 1167 ἔμφυτον
1521 1134 1553 1168 τῇ
1570 1132 1623 1159 τῶν
1638 1132 1717 1163 ἐκτὸς
1733 1131 1845 1167 ἀπορίᾳ.

1066 1178 1244 1205 Ἀποτακτέον
1272 1176 1319 1205 οὖν
1344 1180 1400 1211 τοῖς
1429 1179 1580 1214 ὑπάρχουσι
1607 1180 1663 1210 τοῖς
1688 1177 1845 1213 βλαϐεροῖς,

1059 1224 1118 1260 οὐχὶ
1133 1226 1197 1256 τοῖς,
1212 1224 1259 1251 ἐὰν
1275 1225 1419 1260 ἑπιστῆταί
1444 1234 1486 1256 τις
1501 1226 1551 1260 τὴν
1565 1224 1647 1260 ὀρθὴν
1675 1225 1785 1260 χρῆσιν,
1801 1224 1846 1250 καὶ

1060 1271 1222 1304 συνωφελεῖν
1244 1270 1412 1306 δυναμένοις.
1436 1271 1539 1305 Ὠφελεί
1551 1270 1578 1297 δὲ
1593 1270 1627 1297 τὰ
1645 1270 1714 1306 μετά
1744 1271 1844 1306 φρονή-

1060 1325 1128 1348 σεως
1144 1317 1190 1343 καὶ
1205 1317 1380 1352 σωφροσύνης
1405 1317 1451 1343 καὶ
1469 1317 1608 1348 εὐσεϐείας
1621 1316 1840 1351 οἰκονομούμενσ,

1065 1363 1205 1389 Ἀπωστέα
1220 1362 1249 1388 δὲ
1259 1364 1305 1389 καὶ
1320 1362 1398 1398 ὲπιζή
1405 1371 1461 1397 μια·
1476 1362 1512 1389 τὰ
1524 1362 1553 1389 δὲ
1578 1361 1656 1394 ἐκτὸς
1671 1363 1702 1389 οὐ
1719 1362 1843 1397 βλάπτει.

1059 1408 1151 1440 Οὕτως
1167 1407 1213 1435 οὖν
1228 1408 1242 1434 ό
1253 1408 1354 1444 Κύριος
1370 1410 1417 1435 καὶ
1437 1409 1486 1443 τὴν
1500 1409 1553 1435 τῶν
1568 1408 1646 1439 em;
1658 1408 1755 1444 χρείαν
1771 1407 1845 1435 εέσά-

1057 1462 1111 1488 γει,
1128 1454 1245 1480 κελεύων
1261 1454 1409 1481 ἀποθέσθαι
1424 1455 1454 1481 οὐ
1471 1455 1504 1481 τὰ
1518 1454 1641 1490 βιωτικὰ,
1656 1454 1725 1481 ἀλλὰ
1738 1454 1774 1480 τὰ
1782 1454 1843 1480 τοὺ-

1057 1507 1113 1530 τοις
1129 1498 1220 1530 κακῶς
1237 1499 1374 1535 χρώμενα-
1396 1499 1482 1527 ταῦτα
1496 1499 1518 1526 δ’
1533 1497 1567 1534 ἦν
1580 1499 1614 1526 τὰ
1628 1500 1678 1535 τῆς
1693 1499 1783 1535 ψυχῆς
1795 1499 1843 1535 dp-

1058 1545 1147 1580 ρωστή
1153 1554 1224 1580 ματα
1234 1546 1281 1572 καὶ
1291 1545 1325 1572 τὰ
1334 1546 1418 1582 πάθη.

222 1601 296 1626 runt.
327 1597 373 1624 Sic
388 1596 471 1632 igitur
505 1593 638 1621 Dominus
664 1593 746 1620 etiam
774 1593 939 1620 exteriorum
960 1600 1040 1619 usum
1061 1593 1202 1626 insinuat,
1230 1594 1330 1629 jubens
1356 1602 1457 1629 ponere
1483 1603 1538 1622 non
1567 1602 1618 1628 ea,
1649 1594 1753 1629 quibus
1789 1593 1844 1621 vita

222 1647 414 1676 sustentatur;
429 1644 459 1673 »ῃ
477 1640 525 1668 sed
542 1647 602 1675 quae
621 1639 675 1667 illis
698 1639 768 1666 male
787 1642 908 1671 utantur,
924 1638 1098 1673 aegritudines
1113 1639 1196 1666 animi
1213 1640 1333 1675 vitiaque
1346 1649 1393 1668 seu
1409 1640 1531 1668 aﬂ‘ectus.

257 1691 327 1720 XV‘L
343 1691 447 1718 Horum
462 1689 541 1724 copia
557 1689 616 1724 ipsa
630 1687 739 1723 quidem
762 1690 919 1722 suppetens,
937 1694 1006 1713 cun-

1093 1687 1151 1722 1C7.
1175 1688 1203 1715 '0
1216 1688 1317 1715 τούτων
1332 1689 1455 1721 πλοῦτος,
1472 1688 1565 1724 παρὼν
1583 1688 1642 1724 μὲν,
1660 1687 1748 1714 ἅπασι
1763 1687 1844 1715 θανα-

223 1740 276 1768 ctis
287 1739 427 1767 mortifera
452 1741 513 1768 est;
538 1741 566 1763 et
585 1736 606 1763 si
623 1738 726 1771 pereat,
747 1733 844 1761 salutis
860 1740 943 1761 causa
954 1737 1005 1761 est.

222 1786 263 1813 Ab
275 1793 308 1814 ea
322 1784 461 1815 mundam,
477 1783 530 1810 hoc
548 1787 600 1814 est,
616 1788 761 1816 pauperem
781 1779 935 1814 nudamque
946 1779 1007 1805 aui-

222 1839 294 1859 mam
306 1834 435 1866 praestare
451 1829 539 1860 decet,
552 1827 646 1862 sicque
659 1826 714 1861 jam
729 1825 897 1853 Salvatorem
913 1824 1007 1853 audire

222 1879 376 1905 dicentem:
396 1885 405 1902 ‹
424 1875 504 1907 Veni,
521 1881 635 1909 sequere
650 1880 693 1900 me
718 1878 758 1899 ι.»
780 1871 830 1898 Via
852 1871 923 1899 enim
948 1873 1007 1906 ipse

221 1929 287 1952 tunc
307 1923 346 1955 ﬁt,
365 1923 474 1950 habenti
489 1928 537 1948 cor
556 1927 675 1955 purum:
697 1919 725 1946 in
751 1919 886 1953 impuram
915 1921 1006 1944 autem

220 1971 350 2001 animam,
369 1969 416 1996 Dei
432 1968 519 2004 gratia
541 1973 597 1994 non
610 1965 694 1993 subit.
721 1964 827 1999 [mpura
857 1967 948 1991 autem
965 1966 1006 1990 est

220 2024 280 2052 quae
292 2015 435 2043 desideriis
450 2015 538 2045 dives,
566 2012 714 2046 multisque
742 2011 892 2041 amoribus,
919 2010 1007 2045 iisque

220 2060 466 2093 sxuularibusJeta
478 2063 520 2087 est
537 2063 619 2094 atque
637 2057 767 2094 parturit.
790 2056 857 2083 Nam
881 2057 927 2091 qui
944 2063 1007 2090 pos-

220 2108 390 2137 sessionibus
402 2106 533 2142 locuples,
546 2112 698 2139 aurumque
718 2108 745 2131 et
766 2107 908 2139 argentum
920 2106 946 2130 et
961 2101 1008 2128 do-

219 2162 277 2183 mos
295 2158 422 2189 tanquam
437 2152 484 2179 Dei
498 2152 570 2178 dona
597 2150 689 2180 habet,
706 2149 814 2184 Deoque
836 2148 957 2183 largitori
977 2148 1004 2174 iu

219 2200 359 2228 hominum
372 2199 486 2227 salutem
501 2205 534 2224 ex
549 2197 589 2224 eis
605 2196 780 2230 obsequitur;
808 2195 937 2229 novitque
951 2193 1007 2221 fra-

218 2251 291 2274 trum
307 2245 398 2281 potius
408 2251 502 2274 causa,
526 2249 607 2277 quam
630 2242 658 2268 in
683 2241 726 2269 sui
745 2241 859 2276 gratiam
876 2241 932 2267 haec
948 2248 963 2267 a
976 2247 1006 2267 se

219 2291 370 2327 possideri;
387 2290 533 2323 animoque
549 2295 630 2321 quam
648 2294 697 2322 pro
711 2287 818 2313 illorum
831 2286 1005 2320 possessione

218 2336 401 2372 praestantior,
419 2342 474 2362 non
494 2338 524 2360 ut
542 2340 639 2360 servus
652 2333 750 2367 hisque
765 2332 948 2366 mancipatus,
972 2339 1005 2359 ea

218 2383 340 2418 possidet
351 2391 358 2415 ;

219 2436 296 2456 suam
311 2427 405 2455 deﬁnit
418 2433 448 2452 ac
458 2425 667 2456 circumscribit,
681 2426 726 2452 sed
740 2429 767 2451 ct
783 2424 888 2451 honesti
900 2424 1003 2458 aliquid

218 2473 310 2510 operis
324 2477 404 2507 atque
414 2470 500 2497 divini
520 2470 546 2497 in
562 2470 663 2498 laboris
680 2473 784 2505 partem
800 2477 908 2503 semper
924 2477 1003 2496 assu-

218 2520 279 2552 mit,
296 2519 357 2546 etsi
375 2517 482 2552 quando
508 2524 619 2544 necesse
646 2516 728 2543 fuerit
748 2516 802 2543 illis
819 2516 931 2549 privari,
945 2515 1003 2549 pla-

219 2565 281 2593 cido
293 2565 384 2591 animo
396 2564 508 2598 parique
526 2563 662 2589 hilaritate
675 2569 770 2589 eorum
785 2561 921 2595 jacturam
934 2561 1003 2587 ferre

218 2615 309 2647 potest
325 2618 356 2638 ac
370 2610 579 2637 abundantiam:
598 2609 642 2635 hic
655 2608 699 2635 ille
725 2612 766 2635 est
780 2607 826 2641 qui
850 2614 864 2633 a
889 2605 1003 2633 Domino

218 2657 314 2685 beatus
332 2655 506 2691 praedicatur,
518 2658 543 2681 et
561 2661 664 2689 pauper
675 2651 772 2687 spiritu
788 2654 903 2678 vocatur
918 2651 942 2682 ιτ,
956 2657 1004 2677 ex-

219 2703 326 2738 peditus
338 2703 424 2729 haeres
442 2700 518 2734 regni
537 2699 681 2729 cmlorum,
706 2705 760 2724 non
784 2697 830 2731 qui
845 2696 1002 2724 divitiarum

219 2750 362 2786 impatiens
377 2756 471 2776 earum
487 2747 562 2774 cultu
579 2747 668 2772 vivere
683 2752 734 2770 non
752 2747 850 2778 potest.

1057 1735 1184 1770 τηφόρος,
1208 1734 1392 1771 ἀπολλύμενος
1417 1735 1456 1767 δὲ,
1475 1735 1617 1770 σωτήριος’
1646 1730 1677 1760 οὗ
1703 1734 1744 1760 δεῖ
1758 1734 1844 1761 καθα-

1059 1780 1199 1816 ρεύουσαν,
1228 1781 1349 1808 τουτέστι
1378 1782 1571 1817 πτωχεύουσαν
1597 1781 1644 1807 καὶ
1673 1780 1778 1816 γυμνὴν
1795 1781 1846 1816 τὴν

1056 1826 1143 1862 ψυχὴν
1161 1827 1375 1863 παρασχόμενον,
1395 1828 1481 1859 οὕτως
1497 1828 1546 1863 ἤδη
1559 1827 1606 1853 τοῦ
1622 1827 1750 1863 Σωτῆρος
1763 1826 1845 1853 ἀκοῦ-

1057 1881 1102 1900 σαι
1131 1873 1264 1907 λέγοντος·
1296 1883 1304 1899 ι
1319 1873 1413 1909 Δεῦρο,
1431 1873 1570 1900 ἀκολούθει
1598 1881 1668 1908 μοι.»
1693 1873 1768 1904 Ὁδὸς
1791 1872 1845 1908 γὰρ

1056 1919 1137 1950 αὐτὸς
1150 1919 1199 1954 ἤδη
1223 1919 1262 1954 τῷ
1279 1919 1391 1955 καθαρῷ
1419 1919 1468 1955 τὴν
1493 1919 1605 1954 καρδίαν
1620 1918 1737 1953 γίνεται·
1764 1917 1846 1949 εξςδὲ

1056 1967 1210 2002 ἀκάθαρτον
1224 1967 1311 2002 ψυχὴν
1326 1966 1393 1992 Θεοῦ
1406 1965 1484 2001 χάρις
1500 1966 1530 1991 οὐ
1541 1965 1743 2000 παρεισδύεται.
1765 1964 1845 1991 Ἀκά-

1057 2012 1156 2048 Θαρτος
1169 2013 1197 2039 δὲ
1211 2013 1228 2048 ἡ
1239 2013 1389 2039 πλουτοῦσα
1400 2011 1454 2040 τῶν
1470 2012 1631 2048 ἐπιθυμιῶν,
1649 2013 1696 2039 καὶ
1712 2012 1846 2040 ὠδίνουσα

1057 2058 1162 2090 πολλοῖς
1179 2058 1259 2094 ἔρωσι
1280 2059 1325 2085 καὶ
1342 2060 1491 2094 κοσμικοϊς.
1515 2059 1543 2085 '0
1563 2058 1612 2094 μὲν
1625 2058 1680 2093 γὰρ
1696 2058 1767 2092 ἔχων
1783 2058 1847 2092 κτή-

1058 2113 1130 2140 ματα
1151 2106 1198 2131 καὶ
1213 2104 1313 2140 χρυσὸν
1328 2104 1375 2131 καὶ
1393 2105 1526 2140 ἄργυρον,
1554 2104 1600 2131 καὶ
1613 2104 1702 2135 οἰκίας
1718 2104 1757 2134 ὡς
1775 2102 1845 2129 Θεοῦ

1055 2151 1168 2186 δωρεάς·
1185 2151 1232 2177 καὶ
1247 2151 1285 2186 τῷ
1310 2160 1340 2178 τε
1355 2150 1450 2177 διδόντι
1471 2151 1530 2186 Θεῷ
1545 2151 1710 2186 λειτουργῶν
1731 2151 1779 2176 ἀπ’
1797 2150 1846 2176 αὑ-

1055 2196 1109 2222 τῶν
1122 2197 1162 2228 εἰς
1180 2196 1330 2232 ἀνθρώπων
1348 2197 1493 2232 σωτηρίαν
1524 2197 1571 2222 καὶ
1591 2195 1679 2227 εἰδὼς,
1699 2196 1741 2222 ὅτι
1757 2195 1845 2222 ταῦτα

1056 2243 1186 2278 κέκτηται
1203 2243 1246 2269 διὰ
1262 2243 1325 2275 τοὺς
1355 2243 1484 2278 ἀδελφοὺς
1504 2242 1633 2278 μᾶλλον-ἢ
1661 2242 1768 2268 ἑαυτόνσ
1797 2242 1846 2269 καὶ

1056 2289 1187 2324 κρείττων
1202 2289 1331 2324 ὑπάρχων
1357 2290 1406 2325 τῆς
1421 2288 1542 2324 κτήσεως
1556 2287 1655 2320 αὐτῶν,
1689 2287 1725 2323 μὴ
1751 2287 1846 2319 δοῦλος

1057 2332 1094 2361 ὧν
1111 2335 1253 2369 κέκτηται,
1277 2335 1345 2370 μηδὲ
1370 2335 1400 2361 ὲν
1418 2336 1449 2370 τῇ
1466 2335 1537 2369 ψυχῇ
1562 2333 1648 2361 ταῦτα
1673 2333 1845 2369 περιφέρων,

399 2388 487 2415 neque
503 2379 594 2405 animo
607 2378 776 2410 circumfert,
798 2386 849 2405 nec
861 2379 901 2406 eis
920 2379 1003 2405 vitam

1060 2381 1125 2416 μηδὲ
1142 2382 1171 2407 ὲν
1188 2381 1292 2412 τούτοις
1306 2380 1403 2417 ὁρίζων
1424 2383 1470 2408 καὶ
1485 2381 1661 2416 περιγράφων
1677 2379 1728 2414 τὴν
1745 2377 1846 2406 ἑαυτοῦ

1057 2426 1138 2462 ζωὴν,
1161 2427 1228 2453 ἀλλά
1243 2435 1269 2453 τι
1287 2427 1334 2453 καὶ
1351 2427 1432 2453 καλὸν
1459 2427 1537 2462 ἔργον
1565 2427 1613 2453 καὶ
1637 2426 1709 2452 θεῖον
1730 2426 1774 2452 ἀεὶ
1787 2425 1846 2451 δια-

1057 2474 1155 2499 πονῶν·
1173 2473 1224 2500 xiv
1239 2473 1458 2510 ἀποστερηθῆναι
1481 2473 1528 2509 δέῃ
1545 2473 1609 2499 ποτὲ
1627 2471 1742 2503 τούτων,
1764 2471 1846 2498 δυνά-

1058 2529 1136 2556 μενος
1152 2521 1214 2556 ἵλεῳ
1224 2522 1256 2556 τῇ
1273 2520 1379 2556 γνώμῃ,
1390 2520 1436 2546 καὶ
1444 2518 1601 2554 ἀπαλλαγὴν
1618 2518 1708 2545 αὐτῶν
1722 2518 1847 2552 ἐνεγκεῖν

1057 2566 1086 2599 ἐξ
1102 2567 1170 2598 ἴσου,
1195 2567 1321 2601 καθάπερ
1337 2566 1384 2593 καὶ
1400 2566 1448 2601 τὴν
1474 2564 1641 2600 περιουσίαν
1669 2561 1747 2595 οὗτος
1763 2565 1777 2590 ὁ
1793 2571 1847 2599 μα-

1056 2613 1233 2649 καριζόμενος
1249 2613 1302 2639 ὑπὸ
1325 2613 1372 2638 τοῦ
1389 2612 1503 2646 Κυρίου,
1518 2611 1565 2637 καὶ
1583 2610 1690 2645 πτωχὸς
1708 2609 1748 2645 τῷ
1763 2608 1847 2640 πνεύη

1057 2669 1120 2696 ματι
1138 2660 1312 2695 καλούμενος,
1325 2659 1490 2695 κληρονόμος
1505 2658 1613 2692 ἕτοιμος
1633 2655 1749 2693 οὐρανοῦ
1766 2655 1846 2692 βασι-

1056 2707 1138 2740 λείας,
1154 2707 1184 2735 οὺ
1201 2706 1325 2738 πλούσιος
1342 2706 1422 2741 ζῆσαι
1439 2704 1476 2740 μὴ
1490 2704 1646 2740 δυνάμενος.

255 2812 285 2842 s14
307 2809 338 2837 P.
358 2808 412 2836 95t
429 2807 484 2833 eo.
504 2803 654 2831 POTTER.
675 2809 688 2823 ιι
710 2803 791 2830 Marc.
813 2811 838 2835 χ,
854 2803 899 2830 21.
938 2803 951 2822 ι»
971 2802 1007 2830 ιιι

1060 2802 1154 2835 .ν,5.

255 2888 310 2919 (25)
327 2884 505 2919 Εἶρημὲικω·¹
531 2882 626 2908 Scribe
643 2881 794 2917 εἰρημένον.
