1934 3075
85 160 129 188 621

116 219 159 246 lZ’.
182 219 208 245 '0
226 218 253 245 δὲ
280 219 309 245 ἑν
324 217 439 254 τῇψυχῇ
464 218 510 245 τὸν
539 218 652 246 πλοῦτον
680 220 780 255 φέρων,
806 220 854 246 καὶ
870 223 889 249 Α

83 265 136 292 ἀντὶ
147 264 210 292 Θεοῦ
223 264 378 300 Πνεύματος
388 265 417 291 ἐν
440 266 472 300 τῇ
490 265 587 300 καρδίᾳ
613 265 711 301 χρυσὸν
727 266 816 301 φέρων
835 266 851 301 ἢ

83 311 167 347 ἀγρὸν,
183 311 228 337 καὶ
238 311 286 347 τὴν
307 311 402 345 κτῆσιν
420 312 538 347 ἄμετρον
557 312 600 338 ἀεὶ
619 312 713 344 ποιῶν,
727 313 774 339 καὶ
788 313 853 340 ἑκά-

84 366 151 384 στοτε
167 357 196 384 τδ
209 357 298 384 πλεῖον
313 357 429 392 βλέπων,
440 358 515 384 κάτω
530 357 663 390 νενευκὼς
678 359 724 385 καὶ
738 360 794 391 τοῖς
805 359 852 386 τοῦ

83 405 173 439 κόσμου
188 403 331 440 θηράτροις
357 404 553 439 πεπεδημένος,
578 405 614 439 γῆ
635 404 673 431 ὢν
686 405 732 431 καὶ
747 406 788 436 εἰς
801 405 853 440 γῆν

81 449 292 484 ὰπελευσύμενος,
326 449 407 476 πόθεν
435 450 544 477 δύναται
573 450 711 485 βασιλείας
730 451 853 486 οὐρανῶν

81 495 236 530 ἐπιθυμῆσαι
263 495 311 521 καὶ
339 495 489 530 φροντίσαι,
507 495 649 530 ἄνθρωπος
673 496 703 522 οὐ
729 495 851 531 καρδίαν,

81 540 141 567 ἀλλὰ
155 541 236 576 ἀγρὸν
262 540 278 575 ἢ
304 541 434 576 μέταλλον
451 540 552 576 φορῶν,
574 542 603 567 ἐν
621 541 725 573 τούτοις
739 541 853 577 εὑρεθη-

80 583 183 618 σόμενος
197 583 351 619 ἐπάναγκες
368 586 396 611 ὲν
415 582 455 617 οἷς
466 585 553 611 εἵλετο
567 593 574 618 ;
594 586 680 611 Ὅπου
696 586 750 621 γὰρ
764 587 778 612 ὁ
791 586 852 618 νοῦς

80 629 120 655 τοῦ
137 629 285 666 ἀνθρώπου,
312 631 369 656 ὲ.κεί
389 632 435 657 καὶ
450 631 464 657 6
484 630 619 666 θησαυρὸς
633 631 727 658 αὐτοῦ.
746 631 852 668 Θησαυ-

81 676 136 710 pob;
151 675 179 711 δή
196 684 225 709 γε
237 676 252 702 6
266 676 367 711 Κύριος
395 674 448 703 οἶδε
464 676 577 708 διττούς·
602 676 648 703 τδν
674 678 723 713 μὲν
741 678 850 712 ἀγαθὸν,

85 721 110 748 '0
125 721 174 758 γὰρ
191 731 200 746 ‹
211 721 312 756 ἀγαθὸς
329 722 470 758 ἄνθρωπος
486 723 516 749 ἐκ
529 723 575 749 τοῦ
591 723 693 757 ἀγαθοῦ
716 723 850 758 θησαυροῦ

59 779 61 782 ⁴
78 768 122 803 τῆς
134 768 243 804 καρδίας
257 769 386 804 προφέρει
402 769 432 795 τὸ
459 769 586 803 ἀγαθόν-ι
610 769 656 796 τὸν
672 769 699 796 δὲ
724 770 849 805 πονηρὸν,

83 814 108 840 '0
125 813 175 850 γὰρ
190 824 199 839 ‹
216 814 300 846 κακὸς
314 815 345 841 ὲκ
356 814 402 841 τοῦ
415 815 500 842 κακοῦ
514 814 651 850 θησαυροῦ
677 816 809 852 προφέρει
821 815 851 842 τὸ

78 860 161 887 κακόν·
176 861 216 887 ὅτι
235 862 270 887 ὲκ
292 860 338 887 τοῦ
362 861 580 898 περισσεύματος
606 862 655 897 τῆς
682 862 796 898 καρδίας
820 863 851 888 τὸ

79 906 156 941 στόμα
171 907 272 933 λαλεῖ.)
302 908 405 943 ’Ὠσπερ
428 906 474 934 οὖν
499 907 635 942 θησαυρὸς
650 908 699 943 οὐχ
724 905 765 940 εἷς
787 908 851 943 παρ’
869 901 888 928 Β

78 951 155 987 αὐτῷ,
184 952 252 979 καθὸ
281 953 327 979 καὶ
352 953 415 988 παρ’
434 954 514 988 ἡμῖν,
542 955 556 980 ὁ
577 954 606 980 τὸ
621 953 751 988 αίφνίδιον
781 954 851 989 μέγα

79 997 162 1032 κέρδος
171 998 198 1023 ἐν
212 998 319 1033 εὑρέσει
333 997 430 1030 διδούς·
449 998 517 1024 ἀλλὰ
534 999 580 1025 καὶ
600 998 723 1034 δεύτερος
738 1000 753 1026 ὁ
769 999 853 1034 ἀκερ-

78 1041 118 1077 δὴς
131 1043 175 1069 καὶ
189 1042 288 1078 ἄζηλος
301 1043 347 1070 καὶ
361 1043 509 1079 δύσκτητος
526 1044 573 1071 καὶ
598 1044 677 1079 ἐπιζή
683 1053 752 1079 μιθς⁸
781 1045 851 1071 οὕτω

79 1088 119 1114 καὶ
129 1088 238 1120 πλοῦτος
255 1089 269 1115 6
296 1089 346 1124 μέν
363 1098 404 1121 τις
428 1089 548 1124 ἀγαθῶν,
576 1091 590 1117 6
610 1090 638 1117 δὲ
661 1090 762 1118 κακῶν
779 1091 806 1117 εἴ
819 1099 851 1124 γε

76 1134 115 1160 τὸν
125 1133 233 1161 πλοῦτον
262 1135 309 1161 καὶ
333 1135 380 1162 τὸν
401 1135 536 1171 θησαυρὸν
566 1136 615 1162 οὐκ
641 1136 851 1171 ἀπηρτημένως

79 1179 146 1213 ἴσμεν
159 1179 281 1215 ἀλλήλων
296 1181 330 1215 τῇ
343 1179 432 1214 φύσει.
450 1180 505 1207 Καὶ
515 1182 528 1207 ὁ
541 1180 590 1216 μέν
606 1189 647 1213 τις
664 1180 777 1212 πλοῦτος
787 1190 852 1217 κτη-

77 1223 115 1255 τλπις
129 1224 159 1251 ἂν
178 1224 219 1260 είη
242 1225 292 1251 καὶ
318 1226 490 1262 περίὸλητος,
510 1227 525 1252 6
550 1226 578 1252 δὲ
591 1227 707 1261 ἄκτητος
723 1227 769 1253 καὶ
783 1227 851 1253 ἀπό-

77 1269 172 1305 ϐλητος.
190 1271 243 1298 Τδν
261 1271 341 1298 αὑτὸν
357 1272 384 1298 δὲ
397 1272 497 1308 τρόπον
507 1273 552 1299 καί
563 1272 683 1307 πτωχεία
698 1272 851 1308 μακαριστὴ

78 1316 119 1350 μὲν
132 1318 147 1352 ἡ
162 1318 344 1352 πνευματική·
366 1317 406 1344 διὸ
426 1319 473 1344 καὶ⁴
487 1317 653 1353 προσέθηκεν
667 1319 681 1344 ὁ
695 1317 848 1350 Ματθαϊος’

78 1372 85 1386 ι
99 1364 225 1399 Μακάριοι
241 1364 267 1390 el
283 1364 412 1398 πτωχοί.»
429 1363 504 1396 Πῶς;
529 1374 538 1389 ι
553 1363 598 1399 Τῷ
614 1363 773 1398 πνεύματι.»
795 1363 851 1390 Καὶ

76 1408 156 1446 πᾲλιψ
187 1419 196 1435 ‹
210 1409 350 1445 Μακάριοι
366 1411 390 1436 οἱ
406 1410 552 1441 πεινῶντες
572 1410 619 1437 καὶ
648 1409 778 1445 διψῶντες
800 1409 850 1445 τὴν

74 1455 235 1491 δικαιοσύνην
255 1455 301 1482 τοῦ
330 1455 424 1482 Θεοῦ.)
447 1456 550 1482 Οὐκοῦν
579 1456 663 1483 ἄθλιοι
686 1457 710 1483 οἱ
735 1456 851 1483 ἐναντίοι

74 1503 177 1537 πτωχοὶ,
193 1502 262 1529 Θεοῦ
285 1502 335 1537 μὲν
350 1503 468 1539 ἄμοιροι,
497 1503 670 1539 ἀμοιρότεροι
693 1502 720 1530 δὲ
735 1502 785 1537 τῆς
802 1502 850 1529 ἀν-

74 1547 201 1584 θρωπίνης
219 1551 353 1586 κτήσεως,
365 1550 491 1584 ἄγευστοι
506 1550 534 1576 δὲ
545 1548 714 1585 δικαιοσύνης
736 1548 814 1575 Θεοῦ.

623 159 723 187 LIBER
743 159 823 194 QUIS
843 160 943 188 DIVES
964 161 1156 189 SALVETUR.

1634 168 1688 196 622

938 219 1019 247 XVII.
1037 220 1071 247 At
1085 220 1132 255 qui
1147 219 1199 248 fert
1213 227 1279 255 opes
1295 220 1323 248 in
1337 221 1438 255 animo,
1450 227 1478 249 et
1492 222 1552 251 loco
1568 221 1688 259 Spiritus

904 265 952 294 Dei
968 267 1020 294 fert
1033 274 1129 294 aurum
1158 267 1186 294 in
1200 266 1282 294 corde
1305 267 1363 295 sive
1385 275 1491 303 agrum,
1509 271 1638 306 nulloque
1653 272 1689 299 iis

904 312 1025 339 adhibito
1044 312 1124 340 modo
1138 312 1238 347 praedia
1260 316 1286 340 et
1304 315 1491 348 possessiones
1516 323 1623 352 semper
1638 324 1688 345 au-

903 363 957 392 get.
969 366 1000 385 ac
1014 359 1135 394 quotidie
1150 359 1202 385 alia
1215 359 1347 394 pluraque
1361 361 1452 388 animo
1469 363 1581 397 cogitat,
1590 364 1617 390 in
1632 367 1688 392 ter-

903 413 961 432 ram
977 413 1079 440 pronus
1094 413 1275 440 cernuusque,
1299 414 1330 433 ac
1355 408 1449 434 mundi
1475 408 1579 443 laqueis
1596 410 1687 438 irreti-

904 456 957 483 tus,
971 452 1016 486 qui
1030 454 1102 478 terra
1114 452 1150 478 sit
1171 456 1198 479 et
1215 452 1242 479 in
1262 456 1362 480 terram
1378 461 1539 483 reversurus
1553 456 1598 489 sit,
1614 456 1687 484 unde

904 497 927 525 is
946 497 1023 533 regni
1037 498 1168 524 caelorum
1181 498 1317 526 desiderio
1332 500 1496 527 accendatur
1509 507 1541 527 ac
1551 501 1611 536 ejus
1618 509 1685 530 cura

903 543 971 570 afﬁci
984 543 1086 578 possit;
1102 543 1181 570 homo
1195 544 1310 576 scilicet,
1327 545 1373 580 qui
1391 554 1444 573 non
1459 554 1517 578 cor,
1530 547 1578 574 sed
1590 555 1686 583 agrum

903 594 949 616 aut
959 589 1097 616 metallum
1113 593 1198 623 gerat,
1215 597 1295 624 quem
1317 590 1396 624 plane
1424 599 1535 620 necesse
1548 592 1583 620 sit
1596 593 1623 620 in
1650 594 1686 621 iis

902 634 1078 669 deprehendi,
1100 641 1217 669 quorum
1245 642 1337 663 amore
1361 640 1458 671 captus
1486 638 1686 667 exsistit?Uhi

901 681 972 708 enim
988 686 1029 708 est
1043 688 1121 709 mens
1133 680 1266 714 hominis,
1290 683 1327 710 ibi
1342 685 1369 710 et
1383 683 1528 711 thesaurus
1556 686 1616 719 ejus
1631 689 1683 713 est.

903 726 1038 761 Duplicem
1054 726 1298 762 porrothesaurum
1313 729 1387 757 novit
1402 728 1531 757 Dominus
1547 739 1554 756 :
1569 729 1686 757 alterum

902 772 1001 799 bonum
1014 781 1022 805 ;
1040 782 1049 797 ε
1064 772 1153 801 bonus
1165 773 1237 801 enim
1253 773 1334 801 homo
1349 773 1383 801 de
1397 775 1468 801 bono
1477 774 1607 802 thesauro
1621 782 1686 803 cor-

901 817 943 844 dis
954 817 995 844 sui
1014 817 1119 852 profert
1131 818 1251 852 bonum;
1270 827 1280 844 ›
1309 818 1425 846 alterum
1440 820 1555 852 malum,
1571 829 1581 846 ‹
1596 821 1685 848 malus

901 863 973 889 enim
988 862 1022 890 de
1034 863 1105 889 malo
1119 863 1246 891 thesauro
1276 863 1380 898 profert
1407 864 1528 898 malum;
1549 873 1583 893 ex
1602 866 1688 894 abun-

902 908 995 935 dantia
1013 908 1085 935 enim
1100 909 1191 936 cordis
1204 917 1235 937 os
1253 910 1375 945 loquitur
1391 917 1432 938 ι.»
1454 910 1685 943 Quemadmodum

903 953 986 988 igitur
1000 953 1144 981 thesaurus
1159 962 1215 981 non
1237 963 1308 982 unus
1329 955 1400 989 apud
1425 963 1498 987 eum,
1519 957 1590 984 velut
1605 958 1685 985 etiam

902 1007 932 1027 se
951 1007 995 1027 res
1021 1000 1049 1026 in
1073 1000 1152 1027 nobis
1176 1000 1268 1033 habet,
1283 1009 1337 1035 quo
1358 1002 1462 1029 scilicet
1486 1002 1628 1037 inopinato
1643 1003 1687 1030 in-

901 1049 992 1076 vento,
1006 1045 1102 1080 ingens
1117 1046 1223 1072 lucrum
1244 1046 1391 1074 otientleuti
1420 1051 1578 1082 praestatur;
1595 1049 1641 1076 sed
1658 1053 1687 1076 et

901 1090 971 1117 alius
986 1093 1027 1116 est
1037 1090 1138 1117 nullius
1153 1089 1250 1124 frugis,
1265 1091 1389 1125 nihilque
1405 1092 1584 1126 expetendus,
1596 1091 1687 1119 infau-

902 1138 950 1162 sta:
961 1134 1143 1169 possessionis
1158 1138 1239 1168 atque
1253 1134 1418 1163 damnosus:
1450 1136 1489 1163 sic
1505 1140 1568 1164 sunt
1579 1145 1687 1172 quoque

901 1181 1045 1212 bonorum,
1059 1180 1148 1215 deque
1174 1180 1306 1207 malorum
1330 1189 1439 1215 genere,
1466 1181 1582 1215 divitia;
1599 1183 1687 1218 siqui—

901 1227 961 1255 dem
981 1226 1092 1254 divitias
1104 1229 1131 1253 e‘t
1143 1226 1301 1253 thesaurum
1319 1226 1390 1253 haud
1406 1227 1476 1253 inter
1490 1235 1519 1254 se
1533 1231 1631 1255 natura
1644 1228 1687 1256 di-

901 1271 963 1299 rimi
979 1272 1090 1299 scimus.
1106 1270 1146 1298 Ac
1160 1271 1268 1306 quidem
1285 1275 1363 1298 erant
1385 1271 1487 1298 divitiae
1505 1273 1601 1300 merito
1623 1281 1686 1308 pos-

902 1318 1020 1346 sidenda:
1034 1325 1066 1345 ac
1082 1316 1276 1352 amplexandae,
1289 1317 1406 1352 itemque
1421 1325 1455 1345 ne
1471 1318 1559 1353 dignae
1576 1319 1686 1354 quidem

901 1372 962 1399 quae
984 1364 1176 1399 possideantur
1204 1370 1236 1390 ac
1260 1363 1430 1398 respuendae.
1450 1363 1490 1390 Ad
1514 1367 1543 1395 »Β
1561 1365 1686 1393 eumdem

901 1410 1012 1437 modum
1040 1409 1122 1436 etiam
1147 1412 1293 1444 paupertas
1313 1409 1444 1443 spiritalis
1468 1411 1578 1444 quidem
1609 1411 1686 1440 beata

902 1454 1090 1490 praedicanda;
1118 1454 1190 1481 unde
1217 1457 1244 1480 et
1273 1453 1373 1488 adjecit
1393 1454 1558 1482 Matthmus:
1587 1455 1685 1484 «Beati

902 1508 1036 1535 pauperes
1052 1499 1094 1525 δ.»
1111 1498 1171 1532 Quo
1193 1499 1221 1526 id
1245 1499 1342 1526 modo?
1368 1499 1500 1526 Nimirum
1531 1510 1540 1525 ‹
1554 1508 1687 1538 pauperes

903 1546 1027 1581 spiritu.»
1044 1545 1082 1572 Ac
1096 1552 1212 1573 rursus:
1230 1553 1239 1570 ι
1259 1544 1333 1572 Beati
1353 1546 1398 1580 qui
1413 1546 1538 1573 esuriunt
1551 1551 1578 1573 et
1590 1547 1687 1574 sitiunt

71 1594 195 1628 justitiam
223 1596 274 1624 Dei
289 1602 328 1624 ο.»
359 1596 443 1632 Igitur
461 1597 554 1624 miseri
566 1604 698 1631 pauperes
717 1596 859 1623 contrariae
873 1594 983 1627 indolis,
999 1593 1046 1629 qui
1074 1592 1122 1621 Dei
1133 1596 1257 1628 expertes
1281 1593 1420 1629 magisque
1439 1598 1565 1629 expertes
1589 1594 1687 1622 huma-

73 1649 160 1669 narum
184 1643 355 1675 facultatum.
376 1644 423 1672 Dei
438 1644 572 1679 justitiam
595 1652 629 1672 ne
652 1644 762 1679 quidem
775 1643 944 1671 delibarunt.

103 1691 151 1718 Iﬂ'.
170 1692 251 1719 Ὢστε
267 1693 329 1724 τοὺς
341 1693 483 1725 πλουσίους
500 1692 696 1728 μαθηματικῶς
705 1692 760 1728 (26)
770 1693 846 1719 ἀκου-
859 1695 880 1723 C

74 1735 151 1768 στέθν,
166 1737 228 1768 τοὺς
245 1737 379 1769 δυσκόλως
394 1737 629 1772 είσελευσομένους
650 1738 689 1768 εἱς
710 1737 758 1771 τὴν
774 1736 849 1772 βασι-

73 1779 149 1814 λείαν,
165 1782 200 1818 μὴ
217 1783 320 1814 σκαιῶς
332 1783 398 1818 μηδὲ
412 1784 548 1819 ἀγροίκως
574 1782 641 1819 μηδὲ
657 1782 803 1817 σαρκικῶς.
817 1782 849 1808 Εἰ

73 1827 121 1862 γὰρ
136 1828 205 1855 οὕτω
215 1829 352 1861 λέλεκται,
372 1829 431 1856 οὐδὲ
446 1830 492 1856 ἐπὶ
510 1831 566 1862 τοῖς
593 1829 670 1861 ἐκτὸς
686 1830 702 1864 ἡ
719 1828 848 1864 σωτηρία,

72 1871 127 1899 οὔτε
141 1875 164 1900 ει
179 1874 266 1901 πολλὰ
278 1874 339 1901 οὔτε
361 1876 386 1902 εί
405 1875 483 1910 ὀλίγα
504 1875 599 1909 ταῦτα,
630 1875 646 1910 ἥ
665 1874 751 1910 μικρὰ
766 1875 782 1910 ἢ
800 1883 849 1909 με-

73 1918 144 1951 γάλα,
160 1920 176 1955 ἢ
192 1920 286 1953 ἔνδοξα
300 1921 316 1956 ἢ
329 1920 419 1954 ἄδοξα,
438 1921 455 1958 ἢ
472 1921 629 1957 εὐδόκιμαῆ
651 1921 776 1956 ἀδόκιμα·
793 1920 849 1947 ἀλλ’

74 1964 115 1990 ἐπὶ
122 1966 151 2000 τῇ
159 1966 207 2001 τῆς
216 1966 308 2002 ψυχῆς
316 1967 410 2002 ἀρετῇ,
420 1967 520 1999 πίστει,
529 1967 576 1994 καὶ
587 1966 683 1998 ἐλπίδι,
690 1967 737 1993 καὶ
744 1965 848 2001 ἀγάπῃ,

75 2010 116 2036 καὶ
129 2011 298 2047 φιλαδελφίᾳ,
307 2014 354 2039 καὶ
373 2012 483 2047 γνώσει,
500 2013 546 2040 καὶ
561 2012 703 2048 πραότητι,
724 2011 771 2039 καὶ
783 2013 849 2038 ἀτυ-

74 2055 126 2091 φίᾳ,
142 2058 189 2083 καὶ
201 2058 327 2094 ἀληθείᾳ,
343 2054 380 2084 ὧν
395 2056 474 2085 ἆθλον
488 2059 505 2094 ὴ
516 2057 645 2094 σωτηρία.
662 2057 728 2084 Οὐδὲ
741 2056 794 2092 γὰρ
807 2056 850 2084 διὰ

73 2101 160 2134 κάλλος
175 2102 301 2138 σώματος
315 2102 425 2138 ζήσεται
441 2103 520 2138 τις,ἥ
535 2102 688 2129 τούναντίον
698 2101 848 2128 ἀπολεῖται·

74 2146 123 2172 ἀλλ’
137 2149 149 2174 6
161 2148 210 2183 μὲν
226 2148 267 2183 τῷ
281 2148 382 2175 δοθέντι
399 2148 514 2183 σώματι,
530 2148 619 2182 ἁγνῶς
638 2149 684 2175 καὶ
698 2147 768 2174 κατὰ
784 2147 849 2174 Θεὸν

73 2189 214 2224 χρώμενος,
242 2189 362 2226 ζήσεται·
388 2193 402 2218 ὁ
426 2192 455 2219 δὲ
482 2192 600 2228 φθείρων
625 2192 671 2218 τὸν
692 2192 755 2219 ναὸν
783 2192 850 2219 Θεοῦ

73 2235 243 2272 φθαρήσεται.
257 2237 372 2264 Δύναται
381 2236 409 2264 δέ
424 2246 465 2269 τις
481 2238 527 2264 καὶ
541 2237 653 2272 αἰσχρὸς
668 2237 848 2272 ἀσελγαίνειν,

72 2281 114 2307 καὶ
125 2282 203 2314 καλὸς
219 2284 376 2320 σωφρονεῖν.
397 2283 463 2310 Οὐδὲ
488 2283 564 2318 ἰσχὺς
588 2284 635 2310 καὶ
663 2283 785 2319 σώματος
801 2284 849 2319 μέ-

72 2327 144 2359 γεθος
153 2329 289 2361 ζωοποιεῖ,
305 2329 364 2356 οὐδὲ
377 2330 432 2356 τῶν
451 2329 538 2365 μελῶν
552 2329 625 2356 οὐδὲν
639 2330 777 2357 ἀπολλύει·
793 2330 849 2356 ἀλλ’

71 2372 200 2407 ήτούτοις
227 2375 300 2410 ψυχὴ
326 2376 453 2412 χρωμένη
478 2376 527 2412 τὴν
541 2376 629 2402 αἰτίαν
656 2376 698 2410 ἐφ’
715 2376 847 2412 ἑκατέραν
865 2367 887 2395 D

72 2420 223 2455 παρέχεται.
244 2422 378 2457 ’Υπόφερε
391 2421 466 2456 γοῦν,
478 2422 554 2457 φησὶ,
564 2422 708 2457 παιόμενος
722 2422 753 2448 τὸ
765 2423 848 2458 πρόσ-

71 2473 147 2492 ωπον·
171 2468 240 2503 ὅπερ
253 2468 362 2495 δύναται
376 2469 423 2495 καὶ
438 2468 547 2504 ἰσχυρός
560 2477 602 2500 τις
614 2468 652 2495 ὢν
666 2469 712 2495 καὶ
728 2468 847 2495 εὐεκτῶν

71 2511 226 2545 ἐπακοῦσαι,
253 2514 299 2540 καὶ
323 2513 403 2540 πάλιν
422 2513 564 2545 ἁσθενικός
593 2522 634 2545 τις
660 2513 697 2540 ὣν
725 2514 846 2551 ἀκρασίᾳ

70 2557 176 2593 γνώμης
195 2559 360 2595 παραϐῆναι.
389 2559 466 2586 Οὕτω
483 2561 530 2587 καὶ
559 2559 660 2595 ἄπορός
679 2569 721 2592 τις
742 2558 775 2587 αὗ
801 2561 849 2587 καὶ

70 2603 141 2635 ἇὸιος
153 2605 276 2641 εὑρεθείη
295 2607 353 2632 ποτ’
371 2606 403 2633 ἃν
420 2605 526 2642 μεθύων
537 2607 598 2638 ταῖς
613 2606 781 2641 ἐπιθυμίαις,
801 2606 848 2632 καὶ

70 2650 186 2685 χρήμασι
209 2650 344 2684 πλούσιος,
372 2653 464 2687 νήφων
492 2652 540 2678 καὶ
567 2651 714 2687 πτωχεύων
736 2651 847 2687 ἡδονῶν,

70 2696 256 2732 πεπεισμένος,
283 2698 402 2730 συνετὸς,
430 2697 558 2734 καθαρὸς,
585 2697 792 2733 κεκολασμένος.
816 2698 848 2724 El

103 2775 131 2803 Et
152 2773 182 2801 P.
205 2774 256 2802 955
274 2774 328 2802 ΕΙ).
347 2774 494 2803 POTTER.
535 2782 549 2795 ι
567 2774 661 2802 Matth.
682 2782 720 2806 vt,
736 2774 786 2807 21;
800 2781 854 2806 xu,
869 2774 913 2808 55,
926 2775 970 2802 54.

103 2812 116 2826 ⁸
135 2809 231 2838 Matth.
243 2818 269 2842 ν,
286 2810 338 2843 59;
352 2810 418 2839 Luc.
436 2820 474 2842 νι.
491 2810 541 2843 29;
557 2809 579 2837 II
593 2809 657 2837 Cor.
673 2818 713 2842 ιι,
725 2809 772 2837 20.

931 1689 1013 1726 340
1026 1688 1119 1717 XVIII.
1141 1688 1242 1718 Divites
1266 1697 1331 1725 ergo
1351 1689 1398 1724 qui
1413 1689 1521 1717 difﬁcile
1543 1689 1686 1717 intrabunt

900 1737 928 1764 in
952 1744 1065 1771 regnum
1089 1736 1221 1763 caelorum
1246 1735 1374 1762 subtilius
1395 1742 1427 1762 ac
1450 1735 1556 1763 erudite
1586 1736 1688 1763 intelli-

899 1783 994 1819 gendi,
1011 1790 1065 1809 non
1077 1789 1161 1816 pravo
1176 1789 1258 1809 sensu
1275 1781 1460 1816 rusticiusque
1475 1789 1506 1809 ac
1522 1781 1626 1809 carnali
1643 1781 1687 1808 in-

899 1830 1019 1857 tellectu.
1039 1827 1098 1855 Non
1117 1828 1189 1855 enim
1206 1828 1244 1854 ita
1258 1827 1360 1854 dictum
1373 1831 1434 1859 est,
1449 1835 1500 1855 nec.
1518 1828 1546 1855 in
1565 1828 1605 1855 eis
1624 1836 1686 1863 qua:

900 1873 968 1902 foris
991 1877 1055 1901 sunt
1072 1873 1147 1901 salus
1172 1873 1261 1908 posita
1288 1877 1346 1905 est,
1373 1872 1431 1900 sive
1449 1873 1496 1899 illa
1522 1874 1606 1900 multa
1629 1873 1688 1901 sive

899 1928 986 1956 pauca
1001 1920 1065 1954 sint,
1079 1919 1136 1947 sive
1151 1926 1232 1954 parva
1248 1920 1304 1946 sive
1317 1926 1425 1954 magna,
1446 1919 1504 1946 sive
1519 1919 1598 1946 laude
1612 1920 1687 1947 clara

900 1967 957 1995 sive
981 1966 1114 1998 obscura,
1139 1965 1196 1993 sive
1217 1965 1330 1999 probata
1347 1965 1403 1991 sive
1426 1964 1560 1999 reproba;
1583 1965 1631 1992 sed
1658 1965 1686 1992 in

901 2013 982 2041 animi
1005 2013 1123 2044 virtute,
1156 2011 1225 2044 fide,
1254 2018 1302 2045 spe
1329 2014 1356 2038 et
1387 2010 1535 2042 charitate,
1565 2010 1686 2038 fraterno

900 2066 1007 2090 amore,
1023 2062 1050 2086 et
1065 2058 1178 2085 scientia
1189 2077 1196 2088 ,
1214 2060 1241 2085 et
1256 2056 1481 2089 mansuetudine,
1498 2060 1526 2084 et
1540 2056 1684 2090 modestia,

900 2108 927 2132 et
951 2105 1082 2136 veritate,
1109 2110 1225 2138 quorum
1248 2101 1389 2137 praemium
1415 2102 1490 2130 salus
1515 2105 1567 2130 est.
1592 2101 1686 2137 Neque

899 2150 972 2178 enim
988 2150 1058 2176 vivet
1068 2148 1203 2184 quispiam
1226 2148 1297 2183 quod
1314 2147 1429 2183 pulchro
1444 2148 1480 2175 sit
1495 2155 1621 2182 corpore,
1637 2151 1685 2174 aut

900 2199 1007 2227 contra,
1029 2194 1144 2230 peribit;
1161 2193 1208 2221 sed
1222 2193 1270 2228 qui
1295 2196 1369 2220 caste
1383 2201 1469 2228 exque
1483 2193 1583 2220 divinis
1598 2193 1685 2219 ratio-

900 2241 982 2268 nibus
1006 2240 1092 2268 utitur
1107 2247 1240 2267 concesso
1264 2246 1388 2274 corpore,
1414 2239 1438 2266 is
1454 2239 1542 2271 vivet;
1558 2239 1605 2274 qui
1620 2245 1685 2265 vero

900 2286 948 2314 Dei
966 2287 1096 2321 templum
1113 2285 1274 2320 corrumpit,
1291 2283 1604 2325 disperdeturd.‘Potest
1620 2291 1686 2311 vero

901 2333 963 2367 quis
977 2333 1057 2360 etiam
1072 2332 1204 2360 deformis
1216 2331 1356 2366 indulgere
1370 2330 1494 2362 libidini,
1507 2333 1534 2357 et
1555 2330 1601 2365 qui
1623 2330 1684 2365 pul-

900 2378 964 2405 cher
979 2378 1030 2411 sit,
1046 2379 1156 2406 studere
1170 2378 1299 2406 castitati.
1324 2377 1418 2411 Neque
1436 2377 1519 2404 robur
1543 2376 1685 2411 molesque

901 2431 932 2451 ac
944 2423 1093 2458 proceritas
1104 2423 1228 2458 corporis
1239 2423 1322 2449 vitam
1333 2422 1459 2453 atterunt.
1471 2429 1522 2449 nec
1534 2421 1684 2449 membrum

901 2469 1010 2504 aliquod
1025 2469 1072 2496 dat
1090 2469 1257 2504 perniciem;
1283 2467 1330 2495 sed
1353 2475 1464 2495 causam
1489 2467 1517 2494 in
1538 2471 1684 2502 utrumque

898 2514 1015 2548 praebet,
1030 2521 1090 2548 qua:
1105 2513 1148 2540 his
1165 2513 1254 2540 anima
1272 2513 1368 2540 utitur.
1387 2512 1497 2540 Sustine
1509 2531 1516 2544 ,
1540 2512 1645 2547 inquit,
1659 2512 1684 2540 si

898 2560 960 2594 quis
978 2564 1005 2586 te
1016 2559 1045 2586 in
1063 2558 1159 2587 faciem
1184 2559 1263 2586 caedit
1280 2564 1308 2591 e;
1331 2559 1376 2586 cui
1392 2562 1418 2585 et
1433 2558 1563 2586 robustus
1576 2562 1603 2585 et
1616 2565 1682 2593 pro-

899 2613 977 2641 spera
988 2609 1068 2633 utens
1082 2605 1238 2632 valetudine
1259 2604 1390 2631 obaudire
1409 2607 1511 2638 potest;
1536 2609 1563 2631 et
1586 2606 1682 2630 contra

899 2652 961 2687 quis
982 2652 1119 2683 inlirmus,
1140 2651 1238 2679 mentis
1254 2650 1404 2686 petulantia
1422 2649 1482 2684 ejus
1495 2653 1683 2685 transgressor

899 2705 969 2725 esse.
989 2696 1036 2723 Sic
1051 2700 1079 2724 et
1100 2704 1197 2724 rursus
1212 2704 1314 2732 egenus
1329 2695 1440 2731 quidam
1455 2698 1482 2722 et
1497 2694 1586 2729 inops,
1605 2692 1683 2728 cupi-

1018 2773 1134 2802 bMatth.
1149 2782 1176 2807 ν,
1192 2774 1219 2802 5.
1258 2779 1269 2794 ο
1290 2773 1356 2801 Ibid.
1369 2773 1396 2801 6.
1443 2771 1457 2792 ἀ
1476 2770 1487 2798 I
1500 2770 1563 2799 Cor.
1578 2777 1622 2803 In,
1637 2768 1681 2798 17.

102 2884 156 2924 (26)
187 2888 406 2924 Μαθηματικῶς.
440 2887 522 2916 Forte
555 2886 755 2923 πνευματικῶς,
788 2889 835 2913 aut
855 2883 1154 2921 μεμελημένως.ἳειι..
