1934 3075
237 143 291 172 (‘23
819 142 1013 171 CLEMENTIS
1034 143 1270 172 ALEXANDRINI
1811 148 1859 175 624

236 205 369 233 ditatibus
391 205 484 233 ebrius
496 205 648 236 exstiterit,
671 205 771 240 quique
791 205 894 233 divitiis
912 205 999 232 afﬂuat

1095 207 1165 233 οινυν
1194 205 1250 233 ἐστὶ
1272 206 1302 233 τὸ
1323 206 1471 242 ζησόμενον
1503 206 1618 242 μάλιστα
1644 208 1692 234 καὶ
1718 208 1858 244 πρῶτονὴ

237 253 348 281 sobrius
360 256 389 280 et
402 260 504 287 egenus
523 252 691 286 voluptatum
710 261 716 278 :
733 259 830 286 nempe
854 253 1000 287 obsequem

1094 252 1160 287 ιυχὴ,
1175 252 1222 278 καὶ
1237 252 1301 287 περὶ
1325 251 1426 287 ταύτην
1443 251 1526 287 ἀρετὴ
1543 252 1592 287 μὲν
1617 253 1742 288 φυομένη
1769 253 1857 285 σώζει,

238 299 340 332 animo,
354 297 477 329 sedulus,
492 297 620 324 cordatus
631 316 638 327 .
658 296 776 324 mundus
787 317 794 328 ,
811 297 971 332 castigatus.
993 298 1001 324 ε

1095 298 1158 324 ακία
1173 297 1200 323 δὲ
1231 297 1347 324 θανατοῖ·
1372 297 1450 332 δῆλον
1476 297 1525 333 ἤδη
1543 298 1644 332 σαφῶς,
1667 298 1709 324 ὅτι
1732 298 1800 334 αι’νιὴ
1814 307 1858 326 xor,

238 345 321 380 igitur
337 343 408 380 quod
423 343 592 379 potissimum
607 343 780 378 primumque
795 343 877 370 vitam
890 348 932 371 est
946 343 999 370 hab

1094 343 1250 378 τωχεύουσα
1263 340 1300 370 ὧν
1315 343 1347 370 ἂν
1361 350 1402 375 τις
1418 343 1470 370 ὑπὸ
1489 343 1602 370 πλούτου
1618 343 1673 379 (27)
1699 343 1857 380 διαψθεερει,

238 395 349 422 turum,
370 390 460 417 anima
477 393 538 420 est,
553 389 633 423 eique
648 389 730 415 vitam
753 393 881 424 praestat,
903 397 963 424 quae
984 390 1000 416 il

1082 388 1201 420 τὼζεται,
1211 389 1258 415 καὶ
1273 389 1423 416 πλουτοῦσα
1439 389 1551 421 τούτων,
1573 386 1610 416 ὧν
1626 389 1764 425 ἐπιτρίϐει
1781 390 1845 416 πλοῦ

237 437 325 465 virtus
347 437 426 471 quasi
454 436 612 464 adnaseitur
633 439 714 470 atque
737 443 829 462 eomes
851 439 908 467 est,
926 435 1000 462 vitim

1096 443 1129 466 ις,
1147 434 1317 461 θανατοῦται.
1338 435 1393 461 Καὶ
1409 435 1506 470 μηκέτι
1532 434 1658 470 ζητῶμεν
1678 434 1797 470 ἀλλαχοῦ
1813 435 1859 470 τὴν

238 487 327 510 autem
343 483 425 510 vitam
451 482 574 517 perimit;
600 485 692 516 aperte
715 485 838 513 constat,
855 482 942 517 ipsam
962 486 1001 509 tm

1097 481 1164 507 ἱτίαν
1177 480 1224 506 τοῦ
1240 480 1333 512 τέλους
1347 481 1416 516 πλὴν
1431 482 1460 507 ὲν
1473 482 1505 516 τῇ
1521 481 1570 516 τῆς
1593 481 1683 516 ψυχῆς
1695 481 1860 508 καταστάσει

236 536 330 557 eorum
346 535 457 564 egenam
479 535 540 563 qua;
562 528 624 563 quis
644 527 746 554 divitiis
766 527 925 559 labefactat,
945 528 999 555 inet

1098 528 1119 554 ιὶ
1133 527 1251 554 διαθέσει
1270 527 1338 562 πρός
1359 536 1389 554 τε
1411 527 1460 562 τὴν
1481 526 1604 562 ὑπακοὴν
1619 526 1686 553 Θεοῦ
1713 527 1762 553 καὶ
1779 526 1861 554 καθα-

237 575 336 602 lumem
348 574 422 607 fore;
437 578 495 601 tum
507 573 541 601 iis
555 573 708 600 afﬂuentem
721 581 780 608 qua:
794 581 825 601 ex
841 574 944 601 divitiis
958 582 1000 609 pro

1097 574 1183 609 ετητα,
1195 574 1264 609 πρός
1277 582 1306 600 τε
1321 573 1476 609 παράϐασιν
1492 573 1604 599 ἐντολῶν
1619 572 1666 600 καὶ
1682 573 1786 604 κακίας
1802 571 1860 599 συλ-

236 621 305 649 clive
315 621 479 652 inolescunt,
494 619 606 647 interitu
622 619 805 653 mergendam.
817 618 872 646 Nec
884 618 940 653 jam
955 619 1019 646 alibi
1071 619 1163 656 λογήν.

236 675 316 703 quam
331 668 359 694 in
375 667 542 702 animaeipso
556 670 628 694 statu
644 671 671 694 et
696 666 847 698 affectione,
880 670 909 693 ut
925 666 980 694 Deo
1003 667 1170 703 obsequatur
1196 668 1379 702 mundamque
1401 675 1431 695 se
1452 667 1589 702 praebeat,
1610 671 1638 694 et
1657 671 1689 693 ut
1722 670 1860 702 transgre-

235 715 334 743 diendo
349 714 486 745 mandata,
500 714 594 741 vitium
615 721 646 740 ac
663 713 793 740 malitiam
817 714 936 748 colligat,
954 722 1065 742 causam
1081 723 1236 751 quagramus
1251 724 1300 743 cur
1313 715 1371 742 haec.
1386 716 1423 742 ita
1438 716 1567 750 utrinque
1580 715 1719 742 eveniant.

270 761 340 789 XIX.
361 761 431 789 Vere
447 761 530 797 igitur
544 761 683 796 probeque
705 761 781 789 dives
797 766 855 795 est,
871 762 917 796 qui
935 762 1020 790 fretus

1108 764 1158 791 1Θ’.
1188 764 1217 791 Ὁ
1242 765 1290 800 μὲν
1304 765 1357 800 ἄρα
1386 764 1491 799 ἀληθῶς
1518 764 1565 790 καὶ
1586 763 1676 795 καλῶς
1692 764 1769 790 ἐστιν
1784 764 1860 791 ὁτῶν

234 808 382 836 virtutibus
404 810 445 835 est
468 812 494 835 et
509 808 604 842 quavis
631 807 740 834 fortuna
765 811 858 835 sancte
871 811 897 834 et
913 807 964 835 fide
980 816 997 835 ιι

1097 809 1177 836 οετῶν
1191 809 1328 842 πλούσιος,
1341 810 1387 836 καὶ
1403 810 1476 845 πάσῃ
1494 809 1563 845 τύχῃ
1585 809 1702 844 χρῆσθαι
1720 810 1805 842 ὁσίως
1819 809 1860 836 καὶ

235 857 324 890 potest
341 861 348 879 :
367 853 436 881 falso
451 857 541 880 autem
557 853 644 884 dives,
661 853 708 888 qui
723 861 805 881 carne
821 853 897 881 dives
911 857 963 885 est,
980 863 994 880 ι’

1097 855 1175 886 ιστῶς
1190 854 1345 889 δυνάμενος
1356 855 1369 881 ὁ
1381 854 1408 880 δὲ
1419 853 1502 886 νόθως
1516 854 1651 885 πλούσιος,
1662 855 1676 880 ὁ
1688 854 1763 880 κατὰ
1776 855 1860 890 σάρκα

257 878 323 881 μ--.
342 878 347 879 γ
664 878 708 888 Ἰ-.
727 878 804 881 ψ..-
824 878 896 881 γη-
914 878 963 885 --η
986 878 989 880 .

235 878 346 934 Iramque
361 899 500 926 transtulit
521 899 555 926 ad
579 898 740 926 exteriorem
760 899 940 927 substantiam
960 907 995 935 qu

1097 878 1173 886 nm,
1193 878 1334 889 -η-γη-επ
1358 878 1367 881 ν
1384 878 1406 880 η
1424 878 1501 886 ηψπ
1665 878 1673 880 -
1779 878 1860 890 ᾔτη-

1097 899 1208 931 λοὺσιος,
1218 900 1264 926 καὶ
1275 900 1323 936 τὴν
1339 899 1411 935 ζωὴν
1422 901 1462 931 εἱς
1473 900 1523 936 τὴν
1538 899 1590 932 ἔξω
1607 899 1704 934 κτῆσιν
1719 908 1860 935 μετενηνο-

236 945 356 980 praeterit
379 948 459 980 atque
480 944 590 975 interit,
617 952 648 972 ac
673 945 835 979 quandoque
856 946 883 972 in
908 946 999 973 alteriu

1096 945 1127 977 To;
1141 946 1190 982 τὴν
1206 946 1412 981 παρερχομένην
1429 945 1476 972 καὶ
1490 945 1681 981 φθειρομένην,
1701 946 1752 972 καὶ
1771 945 1859 972 ἄλλοτε

237 999 348 1018 censum
372 990 489 1022 transit,
524 993 551 1016 et
575 990 609 1017 ad
632 994 783 1018 extremum
814 991 916 1018 nullius
941 991 1000 1026 plan

1097 989 1151 1016 0.0x:
1162 990 1315 1025 γινομένην,
1325 989 1371 1016 καὶ
1380 991 1409 1016 ὲν
1418 990 1456 1025 τῷ
1471 990 1540 1016 τέλει
1550 990 1662 1025 μηδενὸς
1678 990 1805 1026 μηδαμῆ.
1813 990 1860 1016 Πά-

236 1035 355 1063 exsistit.
380 1038 408 1067 >14
437 1033 542 1062 Rursus
567 1035 660 1062 eadem
690 1035 795 1063 ratione
815 1039 858 1063 est
881 1040 909 1064 et
940 1044 999 1063 veru

1094 1044 1113 1061 ιν
1123 1033 1155 1061 αὖ
1166 1035 1212 1061 καὶ
1222 1035 1291 1062 κατὰ
1306 1036 1349 1062 τὸν
1360 1035 1438 1062 αὑτὸν
1451 1036 1550 1072 τρόπον
1559 1036 1606 1062 καὶ
1621 1036 1736 1071 γνήσιος
1745 1036 1857 1071 πτωχὸς.

237 1089 359 1116 pauper,
376 1085 403 1108 et
418 1081 527 1116 spurius
551 1081 621 1108 alius
641 1081 756 1116 falsique
777 1082 895 1109 nominis
919 1090 1000 1118 paupc

1096 1081 1119 1107 xl.
1136 1081 1211 1112 νόθος
1224 1081 1303 1113 ἄλλος
1325 1081 1431 1116 πτωχὸς
1442 1082 1489 1108 καὶ
1499 1081 1682 1117 ψευδώνυμος·
1699 1083 1714 1108 ὁ
1730 1083 1782 1117 μὲν
1794 1083 1859 1109 κατὰ

236 1127 363 1154 exsistit:
380 1134 495 1161 quorum
520 1134 617 1161 nempe
639 1127 709 1155 alius
736 1135 839 1162 pauper
855 1128 952 1162 spiritu
976 1128 999 1155 [il

1096 1125 1182 1161 νεῦμα
1194 1127 1309 1162 πτωχὸς,
1326 1127 1356 1154 τὸ
1371 1127 1445 1158 ῐδιον,
1469 1129 1482 1154 ὁ
1507 1128 1535 1154 δὲ
1558 1127 1628 1154 κατὰ
1642 1128 1756 1163 κόσμον,
1775 1128 1806 1154 τὸ
1817 1128 1859 1154 ἀλ-

236 1173 307 1208 quod
324 1176 365 1199 est
379 1172 517 1207 proprium
528 1194 535 1205 ,
548 1172 618 1200 alius
631 1173 754 1200 saeculari
767 1172 849 1204 fastu,
865 1173 936 1208 quod
953 1173 999 1200 alii!

1095 1172 1185 1208 icptov.
1202 1172 1247 1207 Τῷ
1261 1173 1293 1209 δὴ
1320 1173 1389 1200 κατὰ
1413 1173 1514 1209 κόσμον
1540 1173 1641 1208 πτωχῷ
1668 1174 1716 1200 καὶ
1742 1174 1858 1209 πλουσίῳ

235 1226 310 1245 num.
325 1218 415 1245 Mundi
433 1218 515 1253 igitur
529 1218 601 1246 fastu
615 1219 737 1254 pauperi,
751 1227 783 1246 ac
793 1219 839 1254 qui
856 1220 932 1248 dives
947 1221 993 1248 viti

1096 1218 1143 1245 κτὰ
1152 1218 1185 1245 τὰ
1195 1218 1278 1253 πάθη,
1287 1219 1370 1255 ὁ(27¹)
1380 1219 1450 1245 κατὰ
1462 1219 1569 1254 πνεῦμα
1579 1220 1609 1246 οὐ
1619 1220 1727 1254 πτωχὸς
1735 1220 1783 1246 καὶ
1793 1220 1859 1247 κατὰ

235 1263 281 1295 sit,
295 1270 349 1290 non
360 1263 407 1298 qui
421 1263 517 1298 spiritu
529 1271 643 1299 pauper,
653 1269 679 1291 et
690 1265 839 1292 secundum
850 1265 933 1293 Deum
945 1265 998 1293 divt

1095 1264 1139 1291 εὸν
1155 1264 1291 1296 πλούσιος,
1310 1265 1466 1301 Ἀπόστηθι,
1484 1266 1559 1300 φησὶ,
1573 1265 1626 1291 τῶν
1641 1265 1818 1301 ὑπαρχόντων
1830 1267 1858 1293 ἐν

235 1311 359 1342 exsistat,
369 1309 483 1342 Recede,
496 1311 543 1344 ait,
553 1311 586 1338 ab
598 1311 652 1342 his,
662 1318 731 1345 quas
742 1311 769 1338 in
780 1313 872 1339 animo
884 1312 998 1347 posside:

1094 1311 1106 1346 ᾖ
1121 1309 1192 1345 ψυχῇ
1209 1319 1255 1336 σου
1267 1310 1413 1345 κτημάτων
1424 1310 1582 1346 ἀλλοτρίων,
1602 1311 1655 1341 ἴνα,
1681 1310 1803 1346 καθαρὸς
1825 1312 1857 1345 τῇ

235 1356 331 1384 alienis
348 1355 534 1387 facultatibus,
546 1360 577 1383 ut
591 1357 692 1384 mundo
706 1357 787 1385 corde
799 1357 917 1385 evadens
928 1358 998 1385 vide:

1094 1356 1171 1392 αρδίᾳ
1185 1356 1338 1392 γενόμενος,
1357 1356 1413 1392 ἴδῃς
1426 1356 1471 1383 τὸν
1481 1356 1555 1383 Θεόν·
1569 1357 1636 1391 ὅπερ
1650 1357 1696 1382 καὶ
1712 1357 1747 1383 δι’
1764 1356 1857 1392 ἑτέρας

236 1401 339 1436 Deum;
357 1401 428 1437 quod
442 1406 469 1429 et
485 1402 536 1429 alia
553 1402 696 1430 verborum
716 1403 802 1430 forma
819 1408 877 1435 est,
893 1407 922 1431 ut
937 1403 999 1431 intre

1094 1402 1165 1437 ωνῆς
1179 1402 1262 1433 ἐστιν,
1275 1401 1403 1428 εἰσελθεῖν
1420 1402 1459 1433 εἰς
1481 1402 1530 1437 τὴν
1549 1401 1686 1436 βασιλείαν
1708 1402 1764 1428 τῶν
1778 1402 1857 1437 οὐρα-

235 1448 262 1475 in
276 1455 389 1483 regnum
406 1447 547 1475 coalorum.
563 1448 685 1481 Quonam
701 1457 766 1476 vero
779 1449 860 1476 modo
872 1449 906 1476 ab
923 1450 963 1478 eis
977 1458 998 1477 τε

1094 1448 1136 1474 Iov.
1153 1449 1207 1475 Καὶ
1222 1449 1279 1480 πῶς
1300 1448 1388 1475 αὐτῶν
1398 1449 1535 1484 ἀποστῇςς
1563 1448 1705 1484 Πωλήσας.
1736 1449 1769 1475 Τί
1795 1446 1857 1482 οὖνς

235 1494 376 1521 cesseris?
391 1493 548 1521 Vendendo.
569 1494 639 1527 Quid
666 1495 752 1530 ergo?
775 1494 813 1521 Ita
834 1495 961 1523 nimirum
991 1505 998 1524 ι

1094 1495 1200 1530 ρήματα
1215 1495 1273 1521 ἀντὶ
1293 1494 1438 1530 κτημάτων
1464 1494 1565 1530 λάϐῃς,
1591 1494 1724 1521 ἀντίδοσιν
1744 1493 1857 1520 πλούτου

236 1538 398 1574 praediorum
414 1539 502 1573 pretio
516 1539 659 1573 pecuniam
684 1539 819 1574 recipias?
835 1539 936 1575 Nempe
954 1549 999 1576 opt

1097 1540 1336 1576 ροσποιησάμενος,
1350 1541 1532 1576 ἐξαργυρίσας
1546 1540 1596 1574 τὴν
1611 1540 1731 1576 φανερὰν
1748 1541 1855 1571 οΰσὶανζ

235 1585 333 1619 opibus
348 1584 552 1616 commutando,
563 1584 678 1612 conﬂata
689 1593 749 1619 qua:
760 1586 787 1613 in
798 1587 892 1614 oculos
906 1588 998 1614 ineun'

1096 1586 1214 1621 ὑδαμῶς.
1236 1586 1314 1612 Ἀλλὰ
1328 1587 1388 1613 ἀντὶ
1412 1586 1466 1612 τῶν
1490 1588 1629 1622 προτέρων
1652 1586 1856 1622 ἐνυπαρχόντων

237 1631 409 1658 substantia?
418 1630 604 1666 Nequaquam.
615 1630 668 1658 Sed
685 1632 721 1659 ita
732 1635 762 1658 ut
775 1632 835 1660 loco
847 1641 951 1666 earum,
962 1642 996 1668 qu

1093 1633 1103 1667 ᾖ
1120 1631 1202 1667 ψυχῇ,
1218 1632 1250 1666 ἥν
1266 1632 1350 1659 σῶσαι
1379 1632 1485 1664 ποθεῖς,
1516 1632 1744 1667 ἀντεισαγόμενος
1766 1634 1856 1667 ἕτερον

237 1677 329 1703 animo
344 1681 407 1703 ante
422 1677 541 1708 inerant,
558 1684 637 1711 quem
653 1685 714 1704 esse
727 1678 830 1705 salvum
846 1679 935 1713 cupis,
954 1680 1000 1706 alia

1094 1677 1185 1704 λοῦτον
1215 1678 1336 1705 θεοποιὺν
1356 1679 1400 1704 καὶ
1429 1678 1501 1713 ζωῆς
1526 1678 1642 1714 χορηγὸν
1662 1679 1787 1710 αἰωνίου,
1810 1678 1857 1710 τὰς

237 1723 347 1750 divitias
370 1722 480 1750 dciﬁcas
493 1723 608 1758 vitataque
622 1727 729 1751 aeterna:
746 1724 869 1759 pararias
883 1725 924 1760 (ex
937 1726 1000 1753 divit

1094 1724 1141 1750 κτὰ
1166 1724 1216 1759 τὴν
1238 1723 1347 1758 ἐντολὴν
1363 1723 1410 1750 τοῦ
1433 1724 1500 1750 Θεοῦ
1526 1723 1669 1755 διαθέσεις·
1687 1724 1748 1751 ἀνθ’
1764 1721 1802 1752 ὧν
1818 1733 1857 1751 σοι

237 1769 341 1797 scilicet
355 1769 462 1796 ratione
476 1769 597 1796 mandati
614 1774 756 1798 consertes
780 1771 863 1798 animi
886 1771 998 1800 allectus

1093 1769 1211 1805 εριέσται
1228 1769 1321 1805 μισθὸς
1337 1770 1383 1796 καὶ
1409 1770 1475 1805 τιμὴ
1491 1768 1628 1805 διηνεκὴς,
1650 1770 1698 1796 καὶ
1726 1770 1856 1806 σωτηρία,

237 1814 358 1848 inferas;
375 1823 426 1850 pro
439 1815 538 1850 quibus
554 1815 605 1843 erit
620 1816 668 1843 tibi
697 1824 803 1844 merces
826 1824 857 1843 ac
873 1822 1000 1853 perpetui]

1095 1816 1118 1842 ιὶ
1131 1815 1239 1847 αἰώνιος
1255 1815 1401 1851 ἀφθαρσία.
1417 1814 1494 1841 Οὕτω
1509 1815 1599 1845 καλῶς
1614 1815 1714 1847 πωλεῖς
1727 1816 1763 1842 τὰ
1778 1817 1858 1852 ὑπάρ-

236 1862 325 1889 honor
340 1865 366 1890 et
379 1862 453 1889 salus
468 1866 623 1897 aeternaque
640 1862 818 1898 incorruptio.
830 1863 860 1890 ln
876 1864 949 1891 hunc
963 1872 999 1891 mc

1094 1870 1161 1893 ιντα,
1180 1861 1214 1888 τὰ
1225 1861 1310 1888 πολλὰ
1325 1861 1372 1887 καὶ
1395 1860 1523 1896 περισσὰ,
1549 1861 1596 1888 καὶ
1624 1861 1806 1888 ἀποκλείοπᾶ
1819 1870 1857 1888 σοι

237 1908 301 1934 dum
318 1911 392 1935 recte
403 1908 496 1935 vendis
510 1915 569 1942 qua:
583 1908 715 1943 possides,
727 1909 812 1936 multa
826 1909 870 1936 illa
885 1914 912 1937 et
925 1918 1000 1946 supel

1094 1907 1133 1939 ib;
1148 1907 1288 1943 οὐρανοὺς,
1312 1906 1625 1942 ἀντικαταλλασσόμενος
1649 1907 1742 1933 αὐτῶν
1756 1907 1792 1934 τὰ
1807 1907 1857 1932 σῶ‹

236 1954 289 1980 ilua
302 1974 309 1986 ,
327 1958 353 1981 et
373 1961 434 1989 quze
449 1954 497 1981 tibi
515 1955 613 1982 C(‘Eltlm
628 1955 787 1988 occludunt,
801 1963 862 1983 eum
878 1956 932 1985 illis
944 1965 999 1985 con‘

1095 1962 1114 1980 ιι
1128 1953 1273 1988 δυνάμενα.
1297 1953 1403 1979 Ἐκεῖνα
1416 1953 1551 1988 ἐχέτωσαν
1573 1953 1598 1979 οἱ
1614 1954 1743 1988 σαρκικοὶ
1758 1953 1858 1988 πτωχοὶ

235 2003 354 2031 mutnus,
373 2008 432 2035 qua:
445 2000 561 2028 salutem
583 2000 680 2028 afferre
698 2002 815 2036 possint.
836 2002 883 2029 Illa
900 2003 998 2030 habear

1097 2000 1117 2026 ιὶ
1126 2000 1227 2026 τούτων
1243 1999 1373 2035 δεόμενοι·
1396 1999 1428 2025 σὺ
1443 1999 1470 2025 δὲ
1499 1999 1544 2026 τὸν
1565 1999 1752 2034 πνευματικὸν
1778 1999 1860 2026 τ.λοῦ-

235 2046 338 2072 earuali
352 2046 406 2072 ritu
419 2053 551 2081 pauperes
563 2050 590 2073 et
603 2046 649 2081 qui
666 2047 708 2074 his
726 2047 867 2082 indigeant
883 2055 890 2073 :
910 2051 938 2075 tu
955 2056 998 2075 ver

1097 2054 1115 2072 ιν
1146 2045 1296 2072 ἀντιλαϐὼν
1325 2045 1397 2081 ἔχοις
1424 2045 1457 2072 ἂν
1488 2045 1538 2080 ἠδη
1554 2045 1696 2081 θησαυρὸν
1720 2047 1752 2072 ὲν
1777 2046 1860 2081 οὐρα-

237 2091 406 2126 spiritalibus
421 2099 514 2119 eorum
525 2091 585 2119 loco
601 2092 717 2126 receptis
729 2092 841 2125 divitiis,
858 2093 1018 2121 thesaurum
1069 2092 1133 2122 νοῖς-

236 2136 264 2164 in
281 2137 358 2164 cmlis
373 2137 483 2165 habeas.
1396 2163 1402 2169 .

272 2181 330 2208 XX.
352 2181 414 2209 Haec
431 2190 479 2217 per
500 2183 687 2217 metaphoram
705 2183 778 2210 dicta
794 2191 848 2211 non
864 2184 1018 2220 intelligens

1105 2181 1147 2207 K'.
1167 2179 1260 2206 Ταῦτα
1276 2179 1312 2215 μὴ
1328 2179 1427 2211 συνιεὶς
1444 2179 1515 2206 κατὰ
1534 2178 1635 2214 τρόπον
1647 2178 1661 2204 ὁ
1678 2178 1859 2214 πολυχρήμα-

236 2227 281 2254 ille
294 2227 387 2254 multis
399 2227 523 2262 pecuniis
538 2228 658 2262 locuples
669 2231 697 2255 et
711 2227 792 2256 homo
806 2228 917 2264 legalis;
933 2237 999 2265 nequ

1094 2235 1116 2258 )ς
1128 2227 1175 2253 καὶ
1200 2226 1309 2262 ἔννομος
1324 2225 1476 2261 ἄνθρωπος,
1497 2225 1564 2260 μηδὲ
1578 2225 1653 2256 ὅπως
1667 2225 1681 2250 ὁ
1700 2224 1783 2255 αὐτὸς
1811 2224 1857 2250 καὶ

236 2277 266 2300 ut
283 2273 369 2308 possit
385 2273 456 2300 idem
470 2278 497 2301 et
511 2281 613 2309 pauper
638 2281 699 2302 esse
720 2278 747 2302 et
768 2274 854 2307 dives,
871 2279 898 2303 et
918 2276 999 2303 habet

1095 2273 1176 2308 τωχὸς
1201 2272 1311 2299 δύναται
1338 2270 1407 2299 εἶναι
1433 2272 1480 2298 καὶ
1506 2271 1641 2302 πλούσιος,
1671 2271 1720 2297 καὶ
1738 2271 1811 2305 ἔχειν
1824 2270 1858 2297 τὰ

236 2319 366 2354 pecunias
380 2323 407 2346 et
424 2327 478 2346 non
493 2319 593 2348 habere
603 2339 610 2352 ,
627 2327 733 2347 necnon
749 2320 789 2347 uti
800 2321 899 2348 seculo
915 2325 942 2348 et
963 2329 999 2349 no

1093 2321 1197 2354 ρήματα
1211 2319 1258 2345 καὶ
1273 2319 1309 2354 μὴ
1325 2318 1406 2353 ἔχειν,
1427 2318 1472 2344 καὶ
1488 2317 1604 2353 χρῆσθαι
1619 2317 1659 2353 τῷ
1689 2318 1784 2353 κόσμῳ
1811 2318 1856 2344 καὶ

236 2365 288 2396 uti,
300 2365 365 2391 abiit
380 2365 466 2392 tristis
478 2369 505 2392 et
517 2372 646 2397 mmrens,
655 2365 750 2393 relicta
759 2366 821 2393 vitae
835 2370 908 2394 sorte
917 2388 924 2400 ,
936 2373 999 2402 quat

1094 2365 1108 2401 ὴ
1127 2364 1252 2400 χρῆσθαι,
1271 2364 1376 2399 ἀπῆλθε
1398 2363 1509 2398 στυγνὸς
1536 2363 1583 2389 καὶ
1604 2363 1740 2399 κατηφὴς,
1770 2363 1857 2390 λιπὼν

237 2410 408 2437 solummodo
428 2417 543 2444 cupere,
567 2418 598 2438 ac
613 2418 667 2438 non
682 2411 763 2438 etiam
780 2412 888 2447 assequi
912 2412 1000 2448 potuit

1092 2412 1119 2447 ὴν
1132 2411 1206 2443 τάξιν
1220 2411 1269 2446 τῆς
1285 2411 1368 2446 ζωῆς,
1394 2408 1428 2446 ἦς
1444 2410 1585 2445 ἐπιθυμεῖν
1610 2410 1700 2445 μόνον,
1729 2409 1785 2437 ἀλλ’
1796 2410 1855 2445 οὐχὶ

237 2456 283 2490 qui
304 2455 356 2482 sibi
380 2455 509 2483 nimirum
525 2457 598 2491 quod
617 2457 732 2484 arduum
756 2462 833 2490 erat,
849 2458 1000 2493 impossibil

1092 2457 1118 2483 αἱ
1133 2458 1224 2492 τυχεῖν
1250 2457 1375 2491 ἠδύνατο,
1392 2456 1423 2483 τὸ
1437 2456 1564 2482 δύσκολον
1587 2456 1705 2490 ποιήσας
1727 2455 1855 2482 ἀδύνατον

238 2501 395 2528 reddiderit.
405 2501 527 2529 Arduum
541 2510 657 2538 namque
669 2511 701 2531 ae
711 2503 818 2531 difﬁcile
830 2511 884 2531 non
900 2505 1001 2531 circum

1090 2503 1150 2535 ὑτὸς
1162 2502 1258 2538 ἐαυτῷ.
1275 2502 1408 2529 Δύσκολον
1423 2502 1477 2538 γὰρ
1490 2499 1524 2538 ἦν
1539 2501 1575 2537 μὴ
1589 2501 1777 2536 περιάγεσθαι,
1788 2501 1853 2536 μηδὲ

237 2546 299 2574 duci
318 2547 438 2574 animum
454 2552 481 2575 et
500 2547 678 2582 labefactari,
699 2549 864 2577 afﬂuentium
884 2550 1000 2577 bonorur

1092 2547 1302 2584 αταστρέφεσθαι
1331 2548 1380 2583 τὴν
1414 2547 1502 2583 ψυχὴν
1530 2547 1584 2573 ἀπὸ
1613 2546 1667 2573 τῶν
1701 2547 1855 2582 προσόντων

237 2591 386 2628 ﬂoridaque
397 2593 488 2627 specie
498 2594 635 2629 praestigio
648 2602 732 2630 prope
749 2595 939 2630 obrepentium
951 2603 1000 2623 con

1090 2594 1161 2629 ὄρῶν
1175 2593 1214 2628 τῷ
1228 2593 1352 2628 προδήλῳ
1369 2593 1475 2628 πλούτῳ
1500 2593 1546 2619 καὶ
1561 2591 1685 2628 ἀνθηρῶν
1701 2592 1853 2628 γοητευμά-

238 2639 332 2673 spicuo
352 2646 436 2665 censu
451 2645 483 2665 ac
508 2639 627 2672 divitiis;
654 2647 709 2667 non
734 2644 826 2668 tamen
848 2640 1000 2674 impossibil

1090 2648 1133 2666 ων·
1150 2640 1200 2666 οὐκ
1213 2639 1343 2666 ἀδύνατον
1357 2640 1386 2666 δὲ
1412 2639 1459 2665 καὶ
1481 2640 1510 2665 ὲν
1523 2637 1610 2673 τούτῳ
1625 2637 1756 2665 λαὸέσοαι
1767 2646 1853 2673 σωτη-

237 2691 299 2711 cum
315 2684 358 2711 his
371 2685 454 2712 etiam
469 2684 591 2712 nancisci
606 2685 731 2718 salutem,
744 2686 767 2714 si
781 2686 845 2720 quis
859 2686 893 2713 ab
911 2686 945 2713 iis
957 2686 1000 2720 opi

1090 2686 1141 2718 ἔας,
1158 2687 1185 2712 εἴ
1199 2694 1240 2717 τις
1252 2686 1346 2713 ἑαυτὸν
1370 2686 1425 2713 ἀπὸ
1448 2684 1496 2712 τοῦ
1519 2684 1649 2720 αἰσθητοῦ
1677 2684 1792 2711 πλούτου
1808 2684 1850 2711 ἐπὶ

273 2746 304 2775 ›Ῑ‹
324 2743 355 2770 Ρ.
376 2742 428 2770 956
446 2742 500 2770 El).
519 2742 667 2770 POTTER.

272 2801 329 2856 $27)
345 2800 490 2827 Πλούτου.
508 2799 608 2826 Τούτου
626 2807 677 2826 ms.
694 2798 776 2826 FsLL.

283 2836 340 2856 97'\
356 2835 440 2856 νρι-ιξι
461 2835 593 2856 intnrnrpa
618 2835 694 2856 nllnsi
722 2834 830 2856 lenisset
843 2833 873 2856 ὃς
901 2832 1015 2856 (stiban—

1088 2805 1114 2824 n.
1131 2796 1211 2830 {852,
1229 2798 1389 2833 particulam
1406 2798 1436 2824 οὐ
1454 2797 1613 2833 repudiavit,
1627 2798 1664 2825 ita
1695 2802 1725 2825 ut
1747 2798 1762 2825 ὁ
1782 2795 1851 2824 κατᾶ

1088 2832 1175 2856 νεῦμα
1190 2833 1297 2856 rem)th
1311 2833 1358 2856 καὶ
1374 2841 1402 2856 κ.
1417 2833 1449 2856 Θ,
1467 2842 1496 2856 π.
1514 2833 1588 2856 veriti
1606 2833 1757 2856 sentientis.
1772 2833 1848 2856 cmi.

276 2832 340 2871 (27")
356 2835 441 2862 Vertit
461 2835 593 2871 interpres
618 2834 830 2871 quasiulegisset
843 2833 873 2864 ὃς
886 2832 1015 2871 _(stibau—

1084 2832 1175 2871 πνευμσ
1190 2832 1299 2871 πτωχὸς
1311 2833 1402 2871 καὶ-κ.
1417 2833 1496 2871 8.3:.
1514 2833 1589 2860 verbi
1606 2833 1757 2869 sequentis,
1772 2833 1847 2868 φησι,

240 2867 338 2899 diendo
356 2870 435 2906 ἐστι).
465 2867 599 2904 Klotiius,
627 2867 655 2897 in
679 2867 796 2898 editione
811 2875 859 2896 sua
886 2867 1015 2903 Lipsiana
1067 2867 1220 2902 subjectum
1234 2868 1340 2897 evadat.
1357 2867 1435 2895 Enrr.
1454 2867 1574 2896 Panos.
