1934 3075
92 172 151 200 (225

645 178 745 206 LIBER
765 178 848 212 QUlS
867 178 968 207 DIVES
987 178 1180 207 SALVE'I‘UB.

1667 185 1719 213 6‘26

91 232 142 258 τὸν
155 232 250 268 νοητὸν
280 234 328 261 καὶ
351 234 518 263 θεοδίδακτον
544 233 711 272 μεταγάγοι,’
732 238 780 265 καὶ
804 238 869 273 μάθε

936 237 987 265 bus
1002 245 1062 272 quae
1083 238 1111 264 in
1134 245 1245 264 sensum
1267 237 1386 270 cadunt,
1403 237 1437 266 ad
1451 245 1498 266 eas
1512 246 1541 266 se
1556 239 1717 273 transferat,

89 279 153 309 τοῖς
165 278 321 315 ἀδιαφόροις
331 280 447 316 χρῆσθαι
467 282 555 314 καλῶς
571 283 618 309 καὶ
643 283 724 315 ἰδίως,
741 284 788 311 καὶ
797 284 835 316 ὠς
850 284 882 311 ἂν

91 324 136 356 είς
152 323 223 360 ζωὴν
239 325 348 353 αἰώνιον
361 327 478 362 ὁρμῷτο.
491 329 546 355 Καὶ
562 329 586 355 οἱ
598 329 715 365 μαθηταὶ
727 330 755 356 δὲ
768 329 798 356 τὸ
809 329 884 365 πρῶ-

90 377 142 396 τον
157 371 206 405 μὲν
223 371 268 397 καὶ
281 372 358 399 αὐτοὶ
372 373 506 408 περιδεεῖς
528 375 575 402 καὶ
595 376 780 410 καταπληγείς
804 376 883 410 γεγό-

91 423 183 442 νασιν.
211 417 389 450 Ἀκούσαντες
403 419 429 445 τί
441 419 556 455 δήποτε;
572 419 627 456 ἆρά
651 429 682 455 γε
698 422 738 448 ὃτι
755 423 882 458 χρήματα

91 463 142 488 καὶ
156 463 233 489 αὐτοὶ
247 463 393 499 ἐκέκτηντο
408 465 511 498 πολλά;
538 466 615 493 Ἀλλά
628 467 673 494 καὶ
700 468 769 495 αὐτά
797 468 881 495 ταῦτα

88 507 127 534 τὰ
138 508 261 535 δικτύδια
277 510 323 536 καὶ
340 510 485 547 ἄγκιστρα,
504 513 550 539 καὶ
572 513 605 539 τὰ
620 514 772 550 ὑπηρετικὰ
785 515 881 550 σκαφί-

88 552 137 579 δια
156 554 267 589 ἀφῆκαν
286 555 378 588 πάλαι,
397 555 468 593 ἀπερ
482 555 516 593 ἦν
533 558 624 590 αὐτοῖς
636 559 714 594 μόνα.
731 559 762 586 Τί
773 557 820 586 οὖν
835 568 882 595 φο-

89 598 223 634 ϐηθέντες
239 600 358 635 λέγουσι·
377 613 386 628 ι
403 603 450 635 Τίς
465 604 575 631 δύναται
603 605 740 640 amo-qva;
757 615 766 632 ι
783 606 880 639 Καλῶς

88 645 224 680 ἥκουσαν,
247 648 294 673 καὶ
318 648 355 680 ὠς
383 649 512 685 μαθηταὶ,
547 651 594 678 τοῦ
623 651 814 687 παραϐολικῶς
834 654 881 680 καὶ

86 690 207 725 ἀσαφῶς
220 691 362 727 λεχθέντος
379 693 431 720 ὑπὸ
443 694 489 721 τοῦ
505 695 619 731 Κυρίου,
635 697 682 724 καὶ
699 697 812 732 ᾔσθοντο
832 698 878 724 τοῦ

87 736 192 771 βάθους
205 737 260 764 τῶν
278 738 373 772 λόγων.
391 740 491 767 Ἕνεκα
509 741 558 776 μὲν
573 740 619 768 οὖν
636 742 783 777 χρημάτων
797 743 881 778 ἀκτη-

87 781 224 817 μοσύνης,
243 783 380 815 εὐέλπιδες
393 783 463 820 ἦσαν
485 786 553 822 πρὸς
574 788 718 823 σωτηρίαν·
745 789 838 824 ἐπειδὴ
851 789 879 815 δὲ

85 829 240 864 συνῄδεσαν
257 830 363 863 ἑαυτοῖς
386 832 469 868 μήπω
487 833 521 859 τὰ
548 833 622 869 πάθη
646 834 736 861 τέλεον
752 835 879 862 ἀποτιθε-

84 872 181 908 μένοις
213 875 385 911 (ἀρτιμαθεῖς
402 878 456 914 γὰρ
479 876 547 914 ἦσαν
576 880 622 906 καὶ
640 881 736 907 νεωστὶ
751 881 818 916 πρὸς
831 880 877 907 τοῦ

933 291 994 318 quae
1019 284 1047 311 in
1069 287 1161 311 mente
1180 283 1379 318 intelliguntur,
1405 284 1515 320 Deoque
1534 285 1650 313 docente
1669 294 1719 314 no-

933 334 1062 363 scuntur;
1078 330 1238 365 noveritquc
1260 330 1328 358 bene
1352 331 1391 358 uti
1414 331 1469 359 illis
1489 339 1549 366 qua:
1571 333 1718 367 promiscui

934 383 1001 403 usus
1017 380 1082 404 sunt
1098 377 1262 411 propriaque
1275 376 1316 403 illi
1333 377 1448 409 ratione,
1464 382 1491 405 et
1504 383 1534 405 ut
1547 378 1631 405 animi
1647 378 1720 406 desi-

932 421 1008 448 derio
1020 422 1053 449 ad
1065 422 1146 449 vitam
1159 426 1288 449 aeternam
1302 423 1430 450 enitatur.
1448 423 1518 456 Quin
1532 428 1558 452 et
1574 424 1713 460 discipuli,

932 467 971 494 illi
987 466 1095 502 quidem
1108 467 1225 502 primum
1239 468 1335 496 timore
1347 470 1465 503 perculsi
1480 477 1512 497 ac
1523 471 1631 498 attoniti
1642 476 1716 499 sunt.

932 511 992 544 Quo
1007 519 1104 546 nempe
1126 512 1235 539 audito?
1249 511 1319 539 Num
1338 513 1410 548 quod
1427 514 1479 548 ipsi
1493 523 1602 550 quoque
1616 516 1717 543 multas

933 559 1064 593 pecunias
1078 558 1233 586 habebant?
1247 557 1345 586 Verum
1364 559 1421 594 ipsa
1447 569 1556 596 quoque
1570 562 1633 589 vilia
1648 563 1717 590 retia

931 606 1081 641 hamosque
1104 613 1136 633 ac
1159 605 1321 641 piscatorias
1347 607 1463 641 scaphas
1486 607 1635 642 lintresque
1660 609 1716 644 jam

930 651 995 679 olim
1007 652 1184 687 reliquerant,
1194 660 1255 687 quae
1269 652 1327 679 sola
1343 651 1397 680 illis
1408 653 1435 680 in
1450 660 1534 682 censu
1549 655 1715 688 erant.Quid

929 704 995 732 ergo
1006 697 1132 726 timentes
1144 699 1234 726 aiunt:
1251 699 1299 726 (Et
1312 700 1374 735 quis
1391 704 1478 734 potest
1493 700 1585 728 salvus
1597 700 1653 728 fieri
1663 701 1714 728 ﬂ?»

930 742 1062 771 Praclare
1074 743 1227 778 audierant,
1243 750 1270 773 et
1288 750 1316 773 ut
1333 746 1471 782 discipuli,
1488 747 1561 782 quod
1576 755 1624 783 per
1640 755 1716 783 para-

928 789 1018 816 bolam
1037 798 1175 826 sensuque
1199 791 1361 820 obscuriore
1376 800 1391 819 a
1404 792 1518 820 Domino
1530 793 1633 821 dictum
1657 793 1717 821 fue-

929 839 986 868 rat,
1021 844 1053 863 ac
1085 838 1229 865 sentcntiae
1255 838 1427 866 altitudinem
1454 839 1652 868 intellexerant.
1683 839 1716 867 Et

928 881 1038 917 quidem
1052 883 1124 918 quod
1143 883 1240 911 attinet
1261 884 1295 911 ad
1309 885 1487 920 pecuniarum
1505 885 1713 918 abdicationem,

82 920 214 955 Σωτῆρος
237 922 486 960 ὴνδρολογημένοι),
513 925 650 961 περισσῶς
672 925 869 961 ἐξεπλήττοντο

932 931 960 960 >3
977 928 1048 955 bona
1063 937 1111 964 spe
1126 930 1327 965 consequendaa
1343 931 1440 958 salutis
1457 931 1519 958 freti
1529 935 1625 959 erant:
1642 931 1714 967 quod

83 966 135 992 καὶ
147 967 336 1002 ἀπεγίνωσκον
353 970 465 1002 ἑαυτοὺς
479 971 554 998 οὐδέν
570 980 598 998 τι
610 969 690 1007 ἦττον
710 971 814 998 ἐκείνου
828 971 874 998 τοῦ

83 1011 298 1048 πολυχρημάτου
313 1015 359 1041 καὶ
372 1015 466 1053 δεινῶς
480 1017 530 1052 τῆς
548 1017 670 1052 κτήσεως
691 1017 874 1053 περιεχουμὲ-

82 1065 143 1089 νου,
159 1058 193 1092 ἦν
207 1067 240 1092 γε
257 1060 401 1095 προέκρινε
427 1060 499 1097 ζωῆς
513 1063 631 1089 αἰωνίου.
660 1062 751 1095 ’Ἄξιον
776 1061 821 1090 οὖν
837 1061 871 1099 ἦν

81 1104 141 1134 τοῖς
156 1103 292 1140 μαθηταῖς
309 1106 390 1139 φόϐου
416 1107 525 1140 παντὸς,
553 1109 577 1134 εἰ
593 1109 640 1135 καὶ
653 1109 666 1135 6
683 1109 810 1144 χρήματα
827 1117 873 1136 κε-

82 1149 220 1184 κτημένος
239 1151 286 1177 καὶ
302 1152 316 1177 ὁ
338 1152 391 1178 τῶν
419 1153 512 1180 παθῶν
533 1154 630 1188 ἔγκυος
644 1154 691 1188 ὢν,
715 1155 872 1187 ἐπλούτουν,

80 1195 129 1222 καί
164 1197 243 1224 αὐτοὶ
273 1199 481 1234 παραπλησίωςι
501 1201 717 1237 ἀπελαθήσονται
736 1202 870 1236 οὐρανῶν.

86 1240 213 1270 ’Δπαθῶν
224 1243 279 1279 γὰρ
293 1245 339 1271 καὶ
358 1245 485 1282 καθαρῶν
508 1247 601 1282 ψυχῶν
617 1248 716 1284 ἐστινὴ
730 1249 858 1284 σωτηρία.

928 982 993 1002 vero
1006 975 1123 1002 necdum
1149 983 1179 1003 se
1194 975 1313 1011 perfecte
1338 976 1452 1004 affectus
1467 977 1587 1012 vitiaque
1607 978 1716 1006 exuisse

928 1020 980 1048 sibi
996 1020 1100 1048 conscii
1112 1024 1190 1047 erant
1211 1020 1329 1056 (quippe
1355 1029 1441 1056 nuper
1455 1022 1599 1058 disciplina
1618 1023 1714 1050 imbuti

925 1073 1076 1100 recensque
1087 1072 1102 1092 a
1112 1065 1254 1093 Salvatore
1267 1066 1294 1093 in
1307 1066 1438 1094 familiam
1448 1067 1552 1103 asciti),
1562 1075 1644 1103 supra
1657 1075 1715 1095 mo-

925 1110 989 1138 dum
1007 1110 1106 1138 animis
1119 1111 1238 1145 perculsi
1257 1115 1353 1144 erant,
1371 1120 1503 1148 suamque
1519 1113 1572 1148 ipsi
1587 1113 1713 1145 salutem,

926 1157 999 1184 haud
1021 1164 1101 1185 secus
1116 1165 1148 1184 ac
1161 1157 1254 1185 divitis
1270 1158 1345 1185 illius
1361 1158 1488 1186 habentis
1506 1160 1607 1187 multas
1631 1167 1714 1194 pecu-

927 1203 998 1236 nias,
1013 1202 1126 1238 direque
1148 1203 1240 1231 animo
1253 1204 1291 1231 rei
1308 1203 1435 1231 familiari
1450 1205 1551 1232 addicti
1568 1207 1668 1240 (quam
1687 1210 1714 1233 et

925 1249 989 1276 vitae
1008 1253 1117 1276 aeternae
1135 1249 1324 1285 prmtulerat),
1349 1250 1376 1277 in
1398 1251 1550 1285 desperatis
1565 1252 1712 1280 habebant.

81 1287 180 1324 Magno
205 1290 298 1326 itaque
322 1293 376 1321 illis
399 1294 496 1322 timore
520 1295 632 1330 dignum
659 1296 799 1323 videbatur
818 1305 824 1322 :
843 1296 866 1324 si
887 1300 944 1324 tum
980 1297 1004 1324 is
1024 1296 1070 1332 qui
1091 1297 1220 1331 pecunias
1259 1297 1388 1330 haberet,
1422 1301 1478 1325 tum
1500 1298 1547 1332 qui
1570 1297 1711 1326 affectibus

79 1336 211 1370 gravidus
241 1343 328 1373 esset,
355 1340 382 1367 in
406 1341 519 1369 divitum
539 1350 623 1370 censu
657 1343 774 1371 habendi
788 1347 897 1377 essent,
920 1344 1027 1379 ipsique
1049 1344 1162 1379 perinde
1182 1351 1266 1379 regno
1299 1345 1432 1372 caelorum
1459 1345 1588 1380 ejiciendi
1611 1344 1709 1374 forent.

79 1383 196 1412 Animas
211 1387 285 1414 enim
310 1388 446 1417 immunes
460 1390 494 1417 ab
507 1390 648 1419 aﬂ‘ectibus
662 1399 694 1419 ac
708 1393 768 1419 labe
787 1400 870 1428 puras
891 1396 980 1420 manet
995 1393 1079 1420 salus.

114 1432 181 1460 ΚΜ,
207 1433 237 1460 'U
251 1434 280 1460 δὲ
295 1435 396 1471 Κύριος
406 1438 583 1473 ἀποκρίνεται
596 1448 602 1454 ·
630 1450 639 1465 ι
651 1440 723 1466 Διὸτι
737 1440 768 1466 τὸ
784 1441 812 1466 ὲν
825 1441 871 1467 ἀν-

79 1475 202 1512 θρώποις
223 1479 353 1507 ἀδύνατον
369 1481 480 1510 δυνατὸν
502 1483 570 1519 Θεῷ.
586 1494 595 1510 ι
616 1485 700 1512 Πάλιν
726 1486 772 1512 καὶ
793 1485 871 1512 τοῦτο

80 1524 203 1560 μεγάλης
228 1526 324 1560 σοφίας
348 1528 445 1562 μεστόν
472 1530 562 1556 ἐστιν·
583 1531 624 1557 ὅτι
649 1530 709 1557 καθ’
725 1531 804 1558 αὑτὸν
822 1532 870 1567 μὲν

959 1439 1038 1475 341
1059 1439 1131 1467 XXI.
1152 1438 1283 1467 Dominus
1296 1447 1359 1467 vero
1375 1439 1534 1474 respondit:
1549 1449 1558 1465 ‹
1574 1439 1652 1473 Quod
1669 1445 1712 1467 est

925 1486 1094 1520 impossibile
1111 1485 1183 1521 apud
1200 1485 1335 1517 homines,
1350 1489 1392 1513 est
1406 1486 1534 1522 possibile
1548 1485 1602 1514 Deo
1612 1486 1637 1514 ιν.
1650 1496 1660 1512 ι
1677 1486 1711 1512 Et

925 1533 976 1560 hoc
993 1540 1089 1560 rursus
1105 1540 1209 1567 magnae
1226 1533 1366 1567 sapientiae
1391 1533 1500 1566 plenum
1526 1536 1568 1560 est
1583 1542 1589 1560 :
1606 1532 1709 1560 idcirco

78 1569 173 1596 ἀσκῶν
186 1571 234 1597 καὶ
249 1571 456 1609 διαπονούμενος
471 1575 604 1603 ἀπάθειαν
626 1577 778 1613 ἄνθρωπος,
794 1578 869 1604 οὐδὲν

922 1578 1050 1606 nimirum
1065 1579 1137 1613 quod
1153 1579 1234 1606 homo
1250 1579 1309 1613 ipse
1326 1586 1341 1605 a
1358 1586 1397 1611 se,
1413 1586 1517 1614 suaque
1533 1579 1633 1606 virtute
1643 1585 1709 1614 ope-

76 1613 171 1642 ἀνύει·
196 1616 244 1644 ὲάν
266 1617 295 1644 δὲ
319 1619 430 1655 γένηται
455 1620 533 1656 δῆλος
548 1622 760 1659 ὑπερεπιθυμῶν
774 1623 868 1650 τούτου

79 1660 128 1686 καὶ
142 1661 354 1696 διεσπουδακὼς,
370 1667 402 1701 τῇ
420 1666 563 1704 προσθήκῃ
575 1668 626 1703 τῆς
645 1669 691 1695 τοῦ
707 1669 773 1696 Θεοῦ
788 1669 868 1697 δυνά-

80 1713 156 1740 μεως
171 1708 350 1743 περιγίνεται.
375 1711 554 1746 Βουλομέναις
572 1713 621 1748 μὲν
635 1713 689 1750 γὰρ
702 1716 716 1741 6
728 1715 794 1747 Θεὸς
810 1717 868 1748 ταῖς

78 1750 179 1786 ψυχαῖς
196 1757 368 1782 συνεπιπνεῖ·
385 1757 409 1783 εί
424 1757 451 1784 δὲ
470 1759 616 1786 ἀποσταῖεν
631 1760 680 1795 τῆς
703 1761 866 1796 προθυμίας,

77 1797 168 1844 καὶτὸ
181 1798 256 1826 δοθὲν
271 1801 303 1827 ἐκ
318 1801 385 1828 Θῖοῦ
401 1803 509 1839 πνεῦμα
522 1805 681 1841 συνεστάλη.
695 1807 731 1834 Τὸ
749 1807 797 1842 μὲν
813 1808 868 1844 γὰρ

77 1843 194 1876 ἄκοντας
209 1845 316 1878 σώζειν,
333 1848 391 1874 ἐστὶ
406 1849 574 1885 βιαζομένου·
587 1852 618 1878 τὸ
631 1852 659 1878 δὲ
674 1843 864 1888 αἱρουμένους,

76 1888 268 1924 χαριζομένου.
284 1892 350 1919 Οὐδὲ
362 1893 414 1920 τῶν
426 1895 609 1923 καθευδόντων
622 1898 668 1924 καὶ
684 1897 866 1932 βλακευόντων

76 1937 149 1982 εστὶν
165 1939 182 1973 ἡ
207 1938 331 1973 βασιλεία
352 1941 398 1967 τοῦ
423 1942 500 1977 Θεοῦ,
515 1943 573 1970 ἀλλ’
591 1954 600 1970 ι
613 1945 637 1971 οἱ
655 1944 763 1980 βιασταὶ
777 1947 867 1982 ἁρπά-

76 1981 167 2013 ζουσιν
185 1984 281 2019 αὑτήν.
297 1994 307 2010 ι
323 1985 396 2022 Αὕτη
414 1987 468 2023 γὰρ
481 1988 563 2023 μόνον
578 1989 622 2024 βία
637 1990 716 2026 καλὴ,
730 1981 866 2026 Θεὸνγβιά-

77 2028 184 2060 σασθαι,
203 2031 250 2058 καὶ
272 2032 348 2067 παρὰ
370 2033 436 2060 Θεοῦ
460 2034 531 2070 ζωὴν
553 2036 724 2071 ἀρπάσαι.“0
742 2037 770 2064 δὲ
785 2039 865 2072 γνοὺς

74 2076 136 2107 τοὺς
152 2075 281 2111 βεϐαίως,
300 2078 399 2113 μᾶλλον
413 2079 442 2106 δὲ
462 2079 554 2114 βιαίως
569 2081 774 2118 ἀντεχομένους,
790 2092 865 2110 συνε-

75 2120 209 2157 χώρησεν,
228 2120 299 2156 εἷξε·
318 2123 406 2160 χαίρει
423 2125 476 2162 γὰρ
492 2127 506 2152 ὁ
522 2126 588 2159 Θεὸς
604 2127 638 2154 τά
648 2128 761 2155 τοιαῦτα
777 2128 863 2164 ἡττώ-

76 2168 314 2204 μενος.Τοιγάρτοι
324 2170 426 2197 τούτων
439 2172 558 2204 ἀκούσας
573 2174 588 2199 6
601 2173 734 2210 μακάριος
750 2175 862 2210 Πέτρος,

73 2211 88 2237 ὁ
111 2212 248 2255 ἐκλεκτὸς,
270 2214 285 2240 6
311 2214 458 2251 ἐξαίρετος,
480 2216 494 2242 ὁ
517 2217 624 2253 πρῶτος
645 2219 699 2246 τῶν
722 2219 861 2255 μαθητῶν,

75 2256 144 2292 ὑπὲρ
156 2253 187 2284 οὗ
200 2258 281 2293 μὸνου
294 2259 342 2286 καὶ
355 2260 450 2288 ἑαυτοῦ
465 2262 510 2288 τὸν
522 2263 603 2298 φόρον
614 2263 628 2289 ό
640 2253 735 2300 Σωτὴρ
746 2253 858 2296 ἐκτελεῖ,
875 2256 897 2283 D

75 2302 176 2337 ταχέως
191 2304 300 2339 ἥρπασε
317 2305 363 2332 καὶ
381 2307 508 2334 συνέλαϐε
523 2308 572 2335 τὸν
585 2309 671 2343 λόγον.
691 2310 745 2337 Καὶ
767 2311 794 2337 τί
810 2320 861 2347 φη-

77 2357 133 2382 σιν;
153 2350 224 2376 (Ἴδε
240 2351 319 2386 ἡμεῖς
335 2353 479 2388 ἀφήκαμεν
495 2354 593 2388 πάντα,
610 2355 658 2381 καὶ
678 2356 863 2392 ἠκολουθήσα-

78 2394 125 2430 μέν
141 2404 194 2423 σοι.
210 2405 219 2421 ι
233 2396 274 2423 Td
288 2397 317 2423 δὲ
330 2398 416 2425 πάντα
428 2400 453 2426 εἰ
466 2400 515 2435 μὲν
531 2399 565 2426 τὰ
577 2401 705 2436 κτήματα
719 2402 753 2430 τὰ
765 2403 861 2430 ἑαυτοῦ

75 2441 156 2475 λέγει,
174 2441 311 2478 τέσσαρας
335 2443 445 2476 ὀϐολοὺς
469 2445 534 2477 ἴσως
557 2447 604 2473 τοῦ
629 2448 689 2474 ὅλου
707 2448 861 2476 καταλιπὼν

76 2487 263 2522 μεγαλύνεται,
277 2490 324 2516 καὶ
336 2491 437 2518 τούτων
451 2492 581 2525 ἁνταξὶαν
597 2495 754 2529 ἀποφαίνων
770 2496 804 2523 ἂν
817 2496 861 2523 λὰ-

75 2531 114 2578 Θοι
125 2533 174 2568 τὴν
192 2533 331 2569 βασιλείαν
345 2536 398 2563 τῶν
413 2537 535 2573 οὐρανῶν
547 2548 550 2552 ν
563 2540 588 2566 εἰ
603 2539 632 2566 δὲ
647 2539 719 2577 ἅπερ
735 2541 799 2578 ἄχρι
812 2542 859 2569 νῦν

76 2577 201 2614 ἐλέγομεν
216 2580 251 2607 τὰ
269 2581 372 2609 παλαιὰ
390 2582 424 2610 τὰ
446 2585 585 2620 κτήματα,
602 2587 650 2613 καὶ
664 2577 860 2624 ψυχικάννοσή-

78 2631 145 2669 ματα
161 2625 372 2662 ἀπορρίψαντες,
384 2629 495 2657 ἕπονται
518 2633 580 2658 κατ’
591 2632 664 2668 ἴχνος
685 2633 723 2669 τῷ
736 2634 859 2661 διδασκά-

75 2668 120 2705 λῳ,
133 2669 208 2716 τοῦτ’
224 2672 370 2700 ἀνάπτοιτο
390 2675 440 2710 ήδη
461 2677 518 2708 τοῖς
533 2677 563 2704 ὲν
579 2668 859 2716 οὐρανοϊςνέγγραφη-

77 2714 205 2761 σομένοις.
219 2716 299 2744 Οὕτω
323 2718 377 2754 γὰρ
402 2720 557 2749 ἀκολουθεῖν
580 2723 665 2756 ὅντως
688 2724 728 2760 τῷ
753 2714 858 2761 Σωτῆρι

75 2760 279 2797 ἀναμαρτησίαν
291 2763 337 2790 καὶ
349 2764 504 2802 τελειότητα
515 2767 563 2804 τὴν
577 2769 682 2796 ἐκείνου
696 2760 860 2806 μετερχόμε-

110 2852 138 2885 ›Ι‹
157 2849 189 2877 Ρ.
209 2851 264 2880 957
281 2851 338 2881 ΕΙ).
356 2853 505 2885 POTTER.

77 2888 89 2905 ε
103 2884 197 2914 Matth.
212 2894 273 2922 xIx,
290 2888 336 2917 28.

574 2866 588 2881 σι
604 2858 688 2888 Marc.
708 2867 735 2896 ι,
753 2859 798 2888 26.
835 2861 850 2882 Β
869 2861 936 2890 Luc.
951 2870 1028 2899 xvm,
1043 2863 1088 2891 27.

920 1632 978 1651 ram
991 1632 1106 1659 ponens,
1126 1625 1293 1659 studensque
1306 1631 1338 1651 ac
1354 1624 1482 1652 laborans
1501 1629 1530 1651 ut
1544 1623 1708 1659 compressis

919 1670 1061 1698 aﬁ‘ectibus
1077 1671 1219 1705 tranquilli
1239 1671 1322 1698 animi
1341 1671 1398 1703 fiat,
1414 1671 1481 1698 nihil
1497 1671 1559 1698 inde
1574 1675 1684 1706 praestat
1698 1680 1705 1698 :

919 1716 963 1743 sin
986 1720 1077 1743 autem
1099 1716 1159 1751 ejus
1183 1717 1320 1744 desiderio
1335 1717 1522 1745 vehementius
1540 1717 1705 1750 inardescat,

918 1761 1141 1797 diligentiamque
1166 1770 1274 1790 omnem
1301 1763 1439 1796 adhibeat,
1459 1763 1586 1798 adjuncta
1602 1763 1640 1790 illi
1664 1763 1706 1791 di-

917 1806 980 1834 vina
996 1808 1096 1835 virtute
1111 1808 1207 1836 evadet
1220 1812 1346 1836 votorum
1363 1816 1486 1844 compos.
1505 1809 1576 1837 Deus
1588 1817 1706 1844 namque

917 1854 1070 1881 volentibus
1083 1854 1181 1882 animis
1196 1855 1310 1889 aspirat.
1325 1854 1373 1882 Sin
1384 1859 1474 1882 autem
1486 1863 1501 1882 a
1514 1860 1604 1890 coepta
1620 1856 1705 1882 animi

917 1900 1058 1928 alacritate
1083 1901 1275 1933 abscesserint,
1291 1902 1373 1928 etiam
1387 1901 1467 1930 datus
1483 1909 1498 1929 a
1515 1902 1571 1930 Deo
1591 1903 1705 1937 spiritus

916 1945 1097 1972 contrahitur.
1115 1945 1210 1974 Invitis
1226 1946 1299 1974 enim
1314 1948 1430 1974 salutem
1456 1947 1562 1980 afferre,
1581 1949 1641 1983 ejus
1662 1953 1705 1976 est

915 1991 962 2026 qui
979 1991 1033 2018 vim
1048 1991 1160 2025 atl‘erat;
1176 1992 1332 2020 volentibus
1344 1998 1434 2021 autem
1449 1994 1534 2021 libero
1546 1994 1628 2021 animi
1639 2001 1704 2029 pro-

917 2037 1016 2072 posito,
1032 2037 1092 2072 ejus
1110 2038 1155 2072 qui
1173 2038 1321 2066 liberaliter
1337 2039 1484 2074 indulgeat.
1500 2039 1555 2067 Nec
1569 2040 1704 2068 dormien-

915 2083 982 2110 tium
1007 2088 1035 2110 et
1053 2083 1081 2110 in
1096 2083 1202 2111 deliciis
1215 2085 1353 2119 agentium
1365 2090 1407 2112 cst
1421 2093 1533 2120 regnum
1548 2087 1679 2114 caelorum
1692 2096 1700 2120 ;

916 2137 926 2154 ι
942 2128 989 2156 sed
1004 2128 1116 2156 violenti
1127 2130 1278 2164 rapiuntcn
1293 2130 1369 2157 illud.
1388 2130 1450 2157 Haec
1469 2131 1541 2158 enim
1557 2131 1616 2158 sola
1631 2132 1702 2159 bona

914 2171 1053 2205 violentia,
1069 2172 1124 2200 Deo
1138 2174 1192 2200 vim
1206 2173 1316 2206 inferre,
1333 2179 1414 2210 atque
1425 2182 1440 2202 a
1456 2175 1511 2203 Deo
1525 2176 1609 2204 vitam
1624 2185 1704 2213 rape-

913 2225 953 2246 re.
968 2217 1021 2251 Qui
1047 2223 1138 2246 autem
1162 2220 1237 2247 novit
1262 2228 1320 2254 eos,
1337 2221 1383 2256 qui
1405 2226 1516 2249 strenue
1529 2230 1562 2250 ac
1576 2222 1699 2257 firmiter,

913 2263 968 2290 imo
985 2263 1032 2298 qui
1049 2265 1182 2292 violenter
1196 2265 1236 2293 rei
1251 2266 1423 2304 incumbunt,
1439 2267 1499 2301 ejus
1515 2267 1621 2302 copiam
1636 2267 1700 2296 facit

915 2309 1058 2344 ceditque;
1080 2310 1179 2345 gaudet
1204 2310 1276 2338 enim
1289 2309 1360 2338 Deus
1372 2311 1399 2338 in
1411 2311 1452 2340 his
1465 2320 1495 2339 se
1510 2313 1592 2340 vinci.
1608 2312 1701 2347 Itaque

914 2363 978 2383 cum
992 2356 1049 2384 haec
1063 2357 1185 2385 audisset
1199 2357 1295 2385 beatus
1309 2356 1417 2391 Petrus,
1430 2359 1532 2386 electus
1547 2359 1592 2387 ille
1605 2363 1632 2386 et
1643 2361 1701 2388 exi-

914 2401 998 2434 mius,
1015 2402 1120 2436 primus
1142 2403 1187 2430 ille
1208 2403 1415 2438 discipulorum,
1440 2412 1489 2439 pro
1513 2413 1567 2440 quo
1595 2413 1650 2438 uno
1673 2410 1700 2433 et

914 2446 1005 2482 seipso
1018 2446 1150 2476 Dominus
1164 2448 1294 2476 tributum
1311 2450 1441 2485 pendit“;
1465 2459 1619 2479 sermonem
1633 2459 1700 2479 con-

913 2492 1006 2521 festim
1017 2495 1108 2530 rapuit
1122 2495 1232 2530 vimque
1244 2496 1303 2530 ejus
1317 2498 1533 2532 comprehendit.
1551 2497 1621 2530 Quid
1635 2506 1699 2526 vero

912 2539 970 2566 ait?
986 2549 996 2565 ι
1011 2539 1081 2568 Ecce
1094 2549 1146 2569 nos
1160 2543 1322 2577 reliquimus
1339 2544 1440 2577 omnia,
1456 2548 1483 2572 et
1502 2546 1588 2573 secuti
1603 2553 1698 2573 sumus

911 2589 938 2614 te
946 2591 968 2614 θ.
982 2596 991 2612 ι
1008 2585 1092 2614 Porro
1107 2589 1208 2621 omnia,
1224 2589 1246 2617 si
1261 2597 1292 2617 ea
1310 2590 1383 2617 dicat
1396 2599 1456 2626 quae
1470 2593 1497 2618 in
1514 2599 1599 2620 censu
1612 2592 1697 2620 habe-

911 2633 969 2665 bat,
979 2633 1082 2661 relictis
1092 2633 1219 2668 forsitan,
1228 2644 1289 2671 quze
1298 2641 1354 2664 tota
1362 2638 1514 2665 substantia
1528 2642 1612 2672 esset,
1627 2646 1697 2674 qua-

910 2682 974 2706 tuor
1003 2680 1105 2713 obolis,
1137 2682 1281 2718 magniﬁce
1309 2683 1451 2718 glorietur,
1484 2685 1696 2721 imprudensque

909 2726 1022 2761 dignum
1046 2727 1144 2755 horum
1168 2729 1309 2763 praemium
1322 2729 1464 2766 vicemque
1477 2738 1590 2766 regnum
1613 2733 1696 2759 caelo—

914 2780 974 2799 rum
997 2773 1166 2808 pronuntiet.
1189 2773 1239 2802 Sin
1252 2778 1343 2803 autem
1360 2784 1428 2811 quas
1445 2776 1579 2806 hactenus
1592 2785 1695 2806 memo—

1143 2870 1155 2885 ο
1174 2863 1268 2893 Matth.
1286 2873 1324 2900 ιι,
1342 2865 1384 2893 12.
1423 2866 1436 2886 d
1457 2866 1551 2894 Matth.
1567 2874 1633 2902 xvu,
1645 2866 1688 2894 26.
