1934 3075
234 168 286 196 627

812 167 1006 195 CLEMENTIS
1025 167 1259 195 ALEXANDRINI

1803 168 1853 197 628

232 229 366 260 ravlmus,
381 228 520 256 veteribus
534 229 721 264 spiritualibus
741 229 820 264 quasi
842 228 1017 258 facultatibus

1074 239 1122 262 νον,
1140 230 1187 258 καὶ
1210 230 1278 265 πρὸς
1300 230 1406 266 ὲκείνην
1424 229 1517 266 ὥσπερ
1541 230 1693 266 κάτοπτρον
1714 229 1854 265 κοσμῶντα

233 274 373 309 animique
396 274 603 310 agritudinibus
617 278 699 309 atque
715 274 789 302 vitiis
804 275 943 310 projectis,
958 283 1018 302 ma-

231 320 312 356 gistri
326 321 440 355 vestigia
462 324 628 355 sequuntur;
647 320 672 347 id
688 328 751 348 vero
765 321 821 356 jam
847 321 900 348 illis
917 328 1017 348 conne-

1070 276 1118 302 καὶ
1144 276 1308 311 ῥυθμίζοντα
1333 276 1381 312 τὴν
1407 275 1506 312 ψυχὴν,
1521 276 1568 302 καὶ
1585 274 1674 302 πάντα
1688 274 1734 302 διὰ
1750 274 1854 301 πάντων

1069 321 1169 357 ὁμοίως
1185 321 1351 349 διατεθέντα.

232 371 300 400 ctat,
325 368 372 403 qui
397 368 474 396 caelis
491 368 645 396 ascribendi
670 371 744 396 sunt.
778 367 822 396 Sic
845 368 918 396 enim
943 375 1038 396 revera
1058 373 1202 404 praestatur
1228 373 1258 396 ut
1283 369 1450 396 Salvatorem
1476 372 1617 404 sequatur,
1651 367 1699 403 qui
1724 367 1798 395 illius
1823 367 1854 393 ah

232 415 308 442 omni
323 415 470 444 immunem
486 424 557 443 noxa
571 416 655 442 vitam
670 416 743 443 colat
765 423 797 442 ac
816 415 1022 451 perfectionem,
1043 417 1144 452 quique
1158 417 1186 444 in
1201 417 1275 444 illam
1295 418 1368 444 velut
1381 416 1521 452 speculum
1553 414 1709 442 contuendo
1738 414 1854 441 animum

230 467 359 498 perornet
381 467 590 499 componatque,
615 471 647 491 ac
672 465 700 491 in
725 464 853 492 omnibus
875 471 955 499 pares
984 464 1023 491 illi
1043 473 1134 493 mores
1148 473 1262 500 prorsus
1276 465 1383 492 induat.

269 514 298 543 ὦ
319 511 403 538 XXII.
427 521 436 536 ι
453 511 634 547 Respondens
647 516 737 539 autem
755 511 844 544 Iesus,
859 513 916 539 ait:
932 513 1018 540 Arnen

230 557 292 585 dico
315 558 403 590 vobis,
418 558 464 593 qui
492 559 634 593 reliquerit
659 559 779 594 propria,
799 563 826 586 et
845 563 972 594 parentes
992 563 1019 588 et

231 603 330 632 fratres
354 609 381 632 et
407 605 538 640 pecunias
553 610 665 640 propter
676 613 719 633 me
733 609 760 632 et
774 610 884 640 propter
898 605 1020 641 Evange-

230 649 310 683 lium,
328 650 442 685 recipiet
456 651 560 678 centies
575 655 680 678 tantum
692 657 716 678 ιι.
732 661 742 677 ι
758 651 793 678 At
803 659 891 686 neque
906 651 957 679 hoc
971 659 1020 680 vos

230 697 332 729 turbet,
348 705 399 725 nec
416 698 490 732 quod
509 698 599 725 adhuc
611 697 770 726 durioribus
784 698 876 726 verbis
891 698 944 725 alio
959 699 1019 726 loco

230 742 335 771 editum
351 748 393 771 est
408 753 415 771 :
435 753 444 769 ι
458 743 511 776 Qui
528 751 584 771 non
606 743 663 771 odit
688 747 791 779 patrem
813 748 840 772 et
855 748 969 772 matrem
991 748 1019 772 et

229 788 312 821 filios,
328 789 419 816 adhuc
442 793 532 816 autem
556 793 583 816 et
602 789 720 815 animam
746 796 835 821 suam,
851 797 905 815 non
930 792 1020 823 potest

230 843 292 863 esse
306 843 384 863 meus
396 835 546 870 discipulus
555 836 579 861 δ.
594 845 604 861 ι
621 835 679 862 Νοιι
693 835 766 862 enim
781 835 909 870 praecepit
925 835 1018 862 odium

229 885 257 909 et
271 881 418 908 divortium
445 889 460 908 a
487 881 657 909 charissimis
674 881 746 909 Deus
760 881 847 917 pacis,
864 882 911 916 qui
922 885 953 909 et
967 881 1021 908 ini-

1104 514 1167 541 KB’.
1190 523 1200 540 ‹
1218 514 1387 550 Ἀποκριθεὶς
1400 514 1428 541 δὲ
1442 515 1456 540 ὀ
1480 513 1581 549 Ἰησοῦς
1597 511 1690 539 εἶπεν·
1709 511 1796 547 Ἀμὴν
1811 511 1855 537 λέ-

1069 569 1110 595 γω
1127 561 1202 596 ὑμῖν,
1213 560 1242 592 ὃς
1255 560 1287 587 ἂν
1298 562 1354 596 ἀφῇ
1371 561 1404 588 τὰ
1422 561 1484 592 ἴδια,
1499 560 1546 586 καὶ
1556 561 1644 594 γονεῖς
1654 560 1702 585 καὶ
1718 558 1855 591 ἀδελφοὺς,

1069 606 1116 633 καὶ
1131 607 1260 642 χρήματα
1276 606 1368 633 ἕνεκεν
1383 606 1449 641 ἐμοῦ
1461 606 1508 632 καὶ
1519 605 1610 632 ἕνεκεν
1620 604 1666 631 τοῦ
1680 603 1855 638 Εὑαγγελίου,

1070 653 1238 688 ἀπολήψεται
1254 652 1497 688 ἐκατομπλασίονα.
1508 661 1517 677 ι
1528 651 1606 678 Ἀλλά
1621 651 1689 687 μηδὲ
1701 649 1776 676 τοῦθ’
1788 650 1857 684 ὑμᾶς

1071 699 1287 734 ἐπιταρασσέτω,
1302 698 1368 734 μηδὲ
1381 698 1410 724 τὸ
1426 698 1466 724 ἐτι
1479 697 1659 733 σκληρότερον
1670 695 1790 731 ἀλλαχοῦ
1801 697 1857 727 ταῖς

1072 747 1174 779 φωναῖς
1189 745 1407 781 ἐξενηνεγμένον,
1417 755 1426 770 ι
1435 746 1483 776 Ὃς
1494 745 1524 771 οὐ
1541 745 1614 780 μισεῖ
1627 743 1736 777 πατέρα
1751 742 1799 768 καί
1808 751 1857 777 μη-

1071 791 1148 827 τέρα,
1165 793 1213 818 καὶ
1226 791 1333 824 παῖδας,
1351 791 1462 827 προσέτι
1478 791 1507 817 δὲ
1524 791 1570 817 καὶ
1586 790 1634 825 τὴν
1646 789 1738 824 ψυχὴν
1752 788 1857 820 ἑαυτοῦ,

1071 838 1138 873 ἐμὸς
1155 837 1276 873 μαθητὴς
1290 835 1358 864 εἶναι
1373 837 1403 864 οὐ
1420 836 1541 864 δύναται.
1555 847 1564 863 ι
1584 837 1621 863 Οὐ
1638 837 1694 872 γὰρ
1709 837 1858 871 εἰσηγεῖται

1072 885 1151 918 μῖσος
1165 884 1213 910 καὶ
1229 883 1348 910 διάλυσιν
1362 883 1416 910 ἀπὸ
1431 882 1484 909 τῶν
1499 882 1633 918 φιλτάτων
1647 883 1662 909 ὁ
1677 882 1728 917 τῆς
1751 883 1858 918 εἰρήνης

233 927 320 955 micos
342 927 455 963 diligere
477 927 579 962 iubeat.
605 927 684 960 Quod
709 927 731 955 si
754 927 857 954 inimici
890 927 1020 962 diligendi

1074 930 1145 962 θεὸς,
1161 930 1176 956 ὅ
1189 936 1220 964 γε
1235 930 1283 956 καὶ
1298 930 1360 961 τοὺς
1372 929 1486 965 ἐχθροὺς
1503 929 1611 964 ἀγαπᾷν
1624 928 1778 964 παραινῶν.
1790 929 1820 954 Εἰ
1832 927 1858 954 δὲ

231 977 306 1006 sunt,
323 974 382 1008 pari
407 973 489 1001 etiam
514 973 620 1000 ratione
644 973 678 1000 ab
704 973 745 1001 eis
769 973 952 1007 ascendendo,
972 974 1019 1009 qui

231 1023 297 1046 sunt
310 1026 410 1054 genere
426 1019 660 1054 conjunctissimi;
677 1023 723 1046 aut
737 1019 759 1046 si
774 1019 836 1046 odio
852 1019 968 1047 habendi
980 1019 1020 1046 af-

231 1064 300 1091 ﬁnes
316 1068 343 1091 et
358 1064 477 1098 cognati,
489 1065 587 1099 potiori
602 1064 707 1091 ratione
718 1064 882 1099 rejiciendos
894 1065 1020 1092 inimicos

231 1109 423 1137 descendendo
447 1110 640 1146 ratioedocet.
656 1109 775 1138 Proinde
792 1111 845 1137 alia
861 1110 942 1137 aliam
958 1118 1020 1138 sen—

231 1155 344 1182 tentiam
356 1154 459 1190 liquido
473 1155 600 1183 destruit.
616 1156 651 1183 At
662 1164 717 1184 non
732 1157 848 1184 invicem
863 1156 1019 1188 destruunt,

231 1208 320 1235 neque
335 1200 390 1228 ulla
405 1208 434 1228 re
448 1201 639 1233 adversantur,
658 1205 706 1228 aut
716 1201 758 1229 vel
768 1209 854 1237 prope
864 1201 1018 1229 destruunt.

232 1245 271 1274 Ex
295 1247 391 1274 eodem
417 1247 516 1282 quippe
535 1247 634 1275 affectu
652 1252 679 1275 et
698 1248 800 1280 animo,
815 1247 965 1282 eademque
979 1254 1021 1274 re-

231 1292 293 1327 gula
309 1296 414 1327 patrem
424 1293 487 1320 odio
501 1293 599 1321 habeat
613 1293 729 1320 amando
744 1293 898 1325 inimicum,
913 1294 958 1328 qui
971 1300 1022 1320 nec

231 1340 373 1367 inimicum
401 1340 561 1373 ulciscatur,
586 1348 676 1375 neque
695 1344 800 1376 patrem
825 1340 887 1375 plus
911 1339 1022 1367 Christo

231 1390 365 1414 vereatur.
379 1385 409 1413 In
422 1386 469 1414 illo
484 1386 593 1421 quidem
610 1386 693 1414 verbo
704 1387 797 1414 odium
813 1390 919 1414 resecat
933 1390 960 1413 et
973 1394 1020 1414 vo-

230 1432 362 1460 luntatem
385 1431 521 1459 inferendi
543 1433 624 1464 mala,
640 1432 668 1459 in
693 1433 745 1460 hoc
766 1440 832 1460 vero
855 1433 967 1459 nimiam
994 1432 1021 1459 in

231 1478 394 1513 coniunctos
409 1478 599 1510 reverentiam,
616 1477 680 1505 dum
699 1478 757 1505 haec
772 1477 853 1505 saluti
870 1477 978 1504 olliciat.
993 1477 1020 1504 Si

231 1531 295 1559 ergo
313 1523 432 1552 infidelis
443 1523 561 1558 cuipiam
577 1527 654 1558 pater
668 1527 715 1550 aut
731 1523 803 1550 [ilius
817 1527 863 1549 aut
878 1522 962 1549 frater
975 1530 1022 1549 ex-

232 1569 344 1602 stiterit,
361 1573 442 1604 atque
456 1570 553 1596 horum
571 1569 686 1604 quilibet
697 1569 759 1596 ﬁdei
773 1569 889 1603 vitaeque
902 1569 928 1595 in
944 1568 1022 1596 cmlis

1069 976 1132 1006 τοὺς
1142 975 1255 1011 ἐχθροὺς
1263 975 1429 1011 ἀγαπητέον,
1439 975 1569 1009 ἀνάλογον
1580 975 1627 1001 ἀπ’
1638 975 1752 1001 ἐκείνων
1760 974 1858 1001 ἀνιόντι

1069 1022 1117 1048 καὶ
1133 1022 1196 1053 τοὺς
1213 1021 1355 1055 ἐγγυτάτω
1369 1021 1479 1055 γένους·
1493 1021 1510 1054 ἢ
1525 1021 1548 1046 εἰ
1568 1020 1697 1056 μισητέον
1714 1020 1778 1051 τοὺς
1795 1019 1858 1054 πῴς

1069 1067 1195 1102 αἵματος,
1217 1066 1284 1093 πολὺ
1313 1066 1413 1101 μᾶλλον
1439 1066 1502 1097 τοὺς
1527 1065 1640 1101 ἐχθροὺς
1661 1064 1858 1092 ἀποϐάλλεσθαι

1069 1112 1171 1140 κατιὼν
1183 1113 1197 1138 ὁ
1210 1112 1288 1146 λόγος
1304 1112 1520 1139 διδάσκει.”Ωστε
1535 1111 1665 1147 ἀλλήλους
1686 1110 1859 1146 ἀναιροῦντες

1070 1158 1213 1194 ἐλέγχοιντ’
1230 1158 1262 1184 ἂν
1278 1159 1301 1184 οἱ
1315 1158 1397 1192 λόγοι.
1408 1158 1476 1184 Ἀλλ’
1493 1157 1546 1184 οὐδ’
1559 1157 1727 1193 ἀναιροῦσιν,
1743 1157 1798 1183 οὐδ’
1815 1157 1858 1190 ἑγ-

1070 1205 1136 1239 γύς·
1154 1204 1208 1231 ἀπὸ
1224 1204 1278 1240 γὰρ
1295 1204 1345 1239 τῆς
1362 1204 1446 1239 αὐτῆς
1459 1203 1572 1238 γνώμης
1588 1204 1635 1229 καὶ
1651 1202 1798 1233 διαθέσεως
1814 1202 1859 1228 καὶ

1071 1251 1118 1277 ἐπὶ
1136 1250 1174 1285 τῷ
1190 1249 1263 1285 αὐτῷ
1279 1250 1334 1286 ὅρῳ
1349 1249 1453 1285 πατέρα
1468 1249 1559 1284 μισοίη
1575 1257 1616 1280 τις
1633 1248 1665 1275 ἀν
1683 1248 1780 1284 ἐχθρὸν
1795 1249 1860 1281 ἀγα-

1071 1296 1140 1328 πῶν,
1158 1297 1171 1323 ὀ
1188 1297 1257 1332 μήτε
1274 1295 1370 1331 ἐχθρὸν
1385 1295 1564 1330 ἀμυνόμενος,
1582 1295 1650 1330 μήτε
1670 1295 1779 1330 πατέρα
1794 1295 1858 1330 Χρι-

1072 1341 1136 1368 στοῦ
1153 1341 1234 1367 πλέον
1251 1340 1417 1376 αἰδούμενος.
1427 1340 1471 1366 Ἐν
1487 1339 1584 1375 ἐκείνῳ
1601 1340 1649 1375 μὲν
1666 1340 1721 1375 γὰρ
1741 1339 1780 1374 τῷ
1791 1340 1859 1374 λόγῳ

1072 1389 1150 1422 μῖσος
1165 1387 1293 1413 ἐκκόπτει
1310 1387 1357 1413 καὶ
1374 1385 1544 1418 κακοποιίαν,
1557 1386 1587 1411 ὲν
1598 1385 1684 1420 τούτῳ
1694 1386 1723 1412 δὲ
1733 1385 1782 1421 τὴν
1794 1386 1858 1421 πρὸς

1071 1433 1104 1459 τὰ
1127 1432 1264 1468 σύντροφα
1280 1432 1429 1464 δυσωπίαν,
1447 1432 1471 1457 εἰ
1494 1430 1606 1466 βλάπτοι
1622 1431 1691 1466 πρὸς
1712 1431 1854 1466 σωτηρίαν.

1071 1479 1102 1504 Εἰ
1120 1478 1184 1512 γοῦν
1201 1478 1278 1510 ἄθεος
1294 1478 1336 1514 εἴη
1353 1478 1405 1504 τινί
1420 1477 1520 1514 πατὴρ,
1533 1477 1549 1512 ἢ
1567 1477 1633 1509 υἱὸς,
1647 1477 1662 1512 ἢ
1680 1477 1804 1510 ἀδελφὸς,
1815 1477 1858 1503 καὶ

1072 1524 1185 1560 κώλυμα
1201 1525 1251 1560 τῆς
1265 1525 1383 1557 πίστεως
1397 1525 1514 1560 γένοιτο,
1532 1526 1578 1552 καὶ
1595 1524 1726 1559 ἐμπόδιον
1743 1524 1792 1559 τῆς
1807 1523 1859 1550 ἀνω

1073 1570 1155 1606 ζωῆς,
1173 1571 1259 1606 τούτῳ
1277 1572 1314 1606 μὴ
1329 1571 1520 1607 συμφερέσθω,
1541 1570 1608 1606 μηδὲ
1623 1570 1780 1605 ὀμονοείτω,
1797 1569 1859 1596 cm:

232 1615 432 1650 consequentiae
457 1615 681 1650 impedimentum
704 1615 877 1650 prazstiterit;
902 1614 966 1641 huic
986 1621 1020 1641 ne

1074 1615 1119 1651 τὴν
1132 1616 1264 1652 σαρκικὴν
1276 1616 1428 1652 οἰκειότητα
1443 1615 1486 1643 διὰ
1501 1615 1549 1651 τὴν
1562 1614 1751 1650 πνευματικὴν
1764 1613 1858 1650 ἔχθραν

233 1662 398 1692 consentiat,
416 1665 464 1688 aut
487 1669 549 1688 cum
576 1661 623 1688 illo
648 1660 823 1688 concordiam
849 1660 958 1690 haheat,
975 1660 1022 1688 sed

233 1707 366 1742 spiritalis
382 1706 533 1734 inimicitiae
543 1713 626 1734 causa
641 1706 778 1733 carnalem
793 1705 1022 1733 necessitudinem

233 1753 332 1780 diluat.

269 1797 366 1826 XXIII.
386 1797 454 1826 Rem
472 1798 622 1826 arbitrator
636 1798 693 1826 litis
707 1805 770 1826 esse
782 1798 1021 1826 contestationem.

235 1843 305 1872 Hinc
331 1845 441 1880 quidem
466 1845 590 1872 videatur
604 1849 696 1872 astans
711 1848 789 1880 pater
810 1845 900 1872 dicere
917 1854 922 1871 :
941 1853 950 1869 ι
966 1845 1022 1879 Ego

234 1895 262 1919 te
284 1892 477 1927 proseminavi,
501 1891 618 1918 enutrivi
633 1901 640 1924 ;
658 1899 772 1926 sequere
795 1899 848 1924 me,
868 1891 1023 1925 pariterque

234 1936 328 1972 inique
352 1944 411 1972 age,
428 1944 478 1964 nec
493 1936 595 1964 Christi
619 1937 671 1972 legi
695 1937 854 1972 obsequere,
871 1946 881 1961 ι
899 1943 930 1963 ac
943 1935 1023 1970 quid-

234 1982 299 2019 quid
309 1984 383 2011 aliud
396 1983 436 2011 vir
446 1983 623 2018 blasphemus
634 1987 660 2010 et
672 1987 796 2010 mortuus
805 1987 901 2010 natura
912 1983 1021 2010 dixerit.

233 2029 351 2057 Aliunde
368 2038 433 2058 vero
448 2029 510 2057 audi
526 2029 694 2057 Salvatorem
711 2039 717 2057 :
738 2039 747 2055 ι
762 2030 818 2065 Ego
833 2033 860 2056 te
876 2036 1022 2064 regenera-

233 2078 272 2109 vi,
287 2077 334 2112 qui
354 2077 423 2104 male
439 2085 453 2104 a
470 2076 573 2104 mundo
592 2077 688 2105 mortis
705 2076 812 2104 victima
835 2075 934 2103 fuisses
948 2075 1024 2110 geni-

235 2128 279 2151 tus
292 2133 298 2150 :
313 2123 340 2150 in
355 2123 508 2151 libertatem
524 2123 641 2155 asserui,
657 2123 763 2154 sanavi,
776 2122 888 2150 redemi.
905 2121 961 2156 Ego
974 2121 1023 2149 Dei

233 2167 297 2195 boni
316 2168 402 2203 patris
419 2168 467 2195 tibi
482 2169 586 2195 vultum
602 2168 743 2196 ostendam
761 2177 767 2195 :
785 2168 839 2194 noli
855 2172 958 2203 patrem
973 2175 1022 2194 vo-

233 2221 298 2241 care
312 2221 395 2248 super
409 2218 510 2241 terram
527 2223 534 2241 :
553 2214 654 2241 mortui
679 2213 812 2248 sepeliant
829 2216 951 2240 mortuos
971 2222 977 2240 :
993 2217 1023 2239 tu

232 2266 300 2288 Vero
312 2267 355 2287 me
368 2267 496 2294 sequere;
510 2259 653 2288 sublimem
661 2260 731 2286 enim
748 2259 845 2286 ducam
861 2259 888 2285 in
901 2258 1021 2293 requiem
1042 2279 1061 2305 Β

235 2313 410 2338 arcanorum,
426 2310 453 2333 et
469 2314 529 2341 quae
544 2313 625 2333 nemo
645 2305 736 2340 eloqui
759 2308 850 2339 queat,
869 2304 1001 2332 bonorum
1015 2313 1022 2337 ;

235 2361 296 2387 qua:
311 2352 407 2380 oculus
422 2360 477 2380 non
493 2353 571 2385 vidit,
590 2359 641 2379 nec
655 2352 731 2379 auris
749 2351 852 2382 audiat,
869 2358 919 2378 nec
933 2351 959 2377 in
977 2357 1025 2377 eor

237 2398 356 2426 hominis
377 2399 590 2430 ascenderunt°,
615 2398 643 2425 in
667 2406 727 2432 qua:
752 2397 909 2425 desiderant
937 2396 1026 2431 angeli

237 2446 404 2480 prospicere,
422 2450 448 2472 et
473 2445 566 2472 videre
588 2452 648 2479 quae
673 2443 835 2479 praeparavit
861 2442 932 2470 Deus
955 2442 1026 2469 bona

237 2492 341 2519 sanctis
352 2499 434 2526 seque
446 2491 623 2526 diligentibus
636 2490 698 2518 liliis
706 2489 730 2517 ά.
741 2489 797 2524 Ego
807 2489 939 2516 nutritius
950 2493 1024 2520 tuus,

236 2536 284 2572 qui
299 2536 432 2570 meipsum
447 2543 544 2570 panem
557 2535 702 2570 praebeam,
714 2541 793 2568 quem
805 2533 851 2568 qui
863 2532 1022 2567 gustaverit,

238 2589 319 2608 nemo
333 2581 422 2607 adhuc
437 2581 532 2607 mortis
551 2579 700 2614 periculum
716 2579 814 2611 faciet;
840 2577 886 2612 qui
912 2575 1023 2603 fundam

239 2626 362 2662 quotidie
381 2629 475 2661 potum
499 2625 721 2652 immortalitatis.
738 2624 795 2659 Ego
812 2623 941 2658 magister
954 2621 1024 2648 cmlo

239 2672 365 2699 celsioris
378 2671 509 2699 doctrinae
525 2678 557 2697 ac
569 2671 730 2705 disciplinae.
749 2669 803 2697 Pro
819 2673 847 2696 te
860 2675 922 2695 cum
937 2670 1025 2694 morte

239 2723 378 2748 certamen
393 2718 535 2750 desudavi,
549 2724 580 2744 ac
594 2716 673 2752 cujus
688 2724 751 2743 reus
764 2722 850 2750 poena!
861 2721 923 2742 eras
932 2714 967 2740 ob
978 2721 1026 2748 pa—

238 2767 310 2792 trata
325 2764 424 2792 delicta
442 2763 551 2799 Deoque
569 2766 695 2798 negatam
711 2761 789 2788 fidem
805 2763 832 2788 et
847 2759 1024 2787 incredulita-

240 2812 276 2838 tis
292 2810 408 2843 crimen,
423 2817 472 2845 ego
488 2809 601 2838 exsolvi.
618 2817 627 2834 ›
647 2807 698 2841 Qui
713 2806 763 2835 hos
779 2807 905 2841 utrinque
922 2812 1026 2837 sermo-

1073 1661 1234 1690 διαλυσάτω.

1107 1798 1132 1824 Κ
1141 1799 1176 1824 Γ’.
1197 1798 1316 1834 Νόμισον
1328 1795 1396 1825 εῖναι
1407 1797 1437 1824 τὸ
1451 1798 1566 1834 πρᾶγμα
1578 1797 1764 1824 διαδικασίαν.
1773 1797 1801 1822 '0
1814 1796 1859 1831 μὲν

1073 1844 1163 1879 πατήρ
1185 1852 1226 1870 σοι
1239 1843 1350 1870 δοκείτω
1365 1842 1507 1879 παρεστὼς
1524 1843 1613 1877 λέγειν
1623 1851 1629 1857 ·
1642 1852 1652 1868 ι
1663 1842 1736 1876 Ἐγὼ
1752 1842 1859 1877 ἔσπειρα

1073 1890 1121 1916 καὶ
1143 1889 1257 1926 ἔθρεψα·
1282 1889 1422 1916 ἀκολούθει
1447 1898 1503 1924 μοι,
1526 1889 1574 1915 καὶ
1598 1888 1748 1920 συναδίκει,
1763 1887 1860 1922 καὶμὴ

1073 1936 1166 1963 πείθου
1177 1935 1215 1971 τῷ
1222 1935 1338 1972 Χριστοῦ
1349 1936 1432 1970 νόμῳ·
1444 1945 1453 1960 ι
1465 1935 1510 1961 καὶ
1520 1935 1569 1961 ὅσα
1577 1933 1610 1961 ἃν
1621 1935 1694 1961 εἴποι
1705 1934 1860 1970 βλάσφημος

1074 1982 1214 2017 ἄνθρωπος
1226 1981 1273 2008 καὶ
1283 1987 1379 2016 νεκρος
1390 1982 1422 2016 τῇ
1434 1980 1522 2014 φύσει,
1531 1980 1589 2007 Ἐτέ
1594 1980 1679 2016 ρωθεν
1689 1980 1718 2007 δὲ
1726 1981 1808 2007 ἄκουε
1817 1979 1861 2006 τοῦ

1074 2029 1199 2065 Σωτῆρος
1209 2037 1215 2043 ν
1231 2037 1240 2053 ι
1251 2027 1321 2061 Ἐγώ
1337 2035 1368 2053 σε
1384 2027 1559 2063 ἀνεγέννησα,
1578 2027 1671 2058 κακῶς
1689 2028 1744 2054 ὑπὸ
1760 2028 1861 2063 κόσμον

1073 2075 1140 2111 πρὸς
1151 2075 1262 2101 Θάνατον
1272 2074 1463 2108 γεγενημένον·
1473 2073 1657 2110 ἠλευθέρωσα,
1666 2074 1801 2110 ίασάμην,
1810 2074 1863 2100 ἐλυ-

1074 2120 1230 2156 τρωσάμην.
1240 2119 1310 2153 Ἐγώ
1321 2127 1362 2146 σοι
1372 2118 1450 2150 δείξω
1461 2118 1527 2145 Θεοῦ
1539 2120 1641 2154 πατρὸς
1649 2118 1754 2153 ἀγαθοῦ
1763 2119 1864 2155 πρόσω-

1075 2174 1124 2192 πον
1134 2174 1140 2180 ·
1157 2165 1193 2201 μὴ
1204 2165 1279 2192 κάλει
1293 2164 1398 2199 σεαυτῷ
1409 2164 1515 2200 πατέρα
1527 2165 1572 2191 ἐπὶ
1585 2165 1634 2200 γῆς
1643 2173 1650 2179 ·
1663 2165 1687 2191 οἱ
1700 2166 1793 2201 νεκροὶ
1805 2166 1864 2196 τοὺς

1074 2212 1187 2247 νεκροὺς
1210 2210 1404 2237 θαπτέτωσαν·
1426 2210 1459 2236 σὺ
1479 2209 1507 2235 δέ
1531 2218 1575 2245 μοι
1599 2210 1756 2237 ἀκολούθει·
1776 2211 1864 2242 ἀνάξω

1075 2257 1129 2292 γάρ
1145 2265 1174 2283 σε
1190 2256 1229 2288 είς
1243 2256 1394 2282 ἀνάπαυσιν
1406 2255 1532 2291 ἀρρήτων
1548 2255 1595 2281 καὶ
1606 2255 1727 2282 ἀλέκτων
1742 2257 1863 2291 ἀγαθῶν,

1075 2302 1092 2329 ἃ
1109 2302 1145 2337 μὴ
1162 2301 1299 2337 ὀφθαλμὸς
1310 2299 1373 2334 εἶδε,
1388 2301 1458 2337 μήτε
1473 2298 1518 2332 οὗς
1530 2301 1640 2336 ἤκουσε,
1655 2302 1725 2337 μήτε
1741 2303 1789 2329 ἐπὶ
1803 2311 1865 2338 καρ-

1073 2347 1133 2374 δίαν
1155 2347 1306 2383 ἀνθρώπων
1330 2346 1424 2381 ἀνέϐη,
1441 2347 1480 2378 είς
1507 2346 1525 2373 ἃ
1548 2346 1728 2382 ἐπιθυμοῦσιν
1755 2348 1864 2382 ἄγγελοι

1076 2393 1244 2430 παρακύψαι,
1260 2393 1307 2420 καὶ
1332 2393 1395 2419 ἰδεῖν
1423 2392 1495 2428 ἀπερ
1518 2392 1665 2428 ἡτοίμασεν
1685 2394 1700 2420 ὁ
1720 2393 1787 2424 Θεὸς
1812 2395 1865 2426 rei;

1075 2440 1164 2475 ἁγίοις
1185 2439 1275 2474 ἀγαθὰ
1298 2439 1346 2465 καὶ
1368 2439 1423 2470 τοῖς
1439 2438 1559 2473 φιλοῦσιν
1577 2439 1657 2465 αὑτὸν
1669 2439 1864 2474 τέκνοις.Ἐγὼ

1076 2495 1122 2512 σου
1136 2486 1262 2521 τροφεὺς,
1280 2485 1484 2521 ἄρτονὲμαυτὸν
1493 2483 1588 2516 διδοὺς,
1599 2480 1629 2510 οὗ
1640 2485 1810 2521 γευσάμενος
1822 2486 1864 2513 οὑ-

1076 2532 1132 2563 an;
1142 2532 1180 2558 ἔτι
1194 2533 1290 2567 πεῖραν
1302 2530 1416 2556 θανάτου
1426 2530 1570 2565 λαμϐάνει,
1585 2530 1632 2556 καὶ
1644 2530 1720 2565 πόμα
1733 2530 1793 2557 καθ’
1802 2531 1865 2566 ἡμέ-

1078 2586 1128 2613 ραν
1151 2577 1267 2608 ὲνδιδοὺς
1286 2575 1443 2607 ἀθανασίας.
1453 2575 1522 2610 Ἐγὼ
1537 2575 1695 2607 διδάσκαλος
1713 2576 1864 2612 (amycum—

1076 2624 1140 2650 νίων
1156 2622 1347 2658 παιδευμάτων
1357 2631 1363 2637 ·
1383 2622 1453 2658 ὑπὲρ
1469 2622 1516 2648 σοῦ
1533 2622 1601 2657 πρὸς
1619 2622 1665 2649 τὸν
1681 2622 1795 2649 θάνατον
1811 2623 1865 2658 διη-

1078 2669 1236 2705 γωνεσάμην
1253 2670 1300 2695 καὶ
1316 2669 1361 2695 τὸν
1378 2669 1423 2695 σὺν
1440 2668 1546 2700 ὲξέτισα
1563 2667 1686 2700 θάνατον,
1702 2668 1731 2695 ὃν
1753 2668 1865 2703 ὥφειλες

1078 2714 1125 2739 ἐπὶ
1133 2715 1188 2744 τοῖς
1199 2721 1362 2748 προημαρτη
1367 2712 1458 2747 μένοις
1468 2713 1515 2738 καὶ
1527 2713 1559 2747 τῇ
1573 2712 1641 2748 πρὸς
1648 2712 1715 2738 Θεὸν
1725 2714 1862 2750 ἀπιστίᾳ.»

1079 2758 1187 2786 Τούτων
1200 2757 1252 2785 τῶν
1266 2757 1351 2792 λόγων
1362 2757 1531 2794 ἑκατέρωθεν
1541 2758 1696 2790 διακούσας,
1708 2758 1777 2794 ὑπὲρ
1786 2767 1865 2786 σεαυ-

1080 2804 1126 2831 τοῦ
1141 2804 1260 2836 δίκασον,
1277 2804 1324 2841 κα).
1339 2803 1388 2839 τὴν
1402 2803 1492 2839 ψῆφον
1508 2803 1602 2838 ἔνεγκε
1619 2805 1651 2839 τῇ
1666 2804 1764 2832 σαυτοῦ
1779 2812 1863 2840 σωτη-

281 2891 310 2919 »Ιε
334 2887 364 2915 Ρ.
385 2887 438 2916 938
458 2886 511 2915 EI).
532 2885 680 2915 ΡΟΤΤΕΒ.
702 2892 714 2907 ι
733 2884 817 2914 Marc.
831 2893 867 2918 ιι,
889 2884 924 2912 29
973 2883 986 2905 b
1005 2882 1021 2911 I.

1091 2890 1146 2916 xw,
1162 2882 1207 2910 26.
1246 2887 1256 2901 ο
1275 2879 1363 2909 ICor.
1383 2889 1416 2915 ιι,
1442 2882 1468 2910 9.
1507 2881 1519 2902 ἀ
1542 2881 1623 2909 IPet.
1643 2889 1663 2916 ι,
1680 2882 1724 2910 12.
