1934 3075
105 142 168 170 629

659 144 760 173 LIBER
780 146 860 180 QUIS
878 147 978 176 DIVES
998 147 1192 176 SALVETUR.

1683 151 1735 179 650

105 201 172 238 ρίᾳ.
187 201 243 228 Κᾶν
259 202 371 237 ἀδελφὸς
386 202 467 237 ὃμοια
481 202 557 240 λέγῃ,
570 204 620 231 κᾶν
637 204 741 236 τέκνον,
757 205 808 232 κᾶν
820 206 888 242 γυνὴ

951 215 1000 235 nes
1023 207 1129 238 audias,
1146 215 1195 242 pro
1211 210 1237 235 te
1252 207 1309 242 ipse
1326 211 1385 235 esto
1398 207 1492 242 judex,
1509 207 1590 243 inque
1609 211 1663 237 tua
1679 217 1735 237 rem

103 245 163 272 κᾶν
183 247 314 279 ὁστισοῦν,
329 248 381 283 πρὸ
403 249 511 275 πάντων
532 250 561 275 ὲν
584 251 626 277 σοὶ
649 251 765 286 Χριστὸς
785 252 799 277 ὁ
817 253 899 278 νικῶν

103 291 185 320 ἔστω
195 301 202 309 ·
217 294 287 330 ὑπὲρ
304 294 351 321 σοῦ
368 294 422 331 γὰρ
437 296 609 330 ἀγωνίζεται.

496 338 523 347 ν-

142 425 209 452 ΚΔν.
227 426 344 454 Δύναται
360 429 406 454 καὶ
422 428 476 455 τῶν
500 430 648 465 χρημάτων
674 430 836 468 ἐπίπροσθεν
862 431 899 460 εἷ-

103 480 163 498 ναι.
177 473 297 508 Φράσον·
317 482 327 499 r
339 474 391 500 Ναὶ
407 475 457 501 οὐκ
472 475 572 511 ἀπάγει
591 485 625 512 με
638 478 755 514 Χριστὸς
767 480 817 515 τῆς
834 482 899 517 κτή-

103 523 190 548 σεως,
206 518 220 543 6
238 517 339 554 Κύριος
359 519 390 545 οὐ
407 519 505 554 φθονεῖ.
518 530 526 546 ι
551 521 619 548 Ἀλλ’
639 523 705 560 ὁρᾷς
721 525 835 555 σεαυτὸν
851 527 899 562 ήτ-

102 561 232 598 τώμενον
247 564 293 590 ὑπ’
310 565 399 592 αὐτῶν
416 565 462 592 καὶ
481 567 716 604 ἁνατρεπόμενον;
739 571 839 607 Ἀφες,
859 561 899 608 ρί-

101 607 168 642 qm,
194 610 317 645 μίσησον,
341 612 485 645 ἀπόταξαι,
508 614 588 649 φύγε.
611 615 691 643 ιΚᾶν
711 617 725 643 6
745 617 831 651 δὲξιὸς
850 607 896 646 σου

101 653 249 690 ὀφθαλμὸς
262 657 424 694 σκανδαλίζῃ
435 667 477 694 σε,
489 669 498 685 ι
516 661 620 696 ταχέως
630 672 639 688 ι
651 663 765 699 ἔκκοψον
782 666 872 694 αὐτόν,
886 677 895 694 ι

99 699 296 737 Αἱρετώτερον
322 703 515 740 ὲτεροφθάλμῳ
542 705 664 739 βασιλεία
687 707 771 742 Θεοῦ,
796 709 813 745 ἢ
838 711 897 738 ὀλο-

99 745 203 792 κλήρῳ
218 747 248 773 τὸ
273 747 339 784 πῦρ.
353 748 412 776 Κᾶν
436 751 506 785 χεὶρ,
524 750 575 778 κᾶν
600 752 682 785 ποῦς,
700 753 752 780 κᾶν
768 755 783 790 ἡ
807 755 896 792 ψυχὴ,

101 791 226 838 μίσησον
255 793 349 828 αὐτήν.
376 794 424 820 Ἂν
447 795 500 830 γὰρ
529 796 645 825 ἐνταῦθα
670 799 803 836 ἀπόληται
827 801 897 838 ὑπὲρ

99 837 238 873 Χριστοῦ,
249 839 308 865 ἐκεῖ
319 838 527 877 ζωογονήσεται.

137 923 209 950 KE’.
227 924 336 960 Ταύτης
354 926 382 952 δὲ
403 927 504 963 ὁμοίως
530 928 621 964 ἔχεται
644 931 694 966 τῆς
719 932 830 968 γνώμης
848 935 895 961 καὶ

98 967 130 994 τδ
145 969 299 1003 ἑπόμενον
319 980 328 996 ι
343 971 401 997 Νῦν
422 973 452 999 ὲν
467 973 505 1009 τῷ
522 975 611 1011 καιρῷ
626 976 713 1012 τούτῳ
732 967 834 1013 ἀγροὺς
849 980 895 1006 καὶ

98 1013 236 1060 χρήματα
259 1016 306 1042 καὶ
332 1017 420 1049 οἰκίας
445 1019 491 1045 καὶ
512 1020 642 1055 ἀδελφοὺς
663 1023 699 1059 μὴ
726 1023 798 1059 ἔχειν
827 1026 896 1060 μετὰ

98 1058 244 1103 διωγμῶν.
256 1070 266 1085 ι
287 1061 355 1088 Οὔτε
372 1063 426 1099 γὰρ
447 1065 638 1101 ἀχρημάτους,
660 1068 723 1095 οὔτε
737 1058 893 1103 ἀνεστίους,

98 1102 164 1130 οὔτε
182 1104 348 1140 ἀναδέλφους
364 1108 410 1134 ἐπὶ
426 1109 473 1144 τὴν
486 1109 557 1146 ζωὴν
573 1112 659 1145 καλεῖ,
674 1115 735 1140 ἐπεὶ
751 1116 798 1142 καὶ
814 1102 895 1142 πλουέ

99 1149 177 1196 eius:
201 1150 349 1187 κέκληκεν·
368 1153 424 1180 ἀλλ’
448 1155 476 1181 ὂν
492 1156 590 1191 τρόπον
615 1160 828 1196 προειρήκαμεν,
847 1162 894 1189 καὶ

98 1194 236 1243 ἀδελῗοὺς
261 1199 321 1243 κατ’
344 1199 435 1233 αὐτὸν,
459 1200 553 1238 ὥσπερ
569 1203 672 1240 Πέτρον
681 1194 740 1240 μετ’
759 1194 892 1243 Ἀνδρέου,

99 1240 146 1266 καὶ
168 1241 300 1269 Ἰάκωϐον
317 1244 386 1279 μετὰ
404 1246 526 1273 Ἰωάννου
542 1249 604 1280 τοὺς
626 1251 766 1278 Ζεϐεδαίου
785 1240 892 1286 παῖδας,

97 1285 158 1312 ἀλλ’
181 1287 363 1333 ομονοοῦντας
387 1291 511 1327 ἀλλήλοις
529 1302 559 1320 τε
587 1296 634 1321 καὶ
659 1295 779 1333 Χριστῷ.
805 1299 841 1326 Τὸ
864 1300 892 1327 δὲ

101 1339 110 1355 ι
124 1331 199 1365 μετὰ
213 1331 342 1368 διωγμῶν
354 1344 363 1359 ι
382 1335 467 1363 ταῦτα
483 1337 585 1365 ἕκαστα
598 1339 669 1374 ἔχειν
685 1331 891 1379 ἀποδοκιμάζει.

98 1378 229 1421 διωγμὸς
249 1380 278 1406 δὲ
292 1381 306 1407 ὀ
323 1381 373 1416 μέν
388 1390 430 1414 τις
446 1383 544 1416 ἔξωθεν
560 1387 746 1421 περιγίνεται,
769 1378 823 1416 τῶν
844 1391 892 1417 ἁν-

98 1419 251 1471 θρώπωνῆ
269 1423 303 1450 δι’
323 1424 432 1461 ἔχθραν,
450 1427 465 1462 ἢ
489 1428 532 1455 διὰ
550 1419 656 1463 φθόνον,
671 1431 687 1467 ἧ
704 1419 748 1459 διᾶ
768 1434 893 1471 φιλοκέρ-

97 1467 185 1500 δειαν,
208 1468 226 1505 ἢ
250 1471 311 1497 κατ’
338 1472 478 1507 ἐνέργειαν
510 1474 663 1512 διαϐολικὴν
691 1479 754 1511 τοὺς
781 1482 892 1514 πιστοὺς

97 1512 281 1542 ἐλαυνόντων
295 1516 309 1542 6
323 1516 350 1543 δὲ
365 1518 555 1553 χαλεπώτατος
570 1520 674 1549 ἔνδοθέν
686 1525 742 1551 ἐστι
762 1512 891 1562 διωγμὸς,

96 1560 127 1593 εξ
138 1561 229 1608 apri};
250 1563 356 1599 ἑκάστῳ
372 1564 422 1600 τῆς
436 1565 524 1601 ψυχῆς
540 1569 777 1605 προπεμπόμενος,
795 1560 892 1608 λυμαι-

96 1607 217 1643 νομένης
242 1608 294 1634 ὑπὸ
309 1609 460 1645 ἐπιθυμιῶν
479 1611 566 1639 ἀθέων
583 1614 628 1640 καὶ
643 1615 743 1650 ἡδονῶν
762 1618 890 1645 ποικίλων

96 1653 144 1680 καὶ
161 1654 275 1688 φαύλων
291 1655 404 1683 ἐλπίδων
420 1658 467 1684 καὶ
481 1658 607 1695 φθαρτῶν
622 1661 888 1700 ὀνειροπολημάτων*

95 1698 162 1726 ὅταν
179 1699 225 1726 ἀεὶ
241 1700 295 1726 τῶν
312 1701 440 1729 πλειόνων
456 1704 618 1742 ὀρεγομένη,
636 1698 822 1736 καὶ-λυσσῶσα
837 1711 890 1737 ὑπὸ

95 1742 207 1792 αγρίων
229 1744 349 1780 ἐρώτων,
367 1747 413 1773 καὶ
437 1748 587 1786 φλεγομένη
616 1752 741 1790 καθάπερ
767 1755 889 1792 κέντροις

94 1788 112 1824 ἢ
129 1789 226 1824 μύωψι
250 1792 305 1823 τοῖς
321 1794 511 1828 προκειμένοις
526 1796 593 1832 αὐτῇ
617 1788 740 1832 πάθεσιν,
758 1788 889 1837 ἐξαιμάσ-

96 1844 178 1871 σηται
195 1838 266 1872 πρὸς
283 1840 401 1872 σπουδὰς
419 1842 564 1876 μανιώδεις
583 1845 630 1870 καὶ
647 1845 718 1881 ζωῆς
733 1847 889 1882 ἀπόγνωσιν

94 1883 142 1930 και
159 1883 230 1910 Θεοῦ
246 1887 456 1922 καταφρόνησιν.
474 1885 559 1922 Οὗτος
573 1891 587 1917 ό
602 1890 720 1927 διωγμὸς
741 1893 888 1930 βαρύτερος

94 1929 142 1955 καὶ
157 1930 360 1968 χαλεπώτερος,
373 1933 476 1961 ἔνδοθεν
498 1935 667 1971 ὁρμώμενος,
684 1938 727 1964 ἀεὶ
745 1929 847 1972 συνὼν,
859 1940 887 1967 ὂν

95 1974 155 2023 οὐδε
173 1977 305 2023 ὲκερυγεῖν
320 1979 334 2004 ὁ
347 1978 510 2015 διωκόμενος
524 1981 634 2014 δύναται
645 1992 651 1999 ’
664 1984 709 2011 τὸν
722 1985 776 2022 γὰρ
792 1987 887 2023 ἐχθρὸν

95 2019 124 2045 ὲν
139 2020 232 2056 ἑαυτῷ
252 2023 378 2058 περιάγει
395 2026 541 2060 πανταχοῦ.
561 2027 638 2054 Οὕτω
658 2029 704 2058 καὶ
721 2019 852 2067 πύρωσις,
869 2034 885 2068 ἡ

96 2064 145 2101 μὲν
159 2066 262 2100 ἔξωθεν
279 2069 486 2104 προσπίπτουσα
500 2072 660 2108 δοκιμασίαν
678 2064 884 2111 κατεργάζεται,

94 2111 111 2146 ἡ
123 2112 152 2138 δὲ
167 2112 277 2140 ἔνδοθεν
300 2114 413 2142 θάνατον
428 2116 631 2153 διαπράττεται.
658 2121 713 2147 Καὶ
730 2121 856 2157 πόλεμος,
872 2125 886 2150 6

96 2158 145 2206 μεν
160 2159 284 2192 ἐπακτὸς
303 2161 402 2196 ῥᾳδίως
429 2164 602 2198 καταλύεται,
618 2166 632 2192 6
655 2166 683 2193 δὲ
702 2167 732 2194 ὲν
754 2170 785 2204 τῇ
811 2169 884 2206 ψυχῇ

96 2203 178 2239 μέχρι
195 2204 311 2232 θανάτου
331 2211 556 2245 παραμετρεῖται.
573 2212 650 2239 Μετὰ
663 2203 784 2249 διωγμοῦ
796 2203 884 2242 mea:

94 2257 140 2275 του
160 2250 277 2278 πλοῦτον
299 2252 346 2279 ἐὰν
363 2253 426 2294 ἔχῃς
452 2255 497 2281 τὸν
524 2256 660 2292 αἰσθητὸν,
678 2258 728 2285 κᾶν
754 2260 884 2296 ἀδελφοὺς
899 2273 921 2300 Ι)

94 2296 157 2327 τοὺς
173 2297 243 2332 πρὸς
269 2298 382 2333 αἵματος
396 2301 443 2330 καὶ
458 2300 490 2327 τὰ
512 2301 578 2328 ἄλλα
602 2303 727 2340 ἐνέχυρα,
751 2307 883 2334 κατάλιπε

94 2341 143 2376 τὴν
167 2342 270 2369 τούτων
301 2346 475 2381 παγκτησίαν
500 2346 549 2382 τὴν
575 2348 622 2375 ἐπὶ
655 2350 741 2385 κακῷ,
770 2353 882 2389 εἰρήνην

97 2388 204 2423 σεαυτῷ
227 2390 384 2426 παράσχες,
407 2391 602 2429 ὲλευθερώθητι
624 2394 742 2432 διωγμοῦ
766 2388 881 2435 μακροῦ,

97 2433 295 2471 ἀποοητριέιφηθι¹
309 2437 376 2472 πρὸς
390 2438 420 2464 τὸ
435 2439 600 2474 Εὑαγγέλιον
617 2442 663 2468 ἀπ’
681 2443 802 2476 ἐκείνων,
820 2433 881 2472 ἑλοῦ

97 2479 141 2507 τὸν
163 2478 278 2517 ἃοτῆρα
303 2483 356 2523 πρὸ
382 2483 500 2519 πάντων,
523 2487 568 2513 τὸν
590 2487 640 2523 τῆς
667 2488 716 2523 σῆς
735 2491 882 2526 συνήγορον

93 2526 140 2572 καὶ
159 2526 334 2564 παράκλητον
356 2529 458 2566 ψυχῆς,
481 2532 525 2559 τὸν
547 2533 596 2568 τῆς
612 2533 726 2569 ἀπείρου
750 2535 881 2572 πρύτανιν

198 2582 207 2598 ‹
226 2573 266 2600 Τὰ
289 2574 344 2610 γὰρ
374 2575 526 2612 βλεπόμενα
554 2578 724 2615 πρόσκαιρα·
742 2570 776 2608 τά
791 2581 818 2608 δὲ
842 2582 881 2618 μὴ

95 2617 248 2665 βλεπόμενα
264 2620 368 2648 αἰώνια.
382 2631 391 2647 ι
409 2622 464 2649 Καὶ
483 2623 513 2649 ἐν
530 2623 580 2659 μὲν
595 2624 633 2660 τῷ
656 2626 770 2661 παρόντι
792 2617 880 2665 χρόνω

95 2662 226 2700 ὠκύμορα
240 2665 286 2692 καὶ
299 2666 424 2700 ὰὸἐὸαια,
438 2668 467 2695 ὲν
480 2668 518 2704 τῷ
530 2670 669 2706 ἐρχομένῳ
682 2671 711 2697 δὲ
723 2671 778 2708 ζωή
798 2662 879 2700 ἔστιν

94 2709 212 2742 αἰώνιος.

950 253 1047 281 salutis
1061 252 1131 280 ferto
1151 253 1324 280 sententiam.
1343 253 1376 279 Et
1389 254 1411 281 si
1429 253 1513 281 frater
1527 254 1626 281 similia
1640 255 1736 290 loqua-

949 303 1005 331 tur,
1019 302 1045 327 et
1056 299 1079 326 si
1095 299 1175 330 ﬁlius,
1189 304 1216 327 et
1226 299 1249 326 si
1266 306 1343 332 uxor,
1357 303 1384 326 et
1399 299 1422 326 si
1436 300 1525 334 quivis
1534 300 1614 333 alius,
1629 305 1692 328 ante
1703 304 1732 333 ᾗς

948 352 1043 372 omnes
1057 344 1182 372 Christus
1199 345 1226 372 in
1244 349 1270 372 te
1286 345 1394 378 vincat;
1407 346 1508 381 quippe
1522 346 1602 382 cujus
1617 347 1662 374 ille
1672 355 1736 383 gra-

949 389 985 415 tia
1003 389 1030 415 in
1047 396 1156 416 arenam
1172 388 1328 416 descendat.

984 434 1077 462 XXIV.
1094 435 1174 462 Potes
1186 440 1212 461 et
1227 436 1348 470 pecuniis
1362 443 1508 471 opponere.
1522 436 1625 465 Dicito:
1639 447 1649 463 ι
1662 437 1734 466 Sane

949 489 1003 508 non
1023 485 1094 508 vetat
1117 481 1242 508 Christus
1258 489 1292 509 ne
1309 483 1499 516 possessiones
1524 483 1655 516 habeam,
1678 491 1732 511 non

949 526 1051 552 invidet
1065 525 1207 553 Dominus.
1219 535 1228 552 ι
1248 526 1282 552 At
1297 526 1373 554 vides
1391 527 1499 554 illarum
1525 532 1551 554 te
1574 527 1647 555 vinci
1670 528 1733 555 libi-

948 571 1022 603 dine,
1040 575 1067 598 et
1087 579 1102 598 a
1119 572 1218 599 mentis
1242 575 1314 599 statu
1329 580 1359 599 ea
1384 577 1410 600 te
1433 573 1586 601 dimoveri?
1611 573 1732 606 Dimitte,

948 616 1061 652 projice,
1077 616 1139 644 odio
1161 616 1240 650 habe,
1254 617 1426 649 abrenuntia,
1451 617 1522 653 fuge.
1550 627 1560 643 ι
1574 617 1606 644 Ει
1627 618 1651 645 si
1665 618 1732 645 dex-

948 667 990 690 ter
1010 663 1106 690 oculus
1128 662 1294 690 scandalizat
1320 668 1355 696 te,
1374 673 1384 689 »
1405 672 1485 699 quam
1511 665 1628 699 primum
1645 672 1732 692 «eruc

948 715 1009 735 eum
1032 714 1056 736 ι.
1082 718 1092 734 ι
1114 707 1209 736 Melius
1232 711 1274 736 est
1298 716 1359 735 cum
1381 710 1500 737 unoculo
1523 717 1637 745 regnum
1663 709 1731 742 Dei,

947 761 1029 788 quam
1045 753 1149 789 integro
1164 753 1245 789 ignis.
1260 753 1324 782 Sive
1338 754 1374 782 sit
1392 762 1501 788 manus,
1517 755 1574 783 sive
1594 763 1653 790 pes,
1674 755 1733 783 sive

947 799 1058 830 anima.
1084 799 1155 827 habe
1182 799 1256 827 odio.
1282 799 1310 827 Si
1348 801 1420 828 enim
1446 801 1492 828 hic
1516 801 1619 829 Christi
1648 808 1732 828 causa

947 846 1029 873 etiam
1062 850 1171 881 pereat,
1196 845 1287 874 futuro
1310 853 1367 874 aevo
1384 846 1417 874 ad
1446 847 1527 874 vitam
1551 847 1732 882 reparandam

910 902 933 932 Β
947 897 1084 926 exspecta.

979 936 1060 972 342
1076 936 1159 965 XXV.
1186 936 1264 964 Hune
1291 946 1402 966 sensum
1422 938 1524 966 habent
1548 941 1575 965 et
1601 946 1662 973 qua:
1685 939 1729 966 sc-'

944 987 1087 1016 quuntur:
1109 991 1118 1007 ι
1133 981 1221 1015 Nunc,
1247 983 1275 1010 in
1299 987 1422 1018 tempore
1448 984 1510 1015 hoc,
1535 991 1625 1019 agros.
1649 991 1732 1018 pecu-

944 1027 1029 1060 niam,
1045 1027 1142 1055 domos
1162 1033 1189 1056 et
1205 1028 1303 1057 fratres
1318 1038 1372 1056 non
1398 1029 1500 1057 habere
1515 1037 1576 1057 cum
1601 1037 1731 1065 persecu-

944 1073 1065 1102 tionibus
1077 1074 1101 1101 h.
1114 1084 1123 1100 ι
1151 1074 1244 1110 Neque
1263 1075 1335 1103 enim
1360 1079 1439 1102 vocat
1456 1076 1489 1103 ad
1515 1076 1597 1104 vitam
1613 1076 1660 1111 qui
1679 1083 1729 1111 pe-

944 1121 1024 1147 cunia
1049 1125 1169 1153 careant,
1184 1121 1232 1156 qui
1248 1122 1308 1149 sine
1334 1124 1390 1149 lare
1407 1126 1434 1149 et
1451 1126 1535 1155 tecto,
1559 1122 1606 1157 qui
1630 1122 1730 1150 fratres

944 1166 1034 1194 nullos
1054 1166 1187 1199 habeant,
1203 1175 1266 1194 cum
1283 1168 1422 1195 vocaverit
1437 1169 1519 1195 etiam
1535 1168 1650 1202 divites;
1670 1169 1728 1201 sed,

945 1216 974 1239 ut
987 1219 1069 1246 supra
1087 1212 1216 1245 diximus,
1233 1212 1331 1241 fratres
1350 1221 1457 1248 quoque
1474 1213 1547 1241 illius
1561 1215 1650 1242 cultos
1671 1222 1730 1242 mo-

943 1257 1030 1289 ribus,
1046 1258 1126 1286 veluti
1146 1258 1256 1286 Petrum
1270 1263 1298 1286 et
1311 1258 1459 1292 Andream,
1476 1267 1582 1287 necnon
1596 1259 1729 1287 Iacobum

943 1307 969 1331 et
986 1303 1117 1332 Joannem
1140 1305 1264 1333 Zcbedaei
1287 1305 1376 1340 ﬁlios;
1400 1314 1494 1333 verum
1518 1306 1588 1333 inter
1611 1314 1641 1334 se
1659 1314 1728 1334 con-

943 1349 1040 1377 cordes
1052 1357 1079 1378 et
1093 1357 1154 1377 cum
1170 1350 1288 1379 Christo.
1303 1350 1437 1379 Caeterum
1452 1351 1558 1387 singula
1572 1351 1629 1379 haec
1645 1360 1655 1377 ι
1665 1359 1728 1380 cum

943 1395 1201 1430 perseeutionibus)
1227 1396 1328 1425 habere
1352 1405 1408 1425 non
1432 1397 1539 1433 prohat.
1567 1396 1727 1425 Persecutio

943 1448 1007 1468 vero
1024 1441 1076 1469 alia
1099 1442 1209 1476 quidem
1231 1442 1385 1471 forinsecus
1408 1444 1538 1479 obtingit,
1559 1451 1728 1480 persequen-

942 1486 1015 1515 tibus
1028 1487 1185 1516 hominibus
1203 1488 1296 1517 fideles
1311 1494 1336 1517 et
1349 1490 1391 1517 vel
1406 1490 1556 1518 inimicitia
1575 1498 1671 1524 causa,
1684 1491 1725 1518 vel

942 1532 1066 1565 invidiae,
1087 1533 1130 1561 vel
1147 1534 1235 1568 lucri,
1259 1534 1301 1562 vel
1329 1535 1503 1570 suggestione
1525 1536 1671 1564 diabolica.
1692 1536 1726 1563 At

944 1580 1104 1613 gravissima
1127 1580 1281 1615 persecutio
1297 1584 1348 1614 est,
1371 1589 1430 1616 quae
1452 1583 1539 1608 oritur
1561 1582 1726 1610 intrinsecus

941 1632 975 1652 ex
998 1625 1057 1660 ipsa
1083 1625 1218 1662 cujusque
1238 1627 1343 1659 anima,
1365 1627 1511 1666 depravata
1537 1627 1629 1662 impiis
1652 1628 1726 1656 desi-

941 1670 1025 1698 deriis
1045 1671 1183 1707 variisque
1198 1672 1395 1707 voluptatibus,
1410 1681 1515 1700 necnon
1530 1673 1657 1707 improba
1677 1682 1725 1709 spe

941 1715 1124 1752 inanibusque
1138 1717 1296 1752 insomniis;
1313 1727 1374 1754 qua:
1389 1719 1467 1754 plura
1488 1727 1594 1755 semper
1607 1720 1725 1747 habendi

940 1762 1089 1797 cupiditate
1104 1767 1131 1791 et
1151 1763 1245 1792 ferinis
1261 1765 1401 1793 amoribus
1416 1765 1522 1798 rabida,
1539 1769 1724 1801 aestuansque,

940 1808 1055 1843 objectis
1079 1810 1152 1837 velut
1178 1811 1297 1838 stimulis
1321 1811 1488 1846 aculeisquc,
1515 1811 1667 1844 affectibus,
1692 1819 1725 1839 ac

939 1853 1108 1887 libidinibus,
1124 1859 1281 1882 cruentetur
1296 1855 1330 1882 ad
1346 1855 1450 1883 furiosa
1466 1856 1568 1890 studia,
1581 1857 1615 1884 ad
1631 1857 1725 1892 despe‘

939 1898 1052 1925 randam
1083 1899 1198 1926 salutem
1229 1898 1331 1934 Deique
1362 1900 1537 1935 spretionem.
1565 1900 1724 1929 Persecutio

937 1944 995 1972 haec
1009 1945 1119 1980 gravior
1132 1950 1174 1973 est
1184 1950 1211 1973 et
1224 1946 1358 1980 acerbior,
1371 1955 1403 1974 ex
1419 1948 1510 1974 animo
1525 1948 1586 1983 ipso
1597 1956 1723 1982 prorum-

937 1998 1015 2026 pens,
1038 1999 1200 2026 semperque
1217 2000 1349 2027 prsesens,
1373 2001 1454 2028 quam
1476 2001 1526 2021 nec
1549 1994 1652 2024 evitare
1671 2001 1722 2029 po-

937 2039 990 2063 test
1013 2036 1060 2072 qui
1083 2037 1129 2064 illa
1151 2039 1287 2074 appetitur
1304 2048 1310 2065 :
1329 2039 1429 2074 quippe
1440 2039 1487 2074 qui
1516 2039 1621 2067 hostem
1645 2040 1721 2067 omni

936 2081 998 2109 loco
1018 2082 1046 2109 in
1067 2090 1096 2110 se
1113 2083 1171 2118 ipse
1191 2084 1376 2112 circumferat.
1402 2085 1534 2113 Similiter
1556 2085 1637 2113 etiam
1661 2094 1722 2121 qua:

936 2127 1107 2156 extrinsecus
1121 2129 1273 2163 adhibetur,
1290 2123 1413 2159 incensio
1431 2138 1464 2158 ac
1483 2131 1608 2164 tentatio,
1623 2132 1722 2166 proba-

936 2171 1036 2199 tionem
1063 2177 1210 2208 operatur;
1238 2182 1300 2210 quat
1327 2183 1392 2203 vero
1425 2176 1591 2203 intrinsecus
1621 2177 1719 2207 oritur.

936 2218 1051 2242 mortem
1076 2215 1190 2244 inducit.
1218 2216 1323 2245 Bellum
1348 2226 1457 2254 quoque
1481 2218 1664 2247 accidentario
1688 2228 1720 2246 ac

936 2260 1010 2287 velut
1029 2268 1095 2289 casu
1111 2265 1224 2289 externo
1240 2267 1336 2298 agente
1351 2263 1506 2296 conflatum,
1527 2264 1606 2292 facile
1620 2265 1720 2293 dissol-

935 2306 1024 2340 vitur;
1049 2307 1121 2342 quod
1148 2311 1238 2336 autem
1264 2309 1317 2344 ipsi
1339 2310 1431 2337 animo
1447 2310 1529 2343 inest,
1553 2309 1587 2337 ad
1603 2315 1718 2338 mortem

935 2360 1022 2388 usque
1044 2353 1209 2383 extenditur.
1224 2354 1292 2383 Cum
1309 2356 1356 2383 tali
1374 2355 1456 2390 igitur
1480 2356 1670 2391 persecutione
1694 2357 1718 2385 si

934 2399 1059 2427 carnales
1073 2400 1182 2428 divitias
1198 2401 1310 2435 habeas,
1323 2403 1346 2429 si
1366 2401 1464 2429 fratres
1484 2403 1608 2431 carnales
1622 2407 1649 2431 et
1666 2403 1719 2430 alia

934 2444 1064 2482 pignora;
1079 2452 1186 2473 omnem
1202 2445 1272 2474 hanc
1287 2447 1489 2482 possessionem
1504 2455 1670 2484 censumque
1690 2449 1718 2475 in

933 2490 1035 2518 malum
1050 2491 1192 2519 cedentem
1216 2492 1350 2528 relinque,
1366 2493 1416 2520 tibi
1431 2493 1489 2528 ipse
1504 2501 1597 2528 pacem
1615 2495 1716 2529 praebe,

933 2537 1038 2575 prolixa
1061 2537 1177 2565 liberare
1202 2540 1403 2574 persecutione,
1424 2539 1456 2566 ad
1483 2538 1658 2574 Evangelium
1684 2541 1718 2567 ab

932 2582 988 2610 illis
1011 2586 1185 2617 convertere,
1211 2592 1266 2619 pra:
1289 2585 1416 2613 omnibus
1440 2584 1608 2613 Salvatorem
1635 2586 1716 2622 elige,

932 2632 985 2656 tuae
999 2632 1143 2663 patronum
1161 2636 1192 2656 ac
1204 2629 1330 2657 solatium
1340 2630 1447 2662 animae,
1459 2630 1619 2666 nullumque
1636 2631 1716 2658 finem

932 2674 1066 2702 habitum
1082 2674 1255 2709 praebitorem
1270 2676 1342 2703 vita).
1358 2686 1368 2702 ‹
1388 2676 1455 2710 Quae
1477 2677 1550 2705 enim
1577 2677 1715 2708 videntur,

930 2720 1089 2755 temporalia
1098 2725 1174 2754 sunt;
1184 2729 1244 2756 qua:
1253 2726 1344 2749 autem
1355 2730 1410 2750 non
1419 2723 1556 2756 videntur,
1563 2727 1665 2750 aeterna
1672 2717 1694 2750 ε’.
1703 2733 1712 2749 ι

93 2753 126 2782 Et
145 2756 173 2783 in
196 2758 323 2792 praesenti
346 2759 455 2795 quidem
482 2764 511 2793 ᾖ(
536 2765 657 2798 tempore
679 2764 782 2792 caduca
812 2770 877 2794 sunt
907 2753 1036 2803 nullaque
1064 2753 1201 2796 firmitate
1218 2769 1300 2803 fulta;
1321 2770 1349 2797 in
1375 2770 1466 2798 futuro
1494 2775 1583 2798 autem
1614 2774 1716 2798 aewrna

92 2806 135 2832 Bst
150 2804 216 2832 vita.

130 2851 208 2901 ἥξεις.
229 2852 282 2882 959
301 2853 355 2882 ED.
376 2854 525 2885 POTTER.
563 2860 591 2890 ᾖ(
613 2857 643 2886 P.
664 2858 716 2889 940
734 2860 788 2889 ΕΙ).
810 2861 890 2891 ΡΟΤἸ

942 2864 959 2892 l.
997 2869 1011 2884 δ
1029 2862 1123 2901 Matth.
1137 2871 1164 2898 ν,
1182 2864 1227 2893 29.

105 2893 132 2919 ν,
160 2887 202 2915 18.

1280 2865 1294 2886 1⁷
1315 2864 1405 2902 Μηῐςη
1421 2873 1467 2898 xx,
1481 2865 1525 2893 50.
1575 2869 1586 2884 ο
1608 2863 1630 2890 ll
1649 2864 1703 2892 Cor
