1934 3075
203 152 250 181 651

784 149 979 179 CLEMENTIS
995 151 1225 179 ALEXANDRINI

1765 154 1814 182 632

237 212 333 241 XXVI.
354 222 363 239 ι
379 212 466 240 Erunt
489 212 570 248 primi
587 212 746 244 novissimi,
773 217 800 240 et
825 213 985 245 novissimi,

1072 214 1143 247 Κῷ.
1157 223 1165 239 ι
1183 214 1307 240 Ἔσονται
1320 215 1343 240 οἱ
1359 213 1459 250 πρῶτοι
1476 213 1592 250 ἔσχατοι,
1609 215 1656 241 καὶ
1670 214 1695 240 oi
1711 214 1814 249 ἔσχατοι

202 260 283 297 primi
296 266 320 286 ιι.
333 269 342 286 ι
363 259 446 286 Multa
461 259 504 286 hic
522 259 598 286 locus
617 258 698 285 habet
713 257 905 286 reconditioris
920 266 983 285 sen-

203 313 263 339 sus,
279 309 305 333 et
319 313 380 340 qua
393 309 488 341 egeant
503 304 699 339 explicatione;
716 311 769 330 non
784 308 873 330 tamen
890 303 922 330 de
938 304 984 330 illo

205 351 439 386 inprmsentiarum
452 350 566 378 vertitur
576 349 699 384 quaestio.
710 348 770 376 Non
782 349 854 376 enim
867 349 901 376 ad
912 349 985 377 solos

204 396 303 423 divites
326 399 440 430 spectat,
456 395 504 422 sed
527 395 560 422 ad
578 402 673 422 omnes
694 395 773 429 plane
796 394 920 422 homines
938 395 985 430 qui

204 442 267 470 lidei
287 441 370 469 semel
387 448 486 468 nomen
513 440 622 468 dedere.
638 442 733 475 Itaque
751 440 815 467 huic
837 440 916 467 modo
940 448 986 468 su-

204 489 396 523 persedeamus
419 487 552 521 qumsito:
570 487 643 521 quod
658 490 748 514 autem
771 485 922 520 subjectum
943 493 986 512 ar-

204 539 333 570 gumento
346 537 388 561 est
406 533 442 560 ita
458 533 677 560 demonstratum
703 532 831 564 arbitror,
853 536 882 558 ut
907 532 987 558 satis-

205 580 305 606 factum
331 579 366 607 sit
390 579 460 606 datae
486 578 566 612 tldei;
592 578 665 613 quod
690 585 787 612 nempe
805 576 928 604 Salvator
953 577 987 604 ad

204 626 278 660 ipsas
292 625 401 652 divitias
415 625 487 659 quod
503 625 600 652 attinet
615 625 747 659 longeque
766 624 904 658 copiosam
922 623 988 651 sub-

205 670 344 702 stantiam,
358 669 455 696 divites
472 669 547 696 nullo
563 669 644 696 modo
660 669 808 696 excluserit
823 672 869 695 aut
887 668 928 695 eis
944 676 988 696 sa-

204 715 287 743 lutem
308 715 502 747 intercluserit.
519 715 541 743 si
558 715 639 742 modo
663 715 767 749 possint
785 722 817 741 ac
835 715 918 741 velint
944 715 987 741 di-

205 761 275 789 vinis
299 761 430 788 inclinare
455 760 608 792 mandatis,
634 761 771 795 vitamque
801 768 877 788 suam
907 761 988 788 rebus

205 808 389 842 temporaneis
406 807 563 841 prmierant,
579 814 685 833 necnon
710 806 770 832 lixis
792 805 819 832 in
845 806 987 833 Deminum

205 852 363 883 luminibus,
378 853 439 887 ejus
456 857 485 879 ut
501 852 564 879 boni
581 851 773 887 gubernatoris
790 855 886 878 nutum
911 851 988 878 avida

205 898 410 933 exspectatione
435 897 591 928 attendant,
615 897 679 932 quid
704 897 777 927 velit,
794 897 859 932 quid
880 897 988 932 jubeat_,
1005 907 1025 934 Β

205 944 269 979 quid
287 944 405 976 mandet,
419 951 500 978 quam
517 944 575 971 suis
593 944 683 970 nautis
698 943 744 970 dat
762 948 914 977 tesseram;
936 952 990 978 quo

205 989 315 1015 tandem
329 993 356 1016 et
371 989 443 1016 unde
454 997 563 1016 cursum
581 988 760 1022 navigationis
775 988 904 1016 intendat.
919 988 990 1021 Quid

206 1035 278 1062 enim
302 1039 397 1068 peccat
421 1035 522 1069 aliquis
548 1038 594 1061 aut
620 1037 717 1065 nocet,
738 1033 809 1068 quod
830 1038 891 1061 ante
911 1034 990 1062 [idem

206 1084 361 1115 susceptam
380 1080 500 1107 animum
520 1080 652 1107 adhibens
667 1087 786 1114 ususque
808 1080 989 1114 parcimonia,

206 1130 314 1161 quanta:
328 1125 462 1153 suliieiant
479 1126 512 1152 ad
528 1126 671 1153 honestam
687 1125 750 1152 vitae
766 1126 990 1153 sustentationem

205 1172 259 1199 sibi
277 1171 419 1199 facultates
444 1173 569 1207 paravit?
595 1177 658 1205 aut,
683 1171 756 1208 quod
776 1171 856 1199 etiam
875 1179 890 1198 a
912 1172 990 1206 culpa

206 1217 337 1245 remotius
351 1221 403 1249 est,
419 1218 441 1245 si
457 1218 549 1244 statim
565 1225 580 1244 a
595 1216 649 1245 Deo
664 1218 800 1253 prebente
816 1218 947 1249 animam,
963 1218 990 1245 in

206 1263 316 1290 domum
331 1263 466 1297 ejusmodi
481 1263 620 1290 hominum
636 1271 776 1299 genusque
791 1264 931 1298 copiosum
949 1264 992 1290 in-

206 1307 304 1335 ductus
315 1313 368 1340 est,
391 1312 487 1343 potens
507 1309 611 1336 scilicet
633 1309 748 1344 pecunia
762 1313 789 1336 ct
803 1309 908 1336 divitiis
921 1316 991 1344 prae-

206 1355 299 1383 stans?
314 1354 342 1382 Si
361 1355 434 1383 enim
461 1355 565 1389 ejectus
587 1355 639 1382 vita
656 1359 708 1387 est,
727 1355 799 1390 quod
817 1363 870 1382 non
895 1359 991 1390 sponte

206 1408 254 1428 sua
278 1401 348 1428 inter
371 1401 479 1428 divitias
497 1405 577 1428 natus
594 1404 649 1432 est,
663 1400 792 1435 injuriam
809 1406 884 1428 certe
905 1408 919 1427 a
937 1400 992 1427 Deo

206 1446 335 1474 Creatore
358 1446 469 1481 patitur,
492 1446 657 1481 temporaria
679 1445 788 1481 quidem
811 1447 992 1481 prosperitate

206 1492 336 1524 donatus,
348 1492 401 1518 vita
416 1495 506 1518 autem
518 1496 617 1518 aeterna
634 1492 766 1526 privatus.
779 1491 915 1524 Quorsum
928 1500 991 1520 vero

209 1545 321 1572 prorsus
342 1545 411 1573 opus
435 1541 493 1564 erat
516 1545 581 1572 opes
598 1547 613 1565 e
629 1543 700 1564 terra
718 1537 859 1573 pullulare,
876 1538 900 1565 si
916 1546 991 1564 mor.

1036 259 1148 294 πρῶτοι.
1163 270 1171 284 ι
1191 259 1274 286 Τοῦτο
1292 260 1423 295 πολύχουν
1446 260 1494 295 μέν
1511 261 1568 287 ἐστι
1590 260 1660 287 κατὰ
1687 260 1736 295 τὴν
1752 260 1814 286 ὑπό-

1037 313 1111 332 νοιαν
1127 305 1174 332 καὶ
1188 306 1232 332 τὸν
1250 305 1382 341 σοφισμὸν
1405 305 1472 341 (‘28),
1487 306 1516 332 οὺ
1536 305 1588 341 μὴν
1604 305 1633 332 ἐν
1649 315 1681 340 γε
1696 305 1736 341 τῷ
1751 315 1816 341 παρ-

1035 351 1091 376 όντι
1115 349 1162 386 τὴν
1186 350 1298 386 ζήτησιν
1313 351 1477 377 ἀπαιτεῖ.οὐ
1492 351 1545 386 γὰρ
1564 351 1642 385 μόνον
1658 351 1737 385 ῥέπει
1753 351 1816 386 πρὸς

1036 396 1099 427 τοὺς
1122 394 1336 430 πολυκτήμονας,
1353 395 1408 422 ἀλλ’
1430 395 1520 427 ἁπλῶς
1537 396 1604 430 πρὸς
1631 395 1756 427 ἅπαντας
1772 397 1816 422 ἀν-

1038 440 1177 476 θρώπους,
1191 441 1253 472 τοὺς
1271 441 1361 468 πίστει
1377 440 1503 473 καθάπαξ
1516 441 1627 472 ἑαυτοὺς
1642 441 1817 473 ἐπιδιδόντας.

1038 487 1119 512 Ὥστε
1135 486 1213 513 τοῦτο
1232 487 1281 522 μὲν
1300 487 1452 514 ἀνακείσθω
1471 487 1504 514 τὰ
1526 486 1589 513 νῦν·
1608 487 1638 513 τὸ
1652 487 1680 514 δέ
1695 496 1728 521 γε
1755 496 1819 523 προ-

1037 533 1162 567 κείμενον
1176 534 1243 568 ἡμῖν
1259 532 1334 569 οἶμαι
1352 533 1434 569 μηδέν
1449 543 1474 560 τι
1490 533 1659 571 ἐνδεέστερον
1674 533 1724 569 τῆς
1737 534 1819 567 ἐπαγ-

1037 577 1129 612 γελὶας
1149 578 1291 614 δεδεῖχθαι,
1308 579 1348 605 ὅτι
1366 580 1428 610 τοὺς
1450 578 1590 610 πλουσίους
1612 578 1706 605 οὐδένα
1721 579 1818 614 τρόπον

1037 624 1051 650 ὁ
1067 624 1162 660 Σωτὴρ
1181 625 1239 650 κατ’
1255 625 1335 652 αὐτόν
1361 634 1392 659 γε
1415 625 1460 651 τὸν
1484 624 1596 651 πλοῦτον
1612 625 1658 651 καὶ
1673 625 1723 659 τὴν
1743 633 1819 658 περι-

1038 669 1117 704 ϐολὴν
1138 670 1186 704 τῆς
1211 670 1332 706 κτήσεως
1354 669 1558 702 ἀποκέκλεικεν,
1581 670 1635 696 οὐδ’
1649 670 1744 702 αὐτοῖς
1758 670 1824 697 ἀπο-

1038 714 1204 750 τετάφρευκε
1219 714 1266 750 τὴν
1287 716 1434 751 σωτηρίαν,
1454 715 1480 741 εἴ
1499 724 1530 749 γε
1547 715 1669 742 δύναιντο
1691 717 1740 742 καὶ
1763 715 1823 751 βού-

1038 760 1124 786 λοιντο
1149 760 1313 787 ὑποκύπτειν
1324 760 1372 796 τὴν
1388 761 1491 787 ἑαυτῶν
1516 761 1597 796 ζωὴν,
1613 760 1661 788 τοῦ
1684 761 1752 788 Θεοῦ
1767 762 1823 793 ταῖς

1039 805 1170 837 ἐντολαῖς,
1187 805 1234 832 καὶ
1249 805 1302 832 τῶν
1317 806 1490 842 προσκαίρων
1515 806 1669 842 προτιμῷεν
1700 807 1748 833 καὶ
1764 806 1823 842 βλέ-

1040 857 1114 876 ποιεν
1138 850 1207 884 πρὸς
1234 850 1279 876 τὸν
1303 850 1404 885 Κύριον
1427 852 1517 877 ἀτενεῖ
1540 851 1578 886 τῷ
1600 851 1751 887 βλέμματι,
1773 860 1824 878 κα-

1040 895 1126 930 Θάπερ
1142 897 1182 928 εἰς
1201 895 1301 930 ἁγαοοῦ
1323 897 1488 933 κυϐερνήτου
1508 898 1596 933 νεῦμα
1613 898 1783 934 δεδορκότες,
1799 898 1824 924 τί

1043 939 1175 974 βούλεται,
1189 941 1215 967 τί
1231 942 1404 976 προστάσσει,
1421 942 1447 969 τί
1466 943 1602 978 σημαίνει,
1618 944 1645 969 τί
1660 944 1751 970 δίδωσι
1771 945 1825 975 τοῖς

1041 985 1122 1013 αὐτοῦ
1135 986 1245 1019 ναύταις
1260 987 1290 1013 τὸ
1305 987 1440 1023 σύνθημα,
1457 987 1506 1014 ποῦ
1523 989 1571 1015 καὶ
1585 988 1665 1014 πόθεν
1684 988 1730 1014 τὸν
1744 989 1825 1023 ὅρμον

1041 1032 1247 1066 ἐπαγγέλλεται.
1263 1033 1295 1060 Τί
1321 1033 1375 1068 γὰρ
1391 1033 1478 1060 ἀδικεῖ
1504 1042 1555 1065 τις,
1570 1035 1594 1060 εἰ
1618 1034 1761 1070 προσέχων
1780 1033 1825 1069 τὴν

1041 1077 1162 1113 γνώμην,
1177 1078 1224 1104 καὶ
1239 1078 1394 1114 φειδόμενος
1412 1078 1463 1115 πρὸ
1479 1079 1527 1115 τῆς
1543 1079 1658 1111 πίστεως
1668 1099 1675 1111 ,
1695 1079 1752 1114 βῑον
1769 1079 1825 1106 ῐκα-

1041 1123 1085 1149 νὸν
1101 1123 1274 1157 συνελέξατο;
1291 1124 1306 1159 ἦ
1324 1125 1412 1151 καὶτὸ
1426 1126 1520 1152 τούτου
1539 1124 1636 1160 μᾶλλον
1651 1125 1826 1160 ἀνέγκλητον,

1041 1169 1065 1195 εἰ
1084 1169 1164 1201 εὐθὺς
1186 1169 1237 1196 ὑπὸ
1260 1169 1307 1196 τοῦ
1332 1169 1399 1196 Θεοῦ
1430 1171 1479 1206 τὴν
1507 1170 1595 1205 ψυχὴν
1619 1170 1764 1205 νέμοντος,
1790 1171 1826 1202 εἰς

1041 1213 1113 1241 οἷκον
1137 1215 1264 1242 τοιούτων
1288 1215 1438 1252 ἀνΘρὼπων
1463 1216 1611 1251 εἰσῳκίσθη
1638 1216 1716 1250 γένος
1742 1217 1820 1251 ἀμφι-

1041 1260 1137 1294 λαφὲς,
1162 1263 1216 1293 τοῖς
1233 1262 1370 1296 χρήμασιν
1389 1262 1477 1297 ἰσχύον
1494 1263 1541 1288 καὶ
1563 1262 1602 1297 τῷ
1627 1262 1736 1297 πλούτῳ
1761 1271 1826 1298 κρα-

1041 1306 1116 1339 τοῦν;
1134 1307 1166 1332 Εῑ
1188 1306 1241 1342 γὰρ
1257 1306 1301 1334 διὰ
1323 1307 1372 1343 τὴν
1395 1307 1523 1334 ἀκούσιον
1547 1308 1576 1334 ὲν
1596 1308 1704 1343 πλούτῳ
1724 1307 1828 1342 γένεσιν

1041 1351 1194 1386 ἀπελήλατο
1219 1351 1308 1387 ζωῆς,
1330 1352 1462 1379 ἀδικεῖται
1481 1353 1580 1387 μᾶλλον
1597 1353 1649 1380 ὑπὸ
1673 1353 1721 1379 τοῦ
1745 1361 1830 1387 γεινα-

1043 1397 1124 1433 μένου
1146 1396 1225 1428 Θεοῦ,
1244 1397 1410 1433 προσκαίρου
1433 1397 1481 1432 μὲν
1505 1397 1671 1433 ἡδυπαθείας
1697 1397 1829 1432 κατηξιω-

1044 1443 1139 1478 μένος,
1159 1442 1245 1469 ἀϊδίου
1267 1442 1295 1468 δὲ
1316 1442 1389 1478 ζωῆς
1409 1443 1640 1478 ἀπεστερημένος.
1657 1444 1691 1470 Τί
1712 1444 1742 1470 δὲ
1765 1444 1829 1475 ὅλως

1041 1489 1155 1516 πλοῦτον
1178 1489 1262 1524 ἐχρῆν
1278 1489 1309 1515 ὲκ
1334 1489 1387 1523 γῆς
1410 1489 1549 1516 ἀνατεῖλαί
1572 1498 1648 1521 ποτε,
1660 1491 1692 1524 ,εἰ
1714 1490 1829 1526 χορηγὸς

1043 1534 1090 1560 καὶ
1106 1533 1234 1569 πρόξενος
1249 1535 1306 1560 ἐστι
1324 1533 1454 1567 Gavi-nou;
1479 1534 1547 1561 Ἀλλ’
1564 1536 1588 1561 εὶ
1603 1534 1713 1562 δύναταί
1734 1544 1776 1566 τις
1790 1536 1830 1561 ἐν·

207 1588 261 1611 tem
279 1583 429 1618 important
448 1583 562 1618 ejusque
580 1587 707 1611 auctores
723 1584 875 1611 exsistunt?
891 1584 992 1619 Siquis

1044 1580 1144 1614 δοτέρω
1159 1579 1212 1605 τῶν
1229 1580 1404 1617 ὑπαρχόντων
1417 1580 1551 1615 κάμπτειν
1568 1580 1617 1615 τῆς
1632 1580 1769 1614 ἐξουσίας,
1785 1581 1830 1607 καὶ

207 1634 310 1662 tamen,
325 1630 425 1664 quibus
440 1629 524 1656 fultus
540 1629 643 1657 divitiis
658 1633 710 1661 est,
724 1629 758 1657 de
779 1630 898 1664 potentia
915 1631 995 1658 dece-

207 1676 273 1704 dere
296 1676 472 1710 animumque
497 1674 605 1703 ﬂectere
630 1679 737 1709 potest;
764 1679 793 1702 et
815 1675 935 1703 modeste
952 1683 996 1703 sa-

208 1729 274 1757 pere
291 1727 372 1756 atque
389 1721 498 1748 sobrius
514 1729 586 1754 esse,
608 1721 747 1756 Deumque
766 1729 850 1748 unum
876 1729 996 1757 quzerere

208 1775 241 1794 ac
262 1768 346 1795 Deum
374 1767 521 1800 anhelare,
543 1772 571 1795 et
596 1775 657 1795 cum
685 1768 739 1795 Deo
763 1768 995 1795 conversationem

207 1813 310 1840 habere
323 1823 329 1840 :
344 1813 388 1840 hic
402 1821 503 1848 pauper
517 1819 614 1848 praesto
630 1814 766 1842 mandatis
786 1817 843 1846 est,
864 1814 941 1847 liber,
958 1814 997 1841 in-

207 1859 309 1890 victus,
332 1859 406 1886 nulla
433 1859 560 1887 laborans
589 1860 764 1895 aegritudine,
792 1860 867 1887 nullo
890 1867 923 1887 ex
949 1868 997 1894 pe-

209 1904 299 1931 cuniis
312 1905 434 1932 vulnere.
462 1904 509 1932 Sin
532 1906 632 1937 minus,
652 1917 660 1931 ε
677 1905 783 1933 facilius
803 1905 924 1932 camclus
949 1913 997 1940 per

209 1958 289 1978 acum
305 1950 482 1986 ingredietur,
497 1958 578 1984 quam
601 1951 676 1979 dives
692 1951 825 1986 ejusmodi
841 1951 953 1978 intrabit
968 1952 997 1978 in

208 2004 322 2031 regnum
337 1996 467 2024 caelorum
480 1997 503 2023 δ.
525 2007 535 2023 ι
561 1996 647 2024 Porro
662 1998 743 2025 etiam
759 1998 840 2025 altius
856 1998 995 2033 quidpiam

210 2042 341 2077 signiﬁcet
368 2043 500 2075 camelus,
522 2051 571 2078 per
594 2048 696 2070 arctam
726 2050 758 2070 ac
786 2048 996 2079 coangustatam

209 2088 280 2115 viam
303 2094 474 2117 antevertens
500 2089 714 2125 divitem;quod
732 2090 997 2126 Salvatorismyste-

208 2134 279 2161 rium
305 2135 333 2162 in
367 2134 544 2170 Expositione
570 2136 765 2171 principiorum
798 2141 824 2163 et
856 2135 997 2171 theologia:

208 2180 368 2208 00ndiscere
381 2180 453 2208 licet.

242 2225 349 2253 XXVII.
367 2226 466 2254 Verqu
482 2233 651 2261 exponamus
673 2227 791 2261 primum
813 2227 847 2254 de
870 2227 996 2262 parabola
1012 2245 1035 2274 ο

208 2272 282 2307 quod
299 2272 372 2300 illius
390 2273 569 2307 conspicuum
583 2277 640 2305 est,
664 2276 691 2300 et
714 2273 794 2307 cujus
808 2273 895 2308 gratia
923 2273 996 2300 dicta

210 2318 271 2345 l'uit.
286 2318 386 2345 Doceat
403 2318 552 2353 locupletes
567 2318 640 2345 haud
656 2319 845 2354 negligendam
868 2319 994 2351 salutem,

210 2362 290 2398 quasi
311 2363 370 2397 ejus
391 2363 446 2397 jatu
469 2371 533 2398 spes
552 2364 642 2391 omnis
665 2364 719 2392 illis
744 2364 852 2392 sublata
870 2365 924 2397 sit;
947 2371 997 2391 nec

211 2416 276 2436 vero
300 2416 397 2437 rursus
419 2417 484 2443 opes
509 2410 605 2444 pelago
630 2411 791 2446 mergendas
814 2416 862 2437 aut
892 2411 995 2445 impro-

212 2454 326 2486 bandas,
349 2455 426 2489 quasi
448 2457 477 2485 ᾖ
494 2455 556 2481 vita:
571 2455 731 2483 insidiantes
744 2460 771 2483 ct
786 2456 912 2483 inimicas
926 2465 932 2483 :
949 2456 997 2484 sed

212 2499 385 2532 discendum,
398 2500 534 2534 quomodo
551 2508 639 2535 quave
658 2502 764 2529 ratione
783 2502 838 2528 illis
852 2501 993 2534 utendum,

212 2549 240 2572 et
256 2548 285 2571 ut
302 2545 358 2570 vita
381 2545 563 2580 comparanda
579 2546 624 2573 sit.
641 2546 707 2573 Nam
725 2547 788 2582 quia
808 2555 863 2574 non
883 2548 996 2575 omnino

213 2589 284 2624 perit
299 2589 372 2624 quis.
385 2590 485 2617 timens
497 2591 560 2625 quia
572 2591 648 2618 dives
659 2592 703 2624 sit,
716 2600 766 2620 nec
781 2593 892 2620 omnino
905 2593 997 2621 salvus

213 2640 266 2667 est,
279 2642 310 2662 ea
325 2635 425 2662 ﬁducia
440 2643 472 2662 ac
488 2644 546 2671 spe,
559 2644 613 2672 qua
626 2645 656 2664 se
670 2638 774 2665 salvum
790 2637 847 2665 fore
864 2638 976 2666 conlidit
990 2648 998 2665 ι

270 2718 298 2746 >14
319 2714 350 2741 Ρ.
370 2715 419 2742 9M
444 2714 498 2742 ΕΙ).
519 2714 669 2742 POTTER.
724 2720 737 2736 ι
757 2715 840 2743 Marc.
857 2723 883 2747 Χ,
898 2715 943 2742 51.

238 2828 241 2832 Ι
248 2792 483 2833 ρελΣοφιο-μόν.
497 2792 551 2820 Seu
564 2793 742 2829 σαφηνισμὸν,
757 2802 766 2819 ‹
776 2793 994 2828 explicationem,

216 2827 448 2855 dilucidationem.
462 2838 470 2854 ι

252 2862 306 2898 (29}
324 2863 375 2890 Kal
391 2865 468 2891 θεολ,
481 2862 568 2899 Hujus
583 2863 643 2892 libri
658 2863 757 2891 mentio
770 2863 884 2892 habetur
897 2863 994 2892 Strum.

1046 1624 1142 1660 μέτρια
1159 1626 1275 1661 φρονεῖν,
1292 1625 1338 1652 καὶ
1359 1627 1518 1662 σωφρονεῖν,
1540 1627 1587 1653 καὶ
1607 1626 1672 1653 Θεὸν
1691 1626 1771 1662 μόνον
1785 1626 1830 1662 ζη-

1044 1669 1110 1704 τεῖν,
1127 1671 1172 1697 καὶ
1190 1671 1256 1698 Θεὸν
1273 1672 1413 1704 ἀναπνεῖν,
1429 1672 1477 1699 καὶ
1495 1672 1554 1707 Θεῷ
1575 1672 1828 1708 συμπολιτεύεσθαι,

1045 1718 1150 1752 πτωχὸς
1165 1713 1242 1748 οὗτος
1258 1718 1414 1753 παρέστηκε
1437 1719 1498 1749 ταῖς
1523 1718 1658 1750 ἐντολαῖς,
1679 1718 1829 1754 ἐλεύθερος,

1045 1763 1187 1798 ἀήττητος,
1200 1763 1303 1796 ἄνοσος,
1317 1763 1438 1799 ἄτρωτος
1454 1764 1506 1790 ὑπὸ
1519 1764 1677 1799 χρημάτων.
1693 1764 1726 1790 Ei
1741 1763 1769 1790 δὲ
1783 1764 1830 1799 μὴ,

1048 1818 1057 1834 ‹
1074 1809 1169 1835 θᾶττον
1182 1809 1302 1844 κάμηλος
1317 1809 1486 1845 διὰβελὸνης
1504 1809 1702 1841 εἰσελεύσεται,
1716 1810 1732 1845 ἦ
1749 1811 1764 1837 ὁ
1778 1819 1830 1836 τοι-

1045 1854 1123 1886 οὖτος
1143 1854 1267 1886 πλούσιος
1296 1855 1341 1881 ἐπὶ
1357 1855 1406 1890 τὴν
1426 1855 1562 1890 βασιλείαν
1585 1855 1632 1881 τοῦ
1655 1855 1724 1882 Θεοῦ
1747 1864 1830 1892 παρε-

1046 1898 1180 1925 λεύσεται.
1198 1907 1207 1924 ι
1231 1899 1389 1934 Σημαινέτω
1415 1899 1463 1934 μὲν
1487 1896 1534 1925 οὖν
1549 1907 1574 1925 τι
1594 1899 1642 1925 καὶ
1667 1898 1831 1934 ὑψηλότερον

1047 1944 1215 1979 ὴκάμηλος,
1237 1943 1281 1971 διὰ
1302 1945 1396 1980 στενῆς
1411 1944 1470 1970 ὀδοῦ
1492 1945 1539 1971 καὶ
1559 1944 1742 1979 τεθλιμμένης
1767 1944 1831 1978 90d-

1048 1998 1129 2016 νουσα
1142 1990 1187 2016 τὸν
1203 1990 1338 2022 πλούσιον,
1354 1990 1422 2026 ὅπερ
1436 1991 1465 2016 ὲν
1483 1991 1516 2025 τῇ
1536 1989 1626 2025 ἀρχῶν
1640 1989 1696 2024 (29)
1713 1990 1760 2016 καὶ
1775 1989 1831 2014 Θεο-

1047 2035 1141 2070 λογίας
1164 2035 1292 2071 ἐξηγήσει
1319 2036 1467 2072 μυστήριον
1492 2035 1540 2062 τοῦ
1564 2036 1690 2072 Σωτῆρος
1716 2035 1831 2071 ὑπάρχει

1050 2083 1153 2118 μαθεῖν.

1085 2225 1146 2251 ΚΖ’.
1161 2224 1197 2250 Οὑ
1212 2224 1265 2260 μὴν
1283 2223 1350 2251 ἀλλὰ
1369 2224 1400 2251 τό
1413 2233 1444 2258 γε
1464 2224 1623 2259 (ξαινόμενον
1644 2222 1764 2258 πρῶτον,
1786 2222 1831 2249 καὶ

1048 2270 1080 2296 δι’
1099 2269 1113 2295 ὃ
1137 2269 1274 2302 λέλεκται,
1297 2270 1346 2305 τῆς
1375 2270 1531 2305 παραϐολῆς
1555 2270 1726 2306 παρεχέσοω.
1753 2270 1829 2296 Διδα-

1049 2317 1137 2342 σκέτω
1148 2317 1211 2347 τοὺς
1227 2315 1407 2351 εὐποροῦντας
1419 2316 1455 2348 ὡς
1473 2316 1522 2342 οὐκ
1541 2316 1691 2352 ἀμελητέον
1706 2316 1758 2351 τῆς
1770 2317 1830 2343 ἐαυ-

1047 2362 1101 2389 τῶν
1117 2362 1260 2398 σωτηρίας,
1274 2362 1311 2394 ὡς
1324 2362 1374 2397 ἤδη
1388 2361 1689 2397 προκατεγνωσμένους,
1702 2362 1764 2388 οὐδὲ
1785 2371 1832 2388 χα-

1047 2409 1236 2436 ταποντιστέον
1251 2408 1306 2444 (50)
1323 2407 1356 2435 αὖ
1374 2408 1454 2435 πάλιν
1469 2408 1514 2434 τὸν
1530 2408 1655 2441 πλοῦτον,
1671 2408 1734 2435 οὔτε
1750 2417 1831 2436 κατα-

1047 2454 1186 2481 δικαστέον
1209 2454 1247 2485 ὠς
1272 2454 1321 2489 τῆς
1340 2453 1412 2489 ζωῆς
1439 2453 1580 2480 ἐπίϐουλον
1606 2455 1652 2480 καὶ
1684 2454 1828 2490 πολέμιον·

1046 2500 1113 2528 ἀλλὰ
1136 2499 1269 2535 μαῦητέον
1296 2499 1356 2526 τίνα
1371 2499 1470 2535 τρόπον
1488 2500 1533 2526 καὶ
1559 2500 1617 2532 πῶς
1642 2500 1750 2536 πλούτῳ
1765 2509 1828 2535 χρηο

1047 2547 1132 2578 στέον,
1146 2547 1191 2573 καὶ
1213 2546 1260 2582 τὴν
1276 2545 1347 2582 ζωὴν
1366 2546 1487 2582 κτητέον.
1511 2546 1617 2582 Ἐπειδὴ
1645 2546 1699 2582 γὰρ
1723 2546 1786 2573 οὔτε
1801 2547 1831 2573 ἐκ

1047 2592 1146 2624 παντὸς
1168 2592 1313 2619 ἀπόλλυταὶ
1339 2601 1390 2624 τις,
1409 2593 1451 2619 ὅτι
1467 2593 1577 2619 πλουτεῖ
1591 2592 1696 2625 δεδιὼς,
1716 2592 1780 2619 οὔτε
1800 2593 1830 2619 ὲκ

1048 2638 1146 2670 παντὸς
1175 2638 1288 2670 σώζεται
1313 2638 1421 2675 θαρρῶν
1437 2639 1484 2666 καὶ
1499 2638 1634 2667 πιστεύων
1656 2639 1695 2672 ὡς
1711 2638 1830 2675 σωθήσε-

982 2718 995 2735 ιδ
1014 2715 1081 2743 Ibid.
1097 2716 1142 2743 τε.

1049 2802 1069 2826 l,
1083 2793 1429 2864 ῗάοἷειὶἑάταποντιστέον.
1457 2829 1576 2864 Respicit
1597 2829 1715 2858 Cratetia
1743 2829 1826 2865 philo-

1052 2865 1129 2900 sophi
1143 2865 1296 2899 historiam,
1312 2873 1392 2900 quam
1407 2865 1466 2893 vide
1482 2866 1509 2893 iu
1526 2865 1642 2901 Diogene
1655 2865 1774 2894 Lacrtio.
