1934 3075
34 154 99 181 655
616 154 718 182 LIBER
739 153 821 188 QUIS
841 154 944 182 DIVES
965 153 1160 182 SALVETUR.
1647 155 1699 182 62H

33 220 90 238 ται
103 220 115 228 ε
149 211 226 250 φέρε
251 214 380 241 σκεπτέον
401 214 434 249 ἥν
452 223 512 241 τινα
531 223 581 250 την
609 214 704 241 ἐλπίδα
731 215 823 247 αὐτοῖς
844 216 857 241 ὁ

918 223 958 251 ige
980 216 1197 246 consideremus,
1215 222 1296 250 quam
1316 215 1370 243 illis
1393 223 1469 250 spem
1486 214 1611 242 Salvator
1631 222 1701 250 prae-

36 258 157 294 Σωτὴρ
192 259 359 295 ὑπογράφει,
386 260 433 286 καὶ
450 259 507 293 πῶς
525 260 558 287 ἂν
579 261 609 287 τὸ
633 260 683 296 μὲν
701 260 859 287 ἀνέλπιστον

918 262 1031 294 scribat;
1052 266 1079 289 et
1095 269 1147 296 qua
1163 262 1227 288 item
1244 261 1350 288 ratione
1364 261 1437 296 quod
1452 265 1530 288 extra
1544 269 1620 296 spem
1640 261 1699 289 fore

36 302 199 337 ἐχέγγυον
224 304 339 338 γένοιτο,
355 304 386 331 τὸ
408 304 436 331 δὲ
460 304 587 332 ἐλπισθὲν
614 306 654 337 είς
681 305 778 339 κτῆσιν
798 305 861 340 ἀφί⁴

918 308 1030 340 videtur,
1049 308 1171 343 pignoris
1187 308 1248 334 loco
1262 307 1318 339 fiat,
1338 308 1466 342 quodque
1481 307 1526 334 illa
1542 307 1649 339 nititur,
1672 307 1699 335 in

37 357 143 375 κοιτο.
164 350 256 384 Φησὶν
279 347 324 376 οὖν
339 351 353 376 ὁ
376 350 544 383 διδάσκαλος,
566 350 608 383 τίς
623 352 640 386 ἡ
669 350 783 386 μεγίστη
806 350 861 377 τῶν

918 353 1083 389 adeptionem
1099 353 1206 380 evadat.
1220 353 1265 380 Ait
1286 353 1371 388 igitur
1387 353 1527 387 magister,
1545 353 1700 387 interroga-

39 394 191 427 ἐντολῶν,
218 396 410 431 ἡρωτημένος·
428 406 437 422 ι
455 395 617 433 Ἀγαπήσεις
630 397 678 423 τὸν
693 397 794 432 Κύριον
815 397 861 423 τὸν

918 407 966 431 .us,
980 399 1052 434 quod
1065 399 1101 426 sit
1116 399 1267 425 maximum
1282 398 1485 429 mandatorum,
1504 407 1512 423 ι
1528 397 1629 433 Diliges
1651 398 1701 425 Do-

38 441 122 468 Θεόν
143 450 197 469 σου
223 442 253 475 ὲξ
270 443 333 477 ὅλης
352 443 402 478 τῆς
423 443 512 479 ψυχῆς
529 452 586 476 σου,
613 444 661 470 καὶ
680 443 709 477 ἐξ
725 444 789 479 ὅλης
811 444 861 479 τῆς

918 446 1016 472 minutn
1030 444 1115 472 Deum
1132 448 1166 472 ex
1182 449 1237 472 tota
1253 444 1344 471 anima
1360 448 1417 475 tua,
1432 447 1459 471 et
1480 452 1512 471 ex
1529 447 1585 472 tota
1600 445 1700 472 virtute

39 487 210 522 δυνάμεώς
224 497 282 514 σου.
294 475 436 524 ’.Ταύτης
552 475 687 525 μηδεμίαν
700 475 807 525 sancti-1v
824 475 862 516 εί-

918 498 957 517 .ua
970 497 993 517 ει.
1004 500 1013 516 ι
1031 489 1088 517 Hoc
1104 490 1209 517 nullum
1224 497 1286 517 esse
1300 489 1390 523 majus
1406 489 1583 522 mandatum;
1598 493 1625 516 et
1637 475 1713 524 jure|

40 539 110 557 ναι·
125 532 180 558 καὶ
196 532 270 567 μάλα
286 532 412 564 εἰκότωςε
426 533 474 560 καὶ
487 534 542 569 γὰρ
555 534 601 560 καὶ
613 535 677 570 περὶ
690 534 738 561 τοῦ
752 534 860 570 πρώτου

918 535 1022 571 ιιιίιίειῐι
1038 535 1142 570 oplimo
1156 544 1162 562 :
1180 542 1242 562 nam
1257 538 1284 562 et
1300 533 1333 561 de
1349 534 1438 569 primo
1463 535 1637 569 maximoque
1657 535 1698 562 la-

41 577 98 602 καὶ
112 577 190 613 περὶ
203 577 251 603 τοῦ
269 578 398 613 μεγίστου
414 579 612 614 παρήγγελται,
625 580 709 607 αὑτοῦ
724 580 770 607 τοῦ
781 579 860 613 Θεοῦ,

41 622 68 629 .-
136 623 145 629 .
191 624 199 629 .
236 623 248 629 ..
296 624 306 629 -
319 623 326 629 .
357 620 371 629 υ
429 625 434 629 .
478 625 483 629 .
604 626 609 629 .
631 626 642 629 Α
733 626 737 629 .
790 627 794 629 .

918 591 967 610 .um
984 583 1143 610 mandatum
1165 585 1224 612 est,
1248 580 1282 607 de
1298 580 1358 615 ipso
1378 580 1507 607 nimirum
1530 579 1596 612 Deo,
1618 579 1699 608 Patre

40 622 170 658 Πατρὸς
183 624 204 658 ἡ
210 623 279 659 μῶν,
293 623 326 650 δι’
342 620 372 650 οὗ
393 625 440 651 καὶ
452 625 548 659 γέγονε
568 626 616 653 καὶ
630 626 688 653 ἐστι
710 626 745 653 τὰ
760 627 859 659 πάντα,

918 635 1016 663 rostro,
1030 638 1079 665 per
1092 637 1173 664 quem
1186 627 1256 655 facta
1271 631 1336 656 sunt
1347 631 1429 662 atque
1440 627 1578 655 exsistunt
1594 627 1697 660 omnia,

114 668 163 700 εἰς
193 668 226 695 ὃν
243 669 279 695 τὰ
305 670 446 705 σωζόμενα
473 671 553 698 πάλιν
576 672 767 708 ἐπανέρχεται.
794 672 861 699 Ὑπὸ

918 681 937 704 :t
951 676 986 704 ad
1000 684 1080 711 quem
1097 683 1194 702 rursus
1210 678 1386 702 revertuntur
1397 681 1458 708 quae
1474 673 1541 700 fiunt
1557 673 1643 701 salva.
1654 673 1699 700 Ab

40 717 156 741 τούτου
170 717 268 742 τοίνυν
288 717 532 752 προαγαπηθέντας
547 719 595 745 καὶ
610 717 655 744 τοῦ
670 717 796 752 γενέσθαι
815 727 861 745 τυ-

918 731 963 751 ioc
987 723 1071 759 igitur
1091 727 1154 750 ante
1179 722 1296 749 dilectos
1323 725 1350 748 et
1369 720 1507 751 conditos,
1527 719 1605 748 nefas
1624 719 1698 747 aliud

41 762 156 796 χόντας
173 763 229 798 οὐχ
248 763 320 791 ὅσιον
344 764 434 791 ἄλλοτι
455 764 639 801 πρεσϐύτερον
664 765 739 799 ἄγειν
756 766 803 792 καὶ
819 774 860 792 τι-

918 770 1020 805 ιιιίιινίε
1034 769 1176 804 antiquius
1197 768 1298 795 ducere
1313 774 1344 793 ac
1364 766 1552 801 praestantius,
1568 773 1650 800 quam
1669 770 1700 792 ut

43 809 220 844 μιὼτερον·
242 809 398 842 ἐκτίνοντας
421 811 505 846 μόνην
518 811 568 847 τὴν
591 811 670 846 χάριν
688 810 789 846 ταύτην
815 820 860 846 μι-

919 824 981 844 tanc
1003 816 1136 844 duntaxat
1149 815 1274 850 exiguam
1290 814 1405 849 gratiam
1427 813 1608 840 maximorum
1632 820 1696 839 mu—

42 854 126 906 ):in
141 855 196 880 ἐπὶ
217 855 364 890 μεγίστοις,
378 856 440 883 ἄλλο
451 856 479 882 δὲ
497 857 638 892 μηδοτιοῦν
653 857 765 892 ἔχοντας
784 857 860 884 ἀνεν-

918 870 1006 890 rerum
1015 866 1092 898 grata
1100 861 1159 889 vice
1173 860 1337 890 referamus,
1352 867 1415 886 cum
1432 858 1498 885 nihil
1508 857 1582 884 aliud
1590 857 1700 892 excogi-

44 899 110 951 δεεϊ
119 901 190 951 ..καὶ
209 901 304 937 τελείῳ
321 901 379 937 Θεῷ
395 902 464 938 πρὸς
478 903 594 938 ἀμοιῧὴν
612 903 769 938 ἐπινοῆσαι·
786 903 860 938 αὑτῷ

918 909 963 934 .ari
979 894 1076 942 possit,
1090 905 1163 941 quod
1178 905 1281 932 nullius
1297 904 1387 939 egenti
1402 911 1434 930 ac
1449 902 1570 938 perfecto
1589 901 1644 929 Deo
1658 910 1700 928 re-

43 945 76 970 δὲ
95 945 143 980 τῷ
161 946 278 981 ἀγαπᾷν
294 947 339 973 τὸν
354 948 463 982 Πατέρα
484 949 524 980 είς
539 949 641 975 οἰκείαν
661 949 738 984 ἰσχὺν
755 949 801 975 καὶ
816 949 860 975 δύ-

918 954 991 981 )cndi
1007 961 1022 980 a
1037 953 1117 980 nobis
1132 952 1233 987 possit;
1258 951 1371 986 ipsaque
1391 957 1422 977 ea
1446 949 1551 976 ratione
1569 956 1624 983 qua
1648 947 1701 975 Pa-

43 1000 153 1026 ναμιν,
171 993 341 1028 ἀφθαρσίαν,
362 994 569 1030 νομιζομένους.
584 996 665 1022 Ὀσον
688 996 741 1031 γὰρ
767 997 861 1031 ἀγαπᾷ

918 1005 980 1026 :rem
996 997 1146 1032 diligimus,
1166 1000 1268 1031 quanta
1291 996 1379 1023 virtus
1400 1003 1432 1022 ac
1450 994 1566 1022 facultas
1583 998 1641 1026 est,
1659 994 1701 1020 in-

43 1045 95 1068 τις
109 1037 164 1064 τὸν
189 1037 270 1070 Θεὸν,
290 1039 408 1074 τοσούτῳ
422 1041 469 1066 καὶ
485 1039 565 1066 πλέον
585 1040 716 1077 ἐνδοτέρω
732 1041 778 1068 τοῦ
792 1041 859 1068 Θεοῦ

918 1043 1099 1078 :orruptionis
1126 1050 1226 1069 munus
1254 1047 1467 1076 consequamur.
1494 1039 1602 1072 Quanto
1628 1039 1700 1067 enim

46 1083 251 1119 παραδύεται.

918 1089 973 1123 luis
987 1088 1104 1122 amplius
1120 1086 1204 1114 Deum
1220 1086 1318 1122 diligit,
1334 1090 1409 1113 tanto
1426 1085 1454 1112 in
1469 1083 1555 1111 Deum
1574 1083 1699 1111 intimius

912 1134 988 1169 quasi
1005 1133 1140 1169 pervadit.

946 1180 1025 1215 343
1045 1178 1162 1206 XXVIII.
1178 1179 1300 1206 Alterum
1316 1181 1406 1205 autem
1425 1177 1532 1209 ordine,
1554 1185 1605 1205 nec
1619 1178 1702 1213 quid-

912 1235 993 1262 quam
1009 1226 1099 1261 priore
1123 1225 1214 1252 minus
1229 1225 1266 1251 ait
1289 1232 1349 1251 esse
1365 1223 1542 1251 mandatum:
1565 1232 1574 1248 ι
1599 1223 1701 1258 Diliges

912 1273 1064 1308 proximum
1078 1275 1154 1298 tuum
1169 1271 1240 1297 sicut
1255 1269 1371 1304 tcipsum
1388 1269 1412 1295 δ.
1437 1278 1445 1293 ι
1466 1267 1535 1303 Ergo
1556 1268 1640 1295 Deum
1653 1276 1702 1295 su-

913 1326 961 1353 pra
989 1318 1115 1352 teipsum.
1140 1315 1323 1343 Percontante
1350 1319 1440 1341 autem
1461 1322 1504 1345 eo,
1528 1321 1646 1348 quocum
1661 1314 1701 1341 illi

913 1373 1018 1393 sermo:
1037 1374 1046 1389 ι
1060 1364 1091 1390 Et
1101 1363 1163 1398 quis
1177 1366 1218 1390 est
1231 1369 1306 1389 meus
1321 1362 1461 1396 proximus
1472 1361 1504 1387 οἳ
1518 1370 1527 1384 ι
1545 1368 1598 1387 non
1607 1360 1700 1387 eodem

913 1411 1004 1442 modo,
1018 1419 1073 1446 quo
1087 1409 1183 1441 Judaai,
1209 1407 1332 1436 definivit
1347 1408 1512 1442 proximum,
1535 1406 1562 1434 id
1580 1410 1622 1434 est
1636 1413 1703 1433 con-

87 1175 168 1201 KH’.
188 1175 326 1209 Δευτέραν
341 1176 370 1202 δὲ
390 1175 475 1208 τάξει,
492 1177 538 1203 καὶ
559 1177 635 1204 οὐδέν
651 1186 677 1204 τι
697 1178 861 1214 μικροτέραν

46 1221 167 1256 ταύτης
184 1218 258 1247 εἶναι
274 1221 357 1255 λέγει,
373 1222 402 1249 τὸ
413 1231 422 1248 ι
441 1223 606 1258 Ἀγαπήσεις
623 1223 668 1250 τὸν
685 1224 797 1259 πλησίον
814 1233 861 1251 σου

46 1267 90 1298 th;
106 1267 243 1294 σεαυτόν·
267 1277 276 1293 ι
295 1268 392 1295 οὐκοῦν
408 1269 453 1295 τὸν
474 1269 538 1295 Θεὸν
556 1270 626 1305 ὑπὲρ
650 1271 770 1297 σεαυτόν.
793 1271 862 1298 Πυν-

47 1313 218 1348 θανομὲνου
234 1313 264 1339 δὲ
280 1314 326 1340 τοῦ
342 1315 613 1350 προσδιαλεγομένου,
633 1326 643 1342 t
663 1317 711 1348 Τίς
733 1318 791 1345 ἐστί
811 1327 862 1354 μου

48 1359 202 1394 πλησίονς
226 1368 236 1384 ›
256 1359 286 1385 οὐ
303 1359 347 1386 τὸν
366 1360 446 1387 αὑτὸν
466 1361 564 1396 τρόπον
590 1362 726 1394 Ἰουδαίοις
742 1365 861 1400 προωρί-

49 1413 129 1431 σατο
147 1404 197 1431 τὸν
215 1404 284 1441 πρὸς
305 1406 502 1441 αῖματος,οὺδὲ
523 1408 569 1435 τὸν
591 1409 713 1444 πολίτην,
732 1411 792 1438 οὐδὲ
818 1412 863 1439 τὸν

48 1451 252 1486 προσήλυτον,
276 1451 337 1478 οὐδὲ
352 1452 398 1479 τὸν
413 1454 515 1488 ὁμοίως
541 1457 785 1492 περιτετμημένον,
802 1459 862 1485 οὐδὲ

918 1457 1108 1492 sanguineum,
1133 1456 1231 1486 civem.
1257 1454 1437 1489 prosclytum,
1450 1456 1497 1480 aut
1512 1453 1559 1488 qui
1576 1452 1702 1480 similiter

48 1497 102 1524 τὸν
127 1497 174 1523 ἐνὶ
186 1497 236 1523 καὶ
252 1497 343 1533 ταύτῷ
356 1498 430 1534 νόμῳ
445 1499 595 1535 χρώμενον·
614 1502 682 1528 ἀλλὰ
698 1502 800 1530 ἀνωθεν
814 1513 864 1530 κα-

918 1502 1092 1530 circumcisus
1107 1502 1152 1533 sit,
1170 1501 1210 1528 vel
1221 1508 1273 1528 una
1285 1499 1434 1534 eademque
1451 1498 1509 1534 lege
1523 1499 1610 1525 utitur
1625 1507 1633 1531 ;
1653 1498 1701 1526 sed

47 1541 234 1590 ταῦαίνοντα
247 1543 301 1569 ἀπὸ
331 1543 508 1580 Ἰερουσαλὴμ
528 1546 588 1580 ἄγει
605 1547 643 1582 τῷ
659 1547 729 1583 λόγῳ
746 1549 807 1575 τινὰ
824 1551 864 1582 είς

918 1548 1052 1575 hominem
1068 1547 1184 1578 inducit,
1197 1547 1244 1581 qui
1260 1545 1356 1581 procul
1370 1545 1404 1572 ab
1417 1543 1569 1572 Jerusalem
1586 1544 1701 1571 descen-

55 1589 191 1626 Ὶεριχὼ,
206 1590 254 1616 καὶ
263 1589 356 1617 τοῦτον
363 1590 496 1618 δείκνυσιν
507 1592 559 1618 ὑπὸ
569 1592 674 1629 λῃστῶν
686 1602 864 1631 συγκεκεντη-

918 1593 961 1620 dat
978 1593 1004 1620 in
1019 1592 1127 1620 Jericbo
1143 1602 1148 1619 :
1167 1592 1293 1626 liuncque
1308 1590 1427 1618 ostendit
1439 1597 1454 1616 a
1471 1589 1622 1617 latronibus
1636 1596 1703 1616 con-

52 1635 159 1671 μένον,
170 1635 339 1671 ἐρριμμένον
348 1636 483 1671 ήμίθνητα
497 1638 542 1664 ἐπὶ
559 1638 608 1673 τῆς
622 1639 693 1672 ὁδοῦ,
705 1640 758 1666 ὑπὸ
771 1641 864 1676 ἱερέως

918 1639 1034 1670 fessum,
1047 1639 1198 1673 projectum
1223 1637 1383 1665 semivivum
1401 1636 1428 1662 in
1441 1635 1501 1668 ria;
1517 1641 1598 1670 quem
1612 1642 1703 1662 sacer-

50 1681 299 1716 τλροδευόρνενον,
321 1681 373 1708 ὑπὸ
399 1682 511 1709 Λευΐτου
539 1685 744 1720 παρορώμενον,
763 1686 815 1713 ὑπὸ
836 1687 864 1713 δὲ

918 1684 964 1712 llos
976 1687 1127 1720 prmtereat,
1142 1684 1235 1711 levites
1252 1682 1403 1717 despiciat;
1421 1681 1611 1709 Samaritanus
1636 1688 1702 1708 vero

51 1726 106 1754 τοῦ
128 1726 293 1762 Σαμαρίτον
309 1727 356 1754 τοῦ
371 1726 593 1764 ἐξωνειδισμένου
611 1731 658 1757 καὶ
674 1731 864 1767 ἁφωρισμένου

918 1731 1034 1765 (spretus
1049 1730 1093 1757 ille
1107 1738 1139 1756 au
1155 1727 1323 1764 segregatus)
1340 1726 1528 1754 misericordia
1543 1725 1700 1760 impertiat:

51 1772 294 1807 κατελεούμενον·
317 1773 346 1805 ὃς
357 1774 417 1809 οὑχὶ
431 1774 502 1801 κατά
518 1775 612 1811 τύχην,
630 1776 667 1808 ὡς
683 1777 782 1804 ἐκεῖνοι
797 1786 864 1814 παρ-

918 1775 988 1802 venit
1001 1779 1090 1802 autem
1101 1782 1155 1802 non
1171 1781 1236 1801 casu
1253 1776 1282 1800 ut
1299 1773 1337 1798 illi
1357 1778 1437 1799 secus
1449 1770 1539 1797 locum
1554 1769 1702 1802 transiens,

51 1819 169 1853 ἦλθον,
202 1818 260 1845 ἀλλ’
287 1816 355 1854 ἧκεν
383 1821 587 1856 ἐσκευασμένος
617 1818 654 1848 ὧν
674 1822 689 1848 ὁ
706 1822 864 1849 κινδυνεύων

918 1821 962 1848 sed
978 1821 1033 1847 illis
1048 1821 1196 1848 instructus
1211 1827 1272 1854 quae
1286 1819 1326 1847 sic
1348 1817 1470 1845 versanti
1487 1817 1514 1844 in
1529 1816 1653 1852 periculo
1671 1823 1705 1845 ac

53 1865 163 1898 ἐδεῖτο,
182 1861 252 1896 οἷον,
269 1864 368 1896 ἔλαιον,
392 1865 564 1901 ἐπιδέσμους,
582 1867 690 1902 κτῆνος,
718 1867 811 1903 μισθὸν
828 1867 864 1904 τῷ

918 1866 1050 1893 laboranti
1065 1874 1134 1901 opus
1149 1870 1237 1897 eram,
1250 1869 1314 1900 puta
1331 1866 1401 1898 oleo,
1415 1863 1578 1899 alligaturis,
1592 1863 1703 1898 jumen-

54 1911 210 1946 πανδοχεῖ,
222 1910 326 1946 τὸνμὲν
338 1910 387 1946 ἠδη
395 1911 541 1947 διδόμενον,
551 1913 595 1939 τὸν
602 1912 630 1939 δὲ
646 1914 864 1949 προσυπισχνοὺ-

918 1918 958 1948 to;
973 1914 1018 1948 qui
1035 1914 1187 1940 mercedem
1203 1912 1352 1940 stabulario
1364 1911 1462 1946 partim
1476 1911 1588 1943 tribuat,
1603 1909 1704 1945 partim

57 1965 160 1992 μενον.
183 1965 193 1981 ι
215 1955 274 1988 Τίς,
292 1956 354 1992 ἔφη,
386 1957 489 1985 τούτων
518 1959 611 1992 γέγονε
640 1958 752 1994 πλησίον
769 1959 807 1994 τῷ
833 1959 867 1987 τὰ

56 2002 143 2030 δεινὰ
168 2001 303 2035 naM-nt;
334 2011 343 2028 ι
361 2002 414 2029 Τοῦ
439 2002 467 2030 δὲ
488 2004 714 2039 ἀποκρινομένου,
741 2014 751 2031 ε
778 2005 806 2032 '0
821 2005 867 2032 τὸν

58 2048 142 2076 ἑλεον
156 2048 230 2084 πρὸς
246 2047 327 2075 αὐτὸν
341 2048 554 2084 ἐπιδειξάμενος·
571 2050 626 2076 Καὶ
644 2050 676 2077 σὺ
698 2051 798 2082 τοίνυν,
817 2059 866 2077 πο-

61 2094 274 2130 ρευθεξηοῦτω
284 2094 367 2127 ποίει,
376 2095 426 2127 »ὡς
431 2096 479 2130 τῆς
488 2096 597 2131 ἀγάπης
608 2095 807 2132 βλαστανούσης
820 2097 868 2123 εὑ-

60 2142 172 2169 ποιίαν.
650 2155 652 2157 ι

98 2187 171 2214 ΚΘί.
196 2187 242 2213 Ἐν
255 2186 424 2222 ἀμφοτέραις
436 2187 483 2222 μὲν
494 2185 540 2214 οὖν
550 2188 609 2220 ταῖς
624 2189 743 2220 ἐντολαῖς
757 2188 867 2223 ἀγάπην

60 2235 234 2269 εἰσηγεῖται·
251 2232 326 2266 τάξει
342 2233 364 2259 δ’
379 2233 463 2269 αὐτὴν
474 2234 596 2271 διῄρηκε.
614 2235 668 2262 Καὶ
684 2235 749 2262 ὅπου
766 2236 815 2271 μὲν
829 2235 863 2263 τὰ
880 2232 901 2258 D

62 2280 197 2316 πρωτεῖα
214 2279 263 2314 τῆς
278 2278 389 2314 ἀγάπης
410 2279 524 2306 ἀνάπτει
547 2280 586 2315 τῷ
608 2279 677 2316 Θεῷ,
695 2281 761 2308 ὅπου
777 2281 805 2308 δὲ
831 2281 864 2308 τὰ

61 2326 214 2361 δευτερεῖα
239 2324 317 2360 νέμει
341 2323 380 2360 τῷ
397 2324 518 2360 πλησίον.
549 2326 597 2358 Τίς
627 2326 649 2353 δ’
669 2326 701 2353 ἂν
728 2327 807 2360 ἄλλος
822 2327 865 2362 εἴη

62 2372 141 2407 πλὴν
168 2370 276 2402 αὑτὸςό
301 2371 415 2407 Σωτήρς
443 2371 515 2406 ἢτίς
533 2372 632 2408 μᾶλλον
656 2374 729 2409 ἡμᾶς
753 2373 866 2409 ἐλεήσας

62 2417 193 2449 εκείνου,
220 2417 284 2449 τοὺς
300 2417 352 2443 ὑπὸ
368 2417 421 2444 τῶν
438 2419 666 2454 κοσμοκρατόρων
691 2419 737 2446 τοῦ
756 2420 867 2452 σκότους

63 2464 165 2498 ὀλίγον
189 2462 428 2498 τεθανατωμένους
450 2465 505 2495 τοῖς
529 2464 634 2496 πολλοῖς
649 2465 797 2501 τραύμασι,
816 2467 865 2500 φό-

63 2510 140 2542 6οις,
160 2508 331 2544 ἐπιθυμίαις,
346 2511 451 2546 ὀργαῖς,
468 2510 576 2543 λύπαις,
594 2511 722 2543 ἀπάταις,
739 2512 864 2547 ἡδοναῖς;

63 2555 184 2582 Τούτων
198 2554 227 2581 δὲ
238 2554 292 2580 τῶν
305 2555 468 2590 τραυμάτων
484 2556 563 2591 μόνος
580 2556 671 2592 ἰατρὸς
690 2557 802 2591 Ἰησοῦς,
819 2558 864 2584 ὲκ-

64 2601 185 2628 κόπτων
209 2599 294 2635 ἄρδην
314 2600 348 2627 τὰ
364 2601 437 2636 πάθη
459 2602 602 2638 πρόρριζα·
620 2603 669 2638 οὺχ
690 2602 784 2638 ὥσπερ
797 2603 811 2629 ὁ
827 2604 868 2630 νό-

65 2655 122 2679 μος
135 2645 205 2681 ψιλὰ
219 2645 253 2672 τὰ
266 2646 482 2683 ἀποτελέσματα,
500 2648 563 2680 τοὺς
579 2648 701 2685 καρποὺς
717 2647 770 2675 τῶν
785 2658 867 2685 πονη-

66 2694 128 2730 ρῶν
143 2692 249 2728 φυτῶν,
266 2692 335 2720 ἀλλὰ
349 2693 399 2728 τὴν
426 2693 521 2729 ἀξίνην
537 2694 585 2729 τὴν
609 2694 706 2721 ἑαυτοῦ
729 2694 795 2730 πρὸς
818 2695 867 2726 τὰς

67 2740 151 2777 ῥίζας
166 2739 218 2775 τῆς
235 2739 333 2771 κακίας
343 2740 535 2776 προσαγαγών.
546 2738 628 2773 οὗτος
643 2742 657 2768 ό
669 2741 715 2768 τὸν
731 2739 800 2768 οἶνον
810 2740 866 2776 (51)

107 2805 140 2834 >14
163 2800 198 2829 Ρ.
218 2801 271 2828 942
296 2800 350 2829 ED.
367 2800 515 2830 POTTER.

68 2838 119 2869 56,
139 2837 186 2864 57.

110 2897 170 2932 (5|)
192 2893 292 2924 οἶνον.
311 2894 432 2932 Respicit
448 2895 515 2924 Luc.
530 2904 557 2929 ιι,
575 2896 618 2924 54.

916 1968 946 1988 se
959 1961 1084 1987 daturum
1100 1959 1270 1994 polliceatur.
1291 1967 1301 1983 ‹
1323 1957 1392 1990 Quis
1408 1957 1518 1988 horum,
1536 1956 1635 1990 inquit,
1652 1955 1705 1982 fuit

916 2006 1058 2041 proximus
1085 2004 1156 2039 ejus,
1181 2003 1228 2038 qui
1247 2003 1307 2030 dira
1325 2010 1424 2036 passus
1438 2003 1498 2030 est?
1514 2012 1524 2028 ι
1542 2001 1646 2035 Illoque
1660 2008 1705 2028 re-

917 2052 1067 2087 spondente
1080 2070 1087 2080 .
1110 2060 1119 2076 ‹
1134 2050 1185 2082 Qui
1201 2050 1266 2077 fecit
1280 2049 1496 2078 misericordiam
1512 2049 1539 2076 in
1560 2048 1648 2078 illum,
1670 2046 1706 2074 Et

916 2102 957 2130 tu,
974 2097 1076 2132 inquit,
1094 2097 1171 2129 vade,
1184 2100 1211 2124 et
1227 2096 1270 2124 fac
1293 2096 1419 2123 similiter
1430 2095 1443 2115 ἀ
1457 2104 1465 2128 ;
1485 2105 1494 2121 ι
1520 2093 1592 2129 quod
1607 2092 1705 2120 videli-

916 2148 958 2171 cet
973 2143 1093 2171 cbaritas
1109 2143 1293 2170 beneficentiie
1308 2150 1407 2177 parens
1423 2141 1469 2169 sit.

952 2189 1048 2217 XXIX.
1064 2188 1093 2216 lu
1105 2193 1222 2224 utroque
1237 2189 1320 2224 igitur
1332 2187 1459 2215 mandato
1479 2186 1640 2214 cliaritatem
1656 2184 1705 2212 do-

915 2241 1041 2264 cumento
1054 2235 1147 2267 tradit,
1165 2235 1261 2262 ordine
1277 2240 1369 2262 tamen
1386 2234 1466 2261 ambo
1482 2233 1541 2260 haec
1552 2231 1679 2260 distinxit
1694 2239 1703 2258 :

916 2284 1073 2319 primasque
1085 2282 1227 2309 cliaritatis
1240 2286 1332 2316 partes
1348 2280 1402 2308 Deo
1427 2279 1550 2312 ascribit,
1568 2277 1705 2306 secundas

916 2337 980 2357 vero
991 2329 1115 2364 proximo
1131 2327 1237 2354 tribuit.
1253 2327 1320 2359 Quis
1343 2334 1408 2354 vero
1434 2326 1504 2354 alius
1524 2325 1605 2352 fuerit
1621 2330 1704 2359 quam

917 2375 976 2409 ipse
989 2372 1134 2400 Salvator?
1150 2375 1196 2398 aut
1214 2372 1276 2406 quis
1291 2371 1337 2398 illo
1354 2371 1485 2405 majorem
1502 2369 1580 2396 nobis
1597 2368 1704 2395 miseri-

917 2419 1038 2448 cordiam
1049 2418 1229 2454 >1<impendit,
1246 2425 1261 2443 a
1275 2417 1369 2444 mundi
1380 2416 1485 2443 scilicet
1499 2414 1652 2442 rectoribus
1665 2419 1705 2441 te-

916 2466 1062 2493 nebrarum
1086 2464 1132 2491 vix
1148 2472 1201 2491 non
1228 2463 1322 2490 multis
1346 2461 1515 2494 vulneribus,
1539 2459 1703 2491 terroribus,

916 2511 1070 2544 desideriis,
1088 2510 1238 2541 furoribus,
1252 2508 1429 2539 maeroribus.
1448 2507 1602 2539 fraudibus,
1626 2505 1705 2532 volu-

916 2558 1035 2593 ptatibus
1058 2556 1179 2584 enecatis
1198 2561 1279 2590 atque
1306 2553 1465 2582 exstinctis?
1495 2551 1597 2579 Horum
1623 2558 1706 2586 porro

918 2603 1062 2630 vulnerum
1076 2601 1198 2629 medicus
1211 2601 1287 2628 solus
1301 2604 1342 2627 est
1352 2598 1442 2630 Iesus,
1458 2598 1505 2633 qui
1519 2596 1652 2624 radicitus
1664 2596 1705 2623 vi-

919 2649 957 2676 tia
975 2656 1089 2684 prorsus
1113 2646 1266 2680 exscindat,
1282 2654 1337 2674 non
1366 2647 1438 2673 sicut
1453 2645 1495 2673 lex
1521 2643 1596 2671 nuda
1609 2642 1706 2671 effecta

920 2694 1075 2731 (pravarum
1093 2693 1197 2721 fructus
1222 2691 1400 2728 plantarum),
1416 2691 1464 2719 sed
1484 2690 1530 2725 qui
1553 2690 1612 2725 ipse
1627 2695 1706 2716 suam

921 2740 1038 2768 securim
1053 2739 1164 2767 malitiae
1183 2739 1321 2767 radicibus
1338 2736 1497 2765 admoverit.
1522 2735 1572 2763 Hic
1588 2737 1640 2766 est,
1659 2732 1705 2768 qui

565 2809 579 2823 ι
601 2802 695 2831 Matth.
723 2811 781 2836 xu,
816 2802 860 2836 56,

934 2803 1011 2836 ,53.
1051 2802 1064 2822 δ
1088 2787 1182 2829 naua.
1199 2788 1332 2835 “11,59.
1372 2794 1570 2830 eLuc.x,29.
1606 2791 1704 2820 dtbid.
