1934 3075
252 140 304 168 635

832 135 1025 164 CLEMENTIS
1044 135 1276 163 ALEXANDRINI

1823 133 1870 162 656

252 199 345 226 vinum
359 197 528 234 (sanguinem
543 198 606 225 vilis
619 197 763 233 Davidicae)
779 198 878 226 sauciis
892 198 1032 225 animabus

1086 196 1125 231 (τὺ
1141 193 1210 231 αἷμα
1226 196 1274 231 τῆς
1290 195 1410 231 ἀμπέλου
1431 194 1479 230 τῆς
1503 194 1592 226 Δαϐιδ)
1609 194 1708 229 ἐκχέας
1730 194 1811 229 ἡμῶν
1827 195 1869 222 ἐπὶ

251 245 371 278 infudit;
390 245 436 280 qui
451 253 484 272 ex
501 245 651 272 visceribus
666 244 783 279 Spiritus
799 245 887 271 oleum
900 243 1033 274 adhibuit,

251 291 498 325 abundantiorique
512 289 637 324 largitate
651 290 755 317 tribuit.
776 289 826 316 Hic
842 293 884 316 est
898 289 944 321 qui
961 289 1035 316 sani-

250 336 316 364 tatis
332 336 480 370 salutisque
493 335 659 369 alligaturas,
672 335 840 366 charilatem,
859 334 947 366 ﬁdem,
959 341 1034 368 spem

253 382 411 409 insolubiles
427 381 524 408 eﬂ‘ecit.
538 380 586 407 llic
600 384 641 408 est
655 381 700 415 qui
710 381 819 415 angelos
831 384 857 407 et
865 379 1034 415 principatus

251 432 278 455 et
306 431 463 462 potestates,
485 430 515 453 ut
529 426 606 453 nobis
627 426 777 454 ministerio
791 426 949 461 fungantur,
981 425 1033 453 sub

252 480 348 508 magna
368 473 489 500 mercede
507 472 637 505 subjecit;
650 480 711 499 nam
724 476 750 499 et
770 471 820 506 ipsi
844 471 1034 498 liberabuntur

252 526 267 545 a
281 518 374 545 mundi
389 518 507 545 vanitate
521 517 549 544 in
564 517 728 545 revelatione
742 517 834 552 gloria:
844 517 961 544 ﬁliorum
974 516 1031 543 Dei.

252 563 330 592 Hunc
344 564 426 599 igitur
436 572 513 599 atque
526 564 638 599 diligere
652 567 760 598 oportet
775 571 807 590 ac
820 563 904 591 Deum
922 573 928 590 :
946 563 1034 598 diligit

252 613 340 636 autem
355 609 504 640 Christum,
521 610 567 644 qui
587 609 719 644 facitejus
733 609 911 641 voluntatem,
930 613 1034 637 servat-

250 662 304 690 que
321 655 394 683 illius
408 655 543 690 mandata.
571 664 580 681 ι
611 655 670 683 Non
694 656 766 682 enim
785 655 873 682 omnis
897 655 943 689 qui
966 654 1034 681 dicit

249 700 335 727 mihi:
354 699 477 732 Domine,
501 700 625 733 Domine,
649 700 761 727 intrabit
777 700 803 726 iu
821 707 934 735 regnum
950 699 1033 726 caelo-

250 754 322 778 rum,
341 747 388 773 sed
403 747 449 781 qui
470 746 536 774 facit
550 747 716 774 voluntatem
733 745 822 772 Patris
838 745 890 772 mei
906 751 930 773 ⁸.
951 754 961 771 ›
981 745 1030 772 Et:

253 800 263 817 ι
283 791 354 825 Quid
364 799 407 819 me
418 791 522 824 dicitis,
538 791 662 824 Domine,
679 791 804 822 Domine,
825 795 852 818 et
871 799 924 818 non
943 790 1033 819 facitis

250 844 310 872 quae
318 836 423 864 dicob‘l
438 847 448 864 ›
465 837 513 864 Ει;
534 847 542 863 ι
562 837 617 865 Vos
632 837 702 864 beati
716 837 761 872 qui
776 837 874 864 videtis
885 840 911 864 et
921 836 1031 870 auditis,

1087 242 1135 273 τὰς
1151 242 1321 277 τετρωμένας
1337 240 1434 276 ψυχὰς,
1446 242 1460 267 δ
1473 241 1502 267 τὸ
1521 242 1553 267 ὲκ
1569 241 1731 275 σπλάγχνων
1748 240 1871 275 Πνεύμα-

1087 297 1131 320 τος
1159 287 1245 314 ἔλαιον
1278 286 1467 322 προσενεγκὼν
1480 307 1487 318 ,
1522 287 1569 313 καὶ
1599 286 1868 321 ἐπιδαψιλευόμενος·

1087 330 1162 365 οὗτος
1178 334 1191 360 ὁ
1207 333 1269 364 τοὺς
1285 333 1334 368 τῆς
1350 333 1442 366 ὑγείας
1461 332 1507 358 καὶ¹
1524 332 1657 367 σωτηρίας
1674 332 1795 366 δεσμοὺς
1810 332 1869 358 ἁλύ-

1086 386 1148 409 τους
1161 378 1305 409 ἐπιδείξας,
1322 378 1442 413 ἀγάπην,
1462 377 1563 410 πίστιν,
1579 377 1682 404 ἐλπίδα·
1703 376 1781 409 οὗτος
1794 379 1808 404 ὀ
1823 378 1871 405 δισ-

1087 425 1173 450 κονεῐν
1186 423 1317 457 ἀγγέλους
1333 424 1379 449 καὶ
1389 423 1476 458 ἀρχὰς
1491 423 1537 449 καὶ
1555 423 1676 455 ἐξουσίας
1690 424 1759 459 ⁴ἡμῖν
1774 425 1870 452 ὑποτά-

1086 468 1134 502 ξας
1144 469 1189 495 ἐπὶ
1207 469 1315 504 μεγάλῳ
1328 468 1423 504 μισοᾷν
1441 469 1507 495 διότι
1525 469 1571 495 καὶ
1586 469 1662 495 αὐτοὶ
1682 469 1868 506 ἐλευθερωθή-

1087 524 1176 542 σονται
1192 515 1246 542 ἀπὸ
1266 516 1315 551 τῆς
1333 516 1510 551 ματαιότητος
1533 515 1579 542 τοῦ
1602 515 1704 550 κόσμου
1728 517 1807 551 παρὰ
1826 517 1869 552 τὴν

1085 560 1254 596 ἀποκάλυψιν
1279 561 1327 596 τῆς
1343 561 1421 596 δόξης
1444 560 1498 587 τῶν
1522 560 1586 587 υἱῶν
1607 560 1653 587 τοῦ
1675 561 1756 587 Θεοῦ.
1772 561 1869 588 Τοῦτον

1085 604 1132 633 οὖν
1148 606 1256 642 ἀγαπᾷν
1271 607 1315 633 ἴσα
1326 606 1378 642 χρὴ
1394 606 1432 641 τῷ
1447 605 1515 641 Θεῷ·
1532 607 1626 642 ἀγαπᾷ
1638 607 1665 632 δὲ
1680 607 1801 641 Χριστὸν
1824 608 1870 643 Ἰη-

1087 651 1149 678 σοῦν
1165 653 1179 678 ὀ
1192 652 1222 679 τὸ
1234 652 1339 688 Οέλημα
1356 652 1437 678 αὑτοῦ
1455 651 1538 678 ποιῶν
1555 652 1602 679 καὶ
1625 653 1772 687 φυλάσσων
1791 653 1868 680 αὑτοῦ

1085 698 1134 729 τὰς
1149 697 1268 729 ἐντολάς.
1287 707 1296 723 ε
1311 698 1347 724 Οὐ
1363 698 1417 733 γὰρ
1428 698 1482 729 πᾶς
1494 699 1508 725 ὁ
1521 697 1606 731 λέγων
1627 707 1684 733 μοι,
1700 698 1802 733 Κύριε,
1820 698 1870 725 Κύ-

1086 752 1138 779 ριε,
1155 743 1334 770 εἰσελεύσεται
1356 745 1395 775 εἰς
1421 743 1470 779 τὴν
1494 743 1630 778 βασιλειαν
1657 744 1712 771 τῶν
1738 744 1868 779 οὐρανῶν,

1085 789 1141 816 ἀλλ’
1151 791 1165 816 ὁ
1177 789 1260 816 ποιῶν
1271 789 1300 816 τὺ
1316 789 1421 825 θέλημα
1434 789 1480 816 τοῦ
1497 789 1602 824 Πατρός
1619 798 1679 825 μου.
1700 799 1709 816 ι
1729 790 1798 816 Καί·
1815 799 1825 816 ‹
1840 791 1867 816 ΤΞ

1087 843 1119 870 με
1129 835 1232 870 λέγετε,
1251 835 1346 871 Κύριε,
1363 835 1459 871 Κύριε,
1482 836 1528 861 καὶ
1543 835 1573 862 οὐ
1591 837 1692 862 ποιεῖτε
1709 835 1727 862 ἃ
1744 835 1834 869 λέγω;
1858 846 1865 861 ι

250 891 312 918 qua:
326 891 376 911 nec
386 884 464 918 justi,
481 892 532 911 nec
548 884 685 918 prophetm
698 883 823 912 viderunt
833 888 862 916 c;
877 893 886 909 ι
898 883 977 911 modo
991 887 1032 910 ta-

1086 881 1147 907 Καί·
1167 891 1176 907 ‹
1200 881 1294 916 Ὑμεῖς
1310 881 1438 916 μακάριοι
1460 881 1484 907 οἱ
1502 880 1617 916 ὁρῶντες
1641 882 1689 908 καὶ
1713 881 1867 913 ἀκούοντες,

251 936 315 957 men
332 929 452 958 feceritis
463 937 494 957 ea
506 927 572 965 qua?
581 931 651 958 dico.

287 1037 370 1065 XXX.
383 1038 491 1066 Primus
502 1039 584 1075 igitur
598 1040 642 1068 hic
650 1045 701 1073 est,
714 1042 761 1076 qui
775 1042 916 1070 Christum
927 1042 1032 1078 diligit;

251 1084 388 1112 secundus
411 1085 466 1118 ille,
492 1086 538 1120 qui
560 1087 620 1120 ejus
650 1087 742 1114 ﬁdeles
775 1088 871 1115 honori
895 1088 976 1116 habet
1001 1096 1033 1115 ac

251 1129 328 1157 colit.
344 1130 421 1163 Quod
435 1131 506 1158 enim
522 1132 549 1158 in
564 1131 727 1167 discipulum
744 1134 805 1168 quis
820 1135 914 1169 egerit,
931 1134 983 1161 hoc
1005 1135 1033 1162 in

252 1183 283 1203 se
297 1175 426 1203 Dominus
450 1176 550 1204 factum
573 1179 682 1214 accipit,
705 1186 736 1205 ac
757 1179 887 1214 quidquid
905 1179 971 1206 illud
992 1184 1034 1208 est

252 1222 303 1249 sibi
315 1223 437 1250 ascribit.
456 1232 465 1248 ι
484 1223 589 1257 Venite,
606 1225 740 1253 benedicti
753 1225 840 1253 Patris
858 1226 922 1258 mei,
944 1227 1033 1261 possi-

250 1268 311 1296 dete
322 1273 446 1304 paratum
461 1270 538 1298 vobis
551 1279 663 1306 regnum
681 1279 696 1298 a
710 1272 905 1300 constitutione
928 1273 1031 1300 mundi.

249 1314 357 1343 Esurivi
372 1317 455 1349 enim,
471 1321 498 1344 et
510 1317 623 1346 dedistis
634 1318 699 1345 mihi
714 1319 897 1353 manducare;
909 1319 992 1351 sitivi,
1007 1324 1034 1346 et

250 1360 365 1389 dedistis
390 1361 456 1388 mihi
478 1362 586 1396 bibere;
609 1363 708 1398 hospes
725 1371 811 1396 eram,
833 1369 859 1392 et
884 1365 1033 1401 collegistis

249 1414 307 1440 me;
325 1407 424 1439 nudus,
441 1412 468 1435 et
481 1409 661 1443 cooperuistis
672 1418 728 1442 me;
747 1410 881 1442 inﬁrmus,
897 1415 924 1438 et
939 1411 1034 1439 visita-

250 1453 299 1481 stis
317 1461 376 1486 me;
397 1454 425 1480 in
440 1462 550 1482 carcere
567 1463 653 1487 eram,
670 1460 697 1482 et
711 1456 825 1483 venistis
837 1457 870 1484 ad
886 1465 937 1484 me.
956 1457 1033 1485 Tunc

249 1498 452 1534 respondebunt
472 1500 497 1526 ei
513 1500 590 1534 justi,
612 1500 754 1528 dicentes:
772 1501 895 1535 Domine,
922 1503 1032 1538 quando

1083 925 1101 952 ἃ
1130 927 1196 962 μήτε
1222 927 1330 959 δίκαιοι,
1359 927 1428 962 μήτε
1450 926 1597 962 προφῆται,
1626 937 1638 952 ι
1665 927 1713 953 ἐὰν
1744 927 1868 962 ποιῆτεᾶ

1083 972 1165 1007 λέγω.

1119 1041 1157 1067 Λ’.
1175 1041 1286 1077 Πρῶτος
1297 1041 1344 1076 μὲν
1355 1039 1400 1068 οὖν
1413 1038 1488 1073 οὗτος
1498 1041 1571 1068 ἐστιν
1587 1041 1601 1067 ὁ
1614 1040 1732 1076 Χριστὸν
1745 1040 1867 1074 ἀγαπῶν,

1083 1087 1206 1123 δεύτερος
1221 1087 1249 1114 δὲ
1265 1089 1278 1114 ὁ
1300 1088 1361 1119 τοὺς
1374 1088 1414 1119 εἰς
1431 1089 1531 1114 ἐκεῖνον
1548 1088 1765 1119 πεπιστευκότας
1784 1087 1867 1122 τιμῶν

1084 1133 1129 1160 καὶ
1143 1133 1290 1169 περιέπων.
1310 1134 1342 1159 Ὃ
1356 1134 1409 1168 γὰρ
1420 1134 1452 1160 ἄν
1468 1142 1508 1165 τις
1518 1134 1557 1165 είς
1575 1133 1698 1169 μαθητὴν
1708 1133 1866 1168 ἐργάσηται,

1083 1179 1161 1205 τοῦτο
1175 1179 1214 1210 εἰς
1230 1178 1324 1205 ἑαυτὸν
1336 1180 1350 1205 ὁ
1366 1178 1468 1214 Κύριος
1484 1178 1632 1213 ἐκδέχεται,
1646 1179 1694 1205 καί
1706 1179 1761 1204 πᾶν
1774 1178 1866 1205 ἑαυτοῦ

1083 1226 1206 1251 ποιεῖται.
1225 1234 1234 1250 ι
1262 1225 1354 1258 Δεῦτε,
1381 1226 1405 1251 οἱ
1421 1225 1595 1260 εὐλογημένοι
1611 1224 1658 1252 τοῦ
1681 1225 1789 1260 Πατρός
1808 1234 1866 1259 μου,

1083 1269 1302 1306 κληρονομήσατε
1313 1270 1361 1306 τὴν
1371 1271 1573 1306 ἡτοιμασμένην
1590 1271 1655 1306 ὑμῖν
1664 1270 1802 1305 βασιλείαν
1817 1270 1866 1296 ἀπὸ

1084 1315 1233 1351 καταϐολῆς
1250 1316 1296 1343 τοῦ
1314 1317 1426 1352 κόσμου.
1449 1317 1594 1343 Ἐπείνασα
1606 1317 1670 1352 γὰρ,
1687 1316 1734 1343 καὶ
1752 1315 1865 1342 ἐδώκατέ

1085 1372 1129 1399 μοι
1148 1364 1253 1398 φαγεῖν·
1271 1363 1393 1398 ἐδίψησα,
1410 1363 1457 1389 καὶ
1473 1362 1590 1389 ἐδώκατέ
1607 1371 1651 1397 μοι
1665 1364 1750 1394 πιεῖν,
1767 1362 1814 1388 καὶ
1828 1361 1866 1393 ξέ-

1082 1417 1127 1440 νος
1139 1409 1222 1445 ἧμην,
1237 1409 1283 1435 καὶ
1301 1409 1468 1444 συνηγάγετέ
1481 1417 1523 1444 με·
1534 1408 1636 1444 γυμνὸς
1652 1409 1736 1444 ἥμην,
1755 1408 1800 1434 καὶ
1817 1409 1867 1434 ἐνε-

1083 1454 1180 1481 δύσατὲ
1199 1463 1242 1490 με·
1259 1454 1407 1490 ἠσθένησα,
1423 1454 1469 1481 καὶ
1483 1454 1670 1489 ἐπεσκέψασθέ
1685 1462 1728 1489 με·
1745 1455 1774 1479 ὲν
1787 1453 1855 1487 φυλα

1083 1502 1118 1536 κῇ
1135 1500 1219 1535 ἥμην,
1231 1500 1277 1526 καὶ
1296 1500 1390 1535 ἤλθετε
1414 1500 1481 1535 πρὸς
1499 1500 1542 1535 μέ.
1560 1500 1626 1527 Τότε
1642 1499 1866 1535 ἀποκριθήσονται

249 1547 277 1571 te
290 1544 408 1572 vidimus
418 1545 595 1577 esurientem,
609 1549 636 1572 et
650 1547 774 1580 pavimus
788 1551 831 1580 te;
845 1552 872 1574 et
883 1548 1029 1581 sitientem,

1086 1545 1156 1580 αὐτῷ
1180 1546 1205 1571 οἱ
1232 1545 1340 1577 δίκαιοι,
1365 1545 1500 1580 λέγοντες
1517 1545 1613 1581 Κύριε,
1632 1546 1697 1572 πότε
1721 1554 1750 1571 σε
1767 1545 1865 1580 εἴδομεν

249 1592 277 1615 et
292 1588 416 1616 dedimus
431 1589 480 1617 tibi
493 1590 604 1624 potum?
624 1589 739 1622 Quando
765 1595 854 1618 autem
869 1596 896 1620 te
914 1593 1031 1621 vidimus

249 1634 394 1669 hospitem,
413 1639 440 1661 et
465 1635 644 1670 collegimus?
666 1640 693 1662 ct
717 1636 831 1668 nudum,
845 1641 872 1664 et
890 1639 1033 1672 cooperui-

249 1680 331 1707 mus'!
344 1684 391 1706 aut
403 1680 513 1715 quando
529 1684 555 1711 le
566 1680 683 1709 vidimus
705 1681 851 1714 inﬁrmum,
869 1687 896 1710 et
911 1684 1033 1711 visitavi-

249 1725 328 1752 mus?
341 1731 388 1752 aut
402 1726 430 1753 in
449 1734 568 1759 carcere,
579 1732 604 1754 et
621 1728 745 1755 venimus
760 1729 792 1755 ad
808 1729 849 1756 te?
871 1729 903 1755 Et
919 1738 1033 1765 respon-

249 1770 318 1798 dens
330 1779 378 1798 rex
401 1771 473 1799 dicet
484 1772 554 1800 illis:
572 1773 658 1800 Amen
679 1773 741 1801 dico
757 1775 843 1806 vobis.
860 1776 979 1810 quandiu
994 1775 1034 1804 fe-

250 1816 330 1844 cistis
344 1817 392 1844 uni
410 1825 443 1845 ex
454 1818 498 1845 his
512 1818 642 1846 fratribus
655 1819 723 1846 meis
738 1820 868 1854 minimis,
882 1821 946 1848 mihi
961 1821 1030 1849 feci-

251 1862 314 1890 stis.
337 1871 346 1888 )
364 1862 469 1891 Rursus
477 1871 541 1891 vero
552 1871 567 1891 e
583 1865 732 1898 contrario,
749 1865 782 1893 ad
794 1874 842 1893 eos
853 1867 898 1901 qui
908 1867 965 1894 haec
978 1876 1032 1894 non

250 1905 441 1940 praebuerunt:
461 1917 471 1932 ι
484 1907 569 1935 Amen
586 1908 647 1936 dico
659 1910 746 1944 vobis,
760 1912 879 1946 quandiu
896 1920 950 1939 non
967 1912 1033 1940 feci-

250 1951 301 1979 stis
317 1952 363 1979 uni
382 1960 415 1980 ex
428 1953 471 1980 his
487 1954 616 1987 minimis,
629 1963 678 1983 nec
693 1956 759 1983 mihi
781 1956 885 1986 fecistis
898 1958 921 1986 ἀ.
943 1968 952 1984 ι
972 1959 1033 1986 Alio

250 1996 314 2024 item
338 1998 412 2026 loco:
432 2008 441 2024 ‹
459 1998 510 2032 Qui
523 2007 571 2027 vos
593 2001 700 2036 recipit,
721 2010 764 2030 me
779 2003 892 2038 recipit;
922 2005 968 2039 qui
985 2013 1033 2032 vos

251 2050 306 2070 non
321 2044 428 2079 recipit,
443 2053 487 2072 me
497 2047 602 2081 spernit
615 2052 637 2074 θ.
653 2057 662 2073 ι

286 2154 383 2183 XXXI.
399 2155 454 2184 Hos
463 2161 542 2184 vocat
558 2162 584 2185 et
600 2158 669 2186 ﬁlios
684 2163 710 2186 et
725 2167 823 2194 pueros
836 2164 863 2187 et
875 2160 992 2189 infantes
1006 2165 1034 2189 et

1085 1589 1227 1622 πεινῶντα,
1240 1591 1286 1617 καί
1298 1589 1459 1626 ἐθρέψαμεν·
1470 1591 1486 1626 ἢ
1495 1590 1622 1625 διψῶντα,
1632 1590 1679 1617 καὶ
1688 1590 1849 1625 ἐποτίσαμεν
1857 1598 1864 1621 ;

1085 1636 1153 1663 Πότε
1165 1636 1194 1663 δὲ
1209 1636 1316 1672 εἴδομεν
1329 1645 1359 1662 σε
1376 1635 1459 1668 ξένον,
1482 1637 1529 1663 καὶ
1547 1636 1746 1671 συνηγάγομεν»
1765 1636 1781 1671 ἦ
1799 1644 1865 1671 γυμρ

1085 1683 1140 1715 νὺν,
1156 1682 1203 1709 καὶ
1219 1682 1432 1717 περιεϐάλομεν;
1448 1682 1464 1718 ἢ
1483 1682 1548 1708 πότε
1563 1690 1592 1708 σε
1609 1680 1714 1716 εἴδομεν
1730 1681 1864 1708 ἀσθενοῦν-

1084 1737 1129 1760 τα,
1152 1728 1199 1755 καὶ
1228 1728 1455 1764 ὲπεσκεψάμεθα;
1478 1728 1495 1764 ἢ
1521 1728 1549 1754 ἐν
1573 1727 1679 1762 φυλακῇ
1694 1728 1742 1754 καὶ
1755 1727 1864 1762 ἤλθομεν

1085 1774 1154 1809 πρὸς
1181 1773 1228 1807 σέ;
1257 1774 1312 1800 Καὶ
1335 1774 1494 1809 ἀποκριοεὶς
1517 1775 1531 1800 ὁ
1553 1773 1680 1808 βασιλεὺς
1697 1774 1755 1808 ἐρεῖ
1770 1773 1862 1804 αὑτῶ·

1091 1820 1176 1855 Ἀμὴν
1190 1819 1262 1854 λέγω
1273 1820 1347 1855 ὑμῖν,
1362 1820 1404 1854 ἐφ’
1418 1820 1478 1846 ὅσον
1490 1820 1633 1854 ἐποιήσατε
1649 1819 1688 1845 ἐνὶ
1705 1819 1807 1846 τούτων
1816 1818 1864 1844 τῶν

1085 1865 1205 1901 ἀδελφῶν
1223 1875 1273 1901 μου
1286 1866 1340 1893 τῶν
1358 1866 1518 1901 ἐλαχίστων,
1538 1866 1600 1901 ἐμοὶ
1616 1866 1772 1900 ἐποιήσατε.
1794 1875 1802 1891 ι
1818 1865 1865 1890 Πά-

1085 1911 1126 1937 λιν
1138 1912 1170 1938 ὲκ
1186 1912 1239 1938 τῶν
1256 1911 1383 1938 ἐναντίων
1398 1912 1465 1947 πρὸς
1479 1911 1541 1942 τοὺς
1554 1911 1639 1938 ταῦτα
1657 1911 1693 1946 μὴ
1718 1911 1865 1946 παρασχὸν-

1085 1966 1143 1988 τας·
1158 1967 1167 1983 ε
1189 1957 1273 1993 ’Λμὴν
1290 1957 1360 1992 λέγω
1377 1958 1451 1993 ὑμῖν,
1474 1958 1515 1992 ἐφ’
1529 1958 1590 1984 ὅσον
1605 1957 1656 1983 οὐκ
1673 1958 1816 1992 ἐποιήσατε
1829 1956 1865 1982 ἑνὶ

1086 2002 1186 2030 τούτων
1205 2003 1259 2030 τῶν
1275 2003 1434 2039 ἐλαχίστων,
1452 2003 1512 2030 οὐδὲ
1525 2003 1586 2038 ἐμοὶ
1600 2004 1758 2038 ἐποιήσατε.
1780 2013 1789 2029 ι
1815 2002 1866 2029 Καὶ

1086 2049 1211 2084 ἀλλαχοῦ·
1233 2058 1242 2074 ι
1267 2050 1296 2076 '0
1312 2051 1385 2085 ὑμᾶς
1407 2049 1549 2085 δεχόμενος
1565 2049 1615 2084 ἐμὲ
1631 2049 1748 2084 δέχεται·
1769 2050 1784 2075 ὁ
1799 2048 1866 2083 ὑμᾶς

1088 2094 1125 2130 μὴ
1139 2095 1282 2130 δεχόμενος
1299 2096 1348 2130 ἐμὲ
1365 2095 1464 2122 ἀθετεῖ.
1485 2105 1494 2122 ι

1118 2161 1180 2188 ΛΑ’.
1197 2160 1313 2192 Τούτους
1325 2161 1372 2187 καὶ
1387 2160 1468 2187 τέκνα
1480 2160 1526 2187 καὶ
1539 2160 1643 2192 παιδία,
1653 2160 1700 2187 καὶ
1713 2161 1806 2195 νήπια,
1821 2158 1864 2185 καὶ

250 2202 364 2233 amicos.
371 2208 397 2230 et
404 2204 530 2238 parvulos
539 2204 565 2231 in
574 2206 710 2239 praesenti,
721 2206 744 2232 si
755 2214 816 2233 cum
825 2206 914 2234 futura
925 2208 1032 2235 illorum

1087 2206 1179 2241 φίλους
1192 2206 1326 2242 ὀνομάζει,
1335 2206 1380 2233 καὶ
1391 2207 1503 2242 μικροὺς
1512 2206 1604 2233 ἐνθάδε
1613 2206 1652 2238 ὡς
1661 2206 1729 2242 πρὸς
1736 2206 1767 2232 τὸ
1777 2205 1866 2241 μέλλον

249 2246 278 2274 in
294 2248 372 2274 cmlis
386 2249 573 2283 magnitudine
587 2250 773 2278 conferantur.
795 2261 804 2277 ‹
821 2251 860 2280 Ne
875 2257 1032 2281 contemna-

1086 2253 1141 2279 ἄνω
1169 2252 1281 2288 μέγεοος
1296 2252 1394 2279 αὐτῶν·
1423 2261 1432 2278 ι
1452 2253 1497 2288 Μὴ
1515 2253 1748 2288 καταφρονήσητε,
1774 2251 1864 2284 λέγων,

249 2295 294 2326 tis,
311 2295 408 2330 inquit,
432 2304 516 2323 unum
532 2305 564 2324 ex
584 2300 613 2329 r14
632 2298 674 2326 his
698 2299 823 2333 pusillis;
850 2300 938 2335 angeli
958 2301 1031 2328 enim

247 2345 342 2366 eorum
357 2348 463 2375 semper
478 2342 570 2369 vident
585 2342 682 2371 faciem
697 2343 787 2371 Patris
806 2345 869 2376 mei,
887 2345 931 2380 qui
949 2350 990 2373 est
1005 2347 1032 2374 in

249 2385 327 2412 cmlis
343 2384 364 2411 ί.
380 2396 389 2412 ι
402 2386 461 2414 Alio
475 2388 584 2422 quidem
600 2389 676 2417 loco:
693 2399 703 2416 ι
722 2389 810 2417 Nolite
825 2391 929 2423 timere,
947 2393 1033 2427 pusil-

250 2429 292 2457 lus
301 2438 379 2463 grex:
396 2433 559 2467 complacuit
575 2435 647 2461 enim
663 2434 736 2462 Patri
751 2436 816 2463 dare
827 2436 903 2465 vobis
918 2445 1032 2472 regnum

250 2475 382 2502 cmlorum
399 2478 422 2504 8.
444 2487 454 2503 ι
486 2477 542 2505 llac
571 2479 629 2513 ipsa
648 2481 770 2514 ratione,
796 2481 877 2509 etiam
901 2481 1006 2509 Joanne
1020 2502 1028 2515 ,

250 2520 296 2554 qui
312 2521 446 2550 maximus
470 2527 512 2550 est
530 2524 600 2550 inter
617 2528 695 2552 natos
706 2526 860 2558 mulierum,
877 2527 923 2562 qui
942 2527 1032 2554 minor

250 2568 293 2592 est
314 2565 342 2592 in
367 2574 449 2601 regno
464 2569 595 2596 caelorum
610 2569 699 2603 (suum
716 2571 843 2597 nimirum
856 2571 1031 2607 discipulum)

249 2612 380 2646 majorem
389 2621 449 2641 esse
460 2614 535 2641 dicit.
551 2616 590 2641 Ac
605 2624 715 2644 rursus:
729 2626 738 2641 ε
755 2617 806 2650 Qui
819 2618 916 2654 recipit
927 2619 1032 2652 justum

250 2660 298 2684 aut
310 2659 468 2694 prophetam
484 2660 511 2687 in
527 2661 637 2689 nomine
651 2662 719 2697 justi
733 2666 781 2690 aut
794 2663 942 2699 prophetat,
958 2665 1032 2693 illius

304 2773 334 2802 ὶῖ⁴
355 2771 385 2800 P.
407 2772 459 2800 945
477 2773 531 2801 ΕΙ).
551 2773 699 2803 POTTER.

248 2804 377 2868 :lM'aph.
408 2816 471 2843 xxv,
496 2809 540 2843 54,
570 2817 645 2846 seqq.

754 2782 767 2796 ι
787 2776 866 2806 Joan.
881 2786 937 2811 Juv,
953 2778 1006 2812 εἴη
1019 2779 1114 2806 Matth.
1129 2786 1178 2810 vn,
1193 2778 1237 2806 2L

700 2819 709 2830 ·
729 2811 822 2840 Matth.
838 2821 865 2847 Χ,
881 2813 928 2847 4ος
945 2811 1011 2842 Luc.
1024 2823 1050 2849 ι,
1070 2815 1112 2843 16.

1085 2298 1143 2330 ἐνὸς
1154 2298 1207 2325 τῶν
1223 2298 1327 2334 μικρῶν
1340 2298 1440 2325 τούτων
1450 2307 1456 2313 ·
1475 2298 1576 2325 τούτων
1587 2298 1640 2334 γὰρ
1657 2298 1682 2324 οἶ
1695 2297 1805 2332 ἄγγελοι
1813 2297 1866 2323 διαί

1084 2344 1184 2375 παντὸς
1216 2343 1341 2379 βλέπουσι
1362 2344 1392 2370 τὸ
1416 2345 1560 2380 πρόσωπον
1586 2343 1633 2370 τοῦ
1649 2343 1756 2379 Πατρός
1775 2351 1823 2378 μου
1839 2342 1864 2368 ἑν

1084 2389 1217 2425 οὐρανοῖς.
1240 2399 1249 2416 ›
1267 2389 1321 2416 Καὶ
1337 2389 1458 2425 ἑτέρωθι·
1481 2399 1490 2415 ‹
1517 2390 1563 2424 Μὴ
1579 2389 1715 2424 φοϐεῖσθε,
1731 2390 1760 2416 τὸ
1776 2389 1863 2425 μικρὸν

1085 2435 1218 2470 ποίμνιονο
1243 2434 1307 2470 ὑμῖν
1323 2435 1538 2471 γὰρ-ηὐδόκησεν
1555 2436 1569 2461 ὁ
1593 2436 1689 2471 Πατὴρ
1706 2435 1863 2471 παραδοῦναι

1084 2481 1132 2516 τὴν
1143 2480 1278 2515 βασιλείαν
1295 2480 1348 2507 τῶν
1362 2480 1493 2517 οὐρανῶν.
1515 2491 1524 2507 ι
1539 2481 1617 2507 Κατὰ
1631 2480 1665 2508 τὰ
1681 2481 1751 2508 αὐτὰ
1763 2481 1806 2508 καὶ
1821 2479 1862 2507 τοῦ

1086 2527 1212 2562 μεγίστου
1234 2527 1262 2553 ὲν
1274 2527 1412 2561 γεννητοῖς
1428 2527 1563 2560 γυναικῶν
1589 2527 1723 2559 Ἰωάννου,
1748 2527 1792 2554 τὸν
1809 2526 1862 2552 ἐλά-

1083 2580 1174 2607 χιστον
1188 2573 1217 2598 ὲν
1241 2573 1274 2608 τῇ
1298 2571 1421 2608 βασιλείᾳ
1436 2571 1490 2599 τῶν
1515 2572 1648 2608 οὐρανῶν,
1678 2573 1800 2599 τουτέστι
1823 2571 1861 2598 τὸν

1082 2617 1179 2644 ἑαυτοῦ
1194 2618 1326 2654 μαθητὴν,
1343 2615 1413 2644 εἶναι
1426 2617 1510 2653 μείζω
1523 2617 1607 2652 λέγει.
1626 2619 1682 2645 Καὶ
1695 2618 1785 2645 πάλιν·
1804 2626 1813 2642 ι
1836 2617 1860 2642 Ὃ

1082 2663 1223 2700 δεχόμενος
1249 2663 1351 2690 δίκαιον
1367 2664 1384 2700 ἢ
1403 2665 1544 2700 προφήτην
1570 2665 1610 2696 εις
1626 2664 1712 2699 ὄνομα
1733 2662 1860 2697 δικαίουῆ

1297 2778 1311 2798 b
1328 2777 1395 2805 Luc.
1415 2785 1454 2812 Vl,
1470 2777 1515 2805 40.
1535 2811 1544 2812 7
1572 2782 1583 2796 ο
1605 2776 1701 2803 Matth.
1731 2784 1797 2812 sui.
1819 2774 1858 2812 εξ.

1164 2814 1173 2834 ¹
1195 2813 1288 2842 Matth.
1307 2821 1384 2847 xvrn,
1399 2810 1451 2841 l0.
1502 2813 1515 2833 3
1534 2811 1599 2840 Luc.
1629 2819 1680 2845 xu,
1709 2811 1759 2846 52;
1773 2810 1859 2839 Matth.
