  <div class='ocr_page' id='page_1' title='image "/cluster/home/n/w/nwhite01/storage/ocr_20150623/9/njp.32101077772398/370.png"; bbox 0 0 1934 3075; ppageno 0'>
   <div class='ocr_carea' id='block_1_1' title="bbox 65 154 134 183">
    <p class='ocr_par' dir='ltr' id='par_1_1' title="bbox 65 154 134 183">
     <span class='ocr_line' id='line_1_1' title="bbox 65 154 134 183; baseline -0.014 0"><span class='ocrx_word' id='word_1_1' title='bbox 65 154 134 183; x_wconf 69' lang='grc' dir='ltr'>εδτ</span> 
     </span>
    </p>
   </div>
   <div class='ocr_carea' id='block_1_2' title="bbox 639 155 1175 189">
    <p class='ocr_par' dir='ltr' id='par_1_2' title="bbox 639 155 1175 189">
     <span class='ocr_line' id='line_1_2' title="bbox 639 155 1175 189; baseline 0.002 -7"><span class='ocrx_word' id='word_1_2' title='bbox 639 155 739 182; x_wconf 80' lang='lat' dir='ltr'><strong>LIBER</strong></span> <span class='ocrx_word' id='word_1_3' title='bbox 760 155 840 189; x_wconf 89' lang='lat' dir='ltr'><strong>QUIS</strong></span> <span class='ocrx_word' id='word_1_4' title='bbox 859 155 961 183; x_wconf 81' lang='lat' dir='ltr'><strong>DIVES</strong></span> <span class='ocrx_word' id='word_1_5' title='bbox 981 155 1175 185; x_wconf 75' lang='lat' dir='ltr'><strong>SALVETUR.</strong></span> 
     </span>
    </p>
   </div>
   <div class='ocr_carea' id='block_1_3' title="bbox 1664 158 1716 185">
    <p class='ocr_par' dir='ltr' id='par_1_3' title="bbox 1664 158 1716 185">
     <span class='ocr_line' id='line_1_3' title="bbox 1664 158 1716 185; baseline 0 0"><span class='ocrx_word' id='word_1_6' title='bbox 1664 158 1716 185; x_wconf 78' lang='lat'><strong>658</strong></span> 
     </span>
    </p>
   </div>
   <div class='ocr_carea' id='block_1_4' title="bbox 72 212 867 250">
    <p class='ocr_par' dir='ltr' id='par_1_4' title="bbox 72 212 867 250">
     <span class='ocr_line' id='line_1_4' title="bbox 72 212 867 250; baseline -0.001 -10"><span class='ocrx_word' id='word_1_7' title='bbox 72 213 301 250; x_wconf 74' lang='grc' dir='ltr'>προφήτου,τδν</span> <span class='ocrx_word' id='word_1_8' title='bbox 318 213 429 240; x_wconf 80' lang='grc' dir='ltr'><strong>ἐκείνων</strong></span> <span class='ocrx_word' id='word_1_9' title='bbox 438 212 532 248; x_wconf 82' lang='grc' dir='ltr'>μισθὸν</span> <span class='ocrx_word' id='word_1_10' title='bbox 542 212 664 248; x_wconf 68' lang='grc' dir='ltr'>λήψεταιθ</span> <span class='ocrx_word' id='word_1_11' title='bbox 682 214 696 240; x_wconf 87' lang='grc' dir='ltr'><strong>ό</strong></span> <span class='ocrx_word' id='word_1_12' title='bbox 709 213 737 239; x_wconf 86' lang='grc' dir='ltr'>δὲ</span> <span class='ocrx_word' id='word_1_13' title='bbox 753 212 867 249; x_wconf 66' lang='grc' dir='ltr'>μαθητὴν</span> 
     </span>
    </p>
   </div>
   <div class='ocr_carea' id='block_1_5' title="bbox 922 212 1716 250">
    <p class='ocr_par' dir='ltr' id='par_1_5' title="bbox 930 213 1716 250">
     <span class='ocr_line' id='line_1_5' title="bbox 930 213 1716 250; baseline 0.003 -10"><span class='ocrx_word' id='word_1_14' title='bbox 930 214 1081 241; x_wconf 75' lang='lat' dir='ltr'><strong>mercedem</strong></span> <span class='ocrx_word' id='word_1_15' title='bbox 1095 213 1223 248; x_wconf 77' lang='lat' dir='ltr'><strong>recipiet;</strong></span> <span class='ocrx_word' id='word_1_16' title='bbox 1242 217 1269 240; x_wconf 88' lang='lat' dir='ltr'><strong>et</strong></span> <span class='ocrx_word' id='word_1_17' title='bbox 1289 213 1336 248; x_wconf 88' lang='lat' dir='ltr'><strong>qui</strong></span> <span class='ocrx_word' id='word_1_18' title='bbox 1352 217 1446 248; x_wconf 85' lang='lat' dir='ltr'><strong>potum</strong></span> <span class='ocrx_word' id='word_1_19' title='bbox 1461 213 1567 241; x_wconf 86' lang='lat' dir='ltr'><strong>dederit</strong></span> <span class='ocrx_word' id='word_1_20' title='bbox 1581 213 1716 250; x_wconf 85' lang='lat' dir='ltr'><strong>discipulo</strong></span> 
     </span>
    </p>
   </div>
   <div class='ocr_carea' id='block_1_6' title="bbox 69 259 876 295">
    <p class='ocr_par' dir='ltr' id='par_1_6' title="bbox 69 259 876 295">
     <span class='ocr_line' id='line_1_6' title="bbox 69 259 876 295; baseline -0.001 -9"><span class='ocrx_word' id='word_1_21' title='bbox 69 260 202 291; x_wconf 80' lang='grc' dir='ltr'>ποτίσας</span> <span class='ocrx_word' id='word_1_22' title='bbox 214 261 254 291; x_wconf 81' lang='grc' dir='ltr'><strong>είς</strong></span> <span class='ocrx_word' id='word_1_23' title='bbox 273 260 357 295; x_wconf 81' lang='grc' dir='ltr'>ὖνομα</span> <span class='ocrx_word' id='word_1_24' title='bbox 374 259 495 294; x_wconf 80' lang='grc' dir='ltr'><strong>μαθητοῦ</strong></span> <span class='ocrx_word' id='word_1_25' title='bbox 511 259 638 294; x_wconf 84' lang='grc' dir='ltr'>ποτήριον</span> <span class='ocrx_word' id='word_1_26' title='bbox 651 259 755 295; x_wconf 71' lang='grc' dir='ltr'>ψυχροῦ</span> <span class='ocrx_word' id='word_1_27' title='bbox 771 259 876 291; x_wconf 77' lang='grc' dir='ltr'>ὕδατος,</span> 
     </span>
    </p>
   </div>
   <div class='ocr_carea' id='block_1_7' title="bbox 68 301 877 341">
    <p class='ocr_par' dir='ltr' id='par_1_7' title="bbox 68 301 877 341">
     <span class='ocr_line' id='line_1_7' title="bbox 68 301 877 341; baseline -0.002 -9"><span class='ocrx_word' id='word_1_28' title='bbox 68 306 127 332; x_wconf 76' lang='grc' dir='ltr'><strong>τὸν</strong></span> <span class='ocrx_word' id='word_1_29' title='bbox 143 305 244 341; x_wconf 75' lang='grc' dir='ltr'>μισθὸν</span> <span class='ocrx_word' id='word_1_30' title='bbox 260 303 310 332; x_wconf 80' lang='grc' dir='ltr'>οὐκ</span> <span class='ocrx_word' id='word_1_31' title='bbox 326 305 462 332; x_wconf 80' lang='grc' dir='ltr'><strong>ἀπολέσει.</strong></span> <span class='ocrx_word' id='word_1_32' title='bbox 476 314 485 330; x_wconf 78' lang='grc' dir='ltr'><strong>ι</strong></span> <span class='ocrx_word' id='word_1_33' title='bbox 501 304 604 331; x_wconf 79' lang='grc' dir='ltr'>Οὐκοῦν</span> <span class='ocrx_word' id='word_1_34' title='bbox 620 301 695 336; x_wconf 78' lang='grc' dir='ltr'>οὗτος</span> <span class='ocrx_word' id='word_1_35' title='bbox 713 304 790 339; x_wconf 81' lang='grc' dir='ltr'>μόνος</span> <span class='ocrx_word' id='word_1_36' title='bbox 801 305 814 330; x_wconf 84' lang='grc' dir='ltr'><strong>ό</strong></span> <span class='ocrx_word' id='word_1_37' title='bbox 833 313 877 339; x_wconf 84' lang='grc' dir='ltr'>μι-</span> 
     </span>
    </p>
   </div>
   <div class='ocr_carea' id='block_1_8' title="bbox 71 347 878 386">
    <p class='ocr_par' dir='ltr' id='par_1_8' title="bbox 71 347 878 386">
     <span class='ocr_line' id='line_1_8' title="bbox 71 347 878 386; baseline -0.002 -8"><span class='ocrx_word' id='word_1_38' title='bbox 71 350 147 383; x_wconf 78' lang='grc' dir='ltr'>σθὸς</span> <span class='ocrx_word' id='word_1_39' title='bbox 165 351 218 378; x_wconf 78' lang='grc' dir='ltr'>οὐκ</span> <span class='ocrx_word' id='word_1_40' title='bbox 242 351 425 386; x_wconf 82' lang='grc' dir='ltr'>ἀπολλύμενός</span> <span class='ocrx_word' id='word_1_41' title='bbox 442 351 508 377; x_wconf 79' lang='grc' dir='ltr'>ἐστι.</span> <span class='ocrx_word' id='word_1_42' title='bbox 522 351 577 377; x_wconf 85' lang='grc' dir='ltr'>Καὶ</span> <span class='ocrx_word' id='word_1_43' title='bbox 601 347 689 382; x_wconf 84' lang='grc' dir='ltr'>αὖθις·</span> <span class='ocrx_word' id='word_1_44' title='bbox 714 359 723 376; x_wconf 82' lang='grc' dir='ltr'><strong>ι</strong></span> <span class='ocrx_word' id='word_1_45' title='bbox 744 351 878 386; x_wconf 80' lang='grc' dir='ltr'><strong>Ποιήσατε</strong></span> 
     </span>
    </p>
   </div>
   <div class='ocr_carea' id='block_1_9' title="bbox 71 395 877 432">
    <p class='ocr_par' dir='ltr' id='par_1_9' title="bbox 71 395 877 432">
     <span class='ocr_line' id='line_1_9' title="bbox 71 395 877 432; baseline 0 -10"><span class='ocrx_word' id='word_1_46' title='bbox 71 397 149 432; x_wconf 84' lang='grc' dir='ltr'>ὑμῖν</span> <span class='ocrx_word' id='word_1_47' title='bbox 168 397 262 431; x_wconf 80' lang='grc' dir='ltr'>φίλους</span> <span class='ocrx_word' id='word_1_48' title='bbox 281 398 312 424; x_wconf 75' lang='grc' dir='ltr'><strong>ἐκ</strong></span> <span class='ocrx_word' id='word_1_49' title='bbox 325 396 372 423; x_wconf 81' lang='grc' dir='ltr'>τοῦ</span> <span class='ocrx_word' id='word_1_50' title='bbox 389 397 526 432; x_wconf 73' lang='grc' dir='ltr'>μαμμωνᾶ</span> <span class='ocrx_word' id='word_1_51' title='bbox 542 396 591 431; x_wconf 86' lang='grc' dir='ltr'>τῆς</span> <span class='ocrx_word' id='word_1_52' title='bbox 612 395 728 429; x_wconf 81' lang='grc' dir='ltr'><strong>ἀδικίας,</strong></span> <span class='ocrx_word' id='word_1_53' title='bbox 747 396 799 427; x_wconf 78' lang='grc' dir='ltr'>ἵνα,</span> <span class='ocrx_word' id='word_1_54' title='bbox 813 396 877 423; x_wconf 85' lang='grc' dir='ltr'>ὃταν</span> 
     </span>
    </p>
   </div>
   <div class='ocr_carea' id='block_1_10' title="bbox 71 441 873 478">
    <p class='ocr_par' dir='ltr' id='par_1_10' title="bbox 71 441 873 478">
     <span class='ocr_line' id='line_1_10' title="bbox 71 441 873 478; baseline -0.001 -9"><span class='ocrx_word' id='word_1_55' title='bbox 71 442 229 478; x_wconf 80' lang='grc' dir='ltr'>ὲκλίπητε,</span> <span class='ocrx_word' id='word_1_56' title='bbox 244 442 371 474; x_wconf 78' lang='grc' dir='ltr'>δέξωνται</span> <span class='ocrx_word' id='word_1_57' title='bbox 387 442 458 477; x_wconf 78' lang='grc' dir='ltr'>ὑμᾶς</span> <span class='ocrx_word' id='word_1_58' title='bbox 472 442 511 474; x_wconf 88' lang='grc' dir='ltr'><strong>είς</strong></span> <span class='ocrx_word' id='word_1_59' title='bbox 527 441 576 473; x_wconf 89' lang='grc' dir='ltr'><strong>τὰς</strong></span> <span class='ocrx_word' id='word_1_60' title='bbox 593 441 717 473; x_wconf 70' lang='grc' dir='ltr'>αἰωνίους</span> <span class='ocrx_word' id='word_1_61' title='bbox 733 441 843 478; x_wconf 85' lang='grc' dir='ltr'>σκηνάς·</span> <span class='ocrx_word' id='word_1_62' title='bbox 864 451 873 467; x_wconf 82' lang='grc'><strong><em>›</em></strong></span> 
     </span>
    </p>
   </div>
   <div class='ocr_carea' id='block_1_11' title="bbox 71 488 875 525">
    <p class='ocr_par' dir='ltr' id='par_1_11' title="bbox 71 488 875 525">
     <span class='ocr_line' id='line_1_11' title="bbox 71 488 875 525; baseline 0 -9"><span class='ocrx_word' id='word_1_63' title='bbox 71 489 166 523; x_wconf 63' lang='grc' dir='ltr'>φύσει</span> <span class='ocrx_word' id='word_1_64' title='bbox 186 489 236 525; x_wconf 84' lang='grc' dir='ltr'>μὲν</span> <span class='ocrx_word' id='word_1_65' title='bbox 259 489 368 516; x_wconf 78' lang='grc' dir='ltr'>ἅπασαν</span> <span class='ocrx_word' id='word_1_66' title='bbox 389 489 484 524; x_wconf 81' lang='grc' dir='ltr'>κτῆσιν</span> <span class='ocrx_word' id='word_1_67' title='bbox 509 488 542 524; x_wconf 84' lang='grc' dir='ltr'>ἢν</span> <span class='ocrx_word' id='word_1_68' title='bbox 563 488 645 520; x_wconf 85' lang='grc' dir='ltr'>αὑτός</span> <span class='ocrx_word' id='word_1_69' title='bbox 663 497 705 520; x_wconf 84' lang='grc' dir='ltr'><strong>τις</strong></span> <span class='ocrx_word' id='word_1_70' title='bbox 721 489 763 523; x_wconf 76' lang='grc' dir='ltr'><strong>ἐφ’</strong></span> <span class='ocrx_word' id='word_1_71' title='bbox 779 489 875 516; x_wconf 75' lang='grc' dir='ltr'>ἑαυτοῦ</span> 
     </span>
    </p>
   </div>
   <div class='ocr_carea' id='block_1_12' title="bbox 71 532 875 571">
    <p class='ocr_par' dir='ltr' id='par_1_12' title="bbox 71 532 875 571">
     <span class='ocr_line' id='line_1_12' title="bbox 71 532 875 571; baseline -0.002 -8"><span class='ocrx_word' id='word_1_72' title='bbox 71 536 228 571; x_wconf 75' lang='grc' dir='ltr'>κέκτηται,</span> <span class='ocrx_word' id='word_1_73' title='bbox 244 534 295 561; x_wconf 78' lang='grc' dir='ltr'><strong>οὐκ</strong></span> <span class='ocrx_word' id='word_1_74' title='bbox 309 535 377 561; x_wconf 82' lang='grc' dir='ltr'>ίδίαν</span> <span class='ocrx_word' id='word_1_75' title='bbox 392 532 474 561; x_wconf 77' lang='grc' dir='ltr'>οὖσαν</span> <span class='ocrx_word' id='word_1_76' title='bbox 486 534 653 569; x_wconf 83' lang='grc' dir='ltr'>ἀποφαίνων.</span> <span class='ocrx_word' id='word_1_77' title='bbox 670 535 718 561; x_wconf 80' lang='grc' dir='ltr'><strong>Ἐκ</strong></span> <span class='ocrx_word' id='word_1_78' title='bbox 731 534 759 561; x_wconf 87' lang='grc' dir='ltr'>δὲ</span> <span class='ocrx_word' id='word_1_79' title='bbox 774 535 875 570; x_wconf 77' lang='grc' dir='ltr'><strong>ταύτης</strong></span> 
     </span>
    </p>
   </div>
   <div class='ocr_carea' id='block_1_13' title="bbox 71 580 875 618">
    <p class='ocr_par' dir='ltr' id='par_1_13' title="bbox 71 580 875 618">
     <span class='ocr_line' id='line_1_13' title="bbox 71 580 875 618; baseline -0.002 -9"><span class='ocrx_word' id='word_1_80' title='bbox 71 581 132 618; x_wconf 74' lang='grc' dir='ltr'>τῆς</span> <span class='ocrx_word' id='word_1_81' title='bbox 149 582 259 612; x_wconf 80' lang='grc' dir='ltr'><strong>ἀδικίας</strong></span> <span class='ocrx_word' id='word_1_82' title='bbox 275 580 333 607; x_wconf 83' lang='grc' dir='ltr'>ἐνὸν</span> <span class='ocrx_word' id='word_1_83' title='bbox 343 581 389 607; x_wconf 73' lang='grc' dir='ltr'>καὶ</span> <span class='ocrx_word' id='word_1_84' title='bbox 401 582 517 617; x_wconf 79' lang='grc' dir='ltr'>πρᾶγμα</span> <span class='ocrx_word' id='word_1_85' title='bbox 527 581 631 608; x_wconf 88' lang='grc' dir='ltr'>δίκαιον</span> <span class='ocrx_word' id='word_1_86' title='bbox 644 581 812 618; x_wconf 79' lang='grc' dir='ltr'>ἐργάσασθαι</span> <span class='ocrx_word' id='word_1_87' title='bbox 828 580 875 607; x_wconf 85' lang='grc' dir='ltr'>καὶ</span> 
     </span>
    </p>
   </div>
   <div class='ocr_carea' id='block_1_14' title="bbox 73 626 874 663">
    <p class='ocr_par' dir='ltr' id='par_1_14' title="bbox 73 626 874 663">
     <span class='ocr_line' id='line_1_14' title="bbox 73 626 874 663; baseline -0.002 -8"><span class='ocrx_word' id='word_1_88' title='bbox 73 629 230 663; x_wconf 83' lang='grc' dir='ltr'>σωτήριον,</span> <span class='ocrx_word' id='word_1_89' title='bbox 247 627 399 655; x_wconf 80' lang='grc' dir='ltr'>ἀναπαῦσαί</span> <span class='ocrx_word' id='word_1_90' title='bbox 412 636 472 654; x_wconf 84' lang='grc' dir='ltr'>τινα</span> <span class='ocrx_word' id='word_1_91' title='bbox 488 627 541 654; x_wconf 82' lang='grc' dir='ltr'><strong>τῶν</strong></span> <span class='ocrx_word' id='word_1_92' title='bbox 553 627 670 662; x_wconf 78' lang='grc' dir='ltr'>ἐχόντων</span> <span class='ocrx_word' id='word_1_93' title='bbox 683 626 790 654; x_wconf 80' lang='grc' dir='ltr'>αἰώνιον</span> <span class='ocrx_word' id='word_1_94' title='bbox 807 635 874 662; x_wconf 86' lang='grc' dir='ltr'>σκη-</span> 
     </span>
    </p>
   </div>
   <div class='ocr_carea' id='block_1_15' title="bbox 70 673 875 710">
    <p class='ocr_par' dir='ltr' id='par_1_15' title="bbox 70 673 875 710">
     <span class='ocr_line' id='line_1_15' title="bbox 70 673 875 710; baseline -0.004 -9"><span class='ocrx_word' id='word_1_95' title='bbox 70 674 130 710; x_wconf 84' lang='grc' dir='ltr'>νὴν</span> <span class='ocrx_word' id='word_1_96' title='bbox 149 674 229 710; x_wconf 75' lang='grc' dir='ltr'>παρὰ</span> <span class='ocrx_word' id='word_1_97' title='bbox 244 673 284 709; x_wconf 81' lang='grc' dir='ltr'>τῷ</span> <span class='ocrx_word' id='word_1_98' title='bbox 300 674 396 710; x_wconf 88' lang='grc' dir='ltr'>Πατρί.</span> <span class='ocrx_word' id='word_1_99' title='bbox 410 674 480 709; x_wconf 85' lang='grc' dir='ltr'><strong>Ὅρα</strong></span> <span class='ocrx_word' id='word_1_100' title='bbox 495 673 603 708; x_wconf 84' lang='grc' dir='ltr'>πρῶτον</span> <span class='ocrx_word' id='word_1_101' title='bbox 615 673 673 709; x_wconf 80' lang='grc' dir='ltr'>μὲν,</span> <span class='ocrx_word' id='word_1_102' title='bbox 682 673 719 705; x_wconf 85' lang='grc' dir='ltr'>ὡς</span> <span class='ocrx_word' id='word_1_103' title='bbox 732 673 782 699; x_wconf 86' lang='grc' dir='ltr'><strong>οὐκ</strong></span> <span class='ocrx_word' id='word_1_104' title='bbox 793 673 875 699; x_wconf 83' lang='grc' dir='ltr'>ἀπαι-</span> 
     </span>
    </p>
   </div>
   <div class='ocr_carea' id='block_1_16' title="bbox 70 718 872 754">
    <p class='ocr_par' dir='ltr' id='par_1_16' title="bbox 70 718 872 754">
     <span class='ocr_line' id='line_1_16' title="bbox 70 718 872 754; baseline -0.004 -8"><span class='ocrx_word' id='word_1_105' title='bbox 70 718 189 746; x_wconf 82' lang='grc' dir='ltr'>τεῖσθαί</span> <span class='ocrx_word' id='word_1_106' title='bbox 206 728 236 746; x_wconf 84' lang='grc' dir='ltr'><strong>σε</strong></span> <span class='ocrx_word' id='word_1_107' title='bbox 250 719 420 751; x_wconf 82' lang='grc' dir='ltr'><strong>κεκέλευκεν,</strong></span> <span class='ocrx_word' id='word_1_108' title='bbox 438 719 498 745; x_wconf 80' lang='grc' dir='ltr'>οὐδὲ</span> <span class='ocrx_word' id='word_1_109' title='bbox 522 719 688 754; x_wconf 77' lang='grc' dir='ltr'><strong>ἐνοχλεῖσθαι</strong></span> <span class='ocrx_word' id='word_1_110' title='bbox 706 718 872 753; x_wconf 79' lang='grc' dir='ltr'>περιμένειν,</span> 
     </span>
    </p>
   </div>
   <div class='ocr_carea' id='block_1_17' title="bbox 71 764 873 801">
    <p class='ocr_par' dir='ltr' id='par_1_17' title="bbox 71 764 873 801">
     <span class='ocr_line' id='line_1_17' title="bbox 71 764 873 801; baseline 0 -10"><span class='ocrx_word' id='word_1_111' title='bbox 71 765 138 792; x_wconf 83' lang='grc' dir='ltr'>ἀλλ’</span> <span class='ocrx_word' id='word_1_112' title='bbox 150 764 235 792; x_wconf 78' lang='grc' dir='ltr'>αὑτὸν</span> <span class='ocrx_word' id='word_1_113' title='bbox 251 765 341 801; x_wconf 79' lang='grc' dir='ltr'><strong>ζητεῖν</strong></span> <span class='ocrx_word' id='word_1_114' title='bbox 356 765 419 797; x_wconf 85' lang='grc' dir='ltr'>τοὺς</span> <span class='ocrx_word' id='word_1_115' title='bbox 429 764 459 792; x_wconf 85' lang='grc' dir='ltr'>εὖ</span> <span class='ocrx_word' id='word_1_116' title='bbox 476 765 664 800; x_wconf 81' lang='grc' dir='ltr'><strong>πεισομένους,</strong></span> <span class='ocrx_word' id='word_1_117' title='bbox 681 764 773 797; x_wconf 80' lang='grc' dir='ltr'><strong>ἀξίους</strong></span> <span class='ocrx_word' id='word_1_118' title='bbox 789 772 818 791; x_wconf 84' lang='grc' dir='ltr'><strong>τε</strong></span> <span class='ocrx_word' id='word_1_119' title='bbox 828 765 873 791; x_wconf 78' lang='grc' dir='ltr'><strong>ὕν-</strong></span> 
     </span>
    </p>
   </div>
   <div class='ocr_carea' id='block_1_18' title="bbox 71 806 871 846">
    <p class='ocr_par' dir='ltr' id='par_1_18' title="bbox 71 806 871 846">
     <span class='ocr_line' id='line_1_18' title="bbox 71 806 871 846; baseline -0.001 -10"><span class='ocrx_word' id='word_1_120' title='bbox 71 819 127 842; x_wconf 78' lang='grc' dir='ltr'><strong>τας</strong></span> <span class='ocrx_word' id='word_1_121' title='bbox 139 810 191 837; x_wconf 84' lang='grc' dir='ltr'>τοῦ</span> <span class='ocrx_word' id='word_1_122' title='bbox 210 810 335 846; x_wconf 83' lang='grc' dir='ltr'><strong>Σωτῆρος</strong></span> <span class='ocrx_word' id='word_1_123' title='bbox 347 809 480 845; x_wconf 82' lang='grc' dir='ltr'>μαθητάς.</span> <span class='ocrx_word' id='word_1_124' title='bbox 498 809 589 841; x_wconf 83' lang='grc' dir='ltr'>Καλὸς</span> <span class='ocrx_word' id='word_1_125' title='bbox 603 809 652 844; x_wconf 79' lang='grc' dir='ltr'>μὲν</span> <span class='ocrx_word' id='word_1_126' title='bbox 670 806 716 835; x_wconf 79' lang='grc' dir='ltr'>οὖν</span> <span class='ocrx_word' id='word_1_127' title='bbox 732 808 778 835; x_wconf 78' lang='grc' dir='ltr'>καὶ</span> <span class='ocrx_word' id='word_1_128' title='bbox 793 809 807 834; x_wconf 87' lang='grc' dir='ltr'>ὁ</span> <span class='ocrx_word' id='word_1_129' title='bbox 824 808 871 835; x_wconf 79' lang='grc' dir='ltr'>τοῦ</span> 
     </span>
    </p>
   </div>
   <div class='ocr_carea' id='block_1_19' title="bbox 79 854 872 891">
    <p class='ocr_par' dir='ltr' id='par_1_19' title="bbox 79 854 872 891">
     <span class='ocr_line' id='line_1_19' title="bbox 79 854 872 891; baseline -0.003 -9"><span class='ocrx_word' id='word_1_130' title='bbox 79 855 251 882; x_wconf 80' lang='grc' dir='ltr'>Ἀποστόλου</span> <span class='ocrx_word' id='word_1_131' title='bbox 280 855 368 890; x_wconf 69' lang='grc' dir='ltr'>λόγος’</span> <span class='ocrx_word' id='word_1_132' title='bbox 399 865 408 881; x_wconf 83' lang='grc' dir='ltr'><strong>ι</strong></span> <span class='ocrx_word' id='word_1_133' title='bbox 441 855 531 891; x_wconf 81' lang='grc' dir='ltr'>ἱλαρὸν</span> <span class='ocrx_word' id='word_1_134' title='bbox 549 855 604 890; x_wconf 81' lang='grc' dir='ltr'><strong>γὰρ</strong></span> <span class='ocrx_word' id='word_1_135' title='bbox 627 854 706 890; x_wconf 82' lang='grc' dir='ltr'>δότην</span> <span class='ocrx_word' id='word_1_136' title='bbox 737 855 833 890; x_wconf 81' lang='grc' dir='ltr'><strong>ἀγαπᾷ</strong></span> <span class='ocrx_word' id='word_1_137' title='bbox 858 855 872 881; x_wconf 86' lang='grc' dir='ltr'><strong>ό</strong></span> 
     </span>
    </p>
   </div>
   <div class='ocr_carea' id='block_1_20' title="bbox 72 900 908 945">
    <p class='ocr_par' dir='ltr' id='par_1_20' title="bbox 72 900 908 945">
     <span class='ocr_line' id='line_1_20' title="bbox 72 900 908 945; baseline -0.001 -18"><span class='ocrx_word' id='word_1_138' title='bbox 72 901 155 934; x_wconf 79' lang='grc' dir='ltr'>θεὸς,</span> <span class='ocrx_word' id='word_1_139' title='bbox 178 911 188 927; x_wconf 84' lang='grc'><strong>›</strong></span> <span class='ocrx_word' id='word_1_140' title='bbox 208 902 337 937; x_wconf 85' lang='grc' dir='ltr'>χαίροντα</span> <span class='ocrx_word' id='word_1_141' title='bbox 352 901 390 937; x_wconf 81' lang='grc' dir='ltr'>τῷ</span> <span class='ocrx_word' id='word_1_142' title='bbox 405 901 514 934; x_wconf 84' lang='grc' dir='ltr'><strong>διδόναι,</strong></span> <span class='ocrx_word' id='word_1_143' title='bbox 528 901 575 928; x_wconf 75' lang='grc' dir='ltr'>καὶ</span> <span class='ocrx_word' id='word_1_144' title='bbox 594 900 630 936; x_wconf 88' lang='grc' dir='ltr'>μὴ</span> <span class='ocrx_word' id='word_1_145' title='bbox 647 900 813 935; x_wconf 81' lang='grc' dir='ltr'>φειδόμενον,</span> <span class='ocrx_word' id='word_1_146' title='bbox 833 901 871 932; x_wconf 83' lang='grc' dir='ltr'>ὡς</span> <span class='ocrx_word' id='word_1_147' title='bbox 886 915 908 945; x_wconf 71' lang='grc' dir='ltr'><strong>Β</strong></span> 
     </span>
    </p>
   </div>
   <div class='ocr_carea' id='block_1_21' title="bbox 73 947 869 984">
    <p class='ocr_par' dir='ltr' id='par_1_21' title="bbox 73 947 869 984">
     <span class='ocr_line' id='line_1_21' title="bbox 73 947 869 984; baseline -0.001 -10"><span class='ocrx_word' id='word_1_148' title='bbox 73 948 239 984; x_wconf 82' lang='grc' dir='ltr'>σπείροντα,</span> <span class='ocrx_word' id='word_1_149' title='bbox 251 948 294 975; x_wconf 78' lang='grc' dir='ltr'>ἵνα</span> <span class='ocrx_word' id='word_1_150' title='bbox 301 948 387 984; x_wconf 75' lang='grc'><strong>(52-5)</strong></span> <span class='ocrx_word' id='word_1_151' title='bbox 396 947 466 975; x_wconf 73' lang='grc' dir='ltr'>οὕτω</span> <span class='ocrx_word' id='word_1_152' title='bbox 476 948 523 975; x_wconf 74' lang='grc' dir='ltr'>καὶ</span> <span class='ocrx_word' id='word_1_153' title='bbox 531 947 636 984; x_wconf 81' lang='grc' dir='ltr'>θερίσῃ,</span> <span class='ocrx_word' id='word_1_154' title='bbox 643 947 704 982; x_wconf 84' lang='grc' dir='ltr'>δίχα</span> <span class='ocrx_word' id='word_1_155' title='bbox 712 947 869 982; x_wconf 80' lang='grc' dir='ltr'><strong>γογγυσμοῦ</strong></span> 
     </span>
    </p>
   </div>
   <div class='ocr_carea' id='block_1_22' title="bbox 73 993 870 1030">
    <p class='ocr_par' dir='ltr' id='par_1_22' title="bbox 73 993 870 1030">
     <span class='ocr_line' id='line_1_22' title="bbox 73 993 870 1030; baseline -0.001 -11"><span class='ocrx_word' id='word_1_156' title='bbox 73 994 125 1020; x_wconf 77' lang='grc' dir='ltr'>καὶ</span> <span class='ocrx_word' id='word_1_157' title='bbox 147 994 322 1030; x_wconf 81' lang='grc' dir='ltr'>διακρίσεως,</span> <span class='ocrx_word' id='word_1_158' title='bbox 345 995 391 1021; x_wconf 79' lang='grc' dir='ltr'><strong>καὶ</strong></span> <span class='ocrx_word' id='word_1_159' title='bbox 408 993 505 1029; x_wconf 83' lang='grc' dir='ltr'><strong>λύπης,</strong></span> <span class='ocrx_word' id='word_1_160' title='bbox 527 994 574 1020; x_wconf 76' lang='grc' dir='ltr'>καὶ</span> <span class='ocrx_word' id='word_1_161' title='bbox 596 993 784 1025; x_wconf 84' lang='grc' dir='ltr'>κοινωνοῦντα,</span> <span class='ocrx_word' id='word_1_162' title='bbox 802 993 870 1028; x_wconf 82' lang='grc' dir='ltr'>ὅπερ</span> 
     </span>
    </p>
   </div>
   <div class='ocr_carea' id='block_1_23' title="bbox 74 1037 868 1074">
    <p class='ocr_par' dir='ltr' id='par_1_23' title="bbox 74 1037 868 1074">
     <span class='ocr_line' id='line_1_23' title="bbox 74 1037 868 1074; baseline 0 -10"><span class='ocrx_word' id='word_1_163' title='bbox 74 1038 154 1065; x_wconf 77' lang='grc' dir='ltr'>ἐστὶν</span> <span class='ocrx_word' id='word_1_164' title='bbox 167 1039 312 1074; x_wconf 78' lang='grc' dir='ltr'><strong>εὐεργεσία</strong></span> <span class='ocrx_word' id='word_1_165' title='bbox 325 1039 415 1074; x_wconf 79' lang='grc' dir='ltr'>ἀγαθή</span> <span class='ocrx_word' id='word_1_166' title='bbox 426 1039 491 1074; x_wconf 69' lang='grc'>(54).</span> <span class='ocrx_word' id='word_1_167' title='bbox 510 1038 650 1074; x_wconf 82' lang='grc' dir='ltr'>Κρείττων</span> <span class='ocrx_word' id='word_1_168' title='bbox 663 1038 685 1064; x_wconf 72' lang='grc' dir='ltr'>δ’</span> <span class='ocrx_word' id='word_1_169' title='bbox 701 1037 759 1064; x_wconf 77' lang='grc' dir='ltr'>ἐστὶ</span> <span class='ocrx_word' id='word_1_170' title='bbox 774 1037 868 1064; x_wconf 87' lang='grc' dir='ltr'>τούτου</span> 
     </span>
    </p>
   </div>
   <div class='ocr_carea' id='block_1_24' title="bbox 73 1084 868 1121">
    <p class='ocr_par' dir='ltr' id='par_1_24' title="bbox 73 1084 868 1121">
     <span class='ocr_line' id='line_1_24' title="bbox 73 1084 868 1121; baseline -0.003 -9"><span class='ocrx_word' id='word_1_171' title='bbox 73 1086 89 1112; x_wconf 81' lang='grc'>6</span> <span class='ocrx_word' id='word_1_172' title='bbox 101 1084 142 1119; x_wconf 85' lang='grc' dir='ltr'>τῷ</span> <span class='ocrx_word' id='word_1_173' title='bbox 159 1085 255 1120; x_wconf 81' lang='grc' dir='ltr'>Κυρίῳ</span> <span class='ocrx_word' id='word_1_174' title='bbox 271 1085 430 1121; x_wconf 84' lang='grc' dir='ltr'>λελεγμένος</span> <span class='ocrx_word' id='word_1_175' title='bbox 446 1086 475 1111; x_wconf 83' lang='grc' dir='ltr'>ὲν</span> <span class='ocrx_word' id='word_1_176' title='bbox 489 1084 560 1120; x_wconf 77' lang='grc' dir='ltr'>ἄλλῳ</span> <span class='ocrx_word' id='word_1_177' title='bbox 571 1085 672 1120; x_wconf 88' lang='grc' dir='ltr'>χωρίῳ·</span> <span class='ocrx_word' id='word_1_178' title='bbox 693 1093 701 1109; x_wconf 89' lang='grc' dir='ltr'><strong>ι</strong></span> <span class='ocrx_word' id='word_1_179' title='bbox 720 1084 805 1111; x_wconf 79' lang='grc' dir='ltr'>Παντὶ</span> <span class='ocrx_word' id='word_1_180' title='bbox 830 1084 868 1119; x_wconf 86' lang='grc' dir='ltr'>τῷ</span> 
     </span>
    </p>
   </div>
   <div class='ocr_carea' id='block_1_25' title="bbox 74 1128 869 1166">
    <p class='ocr_par' dir='ltr' id='par_1_25' title="bbox 74 1128 869 1166">
     <span class='ocr_line' id='line_1_25' title="bbox 74 1128 869 1166; baseline -0.004 -9"><span class='ocrx_word' id='word_1_181' title='bbox 74 1130 200 1157; x_wconf 83' lang='grc' dir='ltr'>αἰτοῦντί</span> <span class='ocrx_word' id='word_1_182' title='bbox 214 1139 244 1157; x_wconf 89' lang='grc' dir='ltr'><strong>σε</strong></span> <span class='ocrx_word' id='word_1_183' title='bbox 258 1131 338 1158; x_wconf 85' lang='grc' dir='ltr'>δίδου.</span> <span class='ocrx_word' id='word_1_184' title='bbox 363 1140 371 1156; x_wconf 74' lang='grc' dir='ltr'><strong>ι</strong></span> <span class='ocrx_word' id='word_1_185' title='bbox 386 1130 453 1157; x_wconf 81' lang='grc' dir='ltr'>Θεοῦ</span> <span class='ocrx_word' id='word_1_186' title='bbox 473 1130 527 1166; x_wconf 77' lang='grc' dir='ltr'><strong>γὰρ</strong></span> <span class='ocrx_word' id='word_1_187' title='bbox 541 1130 624 1161; x_wconf 73' lang='grc' dir='ltr'>ὅντως</span> <span class='ocrx_word' id='word_1_188' title='bbox 634 1131 650 1164; x_wconf 86' lang='grc' dir='ltr'>ἡ</span> <span class='ocrx_word' id='word_1_189' title='bbox 668 1129 777 1163; x_wconf 80' lang='grc' dir='ltr'>τοιαύτη</span> <span class='ocrx_word' id='word_1_190' title='bbox 794 1128 869 1163; x_wconf 89' lang='grc' dir='ltr'>φιλο-</span> 
     </span>
    </p>
   </div>
   <div class='ocr_carea' id='block_1_26' title="bbox 74 1175 869 1213">
    <p class='ocr_par' dir='ltr' id='par_1_26' title="bbox 74 1175 869 1213">
     <span class='ocr_line' id='line_1_26' title="bbox 74 1175 869 1213; baseline -0.003 -10"><span class='ocrx_word' id='word_1_191' title='bbox 74 1176 181 1213; x_wconf 71' lang='grc' dir='ltr'>δωρεάν</span> <span class='ocrx_word' id='word_1_192' title='bbox 196 1178 286 1204; x_wconf 75' lang='grc' dir='ltr'>οὑτοσὶ</span> <span class='ocrx_word' id='word_1_193' title='bbox 302 1179 351 1205; x_wconf 84' lang='grc' dir='ltr'>δὲό</span> <span class='ocrx_word' id='word_1_194' title='bbox 363 1177 439 1212; x_wconf 82' lang='grc' dir='ltr'>λόγος</span> <span class='ocrx_word' id='word_1_195' title='bbox 451 1177 520 1213; x_wconf 83' lang='grc' dir='ltr'>ὑπὲρ</span> <span class='ocrx_word' id='word_1_196' title='bbox 535 1176 642 1204; x_wconf 73' lang='grc' dir='ltr'>ἅπασάν</span> <span class='ocrx_word' id='word_1_197' title='bbox 660 1177 717 1202; x_wconf 76' lang='grc' dir='ltr'>ἐστι</span> <span class='ocrx_word' id='word_1_198' title='bbox 733 1175 869 1211; x_wconf 85' lang='grc' dir='ltr'>τελειότη-</span> 
     </span>
    </p>
   </div>
   <div class='ocr_carea' id='block_1_27' title="bbox 75 1222 868 1260">
    <p class='ocr_par' dir='ltr' id='par_1_27' title="bbox 75 1222 868 1260">
     <span class='ocr_line' id='line_1_27' title="bbox 75 1222 868 1260; baseline 0.001 -12"><span class='ocrx_word' id='word_1_199' title='bbox 75 1230 112 1248; x_wconf 88' lang='grc' dir='ltr'><strong>τα</strong></span> <span class='ocrx_word' id='word_1_200' title='bbox 134 1222 203 1258; x_wconf 79' lang='grc'>(55),</span> <span class='ocrx_word' id='word_1_201' title='bbox 221 1223 280 1259; x_wconf 82' lang='grc' dir='ltr'>μηδ’</span> <span class='ocrx_word' id='word_1_202' title='bbox 296 1224 429 1251; x_wconf 83' lang='grc' dir='ltr'>αἰτεῖσθαι</span> <span class='ocrx_word' id='word_1_203' title='bbox 447 1224 619 1260; x_wconf 83' lang='grc' dir='ltr'>περιμένειν,</span> <span class='ocrx_word' id='word_1_204' title='bbox 631 1222 688 1250; x_wconf 85' lang='grc' dir='ltr'>ἀλλ’</span> <span class='ocrx_word' id='word_1_205' title='bbox 703 1223 784 1254; x_wconf 81' lang='grc' dir='ltr'>αὐτὸς</span> <span class='ocrx_word' id='word_1_206' title='bbox 802 1223 868 1250; x_wconf 81' lang='grc' dir='ltr'>ἀνα-</span> 
     </span>
    </p>
   </div>
   <div class='ocr_carea' id='block_1_28' title="bbox 76 1268 517 1305">
    <p class='ocr_par' dir='ltr' id='par_1_28' title="bbox 76 1268 517 1305">
     <span class='ocr_line' id='line_1_28' title="bbox 76 1268 517 1305; baseline 0.005 -11"><span class='ocrx_word' id='word_1_207' title='bbox 76 1268 183 1305; x_wconf 74' lang='grc' dir='ltr'>ζητεῖν,</span> <span class='ocrx_word' id='word_1_208' title='bbox 196 1270 269 1301; x_wconf 79' lang='grc' dir='ltr'>ὅστις</span> <span class='ocrx_word' id='word_1_209' title='bbox 281 1270 356 1302; x_wconf 85' lang='grc' dir='ltr'>ἄξιος</span> <span class='ocrx_word' id='word_1_210' title='bbox 366 1268 396 1297; x_wconf 82' lang='grc' dir='ltr'>εὖ</span> <span class='ocrx_word' id='word_1_211' title='bbox 411 1269 517 1296; x_wconf 78' lang='grc' dir='ltr'>παθεῖν.</span> 
     </span>
    </p>
   </div>
   <div class='ocr_carea' id='block_1_29' title="bbox 929 260 1717 296">
    <p class='ocr_par' dir='ltr' id='par_1_29' title="bbox 929 260 1717 296">
     <span class='ocr_line' id='line_1_29' title="bbox 929 260 1717 296; baseline 0.001 -9"><span class='ocrx_word' id='word_1_212' title='bbox 929 260 956 287; x_wconf 94' lang='lat' dir='ltr'><strong>in</strong></span> <span class='ocrx_word' id='word_1_213' title='bbox 973 261 1081 288; x_wconf 84' lang='lat' dir='ltr'><strong>nomine</strong></span> <span class='ocrx_word' id='word_1_214' title='bbox 1096 260 1222 295; x_wconf 71' lang='lat' dir='ltr'><strong>discipuli</strong></span> <span class='ocrx_word' id='word_1_215' title='bbox 1241 260 1355 287; x_wconf 85' lang='lat' dir='ltr'><strong>calicem</strong></span> <span class='ocrx_word' id='word_1_216' title='bbox 1371 268 1447 295; x_wconf 65' lang='lat' dir='ltr'><strong>aqua:</strong></span> <span class='ocrx_word' id='word_1_217' title='bbox 1461 260 1576 296; x_wconf 68' lang='lat' dir='ltr'><strong>frigidm,</strong></span> <span class='ocrx_word' id='word_1_218' title='bbox 1589 268 1643 288; x_wconf 92' lang='lat' dir='ltr'><strong>non</strong></span> <span class='ocrx_word' id='word_1_219' title='bbox 1655 269 1717 296; x_wconf 89' lang='lat' dir='ltr'><strong>per-</strong></span> 
     </span>
    </p>
   </div>
   <div class='ocr_carea' id='block_1_30' title="bbox 929 307 1717 342">
    <p class='ocr_par' dir='ltr' id='par_1_30' title="bbox 929 307 1717 342">
     <span class='ocr_line' id='line_1_30' title="bbox 929 307 1717 342; baseline 0.003 -8"><span class='ocrx_word' id='word_1_220' title='bbox 929 307 974 334; x_wconf 96' lang='lat' dir='ltr'><strong>det</strong></span> <span class='ocrx_word' id='word_1_221' title='bbox 1003 307 1156 334; x_wconf 82' lang='lat' dir='ltr'><strong>mercedem</strong></span> <span class='ocrx_word' id='word_1_222' title='bbox 1176 311 1199 334; x_wconf 75' lang='grc' dir='ltr'>ο.</span> <span class='ocrx_word' id='word_1_223' title='bbox 1225 317 1234 333; x_wconf 73' lang='grc' dir='ltr'><strong>ι</strong></span> <span class='ocrx_word' id='word_1_224' title='bbox 1263 307 1326 334; x_wconf 66' lang='lat' dir='ltr'><strong>Haec</strong></span> <span class='ocrx_word' id='word_1_225' title='bbox 1345 307 1427 342; x_wconf 78' lang='lat' dir='ltr'><strong>igitur</strong></span> <span class='ocrx_word' id='word_1_226' title='bbox 1448 308 1505 335; x_wconf 85' lang='lat' dir='ltr'><strong>sola</strong></span> <span class='ocrx_word' id='word_1_227' title='bbox 1530 316 1635 336; x_wconf 86' lang='lat' dir='ltr'><strong>merces</strong></span> <span class='ocrx_word' id='word_1_228' title='bbox 1661 316 1717 337; x_wconf 88' lang='lat' dir='ltr'><strong>non</strong></span> 
     </span>
    </p>
   </div>
   <div class='ocr_carea' id='block_1_31' title="bbox 928 351 1718 386">
    <p class='ocr_par' dir='ltr' id='par_1_31' title="bbox 928 351 1718 386">
     <span class='ocr_line' id='line_1_31' title="bbox 928 351 1718 386; baseline 0.003 -8"><span class='ocrx_word' id='word_1_229' title='bbox 928 351 1036 386; x_wconf 78' lang='lat' dir='ltr'><strong>peribit.</strong></span> <span class='ocrx_word' id='word_1_230' title='bbox 1054 351 1086 378; x_wconf 84' lang='lat' dir='ltr'><strong>Et</strong></span> <span class='ocrx_word' id='word_1_231' title='bbox 1100 359 1197 379; x_wconf 85' lang='lat' dir='ltr'><strong>rursus</strong></span> <span class='ocrx_word' id='word_1_232' title='bbox 1213 361 1219 378; x_wconf 76' lang='grc' dir='ltr'><strong>ι</strong></span> <span class='ocrx_word' id='word_1_233' title='bbox 1240 361 1248 377; x_wconf 86' lang='grc' dir='ltr'><strong>ι</strong></span> <span class='ocrx_word' id='word_1_234' title='bbox 1270 351 1361 379; x_wconf 86' lang='lat' dir='ltr'><strong>Facite</strong></span> <span class='ocrx_word' id='word_1_235' title='bbox 1372 353 1449 380; x_wconf 83' lang='lat' dir='ltr'><strong>vobis</strong></span> <span class='ocrx_word' id='word_1_236' title='bbox 1465 353 1569 380; x_wconf 91' lang='lat' dir='ltr'><strong>amicos</strong></span> <span class='ocrx_word' id='word_1_237' title='bbox 1589 353 1623 380; x_wconf 89' lang='lat' dir='ltr'><strong>de</strong></span> <span class='ocrx_word' id='word_1_238' title='bbox 1634 361 1718 380; x_wconf 90' lang='lat' dir='ltr'><strong>mam-</strong></span> 
     </span>
    </p>
   </div>
   <div class='ocr_carea' id='block_1_32' title="bbox 927 397 1714 434">
    <p class='ocr_par' dir='ltr' id='par_1_32' title="bbox 927 397 1714 434">
     <span class='ocr_line' id='line_1_32' title="bbox 927 397 1714 434; baseline 0.004 -11"><span class='ocrx_word' id='word_1_239' title='bbox 927 404 1008 424; x_wconf 88' lang='lat' dir='ltr'><strong>mona</strong></span> <span class='ocrx_word' id='word_1_240' title='bbox 1021 397 1184 432; x_wconf 77' lang='lat' dir='ltr'><strong>iniquitatis,</strong></span> <span class='ocrx_word' id='word_1_241' title='bbox 1203 401 1233 424; x_wconf 92' lang='lat' dir='ltr'><strong>ut</strong></span> <span class='ocrx_word' id='word_1_242' title='bbox 1248 405 1309 424; x_wconf 91' lang='lat' dir='ltr'><strong>cum</strong></span> <span class='ocrx_word' id='word_1_243' title='bbox 1327 397 1495 428; x_wconf 86' lang='lat' dir='ltr'><strong>defeceritis.</strong></span> <span class='ocrx_word' id='word_1_244' title='bbox 1510 399 1644 434; x_wconf 87' lang='lat' dir='ltr'><strong>recipiant</strong></span> <span class='ocrx_word' id='word_1_245' title='bbox 1663 407 1714 426; x_wconf 88' lang='lat' dir='ltr'><strong>vos</strong></span> 
     </span>
    </p>
   </div>
   <div class='ocr_carea' id='block_1_33' title="bbox 927 443 1715 480">
    <p class='ocr_par' dir='ltr' id='par_1_33' title="bbox 927 443 1715 480">
     <span class='ocr_line' id='line_1_33' title="bbox 927 443 1715 480; baseline 0.003 -10"><span class='ocrx_word' id='word_1_246' title='bbox 927 444 955 470; x_wconf 92' lang='lat' dir='ltr'><strong>in</strong></span> <span class='ocrx_word' id='word_1_247' title='bbox 965 447 1065 470; x_wconf 68' lang='lat' dir='ltr'><strong>acterna</strong></span> <span class='ocrx_word' id='word_1_248' title='bbox 1081 443 1255 470; x_wconf 86' lang='lat' dir='ltr'><strong>tabernacula</strong></span> <span class='ocrx_word' id='word_1_249' title='bbox 1271 444 1302 477; x_wconf 78' lang='lat' dir='ltr'><strong>b;</strong></span> <span class='ocrx_word' id='word_1_250' title='bbox 1319 453 1327 468; x_wconf 81' lang='grc' dir='ltr'><strong>ι</strong></span> <span class='ocrx_word' id='word_1_251' title='bbox 1344 444 1379 470; x_wconf 88' lang='lat' dir='ltr'><strong>ita</strong></span> <span class='ocrx_word' id='word_1_252' title='bbox 1394 444 1522 470; x_wconf 90' lang='lat' dir='ltr'><strong>nimirum</strong></span> <span class='ocrx_word' id='word_1_253' title='bbox 1541 448 1572 471; x_wconf 90' lang='lat' dir='ltr'><strong>ut</strong></span> <span class='ocrx_word' id='word_1_254' title='bbox 1581 445 1715 480; x_wconf 87' lang='lat' dir='ltr'><strong>quidquid</strong></span> 
     </span>
    </p>
   </div>
   <div class='ocr_carea' id='block_1_34' title="bbox 926 490 1716 527">
    <p class='ocr_par' dir='ltr' id='par_1_34' title="bbox 926 490 1716 527">
     <span class='ocr_line' id='line_1_34' title="bbox 926 490 1716 527; baseline 0.003 -9"><span class='ocrx_word' id='word_1_255' title='bbox 926 490 1086 518; x_wconf 80' lang='lat' dir='ltr'><strong>facultatum</strong></span> <span class='ocrx_word' id='word_1_256' title='bbox 1099 499 1182 525; x_wconf 75' lang='lat' dir='ltr'><strong>penes</strong></span> <span class='ocrx_word' id='word_1_257' title='bbox 1200 499 1228 518; x_wconf 90' lang='lat' dir='ltr'><strong>se</strong></span> <span class='ocrx_word' id='word_1_258' title='bbox 1243 491 1305 526; x_wconf 91' lang='lat' dir='ltr'><strong>quis</strong></span> <span class='ocrx_word' id='word_1_259' title='bbox 1326 491 1474 526; x_wconf 83' lang='lat' dir='ltr'><strong>possideat,</strong></span> <span class='ocrx_word' id='word_1_260' title='bbox 1490 499 1545 518; x_wconf 92' lang='lat' dir='ltr'><strong>non</strong></span> <span class='ocrx_word' id='word_1_261' title='bbox 1569 500 1631 519; x_wconf 87' lang='lat' dir='ltr'><strong>esse</strong></span> <span class='ocrx_word' id='word_1_262' title='bbox 1651 500 1716 527; x_wconf 80' lang='lat' dir='ltr'><strong>pro—</strong></span> 
     </span>
    </p>
   </div>
   <div class='ocr_carea' id='block_1_35' title="bbox 925 537 1713 573">
    <p class='ocr_par' dir='ltr' id='par_1_35' title="bbox 925 537 1713 573">
     <span class='ocr_line' id='line_1_35' title="bbox 925 537 1713 573; baseline 0.004 -10"><span class='ocrx_word' id='word_1_263' title='bbox 925 537 1014 571; x_wconf 87' lang='lat' dir='ltr'><strong>prium</strong></span> <span class='ocrx_word' id='word_1_264' title='bbox 1035 541 1131 564; x_wconf 86' lang='lat' dir='ltr'><strong>natura</strong></span> <span class='ocrx_word' id='word_1_265' title='bbox 1147 545 1258 564; x_wconf 88' lang='lat' dir='ltr'><strong>censum</strong></span> <span class='ocrx_word' id='word_1_266' title='bbox 1285 538 1520 573; x_wconf 85' lang='lat' dir='ltr'><strong>subslantiamque</strong></span> <span class='ocrx_word' id='word_1_267' title='bbox 1545 539 1713 572; x_wconf 80' lang='lat' dir='ltr'><strong>pronuntiet.</strong></span> 
     </span>
    </p>
   </div>
   <div class='ocr_carea' id='block_1_36' title="bbox 925 582 1714 619">
    <p class='ocr_par' dir='ltr' id='par_1_36' title="bbox 925 582 1714 619">
     <span class='ocr_line' id='line_1_36' title="bbox 925 582 1714 619; baseline 0.003 -10"><span class='ocrx_word' id='word_1_268' title='bbox 925 582 964 610; x_wconf 76' lang='lat' dir='ltr'><strong>Ex</strong></span> <span class='ocrx_word' id='word_1_269' title='bbox 978 583 1029 610; x_wconf 82' lang='lat' dir='ltr'><strong>hac</strong></span> <span class='ocrx_word' id='word_1_270' title='bbox 1042 591 1123 618; x_wconf 90' lang='lat' dir='ltr'><strong>porro</strong></span> <span class='ocrx_word' id='word_1_271' title='bbox 1144 584 1288 618; x_wconf 86' lang='lat' dir='ltr'><strong>iniquitate</strong></span> <span class='ocrx_word' id='word_1_272' title='bbox 1306 585 1369 611; x_wconf 89' lang='lat' dir='ltr'><strong>licet</strong></span> <span class='ocrx_word' id='word_1_273' title='bbox 1385 585 1466 612; x_wconf 87' lang='lat' dir='ltr'><strong>etiam</strong></span> <span class='ocrx_word' id='word_1_274' title='bbox 1490 592 1547 611; x_wconf 90' lang='lat' dir='ltr'><strong>rem</strong></span> <span class='ocrx_word' id='word_1_275' title='bbox 1562 585 1665 619; x_wconf 84' lang='lat' dir='ltr'><strong>justam</strong></span> <span class='ocrx_word' id='word_1_276' title='bbox 1682 591 1714 611; x_wconf 93' lang='lat' dir='ltr'><strong>ac</strong></span> 
     </span>
    </p>
   </div>
   <div class='ocr_carea' id='block_1_37' title="bbox 925 626 1714 664">
    <p class='ocr_par' dir='ltr' id='par_1_37' title="bbox 925 626 1714 664">
     <span class='ocr_line' id='line_1_37' title="bbox 925 626 1714 664; baseline 0.004 -11"><span class='ocrx_word' id='word_1_277' title='bbox 925 626 1071 654; x_wconf 85' lang='lat' dir='ltr'><strong>salutarem</strong></span> <span class='ocrx_word' id='word_1_278' title='bbox 1087 631 1232 662; x_wconf 74' lang='lat' dir='ltr'><strong>praestare;</strong></span> <span class='ocrx_word' id='word_1_279' title='bbox 1248 632 1278 655; x_wconf 92' lang='lat' dir='ltr'><strong>ut</strong></span> <span class='ocrx_word' id='word_1_280' title='bbox 1292 636 1389 663; x_wconf 87' lang='lat' dir='ltr'><strong>nempe</strong></span> <span class='ocrx_word' id='word_1_281' title='bbox 1403 636 1498 655; x_wconf 86' lang='lat' dir='ltr'><strong>eorum</strong></span> <span class='ocrx_word' id='word_1_282' title='bbox 1515 629 1633 664; x_wconf 86' lang='lat' dir='ltr'><strong>aliquem</strong></span> <span class='ocrx_word' id='word_1_283' title='bbox 1650 629 1714 656; x_wconf 88' lang='lat' dir='ltr'><strong>reﬁ-</strong></span> 
     </span>
    </p>
   </div>
   <div class='ocr_carea' id='block_1_38' title="bbox 924 673 1714 710">
    <p class='ocr_par' dir='ltr' id='par_1_38' title="bbox 924 673 1714 710">
     <span class='ocr_line' id='line_1_38' title="bbox 924 673 1714 710; baseline 0.003 -10"><span class='ocrx_word' id='word_1_284' title='bbox 924 673 981 700; x_wconf 86' lang='lat' dir='ltr'><strong>cias</strong></span> <span class='ocrx_word' id='word_1_285' title='bbox 995 677 1077 708; x_wconf 89' lang='lat' dir='ltr'><strong>atque</strong></span> <span class='ocrx_word' id='word_1_286' title='bbox 1093 677 1240 706; x_wconf 73' lang='lat' dir='ltr'><strong>sustentes,</strong></span> <span class='ocrx_word' id='word_1_287' title='bbox 1258 674 1303 709; x_wconf 94' lang='lat' dir='ltr'><strong>qui</strong></span> <span class='ocrx_word' id='word_1_288' title='bbox 1320 679 1451 702; x_wconf 83' lang='lat' dir='ltr'><strong>aeternum</strong></span> <span class='ocrx_word' id='word_1_289' title='bbox 1466 675 1537 710; x_wconf 86' lang='lat' dir='ltr'><strong>apud</strong></span> <span class='ocrx_word' id='word_1_290' title='bbox 1552 674 1659 702; x_wconf 83' lang='lat' dir='ltr'><strong>Patrem</strong></span> <span class='ocrx_word' id='word_1_291' title='bbox 1672 678 1714 702; x_wconf 84' lang='lat' dir='ltr'><strong>ta-</strong></span> 
     </span>
    </p>
   </div>
   <div class='ocr_carea' id='block_1_39' title="bbox 923 719 1711 755">
    <p class='ocr_par' dir='ltr' id='par_1_39' title="bbox 923 719 1711 755">
     <span class='ocr_line' id='line_1_39' title="bbox 923 719 1711 755; baseline 0.004 -10"><span class='ocrx_word' id='word_1_292' title='bbox 923 719 1101 746; x_wconf 88' lang='lat' dir='ltr'><strong>bernaculum</strong></span> <span class='ocrx_word' id='word_1_293' title='bbox 1125 720 1200 747; x_wconf 90' lang='lat' dir='ltr'><strong>nacti</strong></span> <span class='ocrx_word' id='word_1_294' title='bbox 1215 724 1290 748; x_wconf 89' lang='lat' dir='ltr'><strong>sunt.</strong></span> <span class='ocrx_word' id='word_1_295' title='bbox 1307 720 1375 748; x_wconf 77' lang='lat' dir='ltr'><strong>Vide</strong></span> <span class='ocrx_word' id='word_1_296' title='bbox 1390 721 1506 755; x_wconf 88' lang='lat' dir='ltr'><strong>primum</strong></span> <span class='ocrx_word' id='word_1_297' title='bbox 1521 721 1630 755; x_wconf 90' lang='lat' dir='ltr'><strong>quidem</strong></span> <span class='ocrx_word' id='word_1_298' title='bbox 1657 729 1711 748; x_wconf 88' lang='lat' dir='ltr'><strong>non</strong></span> 
     </span>
    </p>
   </div>
   <div class='ocr_carea' id='block_1_40' title="bbox 921 765 1713 802">
    <p class='ocr_par' dir='ltr' id='par_1_40' title="bbox 921 765 1713 802">
     <span class='ocr_line' id='line_1_40' title="bbox 921 765 1713 802; baseline 0.003 -10"><span class='ocrx_word' id='word_1_299' title='bbox 921 765 1039 800; x_wconf 88' lang='lat' dir='ltr'><strong>jussisse</strong></span> <span class='ocrx_word' id='word_1_300' title='bbox 1058 771 1087 793; x_wconf 90' lang='lat' dir='ltr'><strong>ut</strong></span> <span class='ocrx_word' id='word_1_301' title='bbox 1104 774 1119 793; x_wconf 90' lang='lat' dir='ltr'><strong>a</strong></span> <span class='ocrx_word' id='word_1_302' title='bbox 1141 769 1168 794; x_wconf 91' lang='lat' dir='ltr'><strong>te</strong></span> <span class='ocrx_word' id='word_1_303' title='bbox 1189 766 1260 801; x_wconf 85' lang='lat' dir='ltr'><strong>exigi</strong></span> <span class='ocrx_word' id='word_1_304' title='bbox 1286 766 1408 801; x_wconf 84' lang='lat' dir='ltr'><strong>patiaris,</strong></span> <span class='ocrx_word' id='word_1_305' title='bbox 1429 773 1480 794; x_wconf 89' lang='lat' dir='ltr'><strong>nec</strong></span> <span class='ocrx_word' id='word_1_306' title='bbox 1497 772 1526 793; x_wconf 81' lang='lat' dir='ltr'><strong>ut</strong></span> <span class='ocrx_word' id='word_1_307' title='bbox 1543 767 1713 802; x_wconf 87' lang='lat' dir='ltr'><strong>importunos</strong></span> 
     </span>
    </p>
   </div>
   <div class='ocr_carea' id='block_1_41' title="bbox 923 811 1712 847">
    <p class='ocr_par' dir='ltr' id='par_1_41' title="bbox 923 811 1712 847">
     <span class='ocr_line' id='line_1_41' title="bbox 923 811 1712 847; baseline 0.004 -10"><span class='ocrx_word' id='word_1_308' title='bbox 923 811 972 838; x_wconf 86' lang='lat' dir='ltr'><strong>tibi</strong></span> <span class='ocrx_word' id='word_1_309' title='bbox 999 811 1056 838; x_wconf 89' lang='lat' dir='ltr'><strong>fore</strong></span> <span class='ocrx_word' id='word_1_310' title='bbox 1080 819 1180 846; x_wconf 82' lang='lat' dir='ltr'><strong>egenos</strong></span> <span class='ocrx_word' id='word_1_311' title='bbox 1196 812 1288 845; x_wconf 87' lang='lat' dir='ltr'><strong>sinas;</strong></span> <span class='ocrx_word' id='word_1_312' title='bbox 1315 811 1363 840; x_wconf 87' lang='lat' dir='ltr'><strong>sed</strong></span> <span class='ocrx_word' id='word_1_313' title='bbox 1379 816 1408 839; x_wconf 90' lang='lat' dir='ltr'><strong>ut</strong></span> <span class='ocrx_word' id='word_1_314' title='bbox 1422 817 1449 839; x_wconf 93' lang='lat' dir='ltr'><strong>tu</strong></span> <span class='ocrx_word' id='word_1_315' title='bbox 1472 813 1530 847; x_wconf 86' lang='lat' dir='ltr'><strong>ipse</strong></span> <span class='ocrx_word' id='word_1_316' title='bbox 1556 820 1663 847; x_wconf 68' lang='lat' dir='ltr'><strong>quaeras</strong></span> <span class='ocrx_word' id='word_1_317' title='bbox 1684 813 1712 840; x_wconf 89' lang='lat' dir='ltr'><strong>in</strong></span> 
     </span>
    </p>
   </div>
   <div class='ocr_carea' id='block_1_42' title="bbox 923 855 1713 891">
    <p class='ocr_par' dir='ltr' id='par_1_42' title="bbox 923 855 1713 891">
     <span class='ocr_line' id='line_1_42' title="bbox 923 855 1713 891; baseline 0 -8"><span class='ocrx_word' id='word_1_318' title='bbox 923 863 991 890; x_wconf 91' lang='lat' dir='ltr'><strong>quos</strong></span> <span class='ocrx_word' id='word_1_319' title='bbox 1007 856 1168 883; x_wconf 86' lang='lat' dir='ltr'><strong>beneﬁcium</strong></span> <span class='ocrx_word' id='word_1_320' title='bbox 1185 857 1223 884; x_wconf 88' lang='lat' dir='ltr'><strong>sis</strong></span> <span class='ocrx_word' id='word_1_321' title='bbox 1243 857 1437 888; x_wconf 84' lang='lat' dir='ltr'><strong>collocaturus,</strong></span> <span class='ocrx_word' id='word_1_322' title='bbox 1453 860 1479 884; x_wconf 89' lang='lat' dir='ltr'><strong>et</strong></span> <span class='ocrx_word' id='word_1_323' title='bbox 1497 856 1543 891; x_wconf 89' lang='lat' dir='ltr'><strong>qui</strong></span> <span class='ocrx_word' id='word_1_324' title='bbox 1563 855 1713 884; x_wconf 85' lang='lat' dir='ltr'><strong>Salvatoris</strong></span> 
     </span>
    </p>
   </div>
   <div class='ocr_carea' id='block_1_43' title="bbox 923 901 1713 937">
    <p class='ocr_par' dir='ltr' id='par_1_43' title="bbox 923 901 1713 937">
     <span class='ocr_line' id='line_1_43' title="bbox 923 901 1713 937; baseline 0 -9"><span class='ocrx_word' id='word_1_325' title='bbox 923 901 998 937; x_wconf 76' lang='lat' dir='ltr'><strong>digni</strong></span> <span class='ocrx_word' id='word_1_326' title='bbox 1022 902 1150 937; x_wconf 85' lang='lat' dir='ltr'><strong>discipuli</strong></span> <span class='ocrx_word' id='word_1_327' title='bbox 1175 902 1319 930; x_wconf 80' lang='lat' dir='ltr'><strong>exsistant.</strong></span> <span class='ocrx_word' id='word_1_328' title='bbox 1342 901 1375 928; x_wconf 87' lang='lat' dir='ltr'><strong>Et</strong></span> <span class='ocrx_word' id='word_1_329' title='bbox 1393 902 1524 936; x_wconf 63' lang='lat' dir='ltr'><strong>praeclare</strong></span> <span class='ocrx_word' id='word_1_330' title='bbox 1540 901 1649 936; x_wconf 86' lang='lat' dir='ltr'><strong>quidem</strong></span> <span class='ocrx_word' id='word_1_331' title='bbox 1678 901 1713 929; x_wconf 91' lang='lat' dir='ltr'><strong>ab</strong></span> 
     </span>
    </p>
   </div>
   <div class='ocr_carea' id='block_1_44' title="bbox 923 947 1709 983">
    <p class='ocr_par' dir='ltr' id='par_1_44' title="bbox 923 947 1709 983">
     <span class='ocr_line' id='line_1_44' title="bbox 923 947 1709 983; baseline -0.001 -9"><span class='ocrx_word' id='word_1_332' title='bbox 923 947 1064 983; x_wconf 82' lang='lat' dir='ltr'><strong>Apostolo,</strong></span> <span class='ocrx_word' id='word_1_333' title='bbox 1082 957 1091 974; x_wconf 73' lang='grc' dir='ltr'><strong>ι</strong></span> <span class='ocrx_word' id='word_1_334' title='bbox 1111 948 1225 975; x_wconf 87' lang='lat' dir='ltr'><strong>hilarem</strong></span> <span class='ocrx_word' id='word_1_335' title='bbox 1240 949 1311 976; x_wconf 90' lang='lat' dir='ltr'><strong>enim</strong></span> <span class='ocrx_word' id='word_1_336' title='bbox 1326 948 1447 976; x_wconf 89' lang='lat' dir='ltr'><strong>datorem</strong></span> <span class='ocrx_word' id='word_1_337' title='bbox 1463 947 1551 983; x_wconf 80' lang='lat' dir='ltr'><strong>diligit</strong></span> <span class='ocrx_word' id='word_1_338' title='bbox 1566 947 1638 975; x_wconf 88' lang='lat' dir='ltr'><strong>Deus</strong></span> <span class='ocrx_word' id='word_1_339' title='bbox 1652 953 1663 967; x_wconf 79' lang='grc' dir='ltr'><strong><em>ο</em></strong></span> <span class='ocrx_word' id='word_1_340' title='bbox 1676 955 1683 980; x_wconf 87' lang='grc'>;</span> <span class='ocrx_word' id='word_1_341' title='bbox 1699 957 1709 973; x_wconf 73' lang='grc' dir='ltr'><strong>ι</strong></span> 
     </span>
    </p>
   </div>
   <div class='ocr_carea' id='block_1_45' title="bbox 923 994 1714 1030">
    <p class='ocr_par' dir='ltr' id='par_1_45' title="bbox 923 994 1714 1030">
     <span class='ocr_line' id='line_1_45' title="bbox 923 994 1714 1030; baseline -0.001 -9"><span class='ocrx_word' id='word_1_342' title='bbox 923 994 969 1029; x_wconf 89' lang='lat' dir='ltr'><strong>qui</strong></span> <span class='ocrx_word' id='word_1_343' title='bbox 982 995 1107 1030; x_wconf 75' lang='lat' dir='ltr'><strong>largitate</strong></span> <span class='ocrx_word' id='word_1_344' title='bbox 1125 994 1286 1027; x_wconf 83' lang='lat' dir='ltr'><strong>delectatur,</strong></span> <span class='ocrx_word' id='word_1_345' title='bbox 1304 1003 1355 1022; x_wconf 88' lang='lat' dir='ltr'><strong>nec</strong></span> <span class='ocrx_word' id='word_1_346' title='bbox 1375 995 1535 1023; x_wconf 87' lang='lat' dir='ltr'><strong>seminando</strong></span> <span class='ocrx_word' id='word_1_347' title='bbox 1549 1001 1649 1029; x_wconf 90' lang='lat' dir='ltr'><strong>parcus</strong></span> <span class='ocrx_word' id='word_1_348' title='bbox 1668 1001 1714 1021; x_wconf 80' lang='lat' dir='ltr'><strong>ex-</strong></span> 
     </span>
    </p>
   </div>
   <div class='ocr_carea' id='block_1_46' title="bbox 923 1040 1714 1076">
    <p class='ocr_par' dir='ltr' id='par_1_46' title="bbox 923 1040 1714 1076">
     <span class='ocr_line' id='line_1_46' title="bbox 923 1040 1714 1076; baseline -0.003 -8"><span class='ocrx_word' id='word_1_349' title='bbox 923 1041 1013 1072; x_wconf 86' lang='lat' dir='ltr'><strong>sistat,</strong></span> <span class='ocrx_word' id='word_1_350' title='bbox 1030 1044 1098 1068; x_wconf 91' lang='lat' dir='ltr'><strong>utet</strong></span> <span class='ocrx_word' id='word_1_351' title='bbox 1117 1041 1154 1068; x_wconf 91' lang='lat' dir='ltr'><strong>ita</strong></span> <span class='ocrx_word' id='word_1_352' title='bbox 1174 1042 1287 1076; x_wconf 89' lang='lat' dir='ltr'><strong>parique</strong></span> <span class='ocrx_word' id='word_1_353' title='bbox 1302 1041 1427 1069; x_wconf 82' lang='lat' dir='ltr'><strong>ubertate</strong></span> <span class='ocrx_word' id='word_1_354' title='bbox 1443 1045 1543 1074; x_wconf 87' lang='lat' dir='ltr'><strong>metat;</strong></span> <span class='ocrx_word' id='word_1_355' title='bbox 1562 1040 1622 1067; x_wconf 89' lang='lat' dir='ltr'><strong>sine</strong></span> <span class='ocrx_word' id='word_1_356' title='bbox 1637 1047 1714 1067; x_wconf 89' lang='lat' dir='ltr'><strong>mur-</strong></span> 
     </span>
    </p>
   </div>
   <div class='ocr_carea' id='block_1_47' title="bbox 922 1087 1712 1122">
    <p class='ocr_par' dir='ltr' id='par_1_47' title="bbox 922 1087 1712 1122">
     <span class='ocr_line' id='line_1_47' title="bbox 922 1087 1712 1122; baseline 0 -8"><span class='ocrx_word' id='word_1_357' title='bbox 922 1087 1076 1114; x_wconf 86' lang='lat' dir='ltr'><strong>muratione</strong></span> <span class='ocrx_word' id='word_1_358' title='bbox 1099 1091 1126 1114; x_wconf 88' lang='lat' dir='ltr'><strong>et</strong></span> <span class='ocrx_word' id='word_1_359' title='bbox 1150 1088 1335 1120; x_wconf 87' lang='lat' dir='ltr'><strong>distinctione,</strong></span> <span class='ocrx_word' id='word_1_360' title='bbox 1368 1088 1498 1122; x_wconf 86' lang='lat' dir='ltr'><strong>nullaque</strong></span> <span class='ocrx_word' id='word_1_361' title='bbox 1523 1087 1712 1115; x_wconf 76' lang='lat' dir='ltr'><strong>mmstitudine</strong></span> 
     </span>
    </p>
   </div>
   <div class='ocr_carea' id='block_1_48' title="bbox 923 1132 1711 1169">
    <p class='ocr_par' dir='ltr' id='par_1_48' title="bbox 923 1132 1711 1169">
     <span class='ocr_line' id='line_1_48' title="bbox 923 1132 1711 1169; baseline -0.001 -10"><span class='ocrx_word' id='word_1_362' title='bbox 923 1133 1035 1165; x_wconf 85' lang='lat' dir='ltr'><strong>tribuat,</strong></span> <span class='ocrx_word' id='word_1_363' title='bbox 1065 1133 1136 1168; x_wconf 93' lang='lat' dir='ltr'><strong>quod</strong></span> <span class='ocrx_word' id='word_1_364' title='bbox 1167 1134 1305 1169; x_wconf 63' lang='lat' dir='ltr'><strong>praeclarae</strong></span> <span class='ocrx_word' id='word_1_365' title='bbox 1327 1141 1428 1161; x_wconf 92' lang='lat' dir='ltr'><strong>munus</strong></span> <span class='ocrx_word' id='word_1_366' title='bbox 1450 1132 1638 1160; x_wconf 66' lang='lat' dir='ltr'><strong>beneﬁcentia:</strong></span> <span class='ocrx_word' id='word_1_367' title='bbox 1658 1135 1711 1160; x_wconf 89' lang='lat' dir='ltr'><strong>est.</strong></span> 
     </span>
    </p>
   </div>
   <div class='ocr_carea' id='block_1_49' title="bbox 923 1178 1712 1214">
    <p class='ocr_par' dir='ltr' id='par_1_49' title="bbox 923 1178 1712 1214">
     <span class='ocr_line' id='line_1_49' title="bbox 923 1178 1712 1214; baseline -0.001 -9"><span class='ocrx_word' id='word_1_368' title='bbox 923 1178 981 1206; x_wconf 85' lang='lat' dir='ltr'><strong>Hoc</strong></span> <span class='ocrx_word' id='word_1_369' title='bbox 991 1182 1082 1206; x_wconf 85' lang='lat' dir='ltr'><strong>autem</strong></span> <span class='ocrx_word' id='word_1_370' title='bbox 1095 1180 1192 1206; x_wconf 92' lang='lat' dir='ltr'><strong>melior</strong></span> <span class='ocrx_word' id='word_1_371' title='bbox 1205 1184 1258 1211; x_wconf 89' lang='lat' dir='ltr'><strong>est,</strong></span> <span class='ocrx_word' id='word_1_372' title='bbox 1277 1187 1357 1214; x_wconf 80' lang='lat' dir='ltr'><strong>quem</strong></span> <span class='ocrx_word' id='word_1_373' title='bbox 1375 1179 1499 1207; x_wconf 86' lang='lat' dir='ltr'><strong>Salvator</strong></span> <span class='ocrx_word' id='word_1_374' title='bbox 1512 1179 1581 1206; x_wconf 89' lang='lat' dir='ltr'><strong>dixit</strong></span> <span class='ocrx_word' id='word_1_375' title='bbox 1602 1178 1655 1205; x_wconf 89' lang='lat' dir='ltr'><strong>alio</strong></span> <span class='ocrx_word' id='word_1_376' title='bbox 1670 1178 1712 1204; x_wconf 96' lang='lat' dir='ltr'><strong>lo-</strong></span> 
     </span>
    </p>
   </div>
   <div class='ocr_carea' id='block_1_50' title="bbox 922 1224 1712 1260">
    <p class='ocr_par' dir='ltr' id='par_1_50' title="bbox 922 1224 1712 1260">
     <span class='ocr_line' id='line_1_50' title="bbox 922 1224 1712 1260; baseline -0.004 -8"><span class='ocrx_word' id='word_1_377' title='bbox 922 1231 970 1252; x_wconf 91' lang='lat' dir='ltr'><strong>co:</strong></span> <span class='ocrx_word' id='word_1_378' title='bbox 990 1233 999 1250; x_wconf 83' lang='grc'><strong>(</strong></span> <span class='ocrx_word' id='word_1_379' title='bbox 1016 1224 1094 1252; x_wconf 92' lang='lat' dir='ltr'><strong>Omni</strong></span> <span class='ocrx_word' id='word_1_380' title='bbox 1106 1225 1208 1260; x_wconf 85' lang='lat' dir='ltr'><strong>petenti</strong></span> <span class='ocrx_word' id='word_1_381' title='bbox 1218 1229 1255 1256; x_wconf 85' lang='lat' dir='ltr'><strong>te,</strong></span> <span class='ocrx_word' id='word_1_382' title='bbox 1272 1225 1361 1253; x_wconf 86' lang='lat' dir='ltr'><strong>tribue</strong></span> <span class='ocrx_word' id='word_1_383' title='bbox 1376 1225 1401 1252; x_wconf 71' lang='grc' dir='ltr'><strong>ἀ.</strong></span> <span class='ocrx_word' id='word_1_384' title='bbox 1422 1235 1431 1251; x_wconf 75' lang='grc' dir='ltr'><strong>ι</strong></span> <span class='ocrx_word' id='word_1_385' title='bbox 1449 1224 1497 1252; x_wconf 89' lang='lat' dir='ltr'><strong>Dei</strong></span> <span class='ocrx_word' id='word_1_386' title='bbox 1512 1232 1630 1259; x_wconf 88' lang='lat' dir='ltr'><strong>namque</strong></span> <span class='ocrx_word' id='word_1_387' title='bbox 1647 1230 1712 1250; x_wconf 88' lang='lat' dir='ltr'><strong>vere</strong></span> 
     </span>
    </p>
   </div>
   <div class='ocr_carea' id='block_1_51' title="bbox 922 1269 1711 1306">
    <p class='ocr_par' dir='ltr' id='par_1_51' title="bbox 922 1269 1711 1306">
     <span class='ocr_line' id='line_1_51' title="bbox 922 1269 1711 1306; baseline -0.004 -8"><span class='ocrx_word' id='word_1_388' title='bbox 922 1270 1090 1305; x_wconf 84' lang='lat' dir='ltr'><strong>ejuscemodi</strong></span> <span class='ocrx_word' id='word_1_389' title='bbox 1106 1271 1202 1306; x_wconf 91' lang='lat' dir='ltr'><strong>sicque</strong></span> <span class='ocrx_word' id='word_1_390' title='bbox 1220 1271 1309 1299; x_wconf 80' lang='lat' dir='ltr'><strong>facilis</strong></span> <span class='ocrx_word' id='word_1_391' title='bbox 1323 1271 1447 1306; x_wconf 77' lang='lat' dir='ltr'><strong>largitas.</strong></span> <span class='ocrx_word' id='word_1_392' title='bbox 1463 1271 1598 1298; x_wconf 61' lang='lat' dir='ltr'><strong>Caeterum</strong></span> <span class='ocrx_word' id='word_1_393' title='bbox 1610 1269 1711 1298; x_wconf 83' lang='lat' dir='ltr'><strong>doctri-</strong></span> 
     </span>
    </p>
   </div>
   <div class='ocr_carea' id='block_1_52' title="bbox 77 1315 1710 1353">
    <p class='ocr_par' dir='ltr' id='par_1_52' title="bbox 77 1315 1710 1353">
     <span class='ocr_line' id='line_1_52' title="bbox 77 1315 1710 1353; baseline -0.001 -10"><span class='ocrx_word' id='word_1_394' title='bbox 77 1323 115 1343; x_wconf 84' lang='lat' dir='ltr'><strong>na</strong></span> <span class='ocrx_word' id='word_1_395' title='bbox 132 1316 192 1343; x_wconf 66' lang='lat' dir='ltr'><strong>haec</strong></span> <span class='ocrx_word' id='word_1_396' title='bbox 211 1316 286 1343; x_wconf 86' lang='lat' dir='ltr'><strong>omni</strong></span> <span class='ocrx_word' id='word_1_397' title='bbox 302 1316 391 1351; x_wconf 80' lang='lat' dir='ltr'><strong>major</strong></span> <span class='ocrx_word' id='word_1_398' title='bbox 415 1320 457 1344; x_wconf 88' lang='lat' dir='ltr'><strong>est</strong></span> <span class='ocrx_word' id='word_1_399' title='bbox 472 1316 647 1352; x_wconf 78' lang='lat' dir='ltr'><strong>perfectione,</strong></span> <span class='ocrx_word' id='word_1_400' title='bbox 669 1320 699 1344; x_wconf 88' lang='lat' dir='ltr'><strong>ut</strong></span> <span class='ocrx_word' id='word_1_401' title='bbox 724 1324 775 1344; x_wconf 90' lang='lat' dir='ltr'><strong>nec</strong></span> <span class='ocrx_word' id='word_1_402' title='bbox 792 1320 935 1351; x_wconf 83' lang='lat' dir='ltr'><strong>exspectes</strong></span> <span class='ocrx_word' id='word_1_403' title='bbox 963 1317 1039 1352; x_wconf 91' lang='lat' dir='ltr'><strong>quia</strong></span> <span class='ocrx_word' id='word_1_404' title='bbox 1053 1322 1079 1345; x_wconf 92' lang='lat' dir='ltr'><strong>te</strong></span> <span class='ocrx_word' id='word_1_405' title='bbox 1102 1317 1240 1353; x_wconf 76' lang='lat' dir='ltr'><strong>emagilet,</strong></span> <span class='ocrx_word' id='word_1_406' title='bbox 1273 1318 1321 1345; x_wconf 88' lang='lat' dir='ltr'><strong>sed</strong></span> <span class='ocrx_word' id='word_1_407' title='bbox 1339 1318 1397 1353; x_wconf 89' lang='lat' dir='ltr'><strong>ipse</strong></span> <span class='ocrx_word' id='word_1_408' title='bbox 1429 1317 1554 1352; x_wconf 87' lang='lat' dir='ltr'><strong>inquiras</strong></span> <span class='ocrx_word' id='word_1_409' title='bbox 1580 1317 1641 1352; x_wconf 88' lang='lat' dir='ltr'><strong>quis</strong></span> <span class='ocrx_word' id='word_1_410' title='bbox 1667 1315 1710 1342; x_wconf 90' lang='lat' dir='ltr'><strong>di-</strong></span> 
     </span>
    </p>
   </div>
   <div class='ocr_carea' id='block_1_53' title="bbox 76 1361 656 1396">
    <p class='ocr_par' dir='ltr' id='par_1_53' title="bbox 76 1361 656 1396">
     <span class='ocr_line' id='line_1_53' title="bbox 76 1361 656 1396; baseline 0.005 -9"><span class='ocrx_word' id='word_1_411' title='bbox 76 1368 151 1395; x_wconf 76' lang='lat' dir='ltr'><strong>gnus</strong></span> <span class='ocrx_word' id='word_1_412' title='bbox 166 1361 237 1388; x_wconf 91' lang='lat' dir='ltr'><strong>sitin</strong></span> <span class='ocrx_word' id='word_1_413' title='bbox 252 1370 333 1396; x_wconf 85' lang='lat' dir='ltr'><strong>quem</strong></span> <span class='ocrx_word' id='word_1_414' title='bbox 345 1362 504 1389; x_wconf 88' lang='lat' dir='ltr'><strong>beneﬁcium</strong></span> <span class='ocrx_word' id='word_1_415' title='bbox 520 1361 656 1390; x_wconf 87' lang='lat' dir='ltr'><strong>conferas.</strong></span> 
     </span>
    </p>
   </div>
   <div class='ocr_carea' id='block_1_54' title="bbox 114 1408 868 1445">
    <p class='ocr_par' dir='ltr' id='par_1_54' title="bbox 114 1408 868 1445">
     <span class='ocr_line' id='line_1_54' title="bbox 114 1408 868 1445; baseline 0.001 -11"><span class='ocrx_word' id='word_1_416' title='bbox 114 1408 177 1434; x_wconf 85' lang='lat' dir='ltr'><strong>AB&#39;.</strong></span> <span class='ocrx_word' id='word_1_417' title='bbox 195 1408 310 1435; x_wconf 79' lang='grc' dir='ltr'>Ἔπειτα</span> <span class='ocrx_word' id='word_1_418' title='bbox 323 1408 481 1444; x_wconf 79' lang='grc' dir='ltr'>τηλικοῦτον</span> <span class='ocrx_word' id='word_1_419' title='bbox 494 1408 588 1444; x_wconf 85' lang='grc' dir='ltr'>μισθὸν</span> <span class='ocrx_word' id='word_1_420' title='bbox 603 1409 690 1445; x_wconf 81' lang='grc' dir='ltr'>ὁρίσαι</span> <span class='ocrx_word' id='word_1_421' title='bbox 706 1408 757 1444; x_wconf 82' lang='grc' dir='ltr'>τῆς</span> <span class='ocrx_word' id='word_1_422' title='bbox 772 1417 868 1435; x_wconf 83' lang='grc' dir='ltr'>κοινω-</span> 
     </span>
    </p>
   </div>
   <div class='ocr_carea' id='block_1_55' title="bbox 75 1453 868 1490">
    <p class='ocr_par' dir='ltr' id='par_1_55' title="bbox 75 1453 868 1490">
     <span class='ocr_line' id='line_1_55' title="bbox 75 1453 868 1490; baseline 0.001 -10"><span class='ocrx_word' id='word_1_423' title='bbox 75 1454 149 1486; x_wconf 80' lang='grc' dir='ltr'>νίας,</span> <span class='ocrx_word' id='word_1_424' title='bbox 167 1453 275 1480; x_wconf 65' lang='grc' dir='ltr'>αἰώνιον</span> <span class='ocrx_word' id='word_1_425' title='bbox 295 1455 412 1490; x_wconf 77' lang='grc' dir='ltr'>σκηνήνὶ</span> <span class='ocrx_word' id='word_1_426' title='bbox 429 1454 452 1481; x_wconf 86' lang='grc' dir='ltr'><strong>ὣ</strong></span> <span class='ocrx_word' id='word_1_427' title='bbox 470 1455 556 1490; x_wconf 85' lang='grc' dir='ltr'>καλῆς</span> <span class='ocrx_word' id='word_1_428' title='bbox 577 1455 728 1490; x_wconf 73' lang='grc' dir='ltr'>ἐμπορίαςι</span> <span class='ocrx_word' id='word_1_429' title='bbox 747 1454 769 1481; x_wconf 87' lang='grc' dir='ltr'><strong>ὣ</strong></span> <span class='ocrx_word' id='word_1_430' title='bbox 793 1454 868 1486; x_wconf 84' lang='grc' dir='ltr'>θείας</span> 
     </span>
    </p>
   </div>
   <div class='ocr_carea' id='block_1_56' title="bbox 78 1500 866 1537">
    <p class='ocr_par' dir='ltr' id='par_1_56' title="bbox 78 1500 866 1537">
     <span class='ocr_line' id='line_1_56' title="bbox 78 1500 866 1537; baseline 0 -11"><span class='ocrx_word' id='word_1_431' title='bbox 78 1500 202 1535; x_wconf 73' lang='grc' dir='ltr'>ἁγορᾶςῐ</span> <span class='ocrx_word' id='word_1_432' title='bbox 213 1500 328 1527; x_wconf 76' lang='grc' dir='ltr'>Ὠνείται</span> <span class='ocrx_word' id='word_1_433' title='bbox 345 1501 492 1536; x_wconf 80' lang='grc' dir='ltr'>χρημάτων</span> <span class='ocrx_word' id='word_1_434' title='bbox 507 1510 548 1533; x_wconf 89' lang='grc' dir='ltr'><strong>τις</strong></span> <span class='ocrx_word' id='word_1_435' title='bbox 564 1501 728 1537; x_wconf 80' lang='grc' dir='ltr'>ἀφθαρσίαν,</span> <span class='ocrx_word' id='word_1_436' title='bbox 739 1501 786 1527; x_wconf 74' lang='grc' dir='ltr'>καὶ</span> <span class='ocrx_word' id='word_1_437' title='bbox 802 1500 866 1532; x_wconf 82' lang='grc' dir='ltr'>δοὺς</span> 
     </span>
    </p>
   </div>
   <div class='ocr_carea' id='block_1_57' title="bbox 76 1546 867 1583">
    <p class='ocr_par' dir='ltr' id='par_1_57' title="bbox 76 1546 867 1583">
     <span class='ocr_line' id='line_1_57' title="bbox 76 1546 867 1583; baseline 0 -11"><span class='ocrx_word' id='word_1_438' title='bbox 76 1547 112 1572; x_wconf 75' lang='grc' dir='ltr'><strong>τὰ</strong></span> <span class='ocrx_word' id='word_1_439' title='bbox 127 1546 289 1581; x_wconf 72' lang='grc' dir='ltr'>διολλύμενα</span> <span class='ocrx_word' id='word_1_440' title='bbox 303 1546 349 1573; x_wconf 84' lang='grc' dir='ltr'>τοῦ</span> <span class='ocrx_word' id='word_1_441' title='bbox 364 1547 477 1582; x_wconf 86' lang='grc' dir='ltr'>κόσμου,</span> <span class='ocrx_word' id='word_1_442' title='bbox 498 1547 582 1583; x_wconf 85' lang='grc' dir='ltr'>μονὴν</span> <span class='ocrx_word' id='word_1_443' title='bbox 597 1546 699 1573; x_wconf 84' lang='grc' dir='ltr'>τούτων</span> <span class='ocrx_word' id='word_1_444' title='bbox 717 1546 824 1573; x_wconf 89' lang='grc' dir='ltr'>αἰώνιον</span> <span class='ocrx_word' id='word_1_445' title='bbox 838 1546 867 1572; x_wconf 73' lang='grc' dir='ltr'>ἐν</span> 
     </span>
    </p>
   </div>
   <div class='ocr_carea' id='block_1_58' title="bbox 76 1592 870 1628">
    <p class='ocr_par' dir='ltr' id='par_1_58' title="bbox 76 1592 870 1628">
     <span class='ocr_line' id='line_1_58' title="bbox 76 1592 870 1628; baseline 0 -10"><span class='ocrx_word' id='word_1_446' title='bbox 76 1593 205 1628; x_wconf 78' lang='grc' dir='ltr'>οὐρανοῖς</span> <span class='ocrx_word' id='word_1_447' title='bbox 220 1592 423 1628; x_wconf 78' lang='grc' dir='ltr'>ἀντιλαμϐάνει.</span> <span class='ocrx_word' id='word_1_448' title='bbox 440 1592 559 1621; x_wconf 85' lang='grc' dir='ltr'>Πλεῦσον</span> <span class='ocrx_word' id='word_1_449' title='bbox 574 1593 620 1619; x_wconf 75' lang='grc' dir='ltr'><strong>ἐπὶ</strong></span> <span class='ocrx_word' id='word_1_450' title='bbox 643 1592 755 1628; x_wconf 84' lang='grc' dir='ltr'>ταύτην,</span> <span class='ocrx_word' id='word_1_451' title='bbox 767 1592 800 1619; x_wconf 82' lang='grc' dir='ltr'>ἂν</span> <span class='ocrx_word' id='word_1_452' title='bbox 817 1601 870 1618; x_wconf 85' lang='grc' dir='ltr'>σω-</span> 
     </span>
    </p>
   </div>
   <div class='ocr_carea' id='block_1_59' title="bbox 77 1636 869 1674">
    <p class='ocr_par' dir='ltr' id='par_1_59' title="bbox 77 1636 869 1674">
     <span class='ocr_line' id='line_1_59' title="bbox 77 1636 869 1674; baseline -0.004 -9"><span class='ocrx_word' id='word_1_453' title='bbox 77 1639 192 1674; x_wconf 77' lang='grc' dir='ltr'>φρονῇς,</span> <span class='ocrx_word' id='word_1_454' title='bbox 209 1638 258 1674; x_wconf 79' lang='grc' dir='ltr'>τὴν</span> <span class='ocrx_word' id='word_1_455' title='bbox 275 1639 437 1674; x_wconf 84' lang='grc' dir='ltr'>πανήγυριν,</span> <span class='ocrx_word' id='word_1_456' title='bbox 448 1636 471 1665; x_wconf 81' lang='grc' dir='ltr'><strong>ὧ</strong></span> <span class='ocrx_word' id='word_1_457' title='bbox 481 1638 602 1665; x_wconf 85' lang='grc' dir='ltr'>πλούσιε.</span> <span class='ocrx_word' id='word_1_458' title='bbox 617 1638 676 1665; x_wconf 81' lang='grc' dir='ltr'>Κᾶν</span> <span class='ocrx_word' id='word_1_459' title='bbox 690 1637 749 1673; x_wconf 81' lang='grc' dir='ltr'>δέῃ,</span> <span class='ocrx_word' id='word_1_460' title='bbox 763 1636 869 1672; x_wconf 85' lang='grc' dir='ltr'>περίελ-</span> 
     </span>
    </p>
   </div>
   <div class='ocr_carea' id='block_1_60' title="bbox 76 1683 867 1723">
    <p class='ocr_par' dir='ltr' id='par_1_60' title="bbox 76 1683 867 1723">
     <span class='ocr_line' id='line_1_60' title="bbox 76 1683 867 1723; baseline -0.001 -13"><span class='ocrx_word' id='word_1_461' title='bbox 76 1684 108 1711; x_wconf 75' lang='lat' dir='ltr'><strong>Os</strong></span> <span class='ocrx_word' id='word_1_462' title='bbox 123 1685 176 1719; x_wconf 80' lang='grc' dir='ltr'>γῆν</span> <span class='ocrx_word' id='word_1_463' title='bbox 191 1684 255 1720; x_wconf 81' lang='grc' dir='ltr'>ὃλην</span> <span class='ocrx_word' id='word_1_464' title='bbox 274 1684 340 1720; x_wconf 78' lang='grc'>(56).</span> <span class='ocrx_word' id='word_1_465' title='bbox 369 1685 414 1721; x_wconf 83' lang='grc' dir='ltr'><strong>Μὴ</strong></span> <span class='ocrx_word' id='word_1_466' title='bbox 443 1685 524 1723; x_wconf 77' lang='grc' dir='ltr'>φείσῃ</span> <span class='ocrx_word' id='word_1_467' title='bbox 546 1684 676 1712; x_wconf 82' lang='grc' dir='ltr'>κινδύνων</span> <span class='ocrx_word' id='word_1_468' title='bbox 697 1684 744 1711; x_wconf 79' lang='grc' dir='ltr'><strong>καὶ</strong></span> <span class='ocrx_word' id='word_1_469' title='bbox 768 1683 867 1714; x_wconf 85' lang='grc' dir='ltr'>πόνων,</span> 
     </span>
    </p>
   </div>
   <div class='ocr_carea' id='block_1_61' title="bbox 77 1727 869 1766">
    <p class='ocr_par' dir='ltr' id='par_1_61' title="bbox 77 1727 869 1766">
     <span class='ocr_line' id='line_1_61' title="bbox 77 1727 869 1766; baseline -0.003 -10"><span class='ocrx_word' id='word_1_470' title='bbox 77 1731 112 1756; x_wconf 84' lang='grc' dir='ltr'><strong>ἵν’</strong></span> <span class='ocrx_word' id='word_1_471' title='bbox 126 1729 246 1757; x_wconf 76' lang='grc' dir='ltr'>ἐνταῦθα</span> <span class='ocrx_word' id='word_1_472' title='bbox 267 1730 404 1765; x_wconf 81' lang='grc' dir='ltr'>βασιλείαν</span> <span class='ocrx_word' id='word_1_473' title='bbox 423 1731 548 1766; x_wconf 82' lang='grc' dir='ltr'>οὐράνιον</span> <span class='ocrx_word' id='word_1_474' title='bbox 568 1729 717 1765; x_wconf 84' lang='grc' dir='ltr'>ἀγοράσῃς.</span> <span class='ocrx_word' id='word_1_475' title='bbox 733 1728 766 1755; x_wconf 86' lang='grc' dir='ltr'>Τί</span> <span class='ocrx_word' id='word_1_476' title='bbox 781 1737 811 1754; x_wconf 86' lang='grc' dir='ltr'><strong>σε</strong></span> <span class='ocrx_word' id='word_1_477' title='bbox 828 1727 869 1754; x_wconf 89' lang='grc' dir='ltr'>λί-</span> 
     </span>
    </p>
   </div>
   <div class='ocr_carea' id='block_1_62' title="bbox 75 1775 866 1812">
    <p class='ocr_par' dir='ltr' id='par_1_62' title="bbox 75 1775 866 1812">
     <span class='ocr_line' id='line_1_62' title="bbox 75 1775 866 1812; baseline -0.003 -9"><span class='ocrx_word' id='word_1_478' title='bbox 75 1778 118 1803; x_wconf 76' lang='grc' dir='ltr'><strong>θοι</strong></span> <span class='ocrx_word' id='word_1_479' title='bbox 135 1777 276 1811; x_wconf 83' lang='grc' dir='ltr'>διαφανεῖς</span> <span class='ocrx_word' id='word_1_480' title='bbox 293 1777 339 1803; x_wconf 84' lang='grc' dir='ltr'><strong>καὶ</strong></span> <span class='ocrx_word' id='word_1_481' title='bbox 361 1776 511 1812; x_wconf 79' lang='grc' dir='ltr'>σμάραγδοι</span> <span class='ocrx_word' id='word_1_482' title='bbox 534 1776 660 1804; x_wconf 80' lang='grc' dir='ltr'>τοσοῦτον</span> <span class='ocrx_word' id='word_1_483' title='bbox 683 1775 866 1810; x_wconf 82' lang='grc' dir='ltr'>εὐφραίνουσι,</span> 
     </span>
    </p>
   </div>
   <div class='ocr_carea' id='block_1_63' title="bbox 76 1822 868 1859">
    <p class='ocr_par' dir='ltr' id='par_1_63' title="bbox 76 1822 868 1859">
     <span class='ocr_line' id='line_1_63' title="bbox 76 1822 868 1859; baseline -0.001 -11"><span class='ocrx_word' id='word_1_484' title='bbox 76 1823 124 1850; x_wconf 73' lang='grc' dir='ltr'>καὶ</span> <span class='ocrx_word' id='word_1_485' title='bbox 137 1823 212 1849; x_wconf 82' lang='grc' dir='ltr'>οίκία</span> <span class='ocrx_word' id='word_1_486' title='bbox 229 1823 316 1859; x_wconf 80' lang='grc' dir='ltr'>τροφὴ</span> <span class='ocrx_word' id='word_1_487' title='bbox 334 1823 428 1858; x_wconf 79' lang='grc' dir='ltr'>πυρὸς,</span> <span class='ocrx_word' id='word_1_488' title='bbox 447 1823 464 1858; x_wconf 87' lang='grc' dir='ltr'>ἢ</span> <span class='ocrx_word' id='word_1_489' title='bbox 478 1823 574 1858; x_wconf 84' lang='grc' dir='ltr'>χρόνου</span> <span class='ocrx_word' id='word_1_490' title='bbox 599 1822 731 1858; x_wconf 85' lang='grc' dir='ltr'>παίγνιον,</span> <span class='ocrx_word' id='word_1_491' title='bbox 752 1822 769 1856; x_wconf 86' lang='grc' dir='ltr'>ἢ</span> <span class='ocrx_word' id='word_1_492' title='bbox 795 1829 868 1848; x_wconf 87' lang='grc' dir='ltr'>σεισ-</span> 
     </span>
    </p>
   </div>
   <div class='ocr_carea' id='block_1_64' title="bbox 76 1867 867 1906">
    <p class='ocr_par' dir='ltr' id='par_1_64' title="bbox 76 1867 867 1906">
     <span class='ocr_line' id='line_1_64' title="bbox 76 1867 867 1906; baseline -0.003 -11"><span class='ocrx_word' id='word_1_493' title='bbox 76 1868 130 1904; x_wconf 81' lang='grc' dir='ltr'>μοῦ</span> <span class='ocrx_word' id='word_1_494' title='bbox 154 1869 303 1906; x_wconf 81' lang='grc' dir='ltr'>πάρεργον,</span> <span class='ocrx_word' id='word_1_495' title='bbox 321 1868 470 1904; x_wconf 73' lang='grc' dir='ltr'>ῆΰϐρισμα</span> <span class='ocrx_word' id='word_1_496' title='bbox 488 1869 638 1904; x_wconf 84' lang='grc' dir='ltr'>τυράννου;</span> <span class='ocrx_word' id='word_1_497' title='bbox 655 1868 824 1904; x_wconf 83' lang='grc' dir='ltr'>ὲπιΟύμησον</span> <span class='ocrx_word' id='word_1_498' title='bbox 838 1867 867 1893; x_wconf 76' lang='grc' dir='ltr'>ἐν</span> 
     </span>
    </p>
   </div>
   <div class='ocr_carea' id='block_1_65' title="bbox 74 1914 867 1951">
    <p class='ocr_par' dir='ltr' id='par_1_65' title="bbox 74 1914 867 1951">
     <span class='ocr_line' id='line_1_65' title="bbox 74 1914 867 1951; baseline -0.001 -10"><span class='ocrx_word' id='word_1_499' title='bbox 74 1916 201 1951; x_wconf 74' lang='grc' dir='ltr'>οὐρανοῖς</span> <span class='ocrx_word' id='word_1_500' title='bbox 218 1915 328 1950; x_wconf 73' lang='grc' dir='ltr'>οἰκῆσαι</span> <span class='ocrx_word' id='word_1_501' title='bbox 342 1915 388 1942; x_wconf 79' lang='grc' dir='ltr'>καὶ</span> <span class='ocrx_word' id='word_1_502' title='bbox 408 1914 563 1950; x_wconf 77' lang='grc' dir='ltr'>βασιλεῦσαι</span> <span class='ocrx_word' id='word_1_503' title='bbox 580 1914 648 1950; x_wconf 79' lang='grc' dir='ltr'>μετὰ</span> <span class='ocrx_word' id='word_1_504' title='bbox 662 1914 740 1941; x_wconf 74' lang='grc' dir='ltr'>Θεοῦ.</span> <span class='ocrx_word' id='word_1_505' title='bbox 759 1914 867 1948; x_wconf 85' lang='grc' dir='ltr'>Ταύτην</span> 
     </span>
    </p>
   </div>
   <div class='ocr_carea' id='block_1_66' title="bbox 77 1960 868 1998">
    <p class='ocr_par' dir='ltr' id='par_1_66' title="bbox 77 1960 868 1998">
     <span class='ocr_line' id='line_1_66' title="bbox 77 1960 868 1998; baseline -0.001 -11"><span class='ocrx_word' id='word_1_506' title='bbox 77 1971 119 1988; x_wconf 84' lang='grc' dir='ltr'><strong>σοι</strong></span> <span class='ocrx_word' id='word_1_507' title='bbox 135 1961 185 1997; x_wconf 81' lang='grc' dir='ltr'>τὴν</span> <span class='ocrx_word' id='word_1_508' title='bbox 209 1961 348 1997; x_wconf 81' lang='grc' dir='ltr'>βασιλείαν</span> <span class='ocrx_word' id='word_1_509' title='bbox 373 1962 515 1998; x_wconf 77' lang='grc' dir='ltr'>ἄνθρωπος</span> <span class='ocrx_word' id='word_1_510' title='bbox 542 1962 621 1988; x_wconf 81' lang='grc' dir='ltr'>δώσει</span> <span class='ocrx_word' id='word_1_511' title='bbox 636 1961 702 1988; x_wconf 83' lang='grc' dir='ltr'>Θεὸν</span> <span class='ocrx_word' id='word_1_512' title='bbox 717 1960 868 1996; x_wconf 83' lang='grc' dir='ltr'>ἀπομιμού-</span> 
     </span>
    </p>
   </div>
   <div class='ocr_carea' id='block_1_67' title="bbox 78 2006 867 2044">
    <p class='ocr_par' dir='ltr' id='par_1_67' title="bbox 78 2006 867 2044">
     <span class='ocr_line' id='line_1_67' title="bbox 78 2006 867 2044; baseline 0 -10"><span class='ocrx_word' id='word_1_513' title='bbox 78 2017 168 2044; x_wconf 80' lang='grc' dir='ltr'>μενος.</span> <span class='ocrx_word' id='word_1_514' title='bbox 188 2007 321 2035; x_wconf 72' lang='grc' dir='ltr'>Ἐνταῦθα</span> <span class='ocrx_word' id='word_1_515' title='bbox 348 2009 433 2044; x_wconf 80' lang='grc' dir='ltr'>μικρὰ</span> <span class='ocrx_word' id='word_1_516' title='bbox 447 2008 548 2041; x_wconf 78' lang='grc' dir='ltr'>λαϐὼν,</span> <span class='ocrx_word' id='word_1_517' title='bbox 561 2009 620 2035; x_wconf 79' lang='grc' dir='ltr'>ἐκεῖ</span> <span class='ocrx_word' id='word_1_518' title='bbox 634 2007 667 2035; x_wconf 86' lang='grc' dir='ltr'>δι’</span> <span class='ocrx_word' id='word_1_519' title='bbox 679 2007 747 2034; x_wconf 83' lang='grc' dir='ltr'>ὅλων</span> <span class='ocrx_word' id='word_1_520' title='bbox 762 2006 867 2034; x_wconf 87' lang='grc' dir='ltr'>αἰώνων</span> 
     </span>
    </p>
   </div>
   <div class='ocr_carea' id='block_1_68' title="bbox 77 2053 864 2090">
    <p class='ocr_par' dir='ltr' id='par_1_68' title="bbox 77 2053 864 2090">
     <span class='ocr_line' id='line_1_68' title="bbox 77 2053 864 2090; baseline -0.001 -10"><span class='ocrx_word' id='word_1_521' title='bbox 77 2054 201 2081; x_wconf 72' lang='grc' dir='ltr'>σύνοικόν</span> <span class='ocrx_word' id='word_1_522' title='bbox 226 2063 273 2080; x_wconf 86' lang='grc' dir='ltr'><strong>σου</strong></span> <span class='ocrx_word' id='word_1_523' title='bbox 300 2055 456 2090; x_wconf 76' lang='grc' dir='ltr'>ποιήσεταιο</span> <span class='ocrx_word' id='word_1_524' title='bbox 474 2055 611 2082; x_wconf 82' lang='grc' dir='ltr'>ἱκέτευσον</span> <span class='ocrx_word' id='word_1_525' title='bbox 631 2055 674 2081; x_wconf 83' lang='grc' dir='ltr'><strong>ἴνα</strong></span> <span class='ocrx_word' id='word_1_526' title='bbox 681 2053 750 2088; x_wconf 78' lang='grc' dir='ltr'>λάϐῃ</span> <span class='ocrx_word' id='word_1_527' title='bbox 761 2062 768 2068; x_wconf 91' lang='grc'><strong>·</strong></span> <span class='ocrx_word' id='word_1_528' title='bbox 784 2053 864 2080; x_wconf 81' lang='grc' dir='ltr'>σπεῦ-</span> 
     </span>
    </p>
   </div>
   <div class='ocr_carea' id='block_1_69' title="bbox 76 2101 866 2138">
    <p class='ocr_par' dir='ltr' id='par_1_69' title="bbox 76 2101 866 2138">
     <span class='ocr_line' id='line_1_69' title="bbox 76 2101 866 2138; baseline 0 -10"><span class='ocrx_word' id='word_1_529' title='bbox 76 2110 134 2134; x_wconf 82' lang='grc' dir='ltr'>σον,</span> <span class='ocrx_word' id='word_1_530' title='bbox 151 2101 321 2136; x_wconf 85' lang='grc' dir='ltr'>ἀγωνίασον·</span> <span class='ocrx_word' id='word_1_531' title='bbox 339 2102 472 2138; x_wconf 72' lang='grc' dir='ltr'>φοίήθητι</span> <span class='ocrx_word' id='word_1_532' title='bbox 487 2103 523 2138; x_wconf 86' lang='grc' dir='ltr'>μή</span> <span class='ocrx_word' id='word_1_533' title='bbox 550 2111 579 2128; x_wconf 90' lang='grc' dir='ltr'><strong>σε</strong></span> <span class='ocrx_word' id='word_1_534' title='bbox 597 2102 729 2137; x_wconf 79' lang='grc' dir='ltr'>ἀτιμάσῃ.</span> <span class='ocrx_word' id='word_1_535' title='bbox 759 2101 795 2129; x_wconf 84' lang='grc' dir='ltr'><strong>Οὐ</strong></span> <span class='ocrx_word' id='word_1_536' title='bbox 812 2102 866 2137; x_wconf 83' lang='grc' dir='ltr'><strong>γὰρ</strong></span> 
     </span>
    </p>
   </div>
   <div class='ocr_carea' id='block_1_70' title="bbox 76 2147 866 2183">
    <p class='ocr_par' dir='ltr' id='par_1_70' title="bbox 76 2147 866 2183">
     <span class='ocr_line' id='line_1_70' title="bbox 76 2147 866 2183; baseline 0 -9"><span class='ocrx_word' id='word_1_537' title='bbox 76 2148 253 2175; x_wconf 78' lang='grc' dir='ltr'>κεκέλευσται</span> <span class='ocrx_word' id='word_1_538' title='bbox 266 2147 453 2179; x_wconf 82' lang='grc' dir='ltr'>λαὸεῖν,.ἀλλά</span> <span class='ocrx_word' id='word_1_539' title='bbox 467 2157 496 2175; x_wconf 88' lang='grc' dir='ltr'><strong>σε</strong></span> <span class='ocrx_word' id='word_1_540' title='bbox 515 2150 676 2183; x_wconf 85' lang='grc' dir='ltr'>παρασχεῖν.</span> <span class='ocrx_word' id='word_1_541' title='bbox 694 2148 731 2175; x_wconf 86' lang='grc' dir='ltr'><strong>Οὐ</strong></span> <span class='ocrx_word' id='word_1_542' title='bbox 748 2147 799 2183; x_wconf 77' lang='grc' dir='ltr'><strong>μὴν</strong></span> <span class='ocrx_word' id='word_1_543' title='bbox 812 2147 866 2174; x_wconf 77' lang='grc' dir='ltr'>οὐδ’</span> 
     </span>
    </p>
   </div>
   <div class='ocr_carea' id='block_1_71' title="bbox 75 2191 864 2230">
    <p class='ocr_par' dir='ltr' id='par_1_71' title="bbox 75 2191 864 2230">
     <span class='ocr_line' id='line_1_71' title="bbox 75 2191 864 2230; baseline 0 -11"><span class='ocrx_word' id='word_1_544' title='bbox 75 2191 174 2220; x_wconf 84' lang='grc' dir='ltr'>εἶπενὸ</span> <span class='ocrx_word' id='word_1_545' title='bbox 187 2193 304 2229; x_wconf 82' lang='grc' dir='ltr'>Κύριος·</span> <span class='ocrx_word' id='word_1_546' title='bbox 319 2193 382 2228; x_wconf 80' lang='grc' dir='ltr'>δὸς,</span> <span class='ocrx_word' id='word_1_547' title='bbox 398 2194 415 2229; x_wconf 87' lang='grc' dir='ltr'>ἢ</span> <span class='ocrx_word' id='word_1_548' title='bbox 430 2195 596 2229; x_wconf 76' lang='grc' dir='ltr'>παράσχες,</span> <span class='ocrx_word' id='word_1_549' title='bbox 607 2193 864 2230; x_wconf 78' lang='grc' dir='ltr'>ῆεὺεργέτησον,ἢ</span> 
     </span>
    </p>
   </div>
   <div class='ocr_carea' id='block_1_72' title="bbox 956 1405 1710 1442">
    <p class='ocr_par' dir='ltr' id='par_1_72' title="bbox 956 1405 1710 1442">
     <span class='ocr_line' id='line_1_72' title="bbox 956 1405 1710 1442; baseline 0.003 -10"><span class='ocrx_word' id='word_1_550' title='bbox 956 1405 1039 1442; x_wconf 63' lang='grc'><strong>344</strong></span> <span class='ocrx_word' id='word_1_551' title='bbox 1052 1405 1160 1433; x_wconf 79' lang='lat' dir='ltr'><strong>XXXII.</strong></span> <span class='ocrx_word' id='word_1_552' title='bbox 1180 1405 1282 1433; x_wconf 82' lang='lat' dir='ltr'><strong>Deinde</strong></span> <span class='ocrx_word' id='word_1_553' title='bbox 1299 1409 1401 1432; x_wconf 86' lang='lat' dir='ltr'><strong>tantam</strong></span> <span class='ocrx_word' id='word_1_554' title='bbox 1418 1409 1539 1433; x_wconf 87' lang='lat' dir='ltr'><strong>statuere</strong></span> <span class='ocrx_word' id='word_1_555' title='bbox 1556 1406 1710 1435; x_wconf 87' lang='lat' dir='ltr'><strong>mercedem</strong></span> 
     </span>
    </p>
   </div>
   <div class='ocr_carea' id='block_1_73' title="bbox 921 1452 1709 1488">
    <p class='ocr_par' dir='ltr' id='par_1_73' title="bbox 921 1452 1709 1488">
     <span class='ocr_line' id='line_1_73' title="bbox 921 1452 1709 1488; baseline 0 -8"><span class='ocrx_word' id='word_1_556' title='bbox 921 1453 1098 1488; x_wconf 82' lang='lat' dir='ltr'><strong>erogationis,</strong></span> <span class='ocrx_word' id='word_1_557' title='bbox 1126 1456 1259 1480; x_wconf 71' lang='lat' dir='ltr'><strong>mternum</strong></span> <span class='ocrx_word' id='word_1_558' title='bbox 1290 1452 1515 1480; x_wconf 85' lang='lat' dir='ltr'><strong>tabernaculum!</strong></span> <span class='ocrx_word' id='word_1_559' title='bbox 1535 1460 1551 1480; x_wconf 89' lang='lat'><strong>0</strong></span> <span class='ocrx_word' id='word_1_560' title='bbox 1567 1453 1709 1487; x_wconf 88' lang='lat' dir='ltr'><strong>pulchram</strong></span> 
     </span>
    </p>
   </div>
   <div class='ocr_carea' id='block_1_74' title="bbox 920 1498 1710 1534">
    <p class='ocr_par' dir='ltr' id='par_1_74' title="bbox 920 1498 1710 1534">
     <span class='ocr_line' id='line_1_74' title="bbox 920 1498 1710 1534; baseline 0.001 -8"><span class='ocrx_word' id='word_1_561' title='bbox 920 1499 1149 1534; x_wconf 74' lang='lat' dir='ltr'><strong>negotiationem!</strong></span> <span class='ocrx_word' id='word_1_562' title='bbox 1162 1506 1178 1526; x_wconf 93' lang='grc' dir='ltr'><strong>ο</strong></span> <span class='ocrx_word' id='word_1_563' title='bbox 1189 1498 1310 1526; x_wconf 93' lang='lat' dir='ltr'><strong>divinum</strong></span> <span class='ocrx_word' id='word_1_564' title='bbox 1325 1498 1533 1526; x_wconf 91' lang='lat' dir='ltr'><strong>mercimonium</strong></span> <span class='ocrx_word' id='word_1_565' title='bbox 1545 1499 1552 1525; x_wconf 81' lang='grc' dir='ltr'><strong>ι</strong></span> <span class='ocrx_word' id='word_1_566' title='bbox 1565 1499 1637 1526; x_wconf 85' lang='lat' dir='ltr'><strong>Emit</strong></span> <span class='ocrx_word' id='word_1_567' title='bbox 1647 1501 1710 1534; x_wconf 81' lang='lat' dir='ltr'><strong>quis</strong></span> 
     </span>
    </p>
   </div>
   <div class='ocr_carea' id='block_1_75' title="bbox 920 1545 1710 1583">
    <p class='ocr_par' dir='ltr' id='par_1_75' title="bbox 920 1545 1710 1583">
     <span class='ocr_line' id='line_1_75' title="bbox 920 1545 1710 1583; baseline -0.001 -8"><span class='ocrx_word' id='word_1_568' title='bbox 920 1547 1036 1583; x_wconf 87' lang='lat' dir='ltr'><strong>pecunia</strong></span> <span class='ocrx_word' id='word_1_569' title='bbox 1058 1545 1312 1580; x_wconf 86' lang='lat' dir='ltr'><strong>incorruptionem,</strong></span> <span class='ocrx_word' id='word_1_570' title='bbox 1345 1545 1471 1580; x_wconf 85' lang='lat' dir='ltr'><strong>datisque</strong></span> <span class='ocrx_word' id='word_1_571' title='bbox 1502 1545 1595 1572; x_wconf 69' lang='lat' dir='ltr'><strong>saaculi</strong></span> <span class='ocrx_word' id='word_1_572' title='bbox 1627 1545 1710 1574; x_wconf 88' lang='lat' dir='ltr'><strong>rebus</strong></span> 
     </span>
    </p>
   </div>
   <div class='ocr_carea' id='block_1_76' title="bbox 919 1590 1710 1629">
    <p class='ocr_par' dir='ltr' id='par_1_76' title="bbox 919 1590 1710 1629">
     <span class='ocr_line' id='line_1_76' title="bbox 919 1590 1710 1629; baseline -0.001 -8"><span class='ocrx_word' id='word_1_573' title='bbox 919 1602 980 1629; x_wconf 68' lang='lat' dir='ltr'><strong>qua:</strong></span> <span class='ocrx_word' id='word_1_574' title='bbox 995 1593 1144 1624; x_wconf 78' lang='lat' dir='ltr'><strong>intereunt,</strong></span> <span class='ocrx_word' id='word_1_575' title='bbox 1158 1593 1261 1627; x_wconf 68' lang='lat' dir='ltr'><strong>praemii</strong></span> <span class='ocrx_word' id='word_1_576' title='bbox 1276 1592 1337 1619; x_wconf 91' lang='lat' dir='ltr'><strong>loco</strong></span> <span class='ocrx_word' id='word_1_577' title='bbox 1348 1596 1477 1619; x_wconf 60' lang='lat' dir='ltr'><strong>aeternam</strong></span> <span class='ocrx_word' id='word_1_578' title='bbox 1494 1592 1523 1618; x_wconf 91' lang='lat' dir='ltr'><strong>in</strong></span> <span class='ocrx_word' id='word_1_579' title='bbox 1540 1590 1618 1619; x_wconf 83' lang='lat' dir='ltr'><strong>caelis</strong></span> <span class='ocrx_word' id='word_1_580' title='bbox 1631 1600 1710 1620; x_wconf 87' lang='lat' dir='ltr'><strong>man-</strong></span> 
     </span>
    </p>
   </div>
   <div class='ocr_carea' id='block_1_77' title="bbox 919 1637 1707 1674">
    <p class='ocr_par' dir='ltr' id='par_1_77' title="bbox 919 1637 1707 1674">
     <span class='ocr_line' id='line_1_77' title="bbox 919 1637 1707 1674; baseline -0.003 -8"><span class='ocrx_word' id='word_1_581' title='bbox 919 1640 1024 1667; x_wconf 91' lang='lat' dir='ltr'><strong>sionem</strong></span> <span class='ocrx_word' id='word_1_582' title='bbox 1042 1639 1150 1674; x_wconf 89' lang='lat' dir='ltr'><strong>recipit.</strong></span> <span class='ocrx_word' id='word_1_583' title='bbox 1165 1637 1206 1665; x_wconf 86' lang='lat' dir='ltr'><strong>Tu</strong></span> <span class='ocrx_word' id='word_1_584' title='bbox 1223 1638 1269 1673; x_wconf 87' lang='lat' dir='ltr'><strong>qui</strong></span> <span class='ocrx_word' id='word_1_585' title='bbox 1285 1637 1361 1665; x_wconf 87' lang='lat' dir='ltr'><strong>dives</strong></span> <span class='ocrx_word' id='word_1_586' title='bbox 1383 1645 1423 1669; x_wconf 86' lang='lat' dir='ltr'><strong>es,</strong></span> <span class='ocrx_word' id='word_1_587' title='bbox 1438 1638 1471 1664; x_wconf 90' lang='lat' dir='ltr'><strong>ad</strong></span> <span class='ocrx_word' id='word_1_588' title='bbox 1486 1639 1548 1670; x_wconf 88' lang='lat' dir='ltr'><strong>has,</strong></span> <span class='ocrx_word' id='word_1_589' title='bbox 1574 1638 1598 1665; x_wconf 89' lang='lat' dir='ltr'><strong>si</strong></span> <span class='ocrx_word' id='word_1_590' title='bbox 1623 1638 1707 1673; x_wconf 71' lang='lat' dir='ltr'><strong>sapis,</strong></span> 
     </span>
    </p>
   </div>
   <div class='ocr_carea' id='block_1_78' title="bbox 919 1683 1708 1721">
    <p class='ocr_par' dir='ltr' id='par_1_78' title="bbox 919 1683 1708 1721">
     <span class='ocr_line' id='line_1_78' title="bbox 919 1683 1708 1721; baseline 0 -9"><span class='ocrx_word' id='word_1_591' title='bbox 919 1685 1121 1721; x_wconf 76' lang='lat' dir='ltr'><strong>navigationem</strong></span> <span class='ocrx_word' id='word_1_592' title='bbox 1151 1685 1266 1712; x_wconf 89' lang='lat' dir='ltr'><strong>institue</strong></span> <span class='ocrx_word' id='word_1_593' title='bbox 1291 1683 1440 1717; x_wconf 81' lang='lat' dir='ltr'><strong>nundinas.</strong></span> <span class='ocrx_word' id='word_1_594' title='bbox 1469 1684 1498 1711; x_wconf 89' lang='lat' dir='ltr'><strong>Si</strong></span> <span class='ocrx_word' id='word_1_595' title='bbox 1527 1692 1641 1712; x_wconf 87' lang='lat' dir='ltr'><strong>necesse</strong></span> <span class='ocrx_word' id='word_1_596' title='bbox 1660 1685 1708 1717; x_wconf 85' lang='lat' dir='ltr'><strong>sit,</strong></span> 
     </span>
    </p>
   </div>
   <div class='ocr_carea' id='block_1_79' title="bbox 919 1729 1708 1766">
    <p class='ocr_par' dir='ltr' id='par_1_79' title="bbox 919 1729 1708 1766">
     <span class='ocr_line' id='line_1_79' title="bbox 919 1729 1708 1766; baseline -0.001 -7"><span class='ocrx_word' id='word_1_597' title='bbox 919 1736 1020 1760; x_wconf 88' lang='lat' dir='ltr'><strong>terram</strong></span> <span class='ocrx_word' id='word_1_598' title='bbox 1039 1739 1147 1758; x_wconf 91' lang='lat' dir='ltr'><strong>omnem</strong></span> <span class='ocrx_word' id='word_1_599' title='bbox 1161 1738 1286 1766; x_wconf 76' lang='lat' dir='ltr'><strong>peragra.</strong></span> <span class='ocrx_word' id='word_1_600' title='bbox 1304 1729 1344 1757; x_wconf 87' lang='lat' dir='ltr'><strong>Ne</strong></span> <span class='ocrx_word' id='word_1_601' title='bbox 1358 1737 1457 1765; x_wconf 89' lang='lat' dir='ltr'><strong>parcas</strong></span> <span class='ocrx_word' id='word_1_602' title='bbox 1471 1730 1602 1765; x_wconf 91' lang='lat' dir='ltr'><strong>periculis</strong></span> <span class='ocrx_word' id='word_1_603' title='bbox 1616 1738 1648 1758; x_wconf 89' lang='lat' dir='ltr'><strong>ac</strong></span> <span class='ocrx_word' id='word_1_604' title='bbox 1668 1731 1708 1758; x_wconf 90' lang='lat' dir='ltr'><strong>Ia-</strong></span> 
     </span>
    </p>
   </div>
   <div class='ocr_carea' id='block_1_80' title="bbox 918 1776 1710 1812">
    <p class='ocr_par' dir='ltr' id='par_1_80' title="bbox 918 1776 1710 1812">
     <span class='ocr_line' id='line_1_80' title="bbox 918 1776 1710 1812; baseline 0 -7"><span class='ocrx_word' id='word_1_605' title='bbox 918 1778 1042 1810; x_wconf 89' lang='lat' dir='ltr'><strong>boribus,</strong></span> <span class='ocrx_word' id='word_1_606' title='bbox 1057 1782 1085 1804; x_wconf 91' lang='lat' dir='ltr'><strong>ut</strong></span> <span class='ocrx_word' id='word_1_607' title='bbox 1101 1776 1222 1811; x_wconf 90' lang='lat' dir='ltr'><strong>quandiu</strong></span> <span class='ocrx_word' id='word_1_608' title='bbox 1249 1783 1369 1810; x_wconf 68' lang='lat' dir='ltr'><strong>praesens</strong></span> <span class='ocrx_word' id='word_1_609' title='bbox 1396 1777 1485 1812; x_wconf 76' lang='lat' dir='ltr'><strong>agitur</strong></span> <span class='ocrx_word' id='word_1_610' title='bbox 1509 1777 1576 1809; x_wconf 85' lang='lat' dir='ltr'><strong>vita.</strong></span> <span class='ocrx_word' id='word_1_611' title='bbox 1600 1785 1710 1806; x_wconf 85' lang='lat' dir='ltr'><strong>cocmas</strong></span> 
     </span>
    </p>
   </div>
   <div class='ocr_carea' id='block_1_81' title="bbox 918 1822 1708 1859">
    <p class='ocr_par' dir='ltr' id='par_1_81' title="bbox 918 1822 1708 1859">
     <span class='ocr_line' id='line_1_81' title="bbox 918 1822 1708 1859; baseline 0 -8"><span class='ocrx_word' id='word_1_612' title='bbox 918 1832 1032 1859; x_wconf 82' lang='lat' dir='ltr'><strong>regnum</strong></span> <span class='ocrx_word' id='word_1_613' title='bbox 1048 1824 1192 1850; x_wconf 72' lang='lat' dir='ltr'><strong>cmlorum.</strong></span> <span class='ocrx_word' id='word_1_614' title='bbox 1209 1822 1265 1849; x_wconf 92' lang='lat' dir='ltr'><strong>Cur</strong></span> <span class='ocrx_word' id='word_1_615' title='bbox 1283 1826 1309 1850; x_wconf 92' lang='lat' dir='ltr'><strong>te</strong></span> <span class='ocrx_word' id='word_1_616' title='bbox 1325 1823 1392 1849; x_wconf 88' lang='lat' dir='ltr'><strong>adeo</strong></span> <span class='ocrx_word' id='word_1_617' title='bbox 1407 1826 1533 1850; x_wconf 88' lang='lat' dir='ltr'><strong>recreant</strong></span> <span class='ocrx_word' id='word_1_618' title='bbox 1545 1823 1631 1858; x_wconf 84' lang='lat' dir='ltr'><strong>lapilli</strong></span> <span class='ocrx_word' id='word_1_619' title='bbox 1647 1832 1708 1859; x_wconf 90' lang='lat' dir='ltr'><strong>pre-</strong></span> 
     </span>
    </p>
   </div>
   <div class='ocr_carea' id='block_1_82' title="bbox 917 1868 1709 1904">
    <p class='ocr_par' dir='ltr' id='par_1_82' title="bbox 917 1868 1709 1904">
     <span class='ocr_line' id='line_1_82' title="bbox 917 1868 1709 1904; baseline 0.001 -8"><span class='ocrx_word' id='word_1_620' title='bbox 917 1870 981 1897; x_wconf 87' lang='lat' dir='ltr'><strong>tiosi</strong></span> <span class='ocrx_word' id='word_1_621' title='bbox 1005 1873 1033 1897; x_wconf 87' lang='lat' dir='ltr'><strong>et</strong></span> <span class='ocrx_word' id='word_1_622' title='bbox 1055 1869 1204 1903; x_wconf 79' lang='lat' dir='ltr'><strong>smaragdi,</strong></span> <span class='ocrx_word' id='word_1_623' title='bbox 1217 1868 1372 1903; x_wconf 87' lang='lat' dir='ltr'><strong>domusque</strong></span> <span class='ocrx_word' id='word_1_624' title='bbox 1396 1869 1467 1903; x_wconf 82' lang='lat' dir='ltr'><strong>ignis</strong></span> <span class='ocrx_word' id='word_1_625' title='bbox 1491 1869 1633 1904; x_wconf 85' lang='lat' dir='ltr'><strong>pabulum,</strong></span> <span class='ocrx_word' id='word_1_626' title='bbox 1651 1870 1709 1897; x_wconf 84' lang='lat' dir='ltr'><strong>sive</strong></span> 
     </span>
    </p>
   </div>
   <div class='ocr_carea' id='block_1_83' title="bbox 919 1915 1710 1951">
    <p class='ocr_par' dir='ltr' id='par_1_83' title="bbox 919 1915 1710 1951">
     <span class='ocr_line' id='line_1_83' title="bbox 919 1915 1710 1951; baseline 0.001 -9"><span class='ocrx_word' id='word_1_627' title='bbox 919 1915 1050 1951; x_wconf 86' lang='lat' dir='ltr'><strong>temporis</strong></span> <span class='ocrx_word' id='word_1_628' title='bbox 1066 1915 1224 1947; x_wconf 88' lang='lat' dir='ltr'><strong>ludibrium,</strong></span> <span class='ocrx_word' id='word_1_629' title='bbox 1244 1919 1291 1941; x_wconf 89' lang='lat' dir='ltr'><strong>aut</strong></span> <span class='ocrx_word' id='word_1_630' title='bbox 1309 1919 1388 1941; x_wconf 74' lang='lat' dir='ltr'><strong>terra:</strong></span> <span class='ocrx_word' id='word_1_631' title='bbox 1406 1919 1497 1942; x_wconf 88' lang='lat' dir='ltr'><strong>motus</strong></span> <span class='ocrx_word' id='word_1_632' title='bbox 1512 1915 1587 1942; x_wconf 86' lang='lat' dir='ltr'><strong>aliud</strong></span> <span class='ocrx_word' id='word_1_633' title='bbox 1603 1917 1710 1951; x_wconf 77' lang='lat' dir='ltr'><strong>agentis</strong></span> 
     </span>
    </p>
   </div>
   <div class='ocr_carea' id='block_1_84' title="bbox 917 1961 1708 1996">
    <p class='ocr_par' dir='ltr' id='par_1_84' title="bbox 917 1961 1708 1996">
     <span class='ocr_line' id='line_1_84' title="bbox 917 1961 1708 1996; baseline 0 -7"><span class='ocrx_word' id='word_1_634' title='bbox 917 1961 1063 1992; x_wconf 80' lang='lat' dir='ltr'><strong>excidium,</strong></span> <span class='ocrx_word' id='word_1_635' title='bbox 1080 1965 1127 1988; x_wconf 91' lang='lat' dir='ltr'><strong>aut</strong></span> <span class='ocrx_word' id='word_1_636' title='bbox 1146 1961 1257 1996; x_wconf 89' lang='lat' dir='ltr'><strong>tyranni</strong></span> <span class='ocrx_word' id='word_1_637' title='bbox 1272 1961 1392 1996; x_wconf 82' lang='lat' dir='ltr'><strong>injuria?</strong></span> <span class='ocrx_word' id='word_1_638' title='bbox 1405 1961 1432 1987; x_wconf 89' lang='lat' dir='ltr'><strong>in</strong></span> <span class='ocrx_word' id='word_1_639' title='bbox 1444 1962 1516 1988; x_wconf 86' lang='lat' dir='ltr'><strong>votis</strong></span> <span class='ocrx_word' id='word_1_640' title='bbox 1539 1961 1639 1988; x_wconf 88' lang='lat' dir='ltr'><strong>habeto</strong></span> <span class='ocrx_word' id='word_1_641' title='bbox 1651 1968 1708 1989; x_wconf 70' lang='lat' dir='ltr'><strong>coa-</strong></span> 
     </span>
    </p>
   </div>
   <div class='ocr_carea' id='block_1_85' title="bbox 917 2007 1708 2042">
    <p class='ocr_par' dir='ltr' id='par_1_85' title="bbox 917 2007 1708 2042">
     <span class='ocr_line' id='line_1_85' title="bbox 917 2007 1708 2042; baseline -0.001 -6"><span class='ocrx_word' id='word_1_642' title='bbox 917 2009 1007 2036; x_wconf 92' lang='lat' dir='ltr'><strong>lorum</strong></span> <span class='ocrx_word' id='word_1_643' title='bbox 1026 2007 1214 2035; x_wconf 87' lang='lat' dir='ltr'><strong>habitaculum</strong></span> <span class='ocrx_word' id='word_1_644' title='bbox 1227 2011 1254 2035; x_wconf 89' lang='lat' dir='ltr'><strong>et</strong></span> <span class='ocrx_word' id='word_1_645' title='bbox 1269 2011 1299 2034; x_wconf 87' lang='lat' dir='ltr'><strong>ut</strong></span> <span class='ocrx_word' id='word_1_646' title='bbox 1315 2015 1414 2042; x_wconf 80' lang='lat' dir='ltr'><strong>regnes</strong></span> <span class='ocrx_word' id='word_1_647' title='bbox 1424 2015 1487 2034; x_wconf 91' lang='lat' dir='ltr'><strong>cum</strong></span> <span class='ocrx_word' id='word_1_648' title='bbox 1503 2007 1568 2035; x_wconf 88' lang='lat' dir='ltr'><strong>Deo.</strong></span> <span class='ocrx_word' id='word_1_649' title='bbox 1588 2007 1644 2034; x_wconf 87' lang='lat' dir='ltr'><strong>Hoc</strong></span> <span class='ocrx_word' id='word_1_650' title='bbox 1658 2007 1708 2035; x_wconf 85' lang='lat' dir='ltr'><strong>tibi</strong></span> 
     </span>
    </p>
   </div>
   <div class='ocr_carea' id='block_1_86' title="bbox 917 2053 1709 2090">
    <p class='ocr_par' dir='ltr' id='par_1_86' title="bbox 917 2053 1709 2090">
     <span class='ocr_line' id='line_1_86' title="bbox 917 2053 1709 2090; baseline -0.004 -7"><span class='ocrx_word' id='word_1_651' title='bbox 917 2062 1031 2090; x_wconf 76' lang='lat' dir='ltr'><strong>regnum</strong></span> <span class='ocrx_word' id='word_1_652' title='bbox 1047 2054 1129 2081; x_wconf 93' lang='lat' dir='ltr'><strong>homo</strong></span> <span class='ocrx_word' id='word_1_653' title='bbox 1146 2054 1231 2086; x_wconf 90' lang='lat' dir='ltr'><strong>dabit,</strong></span> <span class='ocrx_word' id='word_1_654' title='bbox 1245 2053 1330 2081; x_wconf 90' lang='lat' dir='ltr'><strong>Deum</strong></span> <span class='ocrx_word' id='word_1_655' title='bbox 1343 2053 1463 2081; x_wconf 88' lang='lat' dir='ltr'><strong>imitans.</strong></span> <span class='ocrx_word' id='word_1_656' title='bbox 1476 2053 1536 2085; x_wconf 90' lang='lat' dir='ltr'><strong>Hic,</strong></span> <span class='ocrx_word' id='word_1_657' title='bbox 1552 2060 1613 2088; x_wconf 87' lang='lat' dir='ltr'><strong>quae</strong></span> <span class='ocrx_word' id='word_1_658' title='bbox 1623 2060 1709 2088; x_wconf 84' lang='lat' dir='ltr'><strong>parva</strong></span> 
     </span>
    </p>
   </div>
   <div class='ocr_carea' id='block_1_87' title="bbox 917 2099 1709 2135">
    <p class='ocr_par' dir='ltr' id='par_1_87' title="bbox 917 2099 1709 2135">
     <span class='ocr_line' id='line_1_87' title="bbox 917 2099 1709 2135; baseline -0.005 -6"><span class='ocrx_word' id='word_1_659' title='bbox 917 2106 981 2130; x_wconf 91' lang='lat' dir='ltr'><strong>sunt</strong></span> <span class='ocrx_word' id='word_1_660' title='bbox 998 2100 1128 2135; x_wconf 85' lang='lat' dir='ltr'><strong>acceptis,</strong></span> <span class='ocrx_word' id='word_1_661' title='bbox 1143 2100 1180 2127; x_wconf 88' lang='lat' dir='ltr'><strong>ibi</strong></span> <span class='ocrx_word' id='word_1_662' title='bbox 1199 2105 1224 2127; x_wconf 92' lang='lat' dir='ltr'><strong>te</strong></span> <span class='ocrx_word' id='word_1_663' title='bbox 1239 2107 1288 2134; x_wconf 89' lang='lat' dir='ltr'><strong>per</strong></span> <span class='ocrx_word' id='word_1_664' title='bbox 1305 2099 1396 2126; x_wconf 88' lang='lat' dir='ltr'><strong>omnia</strong></span> <span class='ocrx_word' id='word_1_665' title='bbox 1409 2099 1510 2127; x_wconf 67' lang='lat' dir='ltr'><strong>saacula</strong></span> <span class='ocrx_word' id='word_1_666' title='bbox 1524 2099 1709 2126; x_wconf 83' lang='lat' dir='ltr'><strong>contuberna-</strong></span> 
     </span>
    </p>
   </div>
   <div class='ocr_carea' id='block_1_88' title="bbox 917 2145 1705 2182">
    <p class='ocr_par' dir='ltr' id='par_1_88' title="bbox 917 2145 1705 2182">
     <span class='ocr_line' id='line_1_88' title="bbox 917 2145 1705 2182; baseline -0.006 -6"><span class='ocrx_word' id='word_1_667' title='bbox 917 2149 969 2176; x_wconf 87' lang='lat' dir='ltr'><strong>lem</strong></span> <span class='ocrx_word' id='word_1_668' title='bbox 981 2147 1085 2176; x_wconf 81' lang='lat' dir='ltr'><strong>efliciet.</strong></span> <span class='ocrx_word' id='word_1_669' title='bbox 1096 2147 1224 2182; x_wconf 89' lang='lat' dir='ltr'><strong>Supplica</strong></span> <span class='ocrx_word' id='word_1_670' title='bbox 1233 2150 1262 2173; x_wconf 92' lang='lat' dir='ltr'><strong>ut</strong></span> <span class='ocrx_word' id='word_1_671' title='bbox 1275 2145 1391 2180; x_wconf 86' lang='lat' dir='ltr'><strong>accipiat</strong></span> <span class='ocrx_word' id='word_1_672' title='bbox 1401 2145 1524 2178; x_wconf 89' lang='lat' dir='ltr'><strong>;festina,</strong></span> <span class='ocrx_word' id='word_1_673' title='bbox 1537 2145 1642 2172; x_wconf 81' lang='lat' dir='ltr'><strong>enitere</strong></span> <span class='ocrx_word' id='word_1_674' title='bbox 1654 2153 1662 2178; x_wconf 90' lang='lat'><strong>;</strong></span> <span class='ocrx_word' id='word_1_675' title='bbox 1675 2147 1705 2176; x_wconf 59' lang='grc' dir='ltr'><strong>ᾖ(</strong></span> 
     </span>
    </p>
   </div>
   <div class='ocr_carea' id='block_1_89' title="bbox 917 2191 1707 2228">
    <p class='ocr_par' dir='ltr' id='par_1_89' title="bbox 917 2191 1707 2228">
     <span class='ocr_line' id='line_1_89' title="bbox 917 2191 1707 2228; baseline -0.003 -7"><span class='ocrx_word' id='word_1_676' title='bbox 917 2195 983 2222; x_wconf 90' lang='lat' dir='ltr'><strong>time</strong></span> <span class='ocrx_word' id='word_1_677' title='bbox 1006 2201 1040 2221; x_wconf 90' lang='lat' dir='ltr'><strong>ne</strong></span> <span class='ocrx_word' id='word_1_678' title='bbox 1065 2197 1091 2221; x_wconf 90' lang='lat' dir='ltr'><strong>te</strong></span> <span class='ocrx_word' id='word_1_679' title='bbox 1117 2193 1163 2221; x_wconf 89' lang='lat' dir='ltr'><strong>ille</strong></span> <span class='ocrx_word' id='word_1_680' title='bbox 1189 2197 1312 2228; x_wconf 87' lang='lat' dir='ltr'><strong>spernat.</strong></span> <span class='ocrx_word' id='word_1_681' title='bbox 1331 2192 1385 2219; x_wconf 86' lang='lat' dir='ltr'><strong>Nec</strong></span> <span class='ocrx_word' id='word_1_682' title='bbox 1397 2192 1469 2220; x_wconf 90' lang='lat' dir='ltr'><strong>enim</strong></span> <span class='ocrx_word' id='word_1_683' title='bbox 1486 2192 1509 2219; x_wconf 88' lang='lat' dir='ltr'><strong>is</strong></span> <span class='ocrx_word' id='word_1_684' title='bbox 1525 2192 1552 2218; x_wconf 91' lang='lat' dir='ltr'><strong>in</strong></span> <span class='ocrx_word' id='word_1_685' title='bbox 1569 2191 1707 2219; x_wconf 81' lang='lat' dir='ltr'><strong>mandatis</strong></span> 
     </span>
    </p>
   </div>
   <div class='ocr_carea' id='block_1_90' title="bbox 73 2238 867 2275">
    <p class='ocr_par' dir='ltr' id='par_1_90' title="bbox 73 2239 867 2275">
     <span class='ocr_line' id='line_1_90' title="bbox 73 2239 867 2275; baseline 0 -9"><span class='ocrx_word' id='word_1_686' title='bbox 73 2239 246 2273; x_wconf 70' lang='grc' dir='ltr'><strong>βοήθησον·</strong></span> <span class='ocrx_word' id='word_1_687' title='bbox 277 2241 370 2268; x_wconf 81' lang='grc' dir='ltr'>Φίλον</span> <span class='ocrx_word' id='word_1_688' title='bbox 383 2241 412 2267; x_wconf 88' lang='grc' dir='ltr'>δὲ</span> <span class='ocrx_word' id='word_1_689' title='bbox 439 2242 572 2275; x_wconf 77' lang='grc' dir='ltr'>ποίησαι.</span> <span class='ocrx_word' id='word_1_690' title='bbox 584 2241 613 2268; x_wconf 86' lang='lat'><strong>&#39;0</strong></span> <span class='ocrx_word' id='word_1_691' title='bbox 636 2241 664 2267; x_wconf 86' lang='grc' dir='ltr'>δὲ</span> <span class='ocrx_word' id='word_1_692' title='bbox 683 2240 758 2275; x_wconf 83' lang='grc' dir='ltr'>φίλος</span> <span class='ocrx_word' id='word_1_693' title='bbox 772 2240 822 2266; x_wconf 85' lang='grc' dir='ltr'><strong>οὐκ</strong></span> <span class='ocrx_word' id='word_1_694' title='bbox 835 2240 867 2266; x_wconf 80' lang='grc' dir='ltr'><strong>ὲκ</strong></span> 
     </span>
    </p>
   </div>
   <div class='ocr_carea' id='block_1_91' title="bbox 922 2238 1705 2275">
    <p class='ocr_par' dir='ltr' id='par_1_91' title="bbox 922 2238 1705 2275">
     <span class='ocr_line' id='line_1_91' title="bbox 922 2238 1705 2275; baseline -0.004 -8"><span class='ocrx_word' id='word_1_695' title='bbox 922 2241 1001 2268; x_wconf 87' lang='lat' dir='ltr'><strong>habet</strong></span> <span class='ocrx_word' id='word_1_696' title='bbox 1017 2243 1047 2267; x_wconf 88' lang='lat' dir='ltr'><strong>ut</strong></span> <span class='ocrx_word' id='word_1_697' title='bbox 1063 2239 1190 2275; x_wconf 83' lang='lat' dir='ltr'><strong>accipiat,</strong></span> <span class='ocrx_word' id='word_1_698' title='bbox 1209 2239 1257 2267; x_wconf 90' lang='lat' dir='ltr'><strong>sed</strong></span> <span class='ocrx_word' id='word_1_699' title='bbox 1274 2243 1303 2266; x_wconf 93' lang='lat' dir='ltr'><strong>tu</strong></span> <span class='ocrx_word' id='word_1_700' title='bbox 1318 2244 1347 2266; x_wconf 94' lang='lat' dir='ltr'><strong>ut</strong></span> <span class='ocrx_word' id='word_1_701' title='bbox 1363 2239 1496 2274; x_wconf 65' lang='lat' dir='ltr'><strong>praebeas.</strong></span> <span class='ocrx_word' id='word_1_702' title='bbox 1513 2238 1584 2271; x_wconf 88' lang='lat' dir='ltr'><strong>Quin</strong></span> <span class='ocrx_word' id='word_1_703' title='bbox 1602 2245 1636 2265; x_wconf 91' lang='lat' dir='ltr'><strong>ne</strong></span> <span class='ocrx_word' id='word_1_704' title='bbox 1653 2238 1705 2265; x_wconf 88' lang='lat' dir='ltr'><strong>hoc</strong></span> 
     </span>
    </p>
   </div>
   <div class='ocr_carea' id='block_1_92' title="bbox 78 2283 867 2323">
    <p class='ocr_par' dir='ltr' id='par_1_92' title="bbox 78 2285 862 2323">
     <span class='ocr_line' id='line_1_92' title="bbox 78 2285 862 2323; baseline 0 -11"><span class='ocrx_word' id='word_1_705' title='bbox 78 2286 143 2321; x_wconf 71' lang='grc' dir='ltr'>μιᾶς</span> <span class='ocrx_word' id='word_1_706' title='bbox 156 2285 266 2319; x_wconf 87' lang='grc' dir='ltr'>δόσεως,</span> <span class='ocrx_word' id='word_1_707' title='bbox 295 2286 362 2313; x_wconf 85' lang='grc' dir='ltr'><strong>ἀλλά</strong></span> <span class='ocrx_word' id='word_1_708' title='bbox 382 2287 526 2319; x_wconf 86' lang='grc' dir='ltr'>συνουσίας</span> <span class='ocrx_word' id='word_1_709' title='bbox 554 2288 672 2323; x_wconf 76' lang='grc' dir='ltr'>μακρᾶς.</span> <span class='ocrx_word' id='word_1_710' title='bbox 698 2287 765 2314; x_wconf 82' lang='grc' dir='ltr'><strong>Οὐδὲ</strong></span> <span class='ocrx_word' id='word_1_711' title='bbox 781 2285 862 2322; x_wconf 80' lang='grc' dir='ltr'>γάρή</span> 
     </span>
    </p>
   </div>
   <div class='ocr_carea' id='block_1_93' title="bbox 922 2283 1706 2323">
    <p class='ocr_par' dir='ltr' id='par_1_93' title="bbox 922 2283 1706 2322">
     <span class='ocr_line' id='line_1_93' title="bbox 922 2283 1706 2322; baseline -0.005 -8"><span class='ocrx_word' id='word_1_712' title='bbox 922 2287 1025 2322; x_wconf 61' lang='lat' dir='ltr'><strong>quidem</strong></span> <span class='ocrx_word' id='word_1_713' title='bbox 1047 2286 1115 2313; x_wconf 86' lang='lat' dir='ltr'><strong>dixit</strong></span> <span class='ocrx_word' id='word_1_714' title='bbox 1138 2285 1281 2317; x_wconf 90' lang='lat' dir='ltr'><strong>Dominus,</strong></span> <span class='ocrx_word' id='word_1_715' title='bbox 1308 2285 1382 2317; x_wconf 90' lang='lat' dir='ltr'><strong>dato,</strong></span> <span class='ocrx_word' id='word_1_716' title='bbox 1401 2285 1502 2320; x_wconf 59' lang='lat' dir='ltr'><strong>praebe,</strong></span> <span class='ocrx_word' id='word_1_717' title='bbox 1527 2283 1706 2311; x_wconf 86' lang='lat' dir='ltr'><strong>beneﬁcentia</strong></span> 
     </span>
    </p>
   </div>
   <div class='ocr_carea' id='block_1_94' title="bbox 76 2329 867 2369">
    <p class='ocr_par' dir='ltr' id='par_1_94' title="bbox 76 2331 864 2369">
     <span class='ocr_line' id='line_1_94' title="bbox 76 2331 864 2369; baseline 0 -11"><span class='ocrx_word' id='word_1_718' title='bbox 76 2331 178 2363; x_wconf 83' lang='grc' dir='ltr'>πίστις,</span> <span class='ocrx_word' id='word_1_719' title='bbox 191 2332 251 2358; x_wconf 82' lang='grc' dir='ltr'>οὐδὲ</span> <span class='ocrx_word' id='word_1_720' title='bbox 265 2333 281 2368; x_wconf 86' lang='grc' dir='ltr'>ἡ</span> <span class='ocrx_word' id='word_1_721' title='bbox 294 2333 397 2368; x_wconf 86' lang='grc' dir='ltr'>ἀγάπη,</span> <span class='ocrx_word' id='word_1_722' title='bbox 413 2333 472 2360; x_wconf 76' lang='grc' dir='ltr'>οὐδὲ</span> <span class='ocrx_word' id='word_1_723' title='bbox 487 2334 503 2368; x_wconf 87' lang='grc' dir='ltr'>ὴ</span> <span class='ocrx_word' id='word_1_724' title='bbox 519 2333 653 2369; x_wconf 80' lang='grc' dir='ltr'>καρτερία</span> <span class='ocrx_word' id='word_1_725' title='bbox 670 2334 734 2368; x_wconf 86' lang='grc' dir='ltr'>μιᾶς</span> <span class='ocrx_word' id='word_1_726' title='bbox 747 2331 864 2368; x_wconf 81' lang='grc' dir='ltr'>ἡμέρας,</span> 
     </span>
    </p>
   </div>
   <div class='ocr_carea' id='block_1_95' title="bbox 922 2329 1707 2369">
    <p class='ocr_par' dir='ltr' id='par_1_95' title="bbox 922 2329 1707 2364">
     <span class='ocr_line' id='line_1_95' title="bbox 922 2329 1707 2364; baseline -0.005 -4"><span class='ocrx_word' id='word_1_727' title='bbox 922 2337 1002 2364; x_wconf 78' lang='lat' dir='ltr'><strong>itere,</strong></span> <span class='ocrx_word' id='word_1_728' title='bbox 1019 2332 1119 2359; x_wconf 78' lang='lat' dir='ltr'><strong>auxilio</strong></span> <span class='ocrx_word' id='word_1_729' title='bbox 1139 2331 1210 2362; x_wconf 88' lang='lat' dir='ltr'><strong>fove,</strong></span> <span class='ocrx_word' id='word_1_730' title='bbox 1237 2331 1282 2358; x_wconf 89' lang='lat' dir='ltr'><strong>sed</strong></span> <span class='ocrx_word' id='word_1_731' title='bbox 1299 2341 1305 2358; x_wconf 93' lang='lat'><strong>:</strong></span> <span class='ocrx_word' id='word_1_732' title='bbox 1325 2340 1334 2356; x_wconf 80' lang='grc' dir='ltr'><strong>ι</strong></span> <span class='ocrx_word' id='word_1_733' title='bbox 1348 2330 1402 2358; x_wconf 89' lang='lat' dir='ltr'><strong>Fac</strong></span> <span class='ocrx_word' id='word_1_734' title='bbox 1429 2331 1548 2357; x_wconf 87' lang='lat' dir='ltr'><strong>amicum</strong></span> <span class='ocrx_word' id='word_1_735' title='bbox 1561 2336 1586 2358; x_wconf 74' lang='grc' dir='ltr'>θ.</span> <span class='ocrx_word' id='word_1_736' title='bbox 1599 2339 1609 2355; x_wconf 72' lang='grc' dir='ltr'><strong>ι</strong></span> <span class='ocrx_word' id='word_1_737' title='bbox 1629 2329 1707 2356; x_wconf 90' lang='lat' dir='ltr'><strong>Ami-</strong></span> 
     </span>
    </p>
   </div>
   <div class='ocr_carea' id='block_1_96' title="bbox 75 2375 867 2415">
    <p class='ocr_par' dir='ltr' id='par_1_96' title="bbox 75 2375 801 2415">
     <span class='ocr_line' id='line_1_96' title="bbox 75 2375 801 2415; baseline -0.001 -10"><span class='ocrx_word' id='word_1_738' title='bbox 75 2378 133 2405; x_wconf 75' lang='grc' dir='ltr'>ἀλλ’</span> <span class='ocrx_word' id='word_1_739' title='bbox 153 2387 163 2405; x_wconf 79' lang='grc' dir='ltr'><strong>ι</strong></span> <span class='ocrx_word' id='word_1_740' title='bbox 172 2380 187 2405; x_wconf 84' lang='grc' dir='ltr'>ὁ</span> <span class='ocrx_word' id='word_1_741' title='bbox 200 2378 349 2414; x_wconf 79' lang='grc' dir='ltr'>ὑπομείνας</span> <span class='ocrx_word' id='word_1_742' title='bbox 363 2380 403 2410; x_wconf 77' lang='grc' dir='ltr'>εὶς</span> <span class='ocrx_word' id='word_1_743' title='bbox 418 2379 504 2411; x_wconf 81' lang='grc' dir='ltr'>τέλος,</span> <span class='ocrx_word' id='word_1_744' title='bbox 524 2375 602 2411; x_wconf 70' lang='grc' dir='ltr'>οὗτος</span> <span class='ocrx_word' id='word_1_745' title='bbox 616 2380 776 2415; x_wconf 83' lang='grc' dir='ltr'>σωθήσεται.</span> <span class='ocrx_word' id='word_1_746' title='bbox 791 2388 801 2404; x_wconf 86' lang='grc'><strong>›</strong></span> 
     </span>
    </p>
   </div>
   <div class='ocr_carea' id='block_1_97' title="bbox 922 2375 1706 2415">
    <p class='ocr_par' dir='ltr' id='par_1_97' title="bbox 922 2376 1706 2412">
     <span class='ocr_line' id='line_1_97' title="bbox 922 2376 1706 2412; baseline -0.004 -6"><span class='ocrx_word' id='word_1_747' title='bbox 922 2386 964 2406; x_wconf 80' lang='lat' dir='ltr'><strong>:us</strong></span> <span class='ocrx_word' id='word_1_748' title='bbox 985 2383 1086 2410; x_wconf 88' lang='lat' dir='ltr'><strong>autem,</strong></span> <span class='ocrx_word' id='word_1_749' title='bbox 1107 2386 1164 2405; x_wconf 91' lang='lat' dir='ltr'><strong>non</strong></span> <span class='ocrx_word' id='word_1_750' title='bbox 1189 2385 1243 2404; x_wconf 91' lang='lat' dir='ltr'><strong>una</strong></span> <span class='ocrx_word' id='word_1_751' title='bbox 1267 2377 1411 2412; x_wconf 82' lang='lat' dir='ltr'><strong>largitione</strong></span> <span class='ocrx_word' id='word_1_752' title='bbox 1436 2384 1484 2404; x_wconf 93' lang='lat' dir='ltr'><strong>seu</strong></span> <span class='ocrx_word' id='word_1_753' title='bbox 1514 2384 1639 2409; x_wconf 88' lang='lat' dir='ltr'><strong>munere,</strong></span> <span class='ocrx_word' id='word_1_754' title='bbox 1658 2376 1706 2404; x_wconf 90' lang='lat' dir='ltr'><strong>sed</strong></span> 
     </span>
    </p>
   </div>
   <div class='ocr_carea' id='block_1_98' title="bbox 77 2421 1706 2461">
    <p class='ocr_par' dir='ltr' id='par_1_98' title="bbox 77 2421 1706 2461">
     <span class='ocr_line' id='line_1_98' title="bbox 77 2421 1706 2461; baseline -0.001 -10"><span class='ocrx_word' id='word_1_755' title='bbox 77 2425 156 2460; x_wconf 74' lang='lat' dir='ltr'><strong>longa</strong></span> <span class='ocrx_word' id='word_1_756' title='bbox 173 2425 357 2453; x_wconf 88' lang='lat' dir='ltr'><strong>familiaritate</strong></span> <span class='ocrx_word' id='word_1_757' title='bbox 372 2430 527 2461; x_wconf 65' lang='lat' dir='ltr'><strong>praestatur.</strong></span> <span class='ocrx_word' id='word_1_758' title='bbox 544 2425 611 2452; x_wconf 84' lang='lat' dir='ltr'><strong>Nam</strong></span> <span class='ocrx_word' id='word_1_759' title='bbox 626 2434 714 2460; x_wconf 89' lang='lat' dir='ltr'><strong>neque</strong></span> <span class='ocrx_word' id='word_1_760' title='bbox 730 2425 797 2454; x_wconf 89' lang='lat' dir='ltr'><strong>ﬁdes</strong></span> <span class='ocrx_word' id='word_1_761' title='bbox 817 2428 863 2452; x_wconf 92' lang='lat' dir='ltr'><strong>aut</strong></span> <span class='ocrx_word' id='word_1_762' title='bbox 881 2425 1001 2454; x_wconf 89' lang='lat' dir='ltr'><strong>charitas</strong></span> <span class='ocrx_word' id='word_1_763' title='bbox 1028 2429 1076 2452; x_wconf 90' lang='lat' dir='ltr'><strong>aut</strong></span> <span class='ocrx_word' id='word_1_764' title='bbox 1105 2425 1251 2451; x_wconf 89' lang='lat' dir='ltr'><strong>tolerantia</strong></span> <span class='ocrx_word' id='word_1_765' title='bbox 1281 2424 1362 2451; x_wconf 92' lang='lat' dir='ltr'><strong>unius</strong></span> <span class='ocrx_word' id='word_1_766' title='bbox 1388 2423 1442 2450; x_wconf 91' lang='lat' dir='ltr'><strong>diei</strong></span> <span class='ocrx_word' id='word_1_767' title='bbox 1458 2426 1511 2456; x_wconf 88' lang='lat' dir='ltr'><strong>est,</strong></span> <span class='ocrx_word' id='word_1_768' title='bbox 1547 2423 1595 2450; x_wconf 89' lang='lat' dir='ltr'><strong>sed</strong></span> <span class='ocrx_word' id='word_1_769' title='bbox 1619 2431 1628 2448; x_wconf 83' lang='grc' dir='ltr'><strong>ι</strong></span> <span class='ocrx_word' id='word_1_770' title='bbox 1657 2421 1706 2458; x_wconf 81' lang='lat' dir='ltr'><strong>qui</strong></span> 
     </span>
    </p>
   </div>
   <div class='ocr_carea' id='block_1_99' title="bbox 77 2471 756 2508">
    <p class='ocr_par' dir='ltr' id='par_1_99' title="bbox 77 2471 756 2508">
     <span class='ocr_line' id='line_1_99' title="bbox 77 2471 756 2508; baseline 0 -10"><span class='ocrx_word' id='word_1_771' title='bbox 77 2471 261 2508; x_wconf 87' lang='lat' dir='ltr'><strong>perseveravit</strong></span> <span class='ocrx_word' id='word_1_772' title='bbox 277 2479 364 2506; x_wconf 90' lang='lat' dir='ltr'><strong>usque</strong></span> <span class='ocrx_word' id='word_1_773' title='bbox 379 2473 405 2499; x_wconf 91' lang='lat' dir='ltr'><strong>in</strong></span> <span class='ocrx_word' id='word_1_774' title='bbox 424 2472 516 2505; x_wconf 91' lang='lat' dir='ltr'><strong>ﬁnem,</strong></span> <span class='ocrx_word' id='word_1_775' title='bbox 534 2472 625 2499; x_wconf 86' lang='lat' dir='ltr'><strong>salvus</strong></span> <span class='ocrx_word' id='word_1_776' title='bbox 644 2471 697 2499; x_wconf 91' lang='lat' dir='ltr'><strong>erit</strong></span> <span class='ocrx_word' id='word_1_777' title='bbox 709 2471 731 2498; x_wconf 67' lang='grc' dir='ltr'>τ.</span> <span class='ocrx_word' id='word_1_778' title='bbox 747 2481 756 2497; x_wconf 73' lang='grc' dir='ltr'><strong>ι</strong></span> 
     </span>
    </p>
   </div>
   <div class='ocr_carea' id='block_1_100' title="bbox 111 2516 864 2554">
    <p class='ocr_par' dir='ltr' id='par_1_100' title="bbox 111 2516 864 2554">
     <span class='ocr_line' id='line_1_100' title="bbox 111 2516 864 2554; baseline 0 -9"><span class='ocrx_word' id='word_1_779' title='bbox 111 2518 171 2545; x_wconf 80' lang='lat' dir='ltr'><strong>Al&quot;.</strong></span> <span class='ocrx_word' id='word_1_780' title='bbox 186 2517 248 2549; x_wconf 86' lang='grc' dir='ltr'>Πῶς</span> <span class='ocrx_word' id='word_1_781' title='bbox 270 2516 317 2545; x_wconf 80' lang='grc' dir='ltr'><strong>οὖν</strong></span> <span class='ocrx_word' id='word_1_782' title='bbox 339 2518 353 2543; x_wconf 86' lang='grc' dir='ltr'>ὁ</span> <span class='ocrx_word' id='word_1_783' title='bbox 378 2519 520 2554; x_wconf 79' lang='grc' dir='ltr'>ἄνθρωπος</span> <span class='ocrx_word' id='word_1_784' title='bbox 544 2518 630 2545; x_wconf 87' lang='grc' dir='ltr'>ταῦτα</span> <span class='ocrx_word' id='word_1_785' title='bbox 657 2517 765 2550; x_wconf 82' lang='grc' dir='ltr'>δίδωσι;</span> <span class='ocrx_word' id='word_1_786' title='bbox 780 2517 864 2545; x_wconf 86' lang='grc' dir='ltr'>Δώσω</span> 
     </span>
    </p>
   </div>
   <div class='ocr_carea' id='block_1_101' title="bbox 75 2564 864 2600">
    <p class='ocr_par' dir='ltr' id='par_1_101' title="bbox 75 2564 864 2600">
     <span class='ocr_line' id='line_1_101' title="bbox 75 2564 864 2600; baseline 0 -9"><span class='ocrx_word' id='word_1_787' title='bbox 75 2564 132 2600; x_wconf 65' lang='grc' dir='ltr'><strong>γὰρ</strong></span> <span class='ocrx_word' id='word_1_788' title='bbox 144 2564 173 2590; x_wconf 81' lang='grc' dir='ltr'>οὐ</span> <span class='ocrx_word' id='word_1_789' title='bbox 193 2565 273 2599; x_wconf 85' lang='grc' dir='ltr'>μόνον</span> <span class='ocrx_word' id='word_1_790' title='bbox 296 2566 351 2596; x_wconf 80' lang='grc' dir='ltr'>τοῖς</span> <span class='ocrx_word' id='word_1_791' title='bbox 374 2565 472 2599; x_wconf 83' lang='grc' dir='ltr'>φίλοις,</span> <span class='ocrx_word' id='word_1_792' title='bbox 486 2564 554 2591; x_wconf 83' lang='grc' dir='ltr'>ἀλλὰ</span> <span class='ocrx_word' id='word_1_793' title='bbox 567 2565 614 2591; x_wconf 58' lang='grc' dir='ltr'><strong>καὶ¹</strong></span> <span class='ocrx_word' id='word_1_794' title='bbox 630 2565 686 2596; x_wconf 85' lang='grc' dir='ltr'>τοῖς</span> <span class='ocrx_word' id='word_1_795' title='bbox 706 2564 794 2599; x_wconf 86' lang='grc' dir='ltr'>φίλοις</span> <span class='ocrx_word' id='word_1_796' title='bbox 809 2564 864 2591; x_wconf 85' lang='grc' dir='ltr'><strong>τῶν</strong></span> 
     </span>
    </p>
   </div>
   <div class='ocr_carea' id='block_1_102' title="bbox 77 2608 864 2646">
    <p class='ocr_par' dir='ltr' id='par_1_102' title="bbox 77 2608 864 2646">
     <span class='ocr_line' id='line_1_102' title="bbox 77 2608 864 2646; baseline 0 -9"><span class='ocrx_word' id='word_1_797' title='bbox 186 2611 242 2637; x_wconf 85' lang='grc' dir='ltr'><strong>Καὶ</strong></span> <span class='ocrx_word' id='word_1_798' title='bbox 261 2611 303 2643; x_wconf 89' lang='grc' dir='ltr'><strong>τίς</strong></span> <span class='ocrx_word' id='word_1_799' title='bbox 327 2608 402 2643; x_wconf 76' lang='grc' dir='ltr'>οὗτός</span> <span class='ocrx_word' id='word_1_800' title='bbox 418 2612 492 2641; x_wconf 65' lang='grc' dir='ltr'>ἔστιν</span> <span class='ocrx_word' id='word_1_801' title='bbox 511 2613 526 2638; x_wconf 84' lang='grc' dir='ltr'>ὁ</span> <span class='ocrx_word' id='word_1_802' title='bbox 546 2611 621 2646; x_wconf 86' lang='grc' dir='ltr'>φίλος</span> <span class='ocrx_word' id='word_1_803' title='bbox 652 2610 700 2637; x_wconf 81' lang='grc' dir='ltr'><strong>τοῦ</strong></span> <span class='ocrx_word' id='word_1_804' title='bbox 724 2610 809 2644; x_wconf 82' lang='grc' dir='ltr'><strong>Θεοῦ;</strong></span> <span class='ocrx_word' id='word_1_805' title='bbox 827 2611 864 2637; x_wconf 86' lang='grc' dir='ltr'><strong>Σὺ</strong></span> 
     </span>
    </p>
   </div>
   <div class='ocr_carea' id='block_1_103' title="bbox 80 2656 865 2694">
    <p class='ocr_par' dir='ltr' id='par_1_103' title="bbox 80 2656 865 2694">
     <span class='ocr_line' id='line_1_103' title="bbox 80 2656 865 2694; baseline -0.001 -11"><span class='ocrx_word' id='word_1_806' title='bbox 80 2658 129 2693; x_wconf 77' lang='grc' dir='ltr'>μὲν</span> <span class='ocrx_word' id='word_1_807' title='bbox 159 2656 196 2692; x_wconf 86' lang='grc' dir='ltr'>μὴ</span> <span class='ocrx_word' id='word_1_808' title='bbox 225 2658 301 2693; x_wconf 87' lang='grc' dir='ltr'>κρῖνε</span> <span class='ocrx_word' id='word_1_809' title='bbox 319 2657 361 2689; x_wconf 89' lang='grc' dir='ltr'><strong>τίς</strong></span> <span class='ocrx_word' id='word_1_810' title='bbox 388 2657 462 2690; x_wconf 77' lang='grc' dir='ltr'>ἄξιος</span> <span class='ocrx_word' id='word_1_811' title='bbox 483 2657 560 2693; x_wconf 84' lang='grc' dir='ltr'>ῆτίς</span> <span class='ocrx_word' id='word_1_812' title='bbox 584 2657 709 2690; x_wconf 80' lang='grc' dir='ltr'>ἀνάξιος·</span> <span class='ocrx_word' id='word_1_813' title='bbox 728 2657 865 2694; x_wconf 76' lang='grc' dir='ltr'>ἐνδέχεται</span> 
     </span>
    </p>
   </div>
   <div class='ocr_carea' id='block_1_104' title="bbox 949 2513 1708 2549">
    <p class='ocr_par' dir='ltr' id='par_1_104' title="bbox 949 2513 1708 2549">
     <span class='ocr_line' id='line_1_104' title="bbox 949 2513 1708 2549; baseline 0 -7"><span class='ocrx_word' id='word_1_814' title='bbox 949 2514 1071 2542; x_wconf 80' lang='lat' dir='ltr'><strong>XXXIII.</strong></span> <span class='ocrx_word' id='word_1_815' title='bbox 1085 2515 1210 2548; x_wconf 88' lang='lat' dir='ltr'><strong>Quonam</strong></span> <span class='ocrx_word' id='word_1_816' title='bbox 1227 2514 1310 2549; x_wconf 72' lang='lat' dir='ltr'><strong>igitur</strong></span> <span class='ocrx_word' id='word_1_817' title='bbox 1324 2514 1404 2542; x_wconf 89' lang='lat' dir='ltr'><strong>modo</strong></span> <span class='ocrx_word' id='word_1_818' title='bbox 1420 2513 1501 2541; x_wconf 93' lang='lat' dir='ltr'><strong>homo</strong></span> <span class='ocrx_word' id='word_1_819' title='bbox 1515 2513 1574 2541; x_wconf 67' lang='lat' dir='ltr'><strong>haec</strong></span> <span class='ocrx_word' id='word_1_820' title='bbox 1590 2513 1708 2542; x_wconf 79' lang='lat' dir='ltr'><strong>tribuit?</strong></span> 
     </span>
    </p>
   </div>
   <div class='ocr_carea' id='block_1_105' title="bbox 915 2553 1707 2593">
    <p class='ocr_par' dir='ltr' id='par_1_105' title="bbox 915 2553 1707 2593">
     <span class='ocr_line' id='line_1_105' title="bbox 915 2553 1707 2593; baseline -0.004 -3"><span class='ocrx_word' id='word_1_821' title='bbox 915 2563 989 2590; x_wconf 92' lang='lat' dir='ltr'><strong>Dabo</strong></span> <span class='ocrx_word' id='word_1_822' title='bbox 1005 2553 1078 2590; x_wconf 84' lang='lat' dir='ltr'><strong>enim</strong></span> <span class='ocrx_word' id='word_1_823' title='bbox 1093 2570 1147 2589; x_wconf 93' lang='lat' dir='ltr'><strong>non</strong></span> <span class='ocrx_word' id='word_1_824' title='bbox 1164 2562 1254 2589; x_wconf 87' lang='lat' dir='ltr'><strong>solum</strong></span> <span class='ocrx_word' id='word_1_825' title='bbox 1269 2561 1376 2593; x_wconf 90' lang='lat' dir='ltr'><strong>amicis,</strong></span> <span class='ocrx_word' id='word_1_826' title='bbox 1392 2568 1488 2588; x_wconf 89' lang='lat' dir='ltr'><strong>verum</strong></span> <span class='ocrx_word' id='word_1_827' title='bbox 1511 2561 1593 2587; x_wconf 88' lang='lat' dir='ltr'><strong>etiam</strong></span> <span class='ocrx_word' id='word_1_828' title='bbox 1610 2561 1707 2587; x_wconf 86' lang='lat' dir='ltr'><strong>amicis</strong></span> 
     </span>
    </p>
   </div>
   <div class='ocr_carea' id='block_1_106' title="bbox 914 2607 1707 2643">
    <p class='ocr_par' dir='ltr' id='par_1_106' title="bbox 914 2607 1707 2643">
     <span class='ocr_line' id='line_1_106' title="bbox 914 2607 1707 2643; baseline -0.003 -7"><span class='ocrx_word' id='word_1_829' title='bbox 914 2610 1077 2636; x_wconf 89' lang='lat' dir='ltr'><strong>amicorum.</strong></span> <span class='ocrx_word' id='word_1_830' title='bbox 1095 2607 1262 2643; x_wconf 86' lang='lat' dir='ltr'><strong>Ecquisnam</strong></span> <span class='ocrx_word' id='word_1_831' title='bbox 1279 2615 1346 2635; x_wconf 88' lang='lat' dir='ltr'><strong>vero</strong></span> <span class='ocrx_word' id='word_1_832' title='bbox 1371 2607 1416 2634; x_wconf 87' lang='lat' dir='ltr'><strong>hic</strong></span> <span class='ocrx_word' id='word_1_833' title='bbox 1444 2611 1487 2635; x_wconf 90' lang='lat' dir='ltr'><strong>est</strong></span> <span class='ocrx_word' id='word_1_834' title='bbox 1515 2607 1563 2635; x_wconf 89' lang='lat' dir='ltr'><strong>Dei</strong></span> <span class='ocrx_word' id='word_1_835' title='bbox 1580 2607 1707 2634; x_wconf 78' lang='lat' dir='ltr'><strong>amicus?</strong></span> 
     </span>
    </p>
   </div>
   <div class='ocr_carea' id='block_1_107' title="bbox 915 2653 1705 2691">
    <p class='ocr_par' dir='ltr' id='par_1_107' title="bbox 915 2653 1705 2691">
     <span class='ocr_line' id='line_1_107' title="bbox 915 2653 1705 2691; baseline -0.004 -8"><span class='ocrx_word' id='word_1_836' title='bbox 915 2655 957 2683; x_wconf 91' lang='lat' dir='ltr'><strong>Tu</strong></span> <span class='ocrx_word' id='word_1_837' title='bbox 974 2655 1084 2691; x_wconf 89' lang='lat' dir='ltr'><strong>quidem</strong></span> <span class='ocrx_word' id='word_1_838' title='bbox 1106 2654 1161 2683; x_wconf 89' lang='lat' dir='ltr'><strong>noli</strong></span> <span class='ocrx_word' id='word_1_839' title='bbox 1175 2653 1303 2689; x_wconf 83' lang='lat' dir='ltr'><strong>judicare</strong></span> <span class='ocrx_word' id='word_1_840' title='bbox 1318 2654 1381 2690; x_wconf 89' lang='lat' dir='ltr'><strong>quis</strong></span> <span class='ocrx_word' id='word_1_841' title='bbox 1396 2654 1496 2689; x_wconf 79' lang='lat' dir='ltr'><strong>dignus</strong></span> <span class='ocrx_word' id='word_1_842' title='bbox 1512 2657 1561 2689; x_wconf 72' lang='lat' dir='ltr'><strong>aut</strong></span> <span class='ocrx_word' id='word_1_843' title='bbox 1571 2653 1705 2690; x_wconf 61' lang='lat' dir='ltr'><strong>indignus</strong></span> 
     </span>
    </p>
   </div>
   <div class='ocr_carea' id='block_1_108' title="bbox 115 2741 867 2780">
    <p class='ocr_par' dir='ltr' id='par_1_108' title="bbox 115 2743 867 2780">
     <span class='ocr_line' id='line_1_108' title="bbox 115 2743 867 2780; baseline 0.004 -11"><span class='ocrx_word' id='word_1_844' title='bbox 115 2743 195 2780; x_wconf 18' lang='lat' dir='ltr'><strong>iiiP.</strong></span> <span class='ocrx_word' id='word_1_845' title='bbox 217 2744 269 2780; x_wconf 71' lang='lat' dir='ltr'><strong>9H</strong></span> <span class='ocrx_word' id='word_1_846' title='bbox 288 2744 343 2773; x_wconf 76' lang='grc' dir='ltr'><strong>ΕΙ).</strong></span> <span class='ocrx_word' id='word_1_847' title='bbox 363 2744 513 2773; x_wconf 82' lang='lat' dir='ltr'><strong>POTTER.</strong></span> <span class='ocrx_word' id='word_1_848' title='bbox 536 2752 549 2766; x_wconf 79' lang='grc' dir='ltr'><strong>ιι</strong></span> <span class='ocrx_word' id='word_1_849' title='bbox 572 2745 667 2774; x_wconf 84' lang='lat' dir='ltr'><strong>Matth.</strong></span> <span class='ocrx_word' id='word_1_850' title='bbox 687 2753 715 2780; x_wconf 68' lang='grc' dir='ltr'>Χ,</span> <span class='ocrx_word' id='word_1_851' title='bbox 732 2746 777 2774; x_wconf 73' lang='grc'><strong>41.</strong></span> <span class='ocrx_word' id='word_1_852' title='bbox 815 2746 829 2766; x_wconf 73' lang='grc' dir='ltr'>ιι</span> <span class='ocrx_word' id='word_1_853' title='bbox 849 2745 867 2772; x_wconf 87' lang='lat' dir='ltr'><strong>L</strong></span> 
     </span>
    </p>
   </div>
   <div class='ocr_carea' id='block_1_109' title="bbox 922 2741 1705 2780">
    <p class='ocr_par' dir='ltr' id='par_1_109' title="bbox 931 2741 1705 2778">
     <span class='ocr_line' id='line_1_109' title="bbox 931 2741 1705 2778; baseline -0.003 -6"><span class='ocrx_word' id='word_1_854' title='bbox 931 2752 987 2778; x_wconf 79' lang='lat' dir='ltr'><strong>xvi,</strong></span> <span class='ocrx_word' id='word_1_855' title='bbox 1004 2744 1032 2772; x_wconf 90' lang='lat'><strong>9.</strong></span> <span class='ocrx_word' id='word_1_856' title='bbox 1070 2749 1082 2764; x_wconf 64' lang='grc' dir='ltr'><strong>ε</strong></span> <span class='ocrx_word' id='word_1_857' title='bbox 1103 2743 1126 2772; x_wconf 91' lang='lat' dir='ltr'><strong>II</strong></span> <span class='ocrx_word' id='word_1_858' title='bbox 1143 2744 1208 2773; x_wconf 88' lang='lat' dir='ltr'><strong>Cor.</strong></span> <span class='ocrx_word' id='word_1_859' title='bbox 1227 2753 1265 2778; x_wconf 78' lang='lat' dir='ltr'><strong>lx,</strong></span> <span class='ocrx_word' id='word_1_860' title='bbox 1282 2744 1307 2771; x_wconf 87' lang='lat'><strong>7.</strong></span> <span class='ocrx_word' id='word_1_861' title='bbox 1345 2744 1358 2764; x_wconf 74' lang='grc' dir='ltr'><strong>ἀ</strong></span> <span class='ocrx_word' id='word_1_862' title='bbox 1378 2744 1444 2772; x_wconf 90' lang='lat' dir='ltr'><strong>Luc.</strong></span> <span class='ocrx_word' id='word_1_863' title='bbox 1459 2752 1496 2778; x_wconf 84' lang='lat' dir='ltr'><strong>vr,</strong></span> <span class='ocrx_word' id='word_1_864' title='bbox 1510 2744 1555 2772; x_wconf 81' lang='lat'><strong>’50.</strong></span> <span class='ocrx_word' id='word_1_865' title='bbox 1602 2748 1615 2763; x_wconf 78' lang='grc' dir='ltr'><strong>ο</strong></span> <span class='ocrx_word' id='word_1_866' title='bbox 1635 2741 1705 2773; x_wconf 84' lang='lat' dir='ltr'><strong>Luc.</strong></span> 
     </span>
    </p>
   </div>
   <div class='ocr_carea' id='block_1_110' title="bbox 79 2779 448 2814">
    <p class='ocr_par' dir='ltr' id='par_1_110' title="bbox 79 2779 448 2814">
     <span class='ocr_line' id='line_1_110' title="bbox 79 2779 448 2814; baseline 0 -7"><span class='ocrx_word' id='word_1_867' title='bbox 79 2787 135 2811; x_wconf 77' lang='lat' dir='ltr'><strong>xrt.</strong></span> <span class='ocrx_word' id='word_1_868' title='bbox 151 2779 167 2806; x_wconf 88' lang='lat'><strong><em>9</em></strong></span> <span class='ocrx_word' id='word_1_869' title='bbox 218 2779 229 2799; x_wconf 70' lang='grc' dir='ltr'><strong>ί</strong></span> <span class='ocrx_word' id='word_1_870' title='bbox 249 2779 345 2809; x_wconf 78' lang='lat' dir='ltr'><strong>Matth.</strong></span> <span class='ocrx_word' id='word_1_871' title='bbox 362 2789 391 2814; x_wconf 67' lang='grc' dir='ltr'>Χ,</span> <span class='ocrx_word' id='word_1_872' title='bbox 404 2781 448 2808; x_wconf 60' lang='grc' dir='ltr'>Ἠ.</span> 
     </span>
    </p>
   </div>
   <div class='ocr_carea' id='block_1_111' title="bbox 115 2855 679 2894">
    <p class='ocr_par' dir='ltr' id='par_1_111' title="bbox 115 2855 679 2894">
     <span class='ocr_line' id='line_1_111' title="bbox 115 2855 679 2894; baseline 0.005 -11"><span class='ocrx_word' id='word_1_873' title='bbox 115 2855 204 2894; x_wconf 55' lang='grc' dir='ltr'><strong>(ξῼτὸ)</strong></span> <span class='ocrx_word' id='word_1_874' title='bbox 224 2857 296 2894; x_wconf 64' lang='grc' dir='ltr'><strong>Ἵναἶ</strong></span> <span class='ocrx_word' id='word_1_875' title='bbox 311 2857 361 2894; x_wconf 66' lang='lat' dir='ltr'><strong>his.</strong></span> <span class='ocrx_word' id='word_1_876' title='bbox 376 2858 456 2886; x_wconf 83' lang='lat' dir='ltr'><strong>habet</strong></span> <span class='ocrx_word' id='word_1_877' title='bbox 470 2859 518 2894; x_wconf 22' lang='lat' dir='ltr'><strong>illa,</strong></span> <span class='ocrx_word' id='word_1_878' title='bbox 531 2859 578 2894; x_wconf 85' lang='grc' dir='ltr'>μή.</span> <span class='ocrx_word' id='word_1_879' title='bbox 598 2858 679 2886; x_wconf 71' lang='grc' dir='ltr'>Γειι..</span> 
     </span>
    </p>
   </div>
   <div class='ocr_carea' id='block_1_112' title="bbox 116 2891 580 2928">
    <p class='ocr_par' dir='ltr' id='par_1_112' title="bbox 116 2891 580 2928">
     <span class='ocr_line' id='line_1_112' title="bbox 116 2891 580 2928; baseline 0.002 -7"><span class='ocrx_word' id='word_1_880' title='bbox 116 2891 172 2928; x_wconf 68' lang='grc'><strong>(34)</strong></span> <span class='ocrx_word' id='word_1_881' title='bbox 194 2893 308 2928; x_wconf 76' lang='grc' dir='ltr'>Ἀγαθῆ.</span> <span class='ocrx_word' id='word_1_882' title='bbox 325 2892 386 2927; x_wconf 68' lang='grc' dir='ltr'>ΜΞ..</span> <span class='ocrx_word' id='word_1_883' title='bbox 403 2894 481 2923; x_wconf 79' lang='grc' dir='ltr'>καθά.</span> <span class='ocrx_word' id='word_1_884' title='bbox 499 2891 580 2922; x_wconf 65' lang='lat' dir='ltr'><strong>Fati.</strong></span> 
     </span>
    </p>
   </div>
   <div class='ocr_carea' id='block_1_113' title="bbox 1028 2856 1530 2892">
    <p class='ocr_par' dir='ltr' id='par_1_113' title="bbox 1028 2856 1530 2892">
     <span class='ocr_line' id='line_1_113' title="bbox 1028 2856 1530 2892; baseline 0 -8"><span class='ocrx_word' id='word_1_885' title='bbox 1028 2858 1211 2891; x_wconf 77' lang='grc' dir='ltr'>Τελειότητα.</span> <span class='ocrx_word' id='word_1_886' title='bbox 1226 2857 1289 2889; x_wconf 85' lang='lat' dir='ltr'><strong>Ms.,</strong></span> <span class='ocrx_word' id='word_1_887' title='bbox 1303 2857 1434 2892; x_wconf 35' lang='grc' dir='ltr'>θεότητα,</span> <span class='ocrx_word' id='word_1_888' title='bbox 1444 2856 1530 2884; x_wconf 74' lang='grc' dir='ltr'>Ρειι...</span> 
     </span>
    </p>
   </div>
   <div class='ocr_carea' id='block_1_114' title="bbox 964 2857 996 2872">
    <p class='ocr_par' dir='ltr' id='par_1_114' title="bbox 964 2857 996 2872">
     <span class='ocr_line' id='line_1_114' title="bbox 964 2857 996 2872; baseline 0 0"><span class='ocrx_word' id='word_1_889' title='bbox 964 2857 996 2872; x_wconf 63' lang='lat' dir='ltr'><strong>7J1</strong></span> 
     </span>
    </p>
   </div>
   <div class='ocr_carea' id='block_1_115' title="bbox 952 2856 1510 2929">
    <p class='ocr_par' dir='ltr' id='par_1_115' title="bbox 952 2856 1510 2929">
     <span class='ocr_line' id='line_1_115' title="bbox 952 2856 1510 2929; baseline -0.004 -45"><span class='ocrx_word' id='word_1_890' title='bbox 952 2856 1008 2929; x_wconf 52' lang='lat'><strong>(55;</strong></span> <span class='ocrx_word' id='word_1_891' title='bbox 1028 2858 1211 2891; x_wconf 77' lang='grc' dir='ltr'>Τελειότητα.</span> <span class='ocrx_word' id='word_1_892' title='bbox 1226 2857 1289 2889; x_wconf 85' lang='lat' dir='ltr'><strong>Ms.,</strong></span> <span class='ocrx_word' id='word_1_893' title='bbox 1303 2857 1426 2892; x_wconf 80' lang='grc' dir='ltr'>θεότητα.</span> <span class='ocrx_word' id='word_1_894' title='bbox 1444 2856 1510 2883; x_wconf 73' lang='grc' dir='ltr'>Ρειι</span> 
     </span>
     <span class='ocr_line' id='line_1_116' title="bbox 952 2891 1510 2929; baseline -0.002 -10"><span class='ocrx_word' id='word_1_895' title='bbox 952 2893 996 2929; x_wconf 77' lang='grc'><strong>(36</strong></span> <span class='ocrx_word' id='word_1_896' title='bbox 1025 2891 1088 2927; x_wconf 79' lang='grc' dir='ltr'><strong>Γῆν</strong></span> <span class='ocrx_word' id='word_1_897' title='bbox 1101 2892 1186 2928; x_wconf 68' lang='grc' dir='ltr'>ὅλην.</span> <span class='ocrx_word' id='word_1_898' title='bbox 1202 2893 1264 2927; x_wconf 86' lang='lat' dir='ltr'><strong>Ms.,</strong></span> <span class='ocrx_word' id='word_1_899' title='bbox 1276 2893 1324 2928; x_wconf 86' lang='grc' dir='ltr'>τὴν</span> <span class='ocrx_word' id='word_1_900' title='bbox 1338 2892 1409 2928; x_wconf 74' lang='grc' dir='ltr'>ὅλην.</span> <span class='ocrx_word' id='word_1_901' title='bbox 1428 2891 1510 2919; x_wconf 76' lang='lat' dir='ltr'><strong>FELL.</strong></span> 
     </span>
    </p>
   </div>
   <div class='ocr_carea' id='block_1_116' title="bbox 951 2893 996 2929">
    <p class='ocr_par' dir='ltr' id='par_1_116' title="bbox 951 2893 996 2929">
     <span class='ocr_line' id='line_1_117' title="bbox 951 2893 996 2929; baseline -0.022 -10"><span class='ocrx_word' id='word_1_902' title='bbox 951 2893 996 2929; x_wconf 77' lang='grc'><strong>(36</strong></span> 
     </span>
    </p>
   </div>
   <div class='ocr_carea' id='block_1_117' title="bbox 1748 182 1756 207">
    <p class='ocr_par' dir='ltr' id='par_1_117' title="bbox 1748 182 1756 207">
     <span class='ocr_line' id='line_1_118' title="bbox 1748 182 1756 207; baseline 0 0"><span class='ocrx_word' id='word_1_903' title='bbox 1748 182 1756 207; x_wconf 73' lang='grc' dir='ltr'><strong>ί</strong></span> 
     </span>
    </p>
   </div>
  </div>
