1934 3075
220 143 274 172 859

802 141 995 170 CLEMENTIS
1013 141 1245 169 ALEXANDRINI

1792 139 1843 167 ϐυ)

221 208 273 236 sit;
292 202 350 230 ﬂeri
369 203 441 231 enim
457 207 548 238 potest
564 206 594 231 ut
610 203 739 238 opinione
754 207 800 230 tua
815 211 908 231 errore
932 203 1005 230 laba-

1068 203 1114 238 γάρ
1132 211 1160 229 σε
1185 203 1346 238 διαμαρτεῖν
1362 201 1424 241 περλ
1441 200 1488 236 τὴν
1497 200 1584 232 δόξαν.
1605 200 1650 230 Ὡς
1662 199 1693 225 ὲν
1704 197 1844 233 ἀμφιϐόλῳ

221 249 271 276 ris.
289 247 335 275 Sic
348 256 414 276 vero
427 248 454 275 in
472 248 585 283 proclivi
602 256 664 275 cum
681 249 716 276 sit
727 256 814 280 error,
833 249 930 276 melius
944 250 1006 280 erit,

222 298 253 321 ut
270 298 298 322 et
313 293 433 329 indignis
447 293 605 322 benefacias
623 299 733 329 propter
750 295 858 330 dignos,
878 303 960 330 quam
979 299 1008 322 ut

223 341 289 368 dum
311 347 392 368 caves
414 339 553 375 indignos,
569 348 604 368 ne
620 341 647 367 in
663 348 711 368 eos
728 341 838 376 quidem
866 341 913 376 qui
940 342 1009 370 bene

223 389 374 417 merentur,
391 385 507 413 incidas.
524 385 592 413 Dum
609 386 681 414 enim
704 387 790 413 nimia
806 387 933 414 cautione
950 391 1010 415 ute-

224 431 274 462 ris,
288 431 444 465 viderisque
460 432 576 466 probare
592 432 702 466 quinam
719 433 818 460 merito
831 441 917 460 necne
930 441 1009 460 acce-

223 478 297 512 pturi
315 477 379 509 sint,
396 477 531 512 contingit
545 482 574 505 ut
591 477 638 506 Dei
653 479 757 507 amicos
773 479 864 506 colere
878 480 1009 515 negligas;

225 523 304 557 cujus
327 523 465 558 neglectus
478 529 579 559 gpmna,
597 529 728 552 aeternum
756 525 827 560 ignis
846 527 1010 561 supplicium

223 569 340 598 exsistit.
353 569 432 602 Quod
448 578 514 598 vero
528 571 656 598 omnibus
667 571 715 606 qui
730 571 868 607 indigeant
881 572 1010 607 deinceps

223 615 355 649 pratheas,
371 624 483 644 necesse
508 616 621 644 omnino
638 618 720 644 etiam
737 618 856 652 aliquem
876 618 1010 650 nancisci,

223 661 271 695 qui
299 661 372 696 apud
400 661 487 689 Deum
514 663 629 690 salutem
645 663 793 691 conciliare
813 668 906 698 queat.
927 674 936 690 ι
951 663 1011 692 Noli

224 706 318 742 itaque
342 707 478 742 judicare,
496 712 526 735 ut
554 715 610 735 non
635 709 767 744 judiceris
785 719 792 737 :
807 717 860 744 qua
884 718 1012 738 mensura

224 760 338 782 mensus
349 753 446 786 fueris,
456 755 617 782 remetietur
631 755 690 783 tibi.
710 755 835 784 Mensura
850 757 932 788 bona,
944 764 1011 784 con-

224 797 294 826 Ierta
310 803 338 826 et
354 800 501 835 coagitata,
522 804 549 828 et
565 801 736 836 superﬂuens
755 802 883 830 reddetur
897 803 944 830 tibi
956 809 980 830 ι.
998 812 1008 828 ι

224 843 338 872 Cunctis
350 845 424 879 aperi
439 845 558 877 viscera,
574 847 620 881 qui
633 846 678 874 Dei
690 847 886 882 discipulorum
899 855 1013 876 numero

224 890 339 925 ascripti
364 891 437 923 sint,
455 900 510 919 non
528 892 670 920 fastidiose
696 894 829 928 conjectis
855 894 883 920 in
908 902 1009 929 corpus
1027 880 1048 909 Β

225 936 324 968 oculis,
349 944 399 964 nec
418 937 456 964 ita
473 941 502 964 ut
518 945 567 972 pro
587 941 668 965 aetate
696 943 743 966 aut
768 943 872 967 statura
898 940 1012 975 orisque

225 982 425 1016 compositione
453 985 597 1019 neglectim
620 992 781 1020 quemquam
813 986 952 1014 habueris.
982 985 1011 1014 Si

226 1028 415 1063 quisdenique
437 1036 551 1064 egenus,
565 1038 716 1065 pannosus,
742 1032 883 1064 delormis,
913 1033 1013 1060 debilis

226 1072 363 1106 videatur,
381 1082 414 1102 ne
428 1075 532 1103 idcirco
546 1076 638 1111 inique
653 1076 726 1104 feras
737 1081 784 1104 aut
799 1078 945 1106 averseris.
959 1078 1013 1105 Ha-

225 1117 299 1146 bitus
323 1119 367 1147 hic
389 1121 468 1148 nobis
495 1122 617 1150 exterius
638 1122 777 1150 adhibitus
802 1127 855 1155 est,
872 1124 959 1151 nostri
983 1124 1012 1151 in

227 1164 361 1193 mundum
371 1166 513 1201 ingressus
527 1169 647 1201 occasio,
667 1173 696 1196 ut
713 1169 740 1196 in
755 1177 926 1197 communem
942 1170 1013 1197 hanc

227 1211 349 1239 scholam
365 1213 468 1248 ingredi
483 1222 642 1248 possemus;
659 1216 706 1243 sed
727 1216 801 1244 intus
817 1216 949 1243 inhabitat
965 1217 1012 1252 qui

1060 249 1088 275 δὲ
1102 249 1152 283 τῆς
1170 248 1288 282 ἀγνοίας,
1303 247 1414 283 ἄμεινον
1432 247 1478 274 καὶ
1492 247 1555 278 τοὺς
1570 245 1699 278 ἀναξίους
1716 241 1745 270 εὖ
1760 245 1844 270 ποιεῖν

1059 295 1102 322 διὰ
1127 297 1190 325 τοὺς
1209 293 1315 327 ἀξίους,
1333 294 1349 328 ἢ
1365 293 1564 328 φυλασσόμενος
1587 291 1651 323 τοὺς
1667 287 1753 326 ἧσσον
1776 289 1845 323 ἀγα-

1060 341 1134 374 θοὺς,
1153 341 1220 376 μηδὲ
1239 342 1295 372 τοῖς
1311 339 1463 370 σπουδαίοις
1476 338 1643 374 περιπεσεῖν.
1663 337 1712 362 Ἐκ
1727 336 1776 371 μὲν
1790 335 1845 371 γὰρ

1060 387 1107 414 τοῦ
1126 386 1275 421 φείδεσθαι,
1303 385 1350 412 καὶ
1368 383 1574 420 προσποιεῖσθαι
1597 381 1755 417 δοκιμάζειν
1780 382 1842 414 τοὺς

1062 433 1181 466 εὐλόγως
1197 431 1214 467 ἢ
1231 431 1267 467 μὴ
1291 431 1478 466 τευξομένους,
1491 429 1626 465 ἐνδέχεταί
1649 437 1679 455 σε
1697 428 1746 455 καὶ
1762 428 1846 462 θεοφι-

1060 479 1114 506 λῶν
1138 478 1273 514 ἀμελῆσαι
1297 478 1384 513 τιμῶν
1400 477 1471 513 (37)”
1486 473 1517 503 οὗ
1541 476 1572 502 τὺ
1586 475 1721 510 ἐπιτίμιον
1737 474 1846 506 κόλασις

1061 525 1185 560 ἔμπυρος
1200 524 1318 555 αἰώνιοςο
1333 525 1366 550 ὲκ
1391 523 1419 550 δὲ
1436 522 1484 549 τοῦ
1508 521 1651 558 προΐεσθαι
1674 522 1759 547 πᾶσιν
1783 520 1847 554 ἑξῆς

1061 573 1117 603 τοῖς
1132 571 1287 607 χρῄζουσιν,
1303 570 1408 606 ἀνάγκη
1428 570 1536 600 πάντως
1552 569 1642 604 εὑρεῖν
1657 576 1718 594 τινα
1734 567 1781 594 καὶ
1794 566 1847 593 τῶν

1063 617 1149 644 σῶσαι
1164 617 1239 653 παρὰ
1254 617 1315 652 Θεῷ
1331 616 1497 652 δυναμένων.
1519 625 1528 641 ι
1539 615 1584 650 Μὴ
1601 615 1676 650 κρῖνε
1691 613 1793 645 τοίνυν,
1804 612 1849 638 ἵνα

1065 663 1102 699 μὴ
1119 664 1229 700 κριθῇς·
1244 660 1266 697 ᾧ
1282 664 1372 698 μέτρῳ
1390 664 1511 698 μετρεῖς,
1526 661 1614 696 τούτῳ
1627 660 1675 687 καὶ
1687 660 1849 694 ἀντιμετρη-

1063 710 1175 746 θήσεται
1199 718 1251 738 σοι.
1269 709 1376 745 Μέτρον
1393 709 1484 741 καλὸν,
1498 707 1679 742 πεπιεσμένον
1695 705 1743 732 καὶ
1767 713 1847 731 σεσα-

1062 757 1203 793 λευμένον,
1216 756 1464 792 ὑπερεκχυνόμενον
1484 753 1678 788 ἀποδοθήσεται
1694 760 1746 778 σοι.
1763 761 1772 777 ι
1791 751 1850 776 Πεῖ-

1064 812 1106 830 σιν
1132 803 1235 836 ἄνοιξον
1257 802 1292 829 τὰ
1318 802 1459 837 σπλάγχνα
1482 802 1538 833 τοῖς
1559 799 1606 827 τοῦ
1627 798 1695 826 Θεοῦ
1714 797 1850 833 μαθηταῖς

1065 849 1341 886 ὰπογεγραμμένοις·
1363 848 1401 884 μὴ
1423 848 1492 883 πρὸς
1517 846 1597 882 σῶμα
1621 844 1725 872 ἀπιδὼν
1755 844 1851 878 ὑπερο-

1064 897 1148 928 πτῶς,
1166 896 1202 932 μὴ
1217 896 1285 932 πρὸς
1297 895 1403 931 ἡλικίαν
1417 893 1525 929 ἀμελῶς
1538 891 1680 935 διατεθείς.
1696 890 1769 926 liii-‘6‘
1777 889 1852 920 εἴτις

1064 943 1195 978 ἀκτήμων
1209 942 1226 977 ἢ
1241 940 1364 976 δυσειδὴς
1373 941 1390 976 ἢ
1408 939 1523 975 ἀσθενὴς
1536 940 1673 972 φαίνεται,
1689 938 1761 973 πρὸς
1772 936 1851 963 τοῦτο

1064 990 1097 1024 τῇ
1123 989 1195 1023 ψυχῇ
1213 987 1380 1023 δυσχεράνῃς
1401 987 1447 1013 καὶ
1463 986 1650 1021 ἀποστραφῇς.
1664 984 1766 1019 Σχῆμα
1779 982 1850 1008 τοῦτ’

1065 1034 1138 1060 ἐστιν
1164 1033 1263 1067 ἔξωθεν
1275 1034 1340 1068 ἡμῖν
1360 1031 1600 1067 περιϐεϐλημένον,
1616 1029 1668 1065 τῆς
1687 1030 1728 1060 εἰς
1750 1028 1851 1062 κόσμον

1066 1079 1184 1115 παρόδου
1201 1079 1347 1115 πρόφασις,
1364 1078 1408 1105 ἵνα
1423 1078 1463 1109 είς
1473 1077 1503 1104 τὺ
1514 1076 1601 1103 κοινὸν
1614 1074 1693 1101 τοῦτο
1707 1074 1853 1108 παιδευτὴ-

1067 1134 1123 1161 ριον
1139 1124 1267 1151 εἰσελθεῖν
1281 1123 1438 1159 δυνηθῶμεν
1447 1131 1454 1138 ⁸
1470 1122 1526 1149 ἀλλ’
1538 1121 1610 1148 ἔνδον
1621 1121 1637 1147 6
1650 1119 1773 1156 κρυπτὸς
1786 1119 1853 1145 ἐνοι-

1066 1171 1109 1196 κεῖ
1124 1169 1229 1205 Πατὴρ,
1244 1169 1291 1197 καὶ
1306 1169 1320 1195 6
1334 1167 1429 1195 τούτου
1450 1168 1528 1200 Παῖς,
1545 1168 1560 1194 6
1573 1166 1643 1202 ὑπὲρ
1657 1165 1738 1201 ἡμῶν
1752 1163 1854 1192 ἀποθα-

1066 1217 1129 1248 νὼν,
1142 1216 1190 1243 καὶ
1205 1215 1264 1251 μεθ’
1276 1215 1354 1250 ἡμῶν
1369 1214 1499 1246 ἀναστάς.

227 1259 404 1287 absconditus
420 1265 462 1288 est
479 1262 558 1289 Pater
568 1265 595 1289 et
607 1262 694 1290 Filius
710 1263 781 1298 ejus,
796 1264 843 1298 qui
859 1271 908 1298 pro
927 1264 1006 1292 nobis
1023 1267 1147 1292 mortuus
1158 1267 1210 1296 est,
1226 1267 1253 1291 et
1263 1263 1405 1290 nobiscum
1421 1260 1580 1290 resurrexit.

262 1317 383 1345 XXXIV.
401 1318 450 1346 llic
462 1319 571 1347 habitus
586 1320 673 1347 oculis
698 1321 820 1355 objectus
836 1327 951 1349 mortem
968 1321 1015 1349 de—

227 1364 295 1399 cipit
307 1368 334 1391 et
349 1365 486 1392 diabolum
501 1375 507 1393 :
520 1367 619 1401 quibus
633 1367 761 1394 nimirum
777 1367 891 1395 interior
903 1369 1016 1402 opulen-

227 1409 266 1436 tia
288 1408 382 1444 (decor
399 1410 515 1446 scilicet)
534 1411 674 1446 inaspeeta
700 1412 752 1446 sit;
768 1415 795 1439 et
814 1413 901 1439 circa'
915 1420 1015 1448 corpu-

229 1456 335 1483 sculum
352 1456 442 1484 furore
454 1457 600 1492 agitantur,
616 1462 646 1485 ut
662 1459 826 1486 imbecillum
839 1463 1017 1488 contemnen—

229 1505 282 1533 tes,
294 1501 341 1536 qui
367 1502 400 1529 ad
427 1502 572 1530 interiores
596 1503 735 1538 animique
760 1505 927 1532 contuendas
952 1512 1017 1540 opes

229 1548 294 1575 caeci
312 1548 384 1581 sint;
401 1556 455 1575 non
484 1549 665 1584 intelligentes
687 1555 819 1584 quantum
839 1550 1016 1578 «thesaurum

230 1593 259 1620 in
286 1597 408 1621 testaceo
432 1595 517 1621 vaseh
533 1604 542 1621 ι
567 1595 698 1627 feramus,
715 1595 762 1623 Dei
788 1595 878 1624 Patris
906 1597 1014 1629 virtute,

230 1638 334 1674 Deique
348 1639 411 1666 Filii
428 1641 572 1675 sanguine,
593 1649 699 1668 necnon
716 1641 835 1676 Spiritus
849 1643 937 1670 sancti
955 1650 1018 1670 rore

230 1687 440 1714 communitum.
455 1686 495 1714 Tu
512 1695 576 1715 vero
595 1696 661 1716 cave
676 1697 711 1716 ne
732 1689 890 1724 decipiaris,
908 1689 956 1724 qui
972 1697 1018 1716 ve—

229 1733 320 1761 ritatis
349 1737 458 1769 gustum
486 1734 602 1766 feceris,
635 1743 793 1770 magnaeque
822 1735 1018 1770 redemptionis

230 1780 320 1814 pretio
331 1780 430 1815 dignus
448 1780 556 1808 habitus
571 1780 609 1809 sis
622 1791 629 1808 :
645 1782 691 1809 sed
704 1785 799 1809 contra
814 1789 895 1816 quam
913 1781 1019 1809 faciunt

232 1825 331 1859 reliqui
350 1825 485 1857 homines,
497 1833 563 1861 coge
580 1826 630 1853 tibi
655 1826 805 1853 exercitum
823 1826 966 1857 inermem,
985 1825 1019 1852 ad

231 1871 303 1899 bella
319 1872 450 1906 ineptum.
467 1871 596 1899 fundendi
615 1872 757 1907 sanguinis
772 1872 906 1904 nescium,
921 1872 961 1898 ira
973 1879 1020 1898 va-

231 1918 574 1949 cuum,incontaminatum
585 1928 592 1951 ;
602 1926 681 1947 senes
691 1919 791 1953 pietate
804 1921 974 1954 pmstantes,
989 1920 1017 1949 ᾖ

231 1964 349 2000 pupillos
374 1965 508 2000 religiosis
539 1965 673 1997 moribus,
688 1965 788 1992 viduas
810 1964 1021 1992 mansuetudine

232 2011 393 2042 instructas,
410 2011 484 2038 viros
516 2011 650 2038 charitale
676 2014 800 2038 ornatos.
819 2010 901 2037 Tales
917 2009 1021 2037 divitiis

232 2057 298 2089 tuis,
317 2057 480 2093 corporique
497 2061 523 2085 et
545 2058 636 2084 animo
652 2057 700 2084 tibi
716 2064 782 2092 para
795 2056 935 2088 satellites,
951 2063 1021 2090 quou-

231 2111 293 2130 rum
312 2103 383 2131 Deus
400 2103 547 2137 imperator
561 2103 693 2135 exsistat;
715 2110 762 2137 per
778 2110 847 2136 quos
867 2102 925 2137 ipsa
938 2109 1022 2137 prope

232 2150 378 2186 mergenda
395 2151 473 2178 navis
485 2154 616 2185 emergat,
635 2157 716 2184 quam
731 2150 795 2176 solm
809 2150 897 2177 levent
912 2153 1022 2176 sancto-

232 2203 293 2223 rum
316 2204 429 2230 preces;
448 2195 599 2230 vigcnsque
623 2195 735 2222 morbus
758 2195 910 2227 edomctur,
936 2202 1015 2229 quem

1073 2193 1209 2229 προσϐολὴ
1249 2193 1353 2229 λῃστῶν
1385 2191 1574 2226 ἀφοπλίζεται,

232 2242 328 2277 fugent
343 2242 440 2269 crebro
458 2242 564 2277 injeetm
573 2249 687 2274 manus;
705 2249 736 2268 ac
753 2241 888 2268 latronum
902 2241 1020 2268 insultus

233 2288 347 2316 inermis
370 2288 425 2320 ﬁat,
444 2288 496 2322 piis
522 2287 650 2322 precibus
666 2287 884 2322 despoliantibus
901 2295 907 2320 ;
923 2286 1020 2320 visque

1104 1325 1163 1351 AA'.
1179 1323 1263 1350 Τοῦτο
1289 1322 1321 1349 τὺ
1345 1322 1437 1357 σχῆμα
1462 1321 1626 1356 βλεπόμενον
1660 1317 1784 1352 ἐξαπατᾷ
1806 1316 1853 1343 τὸν

1068 1372 1180 1400 θάνατον
1197 1371 1244 1398 καὶ
1269 1370 1315 1397 τὸν
1335 1369 1470 1396 διάϐολον·
1485 1369 1499 1395 ὁ
1514 1367 1568 1402 γὰρ
1584 1366 1658 1397 ἐντὸς
1685 1365 1807 1396 πλοῦτος,
1822 1363 1853 1390 τὸ

1068 1416 1176 1448 κάλλος,
1195 1415 1286 1446 αὐτοῖς
1302 1414 1415 1445 άθέατός
1431 1415 1502 1440 ἐστι·
1521 1412 1568 1439 καὶ
1585 1411 1727 1446 μαίνονται
1739 1410 1802 1445 περὶ
1820 1407 1853 1434 τὸ

1070 1462 1193 1500 σαρκίον,
1210 1459 1240 1489 οὗ
1266 1459 1480 1497 καταφρονοῦσιν
1496 1460 1533 1491 ὡς
1553 1457 1694 1490 ἀσθενοῦς,
1712 1457 1766 1484 τῶν
1782 1455 1853 1482 ἔνδον

1069 1508 1144 1540 ὄντες
1173 1506 1268 1542 τυφλολ¹
1299 1506 1446 1541 κτημάτων
1457 1513 1464 1520 ·
1478 1505 1529 1532 οὐκ
1547 1503 1725 1538 ἐπιστάμενοι
1742 1502 1854 1537 πηλίκον

1068 1554 1130 1581 τινὰ
1150 1562 1159 1579 ι
1172 1552 1308 1589 θησαυρὸν
1328 1553 1356 1578 ὲν
1370 1551 1522 1591 ὀστρακένῳ
1538 1549 1628 1576 σκεύει
1641 1559 1650 1574 ι
1669 1547 1851 1583 βαστάζομεν,

1067 1600 1181 1635 δυνάμει
1197 1598 1264 1626 Θεοῦ
1294 1597 1399 1633 Πατρδς
1424 1597 1471 1623 καὶ
1487 1596 1581 1632 αἵματι
1609 1594 1677 1621 Θεοῦ
1696 1594 1794 1625 Παιδὸς
1807 1593 1851 1619 καὶ

1068 1646 1156 1682 δρόσῳ
1182 1644 1340 1680 Πνεύματος
1367 1644 1444 1678 ἁγίου
1474 1640 1754 1678 περιτετειχισμένον.
1776 1639 1852 1666 Ἀλλὰ

1071 1692 1102 1718 σύ
1115 1700 1147 1726 γε
1166 1692 1203 1727 μὴ
1218 1690 1403 1726 ἐξαπατηθῇς,
1416 1690 1430 1716 6
1457 1688 1623 1724 γεγευμένος
1639 1687 1692 1722 τῆς
1716 1686 1852 1722 ἀληθείας,

1070 1739 1117 1765 καὶ
1131 1736 1334 1773 κατηξιωμένος
1347 1737 1395 1771 τῆς
1416 1735 1537 1770 μεγάλης
1551 1732 1712 1769 λυτρώσεως
1722 1741 1730 1747 ·
1747 1732 1814 1759 ἀλλὰ
1826 1732 1853 1758 τὸ

1070 1783 1190 1810 ἐναντίον
1209 1783 1266 1814 τοῖς
1287 1781 1376 1812 ἄλλοις
1396 1779 1549 1816 ἀνθρώποις
1580 1778 1686 1814 σεαυτῷ
1707 1778 1853 1810 κατάλεξον

1071 1829 1186 1865 στρατὸν
1211 1828 1321 1860 ἄοπλον,
1342 1827 1487 1862 ἀπόλεμον,
1514 1825 1692 1862 ἀναίμακτον,
1710 1825 1852 1860 ἀόργητον,

1071 1875 1212 1910 ἀμίαντον,
1238 1873 1367 1908 γέροντας
1388 1871 1533 1903 θεοσεϐεῖς,
1554 1871 1689 1906 ὀρφανοὺς
1714 1869 1854 1904 θεοφιλεῖς,

1071 1922 1158 1956 χήρας
1177 1919 1309 1956 πραότητι
1328 1918 1511 1954 ὠπλισμένας,
1527 1917 1626 1953 ἄνδρας
1642 1916 1740 1952 ἀγάπῃ
1764 1923 1856 1942 κεκοσρ

1072 1966 1220 2001 μημένους.
1238 1964 1382 1996 Τοιούτους
1408 1964 1508 1999 κτῆσαι
1538 1963 1578 1998 τῷ
1608 1962 1647 1998 σῷ
1676 1962 1787 1997 πλούτῳ
1812 1961 1856 1988 καὶ

1070 2011 1110 2046 τῷ
1128 2010 1244 2045 σώματι,
1262 2010 1309 2036 καὶ
1324 2010 1357 2044 τῇ
1372 2009 1444 2044 ψυχῇ
1462 2008 1635 2044 δορυφόρους,
1651 2004 1690 2034 ὧν
1711 2007 1857 2042 στρατηγεῖ

1072 2057 1146 2090 θεὸς,
1158 2057 1190 2083 δι’
1205 2055 1251 2088 οὓς
1267 2057 1313 2083 καὶ
1328 2055 1394 2087 ναῦς
1418 2054 1600 2090 βαπτιζομένη
1625 2053 1794 2088 κουφίζεται,
1812 2053 1856 2088 μό-

1072 2111 1130 2134 ναις
1141 2102 1227 2137 ἁγίων
1243 2102 1334 2137 εὐχαῖς
1347 2099 1551 2136 κυϐερνωμένη,
1567 2099 1615 2125 καὶ
1628 2099 1705 2130 νόσος
1719 2098 1856 2133 ἀκμάζου-

1075 2157 1108 2174 σα
1129 2147 1295 2183 δαμάζεται,
1316 2147 1416 2184 χειρῶν
1438 2145 1577 2177 ἐπιϐολαῖς
1606 2145 1778 2180 διωκομένη,
1813 2143 1857 2170 καὶ

1617 2191 1711 2225 εὐχαῖς
1736 2190 1856 2216 εὖσεόέσι

1074 2237 1268 2272 σκυλευομένη,
1299 2237 1346 2263 καὶ
1377 2236 1510 2271 δαιμόνων
1540 2235 1585 2270 βία
1612 2235 1755 2270 θραύεται,
1780 2242 1856 2270 προσ-

1074 2284 1195 2319 τάγμασι
1213 2281 1348 2314 συντόνοις
1362 2281 1528 2316 ὲλεγχομένη
1539 2282 1567 2307 ὲν
1584 2280 1684 2316 ἔργοις.

234 2340 372 2372 postremo
392 2336 544 2362 daunonum
563 2334 714 2370 frangatur,
733 2338 860 2361 contenta
877 2334 1068 2360 mandatorum
1085 2339 1167 2366 opera
1181 2338 1213 2358 ac
1229 2333 1325 2357 tenore
1341 2329 1413 2356 iners
1430 2327 1616 2363 comprobata.

269 2390 378 2418 XXXV.
404 2390 438 2418 lli
462 2399 557 2419 omnes
577 2392 677 2419 milites
698 2399 730 2418 ac
752 2391 879 2419 custodes
899 2391 1015 2418 strenui.

234 2435 320 2463 Nemo
336 2437 451 2468 otiosus,
467 2444 546 2463 nemo
563 2437 681 2464 inutilis.
698 2435 748 2464 llic
763 2436 875 2471 quidem
892 2444 907 2462 a
923 2435 977 2463 Deo
992 2439 1018 2462 te

236 2485 366 2517 tuamque
381 2483 495 2510 salutem
515 2482 665 2518 efﬂagitare
680 2486 786 2518 potest,
805 2482 850 2510 ille
865 2490 929 2509 vero
941 2482 1019 2509 labo-

237 2530 341 2555 rantem
358 2527 452 2561 solari;
468 2528 537 2555 alius
553 2528 689 2563 lacrymas
703 2531 729 2555 ει
743 2528 860 2561 geliiitus
874 2527 1020 2556 miserante

235 2574 335 2602 aﬂectu
360 2574 388 2602 in
410 2575 449 2602 tui
473 2575 588 2610 gratiam
607 2574 642 2601 ad
662 2575 852 2610 universorum
876 2574 1021 2602 Dominum

237 2620 368 2653 fundere,
388 2621 459 2648 alius
479 2621 619 2655 quidpiam
638 2628 750 2653 eorum,
767 2629 828 2656 qua:
851 2620 884 2647 ad
907 2621 1021 2648 salutem

237 2667 397 2695 conducunt
412 2667 521 2701 docere;
538 2666 608 2694 alter
628 2666 711 2694 libere
726 2667 872 2694 admonere
888 2674 919 2694 ac
933 2666 1022 2693 corri-

1105 2389 1166 2415 AE’.
1173 2384 1253 2414 Οὗτοι
1261 2387 1359 2418 πάντες
1367 2387 1391 2413 οἱ
1398 2385 1557 2422 στρατιῶται
1565 2385 1612 2411 καὶ
1619 2384 1739 2419 φύλακες
1747 2383 1856 2418 βέϐαιοι.

1072 2434 1164 2466 Οὐδεὶς
1179 2433 1272 2470 ἀργὸς,
1286 2433 1371 2464 οὐδεὶς
1383 2433 1499 2467 ἀχρεῖος.
1521 2432 1550 2457 Ὁ
1562 2431 1611 2466 μὲν
1621 2429 1817 2466 ἐξαιτήσασθαι
1831 2436 1856 2455 οἳ

1072 2480 1182 2507 δύναται
1204 2478 1279 2515 παρὰ
1293 2478 1372 2510 Θεοῦ,
1384 2479 1398 2504 6
1410 2478 1438 2504 δὲ
1446 2476 1695 2513 παραμυθήσασθαι
1711 2477 1856 2511 κάμνοντα,

1072 2527 1122 2554 ὁδὲ
1135 2526 1270 2562 δακρῦσαι
1284 2526 1330 2552 καὶ
1340 2525 1463 2558 στενάξαι
1474 2523 1625 2559 συμπαθῶς
1635 2523 1707 2558 ὑπὲρ
1728 2522 1776 2549 σοῦ
1794 2521 1856 2557 πρκ

1072 2573 1118 2600 τὸν
1134 2573 1235 2609 Κύριον
1251 2572 1305 2600 τῶν
1319 2571 1396 2604 ὅλων,
1413 2571 1427 2598 6
1446 2571 1474 2598 δὲ
1494 2570 1597 2602 διδάξαι
1613 2579 1639 2596 τι
1655 2570 1711 2595 τῶν
1728 2569 1797 2604 πρὸς
1811 2568 1856 2603 τὴν

1075 2619 1211 2656 σωτηρίαν
1227 2618 1380 2654 χρησίμων,
1401 2618 1415 2644 ὁ
1435 2617 1463 2643 δὲ
1485 2616 1644 2652 νουθετῆσαι
1663 2615 1734 2651 μετὰ
1753 2614 1855 2650 παρρη-

1075 2665 1151 2696 σίας,
1169 2666 1183 2691 6
1195 2664 1224 2691 δὲ
1238 2662 1437 2699 συμσουλεῦσαι
1456 2662 1513 2698 μετ’
1523 2661 1639 2694 εὐνοίας·
1658 2661 1758 2692 πάντες
1773 2658 1800 2686 δὲ
1818 2667 1850 2694 φιν

293 2770 323 2800 r14
343 2767 374 2794 Ρ.
395 2767 447 2795 945
467 2766 521 2794 ED.
542 2765 691 2795 POTTER.
731 2773 744 2788 ι
765 2765 859 2794 Matth.
878 2773 926 2799 vn,
952 2766 983 2800 l;
1004 2765 1015 2793 ι

1068 2787 1070 2792 .
1088 2773 1125 2799 vr,
1144 2765 1187 2793 58.
1226 2765 1240 2786 1³
1271 2763 1293 2792 ll
1307 2763 1372 2792 Cor.
1393 2770 1430 2797 Iv,
1445 2762 1470 2790 7.

276 2854 331 2890 (37)
349 2854 450 2894 Τιμῶν.
470 2854 564 2884 Scribe
576 2854 664 2882 τινῶν.
